1078 1781
288 116 179 22 Borgareståndet
480 118 53 16 1877.
557 118 28 16 24
597 117 62 21 April.
847 112 43 21 547

129 185 46 21 Den
197 185 22 21 af
238 186 50 20 herr
310 185 113 26 Björkstén
439 186 76 26 gjorda
531 186 139 26 anmärkning
686 186 39 21 har
740 187 65 20 redan
820 187 69 21 blifvit

59 214 90 25 bemött,
164 214 85 21 hvarför
265 215 40 20 den
321 215 45 20 icke
382 215 61 20 torde
459 214 93 27 förtjena
568 215 65 26 något
648 215 72 20 vidare
736 215 105 21 afseende.

128 271 62 21 Efter
206 271 86 21 härmed
307 271 92 21 afslutad
415 271 120 22 diskussion
551 271 124 21 framstälde
690 271 50 22 herr
755 271 57 22 vice
828 271 60 22 Tal-

59 306 114 15 mannen
192 299 31 22 till
240 299 90 22 Ståndet
345 299 92 27 följande

128 357 187 26 Proposition:
346 357 38 25 De,
401 363 44 14 som
462 357 72 21 direkt
549 357 50 26 vilja
614 357 113 26 godkänna
743 357 12 27 $
771 358 12 20 3
799 357 31 22 till
847 357 40 22 den

58 385 81 28 lydelse
161 385 105 22 ntskottet
288 385 33 21 för
343 386 47 25 $:en
411 385 102 26 förordat,
533 391 62 16 svara
608 386 31 26 ja;
658 386 73 21 vinner
747 385 39 27 nej,
803 387 84 20 komma

59 415 72 21 vidare
147 414 155 27 propositioner
318 416 32 19 att
366 414 118 27 uppställas
499 415 28 26 pä
542 415 69 26 grund
627 414 24 21 af
662 415 54 20 hvad
728 415 66 20 under
805 415 82 21 diskus-

59 444 72 21 sionen
147 443 107 26 förelupit.

128 499 33 22 Då
177 500 157 26 propositionen
350 499 129 22 besvarades
495 500 47 21 med
559 500 153 27 öfvervägande
726 500 28 27 ja,
766 500 120 21 förklarade

58 529 50 21 herr
131 529 57 21 vice
212 528 163 21 Talmannen
397 528 184 27 Borgareständet
604 529 62 21 hafva
688 531 52 18 utan
764 529 123 26 förändring

59 558 82 26 antagit
157 557 12 27 $
185 559 12 19 3
213 557 6 21 i
235 557 117 21 utskottets
365 557 141 21 betänkande.

127 614 41 21 Vid
189 614 94 21 härefter
300 614 66 21 skedd
382 614 151 27 föredragning
549 614 22 22 af
591 615 6 26 $
613 616 14 19 4
645 615 3 20 i
664 615 222 20 Ekonomiutskottets

59 643 141 26 betänkande,
217 643 44 21 blef
275 643 69 21 denna
358 643 12 26 $
386 645 51 19 utan
454 643 121 22 diskussion
591 643 23 21 af
628 643 90 22 Ständet
732 643 106 27 godkänd.

127 701 56 20 Herr
204 701 61 20 vice
286 700 175 21 Talmannen
485 701 99 26 föredrog
600 701 52 20 härä
667 700 11 27 $
694 702 12 20 5
722 700 6 21 i
741 699 145 22 betänkandet

57 729 40 21 och
112 729 103 27 begärdes
231 729 73 21 härvid
321 729 61 21 ordet
397 729 32 21 till
445 729 56 22 först
513 730 23 20 af

126 786 56 21 Herr
204 787 24 20 A.
249 786 168 26 Björkstén,
439 793 47 14 som
502 787 95 26 yttrade:
627 786 34 21 Då
676 786 69 21 denna
760 785 11 28 $
787 792 28 14 nu
830 785 54 22 före-

57 815 96 21 kommer
169 815 31 20 till
216 816 137 25 omröstning,
370 815 38 21 ber
420 815 37 26 jag
474 817 33 19 att
522 815 21 21 fä
553 821 95 20 upprepa
659 815 42 20 min
712 814 88 27 tidigare
811 814 74 27 gjorda

57 843 145 26 anmärkning,
226 845 32 19 att
280 850 24 14 ur
327 844 122 21 densamma
465 844 47 21 icke
529 843 93 28 tydligen
641 843 97 27 framgär,
752 843 34 21 för
800 842 86 22 hvilken

57 872 30 21 tid
110 871 39 22 och
172 872 33 21 till
228 872 80 21 hvilket
330 873 85 26 omfång
435 873 71 20 denna
521 872 80 21 dubbla
619 872 116 21 hundskatt
751 872 22 21 af
787 871 40 21 den
843 871 41 21 för-

55 900 89 27 sumlige
165 900 55 21 skall
239 901 88 21 betalas.
356 901 74 21 Skulle
445 901 71 21 denna
532 902 11 25 $
559 901 107 26 verkligen
682 901 62 20 vinna
760 906 25 15 en
801 900 24 21 sä
841 900 43 21 vid-

55 929 82 21 sträckt
157 929 103 27 tolkning,
276 931 32 19 att
324 929 39 22 den
379 929 125 27 försumlige
519 929 34 22 för
568 929 49 21 hela
632 930 37 20 sitt
684 929 24 21 lif
722 935 49 15 vore
793 930 91 25 tvungen

56 959 32 20 att
104 957 71 22 betala
191 964 25 15 en
232 957 66 22 sädan
309 958 60 27 plikt,
385 959 62 20 torde
464 959 37 20 det
519 959 34 20 väl
569 958 66 21 ocksä
650 957 52 22 böra
716 957 67 22 blifva
799 957 85 22 anteck-

57 987 51 20 nadt
123 987 6 20 i
145 986 146 27 prestbeviset,
307 989 33 19 att
355 987 41 21 han
412 987 60 26 löper
489 987 49 20 med
554 987 79 21 dubbel
648 987 123 20 hundskatt.

125 1043 56 22 Herr
204 1044 140 27 Procop6:
374 1043 33 22 Då
430 1044 37 21 det
490 1044 7 21 i
520 1043 67 22 första
608 1044 47 26 $:en
678 1043 66 27 heter,
760 1046 32 19 att
813 1043 72 22 man
872 1039 17 36 i

55 1073 55 26 ärlig
133 1073 59 20 skatt
214 1072 54 21 skall
291 1073 85 26 erlägga
399 1074 31 19 ett
453 1073 53 20 visst
529 1072 84 27 belopp,
631 1073 22 20 sä
676 1073 41 20 kan
738 1073 36 21 det
789 1072 34 21 väl
838 1072 46 21 icke

55 1102 86 20 komma
162 1101 6 20 i
188 1101 59 26 fräga
266 1103 32 19 att
318 1103 31 19 ett
364 1107 76 15 ansvar
455 1101 35 21 för
505 1101 161 21 uraktlätenhet
680 1103 32 18 att
727 1101 84 21 anmäla
826 1101 58 20 inne-

55 1129 116 22 hafvandet
191 1129 22 22 af
231 1136 25 15 en
275 1130 58 21 hund
349 1129 68 22 skulle
433 1129 112 22 utsträcka
560 1130 32 26 sig
607 1129 32 21 till
654 1135 45 15 mer
714 1131 26 19 än
757 1130 35 21 det
807 1129 77 26 belopp

56 1159 39 20 den
111 1158 96 27 skyldige
223 1158 33 21 för
271 1159 40 21 den
327 1165 26 14 en
368 1159 55 26 gäng
438 1158 34 21 för
489 1159 42 20 alla
546 1158 40 21 bör
602 1158 90 27 erlägga,
705 1158 109 21 hvaremot
825 1158 59 21 detta

55 1193 77 15 ansvar
154 1187 134 26 naturligtvis
310 1187 46 21 icke
379 1187 42 20 kan
443 1187 73 27 fortgå
539 1187 5 20 i
569 1186 68 21 åratal
658 1187 52 21 eller
727 1187 23 21 sä
766 1187 61 26 länge
843 1186 41 21 den

55 1216 97 27 skyldige
173 1215 71 22 lefver.
274 1216 72 26 Nägot
368 1215 76 22 sädant
468 1215 144 22 förekommer
634 1215 46 21 icke
702 1216 5 20 i
728 1216 69 27 nägon
813 1214 70 27 lagbe-

55 1245 113 26 stämning,
192 1244 39 22 och
253 1244 214 22 Ekonomiutskottet
490 1244 39 22 har
551 1243 70 22 derför
643 1244 45 21 icke
711 1244 66 22 heller
803 1243 81 22 kunnat

55 1273 114 22 förutsätta
190 1275 32 19 att
238 1280 47 14 man
302 1274 5 20 i
324 1274 59 20 detta
398 1273 119 27 lagförslag
531 1272 68 22 skulle
613 1272 49 27 vilja
678 1273 83 26 inlägga
776 1279 25 15 en
817 1272 66 21 sädan

54 1303 91 25 mening.
174 1302 41 26 Jag
237 1308 62 15 anser
322 1302 35 21 det
380 1302 110 21 dessutom
513 1302 94 26 tydligen
631 1308 25 14 ur
678 1302 58 26 &:ens
751 1300 132 27 ordalydelse

54 1331 89 26 framgä,
160 1332 32 20 att
208 1331 38 21 här
262 1337 72 15 menas
350 1331 74 21 endast
440 1331 42 21 den
499 1331 67 25 ärliga
577 1330 92 26 afgiften,
680 1336 44 16 som
738 1330 40 22 den
788 1329 96 27 skyldige

55 1366 24 14 en
95 1360 56 26 gäng
167 1359 33 21 för
216 1359 42 21 alla
273 1360 38 20 bör
328 1360 86 26 erlägga
430 1359 96 22 dubbelt.

123 1417 56 21 Herr
200 1416 116 28 Nybom:
337 1416 40 27 Jag
392 1417 37 20 vill
445 1416 58 22 blott
517 1418 53 24 göra
585 1422 26 15 en
624 1416 107 27 obetydlig
743 1415 140 26 anmärkning

54 1446 133 21 beträffande
209 1445 161 27 bestämningen
395 1447 31 19 att
449 1445 56 21 vitet
519 1445 55 21 skall
590 1445 27 26 gå
633 1444 31 22 till
679 1444 98 22 tveskifte
792 1443 90 21 emellan

54 1475 115 25 äklagaren
192 1474 39 21 och
254 1474 26 21 de
304 1474 74 27 fattige
401 1474 5 21 i
421 1474 138 21 kommunen.
590 1473 69 22 Sedan
675 1473 104 27 nemligen
795 1478 88 15 numera

53 1503 54 21 efter
122 1502 288 28 kommunalförfattningens
420 1502 112 22 införande
542 1502 61 22 äfven
614 1502 6 21 i
631 1502 99 22 städerna
740 1500 143 28 fattigvården
