<?xml version="1.0" encoding="UTF-8"?>
<alto xmlns="http://www.loc.gov/standards/alto/ns-v3#" xmlns:xlink="http://www.w3.org/1999/xlink" xmlns:xsi="http://www.w3.org/2001/XMLSchema-instance" xsi:schemaLocation="http://www.loc.gov/standards/alto/ns-v3# http://www.loc.gov/alto/v3/alto-3-0.xsd">
	<Description>
		<MeasurementUnit>pixel</MeasurementUnit>
		<sourceImageInformation>
			<fileName>/tmp/tess_23rdd7fh_input.PNG</fileName>
		</sourceImageInformation>
		<OCRProcessing ID="OCR_0">
			<ocrProcessingStep>
				<processingSoftware>
					<softwareName>tesseract 5.3.4</softwareName>
				</processingSoftware>
			</ocrProcessingStep>
		</OCRProcessing>
	</Description>
	<Layout>
		<Page WIDTH="1078" HEIGHT="1781" PHYSICAL_IMG_NR="0" ID="page_0">
			<PrintSpace HPOS="0" VPOS="0" WIDTH="1078" HEIGHT="1781">
				<ComposedBlock ID="cblock_0" HPOS="313" VPOS="131" WIDTH="585" HEIGHT="27">
					<TextBlock ID="block_0" HPOS="313" VPOS="131" WIDTH="585" HEIGHT="27">
						<TextLine ID="line_0" HPOS="313" VPOS="131" WIDTH="585" HEIGHT="27">
							<String ID="string_0" HPOS="313" VPOS="135" WIDTH="179" HEIGHT="22" WC="0.91" CONTENT="Borgareståndet"/><SP WIDTH="15" VPOS="135" HPOS="492"/>
							<String ID="string_1" HPOS="507" VPOS="137" WIDTH="56" HEIGHT="17" WC="0.96" CONTENT="1877."/><SP WIDTH="25" VPOS="137" HPOS="563"/>
							<String ID="string_2" HPOS="588" VPOS="137" WIDTH="25" HEIGHT="17" WC="0.96" CONTENT="25"/><SP WIDTH="13" VPOS="137" HPOS="613"/>
							<String ID="string_3" HPOS="626" VPOS="136" WIDTH="48" HEIGHT="22" WC="0.96" CONTENT="Maj."/><SP WIDTH="183" VPOS="136" HPOS="674"/>
							<String ID="string_4" HPOS="857" VPOS="131" WIDTH="41" HEIGHT="21" WC="0.96" CONTENT="837"/>
						</TextLine>
					</TextBlock>
				</ComposedBlock>
				<GraphicalElement ID="cblock_1" HPOS="70" VPOS="165" WIDTH="828" HEIGHT="4"></GraphicalElement >
				<ComposedBlock ID="cblock_2" HPOS="70" VPOS="204" WIDTH="829" HEIGHT="51">
					<TextBlock ID="block_1" HPOS="70" VPOS="204" WIDTH="829" HEIGHT="51">
						<TextLine ID="line_1" HPOS="70" VPOS="204" WIDTH="829" HEIGHT="28">
							<String ID="string_5" HPOS="70" VPOS="207" WIDTH="43" HEIGHT="20" WC="0.92" CONTENT="stät"/><SP WIDTH="20" VPOS="207" HPOS="113"/>
							<String ID="string_6" HPOS="133" VPOS="205" WIDTH="49" HEIGHT="21" WC="0.93" CONTENT="lätit"/><SP WIDTH="15" VPOS="205" HPOS="182"/>
							<String ID="string_7" HPOS="197" VPOS="204" WIDTH="84" HEIGHT="22" WC="0.92" CONTENT="landets"/><SP WIDTH="15" VPOS="204" HPOS="281"/>
							<String ID="string_8" HPOS="296" VPOS="204" WIDTH="92" HEIGHT="22" WC="0.92" CONTENT="Ständer"/><SP WIDTH="15" VPOS="204" HPOS="388"/>
							<String ID="string_9" HPOS="403" VPOS="207" WIDTH="52" HEIGHT="19" WC="0.92" CONTENT="röna"/><SP WIDTH="16" VPOS="207" HPOS="455"/>
							<String ID="string_10" HPOS="471" VPOS="205" WIDTH="122" HEIGHT="27" WC="0.91" CONTENT="derigenom"/><SP WIDTH="18" VPOS="205" HPOS="593"/>
							<String ID="string_11" HPOS="611" VPOS="206" WIDTH="33" HEIGHT="20" WC="0.95" CONTENT="att"/><SP WIDTH="15" VPOS="206" HPOS="644"/>
							<String ID="string_12" HPOS="659" VPOS="205" WIDTH="62" HEIGHT="22" WC="0.93" CONTENT="deras"/><SP WIDTH="15" VPOS="205" HPOS="721"/>
							<String ID="string_13" HPOS="736" VPOS="205" WIDTH="163" HEIGHT="27" WC="0.92" CONTENT="ifrägavarande"/>
						</TextLine>
						<TextLine ID="line_2" HPOS="70" VPOS="233" WIDTH="292" HEIGHT="22">
							<String ID="string_14" HPOS="70" VPOS="233" WIDTH="101" HEIGHT="22" WC="0.92" CONTENT="anhällan"/><SP WIDTH="15" VPOS="233" HPOS="171"/>
							<String ID="string_15" HPOS="186" VPOS="233" WIDTH="68" HEIGHT="22" WC="0.92" CONTENT="blifvit"/><SP WIDTH="17" VPOS="233" HPOS="254"/>
							<String ID="string_16" HPOS="271" VPOS="233" WIDTH="91" HEIGHT="22" WC="0.92" CONTENT="bifallen."/>
						</TextLine>
					</TextBlock>
				</ComposedBlock>
				<ComposedBlock ID="cblock_3" HPOS="69" VPOS="290" WIDTH="829" HEIGHT="85">
					<TextBlock ID="block_2" HPOS="69" VPOS="290" WIDTH="829" HEIGHT="85">
						<TextLine ID="line_3" HPOS="139" VPOS="290" WIDTH="759" HEIGHT="27">
							<String ID="string_17" HPOS="139" VPOS="290" WIDTH="56" HEIGHT="22" WC="0.89" CONTENT="Herr"/><SP WIDTH="22" VPOS="290" HPOS="195"/>
							<String ID="string_18" HPOS="217" VPOS="290" WIDTH="104" HEIGHT="22" WC="0.88" CONTENT="Senatorn"/><SP WIDTH="23" VPOS="290" HPOS="321"/>
							<String ID="string_19" HPOS="344" VPOS="290" WIDTH="104" HEIGHT="22" WC="0.92" CONTENT="Forsman"/><SP WIDTH="25" VPOS="290" HPOS="448"/>
							<String ID="string_20" HPOS="473" VPOS="290" WIDTH="100" HEIGHT="22" WC="0.92" CONTENT="afträdde"/><SP WIDTH="22" VPOS="290" HPOS="573"/>
							<String ID="string_21" HPOS="595" VPOS="291" WIDTH="58" HEIGHT="26" WC="0.93" CONTENT="härä,"/><SP WIDTH="17" VPOS="291" HPOS="653"/>
							<String ID="string_22" HPOS="670" VPOS="291" WIDTH="54" HEIGHT="21" WC="0.97" CONTENT="efter"/><SP WIDTH="15" VPOS="291" HPOS="724"/>
							<String ID="string_23" HPOS="739" VPOS="292" WIDTH="33" HEIGHT="20" WC="0.93" CONTENT="att"/><SP WIDTH="14" VPOS="292" HPOS="772"/>
							<String ID="string_24" HPOS="786" VPOS="291" WIDTH="64" HEIGHT="22" WC="0.92" CONTENT="hafva"/><SP WIDTH="15" VPOS="291" HPOS="850"/>
							<String ID="string_25" HPOS="865" VPOS="291" WIDTH="33" HEIGHT="21" WC="0.96" CONTENT="till"/>
						</TextLine>
						<TextLine ID="line_4" HPOS="69" VPOS="318" WIDTH="829" HEIGHT="28">
							<String ID="string_26" HPOS="69" VPOS="319" WIDTH="50" HEIGHT="22" WC="0.96" CONTENT="herr"/><SP WIDTH="11" VPOS="319" HPOS="119"/>
							<String ID="string_27" HPOS="130" VPOS="319" WIDTH="53" HEIGHT="22" WC="0.93" CONTENT="vice"/><SP WIDTH="11" VPOS="319" HPOS="183"/>
							<String ID="string_28" HPOS="194" VPOS="318" WIDTH="155" HEIGHT="22" WC="0.93" CONTENT="Talmannen"/><SP WIDTH="12" VPOS="318" HPOS="349"/>
							<String ID="string_29" HPOS="361" VPOS="319" WIDTH="140" HEIGHT="22" WC="0.91" CONTENT="öfverlemnat"/><SP WIDTH="11" VPOS="319" HPOS="501"/>
							<String ID="string_30" HPOS="512" VPOS="325" WIDTH="26" HEIGHT="15" WC="0.96" CONTENT="en"/><SP WIDTH="11" VPOS="325" HPOS="538"/>
							<String ID="string_31" HPOS="549" VPOS="319" WIDTH="76" HEIGHT="22" WC="0.93" CONTENT="svensk"/><SP WIDTH="11" VPOS="319" HPOS="625"/>
							<String ID="string_32" HPOS="636" VPOS="319" WIDTH="152" HEIGHT="27" WC="0.51" CONTENT="öfversättning"/><SP WIDTH="15" VPOS="319" HPOS="788"/>
							<String ID="string_33" HPOS="803" VPOS="321" WIDTH="22" HEIGHT="21" WC="0.93" CONTENT="af"/><SP WIDTH="6" VPOS="321" HPOS="825"/>
							<String ID="string_34" HPOS="831" VPOS="320" WIDTH="67" HEIGHT="22" WC="0.93" CONTENT="Gene-"/>
						</TextLine>
						<TextLine ID="line_5" HPOS="70" VPOS="347" WIDTH="476" HEIGHT="28">
							<String ID="string_35" HPOS="70" VPOS="348" WIDTH="175" HEIGHT="27" WC="0.91" CONTENT="ralguvernörens"/><SP WIDTH="15" VPOS="348" HPOS="245"/>
							<String ID="string_36" HPOS="260" VPOS="347" WIDTH="154" HEIGHT="22" WC="0.92" CONTENT="ofvanberörda"/><SP WIDTH="14" VPOS="347" HPOS="414"/>
							<String ID="string_37" HPOS="428" VPOS="347" WIDTH="118" HEIGHT="22" WC="0.91" CONTENT="skrifvelse."/>
						</TextLine>
					</TextBlock>
				</ComposedBlock>
				<ComposedBlock ID="cblock_4" HPOS="71" VPOS="530" WIDTH="827" HEIGHT="57">
					<TextBlock ID="block_3" HPOS="71" VPOS="530" WIDTH="827" HEIGHT="57">
						<TextLine ID="line_6" HPOS="140" VPOS="530" WIDTH="758" HEIGHT="29">
							<String ID="string_38" HPOS="140" VPOS="530" WIDTH="60" HEIGHT="22" WC="0.92" CONTENT="Efter"/><SP WIDTH="22" VPOS="530" HPOS="200"/>
							<String ID="string_39" HPOS="222" VPOS="531" WIDTH="67" HEIGHT="20" WC="0.91" CONTENT="skedd"/><SP WIDTH="22" VPOS="531" HPOS="289"/>
							<String ID="string_40" HPOS="311" VPOS="531" WIDTH="150" HEIGHT="26" WC="0.92" CONTENT="föredragning"/><SP WIDTH="19" VPOS="531" HPOS="461"/>
							<String ID="string_41" HPOS="480" VPOS="531" WIDTH="114" HEIGHT="21" WC="0.92" CONTENT="bordlades"/><SP WIDTH="17" VPOS="531" HPOS="594"/>
							<String ID="string_42" HPOS="611" VPOS="531" WIDTH="32" HEIGHT="21" WC="0.93" CONTENT="till"/><SP WIDTH="15" VPOS="531" HPOS="643"/>
							<String ID="string_43" HPOS="658" VPOS="531" WIDTH="163" HEIGHT="22" WC="0.91" CONTENT="nedannämnda"/><SP WIDTH="15" VPOS="531" HPOS="821"/>
							<String ID="string_44" HPOS="836" VPOS="531" WIDTH="62" HEIGHT="28" WC="0.96" CONTENT="plena"/>
						</TextLine>
						<TextLine ID="line_7" HPOS="71" VPOS="559" WIDTH="662" HEIGHT="28">
							<String ID="string_45" HPOS="71" VPOS="559" WIDTH="94" HEIGHT="28" WC="0.93" CONTENT="följande"/><SP WIDTH="14" VPOS="559" HPOS="165"/>
							<String ID="string_46" HPOS="179" VPOS="559" WIDTH="46" HEIGHT="22" WC="0.92" CONTENT="frän"/><SP WIDTH="16" VPOS="559" HPOS="225"/>
							<String ID="string_47" HPOS="241" VPOS="559" WIDTH="157" HEIGHT="22" WC="0.93" CONTENT="vederbörande"/><SP WIDTH="15" VPOS="559" HPOS="398"/>
							<String ID="string_48" HPOS="413" VPOS="559" WIDTH="85" HEIGHT="22" WC="0.92" CONTENT="utskott"/><SP WIDTH="15" VPOS="559" HPOS="498"/>
							<String ID="string_49" HPOS="513" VPOS="560" WIDTH="100" HEIGHT="21" WC="0.92" CONTENT="inkomna"/><SP WIDTH="17" VPOS="560" HPOS="613"/>
							<String ID="string_50" HPOS="630" VPOS="560" WIDTH="103" HEIGHT="21" WC="0.92" CONTENT="ärenden:"/>
						</TextLine>
					</TextBlock>
				</ComposedBlock>
				<ComposedBlock ID="cblock_5" HPOS="70" VPOS="616" WIDTH="828" HEIGHT="142">
					<TextBlock ID="block_4" HPOS="70" VPOS="616" WIDTH="828" HEIGHT="142">
						<TextLine ID="line_8" HPOS="141" VPOS="616" WIDTH="757" HEIGHT="28">
							<String ID="string_51" HPOS="141" VPOS="617" WIDTH="28" HEIGHT="27" WC="0.93" CONTENT="1)."/><SP WIDTH="30" VPOS="617" HPOS="169"/>
							<String ID="string_52" HPOS="199" VPOS="616" WIDTH="157" HEIGHT="22" WC="0.91" CONTENT="Sammansatta"/><SP WIDTH="22" VPOS="616" HPOS="356"/>
							<String ID="string_53" HPOS="378" VPOS="617" WIDTH="53" HEIGHT="26" WC="0.92" CONTENT="Lag-"/><SP WIDTH="21" VPOS="617" HPOS="431"/>
							<String ID="string_54" HPOS="452" VPOS="616" WIDTH="41" HEIGHT="22" WC="0.93" CONTENT="och"/><SP WIDTH="26" VPOS="616" HPOS="493"/>
							<String ID="string_55" HPOS="519" VPOS="616" WIDTH="223" HEIGHT="22" WC="0.91" CONTENT="Ekonomiutskottets"/><SP WIDTH="22" VPOS="616" HPOS="742"/>
							<String ID="string_56" HPOS="764" VPOS="616" WIDTH="79" HEIGHT="27" WC="0.96" CONTENT="förslag"/><SP WIDTH="22" VPOS="616" HPOS="843"/>
							<String ID="string_57" HPOS="865" VPOS="616" WIDTH="33" HEIGHT="21" WC="0.95" CONTENT="till"/>
						</TextLine>
						<TextLine ID="line_9" HPOS="71" VPOS="645" WIDTH="827" HEIGHT="27">
							<String ID="string_58" HPOS="71" VPOS="645" WIDTH="205" HEIGHT="27" WC="0.92" CONTENT="sammanjemkning"/><SP WIDTH="20" VPOS="645" HPOS="276"/>
							<String ID="string_59" HPOS="296" VPOS="645" WIDTH="23" HEIGHT="21" WC="0.96" CONTENT="af"/><SP WIDTH="17" VPOS="645" HPOS="319"/>
							<String ID="string_60" HPOS="336" VPOS="645" WIDTH="26" HEIGHT="22" WC="0.96" CONTENT="de"/><SP WIDTH="20" VPOS="645" HPOS="362"/>
							<String ID="string_61" HPOS="382" VPOS="645" WIDTH="65" HEIGHT="21" WC="0.93" CONTENT="delvis"/><SP WIDTH="16" VPOS="645" HPOS="447"/>
							<String ID="string_62" HPOS="463" VPOS="645" WIDTH="123" HEIGHT="27" WC="0.92" CONTENT="skiljaktiga"/><SP WIDTH="15" VPOS="645" HPOS="586"/>
							<String ID="string_63" HPOS="601" VPOS="645" WIDTH="77" HEIGHT="26" WC="0.96" CONTENT="beslut,"/><SP WIDTH="16" VPOS="645" HPOS="678"/>
							<String ID="string_64" HPOS="694" VPOS="645" WIDTH="6" HEIGHT="21" WC="0.93" CONTENT="i"/><SP WIDTH="17" VPOS="645" HPOS="700"/>
							<String ID="string_65" HPOS="717" VPOS="645" WIDTH="71" HEIGHT="21" WC="0.92" CONTENT="hvilka"/><SP WIDTH="15" VPOS="645" HPOS="788"/>
							<String ID="string_66" HPOS="803" VPOS="645" WIDTH="95" HEIGHT="22" WC="0.92" CONTENT="Ständen"/>
						</TextLine>
						<TextLine ID="line_10" HPOS="70" VPOS="673" WIDTH="827" HEIGHT="28">
							<String ID="string_67" HPOS="70" VPOS="676" WIDTH="87" HEIGHT="19" WC="0.94" CONTENT="stannat"/><SP WIDTH="22" VPOS="676" HPOS="157"/>
							<String ID="string_68" HPOS="179" VPOS="674" WIDTH="36" HEIGHT="21" WC="0.96" CONTENT="vid"/><SP WIDTH="22" VPOS="674" HPOS="215"/>
							<String ID="string_69" HPOS="237" VPOS="673" WIDTH="154" HEIGHT="28" WC="0.96" CONTENT="behandlingen"/><SP WIDTH="23" VPOS="673" HPOS="391"/>
							<String ID="string_70" HPOS="414" VPOS="674" WIDTH="22" HEIGHT="21" WC="0.96" CONTENT="af"/><SP WIDTH="21" VPOS="674" HPOS="436"/>
							<String ID="string_71" HPOS="457" VPOS="674" WIDTH="61" HEIGHT="21" WC="0.93" CONTENT="Hans"/><SP WIDTH="23" VPOS="674" HPOS="518"/>
							<String ID="string_72" HPOS="541" VPOS="673" WIDTH="118" HEIGHT="27" WC="0.91" CONTENT="Kejserliga"/><SP WIDTH="23" VPOS="673" HPOS="659"/>
							<String ID="string_73" HPOS="682" VPOS="673" WIDTH="110" HEIGHT="28" WC="0.91" CONTENT="Majestäts"/><SP WIDTH="20" VPOS="673" HPOS="792"/>
							<String ID="string_74" HPOS="812" VPOS="673" WIDTH="85" HEIGHT="27" WC="0.91" CONTENT="Nädiga"/>
						</TextLine>
						<TextLine ID="line_11" HPOS="70" VPOS="702" WIDTH="828" HEIGHT="28">
							<String ID="string_75" HPOS="70" VPOS="703" WIDTH="133" HEIGHT="26" WC="0.92" CONTENT="proposition"/><SP WIDTH="23" VPOS="703" HPOS="203"/>
							<String ID="string_76" HPOS="226" VPOS="702" WIDTH="108" HEIGHT="27" WC="0.91" CONTENT="angäende"/><SP WIDTH="21" VPOS="702" HPOS="334"/>
							<String ID="string_77" HPOS="355" VPOS="702" WIDTH="126" HEIGHT="22" WC="0.91" CONTENT="lösdrifvare"/><SP WIDTH="24" VPOS="702" HPOS="481"/>
							<String ID="string_78" HPOS="505" VPOS="702" WIDTH="39" HEIGHT="22" WC="0.96" CONTENT="och"/><SP WIDTH="17" VPOS="702" HPOS="544"/>
							<String ID="string_79" HPOS="561" VPOS="702" WIDTH="61" HEIGHT="22" WC="0.96" CONTENT="deras"/><SP WIDTH="16" VPOS="702" HPOS="622"/>
							<String ID="string_80" HPOS="638" VPOS="702" WIDTH="139" HEIGHT="28" WC="0.95" CONTENT="behandling;"/><SP WIDTH="16" VPOS="702" HPOS="777"/>
							<String ID="string_81" HPOS="793" VPOS="703" WIDTH="32" HEIGHT="21" WC="0.93" CONTENT="till"/><SP WIDTH="16" VPOS="703" HPOS="825"/>
							<String ID="string_82" HPOS="841" VPOS="709" WIDTH="57" HEIGHT="14" WC="0.92" CONTENT="mor-"/>
						</TextLine>
						<TextLine ID="line_12" HPOS="71" VPOS="731" WIDTH="228" HEIGHT="27">
							<String ID="string_83" HPOS="71" VPOS="732" WIDTH="122" HEIGHT="26" WC="0.92" CONTENT="gondagens"/><SP WIDTH="15" VPOS="732" HPOS="193"/>
							<String ID="string_84" HPOS="208" VPOS="731" WIDTH="91" HEIGHT="27" WC="0.91" CONTENT="plenum."/>
						</TextLine>
					</TextBlock>
				</ComposedBlock>
				<ComposedBlock ID="cblock_6" HPOS="71" VPOS="788" WIDTH="829" HEIGHT="113">
					<TextBlock ID="block_5" HPOS="71" VPOS="788" WIDTH="829" HEIGHT="113">
						<TextLine ID="line_13" HPOS="140" VPOS="788" WIDTH="758" HEIGHT="27">
							<String ID="string_85" HPOS="140" VPOS="789" WIDTH="27" HEIGHT="25" WC="0.94" CONTENT="2)."/><SP WIDTH="32" VPOS="789" HPOS="167"/>
							<String ID="string_86" HPOS="199" VPOS="788" WIDTH="40" HEIGHT="21" WC="0.93" CONTENT="Till"/><SP WIDTH="26" VPOS="788" HPOS="239"/>
							<String ID="string_87" HPOS="265" VPOS="789" WIDTH="166" HEIGHT="20" WC="0.92" CONTENT="sammanträdet"/><SP WIDTH="28" VPOS="789" HPOS="431"/>
							<String ID="string_88" HPOS="459" VPOS="789" WIDTH="120" HEIGHT="26" WC="0.89" CONTENT="mändagen"/><SP WIDTH="29" VPOS="789" HPOS="579"/>
							<String ID="string_89" HPOS="608" VPOS="789" WIDTH="40" HEIGHT="20" WC="0.96" CONTENT="den"/><SP WIDTH="24" VPOS="789" HPOS="648"/>
							<String ID="string_90" HPOS="672" VPOS="789" WIDTH="27" HEIGHT="20" WC="0.96" CONTENT="28"/><SP WIDTH="20" VPOS="789" HPOS="699"/>
							<String ID="string_91" HPOS="719" VPOS="789" WIDTH="49" HEIGHT="26" WC="0.92" CONTENT="Maj."/><SP WIDTH="35" VPOS="789" HPOS="768"/>
							<String ID="string_92" HPOS="803" VPOS="788" WIDTH="95" HEIGHT="21" WC="0.92" CONTENT="Statsut-"/>
						</TextLine>
						<TextLine ID="line_14" HPOS="71" VPOS="817" WIDTH="827" HEIGHT="27">
							<String ID="string_93" HPOS="71" VPOS="817" WIDTH="92" HEIGHT="22" WC="0.90" CONTENT="skottets"/><SP WIDTH="22" VPOS="817" HPOS="163"/>
							<String ID="string_94" HPOS="185" VPOS="817" WIDTH="135" HEIGHT="21" WC="0.90" CONTENT="betänkande"/><SP WIDTH="20" VPOS="817" HPOS="320"/>
							<String ID="string_95" HPOS="340" VPOS="817" WIDTH="40" HEIGHT="21" WC="0.96" CONTENT="N:o"/><SP WIDTH="21" VPOS="817" HPOS="380"/>
							<String ID="string_96" HPOS="401" VPOS="817" WIDTH="12" HEIGHT="21" WC="0.92" CONTENT="9"/><SP WIDTH="16" VPOS="817" HPOS="413"/>
							<String ID="string_97" HPOS="429" VPOS="817" WIDTH="6" HEIGHT="20" WC="0.92" CONTENT="i"/><SP WIDTH="16" VPOS="817" HPOS="435"/>
							<String ID="string_98" HPOS="451" VPOS="817" WIDTH="116" HEIGHT="27" WC="0.91" CONTENT="anledning"/><SP WIDTH="15" VPOS="817" HPOS="567"/>
							<String ID="string_99" HPOS="582" VPOS="817" WIDTH="23" HEIGHT="21" WC="0.96" CONTENT="af"/><SP WIDTH="14" VPOS="817" HPOS="605"/>
							<String ID="string_100" HPOS="619" VPOS="819" WIDTH="31" HEIGHT="20" WC="0.96" CONTENT="ett"/><SP WIDTH="15" VPOS="819" HPOS="650"/>
							<String ID="string_101" HPOS="665" VPOS="817" WIDTH="57" HEIGHT="21" WC="0.93" CONTENT="inom"/><SP WIDTH="15" VPOS="817" HPOS="722"/>
							<String ID="string_102" HPOS="737" VPOS="817" WIDTH="161" HEIGHT="21" WC="0.92" CONTENT="Presteständet"/>
						</TextLine>
						<TextLine ID="line_15" HPOS="71" VPOS="845" WIDTH="829" HEIGHT="27">
							<String ID="string_103" HPOS="71" VPOS="846" WIDTH="63" HEIGHT="21" WC="0.90" CONTENT="väckt"/><SP WIDTH="21" VPOS="846" HPOS="134"/>
							<String ID="string_104" HPOS="155" VPOS="845" WIDTH="179" HEIGHT="27" WC="0.92" CONTENT="petitionsförslag"/><SP WIDTH="22" VPOS="845" HPOS="334"/>
							<String ID="string_105" HPOS="356" VPOS="852" WIDTH="34" HEIGHT="15" WC="0.84" CONTENT="om"/><SP WIDTH="24" VPOS="852" HPOS="390"/>
							<String ID="string_106" HPOS="414" VPOS="845" WIDTH="120" HEIGHT="27" WC="0.93" CONTENT="beviljande"/><SP WIDTH="23" VPOS="845" HPOS="534"/>
							<String ID="string_107" HPOS="557" VPOS="845" WIDTH="22" HEIGHT="22" WC="0.96" CONTENT="af"/><SP WIDTH="21" VPOS="845" HPOS="579"/>
							<String ID="string_108" HPOS="600" VPOS="848" WIDTH="31" HEIGHT="19" WC="0.93" CONTENT="ett"/><SP WIDTH="16" VPOS="848" HPOS="631"/>
							<String ID="string_109" HPOS="647" VPOS="845" WIDTH="73" HEIGHT="27" WC="0.96" CONTENT="anslag"/><SP WIDTH="14" VPOS="845" HPOS="720"/>
							<String ID="string_110" HPOS="734" VPOS="845" WIDTH="33" HEIGHT="22" WC="0.93" CONTENT="för"/><SP WIDTH="15" VPOS="845" HPOS="767"/>
							<String ID="string_111" HPOS="782" VPOS="845" WIDTH="78" HEIGHT="22" WC="0.96" CONTENT="vården"/><SP WIDTH="17" VPOS="845" HPOS="860"/>
							<String ID="string_112" HPOS="877" VPOS="845" WIDTH="23" HEIGHT="21" WC="0.96" CONTENT="af"/>
						</TextLine>
						<TextLine ID="line_16" HPOS="71" VPOS="874" WIDTH="532" HEIGHT="27">
							<String ID="string_113" HPOS="71" VPOS="875" WIDTH="60" HEIGHT="26" WC="0.91" CONTENT="sjuke"/><SP WIDTH="16" VPOS="875" HPOS="131"/>
							<String ID="string_114" HPOS="147" VPOS="874" WIDTH="39" HEIGHT="21" WC="0.93" CONTENT="och"/><SP WIDTH="15" VPOS="874" HPOS="186"/>
							<String ID="string_115" HPOS="201" VPOS="874" WIDTH="76" HEIGHT="21" WC="0.92" CONTENT="särade"/><SP WIDTH="15" VPOS="874" HPOS="277"/>
							<String ID="string_116" HPOS="292" VPOS="875" WIDTH="6" HEIGHT="20" WC="0.96" CONTENT="i"/><SP WIDTH="16" VPOS="875" HPOS="298"/>
							<String ID="string_117" HPOS="314" VPOS="875" WIDTH="36" HEIGHT="20" WC="0.96" CONTENT="det"/><SP WIDTH="16" VPOS="875" HPOS="350"/>
							<String ID="string_118" HPOS="366" VPOS="881" WIDTH="28" HEIGHT="14" WC="0.93" CONTENT="nu"/><SP WIDTH="15" VPOS="881" HPOS="394"/>
							<String ID="string_119" HPOS="409" VPOS="875" WIDTH="103" HEIGHT="20" WC="0.91" CONTENT="utbrutna"/><SP WIDTH="16" VPOS="875" HPOS="512"/>
							<String ID="string_120" HPOS="528" VPOS="874" WIDTH="75" HEIGHT="27" WC="0.96" CONTENT="kriget."/>
						</TextLine>
					</TextBlock>
				</ComposedBlock>
				<ComposedBlock ID="cblock_7" HPOS="71" VPOS="931" WIDTH="827" HEIGHT="84">
					<TextBlock ID="block_6" HPOS="71" VPOS="931" WIDTH="827" HEIGHT="84">
						<TextLine ID="line_17" HPOS="140" VPOS="931" WIDTH="758" HEIGHT="27">
							<String ID="string_121" HPOS="140" VPOS="931" WIDTH="28" HEIGHT="26" WC="0.93" CONTENT="3)."/><SP WIDTH="31" VPOS="931" HPOS="168"/>
							<String ID="string_122" HPOS="199" VPOS="931" WIDTH="40" HEIGHT="21" WC="0.93" CONTENT="Till"/><SP WIDTH="15" VPOS="931" HPOS="239"/>
							<String ID="string_123" HPOS="254" VPOS="937" WIDTH="81" HEIGHT="16" WC="0.93" CONTENT="samma"/><SP WIDTH="15" VPOS="937" HPOS="335"/>
							<String ID="string_124" HPOS="350" VPOS="931" WIDTH="95" HEIGHT="27" WC="0.90" CONTENT="plenum:"/><SP WIDTH="32" VPOS="931" HPOS="445"/>
							<String ID="string_125" HPOS="477" VPOS="931" WIDTH="132" HEIGHT="22" WC="0.90" CONTENT="Ständerhus"/><SP WIDTH="22" VPOS="931" HPOS="609"/>
							<String ID="string_126" HPOS="631" VPOS="931" WIDTH="115" HEIGHT="22" WC="0.91" CONTENT="utskottets"/><SP WIDTH="16" VPOS="931" HPOS="746"/>
							<String ID="string_127" HPOS="762" VPOS="931" WIDTH="136" HEIGHT="21" WC="0.91" CONTENT="betänkande"/>
						</TextLine>
						<TextLine ID="line_18" HPOS="71" VPOS="959" WIDTH="827" HEIGHT="28">
							<String ID="string_128" HPOS="71" VPOS="960" WIDTH="6" HEIGHT="21" WC="0.93" CONTENT="i"/><SP WIDTH="22" VPOS="960" HPOS="77"/>
							<String ID="string_129" HPOS="99" VPOS="960" WIDTH="113" HEIGHT="27" WC="0.96" CONTENT="anledning"/><SP WIDTH="21" VPOS="960" HPOS="212"/>
							<String ID="string_130" HPOS="233" VPOS="960" WIDTH="23" HEIGHT="21" WC="0.93" CONTENT="af"/><SP WIDTH="21" VPOS="960" HPOS="256"/>
							<String ID="string_131" HPOS="277" VPOS="959" WIDTH="69" HEIGHT="22" WC="0.96" CONTENT="skilda"/><SP WIDTH="22" VPOS="959" HPOS="346"/>
							<String ID="string_132" HPOS="368" VPOS="960" WIDTH="57" HEIGHT="21" WC="0.92" CONTENT="inom"/><SP WIDTH="21" VPOS="960" HPOS="425"/>
							<String ID="string_133" HPOS="446" VPOS="960" WIDTH="105" HEIGHT="27" WC="0.92" CONTENT="Borgare-"/><SP WIDTH="24" VPOS="960" HPOS="551"/>
							<String ID="string_134" HPOS="575" VPOS="960" WIDTH="39" HEIGHT="21" WC="0.93" CONTENT="och"/><SP WIDTH="23" VPOS="960" HPOS="614"/>
							<String ID="string_135" HPOS="637" VPOS="960" WIDTH="163" HEIGHT="21" WC="0.92" CONTENT="Bondeständen"/><SP WIDTH="21" VPOS="960" HPOS="800"/>
							<String ID="string_136" HPOS="821" VPOS="960" WIDTH="77" HEIGHT="21" WC="0.96" CONTENT="väckta"/>
						</TextLine>
						<TextLine ID="line_19" HPOS="72" VPOS="988" WIDTH="513" HEIGHT="27">
							<String ID="string_137" HPOS="72" VPOS="988" WIDTH="81" HEIGHT="27" WC="0.96" CONTENT="förslag"/><SP WIDTH="16" VPOS="988" HPOS="153"/>
							<String ID="string_138" HPOS="169" VPOS="995" WIDTH="33" HEIGHT="15" WC="0.93" CONTENT="om"/><SP WIDTH="17" VPOS="995" HPOS="202"/>
							<String ID="string_139" HPOS="219" VPOS="988" WIDTH="133" HEIGHT="27" WC="0.92" CONTENT="uppförande"/><SP WIDTH="16" VPOS="988" HPOS="352"/>
							<String ID="string_140" HPOS="368" VPOS="988" WIDTH="22" HEIGHT="22" WC="0.96" CONTENT="af"/><SP WIDTH="15" VPOS="988" HPOS="390"/>
							<String ID="string_141" HPOS="405" VPOS="991" WIDTH="31" HEIGHT="19" WC="0.93" CONTENT="ett"/><SP WIDTH="15" VPOS="991" HPOS="436"/>
							<String ID="string_142" HPOS="451" VPOS="989" WIDTH="134" HEIGHT="21" WC="0.92" CONTENT="ständerhus."/>
						</TextLine>
					</TextBlock>
				</ComposedBlock>
				<ComposedBlock ID="cblock_8" HPOS="71" VPOS="1147" WIDTH="827" HEIGHT="85">
					<TextBlock ID="block_7" HPOS="71" VPOS="1147" WIDTH="827" HEIGHT="85">
						<TextLine ID="line_20" HPOS="140" VPOS="1147" WIDTH="758" HEIGHT="28">
							<String ID="string_143" HPOS="140" VPOS="1147" WIDTH="100" HEIGHT="22" WC="0.92" CONTENT="Härefter"/><SP WIDTH="23" VPOS="1147" HPOS="240"/>
							<String ID="string_144" HPOS="263" VPOS="1148" WIDTH="111" HEIGHT="27" WC="0.92" CONTENT="föredrogs"/><SP WIDTH="19" VPOS="1148" HPOS="374"/>
							<String ID="string_145" HPOS="393" VPOS="1148" WIDTH="223" HEIGHT="21" WC="0.92" CONTENT="Ekonomiutskottets"/><SP WIDTH="15" VPOS="1148" HPOS="616"/>
							<String ID="string_146" HPOS="631" VPOS="1147" WIDTH="118" HEIGHT="27" WC="0.92" CONTENT="bordlagda"/><SP WIDTH="16" VPOS="1147" HPOS="749"/>
							<String ID="string_147" HPOS="765" VPOS="1147" WIDTH="133" HEIGHT="22" WC="0.92" CONTENT="betänkande"/>
						</TextLine>
						<TextLine ID="line_21" HPOS="71" VPOS="1176" WIDTH="825" HEIGHT="27">
							<String ID="string_148" HPOS="71" VPOS="1176" WIDTH="40" HEIGHT="22" WC="0.95" CONTENT="N:o"/><SP WIDTH="24" VPOS="1176" HPOS="111"/>
							<String ID="string_149" HPOS="135" VPOS="1177" WIDTH="13" HEIGHT="21" WC="0.95" CONTENT="8"/><SP WIDTH="22" VPOS="1177" HPOS="148"/>
							<String ID="string_150" HPOS="170" VPOS="1177" WIDTH="6" HEIGHT="20" WC="0.93" CONTENT="i"/><SP WIDTH="23" VPOS="1177" HPOS="176"/>
							<String ID="string_151" HPOS="199" VPOS="1177" WIDTH="113" HEIGHT="26" WC="0.91" CONTENT="anledning"/><SP WIDTH="21" VPOS="1177" HPOS="312"/>
							<String ID="string_152" HPOS="333" VPOS="1177" WIDTH="23" HEIGHT="21" WC="0.96" CONTENT="af"/><SP WIDTH="17" VPOS="1177" HPOS="356"/>
							<String ID="string_153" HPOS="373" VPOS="1176" WIDTH="60" HEIGHT="22" WC="0.93" CONTENT="Hans"/><SP WIDTH="16" VPOS="1176" HPOS="433"/>
							<String ID="string_154" HPOS="449" VPOS="1176" WIDTH="120" HEIGHT="27" WC="0.92" CONTENT="Kejserliga"/><SP WIDTH="16" VPOS="1176" HPOS="569"/>
							<String ID="string_155" HPOS="585" VPOS="1176" WIDTH="111" HEIGHT="27" WC="0.92" CONTENT="Majestäts"/><SP WIDTH="15" VPOS="1176" HPOS="696"/>
							<String ID="string_156" HPOS="711" VPOS="1177" WIDTH="77" HEIGHT="26" WC="0.92" CONTENT="nädiga"/><SP WIDTH="14" VPOS="1177" HPOS="788"/>
							<String ID="string_157" HPOS="802" VPOS="1177" WIDTH="94" HEIGHT="26" WC="0.93" CONTENT="proposi-"/>
						</TextLine>
						<TextLine ID="line_22" HPOS="72" VPOS="1205" WIDTH="459" HEIGHT="27">
							<String ID="string_158" HPOS="72" VPOS="1205" WIDTH="44" HEIGHT="22" WC="0.93" CONTENT="tion"/><SP WIDTH="16" VPOS="1205" HPOS="116"/>
							<String ID="string_159" HPOS="132" VPOS="1205" WIDTH="109" HEIGHT="27" WC="0.90" CONTENT="angäende"/><SP WIDTH="16" VPOS="1205" HPOS="241"/>
							<String ID="string_160" HPOS="257" VPOS="1205" WIDTH="108" HEIGHT="22" WC="0.93" CONTENT="allmänna"/><SP WIDTH="15" VPOS="1205" HPOS="365"/>
							<String ID="string_161" HPOS="380" VPOS="1205" WIDTH="151" HEIGHT="27" WC="0.92" CONTENT="fattigvärden."/>
						</TextLine>
					</TextBlock>
				</ComposedBlock>
				<ComposedBlock ID="cblock_9" HPOS="141" VPOS="1262" WIDTH="202" HEIGHT="23">
					<TextBlock ID="block_8" HPOS="141" VPOS="1262" WIDTH="202" HEIGHT="23">
						<TextLine ID="line_23" HPOS="141" VPOS="1262" WIDTH="202" HEIGHT="23">
							<String ID="string_162" HPOS="141" VPOS="1262" WIDTH="67" HEIGHT="23" WC="0.93" CONTENT="Ordet"/><SP WIDTH="16" VPOS="1262" HPOS="208"/>
							<String ID="string_163" HPOS="224" VPOS="1263" WIDTH="119" HEIGHT="21" WC="0.92" CONTENT="tilldelades"/>
						</TextLine>
					</TextBlock>
				</ComposedBlock>
				<ComposedBlock ID="cblock_10" HPOS="70" VPOS="1319" WIDTH="831" HEIGHT="142">
					<TextBlock ID="block_9" HPOS="70" VPOS="1319" WIDTH="831" HEIGHT="142">
						<TextLine ID="line_24" HPOS="140" VPOS="1319" WIDTH="761" HEIGHT="27">
							<String ID="string_164" HPOS="140" VPOS="1319" WIDTH="57" HEIGHT="22" WC="0.93" CONTENT="Herr"/><SP WIDTH="20" VPOS="1319" HPOS="197"/>
							<String ID="string_165" HPOS="217" VPOS="1319" WIDTH="117" HEIGHT="27" WC="0.92" CONTENT="Nybom,"/><SP WIDTH="21" VPOS="1319" HPOS="334"/>
							<String ID="string_166" HPOS="355" VPOS="1326" WIDTH="45" HEIGHT="15" WC="0.93" CONTENT="som"/><SP WIDTH="16" VPOS="1326" HPOS="400"/>
							<String ID="string_167" HPOS="416" VPOS="1319" WIDTH="93" HEIGHT="27" WC="0.92" CONTENT="föreslog"/><SP WIDTH="16" VPOS="1319" HPOS="509"/>
							<String ID="string_168" HPOS="525" VPOS="1321" WIDTH="32" HEIGHT="19" WC="0.93" CONTENT="att"/><SP WIDTH="15" VPOS="1321" HPOS="557"/>
							<String ID="string_169" HPOS="572" VPOS="1320" WIDTH="96" HEIGHT="25" WC="0.92" CONTENT="ärendet,"/><SP WIDTH="16" VPOS="1320" HPOS="668"/>
							<String ID="string_170" HPOS="684" VPOS="1320" WIDTH="68" HEIGHT="21" WC="0.92" CONTENT="säsom"/><SP WIDTH="18" VPOS="1320" HPOS="752"/>
							<String ID="string_171" HPOS="770" VPOS="1319" WIDTH="92" HEIGHT="21" WC="0.92" CONTENT="varande"/><SP WIDTH="16" VPOS="1319" HPOS="862"/>
							<String ID="string_172" HPOS="878" VPOS="1319" WIDTH="23" HEIGHT="21" WC="0.96" CONTENT="af"/>
						</TextLine>
						<TextLine ID="line_25" HPOS="70" VPOS="1346" WIDTH="828" HEIGHT="29">
							<String ID="string_173" HPOS="70" VPOS="1348" WIDTH="82" HEIGHT="27" WC="0.91" CONTENT="ganska"/><SP WIDTH="21" VPOS="1348" HPOS="152"/>
							<String ID="string_174" HPOS="173" VPOS="1348" WIDTH="64" HEIGHT="26" WC="0.91" CONTENT="vigtig"/><SP WIDTH="19" VPOS="1348" HPOS="237"/>
							<String ID="string_175" HPOS="256" VPOS="1347" WIDTH="146" HEIGHT="22" WC="0.93" CONTENT="beskaffenhet"/><SP WIDTH="19" VPOS="1347" HPOS="402"/>
							<String ID="string_176" HPOS="421" VPOS="1348" WIDTH="66" HEIGHT="21" WC="0.92" CONTENT="ehuru"/><SP WIDTH="20" VPOS="1348" HPOS="487"/>
							<String ID="string_177" HPOS="507" VPOS="1348" WIDTH="18" HEIGHT="26" WC="0.90" CONTENT="ej"/><SP WIDTH="16" VPOS="1348" HPOS="525"/>
							<String ID="string_178" HPOS="541" VPOS="1348" WIDTH="73" HEIGHT="21" WC="0.89" CONTENT="alltför"/><SP WIDTH="16" VPOS="1348" HPOS="614"/>
							<String ID="string_179" HPOS="630" VPOS="1348" WIDTH="140" HEIGHT="26" WC="0.92" CONTENT="brädskande,"/><SP WIDTH="18" VPOS="1348" HPOS="770"/>
							<String ID="string_180" HPOS="788" VPOS="1346" WIDTH="67" HEIGHT="23" WC="0.96" CONTENT="skulle"/><SP WIDTH="16" VPOS="1346" HPOS="855"/>
							<String ID="string_181" HPOS="871" VPOS="1348" WIDTH="27" HEIGHT="26" WC="0.96" CONTENT="pä"/>
						</TextLine>
						<TextLine ID="line_26" HPOS="72" VPOS="1375" WIDTH="826" HEIGHT="28">
							<String ID="string_182" HPOS="72" VPOS="1377" WIDTH="36" HEIGHT="21" WC="0.90" CONTENT="det"/><SP WIDTH="22" VPOS="1377" HPOS="108"/>
							<String ID="string_183" HPOS="130" VPOS="1376" WIDTH="100" HEIGHT="22" WC="0.90" CONTENT="Ständets"/><SP WIDTH="23" VPOS="1376" HPOS="230"/>
							<String ID="string_184" HPOS="253" VPOS="1376" WIDTH="118" HEIGHT="22" WC="0.90" CONTENT="ledamöter"/><SP WIDTH="22" VPOS="1376" HPOS="371"/>
							<String ID="string_185" HPOS="393" VPOS="1377" WIDTH="66" HEIGHT="21" WC="0.90" CONTENT="mätte"/><SP WIDTH="20" VPOS="1377" HPOS="459"/>
							<String ID="string_186" HPOS="479" VPOS="1377" WIDTH="87" HEIGHT="21" WC="0.95" CONTENT="komma"/><SP WIDTH="19" VPOS="1377" HPOS="566"/>
							<String ID="string_187" HPOS="585" VPOS="1377" WIDTH="7" HEIGHT="21" WC="0.92" CONTENT="i"/><SP WIDTH="20" VPOS="1377" HPOS="592"/>
							<String ID="string_188" HPOS="612" VPOS="1376" WIDTH="84" HEIGHT="22" WC="0.90" CONTENT="tillfälle"/><SP WIDTH="20" VPOS="1376" HPOS="696"/>
							<String ID="string_189" HPOS="716" VPOS="1378" WIDTH="32" HEIGHT="20" WC="0.93" CONTENT="att"/><SP WIDTH="14" VPOS="1378" HPOS="748"/>
							<String ID="string_190" HPOS="762" VPOS="1375" WIDTH="136" HEIGHT="28" WC="0.92" CONTENT="grundligare"/>
						</TextLine>
						<TextLine ID="line_27" HPOS="71" VPOS="1404" WIDTH="827" HEIGHT="28">
							<String ID="string_191" HPOS="71" VPOS="1408" WIDTH="27" HEIGHT="18" WC="0.96" CONTENT="än"/><SP WIDTH="15" VPOS="1408" HPOS="98"/>
							<String ID="string_192" HPOS="113" VPOS="1405" WIDTH="58" HEIGHT="21" WC="0.96" CONTENT="tiden"/><SP WIDTH="16" VPOS="1405" HPOS="171"/>
							<String ID="string_193" HPOS="187" VPOS="1412" WIDTH="29" HEIGHT="14" WC="0.93" CONTENT="nu"/><SP WIDTH="15" VPOS="1412" HPOS="216"/>
							<String ID="string_194" HPOS="231" VPOS="1405" WIDTH="117" HEIGHT="27" WC="0.91" CONTENT="medgäfve,"/><SP WIDTH="15" VPOS="1405" HPOS="348"/>
							<String ID="string_195" HPOS="363" VPOS="1406" WIDTH="104" HEIGHT="26" WC="0.92" CONTENT="genomgä"/><SP WIDTH="17" VPOS="1406" HPOS="467"/>
							<String ID="string_196" HPOS="484" VPOS="1405" WIDTH="151" HEIGHT="26" WC="0.92" CONTENT="betänkandet,"/><SP WIDTH="15" VPOS="1405" HPOS="635"/>
							<String ID="string_197" HPOS="650" VPOS="1406" WIDTH="126" HEIGHT="26" WC="0.93" CONTENT="bordläggas"/><SP WIDTH="12" VPOS="1406" HPOS="776"/>
							<String ID="string_198" HPOS="788" VPOS="1404" WIDTH="31" HEIGHT="25" WC="0.96" CONTENT="till"/><SP WIDTH="12" VPOS="1404" HPOS="819"/>
							<String ID="string_199" HPOS="831" VPOS="1404" WIDTH="67" HEIGHT="22" WC="0.97" CONTENT="första"/>
						</TextLine>
						<TextLine ID="line_28" HPOS="71" VPOS="1433" WIDTH="318" HEIGHT="28">
							<String ID="string_200" HPOS="71" VPOS="1434" WIDTH="86" HEIGHT="27" WC="0.92" CONTENT="plenum"/><SP WIDTH="14" VPOS="1434" HPOS="157"/>
							<String ID="string_201" HPOS="171" VPOS="1434" WIDTH="7" HEIGHT="20" WC="0.96" CONTENT="i"/><SP WIDTH="17" VPOS="1434" HPOS="178"/>
							<String ID="string_202" HPOS="195" VPOS="1433" WIDTH="95" HEIGHT="22" WC="0.93" CONTENT="Oktober"/><SP WIDTH="16" VPOS="1433" HPOS="290"/>
							<String ID="string_203" HPOS="306" VPOS="1434" WIDTH="83" HEIGHT="21" WC="0.91" CONTENT="mänad."/>
						</TextLine>
					</TextBlock>
				</ComposedBlock>
				<ComposedBlock ID="cblock_11" HPOS="71" VPOS="1490" WIDTH="828" HEIGHT="56">
					<TextBlock ID="block_10" HPOS="71" VPOS="1490" WIDTH="828" HEIGHT="56">
						<TextLine ID="line_29" HPOS="139" VPOS="1490" WIDTH="759" HEIGHT="30">
							<String ID="string_204" HPOS="139" VPOS="1490" WIDTH="56" HEIGHT="22" WC="0.96" CONTENT="Herr"/><SP WIDTH="15" VPOS="1490" HPOS="195"/>
							<String ID="string_205" HPOS="210" VPOS="1490" WIDTH="140" HEIGHT="22" WC="0.93" CONTENT="Boström"/><SP WIDTH="16" VPOS="1490" HPOS="350"/>
							<String ID="string_206" HPOS="366" VPOS="1490" WIDTH="47" HEIGHT="22" WC="0.92" CONTENT="äter"/><SP WIDTH="15" VPOS="1490" HPOS="413"/>
							<String ID="string_207" HPOS="428" VPOS="1490" WIDTH="93" HEIGHT="28" WC="0.92" CONTENT="föreslog"/><SP WIDTH="16" VPOS="1490" HPOS="521"/>
							<String ID="string_208" HPOS="537" VPOS="1492" WIDTH="32" HEIGHT="20" WC="0.93" CONTENT="att"/><SP WIDTH="14" VPOS="1492" HPOS="569"/>
							<String ID="string_209" HPOS="583" VPOS="1491" WIDTH="89" HEIGHT="21" WC="0.93" CONTENT="ärendet"/><SP WIDTH="14" VPOS="1491" HPOS="672"/>
							<String ID="string_210" HPOS="686" VPOS="1490" WIDTH="68" HEIGHT="22" WC="0.93" CONTENT="skulle"/><SP WIDTH="17" VPOS="1490" HPOS="754"/>
							<String ID="string_211" HPOS="771" VPOS="1490" WIDTH="127" HEIGHT="30" WC="0.91" CONTENT="bordläggas"/>
						</TextLine>
						<TextLine ID="line_30" HPOS="71" VPOS="1518" WIDTH="828" HEIGHT="28">
							<String ID="string_212" HPOS="71" VPOS="1518" WIDTH="32" HEIGHT="22" WC="0.93" CONTENT="till"/><SP WIDTH="16" VPOS="1518" HPOS="103"/>
							<String ID="string_213" HPOS="119" VPOS="1520" WIDTH="169" HEIGHT="26" WC="0.91" CONTENT="morgondagens"/><SP WIDTH="15" VPOS="1520" HPOS="288"/>
							<String ID="string_214" HPOS="303" VPOS="1520" WIDTH="156" HEIGHT="21" WC="0.92" CONTENT="sammanträde"/><SP WIDTH="17" VPOS="1520" HPOS="459"/>
							<String ID="string_215" HPOS="476" VPOS="1520" WIDTH="32" HEIGHT="21" WC="0.93" CONTENT="till"/><SP WIDTH="16" VPOS="1520" HPOS="508"/>
							<String ID="string_216" HPOS="524" VPOS="1519" WIDTH="80" HEIGHT="22" WC="0.93" CONTENT="hvilket"/><SP WIDTH="11" VPOS="1519" HPOS="604"/>
							<String ID="string_217" HPOS="615" VPOS="1520" WIDTH="81" HEIGHT="21" WC="0.97" CONTENT="mindre"/><SP WIDTH="13" VPOS="1520" HPOS="696"/>
							<String ID="string_218" HPOS="709" VPOS="1519" WIDTH="120" HEIGHT="27" WC="0.93" CONTENT="betydande"/><SP WIDTH="10" VPOS="1519" HPOS="829"/>
							<String ID="string_219" HPOS="839" VPOS="1520" WIDTH="60" HEIGHT="20" WC="0.92" CONTENT="ären-"/>
						</TextLine>
					</TextBlock>
				</ComposedBlock>
			</PrintSpace>
		</Page>
	</Layout>
</alto>
