1078 1781
304 128 182 20 Borgareständet
498 128 55 17 1877.
579 128 26 17 26
617 128 47 21 Maj.
867 124 42 21 859

81 195 84 28 skyldig
188 195 32 22 till
244 197 32 20 ett
299 196 91 26 osedligt
413 195 39 22 och
475 196 109 27 vanartigt
606 196 136 27 lefnadssätt;
758 197 39 22 och
813 204 45 15 som
875 198 35 21 två

83 224 66 21 Stånd
165 225 55 20 varit
235 225 72 20 derom
324 224 130 27 fullkomligt
469 231 51 15 ense
535 225 68 21 under
618 225 35 21 det
668 227 31 20 att
711 225 83 22 Preste-
807 226 40 21 och
857 226 52 21 Bor-

82 253 152 26 gareståndens
257 253 91 21 derifrån
372 253 115 21 afvikande
509 253 71 22 beslut
603 253 129 22 beträffande
756 255 69 21 denna
840 255 34 21 del
890 255 22 21 af

84 281 48 26 $:en
147 283 38 20 äro
201 281 7 21 i
223 281 68 27 någon
308 282 48 21 mån
372 281 134 22 sinsemellan
522 282 123 27 skiljaktiga
660 283 38 21 och
710 283 27 21 då
749 283 74 26 tillika,
840 284 69 21 såsom

83 310 106 21 utskottet
205 311 63 20 också
283 310 39 21 här
337 310 124 25 framhållit,
479 311 40 20 den
535 311 92 26 mening,
643 317 44 15 som
703 311 156 28 Ridderskapet
869 312 39 21 och

82 338 69 22 Adeln
175 341 54 19 samt
251 339 159 21 Bondeståndet
432 339 63 21 hafva
511 339 84 25 uttalat,
611 341 24 20 är
650 340 32 21 till
698 340 36 21 det
749 340 121 27 lindrigare,
886 341 24 21 så

83 367 39 21 har
137 367 105 22 utskottet
257 367 27 27 på
300 368 70 21 denna
385 368 68 27 grund
473 370 70 19 ansett
559 369 32 26 sig
606 368 52 21 böra
673 368 33 21 till
721 369 119 26 antagande
856 369 53 22 före-

81 395 33 22 slå
130 396 69 21 denna
214 397 90 26 mening.

151 425 41 26 Jag
207 425 80 21 känner
302 425 47 21 icke
364 425 73 24 heller,
453 425 28 27 på
497 427 43 19 sätt
556 425 64 22 också
635 425 105 21 utskottet
756 425 6 21 i
778 425 31 22 sin
820 425 89 22 motive-

82 453 47 26 ring
143 453 121 24 framhållit,
288 454 68 26 någon
380 460 69 15 annan
473 456 65 25 utväg
553 456 32 19 att
601 454 20 21 få
637 454 60 21 dessa
720 453 56 22 olika
799 454 110 27 meningar

83 482 192 26 sammanjemkade
298 482 31 21 till
354 485 30 18 ett
400 482 45 21 helt
460 484 27 19 än
503 483 40 21 den
559 482 24 21 af
596 483 106 21 utskottet
716 488 28 15 nu
760 483 95 26 inslagna
870 483 38 21 och

83 510 38 50 bör
143 510 83 22 derföre
249 513 32 19 att
296 511 20 21 få
332 511 107 27 tillstyrka
461 512 132 27 antagandet
615 511 23 21 af
650 511 258 28 sammanjemkningsför-

83 541 72 25 slaget.

151 597 56 20 Herr
221 597 131 26 Procopé:
383 596 112 22 Utskottet
511 596 38 21 har
565 596 97 22 förbisett
673 597 40 21 den
724 597 183 26 omständigheten

82 626 32 20 att
130 625 83 22 Preste-
230 625 37 22 och
283 625 186 27 Borgarestånden
493 625 64 21 hafva
579 626 83 25 antagit
679 625 66 22 första
762 626 110 25 meningen
888 625 22 21 af

81 653 48 28 $:en
145 654 65 26 enligt
225 654 145 21 betänkandet
390 653 40 22 och
449 654 91 21 sålunda
563 654 106 21 meddelat
692 653 100 27 rättighet
807 654 23 21 ät
845 653 63 28 polis-

83 683 175 26 myndigheterna
274 683 52 21 eller
342 683 47 21 dem
406 689 44 15 som
468 683 63 21 hafva
547 683 71 26 tillsyn
635 682 57 21 öfver
708 683 45 21 lösa
763 689 101 20 personer
876 685 32 18 att

84 711 85 21 anhålla
193 711 61 22 dessa
277 711 89 22 såframt
383 711 25 21 de
423 711 96 22 befinnas
534 711 136 28 kringstryka
685 714 58 19 utom
760 712 30 21 sin
806 711 101 21 kommun

82 742 52 19 utan
149 742 32 19 att
197 746 38 21 ega
250 741 32 20 sin
299 740 103 27 bergning
417 740 22 21 af
453 747 54 20 egna
530 740 113 27 tillgångar
664 741 52 20 eller
737 747 74 20 genom
827 746 81 15 annans

82 768 101 21 vårdnad.
215 769 49 21 Som
287 769 89 21 sålunda
398 769 36 21 två
457 769 67 22 Stånd
547 769 56 21 varit
625 769 47 21 med
696 775 32 15 om
754 770 57 20 detta
832 769 75 26 beslut,

83 797 80 21 hvilket
179 797 86 22 föreslås
280 798 58 21 såväl
354 798 6 20 i
377 797 145 22 betänkandet
537 803 45 16 som
599 798 40 21 den
654 798 76 26 nådiga
742 797 165 28 propositionen,

83 825 54 22 hade
153 827 117 20 detsamma
294 826 48 21 bort
366 833 50 14 vara
440 827 36 20 det
500 827 159 20 bestämmande
681 826 38 21 och
735 833 62 15 anser
809 826 37 27 jag
861 827 46 20 icke

82 854 106 21 utskottet
203 855 54 21 varit
273 855 129 26 berättigadt
418 857 32 19 att
466 855 65 21 sedan
548 861 25 15 en
589 855 56 27 gång
660 855 71 26 frågan
747 855 67 21 blifvit
825 855 82 26 afgjord

83 883 54 26 ånyo
159 888 100 17 resonera
282 890 34 15 om
340 884 36 21 det
399 889 40 16 ena
462 883 52 22 eller
534 883 66 22 andra
615 883 91 22 beslutet
721 890 50 15 vore
787 883 119 27 lindrigare.

83 909 111 24 Utskottet
209 912 39 21 har
263 911 55 22 blott
334 914 35 25 egt
384 915 32 18 att
434 912 90 27 jemföra
546 912 26 21 de
595 912 75 26 beslut,
687 913 6 20 i
710 913 70 20 hvilka
802 913 26 20 de
851 912 57 21 olika

83 940 94 21 Stånden
192 943 92 24 stannat,
300 941 107 27 uppställa
423 941 70 21 såsom
509 941 299 26 sammanjemkningsförslag,
824 941 36 21 det
874 941 34 20 för

84 969 80 22 hvilket
180 969 155 28 öfvervägande
350 969 110 27 pluralitet
476 969 81 27 funnes,
573 970 40 21 och
629 969 86 28 inbjuda
730 970 26 21 de
766 969 69 27 öfriga
847 969 61 22 Stån-

83 997 41 22 den
139 1000 33 19 att
187 998 73 21 förena
276 999 31 26 sig
322 998 80 21 derom.
433 998 33 21 Då
481 999 69 20 såsom
570 999 63 25 sagdt
655 999 163 26 propositionen,
835 998 72 21 betän-

85 1027 79 21 kandet
179 1027 39 21 och
234 1027 34 21 två
284 1027 66 21 Stånd
373 1027 56 21 varit
447 1027 34 21 för
497 1027 40 21 den
551 1027 58 21 förra
625 1027 59 22 delen
700 1027 23 21 af
736 1028 57 26 &:ens
807 1026 99 22 innehåll,

85 1055 24 21 så
124 1061 61 16 anser
198 1056 36 27 jag
252 1056 68 21 denna
336 1055 63 22 hafva
414 1056 49 21 bort
479 1056 72 26 läggas
573 1055 31 22 till
619 1056 67 27 grund
701 1055 32 22 för
746 1055 162 27 sammanjemk-

85 1084 76 27 ningen
184 1084 39 21 och
245 1087 32 18 att
300 1084 131 21 beträffande
453 1084 41 21 den
517 1090 75 15 senare
614 1085 109 26 meningen
743 1085 104 20 utskottet
862 1084 46 21 haft

84 1112 49 21 fullt
147 1113 47 21 skäl
209 1113 87 27 inbjuda
310 1113 181 26 Borgareståndet
506 1115 33 19 att
554 1113 75 26 frångå
644 1113 37 22 sitt
695 1113 58 22 förra
769 1113 73 21 beslut.

142 1169 55 22 Herr
211 1170 125 21 Jansson:
366 1170 42 27 Jag
423 1170 38 21 ber
475 1172 34 19 att
523 1172 56 19 ännu
595 1176 25 15 en
635 1170 56 28 gång
706 1170 20 21 få
742 1170 69 21 erinra
826 1176 33 15 om
876 1172 31 19 att

84 1198 7 21 i
107 1198 62 27 fråga
183 1204 34 16 om
234 1199 106 26 uttrycket
356 1199 103 27 ,osedligt
475 1198 52 21 eller
545 1199 105 26 vanartigt
674 1198 133 22 lefnadssätt"
823 1199 34 20 stå
872 1199 36 20 två

83 1227 80 22 Stånds
179 1227 69 21 beslut
264 1229 56 20 emot
336 1229 94 25 tvennes,
450 1227 99 21 hvarföre
564 1233 25 15 en
605 1228 202 26 sammanjemkning
822 1227 47 22 icke
884 1229 24 19 är

84 1256 71 27 möjlig
171 1257 27 26 på
213 1259 65 19 annat
292 1258 44 20 sätt
351 1258 27 20 än
394 1256 36 21 det
445 1256 106 22 utskottet
566 1256 114 27 föreslagit.

153 1314 56 21 Herr
223 1314 24 20 V.
264 1314 111 26 Nystön:
406 1313 33 22 Då
454 1313 38 21 det
499 1313 34 21 för
541 1313 42 27 mig
593 1320 38 15 var
642 1313 94 27 omöjligt
746 1315 32 19 att
789 1313 52 21 höra
852 1313 56 21 Herr

81 1342 105 22 Janssons
201 1342 135 26 andragande
352 1343 42 21 kan
410 1343 35 21 det
461 1341 72 22 hända
548 1344 32 19 att
593 1342 36 27 jag
645 1348 104 21 upprepar
762 1342 63 21 redan
836 1341 24 21 af
869 1342 38 21 ho-

83 1376 48 16 nom
155 1371 89 21 anförda
265 1371 47 21 skäl
335 1372 32 21 till
390 1370 164 28 vederläggning
573 1370 22 22 af
609 1372 55 20 Herr
686 1370 105 28 Procop6s
805 1370 101 26 yrkande.

81 1399 42 27 Jag
138 1405 62 16 anser
216 1400 57 21 detta
289 1399 295 27 sammanjemkningsförslag
599 1405 51 16 vara
665 1400 113 26 uppgjordt
792 1398 7 22 i
815 1398 93 26 enlighet

83 1428 48 21 med
147 1428 26 22 de
181 1429 91 26 grunder
283 1434 45 16 som
340 1429 34 21 för
384 1428 204 26 sammanjemkning
601 1428 52 21 böra
664 1428 62 27 gälla.
738 1428 84 21 Tvenne
833 1427 74 24 Stånd,

82 1456 156 28 Ridderskapet
248 1457 39 21 och
305 1458 69 20 Adeln
390 1459 55 19 samt
460 1456 168 26 Bondeständet,
644 1456 62 22 hafva
722 1456 64 22 fattat
801 1455 106 22 öfverens-

83 1486 132 21 stämmande
231 1486 69 21 beslut
315 1486 39 21 och
371 1486 59 21 detta
446 1491 66 21 egnar
527 1486 31 26 sig
574 1486 48 20 bäst
637 1485 31 21 till
684 1484 222 28 sammanjemknings-

82 1513 86 29 förslag,
184 1514 27 21 dä
226 1514 36 22 det
278 1514 200 22 öfverensstämmer
498 1516 95 20 närmast
605 1514 47 22 med
668 1520 28 15 nu
710 1514 96 27 gällande
822 1513 36 28 lag
872 1520 35 15 om
