1078 1781
160 104 42 20 888
397 108 179 22 Borgareståndet
589 110 55 26 1877.
667 109 28 17 28
707 109 49 21 Maj.

159 177 110 27 angående
284 179 123 25 utrymmet,
423 179 45 20 tror
481 177 37 28 jag
533 179 34 20 att
575 177 117 22 utskottets
703 177 82 27 förslag
794 177 19 27 ej
825 178 74 21 binder
908 178 85 27 delega-

160 206 72 21 tionen
248 206 7 21 i
271 206 99 21 afseende
386 207 13 20 å
414 206 177 21 dimensionerna.
620 206 43 21 Det
678 208 24 19 är
718 206 57 21 blott
787 207 5 20 i
803 206 98 21 afseende
913 206 12 21 å
935 207 57 26 plats

160 234 40 21 och
225 234 105 26 material,
356 241 46 15 som
426 235 106 21 utskottet
554 234 110 27 föreslagit
687 236 31 20 ett
742 235 134 21 bestämdare
893 234 56 21 band
965 235 27 27 på

161 262 160 27 delegationens
336 263 142 22 verksamhet.

230 320 57 21 Herr
305 320 160 21 Ahlström:
497 321 41 26 Jag
554 321 140 20 understöder
711 320 103 27 förslaget
829 327 34 15 om
879 320 113 26 bordlägg-

160 349 52 26 ning
234 349 32 20 till
290 349 82 26 hösten,
396 349 89 21 emedan
507 349 65 21 saken
593 351 25 19 är
633 349 23 21 af
670 349 23 20 så
708 349 70 26 vigtig
794 349 150 26 beskaffenhet,
960 351 32 18 att

161 377 41 21 den
218 379 99 24 nogsamt
332 377 30 22 tål
378 379 31 20 att
426 377 65 21 tänka
506 377 28 27 på
549 377 48 21 litet
612 379 104 20 närmare.

231 434 55 22 Herr
307 435 77 21 Bade:
414 435 41 26 Jag
470 435 37 20 ber
523 436 32 19 att
577 434 22 21 få
619 434 73 21 förena
707 435 42 25 mig
766 435 47 21 med
830 434 49 22 herr
893 434 99 21 Jansson.

162 463 115 21 Skilnaden
294 463 90 21 emellan
401 463 26 21 de
443 463 54 21 båda
513 463 111 26 projekten
641 465 23 19 är
679 463 7 21 i
702 463 76 27 sjelfva
794 463 72 21 verket
879 465 75 23 större,
964 464 28 20 än

162 498 25 14 ur
211 491 62 22 dessa
296 492 71 21 siffror
388 491 99 27 framgår.
519 492 73 25 Enligt
616 491 62 22 dessa
701 493 65 26 utgör
789 491 109 22 skilnaden
917 491 75 21 endast

164 520 88 25 160,000
278 521 70 25 mark;
375 526 47 15 men
443 520 60 21 fallet
526 522 23 19 är
572 522 33 19 att
626 527 47 14 man
690 520 67 26 enligt
772 520 136 21 alternativet
923 519 39 22 N:o
979 522 13 18 2

162 549 96 20 kommer
280 549 6 20 i
311 549 114 26 besittning
447 549 23 21 af
485 549 142 26 riddarhuset,
643 555 45 14 som
705 548 118 21 innehåller
839 549 49 21 flere
904 547 87 24 lokaler,

163 577 70 21 hvilka
259 578 72 21 kunna
354 577 88 27 uthyras
463 577 32 21 för
514 577 129 28 åtminstone
659 577 63 26 8,000
739 577 68 23 mark,
823 577 147 21 motsvarande
986 577 6 20 i

162 605 80 26 kapital
266 606 64 21 minst
348 606 90 25 100,000
454 606 66 21 mark.
551 605 66 22 Äfven
633 606 69 21 denna
717 605 60 22 siffra
792 605 39 22 bör
846 605 82 22 således
943 605 49 26 ingå

162 634 6 20 i
185 634 213 27 kostnadsförslaget.
429 635 140 20 Alternativet
585 634 40 21 N:o
643 635 8 19 1
670 634 98 21 kommer
783 633 89 22 sålunda
887 636 32 19 att
929 633 63 22 ställa

162 662 39 27 sig.
217 663 92 25 300,000
333 663 61 21 mark
414 663 75 26 dyrare
505 663 38 21 och
560 663 18 20 vi
592 663 27 20 ha
634 663 109 26 verkligen
760 663 19 26 ei
795 663 38 20 råd
849 665 32 18 att
896 662 96 27 uppoffra

163 697 25 15 en
211 691 66 22 sådan
300 698 82 15 summa
405 691 32 21 för
461 693 32 20 att
513 691 81 21 erhålla
609 697 25 15 en
651 691 105 27 byggnad,
773 697 45 15 som
835 691 100 27 möjligen
952 691 40 21 blir

163 720 47 20 litet
230 721 126 26 beqvämare
371 719 33 22 för
419 722 32 19 tre
467 720 68 23 stånd,
551 726 47 15 men
615 725 44 15 som
676 720 81 21 kanske
772 720 7 21 i
794 720 67 21 andra
879 719 112 22 afseenden

164 748 68 21 skulle
255 749 67 20 sakna
345 749 25 20 de
387 749 119 20 företräden
523 755 24 14 en
564 748 229 27 ständerhuskomplex
809 748 88 21 medför.
928 748 63 21 Dess-

164 779 58 19 utom
246 777 40 21 har
309 777 155 26 Ridderskapet
483 777 39 20 och
543 777 67 20 Adeln
627 777 93 26 tydligen
737 776 80 22 uttalat
832 777 31 26 sig
879 783 50 14 vara
945 776 46 22 med

163 805 76 22 endast
262 812 33 15 om
319 812 25 15 en
368 805 233 27 ständerhuskomplex,
617 811 47 15 men
684 805 18 27 ej
718 807 32 19 ett
767 805 39 21 hus
821 805 32 21 för
868 808 33 18 tre
917 805 73 22 Stånd.

163 834 41 26 Jag
226 834 74 27 tycker
320 836 33 19 att
369 835 40 20 den
426 834 105 21 blifvande
546 833 147 27 delegationen
709 840 77 20 genom
803 834 59 21 detta
877 833 79 27 förslag
972 833 19 26 ej

163 861 41 22 blir
228 863 28 26 på
282 863 77 21 minsta
384 865 43 19 sätt
450 863 83 21 bunden
554 862 92 21 hvarken
663 863 31 20 till
711 863 50 26 plan
778 862 51 21 eller
845 863 148 25 dimensioner,

163 893 52 18 utan
232 891 53 21 böra
308 891 62 21 dessa
386 891 180 26 omständigheter
582 891 64 20 blifva
663 891 90 21 föremål
770 891 31 20 för
817 897 25 15 en
858 891 135 26 grundligare

163 919 106 27 pröfning,
285 921 27 20 än
329 920 105 21 utskottet
449 920 54 21 varit
519 920 6 20 i
541 919 83 21 tillfälle
640 922 32 18 att
688 926 54 19 egna
758 920 53 21 dem.
841 919 41 27 Jag
897 919 97 22 anhåller

165 948 83 21 derföre
265 955 34 14 om
315 948 119 27 antagande
450 948 23 21 af
486 948 116 21 utskottets
617 948 142 21 betänkande.

235 1004 56 22 Herr
306 1005 135 21 Cronvall:
472 1005 10 21 I
498 1005 140 21 betraktande
654 1005 60 21 deraf
728 1007 34 19 att
778 1005 72 27 frågan
862 1005 67 26 gäller
940 1012 54 20 upp-

165 1033 99 22 förandet
287 1033 22 22 af
330 1036 30 19 ett
381 1033 47 26 hus,
443 1040 44 14 som
505 1034 52 21 skall
573 1033 157 22 tillfredsställa
746 1033 61 22 äfven
824 1034 98 21 framtida
938 1034 56 21 ford-

163 1062 73 26 ringar
256 1062 40 21 och
312 1063 69 20 denna
396 1063 37 20 sak
449 1062 72 21 derför
536 1061 29 22 tål
581 1062 158 26 begrundande,
757 1064 69 19 röstar
839 1063 36 26 jag
891 1063 27 26 på
933 1064 60 19 ären-

164 1090 47 21 dets
226 1090 156 27 bordläggning
397 1091 32 21 till
445 1090 80 25 hösten,
542 1091 27 21 då
584 1091 137 26 meningarna
738 1091 72 21 kunna
826 1091 64 21 hinna
905 1091 20 21 få
936 1097 58 15 mera

161 1119 86 26 stadga.

233 1176 57 21 Herr
315 1176 111 27 Nybom:
457 1176 40 27 Jag
523 1177 85 20 förenar
630 1177 41 25 mig
692 1176 7 21 i
721 1176 119 21 hufvudsak
857 1176 5 21 i
878 1176 116 21 utskottets

163 1203 87 27 förslag,
274 1211 45 14 som
342 1205 38 26 går
399 1207 23 18 ut
437 1205 27 26 på
479 1207 32 18 att
527 1205 82 21 erhålla
624 1207 31 19 ett
654 1189 9 52 "
671 1189 134 52 ständerhus,
822 1205 38 20 och
877 1205 18 26 ej
912 1207 30 18 ett
958 1211 35 14 en-

163 1232 48 22 dast
232 1233 156 21 treständshus.
420 1233 41 21 Det
479 1233 58 21 förra
552 1233 44 27 har,
612 1240 33 14 om
660 1233 36 27 jag
712 1234 65 21 fattat
793 1234 65 21 saken
874 1235 49 24 rätt,
939 1234 55 20 varit

163 1261 42 21 alla
221 1261 79 22 Ständs
322 1262 91 26 mening,
429 1268 46 15 men
491 1262 18 27 ej
526 1264 32 19 att
573 1262 82 22 erhålla
671 1264 31 19 ett
717 1262 97 26 palliativ
831 1262 75 21 derför.
939 1262 53 21 Här-

163 1290 33 21 till
212 1290 98 22 kommer
325 1292 32 19 att
373 1290 59 21 detta
447 1290 80 27 förslag
542 1292 23 20 är
581 1291 36 21 det
633 1291 96 27 billigare
742 1291 40 21 och
794 1291 132 26 begvämare,
938 1294 56 18 samt

164 1320 33 19 att
213 1325 49 15 man
279 1320 19 25 ej
315 1321 34 19 vet
365 1319 56 21 hvad
436 1319 157 27 Ridderskapet
608 1319 39 21 och
663 1320 68 20 Adeln
749 1320 7 20 i
772 1323 65 17 annat
852 1319 36 21 fall
900 1319 96 21 kommer

163 1348 32 20 att
212 1346 84 23 besluta
318 1348 32 26 sig
365 1347 41 27 för;
430 1354 47 14 man
493 1348 70 20 kunde
578 1348 40 21 lätt
634 1348 81 21 riskera
731 1350 34 18 att
780 1348 46 20 äter
842 1348 21 20 fä
878 1348 73 26 frägan
967 1348 27 26 pä

163 1381 26 15 en
212 1376 75 27 längre
308 1376 30 21 tid
355 1376 134 27 uppskjuten.
521 1376 24 21 Vi
561 1378 37 20 äro
615 1376 53 22 dock
684 1376 6 20 i
708 1376 67 21 behof
789 1379 32 18 att
836 1376 24 22 sä
875 1378 59 19 snart
948 1382 46 15 som

163 1400 97 30 möjligt
270 1404 22 22 få
310 1407 31 19 ett
360 1402 134 28 fullständigt
509 1405 126 21 ständerhus
650 1406 39 20 och
707 1407 53 19 böra
776 1405 83 21 derföre
874 1404 19 27 ej
909 1404 87 27 vidtaga

164 1432 82 22 sädana
262 1434 106 26 ätgärder,
386 1439 44 15 som
446 1433 124 27 ytterligare
585 1434 72 20 kunna
672 1433 112 21 föranleda
799 1434 85 26 frägans
895 1433 99 27 uppskju-

161 1461 73 21 tande.
247 1462 83 21 Föratt
340 1462 35 20 det
384 1462 34 20 mä
427 1462 65 20 blifva
499 1464 30 18 ett
538 1462 134 27 fallständigt
681 1462 134 21 Ständerhus
823 1446 65 46 skulle
899 1462 35 26 jag
941 1462 54 27 yrka

162 1489 27 26 på
201 1492 34 18 att
251 1490 149 27 delegationen
416 1490 91 21 erhåller
523 1490 5 21 i
541 1491 95 26 uppdrag
646 1493 33 19 att
688 1492 24 20 så
720 1490 66 22 ställa
794 1490 33 22 till
836 1493 31 19 att
879 1490 35 21 det
924 1491 71 26 gamla
