1078 1781
306 124 179 22 Borgareståndet
498 126 55 16 1877.
573 125 25 17 23
610 125 48 21 Maj.
848 120 39 20 781

131 193 67 22 Ordet
213 193 102 27 begärdes
330 193 74 21 härvid
419 193 22 21 af

130 234 56 21 Herr
205 233 136 27 Ahlström,
364 239 45 15 som
431 233 94 27 yttrade:
549 233 33 21 Då
597 233 65 22 sedan
678 235 84 20 senaste
778 233 112 27 Landtdag

61 262 189 26 egendomsvärdet
274 262 59 27 stigit
354 262 48 21 med
419 263 26 20 10
462 262 13 21 ä
490 262 28 21 20
533 263 94 26 procent,
650 263 60 25 tager
732 262 35 27 jag
790 263 42 26 mig
855 262 35 21 fri-

61 291 63 21 heten
140 290 77 21 föreslä
232 292 32 20 att
279 291 31 20 till
327 290 105 21 klämmen
449 290 6 21 i
471 291 116 20 utskottets
603 290 134 21 betänkande
752 290 67 22 skulle
830 291 59 27 fogas

61 321 32 19 ett
115 319 76 27 tillägg
213 319 22 21 af
255 319 93 21 innehåll
369 321 37 25 att,
422 325 33 15 om
473 319 64 21 också
553 318 161 22 innehafvarene
730 318 22 21 af
767 319 122 22 donations-

61 348 54 26 gods
130 347 68 22 skulle
213 347 33 22 för
261 347 135 22 afträdandet
412 347 73 22 fordra
501 349 32 19 ett
551 349 24 19 10
591 347 13 21 &
619 348 27 20 20
662 349 87 25 procent
764 348 65 26 högre
840 348 48 27 pris,

62 379 26 19 än
112 377 36 21 det
171 377 25 20 de
211 377 33 20 för
258 376 81 21 inlösen
354 376 103 27 stadgade
473 376 122 27 grunderna
610 376 110 26 medgifva,
736 375 101 22 afseende
852 376 37 21 lik-

62 405 33 21 väl
111 405 69 22 skulle
195 404 65 22 fästas
276 405 34 21 vid
326 405 99 21 anbuden
441 405 40 21 och
497 405 43 26 köp
555 405 72 20 kunna
643 404 94 21 afslutas.

132 462 56 21 Herr
209 461 113 28 Nybom:
345 462 43 21 För
411 462 42 21 min
478 462 34 21 del
529 461 68 22 håller
609 462 37 27 jag
662 462 51 25 före,
729 464 33 19 att
777 463 65 26 något
857 463 32 21 sä-

63 491 52 21 dant
135 491 47 20 icke
203 490 65 22 borde
290 493 124 19 omnämnas
436 491 6 20 i
462 491 108 21 klämmen
586 491 22 20 af
622 490 150 27 betänkandet,
788 493 51 20 enär
854 491 36 21 det

61 519 66 22 redan
149 520 28 25 pä
197 525 48 21 pag.
261 521 12 19 2
290 521 24 19 är
334 525 77 21 genom
428 520 75 21 orden:
521 519 48 25 ,det
584 519 62 21 torde
661 519 71 21 kunna
748 521 94 25 antagas,
858 521 32 20 att

60 548 88 27 jordens
171 548 43 26 pris
236 548 6 20 i
264 547 92 27 Viborgs
372 548 40 25 län,
426 548 45 26 just
486 548 7 20 i
508 547 52 26 följd
575 547 22 22 af
611 548 202 26 donationsgodsens
830 548 60 21 inkö-

62 576 77 27 pande,
162 578 24 19 är
208 576 7 21 i
236 577 110 26 stigande*
362 576 32 21 för
409 576 134 27 Regeringen
560 577 75 26 antydt
650 578 32 19 att
697 578 50 25 taga
763 577 68 20 denna
847 583 42 14 om-

63 604 122 27 ständighet
206 605 6 20 i
228 605 140 21 betraktande
384 605 39 21 och
439 607 33 19 att
488 605 119 21 Ständerne
622 605 32 21 för
669 605 31 21 sin
717 605 33 21 del
766 605 46 21 icke
827 605 63 21 hafva

63 633 116 27 nägonting
201 635 63 24 emot,
287 636 51 19 utan
354 640 87 15 snarare
457 634 68 21 önska
541 635 32 20 att
587 633 82 22 inlösen
685 634 34 21 mä
734 634 71 21 kunna
820 633 70 27 fortgä

63 662 61 21 äfven
140 662 32 21 till
189 662 65 26 något
269 663 65 26 högre
350 663 43 26 pris
408 664 26 19 än
451 663 37 20 det
503 663 110 26 stadgade.
634 663 32 20 Då
682 661 59 22 äfven
757 663 132 26 Regeringen

63 691 32 21 får
118 691 34 20 del
176 690 21 22 af
219 691 154 21 betänkandets
388 691 135 26 motivering,
538 697 63 15 anser
615 691 34 26 jag
666 691 36 21 det
717 691 45 21 icke
779 697 49 15 vara
843 691 46 21 skäl

63 721 32 20 att
117 719 7 21 i
144 719 106 22 klämmen
273 721 52 25 göra
340 720 66 26 något
421 719 80 27 tillägg,
519 719 39 22 och
575 719 97 21 förordar
688 719 70 22 derför
774 719 115 22 klämmens

63 747 140 22 oförändrade
219 748 125 27 antagande.

132 805 57 21 Herr
203 805 124 22 Jansson
343 805 101 22 förenade
459 805 34 27 sig
509 811 34 15 om
559 805 56 21 Herr
630 804 94 28 Nyboms
740 805 105 27 yttrande.

133 862 69 21 Sedan
224 862 50 21 herr
294 862 145 21 Ahlström
461 862 96 21 härefter
572 861 93 28 frångått
680 863 36 20 sitt
731 862 101 27 yrkande,
848 863 41 21 för-

64 891 99 21 klarades
179 891 147 21 diskussionen
342 891 98 26 afslutad,
457 891 51 21 derå

134 947 56 21 Herr
213 947 168 22 Talmannen
400 947 123 22 framstälde
539 947 130 27 proposition
686 954 33 15 om
736 948 154 21 betänkandets

65 975 154 27 godkännande
242 978 51 19 utan
314 976 129 27 förändring,
465 976 39 21 och
521 977 28 20 då
564 976 69 21 denna
648 977 131 26 proposition
795 977 95 21 besvara-

65 1004 38 21 des
126 1004 21 21 af
169 1005 89 20 Ståndet
278 1004 102 27 enhälligt
398 1005 101 26 jakande,
515 1005 122 21 förklarade
652 1005 49 20 herr
716 1005 174 21 Talmannen

65 1033 90 21 Ståndet
178 1033 62 21 hafva
255 1033 87 22 beslutit
358 1034 31 26 sig
404 1033 34 21 för
453 1035 34 19 att
501 1035 53 19 utan
570 1033 122 27 förändring
706 1036 78 25 antaga
799 1034 93 21 Statsut-

65 1061 92 22 skottets
172 1061 6 21 i
194 1061 152 27 frågavarande
362 1061 79 27 förslag
457 1061 33 22 till
506 1062 75 21 beslut.

137 1140 39 21 Till
193 1141 128 27 behandling
336 1141 94 27 företogs
445 1141 163 27 Lagutskottets
618 1141 133 22 betänkande
762 1142 6 20 i
780 1141 113 27 anledning

66 1169 23 21 af
110 1169 78 26 nådiga
210 1170 159 27 propositionen
392 1170 109 26 angående
523 1170 124 27 utvidgning
667 1170 21 21 af
703 1170 77 21 valrätt
795 1170 39 21 och
850 1171 43 20 val-

67 1197 76 22 barhet
159 1197 32 22 till
206 1198 161 27 landtdagsman
384 1199 5 20 i
405 1199 188 26 Borgareståndet.

136 1227 42 20 Vid
202 1227 40 21 den
266 1227 126 25 diskussion,
415 1233 45 15 som
484 1227 6 21 i
513 1227 114 27 anledning
650 1227 22 21 af
686 1227 58 22 detta
759 1227 133 22 betänkande

67 1256 100 26 uppstod,
183 1255 102 27 begärdes
300 1256 62 21 ordet
376 1257 53 20 först
444 1256 23 21 af

134 1312 56 22 Herr
205 1312 133 28 Procopé,
354 1319 44 15 som
414 1313 94 27 yttrade:
525 1313 70 21 Jemte
611 1313 35 21 det
659 1313 37 27 jag
710 1314 34 20 för
758 1313 43 21 min
817 1312 34 21 del
861 1312 33 22 för

68 1340 65 27 öfrigt
155 1341 97 21 förordar
273 1342 155 26 godkännande
451 1342 22 20 af
495 1342 116 21 utskottets
633 1342 141 26 betänkande,
796 1341 47 21 ville
858 1341 36 27 jag

67 1369 79 22 föreslå
168 1372 33 18 att
222 1370 36 21 det
280 1371 6 19 i
309 1370 67 27 tredje
399 1370 83 27 stycket
504 1371 27 26 på
555 1370 51 21 sista
621 1370 65 21 raden
702 1370 22 22 af
738 1373 12 19 7
766 1371 60 21 sidan
841 1370 54 21 före-

69 1398 127 22 kommande
219 1398 69 22 ordet:
313 1398 166 25 ,skattskrifne"
503 1398 69 22 skulle
587 1398 85 28 utbytas
687 1401 44 19 mot
746 1400 62 20 ordet
823 1405 72 19 ,,man-

69 1426 141 22 talsskrifne.*
241 1427 33 21 Då
290 1427 36 21 det
342 1428 38 20 här
396 1429 24 19 är
435 1427 62 27 fråga
512 1434 34 14 om
562 1427 136 22 kommunala
713 1428 82 21 skatter
809 1427 39 21 och
861 1434 34 15 om

70 1455 26 21 de
120 1456 187 26 omständigheter,
330 1456 72 21 hvilka
420 1456 89 21 inverka
524 1456 27 27 på
567 1456 78 21 valrätt
660 1456 38 21 och
714 1456 110 21 valbarhet
839 1456 56 21 inom

69 1483 187 27 Borgareståndet,
280 1484 23 22 så
322 1487 90 24 antager
424 1485 37 27 jag
477 1487 34 19 att
527 1485 61 21 ordet
602 1484 176 28 ,skattskrifven*
795 1485 26 26 på
837 1485 59 21 detta

67 1511 63 22 ställe
153 1512 75 22 hänför
250 1513 32 27 sig
304 1513 31 21 till
358 1513 47 26 den,
428 1519 45 15 som
497 1514 97 26 erlägger
616 1513 81 21 skatter
712 1514 33 20 till
761 1514 135 26 kommunen,
