1078 1781
307 123 180 21 Borgareståndet
501 124 53 16 1877.
579 124 26 16 29
618 122 46 24 Maj.
859 118 43 21 909

142 193 120 26 Föredrogs
284 193 39 21 och
346 192 114 21 bordlades
484 193 31 20 till
538 192 176 21 nästkommande
730 193 84 26 plenum
832 192 70 22 Stats-

72 221 107 22 utskottet
202 221 110 21 skrifvelse
328 221 24 21 af
366 221 39 21 den
422 222 25 20 25
465 221 144 21 innevarande
625 221 42 26 Maj
684 221 110 27 angående
811 221 91 26 Expedi-

72 251 175 20 tionsutskottets
263 250 168 25 bemyndigande
446 252 33 19 att
494 250 68 21 under
577 249 58 21 tiden
651 249 45 21 från
713 250 40 21 den
770 249 67 22 första
852 250 50 21 Juni

72 279 41 20 och
136 279 55 21 intill
208 279 39 21 den
270 279 9 19 1
305 279 96 20 Oktober
424 279 59 20 detta
503 279 24 20 år
542 279 99 26 granska,
657 278 114 27 godkänna
786 278 39 21 och
841 280 62 19 utan-

73 307 68 21 ordna
163 308 79 21 sådana
265 307 116 21 kostnader
404 307 38 21 och
462 307 87 26 utgifter
570 307 5 20 i
593 307 38 20 och
647 307 33 20 för
694 307 147 26 Landtdagen,
857 313 45 15 som

74 336 53 21 böra
142 336 74 27 gäldas
231 337 27 25 på
274 337 42 20 sätt
332 336 26 21 82
374 335 14 28 &
405 335 6 21 i
427 335 242 27 Landtdagsordningen
685 335 144 22 föreskrifver.

147 525 55 20 Herr
224 523 190 22 Talmannen
434 523 100 26 föredrog
557 523 53 21 härä
631 529 25 15 en
676 523 46 22 frän
739 523 165 22 Statsutskottet

74 553 123 21 inkommen
220 553 117 24 skrifvelse,
359 552 78 27 jemväl
461 552 24 21 af
503 553 40 20 den
559 553 27 20 25
603 552 6 21 i
626 552 69 21 denna
711 552 83 26 mänad,
811 553 44 20 deri
870 554 33 19 ut-

74 582 85 21 skottet
176 581 94 21 anmäler
285 583 32 19 att
332 581 97 26 samtliga
445 581 94 21 Ständen
551 581 95 26 godkänt
656 581 175 21 Statsutskottets
841 581 64 21 fram-

74 610 103 27 ställning
195 610 108 26 angående
323 609 146 27 omtryckning
485 609 22 22 af
521 609 105 22 särskilda
641 609 128 26 handlingar
784 610 47 21 från
849 610 54 21 1863

76 639 85 21 —1864
186 639 39 20 och
250 639 53 20 1867
323 639 34 20 ärs
378 638 127 27 landtdagar
520 639 69 20 säsom
606 640 31 19 ett
652 638 65 21 skildt
733 638 57 21 häfte
806 638 47 21 med
869 645 35 14 ru-

76 668 47 20 brik
139 667 97 27 ,Bihang
252 667 31 21 till
300 667 126 26 handlingar
441 666 46 21 från
505 667 141 21 1863—1864
662 667 38 20 och
714 667 54 21 1867
778 667 35 21 års
824 667 80 21 Landt-

77 697 78 25 dagar*
171 699 55 18 samt
241 696 115 27 uppdragit
372 695 188 27 verkställigheten
577 695 61 21 häraf
648 695 23 21 ät
683 695 223 26 Expeditionsutskot-

75 727 40 23 tet,
139 725 6 20 i
168 725 52 26 följd
244 724 74 21 hvaraf
340 724 165 21 Statsutskottet
527 724 31 21 till
577 723 147 22 nästbemälda
740 724 81 21 utskott
837 723 68 22 öfver-

76 754 81 21 lemnat
173 753 153 26 handlingarna
343 753 5 20 i
364 753 95 21 ärendet.

151 821 128 22 Skrifvelsen
291 821 122 21 föranledde
422 821 46 22 icke
477 821 32 21 till
517 821 76 26 ätgärd
602 821 45 22 frän
656 821 191 27 Borgareständets
854 821 52 21 sida.

149 998 180 27 Borgareständet
352 998 32 21 till
407 998 120 21 kännedom
551 998 107 27 upplästes
681 997 45 22 från
745 998 159 21 Presteständet

76 1027 110 21 ankomna
202 1026 195 27 protokollsutdrag
412 1026 23 21 af
449 1027 42 21 den
507 1027 26 21 26
550 1027 85 24 dennes,
650 1027 149 21 innehållande

152 1091 31 19 1:0
200 1089 100 22 Ständets
322 1089 69 21 beslut
412 1089 7 21 i
442 1089 114 27 anledning
578 1089 22 21 af
621 1091 153 20 sammansatta
796 1089 55 28 Lag-
868 1089 38 22 och

81 1118 223 21 Ekonomiutskottets
333 1118 296 27 sammanjemkningsförslag
654 1118 6 21 i
686 1119 87 20 ärendet
799 1118 109 27 angående

77 1146 128 27 förordning
221 1153 33 14 om
271 1146 123 21 lösdrifvare
410 1147 38 20 och
465 1147 63 21 deras
544 1147 139 26 behandling;

149 1210 34 21 2:0
200 1210 33 21 d:o
256 1209 34 21 d:o
313 1209 6 21 i
342 1209 113 26 anledning
471 1209 23 21 af
508 1209 247 22 Ständerhusutskottets
771 1209 135 21 betänkande

77 1238 113 26 angäende
207 1239 25 20 de
247 1239 6 20 i
269 1238 101 26 Borgare-
387 1238 39 21 och
441 1238 165 21 Bondeständen
623 1238 75 21 väckta
713 1237 79 29 förslag
807 1244 34 15 om
852 1243 54 21 upp-

77 1267 92 21 förande
184 1267 23 21 af
220 1269 30 19 ett
266 1266 139 28 ständerhus;
422 1267 40 21 och
609 1284 3 4 :

150 1330 34 21 3:0
201 1332 31 18 att
253 1330 32 20 till
301 1330 67 26 tredje
383 1329 114 27 suppleant
513 1330 6 20 i
535 1330 244 26 Expeditionsutskottet
794 1329 45 21 från
855 1329 52 21 Pre-

78 1358 123 22 staständet
215 1360 78 19 utsetts
308 1358 49 21 herr
373 1358 126 27 Hornborg;
515 1358 108 22 äfvensom

151 1421 46 21 frän
214 1421 160 21 Bondeständet
388 1421 108 21 ankomna
512 1424 76 18 tvenne
603 1421 201 27 protokollsutdrag,
815 1420 36 22 det
863 1427 45 19 ena,

78 1450 24 20 af
124 1450 40 21 den
186 1450 26 21 26
228 1450 50 26 Maj,
295 1450 108 26 angäende
419 1450 101 21 Ständets
536 1450 70 21 beslut
621 1450 6 20 i
643 1450 113 26 anledning
771 1450 23 20 af
807 1449 101 21 Ständer-

80 1478 160 22 husutskottets
262 1479 142 27 nyssberörda
426 1478 143 26 betänkande,
592 1478 38 22 och
648 1479 36 20 det
698 1479 73 25 andra,
788 1478 22 21 af
824 1478 41 21 den
881 1478 27 21 28

81 1506 51 27 Maj,
154 1507 146 21 innefattande
323 1506 101 22 Ständets
446 1507 72 21 beslut
538 1507 90 21 rörande
644 1507 175 21 Statsutskottets
835 1506 74 22 betän-
