1078 1781
178 125 43 20 896
419 130 180 21 Borgareständet
611 130 54 18 1877.
690 131 26 17 29
729 130 48 21 Maj.

249 199 57 22 Herr
321 199 146 27 Procop6:
498 199 41 27 Jag
553 199 86 22 förenar
655 199 43 28 mig
713 206 35 15 om
763 199 49 22 herr
827 199 137 27 Tengströms
974 204 34 21 yr-

179 227 71 22 kande
266 228 27 27 pä
308 228 128 21 äterremiss.

250 289 69 22 Sedan
336 291 147 21 diskussionen
500 291 99 21 afslutats
616 291 132 21 framställde
764 291 49 21 herr
853 290 155 21 Talmannen

181 318 95 27 följande

250 381 213 27 Proposition:
495 382 32 21 De
548 388 45 15 som
616 382 114 27 godkänna
751 381 160 28 Lagutskottets
930 381 79 26 förslag

179 410 34 21 till
237 411 206 26 sammanjemkning
464 411 6 20 i
489 410 99 21 afseende
611 411 13 21 &
643 412 11 19 3
670 410 13 29 8
700 412 12 19 6
728 411 49 26 kap.
793 410 32 21 JB
840 416 61 15 svara
916 410 32 27 ja;
964 410 45 20 vin-

181 445 39 14 ner
243 439 32 26 nej
299 445 63 15 anses
384 439 181 27 Borgareständet
581 439 88 22 beslutit
684 441 32 19 att
733 439 156 21 återremittera
904 444 106 15 samman-

176 467 230 28 jemkningsförslaget
426 468 5 21 i
448 467 69 22 denna
533 468 33 21 del
583 468 31 21 till
631 468 152 27 Lagutskottet
799 467 34 21 för
847 469 32 19 att
895 467 114 21 omformu-

183 496 55 21 leras
261 496 6 21 i
291 497 35 20 det
349 496 55 27 syfte
423 498 32 19 att
478 496 33 21 för
527 497 25 20 de
568 496 44 25 fall,
629 497 37 20 der
682 497 158 20 bördemännen
856 498 37 19 äro
908 495 56 26 flere,
981 501 28 15 nu

181 524 101 27 gällande
304 525 207 27 lagsbestämningar
533 525 34 21 mä
590 525 118 21 bibehälles
732 525 38 21 och
794 525 82 21 säledes
895 524 27 21 dä
934 524 76 27 jorden

181 553 42 20 kan
248 553 58 22 delas
330 553 52 22 eller
404 554 30 21 täl
455 553 50 21 flere
529 555 25 19 än
574 560 25 14 en
615 554 41 21 äbo
672 553 53 22 hvar
741 556 49 24 tage
805 553 32 22 sin
853 553 40 22 lott
912 553 2 20 i
930 559 81 14 samma

183 581 134 22 förhällande
340 588 45 15 som
408 582 41 21 han
471 584 24 19 är
515 581 104 25 arffallen,
638 585 55 18 samt
713 585 33 18 att
762 582 75 21 endast
853 582 6 21 i
875 582 35 21 det
925 581 38 21 fall
978 583 32 19 att

181 610 68 21 sädan
274 610 86 27 delning
384 611 47 21 icke
453 611 42 20 kan
517 611 155 26 ifrägakomma
690 611 53 21 eller
756 611 75 26 jorden
847 610 46 21 icke
908 609 30 22 täl
954 616 57 15 mera

181 640 29 19 än
233 645 25 14 en
282 639 49 22 äbo,
354 639 137 26 lösningsrätt
507 639 33 21 för
555 639 47 26 den,
618 645 46 16 som
680 641 24 20 är
719 639 96 22 arffallen
831 639 32 21 till
878 641 69 19 större
963 638 47 27 lott,

182 667 36 21 mä
234 673 39 21 ega
288 673 52 16 rum.

252 729 42 22 Vid
320 730 132 27 omröstning
475 731 128 20 besvarades
626 731 68 20 denna
716 730 133 27 proposition
872 729 48 22 med
944 731 26 20 16
990 729 22 28 ja

181 758 42 21 och
247 759 27 20 22
296 759 44 26 nej;
364 759 40 21 och
427 759 54 21 hade
502 759 180 26 Borgareständet
702 759 84 21 säledes
805 759 86 21 beslutit
906 759 53 21 att
949 754 13 35 i
976 759 35 20 det

181 787 109 25 afseende,
314 793 75 15 senare
405 794 62 15 mom.
483 788 22 21 af
519 788 304 27 omröstningspropositionen
839 787 124 24 innehäller,
979 787 32 21 till

183 816 153 26 Lagutskottet
359 816 157 21 återremittera
539 816 320 27 sammanjemkningsförslaget
881 816 31 21 uti
933 815 79 27 ifräga-

182 845 95 20 varande
293 845 40 20 del.

253 907 43 21 För
312 907 24 21 sä
351 907 45 21 vidt
411 907 318 27 sammanjemkningsförslaget
745 907 76 27 angick
838 908 9 20 1
864 907 12 28 $
892 909 12 20 7
916 907 48 27 kap.
975 907 37 27 JB,

184 935 45 21 blef
244 935 120 22 detsamma
379 937 50 20 utan
446 936 120 21 diskussion
582 936 23 21 af
619 936 181 27 Borgareständet
815 936 115 26 godkändt.

254 1084 56 21 Herr
332 1084 180 22 Talmannen
534 1084 101 28 föredrog
656 1085 53 21 härä
732 1085 223 20 Ekonomiutskottets
974 1084 37 21 be-

181 1112 111 22 tänkande
312 1113 40 21 N:o
375 1113 27 21 10
425 1113 6 20 i
453 1113 114 27 anledning
581 1113 24 22 af
618 1116 31 19 ett
664 1114 5 20 i
685 1113 182 27 Borgareständet
891 1113 120 21 framstäldt

183 1141 187 28 petitionsförslag
393 1142 109 27 angäende
525 1142 153 27 inskränkning
695 1143 7 20 i
718 1141 132 22 handlandes
865 1143 43 20 rätt
923 1144 32 19 att
970 1141 43 22 för-

185 1169 54 28 sälja
254 1170 58 21 vissa
327 1170 57 27 slags
400 1170 151 27 spritdrycker.

255 1227 56 21 Herr
334 1227 149 27 Liljeros:
514 1227 150 22 Förevarande
681 1227 93 28 petition
790 1227 39 22 och
845 1227 167 22 utskottsbetän-

185 1256 71 21 kande
279 1256 63 21 hafva
366 1256 123 22 tillkommit
511 1256 6 21 i
541 1257 35 21 det
597 1257 55 27 goda
668 1256 55 28 syfte
739 1258 33 20 att
788 1256 108 21 förhindra
912 1256 102 27 drycken-

183 1284 143 27 skapslasten,
347 1291 49 15 men
416 1285 36 27 jag
474 1285 42 21 kan
537 1285 46 21 icke
605 1285 56 21 finna
684 1288 32 18 att
732 1285 42 21 den
789 1285 82 27 ätgärd,
887 1284 126 22 utskottet
1001 1280 15 36 i

184 1313 79 21 sådant
282 1313 98 21 afseende
396 1313 115 27 föreslagit,
527 1314 54 21 skall
597 1314 94 21 medföra
706 1313 86 27 äsyftad
807 1314 84 21 verkan.
914 1313 41 27 Jag
970 1315 44 25 tyc-

185 1341 39 21 ker
247 1344 33 19 att
302 1342 153 27 spritdrycker,
478 1348 33 15 om
535 1342 26 22 de
581 1342 96 28 försäljas
700 1342 22 22 af
740 1342 61 21 hvem
817 1348 44 15 som
877 1342 62 25 helst,
955 1341 60 22 alltid

184 1372 40 19 äro
246 1372 93 20 rusande
361 1371 39 21 och
425 1370 126 28 förderfliga.
583 1371 49 21 Man
654 1371 81 27 åsyftar
750 1377 76 21 genom
843 1370 68 22 denna
926 1370 88 27 petition

186 1400 32 19 att
241 1398 145 28 spritdrycker
409 1398 46 23 icke
478 1399 60 22 skola
556 1398 20 23 få
590 1400 116 21 utskänkas
722 1399 24 22 af
760 1399 67 21 andra
842 1400 26 18 än
884 1398 70 28 bolag,
969 1404 45 15 som

184 1426 128 22 tillkommit
327 1429 51 19 utan
394 1427 81 28 hänsyn
491 1428 32 21 till
539 1433 52 21 egen
605 1428 62 21 vinst.
699 1428 29 21 Af
738 1428 42 21 den
791 1427 120 22 erfarenhet
922 1427 19 21 vi
952 1426 63 22 hafva

186 1455 40 21 här
246 1455 7 21 i
277 1456 133 26 Helsingfors
432 1456 39 22 och
487 1457 89 21 oaktadt
591 1456 131 27 Helsingfors
738 1456 278 27 utskänkningsaktiebolag

185 1483 102 27 iakttagit
310 1484 28 22 all
362 1485 72 27 möjlig
456 1485 110 26 stränghet
585 1485 35 21 vid
642 1485 172 26 utskänkningen
833 1484 22 22 af
872 1484 94 26 bränvin,
982 1490 34 16 ser

185 1518 51 15 man
260 1512 65 22 likväl
348 1515 33 19 att
401 1513 225 28 dryckenskapslasten
650 1514 45 21 icke
711 1514 84 21 kunnat
810 1513 126 22 förhindras.
967 1513 49 21 Man
