1078 1781
309 120 178 21 Borgareståndet
500 121 55 17 1877.
579 121 25 17 27
616 120 63 21 April.
863 116 41 20 621

75 195 62 16 mans
157 191 44 20 rätt
221 189 47 22 icke
284 189 69 21 skulle
369 189 126 26 förnärmas,
512 191 52 20 utan
581 189 59 22 detta
656 189 50 22 bero
722 189 87 22 alldeles
825 189 28 27 på
868 195 37 16 an-

75 219 68 20 sökan
165 218 6 21 i
193 218 97 21 enskilda
311 218 43 25 fall,
375 218 98 21 hvarföre
493 219 37 26 jag
551 218 37 21 ber
607 220 33 19 att
661 218 22 21 få
700 218 95 21 vidhålla
810 224 95 15 reserva-

75 247 79 21 tionen.

146 304 55 21 Herr
216 303 158 26 Wallgrén:
404 303 41 26 Jag
461 309 63 15 anser
539 303 141 26 uppkomsten
697 303 23 21 af
733 303 83 26 privata
831 303 73 22 skolor

76 333 53 21 böra
145 333 27 26 på
187 332 39 21 allt
241 333 43 20 sätt
300 331 113 27 befrämjas
428 331 39 22 och
483 333 34 20 att
532 333 70 20 staten
619 331 70 22 derför
704 331 66 22 borde
785 332 77 27 bevilja
877 333 27 20 de

75 362 36 21 vid
132 362 48 21 dem
201 360 104 22 anställde
326 360 69 21 lärare
416 361 130 20 åtminstone
562 367 26 14 en
603 360 34 21 del
652 360 24 21 af
690 361 25 20 de
731 360 112 27 förmåner,
858 367 45 15 som

76 390 121 21 tillkomma
220 389 26 21 de
269 389 87 26 publika
371 389 106 21 skolorna.
508 389 39 21 Ett
562 388 97 27 lämpligt
675 391 43 18 sätt
734 395 49 15 vore
798 391 32 19 att
846 389 58 21 med-

75 419 58 26 gifva
151 419 95 20 lärarene
262 419 42 20 rätt
320 417 33 21 till
369 417 238 28 tjensteårsberäkning.
637 418 42 26 Jag
695 419 23 19 är
733 424 25 14 en
775 417 129 26 funktionär,

75 454 47 15 som
144 447 47 21 icke
210 446 81 22 aflönas
311 446 21 21 af
352 448 76 24 staten,
446 447 37 26 jag
503 446 40 21 har
563 446 64 21 likväl
643 446 40 21 den
699 446 75 27 lyckan
790 448 32 19 att
837 447 68 20 räkna

76 475 105 27 tjensteår
197 475 39 22 och
252 475 68 21 skulle
336 474 57 21 finna
409 475 35 21 det
459 475 89 21 alldeles
564 475 144 26 egendomligt
719 481 34 15 om
765 475 45 21 icke
821 475 24 21 så
854 481 51 15 vore

76 504 66 21 fallet.
173 505 41 26 Jag
237 504 69 21 skulle
321 503 83 22 således
419 503 50 27 vilja
484 503 101 21 tillräkna
601 504 69 21 lärare
686 503 34 21 vid
735 503 82 27 privata
833 504 73 21 skolor

76 533 41 21 och
137 533 83 21 tilldela
241 533 47 20 dem
309 532 239 27 tjensteårsberäkning.
579 533 42 26 Jag
641 533 93 20 önskade
756 532 59 21 äfven
831 534 32 19 att
879 533 27 20 de

76 561 70 22 blefve
168 561 108 27 delaktiga
297 561 23 20 af
340 561 171 27 löneförhöjning
532 561 40 21 och
590 561 98 26 pension;
705 567 48 14 men
768 561 28 21 då
811 561 95 21 deremot

75 591 26 20 så
117 590 76 27 många
209 589 131 27 svårigheter
355 589 106 27 uppställa
477 590 39 26 sig,
533 590 23 21 så
566 589 37 21 vill
611 590 38 27 jag
660 589 128 22 åtminstone
798 589 108 27 tillstyrka

77 621 44 20 rätt
137 619 31 21 till
184 618 233 28 tjensteårsberäkning
431 619 7 20 i
453 618 101 21 afseende
569 619 13 20 å
597 618 122 21 befordran.

147 676 56 21 Herr
223 675 123 27 Öhberg.
376 675 42 27 Jag
434 675 37 21 ber
487 677 32 20 att
534 675 21 21 få
571 675 129 21 understöda
716 675 36 21 det
766 675 79 25 förslag
860 681 46 16 som

76 706 73 19 senast
157 705 23 20 af
189 705 49 20 herr
249 703 107 28 Wallgrén
365 704 132 25 framställts,
509 704 112 27 nemligen,
633 706 32 19 att
675 703 232 28 tjensteårsberäkning

76 733 70 21 skulle
162 733 120 21 tillkomma
298 733 68 20 lärare
382 733 34 20 vid
432 733 84 26 privata
531 733 151 20 läroanstalter
697 733 44 20 ifall
757 732 23 21 af
792 732 115 27 öfvergång

77 761 32 22 till
133 763 81 20 statens
236 762 71 27 tjenst.
338 761 56 21 Herr
414 761 101 21 Lindelöf
528 761 39 21 har
583 763 48 25 sagt
645 763 33 19 att
693 767 25 15 en
734 761 67 26 skola,
817 767 34 15 om
865 761 41 21 den

77 791 85 26 engång
177 791 96 20 kommer
288 789 33 22 till
337 790 69 26 stånd,
421 790 42 21 kan
479 789 83 22 erhålla
577 797 25 13 en
619 789 66 22 sådan
701 789 102 26 rättighet
818 789 32 22 för
860 790 47 21 sina

78 819 77 21 lärare.
185 819 48 20 Men
253 819 37 26 jag
312 819 72 26 lägger
405 819 44 26 vigt
465 819 72 26 derpå,
554 820 32 19 att
601 819 37 20 det
652 818 67 21 finnes
734 819 7 20 i
758 819 34 26 lag
806 819 101 26 stadgadt

77 850 34 18 att
126 854 26 14 en
167 847 67 26 skola,
250 847 63 21 hvars
328 853 98 20 program
443 847 38 21 och
499 847 130 27 reglemente
640 849 24 19 är
674 847 110 26 godkändt
795 847 22 20 af
826 849 81 19 statens

78 877 95 26 styrelse,
191 876 54 21 skall
266 875 82 22 erhålla
363 882 25 14 en
405 875 66 22 sådan
487 876 110 27 rättighet.
627 876 127 27 Derigenom
771 875 68 21 skulle
853 882 55 21 upp-

78 905 97 21 komsten
196 905 22 20 af
235 905 83 26 privata
339 905 72 20 skolor
431 904 120 27 befrämjas.
583 904 40 27 Jag
645 905 117 26 tillstyrker
778 904 81 21 således
875 906 32 19 att

77 933 67 21 sådan
167 933 239 27 tjensteårsberäkning,
428 939 43 15 som
496 933 38 21 här
553 935 24 19 är
591 933 74 26 ifråga,
681 933 66 21 måtte
763 933 98 26 tilläggas
877 933 31 20 lä-

78 968 55 19 rare,
149 968 46 15 som
210 961 56 28 gjort
282 961 32 27 sig
329 961 137 28 kompetenta
481 964 33 19 att
529 962 54 21 söka
598 961 73 28 dylika
686 961 151 27 befattningar.

149 1019 56 20 Herr
227 1019 49 20 Ek:
306 1019 42 27 Jag
369 1019 36 20 vill
426 1020 56 19 ännu
503 1025 25 14 en
549 1019 55 27 gång
626 1018 112 21 framhålla
753 1018 70 27 vigten
841 1018 20 21 af
876 1020 32 19 att

79 1047 70 21 lärare
169 1047 35 21 vid
222 1047 84 27 privata
321 1047 72 21 skolor
408 1048 69 20 skulle
494 1047 21 21 få
531 1047 94 21 beräkna
642 1047 101 27 tjensteår
758 1047 7 20 i
781 1047 99 20 afseende
896 1047 13 21 å

79 1076 94 26 pension,
194 1078 22 24 ty
236 1082 33 15 om
292 1082 24 15 en
337 1076 75 25 lärare,
432 1082 45 15 som
494 1076 63 21 söker
571 1076 32 27 sig
619 1075 59 22 öfver
693 1076 31 21 till
740 1077 81 19 statens
837 1075 71 27 tjenst,

80 1105 19 26 ej
115 1104 40 21 har
170 1104 80 21 sådana
265 1105 96 27 utsigter,
376 1105 24 20 så
415 1107 24 19 är
451 1105 38 27 jag
504 1105 43 20 viss
562 1104 28 27 på
605 1106 33 19 att
648 1104 86 27 dugliga
744 1104 83 26 privata
838 1104 70 21 lärare

79 1133 20 26 ej
119 1133 72 21 kunna
213 1133 38 21 fås.
282 1133 32 21 En
336 1133 75 25 lärare,
428 1139 44 15 som
495 1133 54 27 tjent
571 1133 36 21 vid
626 1135 31 19 ett
672 1133 70 27 privat
757 1133 104 26 läroverk,
877 1135 31 23 är,

80 1161 28 21 då
123 1161 42 22 han
181 1161 63 22 söker
259 1161 31 27 sig
306 1161 60 22 öfver
381 1162 33 21 till
430 1164 31 19 ett
477 1162 90 27 publikt,
584 1164 91 24 tvungen
692 1163 31 20 att
738 1161 6 20 i
756 1161 73 21 trettio
840 1161 24 21 år
874 1161 34 21 till

79 1190 59 27 tjena
153 1190 33 21 för
201 1193 32 18 att
248 1189 22 22 få
285 1190 38 21 full
336 1191 92 26 pension.
449 1191 40 21 Om
501 1190 78 21 honom
593 1190 83 27 engång
686 1190 89 26 beviljas
785 1189 125 27 tjensteårs-

81 1219 119 27 beräkning
221 1219 48 21 meä
290 1219 101 21 afseende
410 1219 13 21 &
439 1219 179 27 tjensteansöken,
635 1219 23 20 sä
674 1225 62 14 anser
749 1218 37 27 jag
801 1218 36 21 det
852 1218 57 27 sjelf-

81 1247 61 22 fallet
158 1250 32 19 att
205 1248 78 21 honom
299 1247 87 28 beviljas
402 1248 233 27 tjensteärsberäkning
650 1248 5 20 i
672 1247 99 22 afseende
787 1247 12 21 å
815 1247 94 27 pension.

81 1276 42 21 Det
142 1277 41 21 kan
205 1277 73 26 tyckas
302 1282 44 16 som
362 1283 35 15 om
413 1277 40 21 den
469 1276 182 27 omformulering,
667 1276 87 21 hvarom
770 1282 28 14 nu
813 1276 97 20 anhälles

80 1311 51 15 vore
153 1305 22 21 af
195 1306 60 26 ringa
274 1305 117 27 betydelse,
407 1312 46 14 men
471 1306 35 20 det
523 1307 25 19 är
563 1305 24 21 sä
602 1307 32 19 att
649 1306 51 25 säga
712 1306 31 20 ett
759 1304 103 21 lifsvilkor
877 1304 34 21 för

80 1334 42 20 den
143 1334 84 26 privata
242 1334 82 21 skolan.
354 1334 39 21 Om
410 1340 25 15 en
451 1334 70 21 lärare
537 1334 41 20 kan
595 1333 89 21 fortfara
699 1335 31 19 att
746 1333 57 26 tjena
819 1332 34 22 vid
868 1333 42 21 den

80 1362 84 27 privata
179 1363 74 21 skolan
269 1364 51 20 utan
336 1364 33 20 att
384 1362 79 22 förlora
478 1362 74 21 alltför
567 1362 85 27 mycket
667 1362 22 21 af
700 1362 26 21 de
741 1362 108 20 förmoner
864 1368 45 14 som

80 1391 66 27 tjenst
167 1392 34 20 vid
223 1398 25 14 en
269 1391 74 27 publik
364 1391 61 21 skola
447 1391 89 25 medför,
559 1391 24 21 sä
603 1391 63 21 söker
684 1390 41 21 han
746 1390 33 28 sig
794 1390 68 26 aldrig
878 1390 33 21 dit

80 1420 66 20 öfver.
175 1420 68 21 Anses
258 1420 84 27 engång
357 1420 26 20 de
398 1420 84 26 privata
497 1420 101 21 skolorna
613 1426 51 14 vara
677 1420 89 26 nyttiga,
777 1419 24 21 sä
812 1419 39 21 bör
861 1425 49 15 man

81 1448 100 21 befordra
203 1449 61 21 deras
285 1449 115 27 uppkomst
416 1449 39 21 och
471 1449 69 21 deruti
557 1449 38 20 bör
611 1448 46 21 icke
673 1448 56 26 ligga
745 1448 65 26 nägot
825 1454 44 14 som
886 1450 24 18 är

79 1477 111 21 stridande
213 1480 45 18 mot
280 1477 40 21 den
344 1477 88 27 princip,
453 1479 70 19 staten
544 1477 67 27 följer.
643 1476 74 22 Staten
740 1476 39 21 har
794 1476 65 21 redan
875 1476 35 21 vid

80 1505 122 22 ordnandet
217 1506 22 21 af
254 1505 120 22 folkskolan
392 1505 69 27 börjat
477 1506 51 27 följa
544 1512 26 14 en
585 1506 66 20 sädan
668 1511 65 15 norm.
754 1504 157 22 Folkskolorna
