1078 1781
304 138 179 22 Borgareståndet
496 139 55 17 1877.
575 139 26 17 22
614 139 47 21 Maj.
856 134 41 20 779

70 209 35 21 län
128 208 41 21 bör
190 207 113 27 förläggas,
320 213 33 16 om
370 208 36 21 det
422 207 53 22 skall
492 207 29 22 bli
536 207 6 21 i
559 207 108 27 Uleåborg
682 208 52 21 eller
749 208 7 21 i
772 208 125 25 Brahestad,

71 237 72 22 dertill
158 237 78 21 saknas
252 236 28 21 all
295 236 113 27 utredning
424 236 31 21 för
472 236 36 21 det
524 236 138 21 närvarande.
692 237 40 26 Jag
745 243 106 20 upprepar
871 237 28 26 på

71 266 36 21 det
129 272 28 15 nu
182 265 112 21 tillkomna
314 265 70 21 skälet
405 265 43 20 min
470 265 59 21 förra
544 265 99 21 anhållan
658 267 33 19 att
706 265 88 22 ärendet
809 265 46 22 icke
870 271 28 15 nu

71 295 66 21 måtte
153 294 34 21 till
200 294 69 25 någon
285 293 75 27 åtgärd
376 293 117 22 föranleda.
524 293 113 21 Dessutom
653 293 103 22 vidhåller
768 294 37 26 jag
820 296 32 19 att
862 294 36 21 det

71 325 23 19 är
117 329 26 15 en
168 321 148 28 narraktighet
340 323 31 20 att
390 328 47 15 man
454 322 23 21 af
491 322 82 21 bönder
589 322 62 21 söker
666 322 58 27 intyg
740 323 5 20 i
762 322 75 22 sådant
852 329 45 15 som

71 351 26 22 de
119 351 48 22 icke
189 350 73 27 förstå,
286 350 54 21 huru
364 350 108 27 hederliga
496 350 39 21 och
559 350 165 27 aktningsvärda
739 350 26 21 de
780 351 32 21 för
827 354 70 19 resten

70 380 35 21 må
121 387 57 15 vara.

139 437 10 22 I
166 437 114 26 anledning
296 437 22 20 af
332 437 25 20 de
372 436 110 27 yrkanden
498 443 45 14 som
561 437 72 21 derom
650 437 68 21 blifvit
732 437 75 26 gjorda
829 437 69 22 beslöt

70 465 93 22 Ståndet
179 467 32 20 att
226 465 124 27 ytterligare
359 465 116 26 bordlägga
486 465 89 22 ärendet
586 465 32 21 till
629 465 167 28 morgondagens
805 465 91 28 plenum.

139 591 57 21 Herr
212 591 46 21 Tal
268 597 119 14 mannen
403 590 100 28 föredrog
514 591 114 21 Allmänna
643 591 206 22 Besvärsutskottets
864 591 33 21 till

70 620 7 21 i
93 620 41 26 dag
160 619 118 27 bordlagda
298 619 135 21 betänkande
455 620 42 21 N:o
522 621 25 20 16
564 620 47 21 med
627 619 113 28 anledning
754 620 24 20 af
791 620 107 27 åtskilliga

70 649 57 21 inom
144 649 90 25 Preste-,
251 648 103 27 Borgare-
370 648 38 21 och
424 648 167 21 Bondestånden
607 649 76 20 väckta
701 648 114 27 petitioner
835 649 62 26 angå-

70 677 55 22 ende
141 677 83 21 landets
240 676 204 22 folkskoleväsende.

139 734 56 21 Herr
216 733 160 22 Lindblom:
398 734 40 27 Jag
461 733 97 22 anhåller
579 736 32 19 att
636 734 57 21 detta
714 734 133 21 betänkande
863 734 34 21 må

69 763 128 27 ytterligare
213 763 127 26 bordläggas
356 762 38 21 och
411 762 117 21 behandlas
543 763 54 20 först
616 763 3 20 i
635 763 152 26 sammanhang
801 763 48 21 med
862 763 36 21 det

70 791 135 22 betänkande
228 797 45 15 som
296 791 96 21 kommer
412 793 33 19 att
466 791 90 26 afgifvas
575 791 23 21 af
613 791 35 22 det
664 794 151 19 sammansatta
831 791 67 22 Stats-

69 820 41 21 och
125 820 218 25 Ekonomiutskottet,
360 820 90 21 rörande
466 820 75 26 anslag
557 820 32 21 till
602 820 212 21 folkskoleväsendet.
830 820 67 21 Dessa

69 849 73 26 frågor
165 849 83 26 ingripa
268 849 6 20 i
298 849 120 20 hvarandra
433 848 39 21 och
490 849 51 20 böra
557 849 71 20 derför
643 849 115 21 behandlas
773 849 7 21 i
796 851 29 19 ett
841 855 56 15 sam-

69 877 113 27 manhang.

139 934 56 21 Herr
210 935 129 20 Boström
356 934 97 21 biträdde
470 935 56 20 Herr
541 935 120 21 Lindblom.

139 991 31 22 På
191 992 57 21 Herr
270 991 187 22 Talmannens
479 993 48 20 med
546 992 113 26 anledning
675 992 22 21 af
711 992 61 21 dessa
787 992 109 27 yrkanden

69 1020 76 27 gjorda
168 1020 155 27 framställning
344 1020 45 21 blef
410 1021 89 20 ärendet
519 1021 124 27 ytterligare
664 1021 113 26 bordlagdt
799 1021 33 20 till
849 1021 47 21 dess

69 1051 155 19 sammansatta
240 1049 70 21 Stats-
325 1049 39 21 och
380 1049 225 22 Ekonomiutskottets
620 1049 134 22 betänkande
767 1049 6 21 i
784 1049 112 27 anledning

70 1078 23 21 af
111 1078 60 21 Hans
194 1077 118 27 Kejserliga
333 1077 111 27 Majestäts
460 1078 77 26 nådiga
552 1079 132 26 proposition
700 1078 107 27 angående
823 1078 73 26 anslag

70 1106 31 21 till
118 1106 208 21 folkskoleväsendet
342 1107 117 20 inkommit.

138 1256 102 20 Härefter
262 1256 111 27 föredrogs
395 1256 225 26 Järnvägsutskottets
641 1257 65 26 jemte
728 1256 110 22 skrifvelse
863 1257 33 21 för

69 1284 42 22 den
129 1285 26 20 14
170 1285 144 21 innevarande
329 1284 43 28 Maj
389 1285 32 21 till
437 1285 92 21 Ståndet
545 1285 124 21 öfversända
685 1285 134 22 betänkande
830 1286 39 21 N:o
883 1286 12 20 2

69 1314 6 20 i
91 1312 114 28 avledning
227 1312 22 22 af
266 1313 106 22 särskilda
387 1314 57 21 inom
461 1313 96 22 Stånden
574 1314 75 21 väckta
664 1314 113 27 petitioner
792 1321 33 15 om
839 1314 57 26 järn-

69 1341 180 27 vägsbyggnader.

138 1398 32 21 På
185 1399 80 21 Herrar
283 1399 146 21 Höckerts
449 1399 41 21 och
509 1399 142 27 Procopés
666 1400 96 26 yrkande
778 1399 45 22 blef
837 1399 59 21 detta

69 1426 134 22 betänkande
227 1427 113 27 bordlagdt
364 1427 32 22 till
420 1428 168 22 sammanträdet
611 1428 176 22 nästkommande
809 1428 87 27 torsdag

68 1456 41 21 den
125 1456 27 21 24
167 1456 8 21 i
190 1456 68 22 denna
273 1456 83 22 månad.
