1078 1781
173 122 42 21 476
400 127 178 21 Borgareståndet
591 127 56 17 1877.
672 128 24 16 10
710 126 63 22 April.

175 196 135 21 betänkande
326 196 6 21 i
348 195 113 28 anledning
477 196 22 21 af
513 196 40 21 den
569 196 77 27 nådiga
661 195 159 28 propositionen
836 201 34 15 om
885 195 117 22 förändrin-

175 231 38 20 gar
234 225 7 20 i
265 225 73 26 lagens
360 225 132 26 stadganden
512 231 34 14 om
562 225 64 21 oäkta
642 225 64 21 barns
721 224 93 25 arfsrätt,
831 224 39 21 och
886 224 35 21 det
936 224 67 21 andra

175 253 48 21 från
247 253 163 21 Presteståndet
432 253 21 22 af
475 259 81 16 samma
579 253 46 27 dag,
649 253 109 27 angående
781 252 101 21 Ståndets
905 252 68 21 beslut
996 253 5 20 i

175 288 81 15 samma
272 282 84 21 ärende.

244 413 62 22 Efter
330 413 67 22 skedd
417 414 149 26 föredragning
581 413 113 22 bordlades
710 413 32 21 till
757 415 62 19 nästa
835 413 84 26 plenum
935 412 67 21 Stats-

176 442 116 21 utskottets
308 442 134 21 betänkande
457 442 41 21 N:o
516 445 12 18 4
545 443 5 20 i
567 442 113 26 anledning
696 442 22 21 af
732 441 192 26 Borgareståndets
939 440 63 22 fram-

176 470 100 27 ställning
292 477 34 14 om
342 471 111 27 tryckning
469 471 22 21 af
505 471 106 21 Ståndens
627 470 246 27 diskussionsprotokoll.

245 653 42 20 Till
309 653 128 26 behandling
456 654 94 25 företogs
565 653 93 21 härefter
673 653 109 21 allmänna
797 652 207 21 Besvärsutskottets

177 681 32 20 till
232 682 6 20 i
262 682 40 25 dag
324 681 117 26 bordlagda
463 682 135 21 betänkande
621 682 47 21 med
692 681 114 26 anledning
821 681 22 21 af
857 687 24 15 en
898 681 6 20 i
919 681 84 20 Preste-

176 710 84 21 ståndet
276 710 62 21 väckt
354 711 88 26 petition
459 717 33 14 om
508 710 131 21 tillsättande
654 710 21 21 af
690 717 25 14 en
732 710 161 26 Statsarkeolog
908 716 27 14 m.
952 715 26 15 m.

244 767 11 21 I
271 767 113 26 anledning
400 767 61 22 häraf
475 767 84 28 yttrade
575 767 39 27 sig:

246 824 55 21 Herr
324 824 143 27 Ignatius:
498 825 46 21 Den
567 824 55 27 åsigt
644 831 44 14 som
712 825 6 20 i
741 824 139 21 förevarande
896 823 106 27 petitions-

176 852 78 27 förslag
277 853 79 20 uttalas
378 855 25 18 är
417 853 46 21 icke
480 859 26 21 ny
522 853 39 21 och
577 853 44 24 har,
638 854 129 20 åtminstone
784 852 31 21 till
831 853 31 20 sin
878 853 124 26 grundprin-

177 881 38 26 cip,
231 881 54 21 varit
301 881 88 22 föremål
404 881 33 21 för
452 882 25 21 de
492 885 33 18 tre
540 884 83 19 senaste
639 882 166 27 landtdagarnes
820 881 133 26 behandling,
965 881 38 20 allt

176 909 64 22 sedan
257 910 47 21 dess
320 909 34 22 vid
372 911 53 20 1867
441 911 35 20 års
491 910 111 26 Landtdag
618 911 137 20 Kanslirådet
771 910 53 21 Rein
842 909 62 27 höjde
915 909 32 21 sin
958 911 45 20 röst

176 937 33 22 för
229 939 51 20 våra
300 938 94 21 forntida
415 939 180 21 minnesmärkens
616 939 106 21 fredande.
754 938 29 21 Så
799 938 44 21 vidt
855 938 37 27 jag
907 940 41 23 vet,
964 938 39 21 har

176 966 130 27 syftesmålet
330 967 47 20 med
400 967 69 21 denna
489 967 89 26 petition
601 968 71 21 städse
695 967 6 20 i
725 967 109 27 principen
858 967 33 20 vid
906 966 97 27 samtlige

175 995 137 26 Landtdagar
335 997 49 19 rönt
404 998 31 19 ett
451 995 102 27 enhälligt
575 995 99 25 medhåll,
694 1003 47 14 men
758 995 47 21 icke
821 995 55 27 förty
891 997 24 19 är
930 995 71 26 frågan

175 1023 130 22 fortfarande
321 1024 102 27 oafgjord.

244 1052 42 27 Jag
301 1053 93 21 nämnde
411 1055 31 19 att
459 1053 40 20 den
514 1053 41 25 idé,
571 1059 45 15 som
633 1053 79 21 uttalas
727 1053 5 20 i
750 1053 59 20 detta
825 1052 179 27 petitionsförslag

176 1080 46 21 icke
238 1083 24 19 är
278 1087 32 20 ny,
327 1087 48 15 men
392 1088 47 14 man
455 1081 41 21 kan
513 1083 49 24 säga
577 1084 33 18 att
626 1082 40 20 den
682 1083 24 19 är
722 1088 26 14 en
766 1081 63 21 bland
846 1081 25 21 de
887 1081 54 20 älsta
959 1087 45 14 som

176 1109 68 22 finnas
269 1110 6 20 i
298 1110 109 23 historien,
430 1113 23 24 ty
475 1110 40 21 den
539 1110 38 21 har
592 1111 89 20 uttalats
703 1110 66 21 redan
786 1109 6 20 i
808 1109 202 26 menniskoslägtets.

176 1138 67 21 första
267 1138 145 21 barndomstid
436 1139 38 20 och
497 1139 67 21 finnes
586 1139 88 21 inristad
695 1139 5 20 i
717 1139 35 20 det
769 1138 109 21 sinaitiska
894 1137 110 27 lagbudet:

177 1166 41 24 »du
241 1167 54 20 skall
319 1167 65 20 hedra
404 1167 35 21 din
455 1167 58 21 fader
528 1167 39 22 och
583 1167 34 22 din
635 1167 89 21 moder”.
756 1167 102 21 Vördnad
873 1166 33 21 för
921 1166 83 21 fädrens

176 1195 78 26 minne,
270 1196 94 20 vördnad
380 1195 33 21 för
428 1196 101 21 historien
544 1195 39 22 har
599 1195 64 22 också
678 1196 80 21 funnits
774 1195 39 21 hos
828 1195 62 21 hvart
900 1195 50 24 folk,
959 1201 45 15 som

176 1223 46 21 haft
244 1230 26 15 en
292 1225 64 20 tanke
379 1225 27 25 på
429 1231 25 14 en
478 1225 91 25 framtid,
593 1231 45 15 som
661 1225 55 20 varit
732 1224 112 21 medveten
861 1230 34 15 om
910 1230 26 14 en
952 1229 52 20 egen

176 1252 84 22 tillvaro
284 1253 39 21 och
347 1259 33 15 om
404 1255 31 19 att
459 1254 35 20 det
509 1253 39 21 har
564 1260 25 14 en
605 1260 52 20 egen
674 1254 87 20 mission
777 1253 7 21 i
800 1252 85 22 verlden
901 1255 31 18 att
948 1252 56 27 fylla,

176 1281 39 21 och
232 1281 36 21 det
283 1282 67 20 måste
366 1282 101 21 särskildt
482 1284 87 19 nämnas
585 1282 32 20 till
633 1281 140 21 berömmelse
789 1281 32 21 för
837 1282 55 20 såväl
909 1280 96 27 Sveriges

176 1315 44 15 som
237 1310 101 21 Finlands
354 1310 52 25 folk,
422 1313 31 18 att
470 1311 24 20 de
510 1310 113 22 kanhända
639 1310 53 21 varit
708 1311 26 20 de
751 1310 68 21 första
834 1310 7 20 i
857 1310 91 26 Europa,
960 1315 45 15 som

176 1338 7 20 i
198 1338 166 27 lagstadganden
380 1338 59 27 gifvit
455 1339 84 27 uttryck
555 1340 22 20 åt
593 1340 69 20 denna
677 1338 108 27 naturliga
800 1338 80 21 känsla.
911 1338 42 21 Det
968 1344 38 14 var

177 1366 39 22 den
240 1370 57 18 store
318 1367 78 22 Gustaf
416 1367 21 21 II
458 1367 65 21 Adolf
537 1374 44 14 som
597 1374 76 20 genom
690 1368 40 21 den
747 1367 129 21 instruktion
893 1367 41 21 han
952 1367 53 20 1629

175 1395 38 26 gaf
235 1396 23 21 åt
286 1396 183 26 Riksantiqvarien
495 1396 53 21 först
570 1396 94 27 fridlyste
687 1396 53 21 våra
763 1395 139 21 fornminnen.
933 1395 73 21 Under

175 1423 87 28 konung
284 1424 52 22 Kari
351 1424 31 22 XI
398 1424 165 27 minderärighet
577 1425 118 21 inrättades
710 1427 33 19 ett
758 1424 102 21 särskildt
875 1424 131 26 antigvitets-

176 1452 115 27 kollegium
317 1453 39 21 och
382 1454 108 26 samtidigt
513 1453 122 21 utfärdades
658 1456 31 18 ett
711 1453 77 27 plakat
811 1452 51 22 eller
885 1452 70 28 påbud
971 1458 35 15 om

175 1481 71 25 gamla
269 1484 147 19 monumenter
439 1482 38 21 och
499 1482 137 27 antigviteter
650 1484 56 19 samt
722 1482 75 20 dessas
812 1481 74 27 skydd.
916 1480 68 22 Äfven
1000 1482 7 20 i

177 1510 11 19 2
209 1510 16 26 8
247 1511 28 21 48
298 1510 49 27 kap.
371 1510 29 20 M.
422 1510 23 22 B.
462 1510 21 22 af
500 1510 53 22 1734
568 1511 35 21 års
618 1510 34 27 lag
667 1510 63 22 hafva
746 1510 20 20 vi
782 1512 32 19 ett
829 1509 116 27 stadgande
960 1515 46 15 som
