<?xml version="1.0" encoding="UTF-8"?>
<alto xmlns="http://www.loc.gov/standards/alto/ns-v3#" xmlns:xlink="http://www.w3.org/1999/xlink" xmlns:xsi="http://www.w3.org/2001/XMLSchema-instance" xsi:schemaLocation="http://www.loc.gov/standards/alto/ns-v3# http://www.loc.gov/alto/v3/alto-3-0.xsd">
	<Description>
		<MeasurementUnit>pixel</MeasurementUnit>
		<sourceImageInformation>
			<fileName>/tmp/tess_ugd049oh_input.PNG</fileName>
		</sourceImageInformation>
		<OCRProcessing ID="OCR_0">
			<ocrProcessingStep>
				<processingSoftware>
					<softwareName>tesseract 5.3.4</softwareName>
				</processingSoftware>
			</ocrProcessingStep>
		</OCRProcessing>
	</Description>
	<Layout>
		<Page WIDTH="1078" HEIGHT="1781" PHYSICAL_IMG_NR="0" ID="page_0">
			<PrintSpace HPOS="0" VPOS="0" WIDTH="1078" HEIGHT="1781">
				<GraphicalElement ID="cblock_0" HPOS="75" VPOS="169" WIDTH="811" HEIGHT="4"></GraphicalElement >
				<ComposedBlock ID="cblock_1" HPOS="298" VPOS="135" WIDTH="584" HEIGHT="25">
					<TextBlock ID="block_0" HPOS="298" VPOS="135" WIDTH="584" HEIGHT="25">
						<TextLine ID="line_0" HPOS="298" VPOS="135" WIDTH="584" HEIGHT="25">
							<String ID="string_0" HPOS="298" VPOS="140" WIDTH="179" HEIGHT="20" WC="0.91" CONTENT="Borgareståndet"/><SP WIDTH="13" VPOS="140" HPOS="477"/>
							<String ID="string_1" HPOS="490" VPOS="140" WIDTH="54" HEIGHT="17" WC="0.96" CONTENT="1877."/><SP WIDTH="31" VPOS="140" HPOS="544"/>
							<String ID="string_2" HPOS="575" VPOS="141" WIDTH="26" HEIGHT="15" WC="0.94" CONTENT="22"/><SP WIDTH="12" VPOS="141" HPOS="601"/>
							<String ID="string_3" HPOS="613" VPOS="140" WIDTH="48" HEIGHT="20" WC="0.96" CONTENT="Maj."/><SP WIDTH="183" VPOS="140" HPOS="661"/>
							<String ID="string_4" HPOS="844" VPOS="135" WIDTH="38" HEIGHT="20" WC="0.94" CONTENT="761"/>
						</TextLine>
					</TextBlock>
				</ComposedBlock>
				<ComposedBlock ID="cblock_2" HPOS="59" VPOS="208" WIDTH="827" HEIGHT="688">
					<TextBlock ID="block_1" HPOS="59" VPOS="208" WIDTH="827" HEIGHT="688">
						<TextLine ID="line_1" HPOS="129" VPOS="208" WIDTH="756" HEIGHT="27">
							<String ID="string_5" HPOS="129" VPOS="210" WIDTH="55" HEIGHT="21" WC="0.96" CONTENT="Herr"/><SP WIDTH="16" VPOS="210" HPOS="184"/>
							<String ID="string_6" HPOS="200" VPOS="211" WIDTH="125" HEIGHT="20" WC="0.95" CONTENT="Kurtén:"/><SP WIDTH="31" VPOS="211" HPOS="325"/>
							<String ID="string_7" HPOS="356" VPOS="209" WIDTH="40" HEIGHT="26" WC="0.96" CONTENT="Jag"/><SP WIDTH="20" VPOS="209" HPOS="396"/>
							<String ID="string_8" HPOS="416" VPOS="209" WIDTH="92" HEIGHT="26" WC="0.95" CONTENT="begärde"/><SP WIDTH="22" VPOS="209" HPOS="508"/>
							<String ID="string_9" HPOS="530" VPOS="209" WIDTH="61" HEIGHT="21" WC="0.96" CONTENT="ordet"/><SP WIDTH="20" VPOS="209" HPOS="591"/>
							<String ID="string_10" HPOS="611" VPOS="209" WIDTH="75" HEIGHT="20" WC="0.96" CONTENT="endast"/><SP WIDTH="16" VPOS="209" HPOS="686"/>
							<String ID="string_11" HPOS="702" VPOS="208" WIDTH="33" HEIGHT="21" WC="0.96" CONTENT="för"/><SP WIDTH="15" VPOS="208" HPOS="735"/>
							<String ID="string_12" HPOS="750" VPOS="211" WIDTH="32" HEIGHT="18" WC="0.96" CONTENT="att"/><SP WIDTH="15" VPOS="211" HPOS="782"/>
							<String ID="string_13" HPOS="797" VPOS="209" WIDTH="88" HEIGHT="26" WC="0.96" CONTENT="upplysa"/>
						</TextLine>
						<TextLine ID="line_2" HPOS="60" VPOS="237" WIDTH="826" HEIGHT="28">
							<String ID="string_14" HPOS="60" VPOS="245" WIDTH="34" HEIGHT="15" WC="0.96" CONTENT="om"/><SP WIDTH="16" VPOS="245" HPOS="94"/>
							<String ID="string_15" HPOS="110" VPOS="241" WIDTH="32" HEIGHT="18" WC="0.96" CONTENT="att"/><SP WIDTH="15" VPOS="241" HPOS="142"/>
							<String ID="string_16" HPOS="157" VPOS="239" WIDTH="40" HEIGHT="20" WC="0.96" CONTENT="den"/><SP WIDTH="13" VPOS="239" HPOS="197"/>
							<String ID="string_17" HPOS="210" VPOS="239" WIDTH="139" HEIGHT="25" WC="0.96" CONTENT="anmärkning"/><SP WIDTH="13" VPOS="239" HPOS="349"/>
							<String ID="string_18" HPOS="362" VPOS="238" WIDTH="37" HEIGHT="26" WC="0.96" CONTENT="jag"/><SP WIDTH="15" VPOS="238" HPOS="399"/>
							<String ID="string_19" HPOS="414" VPOS="238" WIDTH="73" HEIGHT="27" WC="0.96" CONTENT="gjorde"/><SP WIDTH="21" VPOS="238" HPOS="487"/>
							<String ID="string_20" HPOS="508" VPOS="237" WIDTH="109" HEIGHT="28" WC="0.96" CONTENT="angående"/><SP WIDTH="17" VPOS="237" HPOS="617"/>
							<String ID="string_21" HPOS="634" VPOS="237" WIDTH="101" HEIGHT="21" WC="0.96" CONTENT="Finlands"/><SP WIDTH="15" VPOS="237" HPOS="735"/>
							<String ID="string_22" HPOS="750" VPOS="237" WIDTH="71" HEIGHT="21" WC="0.93" CONTENT="Banks"/><SP WIDTH="16" VPOS="237" HPOS="821"/>
							<String ID="string_23" HPOS="837" VPOS="239" WIDTH="49" HEIGHT="24" WC="0.93" CONTENT="väg-"/>
						</TextLine>
						<TextLine ID="line_3" HPOS="60" VPOS="266" WIDTH="826" HEIGHT="28">
							<String ID="string_24" HPOS="60" VPOS="274" WIDTH="38" HEIGHT="14" WC="0.94" CONTENT="ran"/><SP WIDTH="23" VPOS="274" HPOS="98"/>
							<String ID="string_25" HPOS="121" VPOS="270" WIDTH="32" HEIGHT="18" WC="0.93" CONTENT="att"/><SP WIDTH="22" VPOS="270" HPOS="153"/>
							<String ID="string_26" HPOS="175" VPOS="269" WIDTH="107" HEIGHT="25" WC="0.91" CONTENT="emottaga"/><SP WIDTH="22" VPOS="269" HPOS="282"/>
							<String ID="string_27" HPOS="304" VPOS="267" WIDTH="142" HEIGHT="26" WC="0.96" CONTENT="insättningar"/><SP WIDTH="23" VPOS="267" HPOS="446"/>
							<String ID="string_28" HPOS="469" VPOS="266" WIDTH="27" HEIGHT="27" WC="0.93" CONTENT="på"/><SP WIDTH="23" VPOS="266" HPOS="496"/>
							<String ID="string_29" HPOS="519" VPOS="273" WIDTH="52" HEIGHT="20" WC="0.92" CONTENT="upp-"/><SP WIDTH="16" VPOS="273" HPOS="571"/>
							<String ID="string_30" HPOS="587" VPOS="266" WIDTH="39" HEIGHT="21" WC="0.93" CONTENT="och"/><SP WIDTH="17" VPOS="266" HPOS="626"/>
							<String ID="string_31" HPOS="643" VPOS="266" WIDTH="138" HEIGHT="25" WC="0.92" CONTENT="afskrifnings"/><SP WIDTH="15" VPOS="266" HPOS="781"/>
							<String ID="string_32" HPOS="796" VPOS="266" WIDTH="90" HEIGHT="26" WC="0.96" CONTENT="räkning"/>
						</TextLine>
						<TextLine ID="line_4" HPOS="59" VPOS="294" WIDTH="826" HEIGHT="23">
							<String ID="string_33" HPOS="59" VPOS="296" WIDTH="47" HEIGHT="21" WC="0.95" CONTENT="icke"/><SP WIDTH="16" VPOS="296" HPOS="106"/>
							<String ID="string_34" HPOS="122" VPOS="296" WIDTH="41" HEIGHT="21" WC="0.97" CONTENT="kan"/><SP WIDTH="17" VPOS="296" HPOS="163"/>
							<String ID="string_35" HPOS="180" VPOS="296" WIDTH="62" HEIGHT="21" WC="0.96" CONTENT="hafva"/><SP WIDTH="20" VPOS="296" HPOS="242"/>
							<String ID="string_36" HPOS="262" VPOS="296" WIDTH="54" HEIGHT="21" WC="0.93" CONTENT="varit"/><SP WIDTH="22" VPOS="296" HPOS="316"/>
							<String ID="string_37" HPOS="338" VPOS="295" WIDTH="111" HEIGHT="21" WC="0.92" CONTENT="föranledd"/><SP WIDTH="16" VPOS="295" HPOS="449"/>
							<String ID="string_38" HPOS="465" VPOS="295" WIDTH="22" HEIGHT="20" WC="0.96" CONTENT="af"/><SP WIDTH="15" VPOS="295" HPOS="487"/>
							<String ID="string_39" HPOS="502" VPOS="295" WIDTH="40" HEIGHT="20" WC="0.96" CONTENT="den"/><SP WIDTH="17" VPOS="295" HPOS="542"/>
							<String ID="string_40" HPOS="559" VPOS="295" WIDTH="62" HEIGHT="20" WC="0.96" CONTENT="orsak"/><SP WIDTH="17" VPOS="295" HPOS="621"/>
							<String ID="string_41" HPOS="638" VPOS="301" WIDTH="45" HEIGHT="14" WC="0.96" CONTENT="som"/><SP WIDTH="16" VPOS="301" HPOS="683"/>
							<String ID="string_42" HPOS="699" VPOS="301" WIDTH="25" HEIGHT="14" WC="0.93" CONTENT="en"/><SP WIDTH="16" VPOS="301" HPOS="724"/>
							<String ID="string_43" HPOS="740" VPOS="294" WIDTH="145" HEIGHT="22" WC="0.92" CONTENT="Bankutskot-"/>
						</TextLine>
						<TextLine ID="line_5" HPOS="60" VPOS="323" WIDTH="825" HEIGHT="28">
							<String ID="string_44" HPOS="60" VPOS="327" WIDTH="42" HEIGHT="18" WC="0.92" CONTENT="tets"/><SP WIDTH="16" VPOS="327" HPOS="102"/>
							<String ID="string_45" HPOS="118" VPOS="325" WIDTH="90" HEIGHT="20" WC="0.93" CONTENT="medlem"/><SP WIDTH="16" VPOS="325" HPOS="208"/>
							<String ID="string_46" HPOS="224" VPOS="324" WIDTH="109" HEIGHT="27" WC="0.91" CONTENT="uppgifvit,"/><SP WIDTH="17" VPOS="324" HPOS="333"/>
							<String ID="string_47" HPOS="350" VPOS="324" WIDTH="105" HEIGHT="26" WC="0.91" CONTENT="nemligen"/><SP WIDTH="22" VPOS="324" HPOS="455"/>
							<String ID="string_48" HPOS="477" VPOS="326" WIDTH="32" HEIGHT="19" WC="0.96" CONTENT="att"/><SP WIDTH="16" VPOS="326" HPOS="509"/>
							<String ID="string_49" HPOS="525" VPOS="323" WIDTH="110" HEIGHT="21" WC="0.96" CONTENT="lokalerna"/><SP WIDTH="15" VPOS="323" HPOS="635"/>
							<String ID="string_50" HPOS="650" VPOS="323" WIDTH="32" HEIGHT="20" WC="0.96" CONTENT="för"/><SP WIDTH="16" VPOS="323" HPOS="682"/>
							<String ID="string_51" HPOS="698" VPOS="323" WIDTH="95" HEIGHT="20" WC="0.95" CONTENT="bankens"/><SP WIDTH="14" VPOS="323" HPOS="793"/>
							<String ID="string_52" HPOS="807" VPOS="324" WIDTH="78" HEIGHT="21" WC="0.96" CONTENT="kontor"/>
						</TextLine>
						<TextLine ID="line_6" HPOS="59" VPOS="351" WIDTH="826" HEIGHT="28">
							<String ID="string_53" HPOS="59" VPOS="353" WIDTH="7" HEIGHT="20" WC="0.96" CONTENT="i"/><SP WIDTH="16" VPOS="353" HPOS="66"/>
							<String ID="string_54" HPOS="82" VPOS="353" WIDTH="122" HEIGHT="22" WC="0.96" CONTENT="landsorten"/><SP WIDTH="23" VPOS="353" HPOS="204"/>
							<String ID="string_55" HPOS="227" VPOS="353" WIDTH="68" HEIGHT="21" WC="0.96" CONTENT="skulle"/><SP WIDTH="22" VPOS="353" HPOS="295"/>
							<String ID="string_56" HPOS="317" VPOS="353" WIDTH="63" HEIGHT="20" WC="0.96" CONTENT="hafva"/><SP WIDTH="24" VPOS="353" HPOS="380"/>
							<String ID="string_57" HPOS="404" VPOS="353" WIDTH="53" HEIGHT="20" WC="0.96" CONTENT="varit"/><SP WIDTH="24" VPOS="353" HPOS="457"/>
							<String ID="string_58" HPOS="481" VPOS="353" WIDTH="125" HEIGHT="26" WC="0.96" CONTENT="olämpliga;"/><SP WIDTH="24" VPOS="353" HPOS="606"/>
							<String ID="string_59" HPOS="630" VPOS="354" WIDTH="22" HEIGHT="24" WC="0.96" CONTENT="ty"/><SP WIDTH="16" VPOS="354" HPOS="652"/>
							<String ID="string_60" HPOS="668" VPOS="351" WIDTH="6" HEIGHT="21" WC="0.96" CONTENT="i"/><SP WIDTH="16" VPOS="351" HPOS="674"/>
							<String ID="string_61" HPOS="690" VPOS="354" WIDTH="30" HEIGHT="18" WC="0.96" CONTENT="ett"/><SP WIDTH="16" VPOS="354" HPOS="720"/>
							<String ID="string_62" HPOS="736" VPOS="351" WIDTH="37" HEIGHT="22" WC="0.95" CONTENT="fall"/><SP WIDTH="17" VPOS="351" HPOS="773"/>
							<String ID="string_63" HPOS="790" VPOS="357" WIDTH="44" HEIGHT="16" WC="0.96" CONTENT="som"/><SP WIDTH="14" VPOS="357" HPOS="834"/>
							<String ID="string_64" HPOS="848" VPOS="352" WIDTH="37" HEIGHT="26" WC="0.96" CONTENT="jag"/>
						</TextLine>
						<TextLine ID="line_7" HPOS="61" VPOS="380" WIDTH="824" HEIGHT="27">
							<String ID="string_65" HPOS="61" VPOS="382" WIDTH="101" HEIGHT="21" WC="0.96" CONTENT="särskildt"/><SP WIDTH="22" VPOS="382" HPOS="162"/>
							<String ID="string_66" HPOS="184" VPOS="382" WIDTH="80" HEIGHT="21" WC="0.95" CONTENT="känner"/><SP WIDTH="23" VPOS="382" HPOS="264"/>
							<String ID="string_67" HPOS="287" VPOS="383" WIDTH="23" HEIGHT="19" WC="0.96" CONTENT="är"/><SP WIDTH="23" VPOS="383" HPOS="310"/>
							<String ID="string_68" HPOS="333" VPOS="381" WIDTH="84" HEIGHT="21" WC="0.63" CONTENT="lokalen"/><SP WIDTH="20" VPOS="381" HPOS="417"/>
							<String ID="string_69" HPOS="437" VPOS="381" WIDTH="42" HEIGHT="26" WC="0.96" CONTENT="god"/><SP WIDTH="16" VPOS="381" HPOS="479"/>
							<String ID="string_70" HPOS="495" VPOS="381" WIDTH="20" HEIGHT="25" WC="0.96" CONTENT="ja"/><SP WIDTH="16" VPOS="381" HPOS="515"/>
							<String ID="string_71" HPOS="531" VPOS="381" WIDTH="90" HEIGHT="26" WC="0.96" CONTENT="troligen"/><SP WIDTH="17" VPOS="381" HPOS="621"/>
							<String ID="string_72" HPOS="638" VPOS="381" WIDTH="39" HEIGHT="20" WC="0.96" CONTENT="den"/><SP WIDTH="17" VPOS="381" HPOS="677"/>
							<String ID="string_73" HPOS="694" VPOS="380" WIDTH="61" HEIGHT="21" WC="0.93" CONTENT="bästa"/><SP WIDTH="16" VPOS="380" HPOS="755"/>
							<String ID="string_74" HPOS="771" VPOS="380" WIDTH="114" HEIGHT="27" WC="0.92" CONTENT="banklokal"/>
						</TextLine>
						<TextLine ID="line_8" HPOS="61" VPOS="409" WIDTH="823" HEIGHT="25">
							<String ID="string_75" HPOS="61" VPOS="417" WIDTH="44" HEIGHT="14" WC="0.96" CONTENT="som"/><SP WIDTH="24" VPOS="417" HPOS="105"/>
							<String ID="string_76" HPOS="129" VPOS="411" WIDTH="67" HEIGHT="21" WC="0.95" CONTENT="finnes"/><SP WIDTH="22" VPOS="411" HPOS="196"/>
							<String ID="string_77" HPOS="218" VPOS="411" WIDTH="6" HEIGHT="20" WC="0.96" CONTENT="i"/><SP WIDTH="22" VPOS="411" HPOS="224"/>
							<String ID="string_78" HPOS="246" VPOS="410" WIDTH="49" HEIGHT="21" WC="0.96" CONTENT="hela"/><SP WIDTH="23" VPOS="410" HPOS="295"/>
							<String ID="string_79" HPOS="318" VPOS="409" WIDTH="97" HEIGHT="25" WC="0.93" CONTENT="Finland,"/><SP WIDTH="23" VPOS="409" HPOS="415"/>
							<String ID="string_80" HPOS="438" VPOS="409" WIDTH="182" HEIGHT="21" WC="0.92" CONTENT="hufvudkontoret"/><SP WIDTH="21" VPOS="409" HPOS="620"/>
							<String ID="string_81" HPOS="641" VPOS="409" WIDTH="147" HEIGHT="20" WC="0.88" CONTENT="inberäknadt."/><SP WIDTH="29" VPOS="409" HPOS="788"/>
							<String ID="string_82" HPOS="817" VPOS="409" WIDTH="67" HEIGHT="21" WC="0.83" CONTENT="Afven"/>
						</TextLine>
						<TextLine ID="line_9" HPOS="60" VPOS="437" WIDTH="825" HEIGHT="29">
							<String ID="string_83" HPOS="60" VPOS="439" WIDTH="49" HEIGHT="21" WC="0.97" CONTENT="ville"/><SP WIDTH="14" VPOS="439" HPOS="109"/>
							<String ID="string_84" HPOS="123" VPOS="440" WIDTH="36" HEIGHT="26" WC="0.96" CONTENT="jag"/><SP WIDTH="16" VPOS="440" HPOS="159"/>
							<String ID="string_85" HPOS="175" VPOS="441" WIDTH="51" HEIGHT="25" WC="0.96" CONTENT="göra"/><SP WIDTH="22" VPOS="441" HPOS="226"/>
							<String ID="string_86" HPOS="248" VPOS="445" WIDTH="25" HEIGHT="14" WC="0.96" CONTENT="en"/><SP WIDTH="16" VPOS="445" HPOS="273"/>
							<String ID="string_87" HPOS="289" VPOS="439" WIDTH="141" HEIGHT="26" WC="0.95" CONTENT="anmärkning"/><SP WIDTH="24" VPOS="439" HPOS="430"/>
							<String ID="string_88" HPOS="454" VPOS="441" WIDTH="44" HEIGHT="18" WC="0.96" CONTENT="mot"/><SP WIDTH="24" VPOS="441" HPOS="498"/>
							<String ID="string_89" HPOS="522" VPOS="438" WIDTH="55" HEIGHT="21" WC="0.95" CONTENT="Herr"/><SP WIDTH="24" VPOS="438" HPOS="577"/>
							<String ID="string_90" HPOS="601" VPOS="438" WIDTH="102" HEIGHT="26" WC="0.82" CONTENT="Ignatius”"/><SP WIDTH="16" VPOS="438" HPOS="703"/>
							<String ID="string_91" HPOS="719" VPOS="437" WIDTH="78" HEIGHT="26" WC="0.96" CONTENT="förslag"/><SP WIDTH="15" VPOS="437" HPOS="797"/>
							<String ID="string_92" HPOS="812" VPOS="438" WIDTH="73" HEIGHT="21" WC="0.96" CONTENT="derom"/>
						</TextLine>
						<TextLine ID="line_10" HPOS="60" VPOS="466" WIDTH="825" HEIGHT="28">
							<String ID="string_93" HPOS="60" VPOS="469" WIDTH="33" HEIGHT="20" WC="0.93" CONTENT="att"/><SP WIDTH="15" VPOS="469" HPOS="93"/>
							<String ID="string_94" HPOS="108" VPOS="468" WIDTH="200" HEIGHT="26" WC="0.90" CONTENT="bankfullmäktiges"/><SP WIDTH="23" VPOS="468" HPOS="308"/>
							<String ID="string_95" HPOS="331" VPOS="467" WIDTH="59" HEIGHT="21" WC="0.96" CONTENT="antal"/><SP WIDTH="21" VPOS="467" HPOS="390"/>
							<String ID="string_96" HPOS="411" VPOS="467" WIDTH="68" HEIGHT="20" WC="0.96" CONTENT="skulle"/><SP WIDTH="23" VPOS="467" HPOS="479"/>
							<String ID="string_97" HPOS="502" VPOS="467" WIDTH="117" HEIGHT="20" WC="0.96" CONTENT="förstärkas"/><SP WIDTH="21" VPOS="467" HPOS="619"/>
							<String ID="string_98" HPOS="640" VPOS="466" WIDTH="30" HEIGHT="21" WC="0.96" CONTENT="till"/><SP WIDTH="23" VPOS="466" HPOS="670"/>
							<String ID="string_99" HPOS="693" VPOS="466" WIDTH="41" HEIGHT="21" WC="0.96" CONTENT="fem"/><SP WIDTH="16" VPOS="466" HPOS="734"/>
							<String ID="string_100" HPOS="750" VPOS="466" WIDTH="88" HEIGHT="21" WC="0.96" CONTENT="sålunda"/><SP WIDTH="15" VPOS="466" HPOS="838"/>
							<String ID="string_101" HPOS="853" VPOS="469" WIDTH="32" HEIGHT="18" WC="0.95" CONTENT="att"/>
						</TextLine>
						<TextLine ID="line_11" HPOS="61" VPOS="495" WIDTH="824" HEIGHT="28">
							<String ID="string_102" HPOS="61" VPOS="496" WIDTH="68" HEIGHT="21" WC="0.92" CONTENT="första"/><SP WIDTH="15" VPOS="496" HPOS="129"/>
							<String ID="string_103" HPOS="144" VPOS="497" WIDTH="138" HEIGHT="26" WC="0.91" CONTENT="suppleanten"/><SP WIDTH="23" VPOS="497" HPOS="282"/>
							<String ID="string_104" HPOS="305" VPOS="496" WIDTH="45" HEIGHT="21" WC="0.96" CONTENT="från"/><SP WIDTH="18" VPOS="496" HPOS="350"/>
							<String ID="string_105" HPOS="368" VPOS="495" WIDTH="73" HEIGHT="27" WC="0.96" CONTENT="hvarje"/><SP WIDTH="16" VPOS="495" HPOS="441"/>
							<String ID="string_106" HPOS="457" VPOS="495" WIDTH="67" HEIGHT="21" WC="0.93" CONTENT="Stånd"/><SP WIDTH="17" VPOS="495" HPOS="524"/>
							<String ID="string_107" HPOS="541" VPOS="495" WIDTH="66" HEIGHT="21" WC="0.92" CONTENT="turvis"/><SP WIDTH="16" VPOS="495" HPOS="607"/>
							<String ID="string_108" HPOS="623" VPOS="495" WIDTH="67" HEIGHT="21" WC="0.93" CONTENT="skulle"/><SP WIDTH="16" VPOS="495" HPOS="690"/>
							<String ID="string_109" HPOS="706" VPOS="495" WIDTH="116" HEIGHT="26" WC="0.91" CONTENT="tjenstgöra"/><SP WIDTH="15" VPOS="495" HPOS="822"/>
							<String ID="string_110" HPOS="837" VPOS="495" WIDTH="48" HEIGHT="21" WC="0.96" CONTENT="med"/>
						</TextLine>
						<TextLine ID="line_12" HPOS="60" VPOS="523" WIDTH="826" HEIGHT="28">
							<String ID="string_111" HPOS="60" VPOS="525" WIDTH="44" HEIGHT="21" WC="0.96" CONTENT="lika"/><SP WIDTH="15" VPOS="525" HPOS="104"/>
							<String ID="string_112" HPOS="119" VPOS="526" WIDTH="89" HEIGHT="19" WC="0.96" CONTENT="rösträtt"/><SP WIDTH="22" VPOS="526" HPOS="208"/>
							<String ID="string_113" HPOS="230" VPOS="531" WIDTH="44" HEIGHT="14" WC="0.96" CONTENT="som"/><SP WIDTH="24" VPOS="531" HPOS="274"/>
							<String ID="string_114" HPOS="298" VPOS="525" WIDTH="72" HEIGHT="26" WC="0.75" CONTENT="hvarje"/><SP WIDTH="23" VPOS="525" HPOS="370"/>
							<String ID="string_115" HPOS="393" VPOS="524" WIDTH="106" HEIGHT="21" WC="0.93" CONTENT="ordinarie"/><SP WIDTH="25" VPOS="524" HPOS="499"/>
							<String ID="string_116" HPOS="524" VPOS="523" WIDTH="182" HEIGHT="26" WC="0.91" CONTENT="bankfullmäktig."/><SP WIDTH="31" VPOS="523" HPOS="706"/>
							<String ID="string_117" HPOS="737" VPOS="523" WIDTH="86" HEIGHT="27" WC="0.90" CONTENT="Följden"/><SP WIDTH="17" VPOS="523" HPOS="823"/>
							<String ID="string_118" HPOS="840" VPOS="524" WIDTH="46" HEIGHT="21" WC="0.92" CONTENT="der-"/>
						</TextLine>
						<TextLine ID="line_13" HPOS="60" VPOS="552" WIDTH="826" HEIGHT="28">
							<String ID="string_119" HPOS="60" VPOS="553" WIDTH="47" HEIGHT="22" WC="0.96" CONTENT="utaf"/><SP WIDTH="14" VPOS="553" HPOS="107"/>
							<String ID="string_120" HPOS="121" VPOS="553" WIDTH="68" HEIGHT="21" WC="0.96" CONTENT="skulle"/><SP WIDTH="16" VPOS="553" HPOS="189"/>
							<String ID="string_121" HPOS="205" VPOS="560" WIDTH="50" HEIGHT="14" WC="0.95" CONTENT="vara"/><SP WIDTH="15" VPOS="560" HPOS="255"/>
							<String ID="string_122" HPOS="270" VPOS="555" WIDTH="32" HEIGHT="19" WC="0.96" CONTENT="att"/><SP WIDTH="15" VPOS="555" HPOS="302"/>
							<String ID="string_123" HPOS="317" VPOS="554" WIDTH="62" HEIGHT="26" WC="0.95" CONTENT="ingen"/><SP WIDTH="17" VPOS="554" HPOS="379"/>
							<String ID="string_124" HPOS="396" VPOS="553" WIDTH="129" HEIGHT="20" WC="0.96" CONTENT="kontinuitet"/><SP WIDTH="16" VPOS="553" HPOS="525"/>
							<String ID="string_125" HPOS="541" VPOS="553" WIDTH="5" HEIGHT="20" WC="0.93" CONTENT="i"/><SP WIDTH="17" VPOS="553" HPOS="546"/>
							<String ID="string_126" HPOS="563" VPOS="553" WIDTH="78" HEIGHT="26" WC="0.90" CONTENT="åsigter"/><SP WIDTH="11" VPOS="553" HPOS="641"/>
							<String ID="string_127" HPOS="652" VPOS="553" WIDTH="38" HEIGHT="20" WC="0.96" CONTENT="hos"/><SP WIDTH="14" VPOS="553" HPOS="690"/>
							<String ID="string_128" HPOS="704" VPOS="552" WIDTH="39" HEIGHT="21" WC="0.95" CONTENT="den"/><SP WIDTH="11" VPOS="552" HPOS="743"/>
							<String ID="string_129" HPOS="754" VPOS="552" WIDTH="64" HEIGHT="21" WC="0.93" CONTENT="femte"/><SP WIDTH="10" VPOS="552" HPOS="818"/>
							<String ID="string_130" HPOS="828" VPOS="553" WIDTH="58" HEIGHT="20" WC="0.92" CONTENT="leda-"/>
						</TextLine>
						<TextLine ID="line_14" HPOS="60" VPOS="581" WIDTH="824" HEIGHT="27">
							<String ID="string_131" HPOS="60" VPOS="585" WIDTH="71" HEIGHT="18" WC="0.92" CONTENT="moten"/><SP WIDTH="17" VPOS="585" HPOS="131"/>
							<String ID="string_132" HPOS="148" VPOS="582" WIDTH="67" HEIGHT="21" WC="0.96" CONTENT="skulle"/><SP WIDTH="16" VPOS="582" HPOS="215"/>
							<String ID="string_133" HPOS="231" VPOS="589" WIDTH="50" HEIGHT="14" WC="0.96" CONTENT="vara"/><SP WIDTH="21" VPOS="589" HPOS="281"/>
							<String ID="string_134" HPOS="302" VPOS="585" WIDTH="31" HEIGHT="18" WC="0.93" CONTENT="att"/><SP WIDTH="21" VPOS="585" HPOS="333"/>
							<String ID="string_135" HPOS="354" VPOS="581" WIDTH="107" HEIGHT="27" WC="0.87" CONTENT="påräkna;"/><SP WIDTH="18" VPOS="581" HPOS="461"/>
							<String ID="string_136" HPOS="479" VPOS="588" WIDTH="24" HEIGHT="14" WC="0.93" CONTENT="en"/><SP WIDTH="17" VPOS="588" HPOS="503"/>
							<String ID="string_137" HPOS="520" VPOS="581" WIDTH="65" HEIGHT="27" WC="0.93" CONTENT="vigtig"/><SP WIDTH="16" VPOS="581" HPOS="585"/>
							<String ID="string_138" HPOS="601" VPOS="582" WIDTH="58" HEIGHT="24" WC="0.96" CONTENT="fråga"/><SP WIDTH="16" VPOS="582" HPOS="659"/>
							<String ID="string_139" HPOS="675" VPOS="581" WIDTH="69" HEIGHT="20" WC="0.93" CONTENT="kunde"/><SP WIDTH="16" VPOS="581" HPOS="744"/>
							<String ID="string_140" HPOS="760" VPOS="583" WIDTH="14" HEIGHT="18" WC="0.92" CONTENT="t."/><SP WIDTH="18" VPOS="583" HPOS="774"/>
							<String ID="string_141" HPOS="792" VPOS="587" WIDTH="30" HEIGHT="15" WC="0.93" CONTENT="ex."/><SP WIDTH="16" VPOS="587" HPOS="822"/>
							<String ID="string_142" HPOS="838" VPOS="581" WIDTH="46" HEIGHT="20" WC="0.93" CONTENT="blif-"/>
						</TextLine>
						<TextLine ID="line_15" HPOS="59" VPOS="609" WIDTH="825" HEIGHT="28">
							<String ID="string_143" HPOS="59" VPOS="611" WIDTH="31" HEIGHT="21" WC="0.95" CONTENT="vit"/><SP WIDTH="17" VPOS="611" HPOS="90"/>
							<String ID="string_144" HPOS="107" VPOS="611" WIDTH="66" HEIGHT="21" WC="0.96" CONTENT="under"/><SP WIDTH="16" VPOS="611" HPOS="173"/>
							<String ID="string_145" HPOS="189" VPOS="617" WIDTH="25" HEIGHT="14" WC="0.96" CONTENT="en"/><SP WIDTH="16" VPOS="617" HPOS="214"/>
							<String ID="string_146" HPOS="230" VPOS="611" WIDTH="76" HEIGHT="20" WC="0.93" CONTENT="månad"/><SP WIDTH="22" VPOS="611" HPOS="306"/>
							<String ID="string_147" HPOS="328" VPOS="610" WIDTH="84" HEIGHT="27" WC="0.91" CONTENT="afgjord"/><SP WIDTH="23" VPOS="610" HPOS="412"/>
							<String ID="string_148" HPOS="435" VPOS="610" WIDTH="48" HEIGHT="21" WC="0.96" CONTENT="med"/><SP WIDTH="24" VPOS="610" HPOS="483"/>
							<String ID="string_149" HPOS="507" VPOS="613" WIDTH="32" HEIGHT="18" WC="0.96" CONTENT="tre"/><SP WIDTH="23" VPOS="613" HPOS="539"/>
							<String ID="string_150" HPOS="562" VPOS="612" WIDTH="69" HEIGHT="19" WC="0.96" CONTENT="röster"/><SP WIDTH="21" VPOS="612" HPOS="631"/>
							<String ID="string_151" HPOS="652" VPOS="612" WIDTH="57" HEIGHT="18" WC="0.96" CONTENT="emot"/><SP WIDTH="15" VPOS="612" HPOS="709"/>
							<String ID="string_152" HPOS="724" VPOS="609" WIDTH="42" HEIGHT="24" WC="0.94" CONTENT="två,"/><SP WIDTH="15" VPOS="609" HPOS="766"/>
							<String ID="string_153" HPOS="781" VPOS="616" WIDTH="47" HEIGHT="14" WC="0.96" CONTENT="men"/><SP WIDTH="17" VPOS="616" HPOS="828"/>
							<String ID="string_154" HPOS="845" VPOS="609" WIDTH="39" HEIGHT="21" WC="0.96" CONTENT="den"/>
						</TextLine>
						<TextLine ID="line_16" HPOS="61" VPOS="638" WIDTH="824" HEIGHT="28">
							<String ID="string_155" HPOS="61" VPOS="639" WIDTH="113" HEIGHT="27" WC="0.96" CONTENT="suppleant"/><SP WIDTH="15" VPOS="639" HPOS="174"/>
							<String ID="string_156" HPOS="189" VPOS="645" WIDTH="44" HEIGHT="15" WC="0.96" CONTENT="som"/><SP WIDTH="17" VPOS="645" HPOS="233"/>
							<String ID="string_157" HPOS="250" VPOS="639" WIDTH="92" HEIGHT="22" WC="0.92" CONTENT="derefter"/><SP WIDTH="16" VPOS="639" HPOS="342"/>
							<String ID="string_158" HPOS="358" VPOS="639" WIDTH="80" HEIGHT="21" WC="0.92" CONTENT="inträdt"/><SP WIDTH="16" VPOS="639" HPOS="438"/>
							<String ID="string_159" HPOS="454" VPOS="639" WIDTH="65" HEIGHT="21" WC="0.92" CONTENT="bland"/><SP WIDTH="17" VPOS="639" HPOS="519"/>
							<String ID="string_160" HPOS="536" VPOS="638" WIDTH="197" HEIGHT="26" WC="0.89" CONTENT="bankfullmäktige,"/><SP WIDTH="17" VPOS="638" HPOS="733"/>
							<String ID="string_161" HPOS="750" VPOS="638" WIDTH="67" HEIGHT="21" WC="0.96" CONTENT="skulle"/><SP WIDTH="16" VPOS="638" HPOS="817"/>
							<String ID="string_162" HPOS="833" VPOS="638" WIDTH="52" HEIGHT="27" WC="0.96" CONTENT="hysa"/>
						</TextLine>
						<TextLine ID="line_17" HPOS="61" VPOS="667" WIDTH="824" HEIGHT="27">
							<String ID="string_163" HPOS="61" VPOS="675" WIDTH="81" HEIGHT="14" WC="0.93" CONTENT="samma"/><SP WIDTH="23" VPOS="675" HPOS="142"/>
							<String ID="string_164" HPOS="165" VPOS="668" WIDTH="54" HEIGHT="26" WC="0.83" CONTENT="åsigt"/><SP WIDTH="23" VPOS="668" HPOS="219"/>
							<String ID="string_165" HPOS="242" VPOS="675" WIDTH="44" HEIGHT="14" WC="0.95" CONTENT="som"/><SP WIDTH="23" VPOS="675" HPOS="286"/>
							<String ID="string_166" HPOS="309" VPOS="668" WIDTH="57" HEIGHT="26" WC="0.93" CONTENT="legat"/><SP WIDTH="23" VPOS="668" HPOS="366"/>
							<String ID="string_167" HPOS="389" VPOS="668" WIDTH="66" HEIGHT="20" WC="0.96" CONTENT="under"/><SP WIDTH="24" VPOS="668" HPOS="455"/>
							<String ID="string_168" HPOS="479" VPOS="667" WIDTH="34" HEIGHT="22" WC="0.96" CONTENT="vid"/><SP WIDTH="24" VPOS="667" HPOS="513"/>
							<String ID="string_169" HPOS="537" VPOS="667" WIDTH="56" HEIGHT="21" WC="0.96" CONTENT="förra"/><SP WIDTH="28" VPOS="667" HPOS="593"/>
							<String ID="string_170" HPOS="621" VPOS="667" WIDTH="156" HEIGHT="26" WC="0.95" CONTENT="omröstningen"/><SP WIDTH="23" VPOS="667" HPOS="777"/>
							<String ID="string_171" HPOS="800" VPOS="667" WIDTH="39" HEIGHT="20" WC="0.96" CONTENT="och"/><SP WIDTH="23" VPOS="667" HPOS="839"/>
							<String ID="string_172" HPOS="862" VPOS="667" WIDTH="23" HEIGHT="20" WC="0.96" CONTENT="sä"/>
						</TextLine>
						<TextLine ID="line_18" HPOS="60" VPOS="695" WIDTH="825" HEIGHT="27">
							<String ID="string_173" HPOS="60" VPOS="697" WIDTH="71" HEIGHT="20" WC="0.96" CONTENT="kunde"/><SP WIDTH="16" VPOS="697" HPOS="131"/>
							<String ID="string_174" HPOS="147" VPOS="697" WIDTH="36" HEIGHT="21" WC="0.96" CONTENT="det"/><SP WIDTH="15" VPOS="697" HPOS="183"/>
							<String ID="string_175" HPOS="198" VPOS="697" WIDTH="57" HEIGHT="21" WC="0.96" CONTENT="förra"/><SP WIDTH="16" VPOS="697" HPOS="255"/>
							<String ID="string_176" HPOS="271" VPOS="697" WIDTH="92" HEIGHT="21" WC="0.95" CONTENT="beslutet"/><SP WIDTH="23" VPOS="697" HPOS="363"/>
							<String ID="string_177" HPOS="386" VPOS="696" WIDTH="64" HEIGHT="21" WC="0.96" CONTENT="blifva"/><SP WIDTH="16" VPOS="696" HPOS="450"/>
							<String ID="string_178" HPOS="466" VPOS="696" WIDTH="45" HEIGHT="21" WC="0.96" CONTENT="helt"/><SP WIDTH="15" VPOS="696" HPOS="511"/>
							<String ID="string_179" HPOS="526" VPOS="696" WIDTH="39" HEIGHT="21" WC="0.96" CONTENT="och"/><SP WIDTH="16" VPOS="696" HPOS="565"/>
							<String ID="string_180" HPOS="581" VPOS="695" WIDTH="67" HEIGHT="21" WC="0.93" CONTENT="hållet"/><SP WIDTH="16" VPOS="695" HPOS="648"/>
							<String ID="string_181" HPOS="664" VPOS="695" WIDTH="110" HEIGHT="27" WC="0.91" CONTENT="upprifvet."/><SP WIDTH="31" VPOS="695" HPOS="774"/>
							<String ID="string_182" HPOS="805" VPOS="695" WIDTH="80" HEIGHT="21" WC="0.86" CONTENT="Sådant"/>
						</TextLine>
						<TextLine ID="line_19" HPOS="61" VPOS="723" WIDTH="824" HEIGHT="30">
							<String ID="string_183" HPOS="61" VPOS="732" WIDTH="49" HEIGHT="15" WC="0.96" CONTENT="vore"/><SP WIDTH="17" VPOS="732" HPOS="110"/>
							<String ID="string_184" HPOS="127" VPOS="726" WIDTH="117" HEIGHT="27" WC="0.96" CONTENT="säkerligen"/><SP WIDTH="17" VPOS="726" HPOS="244"/>
							<String ID="string_185" HPOS="261" VPOS="726" WIDTH="45" HEIGHT="21" WC="0.95" CONTENT="icke"/><SP WIDTH="15" VPOS="726" HPOS="306"/>
							<String ID="string_186" HPOS="321" VPOS="725" WIDTH="33" HEIGHT="21" WC="0.95" CONTENT="till"/><SP WIDTH="16" VPOS="725" HPOS="354"/>
							<String ID="string_187" HPOS="370" VPOS="725" WIDTH="91" HEIGHT="21" WC="0.95" CONTENT="fromma"/><SP WIDTH="24" VPOS="725" HPOS="461"/>
							<String ID="string_188" HPOS="485" VPOS="725" WIDTH="32" HEIGHT="21" WC="0.96" CONTENT="för"/><SP WIDTH="21" VPOS="725" HPOS="517"/>
							<String ID="string_189" HPOS="538" VPOS="725" WIDTH="93" HEIGHT="20" WC="0.96" CONTENT="Banken."/><SP WIDTH="32" VPOS="725" HPOS="631"/>
							<String ID="string_190" HPOS="663" VPOS="724" WIDTH="9" HEIGHT="21" WC="0.89" CONTENT="I"/><SP WIDTH="15" VPOS="724" HPOS="672"/>
							<String ID="string_191" HPOS="687" VPOS="724" WIDTH="115" HEIGHT="21" WC="0.96" CONTENT="allmänhet"/><SP WIDTH="15" VPOS="724" HPOS="802"/>
							<String ID="string_192" HPOS="817" VPOS="723" WIDTH="68" HEIGHT="22" WC="0.96" CONTENT="måste"/>
						</TextLine>
						<TextLine ID="line_20" HPOS="61" VPOS="753" WIDTH="824" HEIGHT="27">
							<String ID="string_193" HPOS="61" VPOS="755" WIDTH="36" HEIGHT="20" WC="0.96" CONTENT="det"/><SP WIDTH="15" VPOS="755" HPOS="97"/>
							<String ID="string_194" HPOS="112" VPOS="755" WIDTH="33" HEIGHT="20" WC="0.96" CONTENT="väl"/><SP WIDTH="17" VPOS="755" HPOS="145"/>
							<String ID="string_195" HPOS="162" VPOS="761" WIDTH="50" HEIGHT="14" WC="0.93" CONTENT="vara"/><SP WIDTH="15" VPOS="761" HPOS="212"/>
							<String ID="string_196" HPOS="227" VPOS="755" WIDTH="93" HEIGHT="20" WC="0.92" CONTENT="önskligt"/><SP WIDTH="21" VPOS="755" HPOS="320"/>
							<String ID="string_197" HPOS="341" VPOS="755" WIDTH="32" HEIGHT="19" WC="0.96" CONTENT="att"/><SP WIDTH="20" VPOS="755" HPOS="373"/>
							<String ID="string_198" HPOS="393" VPOS="753" WIDTH="25" HEIGHT="21" WC="0.96" CONTENT="de"/><SP WIDTH="22" VPOS="753" HPOS="418"/>
							<String ID="string_199" HPOS="440" VPOS="759" WIDTH="47" HEIGHT="15" WC="0.96" CONTENT="som"/><SP WIDTH="19" VPOS="759" HPOS="487"/>
							<String ID="string_200" HPOS="506" VPOS="760" WIDTH="25" HEIGHT="15" WC="0.96" CONTENT="en"/><SP WIDTH="16" VPOS="760" HPOS="531"/>
							<String ID="string_201" HPOS="547" VPOS="753" WIDTH="55" HEIGHT="27" WC="0.96" CONTENT="gång"/><SP WIDTH="16" VPOS="753" HPOS="602"/>
							<String ID="string_202" HPOS="618" VPOS="753" WIDTH="76" HEIGHT="21" WC="0.96" CONTENT="invalts"/><SP WIDTH="17" VPOS="753" HPOS="694"/>
							<String ID="string_203" HPOS="711" VPOS="753" WIDTH="32" HEIGHT="20" WC="0.96" CONTENT="till"/><SP WIDTH="15" VPOS="753" HPOS="743"/>
							<String ID="string_204" HPOS="758" VPOS="755" WIDTH="31" HEIGHT="18" WC="0.97" CONTENT="ett"/><SP WIDTH="15" VPOS="755" HPOS="789"/>
							<String ID="string_205" HPOS="804" VPOS="753" WIDTH="23" HEIGHT="20" WC="0.93" CONTENT="så"/><SP WIDTH="16" VPOS="753" HPOS="827"/>
							<String ID="string_206" HPOS="843" VPOS="753" WIDTH="42" HEIGHT="25" WC="0.92" CONTENT="vig-"/>
						</TextLine>
						<TextLine ID="line_21" HPOS="61" VPOS="781" WIDTH="824" HEIGHT="29">
							<String ID="string_207" HPOS="61" VPOS="783" WIDTH="41" HEIGHT="27" WC="0.96" CONTENT="tigt"/><SP WIDTH="15" VPOS="783" HPOS="102"/>
							<String ID="string_208" HPOS="117" VPOS="783" WIDTH="121" HEIGHT="26" WC="0.95" CONTENT="kollegium,"/><SP WIDTH="22" VPOS="783" HPOS="238"/>
							<String ID="string_209" HPOS="260" VPOS="789" WIDTH="44" HEIGHT="15" WC="0.93" CONTENT="som"/><SP WIDTH="20" VPOS="789" HPOS="304"/>
							<String ID="string_210" HPOS="324" VPOS="782" WIDTH="199" HEIGHT="26" WC="0.92" CONTENT="bankfullmäktige,"/><SP WIDTH="23" VPOS="782" HPOS="523"/>
							<String ID="string_211" HPOS="546" VPOS="783" WIDTH="51" HEIGHT="20" WC="0.96" CONTENT="sitta"/><SP WIDTH="23" VPOS="783" HPOS="597"/>
							<String ID="string_212" HPOS="620" VPOS="783" WIDTH="36" HEIGHT="19" WC="0.96" CONTENT="der"/><SP WIDTH="16" VPOS="783" HPOS="656"/>
							<String ID="string_213" HPOS="672" VPOS="788" WIDTH="25" HEIGHT="14" WC="0.96" CONTENT="en"/><SP WIDTH="17" VPOS="788" HPOS="697"/>
							<String ID="string_214" HPOS="714" VPOS="782" WIDTH="71" HEIGHT="25" WC="0.96" CONTENT="längre"/><SP WIDTH="16" VPOS="782" HPOS="785"/>
							<String ID="string_215" HPOS="801" VPOS="781" WIDTH="29" HEIGHT="21" WC="0.96" CONTENT="tid"/><SP WIDTH="17" VPOS="781" HPOS="830"/>
							<String ID="string_216" HPOS="847" VPOS="781" WIDTH="38" HEIGHT="21" WC="0.96" CONTENT="och"/>
						</TextLine>
						<TextLine ID="line_22" HPOS="61" VPOS="809" WIDTH="823" HEIGHT="30">
							<String ID="string_217" HPOS="61" VPOS="814" WIDTH="36" HEIGHT="19" WC="0.96" CONTENT="äro"/><SP WIDTH="17" VPOS="814" HPOS="97"/>
							<String ID="string_218" HPOS="114" VPOS="812" WIDTH="110" HEIGHT="27" WC="0.96" CONTENT="ansvarige"/><SP WIDTH="16" VPOS="812" HPOS="224"/>
							<String ID="string_219" HPOS="240" VPOS="811" WIDTH="32" HEIGHT="22" WC="0.96" CONTENT="för"/><SP WIDTH="16" VPOS="811" HPOS="272"/>
							<String ID="string_220" HPOS="288" VPOS="812" WIDTH="25" HEIGHT="20" WC="0.96" CONTENT="de"/><SP WIDTH="16" VPOS="812" HPOS="313"/>
							<String ID="string_221" HPOS="329" VPOS="811" WIDTH="106" HEIGHT="26" WC="0.95" CONTENT="åtgärder,"/><SP WIDTH="21" VPOS="811" HPOS="435"/>
							<String ID="string_222" HPOS="456" VPOS="817" WIDTH="45" HEIGHT="14" WC="0.96" CONTENT="som"/><SP WIDTH="17" VPOS="817" HPOS="501"/>
							<String ID="string_223" HPOS="518" VPOS="810" WIDTH="22" HEIGHT="21" WC="0.96" CONTENT="af"/><SP WIDTH="15" VPOS="810" HPOS="540"/>
							<String ID="string_224" HPOS="555" VPOS="811" WIDTH="46" HEIGHT="20" WC="0.96" CONTENT="dem"/><SP WIDTH="17" VPOS="811" HPOS="601"/>
							<String ID="string_225" HPOS="618" VPOS="811" WIDTH="102" HEIGHT="26" WC="0.93" CONTENT="vidtagas."/><SP WIDTH="31" VPOS="811" HPOS="720"/>
							<String ID="string_226" HPOS="751" VPOS="811" WIDTH="40" HEIGHT="26" WC="0.92" CONTENT="Jag"/><SP WIDTH="16" VPOS="811" HPOS="791"/>
							<String ID="string_227" HPOS="807" VPOS="809" WIDTH="77" HEIGHT="22" WC="0.92" CONTENT="vidhål-"/>
						</TextLine>
						<TextLine ID="line_23" HPOS="61" VPOS="839" WIDTH="825" HEIGHT="28">
							<String ID="string_228" HPOS="61" VPOS="841" WIDTH="30" HEIGHT="20" WC="0.94" CONTENT="ler"/><SP WIDTH="26" VPOS="841" HPOS="91"/>
							<String ID="string_229" HPOS="117" VPOS="841" WIDTH="70" HEIGHT="20" WC="0.94" CONTENT="derför"/><SP WIDTH="25" VPOS="841" HPOS="187"/>
							<String ID="string_230" HPOS="212" VPOS="841" WIDTH="42" HEIGHT="20" WC="0.96" CONTENT="min"/><SP WIDTH="26" VPOS="841" HPOS="254"/>
							<String ID="string_231" HPOS="280" VPOS="840" WIDTH="121" HEIGHT="27" WC="0.92" CONTENT="tillstyrkan"/><SP WIDTH="27" VPOS="840" HPOS="401"/>
							<String ID="string_232" HPOS="428" VPOS="846" WIDTH="33" HEIGHT="14" WC="0.93" CONTENT="om"/><SP WIDTH="26" VPOS="846" HPOS="461"/>
							<String ID="string_233" HPOS="487" VPOS="839" WIDTH="155" HEIGHT="27" WC="0.96" CONTENT="godkännande"/><SP WIDTH="25" VPOS="839" HPOS="642"/>
							<String ID="string_234" HPOS="667" VPOS="839" WIDTH="21" HEIGHT="20" WC="0.92" CONTENT="af"/><SP WIDTH="22" VPOS="839" HPOS="688"/>
							<String ID="string_235" HPOS="710" VPOS="839" WIDTH="176" HEIGHT="21" WC="0.91" CONTENT="Bankutskottets"/>
						</TextLine>
						<TextLine ID="line_24" HPOS="61" VPOS="869" WIDTH="85" HEIGHT="27">
							<String ID="string_236" HPOS="61" VPOS="869" WIDTH="85" HEIGHT="27" WC="0.95" CONTENT="förslag."/>
						</TextLine>
					</TextBlock>
				</ComposedBlock>
				<ComposedBlock ID="cblock_3" HPOS="61" VPOS="924" WIDTH="827" HEIGHT="510">
					<TextBlock ID="block_2" HPOS="61" VPOS="924" WIDTH="827" HEIGHT="510">
						<TextLine ID="line_25" HPOS="131" VPOS="924" WIDTH="755" HEIGHT="27">
							<String ID="string_237" HPOS="131" VPOS="926" WIDTH="56" HEIGHT="20" WC="0.93" CONTENT="Herr"/><SP WIDTH="20" VPOS="926" HPOS="187"/>
							<String ID="string_238" HPOS="207" VPOS="925" WIDTH="149" HEIGHT="26" WC="0.88" CONTENT="Ignatius:"/><SP WIDTH="31" VPOS="925" HPOS="356"/>
							<String ID="string_239" HPOS="387" VPOS="925" WIDTH="40" HEIGHT="26" WC="0.95" CONTENT="Jag"/><SP WIDTH="20" VPOS="925" HPOS="427"/>
							<String ID="string_240" HPOS="447" VPOS="925" WIDTH="93" HEIGHT="26" WC="0.96" CONTENT="begärde"/><SP WIDTH="22" VPOS="925" HPOS="540"/>
							<String ID="string_241" HPOS="562" VPOS="925" WIDTH="61" HEIGHT="21" WC="0.96" CONTENT="ordet"/><SP WIDTH="20" VPOS="925" HPOS="623"/>
							<String ID="string_242" HPOS="643" VPOS="925" WIDTH="75" HEIGHT="20" WC="0.96" CONTENT="endast"/><SP WIDTH="15" VPOS="925" HPOS="718"/>
							<String ID="string_243" HPOS="733" VPOS="925" WIDTH="33" HEIGHT="20" WC="0.96" CONTENT="för"/><SP WIDTH="15" VPOS="925" HPOS="766"/>
							<String ID="string_244" HPOS="781" VPOS="926" WIDTH="31" HEIGHT="19" WC="0.96" CONTENT="att"/><SP WIDTH="15" VPOS="926" HPOS="812"/>
							<String ID="string_245" HPOS="827" VPOS="924" WIDTH="7" HEIGHT="21" WC="0.93" CONTENT="i"/><SP WIDTH="16" VPOS="924" HPOS="834"/>
							<String ID="string_246" HPOS="850" VPOS="931" WIDTH="36" HEIGHT="14" WC="0.92" CONTENT="an-"/>
						</TextLine>
						<TextLine ID="line_26" HPOS="61" VPOS="953" WIDTH="825" HEIGHT="28">
							<String ID="string_247" HPOS="61" VPOS="954" WIDTH="86" HEIGHT="27" WC="0.96" CONTENT="ledning"/><SP WIDTH="16" VPOS="954" HPOS="147"/>
							<String ID="string_248" HPOS="163" VPOS="955" WIDTH="22" HEIGHT="20" WC="0.96" CONTENT="af"/><SP WIDTH="14" VPOS="955" HPOS="185"/>
							<String ID="string_249" HPOS="199" VPOS="955" WIDTH="54" HEIGHT="20" WC="0.93" CONTENT="Herr"/><SP WIDTH="15" VPOS="955" HPOS="253"/>
							<String ID="string_250" HPOS="268" VPOS="954" WIDTH="93" HEIGHT="21" WC="0.92" CONTENT="Kurténs"/><SP WIDTH="23" VPOS="954" HPOS="361"/>
							<String ID="string_251" HPOS="384" VPOS="954" WIDTH="141" HEIGHT="26" WC="0.95" CONTENT="anmärkning"/><SP WIDTH="20" VPOS="954" HPOS="525"/>
							<String ID="string_252" HPOS="545" VPOS="957" WIDTH="44" HEIGHT="18" WC="0.96" CONTENT="mot"/><SP WIDTH="15" VPOS="957" HPOS="589"/>
							<String ID="string_253" HPOS="604" VPOS="954" WIDTH="48" HEIGHT="20" WC="0.96" CONTENT="mitt"/><SP WIDTH="15" VPOS="954" HPOS="652"/>
							<String ID="string_254" HPOS="667" VPOS="953" WIDTH="78" HEIGHT="26" WC="0.96" CONTENT="förslag"/><SP WIDTH="15" VPOS="953" HPOS="745"/>
							<String ID="string_255" HPOS="760" VPOS="953" WIDTH="55" HEIGHT="20" WC="0.96" CONTENT="fästa"/><SP WIDTH="16" VPOS="953" HPOS="815"/>
							<String ID="string_256" HPOS="831" VPOS="953" WIDTH="55" HEIGHT="20" WC="0.95" CONTENT="Herr"/>
						</TextLine>
						<TextLine ID="line_27" HPOS="61" VPOS="981" WIDTH="824" HEIGHT="28">
							<String ID="string_257" HPOS="61" VPOS="983" WIDTH="95" HEIGHT="21" WC="0.93" CONTENT="Kurténs"/><SP WIDTH="16" VPOS="983" HPOS="156"/>
							<String ID="string_258" HPOS="172" VPOS="983" WIDTH="187" HEIGHT="26" WC="0.91" CONTENT="uppmärksamhet"/><SP WIDTH="16" VPOS="983" HPOS="359"/>
							<String ID="string_259" HPOS="375" VPOS="982" WIDTH="51" HEIGHT="21" WC="0.91" CONTENT="derå"/><SP WIDTH="15" VPOS="982" HPOS="426"/>
							<String ID="string_260" HPOS="441" VPOS="984" WIDTH="33" HEIGHT="19" WC="0.96" CONTENT="att"/><SP WIDTH="17" VPOS="984" HPOS="474"/>
							<String ID="string_261" HPOS="491" VPOS="983" WIDTH="52" HEIGHT="20" WC="0.95" CONTENT="hans"/><SP WIDTH="16" VPOS="983" HPOS="543"/>
							<String ID="string_262" HPOS="559" VPOS="983" WIDTH="163" HEIGHT="25" WC="0.95" CONTENT="anmärkningar"/><SP WIDTH="12" VPOS="983" HPOS="722"/>
							<String ID="string_263" HPOS="734" VPOS="982" WIDTH="4" HEIGHT="20" WC="0.95" CONTENT="i"/><SP WIDTH="13" VPOS="982" HPOS="738"/>
							<String ID="string_264" HPOS="751" VPOS="981" WIDTH="74" HEIGHT="27" WC="0.93" CONTENT="sjelfva"/><SP WIDTH="16" VPOS="981" HPOS="825"/>
							<String ID="string_265" HPOS="841" VPOS="987" WIDTH="44" HEIGHT="15" WC="0.92" CONTENT="ver-"/>
						</TextLine>
						<TextLine ID="line_28" HPOS="61" VPOS="1010" WIDTH="825" HEIGHT="28">
							<String ID="string_266" HPOS="61" VPOS="1012" WIDTH="37" HEIGHT="21" WC="0.96" CONTENT="ket"/><SP WIDTH="15" VPOS="1012" HPOS="98"/>
							<String ID="string_267" HPOS="113" VPOS="1011" WIDTH="72" HEIGHT="22" WC="0.96" CONTENT="kunna"/><SP WIDTH="22" VPOS="1011" HPOS="185"/>
							<String ID="string_268" HPOS="207" VPOS="1011" WIDTH="55" HEIGHT="27" WC="0.96" CONTENT="gälla"/><SP WIDTH="25" VPOS="1011" HPOS="262"/>
							<String ID="string_269" HPOS="287" VPOS="1011" WIDTH="84" HEIGHT="21" WC="0.96" CONTENT="hvilken"/><SP WIDTH="22" VPOS="1011" HPOS="371"/>
							<String ID="string_270" HPOS="393" VPOS="1011" WIDTH="126" HEIGHT="26" WC="0.96" CONTENT="församling"/><SP WIDTH="23" VPOS="1011" HPOS="519"/>
							<String ID="string_271" HPOS="542" VPOS="1017" WIDTH="45" HEIGHT="15" WC="0.96" CONTENT="som"/><SP WIDTH="16" VPOS="1017" HPOS="587"/>
							<String ID="string_272" HPOS="603" VPOS="1011" WIDTH="61" HEIGHT="23" WC="0.96" CONTENT="helst,"/><SP WIDTH="17" VPOS="1011" HPOS="664"/>
							<String ID="string_273" HPOS="681" VPOS="1011" WIDTH="87" HEIGHT="20" WC="0.96" CONTENT="sålunda"/><SP WIDTH="16" VPOS="1011" HPOS="768"/>
							<String ID="string_274" HPOS="784" VPOS="1010" WIDTH="60" HEIGHT="21" WC="0.96" CONTENT="äfven"/><SP WIDTH="17" VPOS="1010" HPOS="844"/>
							<String ID="string_275" HPOS="861" VPOS="1010" WIDTH="25" HEIGHT="21" WC="0.96" CONTENT="de"/>
						</TextLine>
						<TextLine ID="line_29" HPOS="61" VPOS="1039" WIDTH="825" HEIGHT="27">
							<String ID="string_276" HPOS="61" VPOS="1041" WIDTH="123" HEIGHT="20" WC="0.93" CONTENT="nuvarande"/><SP WIDTH="16" VPOS="1041" HPOS="184"/>
							<String ID="string_277" HPOS="200" VPOS="1040" WIDTH="189" HEIGHT="26" WC="0.92" CONTENT="bankfullmäktige"/><SP WIDTH="17" VPOS="1040" HPOS="389"/>
							<String ID="string_278" HPOS="406" VPOS="1039" WIDTH="61" HEIGHT="21" WC="0.96" CONTENT="äfven"/><SP WIDTH="18" VPOS="1039" HPOS="467"/>
							<String ID="string_279" HPOS="485" VPOS="1046" WIDTH="33" HEIGHT="14" WC="0.96" CONTENT="om"/><SP WIDTH="17" VPOS="1046" HPOS="518"/>
							<String ID="string_280" HPOS="535" VPOS="1040" WIDTH="26" HEIGHT="20" WC="0.95" CONTENT="de"/><SP WIDTH="16" VPOS="1040" HPOS="561"/>
							<String ID="string_281" HPOS="577" VPOS="1039" WIDTH="64" HEIGHT="21" WC="0.95" CONTENT="blifva"/><SP WIDTH="15" VPOS="1039" HPOS="641"/>
							<String ID="string_282" HPOS="656" VPOS="1039" WIDTH="51" HEIGHT="21" WC="0.96" CONTENT="åtta."/><SP WIDTH="30" VPOS="1039" HPOS="707"/>
							<String ID="string_283" HPOS="737" VPOS="1039" WIDTH="31" HEIGHT="26" WC="0.90" CONTENT="Ty"/><SP WIDTH="11" VPOS="1039" HPOS="768"/>
							<String ID="string_284" HPOS="779" VPOS="1039" WIDTH="107" HEIGHT="26" WC="0.96" CONTENT="ingenting"/>
						</TextLine>
						<TextLine ID="line_30" HPOS="61" VPOS="1067" WIDTH="826" HEIGHT="27">
							<String ID="string_285" HPOS="61" VPOS="1071" WIDTH="66" HEIGHT="19" WC="0.93" CONTENT="annat"/><SP WIDTH="23" VPOS="1071" HPOS="127"/>
							<String ID="string_286" HPOS="150" VPOS="1069" WIDTH="101" HEIGHT="20" WC="0.92" CONTENT="behöfver"/><SP WIDTH="25" VPOS="1069" HPOS="251"/>
							<String ID="string_287" HPOS="276" VPOS="1068" WIDTH="84" HEIGHT="21" WC="0.96" CONTENT="inträffa"/><SP WIDTH="16" VPOS="1068" HPOS="360"/>
							<String ID="string_288" HPOS="376" VPOS="1070" WIDTH="26" HEIGHT="19" WC="0.96" CONTENT="än"/><SP WIDTH="16" VPOS="1070" HPOS="402"/>
							<String ID="string_289" HPOS="418" VPOS="1071" WIDTH="32" HEIGHT="18" WC="0.95" CONTENT="att"/><SP WIDTH="16" VPOS="1071" HPOS="450"/>
							<String ID="string_290" HPOS="466" VPOS="1075" WIDTH="26" HEIGHT="14" WC="0.93" CONTENT="en"/><SP WIDTH="17" VPOS="1075" HPOS="492"/>
							<String ID="string_291" HPOS="509" VPOS="1068" WIDTH="178" HEIGHT="26" WC="0.92" CONTENT="bankfullmäktig"/><SP WIDTH="20" VPOS="1068" HPOS="687"/>
							<String ID="string_292" HPOS="707" VPOS="1067" WIDTH="21" HEIGHT="21" WC="0.96" CONTENT="af"/><SP WIDTH="14" VPOS="1067" HPOS="728"/>
							<String ID="string_293" HPOS="742" VPOS="1074" WIDTH="25" HEIGHT="14" WC="0.96" CONTENT="en"/><SP WIDTH="16" VPOS="1074" HPOS="767"/>
							<String ID="string_294" HPOS="783" VPOS="1067" WIDTH="50" HEIGHT="21" WC="0.93" CONTENT="eller"/><SP WIDTH="16" VPOS="1067" HPOS="833"/>
							<String ID="string_295" HPOS="849" VPOS="1073" WIDTH="38" HEIGHT="14" WC="0.92" CONTENT="an-"/>
						</TextLine>
						<TextLine ID="line_31" HPOS="62" VPOS="1095" WIDTH="824" HEIGHT="29">
							<String ID="string_296" HPOS="62" VPOS="1104" WIDTH="41" HEIGHT="14" WC="0.96" CONTENT="nan"/><SP WIDTH="16" VPOS="1104" HPOS="103"/>
							<String ID="string_297" HPOS="119" VPOS="1097" WIDTH="115" HEIGHT="27" WC="0.89" CONTENT="anledning"/><SP WIDTH="16" VPOS="1097" HPOS="234"/>
							<String ID="string_298" HPOS="250" VPOS="1097" WIDTH="73" HEIGHT="21" WC="0.89" CONTENT="blifver"/><SP WIDTH="17" VPOS="1097" HPOS="323"/>
							<String ID="string_299" HPOS="340" VPOS="1097" WIDTH="88" HEIGHT="21" WC="0.96" CONTENT="hindrad"/><SP WIDTH="17" VPOS="1097" HPOS="428"/>
							<String ID="string_300" HPOS="445" VPOS="1099" WIDTH="33" HEIGHT="18" WC="0.96" CONTENT="att"/><SP WIDTH="17" VPOS="1099" HPOS="478"/>
							<String ID="string_301" HPOS="495" VPOS="1097" WIDTH="89" HEIGHT="27" WC="0.96" CONTENT="fullgöra"/><SP WIDTH="17" VPOS="1097" HPOS="584"/>
							<String ID="string_302" HPOS="601" VPOS="1097" WIDTH="31" HEIGHT="20" WC="0.96" CONTENT="sin"/><SP WIDTH="17" VPOS="1097" HPOS="632"/>
							<String ID="string_303" HPOS="649" VPOS="1096" WIDTH="122" HEIGHT="26" WC="0.96" CONTENT="befattning,"/><SP WIDTH="16" VPOS="1096" HPOS="771"/>
							<String ID="string_304" HPOS="787" VPOS="1096" WIDTH="31" HEIGHT="20" WC="0.96" CONTENT="till"/><SP WIDTH="17" VPOS="1096" HPOS="818"/>
							<String ID="string_305" HPOS="835" VPOS="1095" WIDTH="51" HEIGHT="27" WC="0.96" CONTENT="följd"/>
						</TextLine>
						<TextLine ID="line_32" HPOS="61" VPOS="1124" WIDTH="826" HEIGHT="29">
							<String ID="string_306" HPOS="61" VPOS="1126" WIDTH="76" HEIGHT="21" WC="0.96" CONTENT="hvaraf"/><SP WIDTH="14" VPOS="1126" HPOS="137"/>
							<String ID="string_307" HPOS="151" VPOS="1132" WIDTH="26" HEIGHT="15" WC="0.96" CONTENT="en"/><SP WIDTH="16" VPOS="1132" HPOS="177"/>
							<String ID="string_308" HPOS="193" VPOS="1126" WIDTH="111" HEIGHT="27" WC="0.96" CONTENT="suppleant"/><SP WIDTH="23" VPOS="1126" HPOS="304"/>
							<String ID="string_309" HPOS="327" VPOS="1125" WIDTH="97" HEIGHT="26" WC="0.93" CONTENT="inkallas,"/><SP WIDTH="23" VPOS="1125" HPOS="424"/>
							<String ID="string_310" HPOS="447" VPOS="1132" WIDTH="46" HEIGHT="15" WC="0.96" CONTENT="som"/><SP WIDTH="23" VPOS="1132" HPOS="493"/>
							<String ID="string_311" HPOS="516" VPOS="1126" WIDTH="26" HEIGHT="21" WC="0.96" CONTENT="då"/><SP WIDTH="21" VPOS="1126" HPOS="542"/>
							<String ID="string_312" HPOS="563" VPOS="1125" WIDTH="47" HEIGHT="21" WC="0.95" CONTENT="med"/><SP WIDTH="15" VPOS="1125" HPOS="610"/>
							<String ID="string_313" HPOS="625" VPOS="1125" WIDTH="31" HEIGHT="21" WC="0.96" CONTENT="sin"/><SP WIDTH="17" VPOS="1125" HPOS="656"/>
							<String ID="string_314" HPOS="673" VPOS="1127" WIDTH="44" HEIGHT="18" WC="0.96" CONTENT="röst"/><SP WIDTH="15" VPOS="1127" HPOS="717"/>
							<String ID="string_315" HPOS="732" VPOS="1124" WIDTH="41" HEIGHT="21" WC="0.93" CONTENT="kan"/><SP WIDTH="17" VPOS="1124" HPOS="773"/>
							<String ID="string_316" HPOS="790" VPOS="1124" WIDTH="97" HEIGHT="27" WC="0.92" CONTENT="upprifva"/>
						</TextLine>
						<TextLine ID="line_33" HPOS="62" VPOS="1153" WIDTH="826" HEIGHT="23">
							<String ID="string_317" HPOS="62" VPOS="1157" WIDTH="30" HEIGHT="18" WC="0.95" CONTENT="ett"/><SP WIDTH="17" VPOS="1157" HPOS="92"/>
							<String ID="string_318" HPOS="109" VPOS="1155" WIDTH="69" HEIGHT="20" WC="0.96" CONTENT="beslut"/><SP WIDTH="23" VPOS="1155" HPOS="178"/>
							<String ID="string_319" HPOS="201" VPOS="1161" WIDTH="44" HEIGHT="15" WC="0.96" CONTENT="som"/><SP WIDTH="24" VPOS="1161" HPOS="245"/>
							<String ID="string_320" HPOS="269" VPOS="1155" WIDTH="57" HEIGHT="20" WC="0.96" CONTENT="förut"/><SP WIDTH="23" VPOS="1155" HPOS="326"/>
							<String ID="string_321" HPOS="349" VPOS="1154" WIDTH="67" HEIGHT="21" WC="0.81" CONTENT="blifvit"/><SP WIDTH="23" VPOS="1154" HPOS="416"/>
							<String ID="string_322" HPOS="439" VPOS="1153" WIDTH="86" HEIGHT="22" WC="0.91" CONTENT="fattadt."/><SP WIDTH="31" VPOS="1153" HPOS="525"/>
							<String ID="string_323" HPOS="556" VPOS="1155" WIDTH="41" HEIGHT="20" WC="0.95" CONTENT="Det"/><SP WIDTH="22" VPOS="1155" HPOS="597"/>
							<String ID="string_324" HPOS="619" VPOS="1154" WIDTH="60" HEIGHT="21" WC="0.95" CONTENT="torde"/><SP WIDTH="21" VPOS="1154" HPOS="679"/>
							<String ID="string_325" HPOS="700" VPOS="1153" WIDTH="117" HEIGHT="21" WC="0.95" CONTENT="emellertid"/><SP WIDTH="21" VPOS="1153" HPOS="817"/>
							<String ID="string_326" HPOS="838" VPOS="1159" WIDTH="50" HEIGHT="14" WC="0.96" CONTENT="vara"/>
						</TextLine>
						<TextLine ID="line_34" HPOS="61" VPOS="1181" WIDTH="825" HEIGHT="29">
							<String ID="string_327" HPOS="61" VPOS="1183" WIDTH="60" HEIGHT="21" WC="0.96" CONTENT="fallet"/><SP WIDTH="16" VPOS="1183" HPOS="121"/>
							<String ID="string_328" HPOS="137" VPOS="1185" WIDTH="32" HEIGHT="19" WC="0.93" CONTENT="att"/><SP WIDTH="16" VPOS="1185" HPOS="169"/>
							<String ID="string_329" HPOS="185" VPOS="1183" WIDTH="195" HEIGHT="27" WC="0.84" CONTENT="bankfallmäktige,"/><SP WIDTH="24" VPOS="1183" HPOS="380"/>
							<String ID="string_330" HPOS="404" VPOS="1189" WIDTH="33" HEIGHT="14" WC="0.96" CONTENT="om"/><SP WIDTH="17" VPOS="1189" HPOS="437"/>
							<String ID="string_331" HPOS="454" VPOS="1183" WIDTH="26" HEIGHT="20" WC="0.96" CONTENT="de"/><SP WIDTH="17" VPOS="1183" HPOS="480"/>
							<String ID="string_332" HPOS="497" VPOS="1189" WIDTH="25" HEIGHT="14" WC="0.96" CONTENT="en"/><SP WIDTH="16" VPOS="1189" HPOS="522"/>
							<String ID="string_333" HPOS="538" VPOS="1183" WIDTH="54" HEIGHT="26" WC="0.96" CONTENT="gång"/><SP WIDTH="16" VPOS="1183" HPOS="592"/>
							<String ID="string_334" HPOS="608" VPOS="1182" WIDTH="63" HEIGHT="21" WC="0.96" CONTENT="hafva"/><SP WIDTH="16" VPOS="1182" HPOS="671"/>
							<String ID="string_335" HPOS="687" VPOS="1182" WIDTH="62" HEIGHT="21" WC="0.96" CONTENT="fattat"/><SP WIDTH="16" VPOS="1182" HPOS="749"/>
							<String ID="string_336" HPOS="765" VPOS="1184" WIDTH="31" HEIGHT="18" WC="0.96" CONTENT="ett"/><SP WIDTH="15" VPOS="1184" HPOS="796"/>
							<String ID="string_337" HPOS="811" VPOS="1181" WIDTH="75" HEIGHT="25" WC="0.96" CONTENT="beslut,"/>
						</TextLine>
						<TextLine ID="line_35" HPOS="61" VPOS="1210" WIDTH="827" HEIGHT="28">
							<String ID="string_338" HPOS="61" VPOS="1212" WIDTH="46" HEIGHT="21" WC="0.96" CONTENT="icke"/><SP WIDTH="16" VPOS="1212" HPOS="107"/>
							<String ID="string_339" HPOS="123" VPOS="1212" WIDTH="28" HEIGHT="26" WC="0.96" CONTENT="på"/><SP WIDTH="16" VPOS="1212" HPOS="151"/>
							<String ID="string_340" HPOS="167" VPOS="1212" WIDTH="58" HEIGHT="21" WC="0.96" CONTENT="detta"/><SP WIDTH="15" VPOS="1212" HPOS="225"/>
							<String ID="string_341" HPOS="240" VPOS="1214" WIDTH="43" HEIGHT="19" WC="0.96" CONTENT="sätt"/><SP WIDTH="15" VPOS="1214" HPOS="283"/>
							<String ID="string_342" HPOS="298" VPOS="1213" WIDTH="46" HEIGHT="20" WC="0.93" CONTENT="åter"/><SP WIDTH="23" VPOS="1213" HPOS="344"/>
							<String ID="string_343" HPOS="367" VPOS="1211" WIDTH="107" HEIGHT="27" WC="0.92" CONTENT="upphäfva"/><SP WIDTH="23" VPOS="1211" HPOS="474"/>
							<String ID="string_344" HPOS="497" VPOS="1211" WIDTH="122" HEIGHT="21" WC="0.95" CONTENT="detsamma."/><SP WIDTH="31" VPOS="1211" HPOS="619"/>
							<String ID="string_345" HPOS="650" VPOS="1211" WIDTH="41" HEIGHT="20" WC="0.96" CONTENT="För"/><SP WIDTH="22" VPOS="1211" HPOS="691"/>
							<String ID="string_346" HPOS="713" VPOS="1210" WIDTH="64" HEIGHT="27" WC="0.96" CONTENT="öfrigt"/><SP WIDTH="15" VPOS="1210" HPOS="777"/>
							<String ID="string_347" HPOS="792" VPOS="1211" WIDTH="96" HEIGHT="20" WC="0.96" CONTENT="kommer"/>
						</TextLine>
						<TextLine ID="line_36" HPOS="62" VPOS="1239" WIDTH="825" HEIGHT="28">
							<String ID="string_348" HPOS="62" VPOS="1241" WIDTH="48" HEIGHT="21" WC="0.95" CONTENT="mitt"/><SP WIDTH="16" VPOS="1241" HPOS="110"/>
							<String ID="string_349" HPOS="126" VPOS="1240" WIDTH="79" HEIGHT="27" WC="0.96" CONTENT="förslag"/><SP WIDTH="21" VPOS="1240" HPOS="205"/>
							<String ID="string_350" HPOS="226" VPOS="1244" WIDTH="32" HEIGHT="18" WC="0.95" CONTENT="att"/><SP WIDTH="23" VPOS="1244" HPOS="258"/>
							<String ID="string_351" HPOS="281" VPOS="1241" WIDTH="61" HEIGHT="21" WC="0.81" CONTENT="hafva"/><SP WIDTH="16" VPOS="1241" HPOS="342"/>
							<String ID="string_352" HPOS="358" VPOS="1241" WIDTH="41" HEIGHT="21" WC="0.95" CONTENT="den"/><SP WIDTH="16" VPOS="1241" HPOS="399"/>
							<String ID="string_353" HPOS="415" VPOS="1240" WIDTH="96" HEIGHT="21" WC="0.95" CONTENT="fördelen"/><SP WIDTH="17" VPOS="1240" HPOS="511"/>
							<String ID="string_354" HPOS="528" VPOS="1243" WIDTH="32" HEIGHT="18" WC="0.96" CONTENT="att"/><SP WIDTH="17" VPOS="1243" HPOS="560"/>
							<String ID="string_355" HPOS="577" VPOS="1240" WIDTH="61" HEIGHT="21" WC="0.96" CONTENT="dessa"/><SP WIDTH="16" VPOS="1240" HPOS="638"/>
							<String ID="string_356" HPOS="654" VPOS="1239" WIDTH="141" HEIGHT="27" WC="0.96" CONTENT="suppleanter,"/><SP WIDTH="17" VPOS="1239" HPOS="795"/>
							<String ID="string_357" HPOS="812" VPOS="1245" WIDTH="75" HEIGHT="19" WC="0.95" CONTENT="genom"/>
						</TextLine>
						<TextLine ID="line_37" HPOS="62" VPOS="1267" WIDTH="826" HEIGHT="28">
							<String ID="string_358" HPOS="62" VPOS="1272" WIDTH="32" HEIGHT="18" WC="0.93" CONTENT="att"/><SP WIDTH="16" VPOS="1272" HPOS="94"/>
							<String ID="string_359" HPOS="110" VPOS="1270" WIDTH="66" HEIGHT="20" WC="0.92" CONTENT="turvis"/><SP WIDTH="16" VPOS="1270" HPOS="176"/>
							<String ID="string_360" HPOS="192" VPOS="1270" WIDTH="90" HEIGHT="21" WC="0.96" CONTENT="inkallas"/><SP WIDTH="16" VPOS="1270" HPOS="282"/>
							<String ID="string_361" HPOS="298" VPOS="1270" WIDTH="32" HEIGHT="20" WC="0.93" CONTENT="till"/><SP WIDTH="17" VPOS="1270" HPOS="330"/>
							<String ID="string_362" HPOS="347" VPOS="1269" WIDTH="194" HEIGHT="26" WC="0.90" CONTENT="bankfullmäktige"/><SP WIDTH="16" VPOS="1269" HPOS="541"/>
							<String ID="string_363" HPOS="557" VPOS="1269" WIDTH="85" HEIGHT="20" WC="0.95" CONTENT="komma"/><SP WIDTH="16" VPOS="1269" HPOS="642"/>
							<String ID="string_364" HPOS="658" VPOS="1271" WIDTH="31" HEIGHT="18" WC="0.95" CONTENT="att"/><SP WIDTH="12" VPOS="1271" HPOS="689"/>
							<String ID="string_365" HPOS="701" VPOS="1268" WIDTH="50" HEIGHT="26" WC="0.96" CONTENT="följa"/><SP WIDTH="13" VPOS="1268" HPOS="751"/>
							<String ID="string_366" HPOS="764" VPOS="1268" WIDTH="47" HEIGHT="20" WC="0.92" CONTENT="med"/><SP WIDTH="11" VPOS="1268" HPOS="811"/>
							<String ID="string_367" HPOS="822" VPOS="1267" WIDTH="66" HEIGHT="21" WC="0.90" CONTENT="bank-"/>
						</TextLine>
						<TextLine ID="line_38" HPOS="61" VPOS="1296" WIDTH="827" HEIGHT="29">
							<String ID="string_368" HPOS="61" VPOS="1298" WIDTH="146" HEIGHT="27" WC="0.96" CONTENT="fullmäktiges"/><SP WIDTH="15" VPOS="1298" HPOS="207"/>
							<String ID="string_369" HPOS="222" VPOS="1298" WIDTH="159" HEIGHT="26" WC="0.96" CONTENT="förhandlingar"/><SP WIDTH="16" VPOS="1298" HPOS="381"/>
							<String ID="string_370" HPOS="397" VPOS="1298" WIDTH="39" HEIGHT="21" WC="0.96" CONTENT="och"/><SP WIDTH="17" VPOS="1298" HPOS="436"/>
							<String ID="string_371" HPOS="453" VPOS="1298" WIDTH="87" HEIGHT="20" WC="0.96" CONTENT="komma"/><SP WIDTH="16" VPOS="1298" HPOS="540"/>
							<String ID="string_372" HPOS="556" VPOS="1297" WIDTH="60" HEIGHT="21" WC="0.96" CONTENT="äfven"/><SP WIDTH="17" VPOS="1297" HPOS="616"/>
							<String ID="string_373" HPOS="633" VPOS="1297" WIDTH="119" HEIGHT="21" WC="0.95" CONTENT="sedermera"/><SP WIDTH="16" VPOS="1297" HPOS="752"/>
							<String ID="string_374" HPOS="768" VPOS="1299" WIDTH="32" HEIGHT="19" WC="0.93" CONTENT="att"/><SP WIDTH="12" VPOS="1299" HPOS="800"/>
							<String ID="string_375" HPOS="812" VPOS="1296" WIDTH="76" HEIGHT="21" WC="0.89" CONTENT="bivista"/>
						</TextLine>
						<TextLine ID="line_39" HPOS="62" VPOS="1325" WIDTH="826" HEIGHT="28">
							<String ID="string_376" HPOS="62" VPOS="1327" WIDTH="54" HEIGHT="26" WC="0.96" CONTENT="dem,"/><SP WIDTH="16" VPOS="1327" HPOS="116"/>
							<String ID="string_377" HPOS="132" VPOS="1327" WIDTH="67" HEIGHT="20" WC="0.95" CONTENT="ehuru"/><SP WIDTH="17" VPOS="1327" HPOS="199"/>
							<String ID="string_378" HPOS="216" VPOS="1327" WIDTH="25" HEIGHT="21" WC="0.95" CONTENT="de"/><SP WIDTH="15" VPOS="1327" HPOS="241"/>
							<String ID="string_379" HPOS="256" VPOS="1328" WIDTH="46" HEIGHT="20" WC="0.93" CONTENT="icke"/><SP WIDTH="16" VPOS="1328" HPOS="302"/>
							<String ID="string_380" HPOS="318" VPOS="1326" WIDTH="68" HEIGHT="22" WC="0.92" CONTENT="deruti"/><SP WIDTH="17" VPOS="1326" HPOS="386"/>
							<String ID="string_381" HPOS="403" VPOS="1333" WIDTH="39" HEIGHT="20" WC="0.92" CONTENT="ega"/><SP WIDTH="16" VPOS="1333" HPOS="442"/>
							<String ID="string_382" HPOS="458" VPOS="1327" WIDTH="71" HEIGHT="26" WC="0.96" CONTENT="någon"/><SP WIDTH="17" VPOS="1327" HPOS="529"/>
							<String ID="string_383" HPOS="546" VPOS="1328" WIDTH="90" HEIGHT="19" WC="0.96" CONTENT="rösträtt"/><SP WIDTH="15" VPOS="1328" HPOS="636"/>
							<String ID="string_384" HPOS="651" VPOS="1325" WIDTH="51" HEIGHT="21" WC="0.96" CONTENT="eller"/><SP WIDTH="15" VPOS="1325" HPOS="702"/>
							<String ID="string_385" HPOS="717" VPOS="1326" WIDTH="72" HEIGHT="20" WC="0.96" CONTENT="kunna"/><SP WIDTH="15" VPOS="1326" HPOS="789"/>
							<String ID="string_386" HPOS="804" VPOS="1325" WIDTH="84" HEIGHT="25" WC="0.96" CONTENT="deltaga"/>
						</TextLine>
						<TextLine ID="line_40" HPOS="62" VPOS="1353" WIDTH="826" HEIGHT="26">
							<String ID="string_387" HPOS="62" VPOS="1356" WIDTH="6" HEIGHT="20" WC="0.96" CONTENT="i"/><SP WIDTH="17" VPOS="1356" HPOS="68"/>
							<String ID="string_388" HPOS="85" VPOS="1355" WIDTH="104" HEIGHT="21" WC="0.95" CONTENT="besluten."/><SP WIDTH="32" VPOS="1355" HPOS="189"/>
							<String ID="string_389" HPOS="221" VPOS="1356" WIDTH="61" HEIGHT="20" WC="0.96" CONTENT="Hvad"/><SP WIDTH="16" VPOS="1356" HPOS="282"/>
							<String ID="string_390" HPOS="298" VPOS="1356" WIDTH="82" HEIGHT="20" WC="0.96" CONTENT="således"/><SP WIDTH="16" VPOS="1356" HPOS="380"/>
							<String ID="string_391" HPOS="396" VPOS="1355" WIDTH="55" HEIGHT="21" WC="0.96" CONTENT="Herr"/><SP WIDTH="16" VPOS="1355" HPOS="451"/>
							<String ID="string_392" HPOS="467" VPOS="1355" WIDTH="83" HEIGHT="21" WC="0.96" CONTENT="Kurtén"/><SP WIDTH="23" VPOS="1355" HPOS="550"/>
							<String ID="string_393" HPOS="573" VPOS="1354" WIDTH="99" HEIGHT="21" WC="0.96" CONTENT="anmärkt"/><SP WIDTH="15" VPOS="1354" HPOS="672"/>
							<String ID="string_394" HPOS="687" VPOS="1357" WIDTH="44" HEIGHT="18" WC="0.96" CONTENT="mot"/><SP WIDTH="15" VPOS="1357" HPOS="731"/>
							<String ID="string_395" HPOS="746" VPOS="1354" WIDTH="48" HEIGHT="20" WC="0.96" CONTENT="mitt"/><SP WIDTH="16" VPOS="1354" HPOS="794"/>
							<String ID="string_396" HPOS="810" VPOS="1353" WIDTH="78" HEIGHT="26" WC="0.96" CONTENT="förslag"/>
						</TextLine>
						<TextLine ID="line_41" HPOS="62" VPOS="1382" WIDTH="825" HEIGHT="29">
							<String ID="string_397" HPOS="62" VPOS="1383" WIDTH="67" HEIGHT="22" WC="0.96" CONTENT="finner"/><SP WIDTH="12" VPOS="1383" HPOS="129"/>
							<String ID="string_398" HPOS="141" VPOS="1384" WIDTH="38" HEIGHT="27" WC="0.96" CONTENT="jag"/><SP WIDTH="16" VPOS="1384" HPOS="179"/>
							<String ID="string_399" HPOS="195" VPOS="1384" WIDTH="45" HEIGHT="21" WC="0.96" CONTENT="icke"/><SP WIDTH="16" VPOS="1384" HPOS="240"/>
							<String ID="string_400" HPOS="256" VPOS="1390" WIDTH="50" HEIGHT="15" WC="0.96" CONTENT="vara"/><SP WIDTH="16" VPOS="1390" HPOS="306"/>
							<String ID="string_401" HPOS="322" VPOS="1384" WIDTH="6" HEIGHT="20" WC="0.96" CONTENT="i"/><SP WIDTH="16" VPOS="1384" HPOS="328"/>
							<String ID="string_402" HPOS="344" VPOS="1384" WIDTH="65" HEIGHT="26" WC="0.96" CONTENT="något"/><SP WIDTH="21" VPOS="1384" HPOS="409"/>
							<String ID="string_403" HPOS="430" VPOS="1383" WIDTH="103" HEIGHT="21" WC="0.90" CONTENT="afseende"/><SP WIDTH="25" VPOS="1383" HPOS="533"/>
							<String ID="string_404" HPOS="558" VPOS="1383" WIDTH="118" HEIGHT="25" WC="0.90" CONTENT="bevisande,"/><SP WIDTH="17" VPOS="1383" HPOS="676"/>
							<String ID="string_405" HPOS="693" VPOS="1382" WIDTH="85" HEIGHT="21" WC="0.96" CONTENT="hvarför"/><SP WIDTH="13" VPOS="1382" HPOS="778"/>
							<String ID="string_406" HPOS="791" VPOS="1382" WIDTH="37" HEIGHT="27" WC="0.91" CONTENT="jag"/><SP WIDTH="15" VPOS="1382" HPOS="828"/>
							<String ID="string_407" HPOS="843" VPOS="1382" WIDTH="44" HEIGHT="20" WC="0.91" CONTENT="vid-"/>
						</TextLine>
						<TextLine ID="line_42" HPOS="62" VPOS="1412" WIDTH="206" HEIGHT="22">
							<String ID="string_408" HPOS="62" VPOS="1412" WIDTH="67" HEIGHT="22" WC="0.95" CONTENT="håller"/><SP WIDTH="16" VPOS="1412" HPOS="129"/>
							<String ID="string_409" HPOS="145" VPOS="1412" WIDTH="123" HEIGHT="22" WC="0.96" CONTENT="detsamma."/>
						</TextLine>
					</TextBlock>
				</ComposedBlock>
				<ComposedBlock ID="cblock_4" HPOS="61" VPOS="1466" WIDTH="828" HEIGHT="88">
					<TextBlock ID="block_3" HPOS="61" VPOS="1466" WIDTH="828" HEIGHT="88">
						<TextLine ID="line_43" HPOS="132" VPOS="1466" WIDTH="757" HEIGHT="30">
							<String ID="string_410" HPOS="132" VPOS="1470" WIDTH="56" HEIGHT="21" WC="0.92" CONTENT="Herr"/><SP WIDTH="23" VPOS="1470" HPOS="188"/>
							<String ID="string_411" HPOS="211" VPOS="1466" WIDTH="165" HEIGHT="30" WC="0.89" CONTENT="Öhrnberg:"/><SP WIDTH="31" VPOS="1466" HPOS="376"/>
							<String ID="string_412" HPOS="407" VPOS="1469" WIDTH="34" HEIGHT="21" WC="0.96" CONTENT="Då"/><SP WIDTH="22" VPOS="1469" HPOS="441"/>
							<String ID="string_413" HPOS="463" VPOS="1469" WIDTH="38" HEIGHT="27" WC="0.96" CONTENT="jag"/><SP WIDTH="22" VPOS="1469" HPOS="501"/>
							<String ID="string_414" HPOS="523" VPOS="1470" WIDTH="54" HEIGHT="20" WC="0.96" CONTENT="varit"/><SP WIDTH="21" VPOS="1470" HPOS="577"/>
							<String ID="string_415" HPOS="598" VPOS="1469" WIDTH="80" HEIGHT="21" WC="0.96" CONTENT="hedrad"/><SP WIDTH="16" VPOS="1469" HPOS="678"/>
							<String ID="string_416" HPOS="694" VPOS="1469" WIDTH="47" HEIGHT="20" WC="0.96" CONTENT="med"/><SP WIDTH="15" VPOS="1469" HPOS="741"/>
							<String ID="string_417" HPOS="756" VPOS="1468" WIDTH="133" HEIGHT="20" WC="0.95" CONTENT="förtroendet"/>
						</TextLine>
						<TextLine ID="line_44" HPOS="62" VPOS="1496" WIDTH="826" HEIGHT="28">
							<String ID="string_418" HPOS="62" VPOS="1501" WIDTH="32" HEIGHT="19" WC="0.96" CONTENT="att"/><SP WIDTH="16" VPOS="1501" HPOS="94"/>
							<String ID="string_419" HPOS="110" VPOS="1505" WIDTH="50" HEIGHT="15" WC="0.93" CONTENT="vara"/><SP WIDTH="15" VPOS="1505" HPOS="160"/>
							<String ID="string_420" HPOS="175" VPOS="1498" WIDTH="190" HEIGHT="26" WC="0.92" CONTENT="Borgareståndets"/><SP WIDTH="17" VPOS="1498" HPOS="365"/>
							<String ID="string_421" HPOS="382" VPOS="1498" WIDTH="123" HEIGHT="26" WC="0.95" CONTENT="fullmäktig"/><SP WIDTH="15" VPOS="1498" HPOS="505"/>
							<String ID="string_422" HPOS="520" VPOS="1498" WIDTH="6" HEIGHT="20" WC="0.96" CONTENT="i"/><SP WIDTH="17" VPOS="1498" HPOS="526"/>
							<String ID="string_423" HPOS="543" VPOS="1498" WIDTH="101" HEIGHT="20" WC="0.96" CONTENT="Finlands"/><SP WIDTH="16" VPOS="1498" HPOS="644"/>
							<String ID="string_424" HPOS="660" VPOS="1497" WIDTH="66" HEIGHT="26" WC="0.95" CONTENT="Bank,"/><SP WIDTH="14" VPOS="1497" HPOS="726"/>
							<String ID="string_425" HPOS="740" VPOS="1497" WIDTH="43" HEIGHT="21" WC="0.96" CONTENT="kan"/><SP WIDTH="11" VPOS="1497" HPOS="783"/>
							<String ID="string_426" HPOS="794" VPOS="1496" WIDTH="36" HEIGHT="21" WC="0.96" CONTENT="det"/><SP WIDTH="12" VPOS="1496" HPOS="830"/>
							<String ID="string_427" HPOS="842" VPOS="1496" WIDTH="46" HEIGHT="21" WC="0.96" CONTENT="med"/>
						</TextLine>
						<TextLine ID="line_45" HPOS="61" VPOS="1524" WIDTH="828" HEIGHT="30">
							<String ID="string_428" HPOS="61" VPOS="1527" WIDTH="65" HEIGHT="26" WC="0.96" CONTENT="något"/><SP WIDTH="15" VPOS="1527" HPOS="126"/>
							<String ID="string_429" HPOS="141" VPOS="1527" WIDTH="47" HEIGHT="21" WC="0.96" CONTENT="skäl"/><SP WIDTH="17" VPOS="1527" HPOS="188"/>
							<String ID="string_430" HPOS="205" VPOS="1529" WIDTH="73" HEIGHT="19" WC="0.96" CONTENT="väntas"/><SP WIDTH="15" VPOS="1529" HPOS="278"/>
							<String ID="string_431" HPOS="293" VPOS="1529" WIDTH="32" HEIGHT="19" WC="0.96" CONTENT="att"/><SP WIDTH="13" VPOS="1529" HPOS="325"/>
							<String ID="string_432" HPOS="338" VPOS="1527" WIDTH="36" HEIGHT="27" WC="0.96" CONTENT="jag"/><SP WIDTH="16" VPOS="1527" HPOS="374"/>
							<String ID="string_433" HPOS="390" VPOS="1527" WIDTH="45" HEIGHT="21" WC="0.96" CONTENT="icke"/><SP WIDTH="17" VPOS="1527" HPOS="435"/>
							<String ID="string_434" HPOS="452" VPOS="1527" WIDTH="57" HEIGHT="21" WC="0.96" CONTENT="låter"/><SP WIDTH="23" VPOS="1527" HPOS="509"/>
							<String ID="string_435" HPOS="532" VPOS="1527" WIDTH="58" HEIGHT="21" WC="0.93" CONTENT="detta"/><SP WIDTH="19" VPOS="1527" HPOS="590"/>
							<String ID="string_436" HPOS="609" VPOS="1526" WIDTH="89" HEIGHT="21" WC="0.92" CONTENT="ärendes"/><SP WIDTH="15" VPOS="1526" HPOS="698"/>
							<String ID="string_437" HPOS="713" VPOS="1525" WIDTH="130" HEIGHT="26" WC="0.93" CONTENT="behandling"/><SP WIDTH="15" VPOS="1525" HPOS="843"/>
							<String ID="string_438" HPOS="858" VPOS="1524" WIDTH="31" HEIGHT="21" WC="0.93" CONTENT="af-"/>
						</TextLine>
					</TextBlock>
				</ComposedBlock>
			</PrintSpace>
		</Page>
	</Layout>
</alto>
