1078 1781
175 119 43 21 866
424 124 179 22 Borgareståndet
616 125 53 17 1877.
694 125 26 17 26
732 126 50 21 Maj.

244 194 66 21 Emot
331 194 57 21 Herr.
409 193 103 28 Chydenii
533 194 132 21 reservation
687 193 63 23 hafva
766 194 108 22 dessutom
890 195 120 22 framstälts

175 221 147 28 hvarjehanda
344 222 134 27 tvifvelsmäl,
502 222 71 22 hvilka
595 228 63 21 synas
682 223 44 26 mig
749 223 135 27 synnerligen
908 224 101 21 anmärk-

175 246 136 35 ningsvärda.
376 257 40 15 ena
431 251 60 21 sidan
505 250 40 22 har
560 257 49 15 man
624 251 106 26 nemligen
745 253 72 20 ansett
833 251 102 27 förslaget
946 252 60 22 miss-

175 279 63 21 tänkt
252 278 24 22 af
290 279 41 21 den
347 279 64 22 orsak
426 281 32 20 att
474 279 118 22 detsamma
607 279 119 22 framstälts
742 280 22 21 af
779 286 26 15 en
820 286 84 21 person,
914 280 94 26 hvilken,

175 307 67 27 enligt
256 307 78 27 nägras
349 307 85 28 åsigter,
449 307 31 22 uti
495 308 46 21 sina
557 307 127 28 föregående
692 308 138 22 sträfvanden
841 309 46 26 följt
898 315 26 15 en
936 315 70 16 annan

175 336 101 27 riktning,
291 338 27 19 än
334 337 42 21 den
390 336 41 22 han
447 343 29 14 nu
491 337 31 20 uti
538 337 60 21 detta
619 337 37 21 sitt
678 337 80 27 förslag
779 337 69 22 skulle
862 337 64 22 hafva
940 337 68 22 insla-

175 365 37 27 git,
227 364 40 22 och
284 365 84 22 derföre
382 367 53 20 utan
450 365 74 22 vidare
546 365 57 22 velat
622 365 96 22 förkasta
741 366 123 21 detsamma.
929 373 25 14 en
970 373 37 14 an-

175 399 42 16 nan
233 393 49 22 sida
296 393 40 22 har
351 399 49 16 man
416 393 46 22 åter
477 393 56 22 velat
548 395 53 25 göra
623 393 98 27 gällande
736 395 33 21 att
784 394 60 22 detta
860 395 52 21 hans
928 394 80 27 förslag

176 422 69 21 skulle
261 422 29 27 gå
304 422 72 21 alltför
391 421 59 28 långt
465 422 40 21 och
521 424 32 20 att
568 421 69 22 finska
651 422 87 27 språket
753 429 76 20 genom
840 423 167 27 godkännandet

175 451 24 20 af
212 450 52 21 hans
287 450 80 27 förslag
390 451 67 21 skulle
480 451 81 21 erhålla
577 450 34 22 för
629 453 58 19 stora
709 451 132 27 rättigheter.
872 452 80 27 Frågas
968 452 38 21 då:

175 479 53 21 hvar
244 479 43 21 kan
303 479 136 27 medelvägen
455 479 82 22 finnas?
567 479 29 21 Af
611 479 40 22 den
667 479 57 22 anda
738 486 46 15 som
799 481 117 26 genomgår
931 481 75 20 betän-

176 507 80 22 kandet
271 507 41 22 och
327 507 101 22 särskildt
442 507 148 28 petitionerna,
607 514 61 21 synes
684 514 49 16 man
748 508 73 22 kunna
835 509 49 21 med
899 509 38 21 full
952 509 53 21 viss-

176 536 37 21 het
228 537 67 26 draga
310 536 42 22 den
367 536 87 22 slutsats
469 538 32 19 att
515 536 70 22 finska
607 537 98 26 språkets
721 537 64 22 ifrare
800 537 39 22 och
855 537 102 22 målsmän
973 538 33 21 al-

176 565 46 26 drig
237 565 63 21 torde
315 565 72 21 kunna
402 565 21 22 få
437 565 33 22 för
485 565 90 27 mycket,
591 571 49 16 men
655 565 83 22 likvisst
753 565 75 28 påstår
842 573 48 14 man
906 565 99 28 obegrip-

175 593 40 27 ligt
230 599 42 22 nog
287 595 33 20 att
336 593 59 22 detta
410 593 68 22 blefve
493 593 60 22 fallet
569 600 34 15 om
619 593 56 22 Herr
686 594 115 27 Chydnius'
811 595 131 21 reservation
953 595 52 26 god-

175 622 87 21 kännes.
292 622 42 27 Jag
350 622 42 21 kan
407 622 46 22 icke
467 622 54 21 fatta
537 624 32 19 att
584 623 70 26 någon
669 629 70 15 annan
756 623 84 26 mening
855 623 67 27 ligger
936 624 69 21 under

175 650 39 22 allt
229 651 67 26 detta,
320 652 27 19 än
368 652 32 20 att
420 651 56 21 hålla
497 651 62 21 fältet
581 651 133 22 fortfarande
730 653 65 25 öppet
809 651 32 22 för
857 652 147 26 språktvister,

175 681 52 20 utan
242 681 33 19 att
290 679 50 27 vilja
354 680 28 26 på
397 679 48 22 fullt
459 679 68 22 allvar
541 679 95 22 hvarken
652 680 36 21 det
704 686 41 15 ena
756 680 53 21 eller
823 681 68 21 andra
906 681 98 26 språkets

175 707 95 27 verkliga
286 707 40 22 och
342 707 115 28 tillbörliga
473 708 173 27 tillgodoseende.

244 764 56 22 Herr
322 765 125 21 Jansson:
477 765 11 21 I
510 766 90 21 motsats
615 765 33 21 till
664 765 56 22 hvad
736 765 40 22 den
792 767 83 20 senaste
891 766 64 21 ärade
971 768 32 19 ta-

174 793 60 22 laren
249 795 76 25 yttrat,
340 799 63 16 anser
415 793 36 27 jag
466 794 43 26 mig
524 793 53 22 böra
591 793 115 26 godkänna
728 794 64 27 syftet
811 795 2 20 i
829 795 55 20 Herr
900 794 103 27 Chydenii

173 822 137 21 reservation.
341 821 73 28 Enligt
429 823 42 20 min
486 822 137 27 uppfattning
637 823 39 25 går
692 823 60 21 detta
767 825 23 19 ut
805 823 27 27 på
843 825 32 19 att
885 823 7 21 i
902 823 101 22 afseende

173 851 13 20 å
209 850 26 21 de
258 849 108 28 språkliga
389 851 155 26 rättigheterna
566 851 54 20 söka
642 851 150 22 åstadkomma
815 858 25 15 en
863 851 139 27 likställighet

173 879 91 21 emellan
281 879 26 21 de
322 878 68 22 finska
406 879 39 22 och
460 879 26 22 de
501 879 92 22 svenska
608 879 85 22 talande
709 880 7 21 i
730 880 73 21 landet
819 880 39 21 och
870 882 32 19 att
913 881 89 21 sålunda

173 907 53 21 söka
241 909 53 25 göra
310 909 30 20 ett
355 907 43 22 slut
413 908 27 27 på
455 908 40 21 den
511 907 120 28 beklagliga
654 908 60 25 strid,
730 915 45 15 som
791 915 28 14 nu
835 909 89 21 söndrar
940 909 63 22 dessa

172 936 68 27 begge
256 935 60 22 delar
332 936 23 21 af
369 935 82 23 landets
466 937 135 21 innevånare.
631 937 42 27 Jag
695 937 69 22 skulle
780 937 83 22 derföre
878 937 124 28 obetingadt

172 963 74 23 förena
262 965 43 26 mig
316 971 34 15 om
362 965 69 21 denna
441 965 136 26 reservation,
589 971 34 15 om
634 965 46 22 icke
690 965 32 22 uti
736 966 122 21 densamma
871 966 131 21 förekomme

172 993 67 26 några
255 993 99 22 formella
369 993 174 28 oegentligheter,
560 1000 34 15 om
610 993 72 22 hvilka
697 994 141 27 anmärkning
853 995 65 21 redan
933 995 69 21 under

171 1021 121 27 gårdagens
308 1021 120 22 diskussion
450 1022 68 21 blifvit
539 1022 83 21 uttalad
638 1023 39 21 och
692 1023 57 21 Herr
765 1023 119 27 Chydenius
900 1023 39 22 har
954 1023 49 26 sjelf

172 1051 78 20 önskat
266 1052 52 25 göra
334 1052 32 19 ett
380 1051 74 27 tillägg
475 1050 131 22 beträffande
621 1051 27 22 de
663 1051 136 22 kommunala
815 1051 187 28 myndigheternas

171 1079 147 26 skyldigheter
333 1079 6 21 i
356 1079 36 22 det
407 1080 7 21 i
429 1079 157 22 reservationen
602 1080 94 27 antydda
711 1080 114 21 afseendet.
852 1080 41 27 Jag
903 1080 39 21 ber
952 1081 49 20 der-

171 1107 45 21 före
232 1110 32 19 att
280 1107 21 22 få
316 1107 75 22 förena
413 1108 42 27 mig
477 1109 48 20 med
547 1109 56 21 Herr
623 1109 89 26 Kurtén,
737 1115 45 15 som
801 1109 39 21 har
855 1109 63 27 yrkat
933 1109 27 27 på
974 1115 26 15 en

171 1135 163 28 återförvisning
357 1136 32 21 till
410 1137 105 21 utskottet
537 1139 33 19 att
592 1137 116 22 formulera
730 1137 38 22 sitt
791 1137 135 21 betänkande
942 1138 6 21 i
964 1138 38 21 det

171 1164 136 27 hufvudsyfte
322 1171 46 15 som
384 1165 113 27 genomgår
512 1165 57 22 Herr
584 1165 103 28 Chydenii
703 1166 138 21 reservation.

240 1221 57 22 Herr
319 1221 148 23 Fabritius:
497 1222 28 22 Ju
540 1229 59 15 mera
612 1223 37 27 jag
661 1223 91 26 jemfört
767 1223 56 22 Herr
839 1223 108 27 Chydenii,
963 1223 36 22 be-

170 1249 120 23 tänkandet
312 1249 114 29 vidfogade
448 1252 129 21 reservation
599 1252 47 22 med
669 1252 56 22 1863
740 1252 36 22 års
791 1252 131 27 förordning,
938 1252 62 22 desto

169 1285 47 15 mer
230 1279 41 21 har
286 1279 39 21 hos
341 1280 42 26 mig
398 1280 85 27 stadgat
497 1280 32 27 sig
544 1280 154 27 öfvertygelsen
715 1281 73 21 derom
799 1282 32 20 att
841 1281 159 21 reservationen

169 1308 55 21 både
240 1308 33 21 till
288 1307 94 22 innehåll
398 1308 39 22 och
452 1308 54 28 syfte
517 1310 25 20 är
556 1309 7 21 i
579 1308 120 22 hufvudsak
710 1310 230 21 öfverensstämmande
951 1310 48 21 med

169 1337 94 21 nämnda
278 1336 77 27 nådiga
370 1336 128 28 förordning.
528 1338 47 21 Den
599 1338 53 21 enda
663 1338 81 22 olikhet
759 1344 52 20 som,
827 1338 49 21 med
891 1338 109 26 undantag

168 1365 24 21 af
205 1366 67 26 några
295 1365 122 27 obetydliga
439 1366 96 27 detaljer,
559 1366 119 27 förefinnes,
696 1368 24 20 är
736 1367 41 21 den
792 1368 33 20 att
840 1366 159 22 reservationen

168 1393 82 22 uttaiar
266 1400 25 15 en
307 1394 82 21 önskau
402 1400 33 16 om
451 1394 83 22 tillfälle
549 1394 34 22 för
597 1394 120 23 Ständerna
732 1397 33 20 att
780 1394 66 23 blifva
860 1395 69 21 hörda
939 1394 7 22 i
956 1394 42 22 frå-

167 1428 43 20 gan
226 1428 36 16 om
277 1422 25 21 de
319 1422 67 27 begge
401 1423 102 26 språkens
518 1422 100 23 inbördes
634 1424 133 26 rättigheter.
797 1424 103 21 Deremot
914 1423 40 21 har
961 1424 39 26 jag

167 1450 47 22 icke
236 1450 72 22 såsom
330 1451 58 21 Herr
408 1452 95 26 Ignatius
525 1451 76 27 funnit,
624 1454 32 20 att
678 1453 57 21 Herr
749 1452 104 27 Chydenii
867 1452 131 22 reservation

167 1479 69 21 skulle
260 1480 27 26 gå
309 1479 85 21 utöfver
415 1482 143 25 programmet
581 1481 32 21 uti
636 1482 54 20 1863
706 1482 35 20 års
756 1481 130 27 förordning,
899 1480 52 22 eller
966 1484 34 18 att

168 1508 56 22 1863
240 1508 36 22 års
290 1508 126 28 förordning
437 1509 46 21 icke
503 1515 50 15 vore
568 1508 113 28 tillämplig
696 1510 28 27 på
739 1510 27 22 de
781 1509 91 22 embets-
888 1510 40 22 och
943 1510 55 27 tjen-
