1078 1781
184 119 42 21 608
402 126 179 20 Borgareständet
593 126 55 18 1877.
672 127 25 17 27
710 126 63 21 April.

185 194 117 27 penningar
325 193 33 22 för
378 196 32 19 att
431 194 48 21 låna
501 196 24 19 ut
548 194 55 21 dem.
633 195 27 20 Ja
682 201 50 14 man
751 194 42 21 kan
809 193 129 27 tillochmed,
954 193 59 26 groft

185 225 65 24 taget,
267 225 51 24 säga
334 225 32 18 att
382 229 25 15 en
424 223 55 20 bank
495 225 24 18 är
535 229 26 14 en
577 223 164 21 kommissionär
750 223 89 20 emellan
848 222 116 27 långifvare
974 222 39 22 och

185 251 117 26 låntagare,
324 251 56 21 blott
396 253 32 19 att
443 252 40 20 den
507 251 73 27 skiljer
595 252 31 25 sig
642 251 46 22 från
704 251 68 21 andra
788 251 79 21 sådana
882 251 133 21 kommissio-

185 281 63 19 närer
270 279 129 28 derigenom,
423 282 31 19 att
476 280 40 21 den
539 280 116 27 uppträder
676 280 68 21 under
763 282 47 23 eget
826 286 81 15 ansvar.
938 280 76 21 Fäster

185 315 48 14 man
254 308 103 27 tillbörlig
377 309 44 26 vigt
436 309 80 25 härvid,
537 309 24 20 så
576 309 94 26 framgår
686 308 60 22 deraf
760 310 32 19 att
808 308 40 21 den
863 308 41 21 roll
919 309 95 20 bankens

185 339 49 24 eget
252 336 82 27 kapital
358 338 70 25 spelar
451 337 120 27 egentligen
593 337 46 21 icke
660 339 24 19 är
703 337 70 26 någon
789 343 69 15 aunan
874 339 26 18 än
917 339 32 19 att
963 343 51 14 vara

185 372 26 14 en
231 366 92 25 garanti,
346 372 26 14 en
396 366 181 21 kautionssumma
600 366 34 21 för
657 365 113 27 företaget.
800 365 53 21 Dess
876 365 77 27 belopp
975 366 38 20 be-

185 394 96 25 tecknar,
304 396 32 19 att
359 394 83 21 banken
463 395 42 20 kan
527 397 52 24 göra
598 395 100 20 förluster
721 394 33 21 till
770 400 81 15 samma
866 394 77 27 belopp
960 397 52 18 utan

185 425 32 18 att
233 422 48 21 dess
297 423 170 26 fordringsegare
482 423 6 20 i
504 423 102 21 händelse
622 423 23 20 af
659 423 65 26 liqvid
740 423 86 20 komma
837 425 31 18 att
879 423 50 21 lida.
960 423 54 20 Der-

186 451 38 26 uti,
248 451 40 21 och
305 451 37 27 jag
358 452 72 25 påstår
445 452 75 21 endast
536 452 77 24 deruti,
629 452 67 26 ligger
712 451 124 27 betydelsen
852 451 22 21 af
888 451 41 21 den
946 453 68 19 större

185 480 52 20 eller
259 480 82 21 mindre
362 481 107 20 storleken
490 480 21 21 af
533 487 26 14 en
583 481 67 20 banks
673 483 47 24 eget
741 480 87 27 kapital.
859 480 11 21 I
884 480 100 21 afseende
1001 480 13 21 å

185 508 103 21 Finlands
303 508 72 21 Banks
390 509 107 26 ställning,
513 509 64 21 hvars
592 509 68 26 grund
676 509 39 20 och
730 508 123 21 reservfond
864 509 148 26 tillsammans,

185 536 121 21 oberoende
327 537 23 21 af
372 537 39 21 den
435 537 154 27 odisponerade
612 538 88 24 vinsten,
724 539 77 25 utgöra
821 537 97 26 omkring
938 539 75 19 sexton

186 565 111 27 millioner,
321 566 37 20 vill
378 566 36 21 det
432 568 57 25 säga,
511 569 32 18 att
561 566 84 21 banken
660 566 28 27 på
704 566 31 21 sin
752 566 107 27 placering
871 565 23 22 af
908 565 104 27 tjugufem

185 594 106 21 millioner
313 595 97 26 utlåning
433 595 66 26 jemte
524 595 155 20 räntebärande
702 601 81 20 papper
810 594 38 21 och
872 594 142 27 obligationer

187 623 71 21 kunde
280 624 52 25 göra
355 626 73 18 sexton
449 624 116 21 millioners
581 623 83 25 förlust,
680 626 51 18 utan
748 625 32 18 att
796 623 68 27 någon
880 623 24 20 af
919 623 94 21 bankens

185 651 172 27 fordringsegare
382 652 55 21 skall
464 651 66 22 blifva
556 652 92 21 lidande.
685 652 39 21 Om
756 651 83 22 banken
867 652 53 20 ökar
944 651 69 21 denna

186 686 83 15 summa
292 680 52 21 eller
366 681 32 20 till
422 681 38 21 och
481 681 47 20 med
544 681 94 20 minskar
654 681 47 22 den,
717 682 25 19 är
758 681 66 20 under
837 680 81 21 sådana
933 680 79 21 förbål-

186 709 78 20 landen
288 709 134 26 temmeligen
444 709 106 27 likgiltigt.
582 709 126 26 Kautionen,
724 709 100 27 garantin
841 711 23 18 är
879 709 6 20 i
902 709 43 20 alla
960 709 53 20 hän-

186 737 70 21 delser
279 737 125 27 tillräckligt
426 740 50 19 stor.
507 738 30 26 Ty
561 737 36 22 det
617 738 69 20 skulle
701 737 112 27 verkligen
829 744 51 14 vara
896 744 25 14 en
936 737 74 21 under-

187 765 39 21 bar
248 765 45 25 sak,
310 772 34 15 om
360 766 83 21 banken
459 767 32 20 för
507 767 40 20 den
563 768 107 19 närmaste
687 766 114 21 framtiden
817 766 45 21 icke
878 766 75 21 endast
968 766 46 21 icke

187 794 55 21 skall
265 796 53 25 göra
341 795 69 26 någon
433 795 62 26 vinst,
514 798 51 18 utan
582 797 55 19 ännu
654 795 70 21 dertill
740 797 52 25 göra
808 797 74 19 sexton
898 794 116 21 millioners

187 823 77 20 förlust
279 823 28 26 på
322 823 32 21 sin
370 823 96 26 utlåning
482 823 39 21 och
538 824 69 26 öfriga
622 824 116 26 placering.

256 851 30 21 På
302 852 66 21 andra
384 853 181 26 omständigheter
581 854 26 19 än
624 852 75 25 denna,
716 853 36 20 det
768 852 36 21 vill
815 853 51 25 säga
877 851 27 27 på
915 858 25 14 en
952 858 62 14 even-

187 879 43 21 tuel
251 880 73 26 liqvid,
347 881 98 20 inverkar
466 881 107 21 storleken
596 881 22 20 af
637 881 36 20 det
696 887 55 20 egna
769 881 104 26 kapitalet
888 880 54 21 icke.
972 881 42 20 Det

187 909 99 20 inverkar
308 909 94 21 hvarken
418 909 27 27 på
464 909 55 22 hvad
535 916 49 14 man
599 909 96 26 vanligen
712 909 70 22 kallar
797 909 94 21 bankens
907 909 105 22 säkerhet,

187 937 47 20 dess
258 937 96 26 förmåga
374 940 31 19 att
429 938 90 26 fullgöra
534 939 46 20 sina
596 938 140 21 förbindelser
752 938 28 27 på
794 940 68 19 utsatt
878 938 36 24 tid,
931 937 44 21 lika
991 937 23 21 så

186 965 47 21 litet
256 972 46 15 som
324 967 28 25 på
374 967 48 20 dess
443 967 94 26 förmåga
553 969 32 18 att
601 967 108 20 utsträcka
725 967 33 20 sin
774 966 85 21 rörelse.
892 966 120 27 Förmågan

187 996 32 19 att
234 996 52 25 göra
302 997 59 19 stora
376 995 181 27 försträckningar
576 995 63 21 beror
654 996 28 25 på
697 995 96 21 bankens
809 995 97 26 förmåga
922 997 31 18 att
966 995 49 20 låna

185 1029 43 20 upp
252 1023 116 26 kapitaler;
392 1023 36 21 det
451 1026 23 19 är
493 1025 75 20 endast
583 1030 76 20 genom
676 1026 31 19 att
722 1024 51 21 låna
789 1030 42 20 upp
847 1023 107 26 kapitaler
969 1029 45 15 som

186 1051 40 21 den
249 1052 42 21 kan
314 1052 50 21 låna
386 1055 29 18 ut.
445 1053 79 21 Likaså
541 1052 100 21 influeras
657 1052 135 25 säkerheten,
807 1059 46 14 som
869 1053 39 20 den
924 1053 42 20 kan
982 1058 32 15 er-

185 1079 66 27 bjuda
274 1080 46 21 sina
341 1081 89 25 kunder,
452 1081 19 21 d.
487 1088 18 14 v.
522 1087 15 15 s.
554 1081 127 21 säkerheten
697 1081 33 21 för
746 1081 108 26 punktligt
868 1081 147 20 honorerande

185 1108 24 21 af
229 1108 169 23 förbindelserna
421 1109 46 21 icke
491 1110 21 21 af
531 1110 90 21 berörda
644 1110 175 26 garantisumma,
843 1109 39 21 den
904 1109 62 21 beror
981 1111 35 19 vä-

184 1137 107 28 sentligen
312 1138 28 26 pä
362 1140 66 19 sättet
448 1139 33 20 för
501 1138 92 28 affärens
617 1138 104 21 skötande
748 1139 7 20 i
778 1138 116 21 allmänhet
916 1138 39 21 och
971 1139 45 20 sär-

185 1166 66 21 skildt
266 1166 28 27 pä
310 1167 165 26 placeringarne.
506 1168 43 20 Aro
565 1167 161 27 placeringarne
742 1167 38 21 illa
795 1167 81 27 gjorda,
893 1167 23 20 sä
932 1166 41 21 kan
984 1170 32 17 ett

185 1196 70 20 större
271 1199 48 22 eget
334 1195 82 27 kapital
431 1196 46 21 icke
493 1195 130 21 tillförsäkra
636 1196 110 21 kunderna
763 1197 31 20 att
807 1195 21 21 fä
839 1196 45 20 sina
896 1195 120 26 fordringar

185 1223 87 21 betalda
294 1223 27 27 pä
346 1224 96 21 bestämd
464 1224 37 21 tid.
531 1225 42 20 Det
589 1225 41 20 kan
646 1225 125 26 visserligen
788 1225 64 24 nägot
868 1230 59 14 mera
942 1224 74 21 säker-

185 1252 64 21 ställa
274 1252 47 22 dem
340 1253 6 20 i
368 1253 99 21 afseende
481 1254 13 20 &
509 1260 25 14 en
549 1254 96 20 eventue]
661 1254 77 26 ligvid;
755 1259 48 15 men
819 1252 6 21 i
841 1252 98 22 afseende
956 1252 12 21 å
984 1254 32 19 sä-

185 1280 76 22 kerhet
284 1281 34 21 för
340 1281 109 28 betalning
468 1282 27 26 pä
511 1282 150 26 förfallotiden,
677 1283 28 25 pä
721 1282 37 20 det
774 1281 98 21 inverkar
887 1281 130 27 kapitalräk-

185 1310 90 26 ningens
291 1310 76 26 belopp
384 1310 52 21 icke.
468 1310 131 22 Säkerheten
614 1310 130 22 härutinnan
756 1311 63 20 beror
829 1310 28 26 pä
868 1310 148 26 fördelningen

185 1338 91 21 emellan
300 1339 40 20 lätt
363 1339 139 21 realiserbara
523 1340 84 20 valutor
630 1340 39 20 och
692 1341 60 19 snart
774 1338 134 27 uppsägbara
924 1338 92 21 skulder.

185 1366 50 21 Med
252 1369 31 19 ett
306 1368 46 25 ord,
368 1368 68 20 denna
455 1368 99 20 säkerhet
570 1368 62 21 beror
647 1368 27 26 pä
689 1368 56 21 huru
761 1368 84 20 banken
861 1367 79 21 skötes.
970 1366 46 22 Den

184 1395 66 21 saken
274 1397 23 18 är
321 1396 23 19 sä
367 1396 64 26 riktig
452 1399 46 18 tror
510 1396 44 27 jag,
571 1399 32 18 att
615 1396 38 27 jag
669 1396 37 21 vill
722 1403 12 9 n

722 1402 83 15 minnas,
829 1395 37 22 det
882 1402 25 14 en
924 1395 93 21 eminent

185 1423 113 22 författare
321 1424 7 21 i
350 1424 141 26 bankaffärer,
513 1425 27 21 dä
564 1425 41 21 han
626 1424 119 28 uppställer
770 1424 73 28 frågan,
859 1424 85 21 hvilken
960 1424 56 21 bank

185 1458 49 15 man
256 1452 42 21 kan
321 1452 27 22 ha
368 1453 51 21 tillit
435 1454 32 20 till
483 1453 40 21 och
538 1453 32 21 till
586 1454 85 20 hvilken
688 1460 49 14 man
754 1454 40 20 bör
808 1453 70 21 vända
893 1453 38 26 sig,
948 1453 68 26 sagdt,

184 1483 32 18 att
240 1487 48 15 man
312 1481 38 21 bör
370 1482 54 21 fästa
447 1482 32 26 sig
500 1482 35 21 vid
558 1482 95 21 bankens
672 1484 48 25 eget
737 1481 82 28 kapital
836 1481 75 21 endast
928 1481 6 21 i
950 1481 67 21 andra
