1078 1781
191 101 41 21 542
424 105 181 22 Borgareståndet
617 106 55 17 1877.
693 107 27 16 24
732 106 64 21 April.

260 175 80 22 Herrar
353 175 137 26 Lindelöf,
506 175 118 27 Procopé
640 174 39 22 och
695 174 128 27 Masalin,
835 174 71 22 hvilka
916 175 35 21 vid
964 181 54 15 sam-

191 204 133 22 manträdets
340 204 75 26 början
430 203 105 28 aflägsnat
549 204 32 27 sig
597 203 34 21 för
646 206 31 18 att
692 203 34 21 till
742 203 128 26 högvördiga
885 203 133 22 Prestestån-

191 234 36 21 det
249 233 103 20 framföra
375 233 190 26 Borgareståndets
581 233 35 20 vid
632 234 83 19 senaste
740 232 157 21 sammanträde
920 232 98 21 beslutna

190 261 126 27 inbjudning
338 261 133 21 beträffande
483 261 39 21 den
538 261 77 26 nådiga
637 261 160 26 propositionen
813 267 33 14 om
862 261 89 26 ändring
966 261 7 20 i
988 261 30 20 la-

190 296 52 21 gens
258 290 132 27 stadganden
414 289 130 22 beträffande
567 290 65 21 oäkta
654 289 65 21 barns
740 289 95 26 arfsrätt,
860 289 115 22 återvände
990 295 28 15 nu

191 319 39 21 och
246 319 98 21 anmälde
366 325 75 20 genom
464 319 49 20 herr
535 318 101 21 Lindelöf
650 320 32 19 att
698 318 90 21 berörda
809 317 125 28 inbjudning
949 318 70 21 blifvit

191 347 33 22 till
240 347 37 21 det
293 347 131 28 högvördiga
439 347 90 21 Ståndet
544 347 108 21 framförd.

260 479 31 20 På
316 479 97 21 anmälan
440 479 122 20 företrädde
584 485 25 14 en
627 479 125 26 deputation
768 478 46 21 från
830 479 36 20 det
885 478 132 21 hedervärda

190 507 167 26 Bondeståndet,
373 507 75 21 anförd
463 507 24 21 af
501 507 216 26 Landtdagsmannen
734 507 114 27 Svedberg,
863 513 45 15 som
920 507 97 21 anmälde

191 538 32 19 att
238 536 160 21 Bondeståndet
417 537 80 26 antagit
519 536 191 27 Borgareståndets
729 535 126 27 inbjudning
870 535 6 21 i
893 535 74 28 frågan
983 542 34 14 om

191 565 65 21 oäkta
271 565 63 20 barns
350 565 93 20 arfsrätt.

259 622 70 21 Sedan
345 622 49 21 herr
409 622 44 21 vice
468 622 164 20 Talmannen
653 622 95 26 uttryckt
770 621 99 21 Ståndets
884 621 133 21 tacksamhet

190 650 33 21 för
238 651 38 20 det
292 651 96 21 erhållna
402 651 155 26 meddelandet,
573 650 97 21 afträdde
684 650 158 27 deputationen.

258 782 102 21 Härefter
382 781 109 22 fortsattes
514 782 147 21 diskussionen
684 781 93 21 rörande
793 780 223 21 Ekonomiutskottets

190 811 68 20 under
264 811 129 26 behandling
400 811 93 21 varande
501 811 140 26 betänkande,
650 811 38 20 och
698 810 110 25 föredrogs
816 810 6 20 i
831 809 75 22 sådant
916 809 100 21 afseende

258 868 12 27 $
286 869 19 20 3.

258 925 81 21 Härom
355 925 84 27 yttrade
454 925 31 26 sig

258 982 56 21 Herr
329 981 117 28 Öhberg:
478 983 41 26 Jag
535 989 68 17 anser,
619 984 33 19 att
667 982 100 21 anmälan
783 987 33 15 om
833 981 64 24 hund,
913 981 33 20 för
962 980 53 21 hvil-

189 1010 41 22 ken
253 1011 58 20 skatt
335 1011 55 21 skall
412 1011 102 26 erläggas,
532 1011 47 21 icke
602 1011 39 20 bör
658 1013 63 23 göras
745 1011 39 20 hos
803 1009 213 25 kronolänsmannen,

189 1039 70 21 såsom
274 1039 39 21 här
329 1041 24 19 är
368 1039 120 27 föreslaget,
504 1042 51 18 utan
565 1040 38 21 hos
614 1038 401 25 ordföranden
767 1034 15 36 i
792 1038 223 25 kommunalnämnden,

189 1068 70 21 såsom
276 1068 64 21 också
354 1068 32 21 uti
402 1068 145 21 betänkandet
569 1070 68 25 säges,
660 1070 32 19 att
714 1068 37 21 det
764 1067 112 26 riktigaste
891 1073 56 14 vore.
978 1066 38 21 Ut-

189 1097 81 20 skottet
292 1099 62 24 säger
376 1097 111 26 nemligen,
502 1099 32 19 att
550 1097 57 20 inom
623 1097 105 20 utskottet
744 1095 127 22 framhållits
888 1097 45 22 ,att
948 1095 67 21 sådan

190 1126 100 20 anmälan
306 1125 114 27 lämpligen
436 1126 71 20 kunde
522 1126 37 20 ske
571 1126 38 21 hos
619 1125 242 21 kommunalnämndens
872 1124 144 27 ordförande",

188 1160 50 15 men
262 1154 72 27 tyckes
358 1154 64 21 likväl
441 1154 62 21 hafva
522 1155 57 20 velat
601 1155 77 20 föreslå
697 1154 40 21 den
753 1153 78 26 nådiga
846 1153 170 26 propositionens

188 1183 134 26 bestämning
342 1183 27 26 på
391 1183 68 26 grund
483 1183 59 20 deraf
565 1185 32 19 att
617 1183 105 20 utskottet
746 1184 60 23 trott,
829 1183 32 19 att
883 1181 131 21 kommunal-

188 1211 117 21 nämndens
321 1211 128 22 ordförande
465 1211 45 21 icke
529 1218 64 21 gerna
612 1211 68 21 skulle
700 1211 64 26 åtaga
780 1211 31 26 sig
826 1212 31 19 ett
872 1210 76 21 sådant
963 1216 52 20 upp-

189 1240 57 26 drag.
278 1240 41 27 Jag
330 1243 44 18 tror
394 1241 46 21 icke
462 1240 65 21 heller
547 1243 32 19 att
600 1241 138 20 länsmannen
754 1245 65 21 gerna
834 1239 74 26 åtager
923 1239 33 26 sig
971 1239 43 25 det,

188 1269 112 21 hvarutom
324 1269 42 21 han
386 1269 38 21 har
449 1269 32 21 för
496 1270 76 26 många
587 1269 95 26 göromål
698 1269 58 21 förut
770 1268 33 20 för
819 1270 32 18 att
865 1268 72 20 kunna
952 1267 64 25 åtaga

188 1298 31 26 sig
242 1298 62 20 äfven
327 1298 65 20 detta.
422 1298 9 20 I
453 1298 48 21 stad
523 1298 67 21 måste
613 1298 98 20 anmälan
734 1299 64 25 göras
818 1296 46 21 icke
880 1296 38 21 hos
933 1296 82 26 polisen

187 1329 51 19 utan
252 1326 38 22 hos
306 1326 147 26 Magistraten,
469 1333 44 15 som
530 1327 37 21 der
583 1332 49 21 eger
648 1328 32 19 att
695 1326 32 20 till
744 1324 161 27 verkställighet
916 1324 99 21 befordra

187 1355 141 21 kommunens
351 1355 76 21 beslut.
458 1355 30 21 På
510 1362 82 14 samma
608 1357 42 19 sätt
665 1356 24 19 är
705 1355 35 20 det
756 1354 47 20 med
819 1354 196 20 kommunalnämn-

189 1384 41 21 den
247 1384 27 27 på
289 1384 80 25 landet;
393 1384 40 20 den
456 1384 41 24 hax
510 1386 32 19 att
557 1384 72 20 utföra
645 1384 25 20 de
686 1383 71 21 beslut
772 1389 45 14 som
833 1382 182 21 komnunalstäm-

187 1419 49 15 man
253 1412 73 26 fattat;
350 1413 40 20 och
413 1412 70 21 derför
504 1414 45 19 tror
562 1412 37 27 jag
615 1412 35 20 det
665 1418 50 15 vore
733 1414 54 23 bäst,
803 1413 33 19 att
851 1410 163 27 iirägavarande

187 1442 100 20 anmälan
310 1441 68 21 skulle
400 1443 63 23 göras
485 1441 38 21 hos
545 1440 243 22 kommunalnämndens
809 1439 135 21 ordförande.
974 1439 40 27 Jag

187 1470 90 21 föreslär
292 1469 77 26 derför,
381 1471 32 19 att
424 1470 142 21 betänkandet
579 1471 66 20 mätte
655 1469 168 21 äterremitteras
836 1468 32 21 för
879 1470 31 19 att
920 1467 95 27 undergä

187 1504 26 15 en
230 1498 155 26 omredigering
400 1498 7 20 i
423 1498 59 22 detta
497 1498 61 28 syfte.
