1128 1795
292 99 186 24 Talonpoikaissääty
492 102 20 17 17
526 106 17 17 p.
556 101 81 19 Helmik.
651 103 51 17 1894.
845 103 34 17 357

89 169 124 23 anstaltens
236 171 76 22 arbete
335 171 20 28 ej
378 171 60 23 varit
456 171 119 30 förgäfves,
594 175 54 20 enär
667 173 24 22 af
706 173 27 22 de
754 175 26 20 97
797 173 105 28 interner,

89 199 76 23 hvilka
189 199 68 23 under
280 201 26 22 de
326 202 88 27 gångna
432 202 52 21 åren
504 202 75 28 utgått
598 209 25 16 ur
642 203 119 28 anstalten,
778 205 27 20 23
823 203 80 23 hittills

87 229 108 22 förblifvit
218 230 170 26 ,,absolutister'
412 232 39 21 och
476 233 27 20 34
523 233 78 21 endast
620 233 98 26 måttligt
736 233 102 22 använda
857 240 47 15 rus-

88 259 101 27 drycker,
211 259 86 23 hvadan
320 262 26 20 58
366 259 28 30 "jo
410 261 24 21 af
448 261 27 21 de
490 261 91 28 intagna
597 262 138 22 återvunnits
750 262 34 22 för
799 263 48 22 hem
863 263 39 22 och

87 288 111 22 samhälle.

158 323 34 22 På
217 325 71 27 grund
312 325 25 22 af
358 325 27 22 de
408 325 142 23 ekonomiska
573 327 145 27 svårigheter,
741 333 45 16 som
810 327 92 22 sålunda

87 353 84 23 hämma
187 356 33 19 ett
235 354 8 21 i
259 355 50 22 vårt
324 355 52 22 land
392 355 136 28 nödvändigt
543 357 40 21 och
598 357 49 21 med
662 356 116 29 framgång
794 357 108 23 bedrifvet

87 383 76 22 arbete
185 384 39 21 och
245 385 27 26 på
292 385 71 28 grund
384 385 24 22 af
421 387 34 20 att
471 386 123 22 anstaltens
611 387 122 26 bestyrelse
749 389 25 20 är
790 387 62 28 villig
868 389 34 20 att

87 413 47 22 helt
148 413 72 22 lemna
235 415 111 21 anstalten
362 415 25 21 åt
402 415 146 28 Regeringen,
565 416 48 21 ifall
629 416 40 21 den
686 417 19 27 ej
721 417 35 21 får
772 417 38 21 det
824 417 78 27 anslag

87 450 26 14 ur
129 443 109 22 allmänna
254 444 68 22 medel
338 444 25 22 af
378 446 77 25 10,000
471 446 62 21 mark
549 446 90 27 årligen,
657 451 43 16 som
717 446 41 21 den
775 446 27 22 de
813 448 88 20 senaste

87 473 52 21 åren
156 473 61 22 varit
232 475 96 26 tvungen
346 475 33 20 att
395 474 111 27 hopsamla
522 475 24 22 af
559 476 124 21 kommuner
698 476 39 21 och
748 476 107 26 enskilda,
866 475 35 23 får

84 502 39 28 jag
142 503 113 22 vördsamt
275 504 88 21 anhålla
383 510 33 15 om
432 505 37 21 det
484 505 146 22 Hedervärda
646 505 105 22 Ståndets
767 505 133 23 medverkan

86 532 91 28 därhän,
193 535 35 20 att
242 533 35 22 till
291 534 65 22 Hans
370 534 127 28 Kejserliga
508 535 107 28 Majestät
626 535 132 22 inlemnades
770 542 26 15 en
808 535 92 28 petition

85 562 84 27 gående
185 565 25 20 ut
225 563 79 27 därpå:

263 625 34 19 att
318 621 161 24 kuranstalten
494 623 47 30 för
561 622 149 24 alkoholister
730 623 108 28 ,Turva*
858 632 41 15 an-

193 651 77 31 tingen
288 651 47 24 helt
352 651 74 24 skulle
445 652 132 32 öfvertagas
593 653 32 31 af
637 653 146 38 Regeringen
798 653 54 24 eller
867 657 35 20 att

191 681 114 24 anstalten
324 681 32 30 af
367 682 118 23 allmänna
501 682 71 24 medel
587 683 83 24 erhölle
685 687 31 19 ett
730 683 74 32 årligt
817 684 83 31 anslag

191 711 32 30 af
234 707 106 32 10,000
348 712 83 31 finska
448 712 73 24 mark.

155 778 145 30 Helsingfors,
317 779 41 23 den
375 782 12 20 7
403 779 96 23 februari
518 781 62 22 1894,

671 827 24 23 C.
711 827 25 24 J.
752 827 76 24 Slotte.

155 893 187 22 Keskustelu:

154 940 118 22 Edusmies
288 941 105 23 Konkola:
409 940 130 27 Erityisellä
555 940 147 28 mielihyvällä
717 940 48 23 olen
780 940 57 22 minä
847 940 52 23 huo-

84 972 90 20 mannut
199 970 63 22 esillä
284 970 79 23 olevan
386 970 197 28 pyyntöesityksen
607 970 83 28 tekijän
713 970 73 28 hyvän
810 970 88 22 tahdon.

84 1000 109 22 Yleisesti
216 1000 104 27 pidetään
342 1000 87 22 meidän
451 1002 130 20 maatamme
600 1000 132 22 ulkomaalla
750 1000 149 22 esimerkkinä

85 1030 59 28 siitä,
165 1031 48 21 että
230 1036 105 16 maamme
351 1036 27 16 on
393 1030 143 22 harvinainen
552 1036 55 22 maa,
624 1030 70 22 koska
708 1030 70 26 täällä
793 1030 68 22 valtio
875 1030 24 28 ja

84 1060 87 27 vieläpä
187 1059 61 23 niillä
263 1060 98 27 rahoilla,
377 1059 54 22 mitä
446 1060 212 28 alkohoolijuomista
671 1060 103 28 saadaan,
786 1066 28 16 on
824 1060 75 27 ryhty-

84 1091 41 27 nyt
137 1089 107 29 joihinkin
260 1089 178 28 toimenpiteisiin
451 1089 115 29 juoppojen
583 1089 78 22 eduksi
675 1090 89 27 yhdellä
777 1090 24 28 ja
812 1089 87 23 toisella

85 1120 89 22 tavalla.
199 1120 53 22 Kun
268 1121 40 26 nyt
323 1119 83 23 valtion
421 1120 138 27 suojeluksen
575 1119 44 22 alla
635 1119 122 27 käytetään
767 1119 132 28 väkijuomia

82 1150 24 28 ja
127 1156 39 15 sen
182 1149 79 23 kautta
276 1151 116 21 saatetaan
409 1149 106 22 turmioon
531 1149 162 28 yhteiskunnan
707 1149 91 28 jäseniä,
816 1148 46 23 niin
878 1149 21 23 ei

85 1179 34 22 ole
139 1179 86 22 mikään
242 1186 39 15 sen
296 1178 193 28 luonnollisempaa
504 1180 53 21 kuin
573 1180 48 20 että
636 1179 81 22 valtion
732 1178 113 28 yhteisillä
861 1185 37 16 va-

84 1208 63 23 roilla
163 1208 61 23 näitä
240 1209 106 21 turmioon
362 1209 121 27 saatettuja
498 1210 150 26 parannetaan
661 1209 23 27 ja
694 1208 77 22 heidät
782 1209 117 22 saatetaan

84 1238 76 23 mikäli
183 1238 140 23 mahdollista
346 1238 113 22 terveiksi.
491 1239 69 21 Tämä
582 1244 27 16 on
633 1238 45 22 niin
698 1238 199 28 johdonmukaista,

84 1268 55 23 ettei
162 1268 53 23 siitä
237 1269 98 21 kannata
358 1274 39 16 sen
416 1268 132 28 pitemmälle
566 1268 76 27 puhua.
675 1268 63 22 Minä
756 1268 75 22 toivon
850 1270 49 20 että

85 1300 64 26 sääty
165 1298 166 29 yksimielisesti
346 1298 117 28 hyväksyy
479 1298 197 28 pyyntöesityksen
692 1298 73 27 hyvän
776 1297 122 24 tarkoituk-

85 1335 38 16 sen
141 1328 24 28 ja
184 1328 98 22 lähettää
302 1334 39 16 sen
360 1328 66 22 ilman
446 1328 110 27 pitempää
574 1328 143 22 keskustelua
734 1327 163 23 valiokuntaan.

155 1363 115 23 Edusmies
282 1363 120 24 Witikkala:
412 1363 93 22 Minulla
514 1369 26 16 on
549 1369 60 16 sama
617 1363 116 27 mielipide,
740 1363 68 27 jonka
816 1363 81 22 edusm.

85 1394 102 22 Konkola
203 1393 77 22 lausui.
306 1393 68 22 Tulee
390 1393 87 27 kiittää,
493 1395 46 20 että
556 1393 105 22 tällainen
678 1393 181 22 anomusehdotus
871 1399 26 16 on

84 1424 70 27 tehty.
187 1423 90 21 Meidän
293 1423 190 26 paikkakunnalta
499 1425 52 18 ovat
565 1424 121 19 muutamat
702 1423 65 20 olleet
784 1423 113 26 ,,Turva''-

84 1452 133 22 laitoksessa
230 1452 23 27 ja
269 1452 64 21 sieltä
348 1452 131 27 palattuaan
494 1451 61 22 eivät
571 1452 33 21 ole
619 1453 70 20 enään
702 1451 124 22 nauttineet
837 1451 60 23 väki-

82 1482 86 29 juomia.
193 1481 35 24 On
244 1481 39 23 siis
300 1481 224 28 ,,Turva''-laitoksen
540 1481 129 23 auttamista
684 1481 99 23 koskeva
798 1487 99 17 anomus-
