1123 1795
265 126 35 18 126
448 124 186 25 Talonpoikaissääty
647 126 11 18 9
670 131 18 17 p.
700 124 82 20 Helmik.
795 124 52 20 1894.

241 198 92 20 väestön
347 197 24 27 ja
387 196 124 28 palvelijain
527 197 99 27 suhteen,
642 196 151 22 rohkenemme
809 195 152 34 nöyrimmästi
972 196 84 27 pyytää

241 226 180 22 korkeaarvoisia
436 232 63 16 maan
516 226 91 28 Säätyjä
623 226 116 22 tekemään
755 225 133 22 anomuksen
904 225 54 22 siitä

420 293 46 21 että
497 290 118 31 palvelijain
623 290 26 30 ja
659 289 268 31 maanviljelys-työväen
937 292 119 21 säästöön-

344 294 285 61 Panemisockvollisvuden
653 320 26 30 ja
707 319 172 23 tulevaisuuden
903 320 155 23 turvaamisen

349 349 200 24 aikaansaamista
569 353 80 20 varten
668 349 95 23 hallitus
777 349 122 23 suvaitsisi
912 349 87 30 ryhtyä
1013 350 43 23 sel-

349 379 79 23 laisiin
447 380 194 30 toimenpiteisiin,
661 382 46 20 että
727 379 88 23 asiasta
831 379 49 23 ensi
894 373 164 37 valtiopäiville

349 409 136 24 armollinen
500 410 149 30 asetusesitys
663 409 157 23 annettaisiin.

313 475 141 28 Helsingissä
469 475 135 22 Helmikuun
621 477 12 20 5
650 477 50 26 p:nä
718 476 62 21 1894.

243 545 62 23 Juho
322 545 123 24 Pitkänen.
538 545 35 24 M.
592 545 115 24 Heikura.
779 545 66 24 Antti
860 545 114 24 Pullinen.

243 581 88 31 Huugo
347 581 133 32 Landgren.
515 577 11 40 =
538 581 81 24 Pekka
628 581 132 31 Leppänen.
778 581 30 24 K.
828 581 108 24 Oittinen.

245 617 93 23 Henrik
354 617 134 24 Kansanen.
534 617 62 24 Juho
612 617 95 32 Zitting.
782 617 98 24 Tuomas
888 617 170 24 Laurikainen.

243 652 30 23 K.
291 652 34 23 H.
345 652 120 24 Teittinen.
536 653 31 24 K.
585 653 23 24 J.
625 653 90 24 Konsti.
779 653 23 24 S.
819 653 86 30 Ryösä.

243 687 62 24 Juho
325 688 98 32 Torppa.
534 689 33 23 D.
584 689 145 24 Savolainen.
780 689 23 23 J.
820 689 101 24 Starcke.

313 767 191 22 Keskustelu:

313 826 116 22 Edusmies
451 827 89 29 Kiipula:
561 827 78 22 Minun
659 827 122 23 mielestäni
802 829 59 20 tämä
875 827 183 23 anomusehdotus

243 862 27 16 on
285 856 122 22 läheisessä
422 856 136 28 yhteydessä
574 857 103 22 edellisen
694 858 83 21 kanssa
785 858 24 27 ja
820 857 112 28 pyytäisin
943 857 57 22 minä
1010 864 47 16 arv.

243 886 98 27 säädylle
357 886 111 27 ehdottaa,
484 888 48 20 että
548 893 23 16 se
587 887 66 22 ilman
669 887 144 22 keskustelua
829 887 160 22 lähetettäisiin
1004 887 55 28 ylei-

242 921 52 16 seen
309 915 248 23 valitusvaliokuntaan.

313 945 116 22 Edusmies
445 945 115 30 Lindberg:
576 945 59 22 Lika
649 946 88 27 mycket
753 953 45 15 som
811 947 39 27 jag
865 953 40 15 var
918 947 51 27 böjd
979 946 34 22 för
1024 948 34 20 att

242 975 48 22 med
306 975 43 22 min
364 977 47 20 röst
425 975 92 28 bidraga
531 975 34 22 till
580 977 36 20 att
625 977 115 21 remittera
750 976 183 28 nästföregäende
944 977 114 27 petitions-

243 1005 110 22 memorial
369 1005 35 22 till
419 1005 93 27 utskott,
529 1005 47 22 lika
592 1006 89 27 mycket
696 1008 25 19 är
735 1006 38 28 jag
789 1008 57 20 emot
862 1008 34 20 att
906 1006 103 22 befordra
1020 1006 38 22 det

242 1040 53 21 nyss
311 1035 102 27 upplästa
429 1035 34 21 till
480 1035 66 28 något
562 1035 92 22 utskott.
678 1036 223 27 Landtdagsmannen
917 1036 92 27 Kiipula
1020 1043 37 15 an-

242 1063 68 28 förde,
329 1066 36 20 att
383 1065 30 24 dä
427 1065 241 27 petitionsmemorialet
683 1065 70 28 gäller
768 1066 92 27 ungefär
876 1066 120 22 detsamma
1012 1072 45 16 som

242 1093 37 22 det
299 1093 140 28 föregäende,
458 1095 25 20 sä
503 1095 67 22 borde
588 1101 50 15 man
658 1097 53 20 utan
732 1095 124 22 diskussion
877 1096 119 27 hänskjuta
1011 1095 47 22 det-

242 1129 82 16 samma
340 1123 34 22 till
391 1124 92 22 utskott.
514 1125 88 21 Endast
622 1125 34 21 till
675 1125 140 22 undvikande
835 1125 23 22 af
875 1125 123 22 diskussion
1018 1125 39 22 vill

242 1153 64 22 äfven
327 1153 40 28 jag
389 1153 29 29 gä
438 1153 23 22 in
482 1154 27 27 pä
529 1156 35 20 att
584 1154 121 28 petitionen
725 1155 146 22 underkastas
892 1155 165 23 vederbörande

241 1183 99 21 utskotts
355 1183 139 28 behandling,
510 1190 48 15 men
571 1184 40 27 jag
626 1185 82 26 hoppas
723 1185 68 21 ocksä
807 1187 34 19 att
856 1185 50 21 dess
918 1185 40 22 öde
970 1185 87 21 dermed

241 1213 26 20 är
282 1213 122 26 besegladt.
435 1213 37 21 Då
487 1219 27 16 en
529 1213 98 22 likartad
642 1214 99 27 petition,
758 1220 45 16 som
820 1215 77 26 denna,
914 1221 52 20 nyss
982 1214 75 22 remit-

241 1243 78 26 terats,
339 1242 26 21 sä
383 1248 65 16 anser
461 1243 38 27 jag
514 1243 73 22 denna
602 1243 91 22 alldeles
709 1243 86 28 onödig,
811 1250 48 16 men
875 1244 46 27 vill,
937 1251 45 15 som
999 1246 58 26 sagt,

240 1271 29 27 pä
289 1271 39 22 det
347 1271 114 28 äsigterna
481 1272 49 22 icke
552 1273 50 21 åter
616 1273 63 21 skola
694 1273 83 28 nödgas
793 1274 65 27 bryta
873 1274 44 21 löst
933 1276 44 19 mot
992 1274 64 22 hvar-

241 1301 75 27 andra,
333 1301 49 22 icke
397 1303 106 21 motsätta
518 1302 45 28 mig
578 1302 89 28 frägans
684 1303 85 22 remiss.

311 1371 114 21 Päätös:

311 1424 190 22 Anomusehdotus
516 1424 126 23 lähetettiin
657 1425 97 28 yleiseen
771 1426 246 23 valitusvaliokuntaan.
