1134 1798
291 109 187 25 Talonpoikaissääty
490 112 23 17 23
526 117 17 17 p.
556 109 82 21 Helmik.
651 110 52 19 1894.
846 108 35 20 529

267 184 46 20 että
338 180 93 30 Säädyt
454 181 198 23 alamaisuudessa
678 182 117 22 anoisivat
819 180 87 24 Hänen

196 210 181 24 Keisarilliselta
400 211 216 31 Majesteetiltansa,
636 214 46 20 että
702 211 86 23 valtion
807 210 98 24 varoilla

194 240 192 24 rakennettaisiin
396 241 100 23 maantie
507 241 102 23 Kittilän
619 240 102 24 kirkolta
732 240 102 27 Inariin,
846 240 60 23 niitä

195 270 90 23 seutuja
298 270 31 31 ja
345 270 114 32 paikkoja
470 270 64 34 joita
549 279 24 14 se
588 270 173 31 sopivimmaksi
775 270 130 24 nähtäisiin

194 299 99 28 ehdolla,
317 303 46 20 että
387 304 115 20 maantien
525 300 147 30 täydelliseen
692 300 100 23 kuntoon
811 304 92 22 saatua,

195 332 87 21 ottavat
297 330 164 23 asianomaiset
474 330 92 23 kunnat
578 338 41 16 sen
631 330 193 31 ylläpitääkseen.

158 396 142 28 Helsingissä
316 399 13 19 8
346 397 94 27 päivänä
455 397 144 22 Helmikuuta
617 400 63 20 1894.

585 455 59 23 Isak
662 454 97 24 Hoikka

489 504 81 19 Tornion
582 504 147 19 tuomiokunnan
741 504 98 18 edusmies.

158 586 191 23 Anomusehdotus
365 588 86 26 pantiin
464 588 146 22 edusmiesten
622 588 80 23 Aulinin
712 588 24 28 ja
745 588 158 22 Tuomikosken

88 618 124 26 pyynnöstä
227 617 101 27 pöydälle
344 623 137 16 seuraavaan
497 618 89 27 Säädyn
601 617 187 28 täysi-istuntoon.

158 729 117 22 Esitettiin
291 730 102 27 Säädylle
410 731 94 26 yhdessä
519 730 176 23 käsiteltäviksi:

157 777 147 22 edusmiesten
325 778 109 26 Strählen,
454 778 139 22 Ehrströmin
613 779 59 26 ynnä
692 777 85 22 muiden
798 775 102 28 Säädylle

84 807 94 28 jättämä
193 807 51 22 näin
260 807 97 23 kuuluva
371 808 174 27 esitysehdotus
533 803 16 37 :

270 873 44 23 Till
330 874 38 22 det
383 873 146 23 Hedervärda
545 872 173 24 Bondeständet.

156 926 78 28 Enligt
250 926 13 30 8
280 930 11 18 3
309 928 7 21 i
332 927 127 28 Kejserliga
474 927 166 28 Förordningen
654 926 24 22 af
686 926 40 22 den
740 928 26 20 12
777 925 124 23 November

89 958 55 20 1883
163 956 87 28 jemlikt
265 957 50 22 dess
331 957 131 22 förändrade
478 957 83 27 lydelse
577 957 33 21 uti
626 956 126 28 Kejserliga
767 954 132 23 Förordnin-

86 992 42 21 gen
149 986 25 22 af
191 986 41 22 den
254 988 26 20 20
301 987 122 22 December
443 989 56 19 1888
519 987 113 27 angäende
647 985 197 29 skjutshällningen
859 984 41 22 och

86 1016 185 27 gästgifverierna
291 1018 88 26 utgöres
400 1016 131 28 skjutslaget
551 1016 29 28 pä
599 1016 75 22 landet
690 1015 24 21 af
727 1015 100 26 häradet,
844 1013 56 23 dock

86 1045 91 22 sälunda
193 1047 34 20 att
243 1046 74 27 hvarje
332 1046 101 22 kommun
449 1046 56 21 inom
521 1046 132 28 skjutslaget
664 1051 73 15 ensam
748 1050 108 16 ansvarar
865 1044 36 21 för

86 1074 42 22 den
143 1075 139 27 gästgifveri-
298 1076 40 21 och
354 1076 177 27 skjutshällning,
547 1082 45 15 som
609 1076 13 21 &
638 1076 125 21 densamma
772 1073 74 23 blifvit
856 1073 43 22 för-

86 1104 70 22 delad.
188 1105 44 22 Att
252 1106 32 20 ett
305 1106 24 21 sä
350 1107 57 20 stort
425 1106 86 22 område
532 1112 45 15 som
592 1105 94 22 häradet
700 1104 74 22 blifvit
790 1103 111 22 bestämdt

85 1136 35 20 att
135 1136 79 26 utgöra
229 1136 33 21 ett
278 1135 115 28 skjutslag,
411 1138 24 19 är
450 1136 8 22 i
474 1136 43 21 alla
532 1135 117 22 afseenden
666 1136 34 20 att
710 1134 116 27 föredraga
836 1133 64 21 fram-

84 1164 34 21 för
140 1164 115 29 skjutslag,
276 1165 134 22 omfattande
430 1165 84 22 mindre
535 1165 107 26 områden,
663 1164 90 22 emedan
773 1162 127 29 skjutshåll-

84 1194 148 29 ningstungan
254 1194 123 28 derigenom
398 1195 79 22 blifver
497 1195 119 22 rättvisare
635 1194 99 22 fördelad
752 1193 28 27 på
795 1192 104 23 häradets

86 1224 102 28 samtliga
203 1225 132 22 kommuner.
359 1225 94 22 Jemlikt
469 1225 133 27 stadgandet
612 1225 7 21 i
632 1224 10 30 &
656 1226 11 20 5
678 1224 25 22 af
710 1222 189 28 ofvanäberopade

84 1253 154 29 förordningar
257 1255 57 22 skall
334 1255 256 27 gästgifverihällningen
610 1255 28 27 pä
654 1254 75 22 landet
744 1253 111 22 äfvensom
871 1252 28 22 de

84 1284 215 22 reservstationerna
326 1285 116 27 äliggande
470 1284 151 28 skyldigheter
647 1283 151 27 ovillkorligen
822 1288 77 22 genom

85 1314 146 26 entreprenad
247 1314 111 28 fullgöras,
375 1314 112 22 hvaremot
503 1313 205 29 skjutshällningen,
724 1313 40 22 der
779 1318 71 16 annan
866 1318 33 15 er-

85 1344 99 26 sättning
203 1346 28 19 än
246 1344 112 21 fastställd
374 1344 123 27 skjutslega
512 1344 24 22 af
549 1345 143 25 entreprenör
707 1342 93 26 fordras,
817 1341 44 21 kan
877 1340 24 22 af

85 1372 27 22 de
136 1372 239 28 skjutsningsskyldige
398 1373 22 21 in
443 1375 79 20 natura
542 1372 139 28 ombesörjas.
712 1371 97 23 Sälunda
828 1370 69 22 finnes

84 1402 138 21 beträffande
239 1402 198 28 skjutshällningen
447 1404 33 20 ett
491 1402 68 22 medel
570 1404 45 20 mot
625 1408 26 16 en
662 1402 154 27 entreprenörs
827 1400 71 21 öfver-

84 1431 71 21 drifna
178 1433 103 25 anspräk,
304 1433 113 20 hvaremot
440 1432 26 21 de
486 1431 238 27 skjutsningsskyldige
744 1431 20 26 ej
784 1429 28 27 pä
831 1429 68 26 nägot

84 1462 47 19 sätt
145 1460 75 22 kunna
234 1461 109 27 nedpruta
358 1461 27 21 de
401 1461 44 22 ofta
460 1467 42 20 nog
518 1460 132 22 öfverdrifna
666 1457 233 30 ersättningsanspräk

83 1495 45 17 som
144 1489 26 22 af
183 1491 167 27 entreprenörer
365 1490 34 22 för
413 1489 257 30 gästgifverihällningen
684 1491 70 26 göres.

804 1531 23 18 34
