1125 1795
290 109 186 25 Talonpoikaissääty
488 113 11 17 9
511 117 17 17 p.
540 111 83 19 Helmik.
636 113 52 17 1894.
837 113 35 17 135

80 181 72 22 uttala
168 181 43 22 min
227 181 117 28 förvåning
360 182 62 23 öfver
432 183 34 22 att
476 183 210 27 landtdagsmannen
697 183 91 22 Hoikka
798 183 49 22 med
858 183 38 22 det

80 211 97 27 exempel
193 211 42 22 han
251 211 90 22 anförde
357 213 40 21 och
412 211 42 23 den
470 213 121 21 kännedom
607 213 42 21 han
665 213 77 26 påstår
758 212 34 28 sig
807 219 41 21 ega
861 219 34 16 om

80 241 123 28 skogarnas
226 241 134 28 förvaltning
381 241 7 22 i
409 241 41 22 den
470 242 57 27 höga
547 241 88 28 norden,
656 243 82 26 hoppat
757 242 33 21 hit
805 248 40 16 ner
860 242 35 22 till

80 271 85 27 södern,
192 271 91 22 hvarest
308 271 42 22 han
374 271 62 22 torde
460 271 66 23 hafva
550 271 85 28 ganska
656 271 63 28 ringa
742 271 120 22 kännedom
887 272 6 21 i

79 300 131 22 hithörande
233 300 80 28 frågar.
344 300 52 23 Han
420 301 90 22 anförde
535 303 33 20 ett
587 301 97 27 exempel
702 301 49 22 från
770 301 68 23 Evois
854 301 40 22 och

80 330 106 28 Vesijako
201 330 156 28 kronoparker,
374 331 39 21 der
428 330 42 22 han
482 330 111 23 sannolikt
603 331 39 22 vill
653 330 86 23 minska
749 331 144 27 forsttjenste-

79 363 103 19 männens
206 359 68 28 antal,
299 360 39 21 och
361 359 100 23 framhöll
484 361 35 20 att
542 360 39 22 der
603 361 102 26 uppstätt
727 367 27 15 en
774 360 79 23 förlust
872 361 24 21 af

80 392 64 24 3,366
168 389 68 23 mark.
269 389 28 22 Se
319 390 23 21 vi
365 389 121 23 emellertid
509 392 100 20 närmare
632 390 29 27 pä
683 390 155 28 utgiftsstaten
860 391 34 21 för

79 420 121 22 sistnämda
219 420 88 27 parker,
324 419 25 22 sä
364 419 58 22 finna
438 419 23 23 vi
476 421 35 20 att
526 419 38 23 vid
580 419 109 23 desamma
703 420 21 27 ej
739 419 71 23 finnas
826 421 68 21 andra

78 450 100 21 aflönade
203 450 130 26 tjenstemän
357 451 28 19 än
409 455 26 16 en
456 449 152 22 forstmästare
627 449 48 21 med
693 451 66 25 4,800
778 450 69 26 mark,
866 456 28 15 en

78 479 162 27 skogsvaktare
261 479 48 21 med
330 480 41 20 699
393 479 61 21 mark
472 480 11 20 7
499 479 66 27 penni
581 480 57 20 samt
653 485 27 15 en
695 479 135 22 forstkassör
844 480 50 21 med

78 511 42 20 423
138 509 62 22 mark
217 510 25 20 67
261 508 63 27 penni
339 509 8 21 i
363 508 103 28 aflöning.
493 508 46 28 Jag
555 510 38 20 vet
607 508 50 24 icke
668 508 90 22 hvilken
769 508 125 28 minskning

78 545 48 15 man
150 538 41 22 här
211 538 70 22 skulle
301 538 70 27 göra?
403 538 45 28 Jag
468 537 84 23 känner
567 538 49 22 icke
631 538 167 22 förhällandena
813 538 8 21 i
836 538 56 28 höga

78 568 88 27 norden,
182 574 49 16 men
247 568 37 21 vid
300 569 100 20 närmare
414 567 136 29 granskning
560 567 26 23 af
594 568 72 22 denna
676 568 128 26 berättelse,
815 568 78 27 tycker

75 599 39 27 jag
133 598 44 28 mig
195 597 65 28 finna,
282 599 34 20 att
329 598 51 22 icke
396 597 68 23 heller
481 597 38 23 der
534 598 69 22 finnes
618 597 35 22 för
667 598 79 27 mänga
762 598 131 28 tjenstemän

78 628 108 22 särskildt
208 630 41 20 när
271 634 49 16 man
342 629 64 26 tager
426 628 8 21 i
454 628 146 22 betraktande
621 628 41 21 den
679 627 93 28 myckna
787 628 105 26 åverkan,

78 665 45 15 som
142 659 39 21 der
197 664 52 21 eger
265 664 54 15 rum.
351 657 29 23 Se
396 657 22 22 vi
434 657 27 27 på
478 658 62 22 sidan
557 660 12 19 6
585 658 7 21 i
608 658 141 27 berättelsen,
766 658 63 21 heter
844 658 47 21 det:

79 705 10 10 »
92 689 46 21 För
153 688 139 27 delaktighet
307 687 7 22 i
330 687 93 22 berörda
438 687 149 27 åverkningar
602 688 41 20 har
658 689 115 25 ertappats
787 687 39 22 och
836 687 57 22 inför

78 718 93 22 domstol
187 718 83 21 åtalats
289 717 4 21 i
309 717 86 22 Torneå
410 716 72 23 revier
496 719 13 19 8
520 723 111 21 personer,
642 717 25 22 af
674 717 76 22 hvilka
760 723 27 16 en
797 716 95 23 frikänts

78 748 39 22 och
139 750 11 19 7
172 747 137 22 fortfarande
330 747 35 21 stå
384 747 69 21 under
468 746 52 27 åtal,
537 748 57 21 samt
610 746 7 22 i
632 746 130 23 Rovaniemi
778 746 72 22 revier
865 752 27 16 en

77 784 85 22 person,
180 776 74 23 blifvit
269 776 35 22 till
319 782 81 16 ansvar
416 776 58 22 fälld.
507 776 33 22 Af
554 776 95 28 tidigare
665 776 187 28 anhängiggjorda
865 778 26 20 10

78 807 160 27 åverkansmål,
250 813 45 15 som
306 806 38 22 vid
355 806 182 22 berättelseårets
548 806 82 28 ingång
641 808 57 20 ännu
708 812 53 16 voro
772 806 119 28 oafgjorda,

77 837 67 23 hafva
163 837 69 22 under
253 836 60 22 årets
331 836 51 27 lopp
402 837 14 21 4
432 836 175 22 slutbehandlats
623 836 39 22 och
679 836 77 22 dervid
773 838 11 20 3
801 836 91 28 afgjorts

77 868 35 21 till
128 868 96 22 kronans
240 866 40 22 och
296 868 9 20 1
318 866 35 22 till
363 866 42 22 den
416 865 99 23 åtalades
526 865 89 28 förmån,
626 866 114 22 hvaremot
750 866 142 22 återstående

77 898 43 21 mål
140 897 34 22 till
194 897 75 22 vidare
288 896 164 27 handläggning
471 896 154 27 uppskjutits.”
658 896 49 21 Som
724 901 73 22 synes,
812 896 80 27 tyckas

78 927 41 22 den
140 927 115 22 derstädes
275 926 120 27 arbetande
414 925 185 27 forstpersonalen
619 925 20 28 ej
658 931 54 16 vara
727 925 34 22 för
776 925 74 27 talrik,
866 926 26 21 så

77 959 35 20 att
137 963 27 16 en
189 956 126 27 minskning
338 955 64 22 deraf
421 955 67 22 borde
512 955 164 28 ifrågakomma,
699 955 103 23 hvarföre
822 955 39 28 jag
884 955 8 22 i

76 987 71 22 likhet
167 987 49 22 med
237 986 26 21 hr
281 985 121 22 Danielson
418 985 20 28 ej
454 985 44 22 kan
513 985 59 22 finna
586 985 159 27 petitionärens
761 985 131 28 motivering

75 1016 133 23 härutinnan
223 1015 133 28 berättigad.

147 1045 116 24 Edusmies
279 1046 121 23 Meurman:
417 1045 63 22 Minä
495 1045 87 27 pyydän
596 1051 57 15 vaan
664 1045 130 22 muistuttaa
804 1046 88 20 eräästä

75 1076 146 28 tapauksesta
247 1075 157 22 muistaakseni
429 1076 57 20 1882
510 1075 83 21 vuoden
617 1074 167 27 valtiopäiviltä.
816 1074 76 22 Silloin

76 1105 240 24 valtiovaliokunnassa
339 1105 66 22 ilman
428 1104 82 22 mitään
533 1103 128 22 kehoitusta
681 1105 99 26 säätyjen
795 1103 97 28 puolelta

76 1136 80 23 saatiin
180 1136 100 26 toimeen,
302 1134 120 23 vaikkakin
444 1134 95 22 suurella
560 1134 180 27 ponnistuksella,
757 1134 67 28 hyvin
840 1134 51 22 koh-

76 1166 65 22 telias
157 1166 117 22 muistutus
291 1164 185 22 metsänhoidosta
490 1164 23 27 ja
528 1164 125 27 pyydettiin
669 1164 63 26 siinä,
748 1165 48 21 että
806 1164 86 22 kruunu

75 1195 103 23 asettaisi
199 1195 82 29 jonkun
299 1194 177 28 tutkijakunnan,
494 1193 52 28 joka
564 1193 77 22 ottaisi
659 1193 92 27 selville,
772 1193 54 22 mitä
842 1196 49 25 epä-

75 1226 77 22 kohtia
174 1225 87 23 kenties
285 1224 29 22 oli
334 1224 107 22 olemassa
461 1223 198 27 metsänhoidossa;
679 1225 60 20 tästä
755 1223 136 23 kuitenkaan

75 1256 21 22 ei
119 1256 54 22 ollut
196 1261 39 16 sen
257 1254 112 28 parempia
388 1253 136 27 seurauksia,
546 1253 53 22 kuin
619 1254 48 20 että
687 1253 53 21 sekä
755 1252 99 23 ritaristo
867 1253 24 27 ja

75 1285 68 22 aateli
159 1286 48 21 että
222 1284 164 27 porvarissääty
402 1283 148 22 nimenomaan
564 1282 100 22 vaativat
674 1284 47 20 että
731 1284 61 20 tämä
802 1283 90 21 muistu-

75 1317 37 20 tus
128 1314 49 22 olisi
193 1313 217 23 valtiovaliokunnan
426 1313 176 22 kertomuksesta
617 1312 141 27 poistettava.

146 1362 116 22 Päätös:

148 1403 69 26 Sääty
237 1401 166 28 yksimielisesti
421 1399 89 28 lykkäsi
527 1400 165 22 käsiteltävänä
707 1400 70 22 olleen
793 1406 98 16 anomus-

76 1431 137 22 ehdotuksen
233 1430 237 26 talousvaliokuntaan,
488 1429 51 27 jolle
555 1431 61 26 myös
632 1429 29 21 oli
676 1429 138 22 lähetettävä
829 1429 61 22 edus-

75 1461 54 22 mies
144 1460 93 23 Aulinin
253 1459 75 23 asiaan
344 1461 88 20 antama
447 1458 107 22 lausunto.
