1125 1798
271 117 188 25 Talonpoikaissääty
470 120 23 18 26
506 125 17 17 p.
536 118 92 20 Tammik.
641 120 53 18 1894.
842 120 22 18 87

144 189 48 29 jota
208 190 85 22 seurasi
308 190 155 28 liitekirjoina:

145 236 45 22 Att
208 236 211 29 filosofiemagistern
439 238 91 22 Edvard
550 238 105 22 Duncker
674 237 62 28 iföljd
753 238 24 22 af
791 239 34 21 ett
840 238 49 22 kro-

74 266 62 22 niskt
154 266 88 22 lidande
258 266 48 22 icke
322 267 82 22 förmår
419 267 94 27 fullgöra
528 267 40 22 sitt
584 267 99 27 uppdrag
698 273 46 16 som
759 267 129 28 landtdags-

75 302 49 16 man
146 295 36 23 vid
201 295 150 23 innevarande
369 296 113 28 landtdag,
501 297 88 27 intygas
605 297 28 27 på
649 296 77 28 aflagd
742 296 92 23 läkared
849 297 40 22 och

75 325 113 22 bekräftas
208 325 48 22 med
275 326 44 22 min
334 326 73 28 edlige
421 326 148 28 förpligtelse:
585 326 26 23 sä
626 328 51 20 sant
692 326 44 28 mig
752 326 51 23 Gud
819 326 70 28 hjelpe

75 354 35 23 till
126 354 27 23 lif
166 355 40 22 och
222 355 47 28 själ.

146 384 140 30 Helsingfors
303 386 41 22 den
361 387 27 21 22
405 386 94 22 Januari
517 388 62 21 1894.

551 432 35 24 M.
610 432 30 23 W.
657 432 33 31 af
700 432 117 27 Schulten,

577 469 49 19 Med.
639 469 27 17 dr.
684 469 102 19 Professor.

659 512 58 16 (Sigill).

146 563 44 24 Vid
205 564 243 28 landtdagsmannaval,
466 572 45 15 som
527 565 42 22 den
587 566 26 20 12
629 564 149 24 innevarande
792 564 97 28 Septem-

75 595 40 21 ber
130 594 117 22 förrättats
267 594 4 22 i
286 594 115 22 Mäntsälä
416 595 111 28 domsaga,
543 595 41 22 har
598 595 82 22 Daniel
696 595 89 23 Joakim
799 595 90 23 Edvard

76 624 111 27 Duncker,
211 624 248 28 Fysisk-mathematisk
483 625 106 28 magister
609 626 41 21 och
670 625 129 28 godsägare,
815 626 75 21 bosatt

76 655 13 21 å
112 654 104 22 Kinttula
239 654 118 22 berustade
381 655 69 22 säteri
473 655 8 21 i
501 655 77 28 Artsjö
598 655 80 22 socken
698 655 6 21 i
726 655 101 28 Nylands
846 655 43 27 län,

75 683 74 23 blifvit
173 684 79 22 utsedd
275 684 35 22 till
333 684 168 28 landtdagsman
525 685 8 22 i
555 685 178 26 Bondeståndet;
754 685 40 22 och
814 685 76 22 befull-

75 714 111 28 mäktigas
209 714 137 22 fördenskull
368 715 127 27 Magistern
515 714 106 23 Duncker
641 716 35 21 att
696 715 36 21 vid
754 715 42 21 den
816 715 73 22 landt-

76 744 48 27 dag,
146 751 45 15 som
212 744 57 22 skall
290 744 70 22 hållas
380 744 8 22 i.
406 744 140 28 Helsingfors
562 745 50 22 stad
628 745 38 21 och
684 746 64 26 tager
763 744 35 22 sin
813 745 76 27 början

76 774 42 22 den
134 776 27 20 22
178 774 48 27 (10)
243 774 95 22 Januari
350 775 180 21 nästkommande
541 774 25 22 år
580 776 62 25 1894,
654 774 89 27 deltaga
754 773 6 22 i
771 774 119 28 rådslagen

76 804 40 22 och
136 803 87 23 besluta
242 810 33 15 om
296 804 115 22 derstädes
429 804 176 22 förekommande
624 803 98 23 ärender.
755 803 134 28 Orimattila,

76 834 42 23 den
135 836 26 21 27
178 833 129 28 September
324 836 63 21 1893.

550 869 108 23 Herman
674 868 109 24 Broman.

479 906 141 20 Domhafvande
632 906 8 18 i
652 906 93 18 Mäntsälä
758 907 95 23 domsaga.

590 949 94 16 (Domsagans
694 948 49 17 sigill).

147 1008 147 22 Puhemiehen
316 1008 108 28 kysyttyä
442 1008 158 28 hyväksyisikö
619 1008 70 27 Sääty
704 1008 98 22 maisteri
818 1008 73 23 Dunc-

77 1038 64 22 kerin
156 1038 108 28 kirjeessä
280 1038 117 22 esittämän
414 1040 109 26 pyynnön,
539 1038 75 28 syntyi
630 1044 107 16 seuraava

148 1098 179 22 keskustelu:

148 1146 116 22 Edusmies
288 1146 123 23 Ehrström:
434 1146 47 28 Jag
503 1148 47 20 tror
573 1146 44 28 mig
636 1145 50 23 icke
706 1148 54 26 säga
780 1146 35 22 för
835 1152 57 21 myc-

77 1177 46 27 ket,
147 1182 33 16 om
202 1177 40 28 jag
262 1179 64 25 säger
347 1177 35 21 att
403 1176 89 22 ståndet
512 1176 48 22 med
580 1175 99 29 verkligt
700 1176 132 27 deltagande
852 1176 40 22 och

78 1206 126 28 bekymmer
220 1206 117 28 emottagit
352 1206 176 22 underrättelsen
544 1212 33 16 om
588 1205 106 28 magister
704 1206 118 22 Dunckers
833 1205 59 28 sjuk-

78 1237 54 27 dom,
156 1236 40 23 och
219 1238 35 20 att
277 1236 114 22 saknaden
412 1236 25 22 af
454 1236 85 27 honom,
559 1242 45 16 som
625 1236 29 27 på
674 1242 82 16 samma
774 1236 59 28 gång
849 1236 43 22 han

78 1266 94 28 deltagit
194 1266 9 22 i
225 1266 27 22 de
275 1266 65 22 flesta
359 1265 24 22 af
401 1266 54 22 våra
473 1266 133 27 föregående
624 1266 139 27 landtdagar,
783 1265 60 22 visat
858 1266 35 27 sig

78 1302 56 16 vara
148 1302 28 16 en
192 1296 25 22 af
230 1296 101 22 ståndets
342 1295 71 22 alldra
423 1296 57 21 mest
490 1295 101 28 dugande
602 1295 145 27 medlemmar,
758 1295 43 21 blir
812 1295 81 22 verkli-

78 1332 42 22 gen
143 1326 87 26 allmän,
252 1332 33 15 om
306 1326 50 26 han,
376 1325 34 22 till
426 1325 53 27 följd
495 1325 24 21 af
533 1324 99 28 sjukdom
648 1324 71 22 skulle
734 1324 83 28 nödgas
833 1324 59 28 afgå.

78 1356 47 27 Jag
148 1356 41 22 har
212 1354 122 23 emellertid
354 1354 69 23 under
443 1354 27 22 de
489 1356 89 20 senaste
597 1354 99 28 dagarna
715 1354 82 22 besökt
815 1354 78 22 honom

78 1392 40 19 par
142 1386 91 26 gånger,
258 1385 39 21 och
318 1385 42 21 han
381 1384 40 22 hår
439 1384 77 22 dervid
534 1386 73 25 yttrat
622 1386 35 20 att
672 1384 44 22 han
731 1384 74 27 börjat
819 1383 74 23 känna

79 1414 35 26 sig
128 1414 100 21 raskare.
255 1414 55 21 Man
326 1414 44 21 kan
387 1413 73 22 derför
475 1413 82 26 hoppas
569 1415 34 20 att
614 1413 125 26 sjukdomen
751 1413 57 21 skall
819 1413 74 22 kunna

79 1442 77 23 häfvas
176 1443 29 26 på
225 1442 90 22 kortare
336 1442 33 22 tid
389 1444 28 19 än
432 1442 43 21 han
491 1442 51 27 sjelf
555 1442 70 27 vågat
640 1443 89 26 antaga,
745 1441 29 22 då
789 1441 44 22 han
848 1441 44 22 för-

79 1472 99 23 skaffade
194 1471 34 29 sig
244 1471 38 22 det
297 1472 40 21 här
352 1471 105 28 upplästa
472 1471 169 22 läkarebeviset.
672 1471 52 21 Han
740 1473 27 19 är
782 1471 111 22 dessutom

79 1509 27 16 en
122 1502 75 23 alltför
212 1503 153 27 samvetsgran
380 1507 79 22 person
475 1501 34 22 för
523 1503 36 21 att
574 1502 74 22 kunna
664 1501 60 28 ligga
739 1501 28 27 på
778 1501 115 28 sjukhuset
