<?xml version="1.0" encoding="UTF-8"?>
<alto xmlns="http://www.loc.gov/standards/alto/ns-v3#" xmlns:xlink="http://www.w3.org/1999/xlink" xmlns:xsi="http://www.w3.org/2001/XMLSchema-instance" xsi:schemaLocation="http://www.loc.gov/standards/alto/ns-v3# http://www.loc.gov/alto/v3/alto-3-0.xsd">
	<Description>
		<MeasurementUnit>pixel</MeasurementUnit>
		<sourceImageInformation>
			<fileName>/tmp/tess_gzkj0rio_input.PNG</fileName>
		</sourceImageInformation>
		<OCRProcessing ID="OCR_0">
			<ocrProcessingStep>
				<processingSoftware>
					<softwareName>tesseract 5.3.4</softwareName>
				</processingSoftware>
			</ocrProcessingStep>
		</OCRProcessing>
	</Description>
	<Layout>
		<Page WIDTH="1123" HEIGHT="1789" PHYSICAL_IMG_NR="0" ID="page_0">
			<PrintSpace HPOS="0" VPOS="0" WIDTH="1123" HEIGHT="1789">
				<ComposedBlock ID="cblock_0" HPOS="288" VPOS="108" WIDTH="596" HEIGHT="25">
					<TextBlock ID="block_0" HPOS="288" VPOS="108" WIDTH="596" HEIGHT="25">
						<TextLine ID="line_0" HPOS="288" VPOS="108" WIDTH="596" HEIGHT="25">
							<String ID="string_0" HPOS="288" VPOS="108" WIDTH="184" HEIGHT="25" WC="0.92" CONTENT="Talonpoikaissääty"/><SP WIDTH="13" VPOS="108" HPOS="472"/>
							<String ID="string_1" HPOS="485" VPOS="111" WIDTH="23" HEIGHT="16" WC="0.96" CONTENT="17"/><SP WIDTH="13" VPOS="111" HPOS="508"/>
							<String ID="string_2" HPOS="521" VPOS="115" WIDTH="16" HEIGHT="18" WC="0.93" CONTENT="p."/><SP WIDTH="14" VPOS="115" HPOS="537"/>
							<String ID="string_3" HPOS="551" VPOS="109" WIDTH="79" HEIGHT="19" WC="0.93" CONTENT="Huhtik."/><SP WIDTH="14" VPOS="109" HPOS="630"/>
							<String ID="string_4" HPOS="644" VPOS="110" WIDTH="51" HEIGHT="18" WC="0.96" CONTENT="1894."/><SP WIDTH="143" VPOS="110" HPOS="695"/>
							<String ID="string_5" HPOS="838" VPOS="109" WIDTH="46" HEIGHT="18" WC="0.96" CONTENT="1035"/>
						</TextLine>
					</TextBlock>
				</ComposedBlock>
				<GraphicalElement ID="cblock_1" HPOS="96" VPOS="137" WIDTH="792" HEIGHT="6"></GraphicalElement >
				<ComposedBlock ID="cblock_2" HPOS="92" VPOS="179" WIDTH="814" HEIGHT="589">
					<TextBlock ID="block_1" HPOS="92" VPOS="179" WIDTH="814" HEIGHT="535">
						<TextLine ID="line_1" HPOS="163" VPOS="179" WIDTH="742" HEIGHT="30">
							<String ID="string_6" HPOS="163" VPOS="179" WIDTH="116" HEIGHT="22" WC="0.87" CONTENT="Edusmies"/><SP WIDTH="21" VPOS="179" HPOS="279"/>
							<String ID="string_7" HPOS="300" VPOS="180" WIDTH="111" HEIGHT="29" WC="0.95" CONTENT="Lindberg:"/><SP WIDTH="22" VPOS="180" HPOS="411"/>
							<String ID="string_8" HPOS="433" VPOS="181" WIDTH="52" HEIGHT="22" WC="0.96" CONTENT="Med"/><SP WIDTH="16" VPOS="181" HPOS="485"/>
							<String ID="string_9" HPOS="501" VPOS="181" WIDTH="49" HEIGHT="22" WC="0.93" CONTENT="mitt"/><SP WIDTH="16" VPOS="181" HPOS="550"/>
							<String ID="string_10" HPOS="566" VPOS="183" WIDTH="88" HEIGHT="20" WC="0.92" CONTENT="senaste"/><SP WIDTH="15" VPOS="183" HPOS="654"/>
							<String ID="string_11" HPOS="669" VPOS="182" WIDTH="103" HEIGHT="27" WC="0.93" CONTENT="yttrande"/><SP WIDTH="17" VPOS="182" HPOS="772"/>
							<String ID="string_12" HPOS="789" VPOS="181" WIDTH="64" HEIGHT="28" WC="0.92" CONTENT="afsäg"/><SP WIDTH="14" VPOS="181" HPOS="853"/>
							<String ID="string_13" HPOS="867" VPOS="181" WIDTH="38" HEIGHT="28" WC="0.95" CONTENT="jag"/>
						</TextLine>
						<TextLine ID="line_2" HPOS="95" VPOS="209" WIDTH="810" HEIGHT="29">
							<String ID="string_14" HPOS="95" VPOS="209" WIDTH="119" HEIGHT="28" WC="0.92" CONTENT="ingalunda"/><SP WIDTH="16" VPOS="209" HPOS="214"/>
							<String ID="string_15" HPOS="230" VPOS="211" WIDTH="34" HEIGHT="20" WC="0.93" CONTENT="att"/><SP WIDTH="14" VPOS="211" HPOS="264"/>
							<String ID="string_16" HPOS="278" VPOS="209" WIDTH="89" HEIGHT="28" WC="0.91" CONTENT="inlägga"/><SP WIDTH="15" VPOS="209" HPOS="367"/>
							<String ID="string_17" HPOS="382" VPOS="217" WIDTH="27" HEIGHT="15" WC="0.96" CONTENT="en"/><SP WIDTH="15" VPOS="217" HPOS="409"/>
							<String ID="string_18" HPOS="424" VPOS="211" WIDTH="137" HEIGHT="22" WC="0.96" CONTENT="reservation"/><SP WIDTH="15" VPOS="211" HPOS="561"/>
							<String ID="string_19" HPOS="576" VPOS="211" WIDTH="8" HEIGHT="21" WC="0.96" CONTENT="i"/><SP WIDTH="15" VPOS="211" HPOS="584"/>
							<String ID="string_20" HPOS="599" VPOS="211" WIDTH="58" HEIGHT="27" WC="0.96" CONTENT="syfte"/><SP WIDTH="16" VPOS="211" HPOS="657"/>
							<String ID="string_21" HPOS="673" VPOS="213" WIDTH="35" HEIGHT="20" WC="0.95" CONTENT="att"/><SP WIDTH="14" VPOS="213" HPOS="708"/>
							<String ID="string_22" HPOS="722" VPOS="211" WIDTH="66" HEIGHT="27" WC="0.96" CONTENT="ingen"/><SP WIDTH="11" VPOS="211" HPOS="788"/>
							<String ID="string_23" HPOS="799" VPOS="211" WIDTH="8" HEIGHT="21" WC="0.93" CONTENT="i"/><SP WIDTH="10" VPOS="211" HPOS="807"/>
							<String ID="string_24" HPOS="817" VPOS="210" WIDTH="88" HEIGHT="22" WC="0.91" CONTENT="ständet"/>
						</TextLine>
						<TextLine ID="line_3" HPOS="94" VPOS="239" WIDTH="810" HEIGHT="29">
							<String ID="string_25" HPOS="94" VPOS="239" WIDTH="70" HEIGHT="22" WC="0.93" CONTENT="skulle"/><SP WIDTH="19" VPOS="239" HPOS="164"/>
							<String ID="string_26" HPOS="183" VPOS="239" WIDTH="22" HEIGHT="21" WC="0.92" CONTENT="fä"/><SP WIDTH="20" VPOS="239" HPOS="205"/>
							<String ID="string_27" HPOS="225" VPOS="239" WIDTH="89" HEIGHT="27" WC="0.91" CONTENT="inlägga"/><SP WIDTH="19" VPOS="239" HPOS="314"/>
							<String ID="string_28" HPOS="333" VPOS="240" WIDTH="162" HEIGHT="21" WC="0.92" CONTENT="reservationer"/><SP WIDTH="16" VPOS="240" HPOS="495"/>
							<String ID="string_29" HPOS="511" VPOS="247" WIDTH="52" HEIGHT="16" WC="0.93" CONTENT="vare"/><SP WIDTH="16" VPOS="247" HPOS="563"/>
							<String ID="string_30" HPOS="579" VPOS="241" WIDTH="34" HEIGHT="27" WC="0.96" CONTENT="sig"/><SP WIDTH="16" VPOS="241" HPOS="613"/>
							<String ID="string_31" HPOS="629" VPOS="243" WIDTH="44" HEIGHT="19" WC="0.96" CONTENT="mot"/><SP WIDTH="16" VPOS="243" HPOS="673"/>
							<String ID="string_32" HPOS="689" VPOS="240" WIDTH="37" HEIGHT="22" WC="0.96" CONTENT="det"/><SP WIDTH="15" VPOS="240" HPOS="726"/>
							<String ID="string_33" HPOS="741" VPOS="247" WIDTH="42" HEIGHT="14" WC="0.96" CONTENT="ena"/><SP WIDTH="15" VPOS="247" HPOS="783"/>
							<String ID="string_34" HPOS="798" VPOS="240" WIDTH="53" HEIGHT="21" WC="0.96" CONTENT="eller"/><SP WIDTH="15" VPOS="240" HPOS="851"/>
							<String ID="string_35" HPOS="866" VPOS="240" WIDTH="38" HEIGHT="21" WC="0.96" CONTENT="det"/>
						</TextLine>
						<TextLine ID="line_4" HPOS="93" VPOS="269" WIDTH="813" HEIGHT="28">
							<String ID="string_36" HPOS="93" VPOS="269" WIDTH="76" HEIGHT="26" WC="0.95" CONTENT="andra,"/><SP WIDTH="24" VPOS="269" HPOS="169"/>
							<String ID="string_37" HPOS="193" VPOS="275" WIDTH="46" HEIGHT="15" WC="0.93" CONTENT="som"/><SP WIDTH="22" VPOS="275" HPOS="239"/>
							<String ID="string_38" HPOS="261" VPOS="269" WIDTH="144" HEIGHT="22" WC="0.87" CONTENT="förekommer"/><SP WIDTH="19" VPOS="269" HPOS="405"/>
							<String ID="string_39" HPOS="424" VPOS="270" WIDTH="46" HEIGHT="26" WC="0.95" CONTENT="här,"/><SP WIDTH="21" VPOS="270" HPOS="470"/>
							<String ID="string_40" HPOS="491" VPOS="272" WIDTH="53" HEIGHT="20" WC="0.96" CONTENT="utan"/><SP WIDTH="18" VPOS="272" HPOS="544"/>
							<String ID="string_41" HPOS="562" VPOS="270" WIDTH="37" HEIGHT="27" WC="0.92" CONTENT="jag"/><SP WIDTH="20" VPOS="270" HPOS="599"/>
							<String ID="string_42" HPOS="619" VPOS="270" WIDTH="72" HEIGHT="21" WC="0.92" CONTENT="inlade"/><SP WIDTH="16" VPOS="270" HPOS="691"/>
							<String ID="string_43" HPOS="707" VPOS="276" WIDTH="26" HEIGHT="15" WC="0.93" CONTENT="en"/><SP WIDTH="16" VPOS="276" HPOS="733"/>
							<String ID="string_44" HPOS="749" VPOS="275" WIDTH="98" HEIGHT="22" WC="0.92" CONTENT="gensaga"/><SP WIDTH="14" VPOS="275" HPOS="847"/>
							<String ID="string_45" HPOS="861" VPOS="271" WIDTH="45" HEIGHT="20" WC="0.96" CONTENT="mot"/>
						</TextLine>
						<TextLine ID="line_5" HPOS="94" VPOS="297" WIDTH="812" HEIGHT="29">
							<String ID="string_46" HPOS="94" VPOS="297" WIDTH="62" HEIGHT="22" WC="0.96" CONTENT="detta"/><SP WIDTH="23" VPOS="297" HPOS="156"/>
							<String ID="string_47" HPOS="179" VPOS="300" WIDTH="46" HEIGHT="19" WC="0.96" CONTENT="sätt"/><SP WIDTH="23" VPOS="300" HPOS="225"/>
							<String ID="string_48" HPOS="248" VPOS="300" WIDTH="33" HEIGHT="20" WC="0.96" CONTENT="att"/><SP WIDTH="20" VPOS="300" HPOS="281"/>
							<String ID="string_49" HPOS="301" VPOS="298" WIDTH="61" HEIGHT="27" WC="0.93" CONTENT="börja"/><SP WIDTH="20" VPOS="298" HPOS="362"/>
							<String ID="string_50" HPOS="382" VPOS="299" WIDTH="110" HEIGHT="22" WC="0.92" CONTENT="eliminera"/><SP WIDTH="20" VPOS="299" HPOS="492"/>
							<String ID="string_51" HPOS="512" VPOS="306" WIDTH="26" HEIGHT="15" WC="0.96" CONTENT="en"/><SP WIDTH="20" VPOS="306" HPOS="538"/>
							<String ID="string_52" HPOS="558" VPOS="299" WIDTH="93" HEIGHT="22" WC="0.96" CONTENT="relation"/><SP WIDTH="20" VPOS="299" HPOS="651"/>
							<String ID="string_53" HPOS="671" VPOS="305" WIDTH="33" HEIGHT="16" WC="0.96" CONTENT="om"/><SP WIDTH="21" VPOS="305" HPOS="704"/>
							<String ID="string_54" HPOS="725" VPOS="299" WIDTH="26" HEIGHT="22" WC="0.96" CONTENT="de"/><SP WIDTH="19" VPOS="299" HPOS="751"/>
							<String ID="string_55" HPOS="770" VPOS="299" WIDTH="136" HEIGHT="27" WC="0.96" CONTENT="synpunkter"/>
						</TextLine>
						<TextLine ID="line_6" HPOS="94" VPOS="327" WIDTH="811" HEIGHT="29">
							<String ID="string_56" HPOS="94" VPOS="333" WIDTH="45" HEIGHT="16" WC="0.96" CONTENT="som"/><SP WIDTH="20" VPOS="333" HPOS="139"/>
							<String ID="string_57" HPOS="159" VPOS="327" WIDTH="38" HEIGHT="22" WC="0.93" CONTENT="vid"/><SP WIDTH="20" VPOS="327" HPOS="197"/>
							<String ID="string_58" HPOS="217" VPOS="327" WIDTH="90" HEIGHT="28" WC="0.92" CONTENT="frägans"/><SP WIDTH="19" VPOS="327" HPOS="307"/>
							<String ID="string_59" HPOS="326" VPOS="328" WIDTH="132" HEIGHT="28" WC="0.96" CONTENT="behandling"/><SP WIDTH="20" VPOS="328" HPOS="458"/>
							<String ID="string_60" HPOS="478" VPOS="329" WIDTH="56" HEIGHT="22" WC="0.93" CONTENT="inom"/><SP WIDTH="16" VPOS="329" HPOS="534"/>
							<String ID="string_61" HPOS="550" VPOS="329" WIDTH="110" HEIGHT="22" WC="0.93" CONTENT="utskottet"/><SP WIDTH="15" VPOS="329" HPOS="660"/>
							<String ID="string_62" HPOS="675" VPOS="329" WIDTH="58" HEIGHT="27" WC="0.96" CONTENT="gjort"/><SP WIDTH="15" VPOS="329" HPOS="733"/>
							<String ID="string_63" HPOS="748" VPOS="329" WIDTH="34" HEIGHT="27" WC="0.97" CONTENT="sig"/><SP WIDTH="16" VPOS="329" HPOS="782"/>
							<String ID="string_64" HPOS="798" VPOS="328" WIDTH="107" HEIGHT="28" WC="0.96" CONTENT="gällande."/>
						</TextLine>
						<TextLine ID="line_7" HPOS="94" VPOS="357" WIDTH="811" HEIGHT="29">
							<String ID="string_65" HPOS="94" VPOS="357" WIDTH="45" HEIGHT="28" WC="0.96" CONTENT="Jag"/><SP WIDTH="15" VPOS="357" HPOS="139"/>
							<String ID="string_66" HPOS="154" VPOS="363" WIDTH="66" HEIGHT="16" WC="0.96" CONTENT="anser"/><SP WIDTH="15" VPOS="363" HPOS="220"/>
							<String ID="string_67" HPOS="235" VPOS="360" WIDTH="34" HEIGHT="20" WC="0.96" CONTENT="att"/><SP WIDTH="15" VPOS="360" HPOS="269"/>
							<String ID="string_68" HPOS="284" VPOS="364" WIDTH="33" HEIGHT="15" WC="0.93" CONTENT="om"/><SP WIDTH="16" VPOS="364" HPOS="317"/>
							<String ID="string_69" HPOS="333" VPOS="358" WIDTH="159" HEIGHT="22" WC="0.92" CONTENT="bondeständet"/><SP WIDTH="15" VPOS="358" HPOS="492"/>
							<String ID="string_70" HPOS="507" VPOS="359" WIDTH="134" HEIGHT="27" WC="0.96" CONTENT="nödvändigt"/><SP WIDTH="16" VPOS="359" HPOS="641"/>
							<String ID="string_71" HPOS="657" VPOS="358" WIDTH="56" HEIGHT="23" WC="0.93" CONTENT="skall"/><SP WIDTH="16" VPOS="358" HPOS="713"/>
							<String ID="string_72" HPOS="729" VPOS="358" WIDTH="89" HEIGHT="28" WC="0.93" CONTENT="inlägga"/><SP WIDTH="15" VPOS="358" HPOS="818"/>
							<String ID="string_73" HPOS="833" VPOS="365" WIDTH="27" HEIGHT="15" WC="0.93" CONTENT="en"/><SP WIDTH="11" VPOS="365" HPOS="860"/>
							<String ID="string_74" HPOS="871" VPOS="365" WIDTH="34" HEIGHT="15" WC="0.93" CONTENT="re-"/>
						</TextLine>
						<TextLine ID="line_8" HPOS="96" VPOS="387" WIDTH="810" HEIGHT="28">
							<String ID="string_75" HPOS="96" VPOS="387" WIDTH="111" HEIGHT="22" WC="0.92" CONTENT="servation"/><SP WIDTH="16" VPOS="387" HPOS="207"/>
							<String ID="string_76" HPOS="223" VPOS="390" WIDTH="44" HEIGHT="19" WC="0.96" CONTENT="mot"/><SP WIDTH="16" VPOS="390" HPOS="267"/>
							<String ID="string_77" HPOS="283" VPOS="387" WIDTH="62" HEIGHT="22" WC="0.96" CONTENT="detta"/><SP WIDTH="16" VPOS="387" HPOS="345"/>
							<String ID="string_78" HPOS="361" VPOS="388" WIDTH="119" HEIGHT="27" WC="0.96" CONTENT="uttalande,"/><SP WIDTH="17" VPOS="388" HPOS="480"/>
							<String ID="string_79" HPOS="497" VPOS="389" WIDTH="24" HEIGHT="22" WC="0.96" CONTENT="sä"/><SP WIDTH="16" VPOS="389" HPOS="521"/>
							<String ID="string_80" HPOS="537" VPOS="389" WIDTH="52" HEIGHT="22" WC="0.96" CONTENT="sker"/><SP WIDTH="15" VPOS="389" HPOS="589"/>
							<String ID="string_81" HPOS="604" VPOS="389" WIDTH="36" HEIGHT="21" WC="0.97" CONTENT="väl"/><SP WIDTH="16" VPOS="389" HPOS="640"/>
							<String ID="string_82" HPOS="656" VPOS="389" WIDTH="61" HEIGHT="21" WC="0.93" CONTENT="detta"/><SP WIDTH="15" VPOS="389" HPOS="717"/>
							<String ID="string_83" HPOS="732" VPOS="388" WIDTH="125" HEIGHT="27" WC="0.92" CONTENT="lämpligast"/><SP WIDTH="13" VPOS="388" HPOS="857"/>
							<String ID="string_84" HPOS="870" VPOS="394" WIDTH="36" HEIGHT="21" WC="0.93" CONTENT="ge-"/>
						</TextLine>
						<TextLine ID="line_9" HPOS="93" VPOS="417" WIDTH="812" HEIGHT="29">
							<String ID="string_85" HPOS="93" VPOS="423" WIDTH="49" HEIGHT="16" WC="0.96" CONTENT="nom"/><SP WIDTH="15" VPOS="423" HPOS="142"/>
							<String ID="string_86" HPOS="157" VPOS="419" WIDTH="35" HEIGHT="20" WC="0.93" CONTENT="att"/><SP WIDTH="15" VPOS="419" HPOS="192"/>
							<String ID="string_87" HPOS="207" VPOS="417" WIDTH="88" HEIGHT="23" WC="0.92" CONTENT="ständet"/><SP WIDTH="16" VPOS="417" HPOS="295"/>
							<String ID="string_88" HPOS="311" VPOS="418" WIDTH="97" HEIGHT="22" WC="0.92" CONTENT="besluter"/><SP WIDTH="13" VPOS="418" HPOS="408"/>
							<String ID="string_89" HPOS="421" VPOS="419" WIDTH="49" HEIGHT="27" WC="0.93" CONTENT="höja"/><SP WIDTH="10" VPOS="419" HPOS="470"/>
							<String ID="string_90" HPOS="480" VPOS="419" WIDTH="154" HEIGHT="22" WC="0.92" CONTENT="reservfonden"/><SP WIDTH="10" VPOS="419" HPOS="634"/>
							<String ID="string_91" HPOS="644" VPOS="418" WIDTH="34" HEIGHT="22" WC="0.96" CONTENT="till"/><SP WIDTH="12" VPOS="418" HPOS="678"/>
							<String ID="string_92" HPOS="690" VPOS="420" WIDTH="27" HEIGHT="20" WC="0.96" CONTENT="20"/><SP WIDTH="11" VPOS="420" HPOS="717"/>
							<String ID="string_93" HPOS="728" VPOS="418" WIDTH="98" HEIGHT="27" WC="0.96" CONTENT="miljoner"/><SP WIDTH="10" VPOS="418" HPOS="826"/>
							<String ID="string_94" HPOS="836" VPOS="418" WIDTH="69" HEIGHT="22" WC="0.96" CONTENT="mark."/>
						</TextLine>
						<TextLine ID="line_10" HPOS="93" VPOS="447" WIDTH="812" HEIGHT="29">
							<String ID="string_95" HPOS="93" VPOS="447" WIDTH="70" HEIGHT="23" WC="0.96" CONTENT="Detta"/><SP WIDTH="15" VPOS="447" HPOS="163"/>
							<String ID="string_96" HPOS="178" VPOS="449" WIDTH="26" HEIGHT="21" WC="0.96" CONTENT="är"/><SP WIDTH="16" VPOS="449" HPOS="204"/>
							<String ID="string_97" HPOS="220" VPOS="448" WIDTH="35" HEIGHT="22" WC="0.96" CONTENT="väl"/><SP WIDTH="16" VPOS="448" HPOS="255"/>
							<String ID="string_98" HPOS="271" VPOS="447" WIDTH="42" HEIGHT="23" WC="0.93" CONTENT="den"/><SP WIDTH="15" VPOS="447" HPOS="313"/>
							<String ID="string_99" HPOS="328" VPOS="447" WIDTH="132" HEIGHT="29" WC="0.91" CONTENT="kraftigaste"/><SP WIDTH="16" VPOS="447" HPOS="460"/>
							<String ID="string_100" HPOS="476" VPOS="449" WIDTH="142" HEIGHT="27" WC="0.96" CONTENT="reservation,"/><SP WIDTH="17" VPOS="449" HPOS="618"/>
							<String ID="string_101" HPOS="635" VPOS="455" WIDTH="45" HEIGHT="16" WC="0.96" CONTENT="som"/><SP WIDTH="16" VPOS="455" HPOS="680"/>
							<String ID="string_102" HPOS="696" VPOS="449" WIDTH="42" HEIGHT="21" WC="0.96" CONTENT="kan"/><SP WIDTH="16" VPOS="449" HPOS="738"/>
							<String ID="string_103" HPOS="754" VPOS="448" WIDTH="77" HEIGHT="28" WC="0.93" CONTENT="finnas,"/><SP WIDTH="16" VPOS="448" HPOS="831"/>
							<String ID="string_104" HPOS="847" VPOS="449" WIDTH="58" HEIGHT="21" WC="0.92" CONTENT="utom"/>
						</TextLine>
						<TextLine ID="line_11" HPOS="93" VPOS="478" WIDTH="812" HEIGHT="28">
							<String ID="string_105" HPOS="93" VPOS="479" WIDTH="34" HEIGHT="20" WC="0.96" CONTENT="att"/><SP WIDTH="15" VPOS="479" HPOS="127"/>
							<String ID="string_106" HPOS="142" VPOS="478" WIDTH="38" HEIGHT="21" WC="0.96" CONTENT="det"/><SP WIDTH="14" VPOS="478" HPOS="180"/>
							<String ID="string_107" HPOS="194" VPOS="478" WIDTH="24" HEIGHT="27" WC="0.93" CONTENT="ju"/><SP WIDTH="15" VPOS="478" HPOS="218"/>
							<String ID="string_108" HPOS="233" VPOS="478" WIDTH="67" HEIGHT="22" WC="0.92" CONTENT="ocksä"/><SP WIDTH="15" VPOS="478" HPOS="300"/>
							<String ID="string_109" HPOS="315" VPOS="478" WIDTH="69" HEIGHT="22" WC="0.92" CONTENT="finnes"/><SP WIDTH="16" VPOS="478" HPOS="384"/>
							<String ID="string_110" HPOS="400" VPOS="478" WIDTH="69" HEIGHT="22" WC="0.96" CONTENT="andra"/><SP WIDTH="15" VPOS="478" HPOS="469"/>
							<String ID="string_111" HPOS="484" VPOS="480" WIDTH="46" HEIGHT="20" WC="0.93" CONTENT="sätt"/><SP WIDTH="15" VPOS="480" HPOS="530"/>
							<String ID="string_112" HPOS="545" VPOS="484" WIDTH="115" HEIGHT="16" WC="0.92" CONTENT="reservera"/><SP WIDTH="11" VPOS="484" HPOS="660"/>
							<String ID="string_113" HPOS="671" VPOS="478" WIDTH="39" HEIGHT="28" WC="0.96" CONTENT="sig."/><SP WIDTH="23" VPOS="478" HPOS="710"/>
							<String ID="string_114" HPOS="733" VPOS="479" WIDTH="46" HEIGHT="21" WC="0.93" CONTENT="Det"/><SP WIDTH="10" VPOS="479" HPOS="779"/>
							<String ID="string_115" HPOS="789" VPOS="480" WIDTH="25" HEIGHT="20" WC="0.93" CONTENT="är"/><SP WIDTH="11" VPOS="480" HPOS="814"/>
							<String ID="string_116" HPOS="825" VPOS="478" WIDTH="80" HEIGHT="22" WC="0.92" CONTENT="visser-"/>
						</TextLine>
						<TextLine ID="line_12" HPOS="93" VPOS="507" WIDTH="813" HEIGHT="29">
							<String ID="string_117" HPOS="93" VPOS="507" WIDTH="59" HEIGHT="27" WC="0.92" CONTENT="ligen"/><SP WIDTH="20" VPOS="507" HPOS="152"/>
							<String ID="string_118" HPOS="172" VPOS="507" WIDTH="70" HEIGHT="22" WC="0.91" CONTENT="kändt"/><SP WIDTH="15" VPOS="507" HPOS="242"/>
							<String ID="string_119" HPOS="257" VPOS="509" WIDTH="35" HEIGHT="20" WC="0.93" CONTENT="att"/><SP WIDTH="15" VPOS="509" HPOS="292"/>
							<String ID="string_120" HPOS="307" VPOS="508" WIDTH="143" HEIGHT="28" WC="0.92" CONTENT="landtdagsm."/><SP WIDTH="18" VPOS="508" HPOS="450"/>
							<String ID="string_121" HPOS="468" VPOS="508" WIDTH="99" HEIGHT="22" WC="0.96" CONTENT="Fellman"/><SP WIDTH="15" VPOS="508" HPOS="567"/>
							<String ID="string_122" HPOS="582" VPOS="508" WIDTH="47" HEIGHT="22" WC="0.96" CONTENT="ofta"/><SP WIDTH="16" VPOS="508" HPOS="629"/>
							<String ID="string_123" HPOS="645" VPOS="510" WIDTH="25" HEIGHT="20" WC="0.96" CONTENT="är"/><SP WIDTH="15" VPOS="510" HPOS="670"/>
							<String ID="string_124" HPOS="685" VPOS="508" WIDTH="85" HEIGHT="27" WC="0.93" CONTENT="ganska"/><SP WIDTH="15" VPOS="508" HPOS="770"/>
							<String ID="string_125" HPOS="785" VPOS="508" WIDTH="121" HEIGHT="22" WC="0.91" CONTENT="skämtsam"/>
						</TextLine>
						<TextLine ID="line_13" HPOS="92" VPOS="536" WIDTH="813" HEIGHT="30">
							<String ID="string_126" HPOS="92" VPOS="536" WIDTH="24" HEIGHT="23" WC="0.96" CONTENT="af"/><SP WIDTH="21" VPOS="536" HPOS="116"/>
							<String ID="string_127" HPOS="137" VPOS="537" WIDTH="40" HEIGHT="27" WC="0.96" CONTENT="sig,"/><SP WIDTH="23" VPOS="537" HPOS="177"/>
							<String ID="string_128" HPOS="200" VPOS="543" WIDTH="49" HEIGHT="16" WC="0.90" CONTENT="men"/><SP WIDTH="23" VPOS="543" HPOS="249"/>
							<String ID="string_129" HPOS="272" VPOS="537" WIDTH="49" HEIGHT="22" WC="0.90" CONTENT="icke"/><SP WIDTH="20" VPOS="537" HPOS="321"/>
							<String ID="string_130" HPOS="341" VPOS="538" WIDTH="78" HEIGHT="22" WC="0.92" CONTENT="trodde"/><SP WIDTH="17" VPOS="538" HPOS="419"/>
							<String ID="string_131" HPOS="436" VPOS="538" WIDTH="39" HEIGHT="28" WC="0.93" CONTENT="jag"/><SP WIDTH="18" VPOS="538" HPOS="475"/>
							<String ID="string_132" HPOS="493" VPOS="538" WIDTH="69" HEIGHT="22" WC="0.92" CONTENT="likväl"/><SP WIDTH="16" VPOS="538" HPOS="562"/>
							<String ID="string_133" HPOS="578" VPOS="539" WIDTH="76" HEIGHT="21" WC="0.96" CONTENT="honom"/><SP WIDTH="16" VPOS="539" HPOS="654"/>
							<String ID="string_134" HPOS="670" VPOS="544" WIDTH="53" HEIGHT="16" WC="0.96" CONTENT="vara"/><SP WIDTH="16" VPOS="544" HPOS="723"/>
							<String ID="string_135" HPOS="739" VPOS="537" WIDTH="25" HEIGHT="22" WC="0.93" CONTENT="sä"/><SP WIDTH="15" VPOS="537" HPOS="764"/>
							<String ID="string_136" HPOS="779" VPOS="538" WIDTH="126" HEIGHT="26" WC="0.90" CONTENT="skämtsam,"/>
						</TextLine>
						<TextLine ID="line_14" HPOS="93" VPOS="566" WIDTH="812" HEIGHT="30">
							<String ID="string_137" HPOS="93" VPOS="573" WIDTH="43" HEIGHT="16" WC="0.92" CONTENT="som"/><SP WIDTH="25" VPOS="573" HPOS="136"/>
							<String ID="string_138" HPOS="161" VPOS="566" WIDTH="108" HEIGHT="28" WC="0.96" CONTENT="framgick"/><SP WIDTH="23" VPOS="566" HPOS="269"/>
							<String ID="string_139" HPOS="292" VPOS="567" WIDTH="24" HEIGHT="22" WC="0.97" CONTENT="af"/><SP WIDTH="19" VPOS="567" HPOS="316"/>
							<String ID="string_140" HPOS="335" VPOS="568" WIDTH="54" HEIGHT="21" WC="0.92" CONTENT="hans"/><SP WIDTH="20" VPOS="568" HPOS="389"/>
							<String ID="string_141" HPOS="409" VPOS="570" WIDTH="88" HEIGHT="20" WC="0.96" CONTENT="senaste"/><SP WIDTH="20" VPOS="570" HPOS="497"/>
							<String ID="string_142" HPOS="517" VPOS="568" WIDTH="110" HEIGHT="28" WC="0.93" CONTENT="yttrande,"/><SP WIDTH="16" VPOS="568" HPOS="627"/>
							<String ID="string_143" HPOS="643" VPOS="567" WIDTH="64" HEIGHT="23" WC="0.93" CONTENT="hvari"/><SP WIDTH="15" VPOS="567" HPOS="707"/>
							<String ID="string_144" HPOS="722" VPOS="568" WIDTH="43" HEIGHT="21" WC="0.93" CONTENT="han"/><SP WIDTH="15" VPOS="568" HPOS="765"/>
							<String ID="string_145" HPOS="780" VPOS="567" WIDTH="125" HEIGHT="28" WC="0.86" CONTENT="pähördade"/>
						</TextLine>
						<TextLine ID="line_15" HPOS="92" VPOS="596" WIDTH="813" HEIGHT="29">
							<String ID="string_146" HPOS="92" VPOS="597" WIDTH="43" HEIGHT="27" WC="0.96" CONTENT="mig"/><SP WIDTH="23" VPOS="597" HPOS="135"/>
							<String ID="string_147" HPOS="158" VPOS="596" WIDTH="38" HEIGHT="22" WC="0.94" CONTENT="det"/><SP WIDTH="20" VPOS="596" HPOS="196"/>
							<String ID="string_148" HPOS="216" VPOS="597" WIDTH="38" HEIGHT="27" WC="0.96" CONTENT="jag"/><SP WIDTH="20" VPOS="597" HPOS="254"/>
							<String ID="string_149" HPOS="274" VPOS="597" WIDTH="70" HEIGHT="22" WC="0.93" CONTENT="skulle"/><SP WIDTH="20" VPOS="597" HPOS="344"/>
							<String ID="string_150" HPOS="364" VPOS="597" WIDTH="67" HEIGHT="22" WC="0.89" CONTENT="afsett"/><SP WIDTH="20" VPOS="597" HPOS="431"/>
							<String ID="string_151" HPOS="451" VPOS="599" WIDTH="34" HEIGHT="20" WC="0.97" CONTENT="att"/><SP WIDTH="18" VPOS="599" HPOS="485"/>
							<String ID="string_152" HPOS="503" VPOS="598" WIDTH="112" HEIGHT="22" WC="0.96" CONTENT="förhindra"/><SP WIDTH="15" VPOS="598" HPOS="615"/>
							<String ID="string_153" HPOS="630" VPOS="598" WIDTH="77" HEIGHT="22" WC="0.96" CONTENT="honom"/><SP WIDTH="16" VPOS="598" HPOS="707"/>
							<String ID="string_154" HPOS="723" VPOS="599" WIDTH="34" HEIGHT="20" WC="0.93" CONTENT="att"/><SP WIDTH="14" VPOS="599" HPOS="757"/>
							<String ID="string_155" HPOS="771" VPOS="599" WIDTH="62" HEIGHT="26" WC="0.93" CONTENT="yttra"/><SP WIDTH="15" VPOS="599" HPOS="833"/>
							<String ID="string_156" HPOS="848" VPOS="597" WIDTH="34" HEIGHT="27" WC="0.94" CONTENT="sig"/><SP WIDTH="15" VPOS="597" HPOS="882"/>
							<String ID="string_157" HPOS="897" VPOS="597" WIDTH="8" HEIGHT="21" WC="0.94" CONTENT="i"/>
						</TextLine>
						<TextLine ID="line_16" HPOS="93" VPOS="626" WIDTH="812" HEIGHT="29">
							<String ID="string_158" HPOS="93" VPOS="626" WIDTH="75" HEIGHT="22" WC="0.95" CONTENT="saken."/><SP WIDTH="32" VPOS="626" HPOS="168"/>
							<String ID="string_159" HPOS="200" VPOS="627" WIDTH="71" HEIGHT="22" WC="0.96" CONTENT="Detta"/><SP WIDTH="20" VPOS="627" HPOS="271"/>
							<String ID="string_160" HPOS="291" VPOS="627" WIDTH="40" HEIGHT="21" WC="0.96" CONTENT="har"/><SP WIDTH="17" VPOS="627" HPOS="331"/>
							<String ID="string_161" HPOS="348" VPOS="627" WIDTH="39" HEIGHT="28" WC="0.93" CONTENT="jag"/><SP WIDTH="18" VPOS="627" HPOS="387"/>
							<String ID="string_162" HPOS="405" VPOS="627" WIDTH="50" HEIGHT="22" WC="0.96" CONTENT="icke"/><SP WIDTH="20" VPOS="627" HPOS="455"/>
							<String ID="string_163" HPOS="475" VPOS="630" WIDTH="80" HEIGHT="25" WC="0.96" CONTENT="ämnat,"/><SP WIDTH="19" VPOS="630" HPOS="555"/>
							<String ID="string_164" HPOS="574" VPOS="628" WIDTH="37" HEIGHT="27" WC="0.96" CONTENT="jag"/><SP WIDTH="16" VPOS="628" HPOS="611"/>
							<String ID="string_165" HPOS="627" VPOS="627" WIDTH="51" HEIGHT="23" WC="0.93" CONTENT="ville"/><SP WIDTH="15" VPOS="627" HPOS="678"/>
							<String ID="string_166" HPOS="693" VPOS="627" WIDTH="57" HEIGHT="22" WC="0.96" CONTENT="blott"/><SP WIDTH="15" VPOS="627" HPOS="750"/>
							<String ID="string_167" HPOS="765" VPOS="627" WIDTH="89" HEIGHT="27" WC="0.96" CONTENT="antyda,"/><SP WIDTH="17" VPOS="627" HPOS="854"/>
							<String ID="string_168" HPOS="871" VPOS="628" WIDTH="34" HEIGHT="20" WC="0.96" CONTENT="att"/>
						</TextLine>
						<TextLine ID="line_17" HPOS="93" VPOS="656" WIDTH="812" HEIGHT="29">
							<String ID="string_169" HPOS="93" VPOS="656" WIDTH="37" HEIGHT="22" WC="0.93" CONTENT="det"/><SP WIDTH="23" VPOS="656" HPOS="130"/>
							<String ID="string_170" HPOS="153" VPOS="656" WIDTH="49" HEIGHT="22" WC="0.89" CONTENT="icke"/><SP WIDTH="25" VPOS="656" HPOS="202"/>
							<String ID="string_171" HPOS="227" VPOS="663" WIDTH="40" HEIGHT="15" WC="0.96" CONTENT="var"/><SP WIDTH="22" VPOS="663" HPOS="267"/>
							<String ID="string_172" HPOS="289" VPOS="656" WIDTH="90" HEIGHT="23" WC="0.95" CONTENT="alldeles"/><SP WIDTH="24" VPOS="656" HPOS="379"/>
							<String ID="string_173" HPOS="403" VPOS="663" WIDTH="80" HEIGHT="17" WC="0.96" CONTENT="comme"/><SP WIDTH="20" VPOS="663" HPOS="483"/>
							<String ID="string_174" HPOS="503" VPOS="657" WIDTH="15" HEIGHT="22" WC="0.96" CONTENT="il"/><SP WIDTH="19" VPOS="657" HPOS="518"/>
							<String ID="string_175" HPOS="537" VPOS="657" WIDTH="48" HEIGHT="23" WC="0.96" CONTENT="faut"/><SP WIDTH="16" VPOS="657" HPOS="585"/>
							<String ID="string_176" HPOS="601" VPOS="659" WIDTH="34" HEIGHT="21" WC="0.93" CONTENT="att"/><SP WIDTH="16" VPOS="659" HPOS="635"/>
							<String ID="string_177" HPOS="651" VPOS="657" WIDTH="108" HEIGHT="28" WC="0.92" CONTENT="uppträda"/><SP WIDTH="16" VPOS="657" HPOS="759"/>
							<String ID="string_178" HPOS="775" VPOS="657" WIDTH="71" HEIGHT="22" WC="0.92" CONTENT="säsom"/><SP WIDTH="15" VPOS="657" HPOS="846"/>
							<String ID="string_179" HPOS="861" VPOS="657" WIDTH="44" HEIGHT="21" WC="0.96" CONTENT="han"/>
						</TextLine>
						<TextLine ID="line_18" HPOS="93" VPOS="686" WIDTH="128" HEIGHT="28">
							<String ID="string_180" HPOS="93" VPOS="686" WIDTH="128" HEIGHT="28" WC="0.90" CONTENT="uppträdde."/>
						</TextLine>
					</TextBlock>
					<TextBlock ID="block_2" HPOS="92" VPOS="716" WIDTH="811" HEIGHT="52">
						<TextLine ID="line_19" HPOS="161" VPOS="716" WIDTH="742" HEIGHT="29">
							<String ID="string_181" HPOS="161" VPOS="716" WIDTH="137" HEIGHT="22" WC="0.96" CONTENT="Keskustelu"/><SP WIDTH="18" VPOS="716" HPOS="298"/>
							<String ID="string_182" HPOS="316" VPOS="716" WIDTH="132" HEIGHT="28" WC="0.96" CONTENT="lopetetuksi"/><SP WIDTH="16" VPOS="716" HPOS="448"/>
							<String ID="string_183" HPOS="464" VPOS="716" WIDTH="126" HEIGHT="29" WC="0.96" CONTENT="julistettua"/><SP WIDTH="20" VPOS="716" HPOS="590"/>
							<String ID="string_184" HPOS="610" VPOS="716" WIDTH="108" HEIGHT="23" WC="0.96" CONTENT="esitettiin"/><SP WIDTH="18" VPOS="716" HPOS="718"/>
							<String ID="string_185" HPOS="736" VPOS="716" WIDTH="23" HEIGHT="28" WC="0.93" CONTENT="ja"/><SP WIDTH="22" VPOS="716" HPOS="759"/>
							<String ID="string_186" HPOS="781" VPOS="716" WIDTH="122" HEIGHT="28" WC="0.92" CONTENT="hyväksyt-"/>
						</TextLine>
						<TextLine ID="line_20" HPOS="92" VPOS="745" WIDTH="239" HEIGHT="23">
							<String ID="string_187" HPOS="92" VPOS="745" WIDTH="41" HEIGHT="23" WC="0.96" CONTENT="tiin"/><SP WIDTH="15" VPOS="745" HPOS="133"/>
							<String ID="string_188" HPOS="148" VPOS="746" WIDTH="62" HEIGHT="22" WC="0.97" CONTENT="ensin"/><SP WIDTH="16" VPOS="746" HPOS="210"/>
							<String ID="string_189" HPOS="226" VPOS="746" WIDTH="105" HEIGHT="22" WC="0.96" CONTENT="tällainen"/>
						</TextLine>
					</TextBlock>
				</ComposedBlock>
				<ComposedBlock ID="cblock_3" HPOS="166" VPOS="799" WIDTH="271" HEIGHT="29">
					<TextBlock ID="block_3" HPOS="166" VPOS="799" WIDTH="271" HEIGHT="29">
						<TextLine ID="line_21" HPOS="166" VPOS="799" WIDTH="271" HEIGHT="29">
							<String ID="string_190" HPOS="166" VPOS="799" WIDTH="21" HEIGHT="29" WC="0.93" CONTENT="1)"/><SP WIDTH="16" VPOS="799" HPOS="187"/>
							<String ID="string_191" HPOS="203" VPOS="799" WIDTH="234" HEIGHT="27" WC="0.92" CONTENT="äänestysesitys:"/>
						</TextLine>
					</TextBlock>
				</ComposedBlock>
				<ComposedBlock ID="cblock_4" HPOS="91" VPOS="846" WIDTH="813" HEIGHT="89">
					<TextBlock ID="block_4" HPOS="91" VPOS="846" WIDTH="813" HEIGHT="89">
						<TextLine ID="line_22" HPOS="162" VPOS="846" WIDTH="742" HEIGHT="30">
							<String ID="string_192" HPOS="162" VPOS="846" WIDTH="35" HEIGHT="28" WC="0.96" CONTENT="Se,"/><SP WIDTH="23" VPOS="846" HPOS="197"/>
							<String ID="string_193" HPOS="220" VPOS="846" WIDTH="51" HEIGHT="28" WC="0.96" CONTENT="joka"/><SP WIDTH="23" VPOS="846" HPOS="271"/>
							<String ID="string_194" HPOS="294" VPOS="846" WIDTH="116" HEIGHT="28" WC="0.96" CONTENT="hyväksyy"/><SP WIDTH="22" VPOS="846" HPOS="410"/>
							<String ID="string_195" HPOS="432" VPOS="847" WIDTH="162" HEIGHT="22" WC="0.96" CONTENT="käsiteltävänä"/><SP WIDTH="23" VPOS="847" HPOS="594"/>
							<String ID="string_196" HPOS="617" VPOS="847" WIDTH="77" HEIGHT="22" WC="0.96" CONTENT="olevan"/><SP WIDTH="26" VPOS="847" HPOS="694"/>
							<String ID="string_197" HPOS="720" VPOS="850" WIDTH="11" HEIGHT="18" WC="0.96" CONTENT="3"/><SP WIDTH="25" VPOS="850" HPOS="731"/>
							<String ID="string_198" HPOS="756" VPOS="846" WIDTH="35" HEIGHT="30" WC="0.82" CONTENT="S:n"/><SP WIDTH="22" VPOS="846" HPOS="791"/>
							<String ID="string_199" HPOS="813" VPOS="846" WIDTH="91" HEIGHT="23" WC="0.96" CONTENT="Suomen"/>
						</TextLine>
						<TextLine ID="line_23" HPOS="91" VPOS="876" WIDTH="812" HEIGHT="28">
							<String ID="string_200" HPOS="91" VPOS="876" WIDTH="86" HEIGHT="22" WC="0.93" CONTENT="Pankin"/><SP WIDTH="24" VPOS="876" HPOS="177"/>
							<String ID="string_201" HPOS="201" VPOS="876" WIDTH="292" HEIGHT="28" WC="0.91" CONTENT="Ohjesääntöehdotuksessa"/><SP WIDTH="22" VPOS="876" HPOS="493"/>
							<String ID="string_202" HPOS="515" VPOS="876" WIDTH="116" HEIGHT="22" WC="0.96" CONTENT="sellaisena"/><SP WIDTH="20" VPOS="876" HPOS="631"/>
							<String ID="string_203" HPOS="651" VPOS="876" WIDTH="52" HEIGHT="22" WC="0.96" CONTENT="kuin"/><SP WIDTH="19" VPOS="876" HPOS="703"/>
							<String ID="string_204" HPOS="722" VPOS="877" WIDTH="127" HEIGHT="22" WC="0.96" CONTENT="valiokunta"/><SP WIDTH="16" VPOS="877" HPOS="849"/>
							<String ID="string_205" HPOS="865" VPOS="882" WIDTH="38" HEIGHT="16" WC="0.96" CONTENT="sen"/>
						</TextLine>
						<TextLine ID="line_24" HPOS="92" VPOS="906" WIDTH="575" HEIGHT="29">
							<String ID="string_206" HPOS="92" VPOS="912" WIDTH="27" HEIGHT="16" WC="0.96" CONTENT="on"/><SP WIDTH="16" VPOS="912" HPOS="119"/>
							<String ID="string_207" HPOS="135" VPOS="906" WIDTH="131" HEIGHT="22" WC="0.95" CONTENT="ehdottanut"/><SP WIDTH="15" VPOS="906" HPOS="266"/>
							<String ID="string_208" HPOS="281" VPOS="906" WIDTH="176" HEIGHT="28" WC="0.96" CONTENT="mietinnössään,"/><SP WIDTH="17" VPOS="906" HPOS="457"/>
							<String ID="string_209" HPOS="474" VPOS="908" WIDTH="104" HEIGHT="20" WC="0.91" CONTENT="äänestää"/><SP WIDTH="17" VPOS="908" HPOS="578"/>
							<String ID="string_210" HPOS="595" VPOS="907" WIDTH="72" HEIGHT="28" WC="0.90" CONTENT=",jaa*;"/>
						</TextLine>
					</TextBlock>
				</ComposedBlock>
				<ComposedBlock ID="cblock_5" HPOS="91" VPOS="954" WIDTH="814" HEIGHT="278">
					<TextBlock ID="block_5" HPOS="92" VPOS="954" WIDTH="813" HEIGHT="117">
						<TextLine ID="line_25" HPOS="162" VPOS="954" WIDTH="743" HEIGHT="28">
							<String ID="string_211" HPOS="162" VPOS="960" WIDTH="30" HEIGHT="21" WC="0.96" CONTENT="se,"/><SP WIDTH="21" VPOS="960" HPOS="192"/>
							<String ID="string_212" HPOS="213" VPOS="954" WIDTH="54" HEIGHT="28" WC="0.96" CONTENT="joka"/><SP WIDTH="22" VPOS="954" HPOS="267"/>
							<String ID="string_213" HPOS="289" VPOS="955" WIDTH="49" HEIGHT="21" WC="0.96" CONTENT="taas"/><SP WIDTH="23" VPOS="955" HPOS="338"/>
							<String ID="string_214" HPOS="361" VPOS="954" WIDTH="82" HEIGHT="27" WC="0.96" CONTENT="tahtoo,"/><SP WIDTH="24" VPOS="954" HPOS="443"/>
							<String ID="string_215" HPOS="467" VPOS="955" WIDTH="48" HEIGHT="21" WC="0.96" CONTENT="että"/><SP WIDTH="20" VPOS="955" HPOS="515"/>
							<String ID="string_216" HPOS="535" VPOS="956" WIDTH="91" HEIGHT="21" WC="0.96" CONTENT="sanotun"/><SP WIDTH="20" VPOS="956" HPOS="626"/>
							<String ID="string_217" HPOS="646" VPOS="954" WIDTH="96" HEIGHT="28" WC="0.96" CONTENT="pykälän"/><SP WIDTH="20" VPOS="954" HPOS="742"/>
							<String ID="string_218" HPOS="762" VPOS="956" WIDTH="13" HEIGHT="20" WC="0.95" CONTENT="2"/><SP WIDTH="18" VPOS="956" HPOS="775"/>
							<String ID="string_219" HPOS="793" VPOS="954" WIDTH="112" HEIGHT="22" WC="0.96" CONTENT="kohdassa"/>
						</TextLine>
						<TextLine ID="line_26" HPOS="92" VPOS="982" WIDTH="812" HEIGHT="30">
							<String ID="string_220" HPOS="92" VPOS="983" WIDTH="71" HEIGHT="22" WC="0.96" CONTENT="olevat"/><SP WIDTH="23" VPOS="983" HPOS="163"/>
							<String ID="string_221" HPOS="186" VPOS="986" WIDTH="65" HEIGHT="20" WC="0.93" CONTENT="sanat"/><SP WIDTH="24" VPOS="986" HPOS="251"/>
							<String ID="string_222" HPOS="275" VPOS="1001" WIDTH="4" HEIGHT="9" WC="0.90" CONTENT=","/><SP WIDTH="1" VPOS="1001" HPOS="279"/>
							<String ID="string_223" HPOS="280" VPOS="982" WIDTH="174" HEIGHT="29" WC="0.96" CONTENT="viideksitoista"/><SP WIDTH="19" VPOS="982" HPOS="454"/>
							<String ID="string_224" HPOS="473" VPOS="984" WIDTH="137" HEIGHT="28" WC="0.93" CONTENT="miljoonaksi"/><SP WIDTH="20" VPOS="984" HPOS="610"/>
							<String ID="string_225" HPOS="630" VPOS="983" WIDTH="125" HEIGHT="23" WC="0.89" CONTENT="markaksi*"/><SP WIDTH="22" VPOS="983" HPOS="755"/>
							<String ID="string_226" HPOS="777" VPOS="985" WIDTH="127" HEIGHT="21" WC="0.96" CONTENT="muutetaan"/>
						</TextLine>
						<TextLine ID="line_27" HPOS="92" VPOS="1013" WIDTH="812" HEIGHT="29">
							<String ID="string_227" HPOS="92" VPOS="1013" WIDTH="108" HEIGHT="23" WC="0.92" CONTENT="sanoiksi:"/><SP WIDTH="33" VPOS="1013" HPOS="200"/>
							<String ID="string_228" HPOS="233" VPOS="1014" WIDTH="258" HEIGHT="28" WC="0.59" CONTENT="kahdeksikymmeneksi"/><SP WIDTH="27" VPOS="1014" HPOS="491"/>
							<String ID="string_229" HPOS="518" VPOS="1014" WIDTH="135" HEIGHT="28" WC="0.92" CONTENT="miljoonaksi"/><SP WIDTH="28" VPOS="1014" HPOS="653"/>
							<String ID="string_230" HPOS="681" VPOS="1014" WIDTH="118" HEIGHT="28" WC="0.88" CONTENT="markaksi,"/><SP WIDTH="30" VPOS="1014" HPOS="799"/>
							<String ID="string_231" HPOS="829" VPOS="1015" WIDTH="75" HEIGHT="21" WC="0.88" CONTENT="äänes-"/>
						</TextLine>
						<TextLine ID="line_28" HPOS="93" VPOS="1043" WIDTH="108" HEIGHT="28">
							<String ID="string_232" HPOS="93" VPOS="1045" WIDTH="37" HEIGHT="20" WC="0.92" CONTENT="tää"/><SP WIDTH="17" VPOS="1045" HPOS="130"/>
							<String ID="string_233" HPOS="147" VPOS="1043" WIDTH="54" HEIGHT="28" WC="0.26" CONTENT="yei*."/>
						</TextLine>
					</TextBlock>
					<TextBlock ID="block_6" HPOS="162" VPOS="1097" WIDTH="116" HEIGHT="22">
						<TextLine ID="line_29" HPOS="162" VPOS="1097" WIDTH="116" HEIGHT="22">
							<String ID="string_234" HPOS="162" VPOS="1097" WIDTH="116" HEIGHT="22" WC="0.95" CONTENT="Päätös:"/>
						</TextLine>
					</TextBlock>
					<TextBlock ID="block_7" HPOS="91" VPOS="1144" WIDTH="812" HEIGHT="88">
						<TextLine ID="line_30" HPOS="162" VPOS="1144" WIDTH="741" HEIGHT="28">
							<String ID="string_235" HPOS="162" VPOS="1145" WIDTH="124" HEIGHT="27" WC="0.90" CONTENT="Suljetuilla"/><SP WIDTH="25" VPOS="1145" HPOS="286"/>
							<String ID="string_236" HPOS="311" VPOS="1145" WIDTH="84" HEIGHT="27" WC="0.89" CONTENT="lipuilla"/><SP WIDTH="25" VPOS="1145" HPOS="395"/>
							<String ID="string_237" HPOS="420" VPOS="1144" WIDTH="147" HEIGHT="23" WC="0.96" CONTENT="toimitetussa"/><SP WIDTH="23" VPOS="1144" HPOS="567"/>
							<String ID="string_238" HPOS="590" VPOS="1145" WIDTH="170" HEIGHT="27" WC="0.92" CONTENT="äänestyksessä"/><SP WIDTH="23" VPOS="1145" HPOS="760"/>
							<String ID="string_239" HPOS="783" VPOS="1144" WIDTH="69" HEIGHT="28" WC="0.91" CONTENT="Sääty"/><SP WIDTH="23" VPOS="1144" HPOS="852"/>
							<String ID="string_240" HPOS="875" VPOS="1146" WIDTH="28" HEIGHT="20" WC="0.97" CONTENT="43"/>
						</TextLine>
						<TextLine ID="line_31" HPOS="91" VPOS="1174" WIDTH="812" HEIGHT="30">
							<String ID="string_241" HPOS="91" VPOS="1174" WIDTH="118" HEIGHT="22" WC="0.92" CONTENT="ei-äänellä"/><SP WIDTH="21" VPOS="1174" HPOS="209"/>
							<String ID="string_242" HPOS="230" VPOS="1177" WIDTH="23" HEIGHT="19" WC="0.92" CONTENT="11"/><SP WIDTH="20" VPOS="1177" HPOS="253"/>
							<String ID="string_243" HPOS="273" VPOS="1175" WIDTH="115" HEIGHT="27" WC="0.92" CONTENT="jaa-ääntä"/><SP WIDTH="19" VPOS="1175" HPOS="388"/>
							<String ID="string_244" HPOS="407" VPOS="1177" WIDTH="94" HEIGHT="20" WC="0.96" CONTENT="vastaan"/><SP WIDTH="15" VPOS="1177" HPOS="501"/>
							<String ID="string_245" HPOS="516" VPOS="1175" WIDTH="108" HEIGHT="29" WC="0.93" CONTENT="hyväksyi"/><SP WIDTH="17" VPOS="1175" HPOS="624"/>
							<String ID="string_246" HPOS="641" VPOS="1174" WIDTH="218" HEIGHT="28" WC="0.92" CONTENT="äänestysesityksen"/><SP WIDTH="15" VPOS="1174" HPOS="859"/>
							<String ID="string_247" HPOS="874" VPOS="1174" WIDTH="29" HEIGHT="22" WC="0.93" CONTENT="ei-"/>
						</TextLine>
						<TextLine ID="line_32" HPOS="91" VPOS="1204" WIDTH="386" HEIGHT="28">
							<String ID="string_248" HPOS="91" VPOS="1204" WIDTH="90" HEIGHT="28" WC="0.96" CONTENT="puoleen"/><SP WIDTH="16" VPOS="1204" HPOS="181"/>
							<String ID="string_249" HPOS="197" VPOS="1205" WIDTH="123" HEIGHT="27" WC="0.96" CONTENT="sisältyvän"/><SP WIDTH="16" VPOS="1205" HPOS="320"/>
							<String ID="string_250" HPOS="336" VPOS="1204" WIDTH="141" HEIGHT="23" WC="0.96" CONTENT="ehdotuksen."/>
						</TextLine>
					</TextBlock>
				</ComposedBlock>
				<ComposedBlock ID="cblock_6" HPOS="91" VPOS="1258" WIDTH="812" HEIGHT="188">
					<TextBlock ID="block_8" HPOS="91" VPOS="1258" WIDTH="810" HEIGHT="52">
						<TextLine ID="line_33" HPOS="160" VPOS="1258" WIDTH="741" HEIGHT="28">
							<String ID="string_251" HPOS="160" VPOS="1258" WIDTH="83" HEIGHT="22" WC="0.96" CONTENT="Tämän"/><SP WIDTH="15" VPOS="1258" HPOS="243"/>
							<String ID="string_252" HPOS="258" VPOS="1258" WIDTH="86" HEIGHT="28" WC="0.96" CONTENT="jälkeen"/><SP WIDTH="17" VPOS="1258" HPOS="344"/>
							<String ID="string_253" HPOS="361" VPOS="1259" WIDTH="60" HEIGHT="21" WC="0.96" CONTENT="esitti"/><SP WIDTH="16" VPOS="1259" HPOS="421"/>
							<String ID="string_254" HPOS="437" VPOS="1258" WIDTH="114" HEIGHT="23" WC="0.93" CONTENT="Puhemies"/><SP WIDTH="17" VPOS="1258" HPOS="551"/>
							<String ID="string_255" HPOS="568" VPOS="1258" WIDTH="87" HEIGHT="28" WC="0.92" CONTENT="Säädyn"/><SP WIDTH="16" VPOS="1258" HPOS="655"/>
							<String ID="string_256" HPOS="671" VPOS="1258" WIDTH="164" HEIGHT="22" WC="0.96" CONTENT="vastattavaksi"/><SP WIDTH="15" VPOS="1258" HPOS="835"/>
							<String ID="string_257" HPOS="850" VPOS="1258" WIDTH="51" HEIGHT="22" WC="0.96" CONTENT="näin"/>
						</TextLine>
						<TextLine ID="line_34" HPOS="91" VPOS="1288" WIDTH="111" HEIGHT="22">
							<String ID="string_258" HPOS="91" VPOS="1288" WIDTH="111" HEIGHT="22" WC="0.96" CONTENT="kuuluvan"/>
						</TextLine>
					</TextBlock>
					<TextBlock ID="block_9" HPOS="161" VPOS="1342" WIDTH="325" HEIGHT="28">
						<TextLine ID="line_35" HPOS="161" VPOS="1342" WIDTH="325" HEIGHT="28">
							<String ID="string_259" HPOS="161" VPOS="1342" WIDTH="23" HEIGHT="28" WC="0.93" CONTENT="2)"/><SP WIDTH="16" VPOS="1342" HPOS="184"/>
							<String ID="string_260" HPOS="200" VPOS="1342" WIDTH="286" HEIGHT="28" WC="0.91" CONTENT="äänestysesityksen:"/>
						</TextLine>
					</TextBlock>
					<TextBlock ID="block_10" HPOS="91" VPOS="1389" WIDTH="812" HEIGHT="57">
						<TextLine ID="line_36" HPOS="161" VPOS="1389" WIDTH="742" HEIGHT="29">
							<String ID="string_261" HPOS="161" VPOS="1390" WIDTH="42" HEIGHT="26" WC="0.96" CONTENT="Ne,"/><SP WIDTH="16" VPOS="1390" HPOS="203"/>
							<String ID="string_262" HPOS="219" VPOS="1390" WIDTH="62" HEIGHT="27" WC="0.96" CONTENT="jotka"/><SP WIDTH="15" VPOS="1390" HPOS="281"/>
							<String ID="string_263" HPOS="296" VPOS="1390" WIDTH="140" HEIGHT="27" WC="0.96" CONTENT="hyväksyvät"/><SP WIDTH="16" VPOS="1390" HPOS="436"/>
							<String ID="string_264" HPOS="452" VPOS="1390" WIDTH="171" HEIGHT="28" WC="0.96" CONTENT="kysymyksessä"/><SP WIDTH="12" VPOS="1390" HPOS="623"/>
							<String ID="string_265" HPOS="635" VPOS="1389" WIDTH="76" HEIGHT="22" WC="0.96" CONTENT="olevaa"/><SP WIDTH="10" VPOS="1389" HPOS="711"/>
							<String ID="string_266" HPOS="721" VPOS="1389" WIDTH="95" HEIGHT="27" WC="0.93" CONTENT="pykälää"/><SP WIDTH="9" VPOS="1389" HPOS="816"/>
							<String ID="string_267" HPOS="825" VPOS="1389" WIDTH="78" HEIGHT="22" WC="0.92" CONTENT="koske-"/>
						</TextLine>
						<TextLine ID="line_37" HPOS="91" VPOS="1419" WIDTH="760" HEIGHT="27">
							<String ID="string_268" HPOS="91" VPOS="1421" WIDTH="39" HEIGHT="19" WC="0.93" CONTENT="vat"/><SP WIDTH="16" VPOS="1421" HPOS="130"/>
							<String ID="string_269" HPOS="146" VPOS="1419" WIDTH="141" HEIGHT="26" WC="0.92" CONTENT="perustelmat"/><SP WIDTH="16" VPOS="1419" HPOS="287"/>
							<String ID="string_270" HPOS="303" VPOS="1419" WIDTH="146" HEIGHT="21" WC="0.96" CONTENT="valiokunnan"/><SP WIDTH="16" VPOS="1419" HPOS="449"/>
							<String ID="string_271" HPOS="465" VPOS="1420" WIDTH="148" HEIGHT="26" WC="0.96" CONTENT="mietinnössä,"/><SP WIDTH="17" VPOS="1420" HPOS="613"/>
							<String ID="string_272" HPOS="630" VPOS="1420" WIDTH="131" HEIGHT="20" WC="0.93" CONTENT="äänestävät"/><SP WIDTH="17" VPOS="1420" HPOS="761"/>
							<String ID="string_273" HPOS="778" VPOS="1419" WIDTH="73" HEIGHT="27" WC="0.90" CONTENT=",jaa*;"/>
						</TextLine>
					</TextBlock>
				</ComposedBlock>
				<ComposedBlock ID="cblock_7" HPOS="90" VPOS="1459" WIDTH="813" HEIGHT="59">
					<TextBlock ID="block_11" HPOS="90" VPOS="1459" WIDTH="813" HEIGHT="59">
						<TextLine ID="line_38" HPOS="160" VPOS="1459" WIDTH="742" HEIGHT="33">
							<String ID="string_274" HPOS="160" VPOS="1466" WIDTH="34" HEIGHT="20" WC="0.96" CONTENT="ne,"/><SP WIDTH="16" VPOS="1466" HPOS="194"/>
							<String ID="string_275" HPOS="210" VPOS="1460" WIDTH="62" HEIGHT="27" WC="0.96" CONTENT="jotka"/><SP WIDTH="16" VPOS="1460" HPOS="272"/>
							<String ID="string_276" HPOS="288" VPOS="1460" WIDTH="103" HEIGHT="22" WC="0.96" CONTENT="tahtovat"/><SP WIDTH="15" VPOS="1460" HPOS="391"/>
							<String ID="string_277" HPOS="406" VPOS="1461" WIDTH="47" HEIGHT="20" WC="0.96" CONTENT="että"/><SP WIDTH="15" VPOS="1461" HPOS="453"/>
							<String ID="string_278" HPOS="468" VPOS="1460" WIDTH="119" HEIGHT="22" WC="0.96" CONTENT="mietinnön"/><SP WIDTH="17" VPOS="1460" HPOS="587"/>
							<String ID="string_279" HPOS="604" VPOS="1462" WIDTH="12" HEIGHT="19" WC="0.96" CONTENT="5"/><SP WIDTH="16" VPOS="1462" HPOS="616"/>
							<String ID="string_280" HPOS="632" VPOS="1459" WIDTH="79" HEIGHT="22" WC="0.96" CONTENT="sivulla"/><SP WIDTH="15" VPOS="1459" HPOS="711"/>
							<String ID="string_281" HPOS="726" VPOS="1459" WIDTH="130" HEIGHT="33" WC="0.93" CONTENT="luettavista"/><SP WIDTH="11" VPOS="1459" HPOS="856"/>
							<String ID="string_282" HPOS="867" VPOS="1465" WIDTH="35" HEIGHT="27" WC="0.93" CONTENT="pe-"/>
						</TextLine>
						<TextLine ID="line_39" HPOS="90" VPOS="1488" WIDTH="813" HEIGHT="30">
							<String ID="string_283" HPOS="90" VPOS="1489" WIDTH="136" HEIGHT="24" WC="0.92" CONTENT="rustelmista"/><SP WIDTH="22" VPOS="1489" HPOS="226"/>
							<String ID="string_284" HPOS="248" VPOS="1489" WIDTH="124" HEIGHT="28" WC="0.96" CONTENT="poistetaan"/><SP WIDTH="23" VPOS="1489" HPOS="372"/>
							<String ID="string_285" HPOS="395" VPOS="1495" WIDTH="23" HEIGHT="17" WC="0.96" CONTENT="se"/><SP WIDTH="23" VPOS="1495" HPOS="418"/>
							<String ID="string_286" HPOS="441" VPOS="1489" WIDTH="74" HEIGHT="29" WC="0.96" CONTENT="kohta,"/><SP WIDTH="21" VPOS="1489" HPOS="515"/>
							<String ID="string_287" HPOS="536" VPOS="1489" WIDTH="53" HEIGHT="29" WC="0.96" CONTENT="joka"/><SP WIDTH="20" VPOS="1489" HPOS="589"/>
							<String ID="string_288" HPOS="609" VPOS="1489" WIDTH="66" HEIGHT="22" WC="0.96" CONTENT="alkaa"/><SP WIDTH="20" VPOS="1489" HPOS="675"/>
							<String ID="string_289" HPOS="695" VPOS="1489" WIDTH="100" HEIGHT="22" WC="0.93" CONTENT="sanoilla:"/><SP WIDTH="22" VPOS="1489" HPOS="795"/>
							<String ID="string_290" HPOS="817" VPOS="1488" WIDTH="86" HEIGHT="28" WC="0.87" CONTENT=",Valio-"/>
						</TextLine>
					</TextBlock>
				</ComposedBlock>
			</PrintSpace>
		</Page>
	</Layout>
</alto>
