1111 1778
280 113 184 26 Talonpoikaissääty
477 116 23 18 16
512 121 17 18 p.
542 116 85 19 Maalisk.
639 117 52 18 1894.
832 117 35 18 735

83 185 64 23 dessa
162 186 95 28 grunder
271 186 45 23 kan
329 187 38 28 jag
381 187 34 22 för
430 187 45 23 min
490 187 34 23 del
540 187 49 23 icke
604 188 115 28 godkänna
734 188 71 28 nägon
821 188 24 22 af
855 195 34 16 re-

82 216 171 27 servationerna,
272 218 52 20 utan
342 217 70 22 mäste
431 218 58 21 hälla
508 218 28 27 pä
554 218 254 22 utskottsbetänkandet.

151 246 50 21 Här
212 245 39 22 har
262 245 24 22 af
292 246 209 27 landtdagsmannen
509 247 87 22 Brusila
604 247 130 22 framhållits
742 248 102 21 hurusom
852 247 38 22 det

83 281 51 16 vore
149 275 107 22 riskabelt
270 277 35 20 att
320 276 50 21 dela
384 276 156 28 lägenheterna
555 277 7 21 i
577 277 25 21 sä
615 277 47 21 små
676 277 67 25 delar,
759 278 33 20 att
803 277 26 22 de
840 277 49 21 icke

81 305 72 22 kunde
167 306 78 26 utgöra
258 305 48 21 sina
320 305 115 28 utskylder
447 306 54 21 eller
515 308 33 20 att
563 307 26 20 de
605 307 48 21 med
666 307 34 20 ett
714 307 39 20 ord
764 307 66 27 sagdt
840 306 49 21 icke

81 334 74 22 kunna
166 334 64 22 sköta
241 335 39 27 sig.
301 334 70 23 Detta
382 337 25 20 är
417 341 26 16 en
454 335 166 27 omständighet,
630 342 45 15 som
683 341 43 22 nog
734 335 61 22 torde
803 335 87 28 reglera

81 363 35 29 sig
136 364 125 27 derigenom
280 365 35 21 att
335 370 26 16 en
381 364 61 28 dylik
457 365 103 27 lägenhet
575 366 68 21 under
658 365 83 21 sädana
757 365 131 27 omständig-

81 394 63 22 heter
165 393 102 28 öfvergär
282 393 34 22 till
331 394 70 28 nägon
417 394 25 21 af
454 400 124 22 grannarna
594 395 54 21 eller
662 394 72 28 nägon
749 400 78 21 annan,
844 401 46 15 som

80 423 44 23 kan
140 423 64 23 sköta
220 424 129 21 densamma.
371 436 24 3 —
410 424 157 28 Landtdagsm.
584 424 115 22 Meurman
715 424 39 22 har
769 424 121 22 framhällit

81 455 34 20 att
137 459 50 16 man
207 453 45 21 kan
271 453 74 28 ätnöja
365 453 34 28 sig
418 454 49 21 med
483 460 26 16 en
526 454 87 27 parcell,
629 460 35 15 om
678 460 49 16 man
742 454 50 22 icke
807 454 34 21 fär
856 456 34 20 ett

81 483 25 22 sä
125 483 50 21 litet
195 483 119 27 egostycke
334 483 99 22 utbrutet
451 490 77 20 genom
543 484 125 26 styckning,
684 489 45 16 som
744 490 49 16 man
809 484 79 22 önskar

80 513 39 27 sig.
151 512 50 22 Här
223 512 40 22 har
286 513 56 21 dock
366 512 142 28 landtdagsm.
533 514 127 26 Rosenberg
683 513 67 22 redan
769 513 120 22 framhållit

80 542 103 22 hurusom
199 542 109 27 parcellen
323 542 41 22 har
379 542 41 22 den
437 542 116 28 olägenhet
567 544 35 20 att
617 542 41 22 den
674 548 83 16 samma
771 542 48 22 stär
832 542 7 22 i
852 549 37 16 an-

79 578 52 16 svar
146 572 34 22 för
196 572 41 22 den
252 572 57 28 gäld,
326 578 45 15 som
385 572 72 22 hvilar
472 572 61 22 öfver
548 572 49 22 hela
612 572 136 28 lägenheten.
779 573 69 21 Detta
864 575 25 19 är

80 602 97 22 deremot
196 601 50 22 icke
264 602 63 21 fallet
341 602 49 22 med
405 603 34 21 ett
453 603 99 21 utbrutet
566 602 128 22 mantalsatt
709 602 106 27 hemman,
831 608 57 16 eme-

79 632 43 22 dan
142 631 49 23 med
212 631 122 22 detsamma
349 632 44 21 kan
409 631 103 28 lagfaras,
529 632 38 22 och
582 634 40 20 när
637 638 26 15 en
680 638 77 20 person
772 632 68 27 köper
854 634 34 20 ett

80 662 79 22 sädant
181 662 44 21 kan
247 661 43 22 han
312 661 104 28 antingen
435 662 116 27 öfvertaga
570 662 40 21 den
629 661 36 22 del
684 661 24 22 af
726 661 162 29 inteckningen,

80 697 45 16 som
140 691 88 27 belöper
244 691 34 28 sig
293 691 29 27 pä
337 691 61 22 detta
413 692 78 26 stycke
506 692 53 21 eller
574 692 67 21 ocksä
651 691 74 22 betala
735 692 153 21 motsvarande

80 721 35 22 del
130 721 25 22 af
168 720 161 28 inteckningen.
354 721 69 22 Detta
439 722 24 21 är
479 727 26 16 en
521 721 71 28 vigtig
607 721 86 21 skilnad
704 721 91 22 emellan
806 721 82 27 parcell

80 751 39 22 och
139 750 104 28 styckadt
261 751 99 21 hemman
375 751 40 21 och
430 751 40 21 har
486 751 119 22 detsamma
620 751 64 22 äfven
699 751 76 26 vällat,
792 751 34 21 att
840 757 50 21 par-

80 780 131 28 celleringen
226 779 49 23 icke
291 780 57 28 gjort
363 781 37 21 det
414 780 107 29 framsteg
534 787 49 16 man
594 782 77 21 väntat
682 780 33 28 sig
726 781 23 21 af
757 781 131 27 densamma,

79 812 26 26 ty
119 810 64 23 hvem
198 809 40 23 vill
253 810 27 27 pä
296 811 79 27 antydt
390 811 45 21 sätt
449 811 36 21 stä
501 810 7 22 i
518 810 106 23 beroende
635 811 24 22 af
668 817 26 15 en
705 816 78 16 annan.
806 811 84 22 Landt-

79 840 83 27 dagsm.
182 839 114 24 Meurman
315 840 41 22 har
374 840 76 22 vidare
468 840 120 22 framhällit
606 842 34 20 att
658 840 71 27 utsigt
747 840 46 22 helt
813 841 76 21 säkert

79 870 50 22 icke
149 870 69 22 finnes
238 872 34 19 att
290 869 77 23 vidare
385 869 22 22 fä
427 869 132 28 proposition
574 870 8 22 i
598 870 61 22 detta
674 870 80 21 ärende
770 871 119 21 ständerna

78 900 105 28 förelagd,
202 900 40 22 och
260 899 49 22 med
325 900 27 22 de
367 899 77 23 intima
459 900 117 22 relationer
592 906 45 16 som
652 900 143 27 landtdagsm.
813 900 75 22 Meur-

79 936 50 16 man
144 931 40 21 har
199 930 50 22 med
263 929 130 28 regeringen
409 930 79 22 tänker
503 929 36 29 jag
554 931 35 20 att
599 930 42 22 han
653 929 66 22 ocksä
730 931 25 20 är
765 929 36 22 väl
812 930 77 22 under-

79 960 76 21 rättad
173 959 8 22 i
200 959 62 22 detta
280 959 107 22 afseende.
419 960 54 21 Men
491 959 39 28 jag
548 961 46 20 tror
612 960 56 21 dock
686 961 35 20 att
739 960 72 21 denna
825 960 64 27 fråga

79 989 50 22 icke
143 990 45 21 kan
202 989 117 28 begrafvas
334 989 7 22 i
357 989 100 28 längden,
473 991 54 20 utan
542 989 108 28 möljligen
665 989 8 21 i
689 991 74 20 värsta
775 989 39 22 fall
824 989 65 28 högst

78 1019 35 22 för
131 1025 26 16 en
176 1019 107 28 landtdag
302 1019 54 22 eller
371 1019 44 28 tvä,
433 1019 39 22 och
486 1019 38 28 jag
539 1025 64 16 anser
618 1019 14 22 &
648 1019 68 22 andra
732 1019 63 22 sidan
811 1019 77 28 frägan

79 1049 50 22 icke
144 1049 25 21 sä
186 1049 76 27 vigtig,
278 1050 34 20 att
325 1049 39 27 jag
377 1049 35 22 för
428 1049 41 21 den
485 1049 57 22 skull
558 1049 70 22 skulle
643 1049 53 27 vilja
706 1049 122 27 öfvergifva
838 1049 50 21 dess

79 1078 160 28 grundprincip,
250 1078 34 22 för
294 1080 34 20 att
338 1084 30 16 nu
377 1078 24 22 fä
411 1078 78 28 själfva
499 1078 78 28 frägan
588 1079 91 27 igenom.
693 1091 25 3 —
731 1078 155 28 Landtdagsm.

79 1108 99 23 Oittinen
197 1108 41 22 har
257 1108 57 23 talat
334 1114 33 16 om
386 1108 149 23 förhällanden
555 1108 8 22 i
582 1109 95 27 Viborgs
698 1108 42 27 län,
759 1114 49 17 men
823 1108 66 23 dessa

78 1137 150 24 förhållanden
244 1138 62 22 torde
321 1138 66 22 också
403 1138 8 22 i
426 1139 79 28 många
520 1138 37 22 fall
572 1145 54 15 vara
641 1137 157 29 ekseptionella
813 1138 8 22 i
834 1138 54 28 jem-

79 1168 79 23 förelse
181 1168 48 22 med
251 1168 164 22 förhällandena
435 1168 8 21 i
462 1168 69 22 andra
551 1168 61 22 delar
631 1168 25 21 af
672 1168 81 27 landet,
769 1171 26 24 ty
810 1168 38 22 det
863 1170 25 20 är

79 1198 70 22 kändt
169 1199 35 21 att
221 1197 162 24 innevänarena
402 1198 8 21 i
428 1198 97 28 Viborgs
544 1198 36 21 län
599 1200 37 20 äro
656 1197 74 28 däliga
745 1198 143 27 jordbrukare

79 1228 40 22 och
135 1229 34 20 att
184 1227 27 22 de
227 1227 49 23 icke
292 1228 32 22 slä
340 1227 35 29 sig
389 1230 25 19 ut
429 1234 38 15 ens
483 1228 28 27 pä
527 1229 58 21 stora
601 1228 148 27 längenheter.

149 1258 37 21 Då
201 1257 71 22 denna
286 1258 137 27 bestämning
439 1257 24 22 af
477 1260 12 19 5
505 1257 103 22 hektarer
624 1257 53 22 eller
693 1257 70 22 denna
774 1257 115 22 inskränk-

79 1287 52 28 ning
149 1287 8 22 i
176 1287 145 28 styckningen
340 1287 109 22 dessutom
468 1287 85 22 komme
568 1289 34 20 att
617 1287 28 27 pä
660 1288 47 21 sätt
722 1287 40 22 och
778 1287 34 22 vis
828 1287 59 22 inne-

79 1318 54 21 bära
147 1323 28 16 en
190 1317 108 28 ätergäng
314 1317 48 22 frän
377 1317 57 22 hvad
449 1317 8 22 i
473 1317 153 28 förordningen
642 1317 24 21 af
680 1317 41 21 den
734 1319 9 18 1
756 1317 63 22 Mars
831 1318 57 21 1852

80 1349 25 20 är
128 1346 105 28 stadgadt
256 1346 135 23 beträffande
413 1346 177 28 frälselägenhet,
614 1352 45 16 som
683 1352 28 15 nu
733 1346 69 28 enligt
817 1346 71 22 denna

79 1376 127 27 förordning
224 1375 35 22 fär
279 1376 61 21 delas
359 1376 55 27 fritt,
435 1377 25 21 sä
481 1378 25 20 är
521 1376 63 22 äfven
600 1375 62 22 detta
678 1382 27 15 en
722 1375 166 28 omständighet,

79 1411 45 15 som
141 1405 117 27 härvidlag
272 1405 70 21 mäste
357 1407 64 25 tagas
436 1405 8 20 i
460 1405 152 21 betraktande.

150 1434 45 27 Jag
210 1433 71 23 måste
296 1434 28 26 pä
340 1434 44 21 alla
399 1433 64 22 dessa
479 1434 94 26 grunder
588 1433 88 22 förorda
690 1433 149 21 betänkandet
849 1433 39 21 och

80 1463 44 23 kan
139 1463 50 22 icke
204 1462 48 23 inse
267 1465 34 19 att
316 1463 89 22 ständet
419 1462 40 22 har
474 1463 68 27 nägot
556 1462 49 22 skäl
621 1464 35 20 att
671 1462 28 28 gä
715 1462 57 22 ifrän
788 1462 33 22 sin
838 1462 50 22 tidi-

80 1500 53 22 gare
148 1493 60 29 äsigt
222 1493 8 21 i
245 1493 82 29 frägan.
