1109 1775
266 110 184 24 Talonpoikaissääty
463 112 23 18 13
498 117 17 18 p.
528 112 84 18 Maalisk.
626 112 52 18 1894.
828 111 35 19 695

77 182 183 22 folkskolläraren
281 184 65 25 4,000
366 182 34 22 för
418 185 95 25 presten.
544 183 53 22 Med
613 182 117 28 anledning
745 182 64 22 deraf
822 189 65 15 anser

76 212 38 28 jag
134 213 34 21 att
189 212 37 21 det
246 212 48 21 icke
313 212 35 22 för
362 214 136 21 närvarande
515 213 39 22 bör
569 212 157 28 ifrågakomma
741 213 71 27 någon
828 213 58 21 löne-

77 241 123 28 förhöjning
215 242 25 20 åt
254 242 203 22 folkskollärarena.

148 271 46 27 Jag
214 272 38 20 ber
272 273 57 20 ännu
345 274 34 19 att
394 272 22 21 få
431 272 76 22 anföra
522 274 34 20 ett
571 272 97 27 exempel
683 271 49 22 från
747 272 43 21 min
806 278 80 21 grann-

78 300 86 22 socken.
194 301 49 20 Der
260 300 69 22 finnes
349 307 27 15 en
391 301 166 22 folkskollärare
573 301 110 28 utgången
698 301 49 21 från
763 303 33 19 ett
811 301 77 28 fattigt

78 331 55 24 hem,
157 329 130 23 tillhörande
310 330 26 22 de
356 330 70 23 första
446 337 44 16 som
510 331 90 28 utgingo
618 331 48 22 från
682 330 129 28 Nykarleby
826 331 62 22 semi-

78 360 89 21 narium.
200 360 52 21 Han
272 359 56 22 hade
348 360 62 27 först,
429 361 98 28 omkring
548 363 25 19 10
592 361 32 26 år,
640 360 78 22 endast
734 362 49 25 600,
799 366 89 17 numera

78 390 40 21 har
140 389 43 22 han
206 391 42 20 800
269 389 62 22 mark
350 390 8 21 i
379 390 42 22 lön.
452 390 64 22 Hans
534 391 76 22 hustru
628 390 64 22 födde
708 390 7 21 i
731 390 57 22 sista
803 390 85 22 vintras

78 419 24 22 åt
123 419 76 22 honom
220 419 38 22 det
278 419 64 22 tolfte
362 420 84 27 barnet,
462 420 80 22 hvaraf
555 422 12 19 9
584 420 64 22 lefva.
679 419 46 22 Det
740 420 93 21 oaktadt
848 420 40 21 har

78 455 92 16 mannen
193 449 7 21 i
222 449 64 27 fråga
309 449 119 28 penningar
448 450 110 22 utlånade.
590 450 52 21 Men
663 449 38 22 det
721 451 25 20 är
766 451 59 20 sant:
844 449 44 22 han

78 478 118 28 uppträder
218 478 50 22 icke
291 479 7 21 i
322 478 62 22 frack
408 479 39 21 och
470 479 61 22 hvita
553 479 117 22 handskar.
702 479 45 22 Det
768 479 70 22 finnes
861 485 27 16 en

79 514 71 15 annan
171 508 167 22 folkskollärare
358 509 8 20 i
385 509 111 27 närheten,
513 509 89 22 hvilken
617 510 40 21 har
675 510 63 25 1,200
754 509 62 21 mark
831 509 8 21 i
854 509 36 21 lön

79 538 39 22 och
133 537 57 22 blott
205 540 33 19 ett
254 538 59 22 barn.
345 538 79 22 Denna
440 539 47 21 står
503 539 119 22 emellertid
638 539 7 21 i
660 538 99 28 betydlig
775 538 64 22 skuld
854 538 35 22 till

80 567 40 22 den
135 567 63 22 förre.
226 568 70 21 Detta
311 568 97 27 exempel
423 568 60 22 visar
498 571 35 20 att
548 569 41 22 den
605 574 132 23 sparsamme
751 569 43 21 kan
806 569 84 21 komma

78 598 97 22 tillrätta
190 597 66 23 äfven
271 598 48 22 med
334 598 27 22 de
377 598 126 23 nuvarande
519 599 98 26 lönerna;
633 604 48 16 men
696 598 42 22 den
754 604 45 16 som
814 598 20 28 ej
844 598 45 22 kan

80 634 73 22 spara,
170 628 95 21 kommer
280 628 20 27 ej
316 628 34 21 till
366 630 67 24 rätta,
449 634 32 16 om
499 629 42 21 han
558 630 27 20 än
600 628 56 28 finge
676 630 77 25 10,000
768 628 70 22 mark.

149 658 115 22 Edusmies
280 657 102 23 Starcke:
401 658 35 22 En
455 658 54 22 hvar
525 659 69 21 måste
610 658 35 22 väl
661 658 110 28 medgifva
786 660 34 19 att
835 658 55 21 folk-

80 687 150 23 skollärarens
246 688 39 21 och
300 688 138 22 lärarinnans
454 688 45 22 kall
510 689 7 21 i
528 688 118 22 allmänhet
656 690 24 19 är
692 689 64 26 tungt
766 688 40 21 och
817 688 72 22 mödo-

80 719 63 20 samt.
175 717 111 22 Särskilät
308 718 69 21 måste
397 718 143 22 lärarekallet
558 718 14 21 å
587 717 149 28 landsbygden
752 717 84 22 kännas
852 718 37 20 be-

80 747 118 27 tungande,
222 747 28 21 då
273 747 46 22 ofta
342 753 42 22 nog
407 754 26 15 en
456 747 72 23 lärare
551 750 25 19 är
599 749 97 26 tvungen
718 749 34 20 att
776 747 115 27 samtidigt

80 777 118 22 undervisa
222 778 27 20 50
272 776 80 28 elever,
376 777 112 22 fördelade
511 777 27 27 på
561 779 14 19 4
599 777 109 22 särskilda
731 776 87 22 klasser
837 776 54 22 eller

81 806 183 28 årsafdelningar.
296 806 52 22 Men
371 806 69 22 kallet
463 809 25 19 är
508 807 24 22 så
551 807 89 27 mycket
658 806 169 22 mödosammare
845 812 46 16 som

80 837 70 27 lönen,
173 836 8 22 i
204 836 108 22 anseende
332 836 33 22 till
386 837 126 22 nuvarande
530 837 150 22 förhållanden
700 837 40 21 och
758 843 44 21 nya
820 836 70 28 behof,

80 869 26 19 är
128 867 64 27 ringa
212 866 39 22 och
272 866 139 28 otillräcklig,
430 867 26 22 så
474 869 34 20 att
524 866 200 28 lärarepersonalen
739 866 70 23 lefver
823 866 68 22 under

81 897 66 22 svåra
162 896 142 22 ekonomiska
318 896 132 28 bekymmer.

151 926 41 23 Om
213 926 41 22 ock
274 932 27 16 en
321 926 39 22 och
379 933 71 15 annan
466 926 89 23 medlem
571 927 24 22 af
607 927 69 21 kåren
692 928 24 20 är
731 927 74 21 bättre
820 926 71 22 lottad

81 957 8 21 i
108 956 136 22 ekonomiskt
262 956 125 22 hänseende
402 957 39 21 och
457 956 74 22 därför
546 957 63 21 lönen
624 957 44 21 kan
684 962 64 16 anses
764 955 126 29 tillräcklig,

81 986 25 22 så
129 988 25 20 är
177 986 62 22 detta
261 986 63 28 långt
344 985 58 23 ifrån
422 986 63 22 fallet
504 986 47 23 med
571 987 38 21 det
628 988 60 21 stora
703 985 102 23 flertalet.
837 985 54 23 Man

81 1016 63 22 torde
166 1015 49 22 icke
238 1016 68 22 häller
325 1016 73 22 kunna
418 1019 53 25 taga
489 1016 34 22 för
541 1017 82 26 säkert,
639 1018 36 20 att
690 1016 202 27 lärarepersonalen

82 1045 64 22 alltid
161 1046 41 21 har
217 1048 35 19 att
267 1046 71 21 räkna
352 1046 30 27 på
396 1046 106 27 frivilliga
517 1046 79 27 bidrag
606 1045 24 22 af
637 1045 163 22 medlidsamma
810 1045 81 22 männi-

82 1075 59 28 skor,
160 1081 45 16 som
225 1082 27 15 en
270 1075 91 22 medlem
376 1075 24 22 af
413 1077 33 20 ett
462 1077 67 20 annat
544 1076 65 21 stånd
624 1076 68 27 vågat
707 1075 71 28 påstå.
810 1075 82 27 Dylika

82 1105 105 27 frivilliga
210 1105 82 28 gåfvor,
313 1105 76 22 hvilka
409 1105 64 22 äfven
491 1105 64 28 lagen
573 1105 115 28 förbjuder,
704 1105 70 22 måste
790 1105 52 22 höra
858 1105 34 22 till

84 1135 26 22 de
129 1137 57 20 mest
206 1135 108 27 sällsynta
332 1135 118 28 undantag.
481 1135 27 28 Ej
525 1135 69 22 häller
609 1137 47 20 tror
668 1135 44 28 jag,
730 1135 24 21 af
768 1134 52 22 flere
836 1134 55 24 skäl,

83 1166 35 21 att
137 1165 76 27 dylika
232 1165 100 22 allmosor
347 1165 8 22 i
371 1164 67 28 öfrigt
454 1171 51 16 vore
520 1167 34 19 att
570 1165 182 22 rekommendera.
782 1164 43 23 Till
840 1164 53 28 följd

83 1194 25 23 af
128 1195 41 22 den
189 1195 127 22 nuvarande
336 1195 88 27 knappa
443 1195 124 27 aflöningen
584 1198 25 18 är
624 1195 201 27 lärarepersonalen
840 1194 52 22 nöd-

84 1225 76 27 sakad,
180 1226 41 26 att,
237 1225 25 21 så
277 1225 49 22 vidt
340 1225 90 27 möjligt,
446 1225 56 21 söka
517 1225 69 22 skaffa
602 1225 34 27 sig
651 1224 115 22 allehanda
780 1224 112 28 bisysslor,

83 1255 77 22 hvilka
178 1255 48 21 åter
242 1256 38 20 äro
295 1255 7 21 i
318 1254 43 28 hög
376 1255 55 27 grad
447 1254 125 23 hämmande
587 1254 35 22 för
637 1254 37 22 det
690 1254 112 28 egentliga
817 1254 75 26 kallet,

84 1284 33 22 för
136 1284 85 23 hvilket
237 1284 43 22 alla
296 1284 86 22 krafter
397 1285 87 27 mycket
500 1284 36 22 väl
551 1284 90 22 behöfde
657 1284 115 27 uppoffras.
803 1284 35 21 En
854 1284 40 21 och

85 1320 72 16 annan
173 1314 62 21 torde
252 1314 35 22 väl
298 1320 63 16 mena
372 1316 34 20 att
416 1314 201 28 lärarepersonalen
627 1314 68 22 under
706 1314 188 22 sommarferierna

84 1344 40 22 har
146 1343 100 27 lämpligt
260 1343 87 22 tillfälle
363 1346 34 19 att
412 1344 72 26 syssla
500 1343 47 23 med
562 1343 154 28 biförtjenster.
747 1343 107 22 Faktiskt
869 1344 25 20 är

85 1373 41 22 ock
145 1374 35 21 att
198 1374 92 26 mången
310 1375 39 25 gör
365 1373 67 22 detta.
464 1373 53 22 Men
532 1373 38 21 det
585 1375 25 19 är
622 1373 24 27 ju
662 1373 48 21 icke
726 1373 14 21 å
755 1372 44 22 alla
814 1372 80 22 ställen

85 1402 94 27 tillgång
202 1403 28 25 på
250 1402 32 21 för
302 1403 142 20 lärarekåren
463 1402 103 27 lämpliga
585 1402 115 26 bisysslor;
722 1402 122 20 allraminst
861 1401 33 21 för

86 1431 44 21 alla
152 1432 73 20 lärare
248 1432 40 20 och
310 1431 123 21 lärarinnor
452 1431 56 21 inom
529 1436 81 16 samma
628 1431 106 21 kommun.
765 1431 46 21 För
828 1430 68 27 öfrigt

86 1460 68 22 borde
180 1460 187 22 sommarferierna
389 1460 25 21 af
434 1460 140 22 lärarekåren
598 1460 112 21 användas
733 1460 35 21 till
790 1460 105 21 fortsatta

87 1490 85 23 studier
194 1490 39 22 och
257 1490 133 28 utvidgande
413 1490 23 21 af
456 1489 132 28 kunskaper,
612 1489 110 23 äfvensom
742 1489 111 22 samlande
873 1489 25 22 af
