1114 1784
252 118 35 18 836
429 117 186 23 Talonpoikaissääty
627 118 22 17 31
662 123 18 17 p.
692 117 86 19 Maalisk.
791 117 52 18 1894.

229 189 86 21 komma
331 189 34 27 sig
381 188 34 21 till
431 194 26 15 en
473 188 94 22 inkomst
583 188 24 22 af
621 188 79 26 många
715 189 103 26 miljoner.
848 188 58 21 Lilla
921 188 121 25 Danmark,

229 224 45 15 som
290 218 57 21 hvad
363 217 153 27 folkmängden
532 218 105 21 beträffar
652 220 25 18 är
691 219 34 19 att
736 217 111 21 likställas
858 217 48 21 med
918 216 54 22 värd
983 216 58 27 land,

229 247 40 22 har
284 247 57 22 inom
357 247 69 27 några
441 247 23 21 få
480 247 25 21 är
520 247 121 27 uppdrifvit
657 247 33 20 sin
707 246 138 22 hönsskötsel
861 247 39 21 och
916 247 78 26 export
1009 246 32 27 sä,

229 278 35 20 att
283 277 41 22 den
340 283 28 15 nu
384 279 165 24 representerar
564 283 26 15 en
607 283 88 20 summa,
711 283 46 15 som
773 279 122 19 motsvarar
911 275 27 29 ?/s
955 275 24 22 af
993 276 49 21 hela

230 306 40 22 vär
281 308 141 25 smörexport.
446 307 85 20 Likasä
541 306 147 28 ädagalägger
700 306 145 27 petitionären
856 312 77 21 genom
945 305 97 28 exempel

228 336 49 21 frän
300 337 80 26 mänga
404 336 68 21 andra
494 336 82 27 länder,
597 336 28 21 bl.
647 343 18 14 a.
688 335 48 22 frän
756 335 120 28 Ryssland,
893 341 43 16 som
953 335 89 23 äfven
1028 331 17 37 i

229 366 79 27 många
323 365 62 22 delar
401 365 7 21 i
423 365 175 28 klimatologiskt
613 365 123 22 hänseende
751 366 44 20 kan
811 365 111 22 likställas
933 365 48 22 med
992 365 51 22 vårt

229 395 58 27 land,
308 395 76 22 hvilka
404 395 106 27 ofantliga
530 401 93 16 summor
643 401 27 15 en
691 395 24 21 sä
736 395 54 21 liten
806 395 83 22 ansedd
904 394 79 28 näring
997 395 44 21 kan

229 424 107 29 inbringa.
369 425 45 21 Det
434 427 25 19 är
479 425 8 20 i
507 425 117 26 synnerhet
644 424 24 21 af
686 425 26 20 de
733 425 83 21 mindre
834 424 126 22 bemedlade
976 424 66 21 bland

229 454 68 22 folket
321 461 44 15 som
387 454 70 22 denna
478 455 78 28 näring
576 455 48 21 med
643 456 46 19 stor
708 454 69 22 fördel
793 454 70 22 skulle
879 455 74 20 kunna
969 454 72 27 idkas,

229 490 33 16 om
278 485 27 21 de
320 484 58 22 blott
393 485 57 26 finge
466 484 53 21 reda
535 485 27 26 pä
578 485 54 21 huru
644 484 25 21 de
681 484 62 21 skola
755 484 90 21 tillreda
855 483 76 28 billiga
941 485 102 26 surrogat

230 514 33 21 till
279 514 50 21 föda
344 513 33 22 för
393 513 133 28 hönsfägeln,
543 515 33 20 för
592 516 34 19 att
641 513 48 22 icke
706 514 49 21 dess
767 513 114 22 underhåll
892 513 71 22 skulle
974 513 68 22 blifva

229 543 33 23 för
285 544 57 27 dyrt.
375 544 68 21 Detta
467 546 24 19 är
511 550 28 16 nu
560 544 48 22 hela
627 549 96 16 summan
739 543 24 22 af
777 544 74 21 saken.
884 543 118 22 Dessutom
1017 545 26 20 är

229 573 37 22 det
281 574 22 21 få
318 573 109 28 näringar,
445 580 44 15 som
505 574 99 21 erfordra
620 575 32 20 ett
668 573 25 22 sä
706 573 90 22 relativt
813 573 51 22 litet
873 573 169 28 förlagskapital

229 609 44 16 som
289 603 78 22 denna.
392 603 131 28 Isynnerhet
539 604 7 21 i
561 604 51 21 värt
627 603 58 27 land,
701 603 38 22 der
755 603 81 22 froster
851 603 46 22 ofta
910 603 68 28 härja,
991 609 50 16 vore

230 634 43 26 det,
289 633 68 28 enligt
373 633 43 22 min
432 633 93 28 mening,
541 633 24 22 af
578 635 82 20 största
676 633 48 27 vigt
736 635 33 20 att
782 633 38 23 vid
829 633 129 28 jordbruket
968 633 74 22 kunna

229 663 59 21 fästa
311 663 134 27 binäringar,
469 669 43 15 som
535 663 7 21 i
567 663 68 21 andra
656 663 83 27 länder,
760 663 91 27 ungefär
871 663 107 21 likstälda
994 663 48 21 med

229 693 51 22 vårt
295 693 57 26 land,
368 693 65 21 hafva
449 692 58 22 visat
522 693 34 27 sig
567 693 24 21 sä
602 692 143 28 inbringande
757 698 44 16 som
813 693 42 21 den
866 692 175 28 ifrågavarande.

299 722 34 22 Af
350 723 27 21 de
397 722 49 22 skäl
459 722 38 28 jag
513 729 28 15 nu
556 722 119 22 framhällit
689 722 111 22 förkastar
813 722 38 28 jag
867 723 176 21 utskottsbetän-

228 752 84 22 kandet
327 752 39 22 och
383 752 99 22 biträder
497 752 157 28 petitionärens
670 752 87 27 förslag.

299 782 46 28 Jag
368 782 85 22 erinrar
472 782 45 28 mig
534 782 67 27 lifligt
621 782 40 22 vär
677 782 216 27 ladugärdsskötsels
908 782 135 27 ständpunkt

228 812 28 27 pä
271 812 84 22 femtio-
370 812 39 21 och
425 814 57 20 ännu
497 812 52 27 inpå
564 812 134 22 sextiotalet.
722 812 36 21 Då
774 812 69 28 ansåg
854 818 49 16 man
914 812 128 28 ladugärds-

229 842 100 22 skötseln
350 848 45 16 som
415 843 34 20 ett
468 842 135 27 nödvändigt
623 842 59 26 ondt,
699 842 38 21 och
753 842 66 22 äfven
835 842 28 26 pä
879 842 72 22 bättre
968 842 75 22 skötta

228 872 82 27 gårdar
325 878 40 16 var
381 878 48 15 man
445 872 50 27 nöjd
511 872 47 21 med
574 874 33 20 att
622 872 22 21 få
660 873 33 20 ett
709 878 40 21 par
763 871 87 28 lispund
864 874 57 20 smör
935 872 25 22 af
967 872 76 28 hvarje

228 903 35 22 ko.
295 902 70 22 Detta
380 908 41 15 var
437 902 32 21 alt
485 908 45 15 som
546 901 28 22 dä
589 901 124 27 fordrades;
729 909 30 14 nu
775 904 24 19 är
816 902 37 21 det
867 902 24 28 ju
906 902 46 21 helt
967 905 75 20 annat.

229 932 53 22 Med
297 938 29 16 nu
341 931 169 28 ifrägavarande
525 931 79 28 näring
619 932 44 21 kan
679 931 44 28 det,
740 932 71 21 säsom
825 931 38 28 jag
878 932 68 21 redan
957 932 84 27 antydt,

228 961 69 22 blifva
321 968 82 15 samma
425 961 146 26 förhällande;
592 963 53 20 utan
665 963 34 20 att
719 961 70 28 nägra
810 963 70 20 större
899 968 94 15 summor
1008 969 33 14 er-

229 991 85 22 fordras
334 991 73 22 kunde
426 991 21 22 vi
469 991 84 22 komma
573 997 36 16 oss
625 991 34 22 till
675 992 33 21 ett
723 991 109 27 uppsving
847 991 8 22 i
871 991 72 22 denna
957 992 85 27 näring,

229 1027 46 16 som
291 1021 33 22 als
339 1021 50 21 icke
405 1027 52 15 vore
473 1023 34 19 att
522 1021 86 22 förbise.

299 1051 116 22 Edusmies
439 1051 102 22 Fellman:
564 1050 154 24 Valiokunnan
741 1050 118 22 mietinnön
882 1051 91 22 suhteen
994 1051 49 22 olen

229 1087 74 16 samaa
326 1080 75 22 mieltä
424 1080 52 22 kuin
500 1081 81 21 edusm.
604 1080 108 27 Konkola,
731 1081 71 20 mutta
820 1080 57 22 minä
893 1087 26 14 en
935 1081 108 22 suinkaan

229 1111 35 21 voi
287 1111 123 21 kannattaa
433 1110 57 21 enkä
512 1111 115 26 hyväksyä
650 1110 44 21 sitä
717 1110 198 27 esiintymistapaa,
934 1110 47 27 jota
1000 1111 43 21 hän

228 1139 80 28 käytti.
332 1139 144 22 Päinvastoin
493 1139 71 23 minun
581 1141 78 26 täytyy
675 1146 72 20 panna
759 1140 82 27 jyrkkä
852 1140 126 22 vastalause
989 1146 54 16 sem-

229 1170 78 21 moista
323 1169 189 27 esiintymistapaa
527 1171 99 20 vastaan.

299 1198 116 22 Edusmies
431 1198 104 24 Oittinen:
552 1199 63 21 Minä
631 1204 26 16 en
673 1198 120 28 myöskään
809 1199 48 21 olisi
873 1198 106 28 toivonut,
995 1201 48 20 että

228 1229 61 21 tämä
315 1228 105 28 kysymys
444 1228 50 21 olisi
516 1228 67 22 tullut
605 1227 50 22 näin
680 1228 177 27 pintapuolisesti
880 1228 163 23 tarkastetuksi

228 1258 170 22 valiokunnassa
415 1258 24 26 ja
459 1257 57 22 vielä
536 1258 107 27 säädyssä
662 1258 139 26 leikillisesti,
823 1258 86 27 vieläpä
925 1258 117 22 ivallisesti

227 1287 146 27 käsitellyksi.
401 1287 78 22 Onhan
495 1289 59 20 tämä
569 1288 112 26 kysymys,
696 1288 34 26 jos
744 1287 95 27 mikään,
850 1288 193 22 kansataloudelli-

227 1323 43 14 nen
290 1316 147 27 laajimmassa
457 1317 180 26 merkityksessä.
668 1317 142 21 Kananhoito
829 1317 82 21 kuuluu
927 1318 115 20 alemmille

227 1345 181 27 kansanluokille,
429 1345 24 27 ja
475 1345 79 21 näiden
578 1346 84 20 kansan
687 1345 116 22 kerrosten
825 1346 67 26 hyvin
916 1346 126 22 vointiahan

228 1374 114 22 kuitenkin
358 1374 117 22 koetetaan
492 1376 75 20 auttaa
583 1374 83 22 tavalla
682 1374 31 21 tai
728 1374 94 23 toisella.
845 1375 53 22 Kun
909 1376 133 21 kananhoito

227 1404 68 28 hyvin
319 1404 93 28 edistyy,
436 1404 45 21 niin
501 1404 116 27 köyhempi
637 1404 71 22 kansa
727 1404 84 28 hyötyy
831 1404 52 22 siitä
899 1405 70 27 ensin,
985 1412 57 15 vaan

227 1434 61 28 kyllä
303 1434 126 22 varakkaat
442 1434 23 26 ja
480 1434 137 22 herkkusuut
631 1434 52 22 siitä
699 1436 60 25 myös
774 1434 86 23 tulevat
871 1441 79 16 osansa
958 1435 24 27 ja
993 1442 48 20 par-

226 1464 57 22 haan
304 1464 64 26 palan
387 1470 109 16 saamaan.
529 1464 113 27 Kysymys
662 1464 83 21 koskee
761 1464 39 22 siis
816 1464 54 22 sekä
885 1465 96 21 alhaista
996 1467 46 21 että

226 1493 97 29 ylhäistä
342 1499 148 17 maassamme.
521 1493 212 28 Anomuksentekijä
753 1496 84 26 pyytää
857 1494 115 29 alkuansa,
993 1497 47 21 että
