1128 1798
252 116 47 18 1118
431 116 186 23 Talonpoikaissääty
629 116 22 19 21
664 122 18 17 p.
693 115 79 20 Huhtik.
785 116 52 18 1894.

228 187 100 23 liikkuisi
351 187 96 23 Savossa
468 188 23 27 ja
513 187 138 28 Karjalassa,
675 187 45 22 niin
742 187 43 22 hän
808 186 61 28 kyllä
891 186 55 22 saisi
965 186 74 22 kuulla

228 218 75 21 tämän
326 217 62 22 usian
411 217 85 22 miehen
519 219 82 25 suusta,
622 218 24 27 ja
665 217 56 22 minä
740 216 47 22 olen
807 217 85 21 kansan
910 216 130 28 edustajana

229 247 106 22 katsonut
350 246 220 23 velvollisuudekseni
585 248 68 21 tuoda
667 248 73 20 tämän
754 246 61 22 esille
826 246 52 22 siltä
889 246 93 27 varalta,
993 247 47 21 että

229 276 180 24 vastaisuudessa.
425 276 98 23 sellaista
537 277 156 22 kartettaisiin.

298 306 116 23 Edusmies
434 306 102 24 Caströn:
552 307 61 22 Siinä
628 306 127 28 hupaisessa
768 306 125 28 juttelussa,
906 306 68 28 jonka
990 308 49 20 eräs

229 336 216 23 valtiovaliokunnan
464 337 69 27 jäsen,
554 337 81 22 edusm.
651 336 122 27 Meurman,
789 336 70 22 täällä
874 336 47 27 piti,
936 336 103 22 kiinnitin

230 367 59 21 minä
304 366 109 23 huomioni
428 368 105 20 erääseen
548 366 141 27 lauselmaan,
703 366 67 28 jonka
785 366 58 22 minä
859 366 46 22 olen
917 366 122 22 vastaisuu-

230 397 42 21 den
291 396 84 23 varalle
391 397 90 21 sanasta
497 402 83 16 sanaan
595 396 97 22 muistiin
708 396 146 28 kirjoittanut,
870 396 70 21 koska
956 402 24 15 se
994 396 45 22 lau-

229 426 68 22 selma
317 426 92 22 sisältää
429 426 110 22 kultaisen
559 426 112 23 totuuden.
700 426 69 22 Tämä
784 426 105 21 lauselma
904 424 84 23 kuului:
1006 425 34 28 ei

228 456 52 27 pidä
300 456 97 22 sokeasti
414 455 85 23 luottaa
513 456 152 27 hallitukseen,
681 456 49 22 sillä
745 455 89 23 hallitus
850 455 20 22 ei
885 456 35 21 voi
935 455 105 23 kummin-

228 486 59 22 kaan
307 486 156 27 holhojatointa
478 486 145 22 kelvollisesti
638 486 107 28 täyttää.*
778 485 80 23 Näistä
872 484 168 23 miehuullisista

228 515 103 29 sanoista,
345 516 62 28 jotka
423 515 56 23 tosin
495 516 61 22 eivät
570 516 33 22 ole
619 515 168 28 sopusoinnussa
803 516 80 22 edusm.
901 515 138 23 Meurmanin

228 552 64 16 muun
315 546 121 22 lausunnon
458 546 90 27 kanssa,
571 546 86 28 pyydän
680 546 58 22 minä
760 546 77 22 lausua
860 546 82 22 edusm.
965 546 74 22 Meur-

229 576 87 22 manille
332 575 125 23 kiitokseni.

299 606 116 22 Edusmies
432 606 122 23 Ehrström:
571 606 43 22 Att
628 606 111 28 disputera
750 605 48 23 med
809 605 145 28 landtdagsm.
966 605 73 23 Meur-

228 642 51 16 man
301 638 25 19 är
348 635 93 28 fåfängt,
456 637 26 26 ty
500 636 42 22 han
561 636 40 22 har
619 636 63 22 alltid
701 635 62 22 siffor
781 636 40 21 och
836 635 63 22 fakta
914 636 35 21 till
964 635 75 23 hands.

229 665 117 23 Huruvida
361 665 65 23 dessa
441 665 68 23 sedan
525 665 58 23 hälla
598 666 75 22 sträck
686 666 54 21 eller
750 666 50 22 icke
810 665 83 22 lemnar
901 665 39 28 jag
950 665 88 23 derhän.

229 695 30 23 Sä
275 696 40 22 har
331 696 42 21 han
388 695 41 22 här
444 695 86 28 pästätt
545 697 34 21 att
595 696 68 22 under
680 697 115 21 1867—68
808 696 108 27 styrelsen
926 696 50 22 icke
987 702 53 21 upp-

228 725 55 28 köpt
301 725 72 28 nägon
394 725 47 28 räg,
461 725 88 23 likvisst
569 726 57 22 skall
642 726 38 27 jag
695 726 7 21 i
718 725 63 23 detta
797 725 102 23 afseende
914 725 76 23 kunna
1005 726 35 22 stä

229 755 77 23 honom
329 755 35 22 till
387 755 67 28 tjenst
477 756 48 21 med
544 756 110 27 uppgifter
674 755 24 22 af
713 755 53 23 flere
781 762 110 21 personer,
908 762 45 15 som
969 755 71 23 denna

228 785 34 22 tid
277 785 61 23 sälde
353 785 42 28 räg
410 785 23 22 ät
449 785 109 28 styrelsen
574 786 34 22 till
623 786 84 27 utsäde,
723 786 39 22 och
777 785 73 23 likasä
861 787 25 20 är
896 785 37 23 det
944 786 96 22 faktiskt

228 817 36 20 att
279 816 39 22 der
333 815 104 23 utländsk
452 815 41 28 råg
508 815 49 23 icke
572 816 49 22 kom
637 815 35 23 till
682 815 147 29 användning,
841 816 38 22 der
889 815 47 23 blef
946 816 94 22 skörden

227 846 81 27 bättre,
330 852 33 16 om
387 845 65 23 också
475 846 82 22 sädden
580 846 139 23 verkstäldes
743 846 68 28 något
832 852 85 17 senare.
954 846 85 23 Landt-

229 875 81 29 dagsm.
332 876 115 22 Meurman
467 876 41 22 har
527 876 41 23 ock
587 878 74 21 ansett
680 877 38 21 det
736 883 54 16 vara
805 876 94 23 enhvars
914 876 126 29 skyldighet

229 908 35 20 att
283 912 24 16 se
327 906 35 22 till
381 907 36 21 att
436 906 43 22 han
499 906 40 22 har
558 907 83 22 utsäde.
673 907 45 21 Det
738 913 51 17 vore
809 906 57 23 visst
884 908 40 21 bra
940 913 33 16 om
989 907 51 23 värt

228 936 45 22 folk
296 936 56 22 hade
376 936 69 22 sädan
462 936 97 28 förmäga
577 938 36 20 att
628 937 39 22 det
684 936 72 22 kunde
776 937 69 22 detta.
876 937 41 22 Om
932 937 108 22 missväxt

228 966 50 22 icke
299 966 71 22 skulle
389 966 92 22 inträffa
501 966 26 22 sä
546 966 51 28 ofta,
617 969 25 20 är
657 966 37 23 det
710 967 36 21 väl
761 967 84 28 möjligt
860 968 35 20 att
909 966 131 23 ätminstone

229 997 34 21 ett
277 997 72 21 större
365 996 60 22 antal
438 996 144 28 jordbrukare
598 997 67 23 också
680 996 70 23 skulle
765 998 55 26 göra
835 996 43 28 det,
889 1003 48 16 men
946 997 38 28 jag
994 999 46 20 tror

228 1025 122 23 emellertid
370 1028 34 20 att
422 1026 36 22 det
474 1028 25 20 är
515 1033 27 15 en
557 1026 83 22 chimär
655 1028 35 21 att
704 1027 83 27 hoppas
803 1027 68 27 detta,
887 1027 90 22 emedan
993 1026 47 23 ofta

227 1056 52 22 flere
295 1056 134 22 missväxtår
443 1056 52 28 följa
509 1056 29 27 pä
553 1056 131 27 hvarandra,
700 1057 39 21 och
756 1056 71 22 såsom
835 1057 39 28 jag
884 1057 67 22 redan
962 1057 78 22 nämde

228 1092 41 16 var
294 1088 55 20 1893
369 1085 66 23 också
452 1085 9 22 i
480 1086 60 22 vissa
557 1086 88 22 trakter
663 1088 32 20 ett
710 1086 132 28 fullkomligt
856 1087 75 22 nödår.
963 1086 77 23 Såsom

227 1115 63 23 bevis
306 1116 28 27 på
350 1115 63 23 detta
426 1116 35 22 må
475 1116 38 28 jag
523 1118 79 20 nämna
612 1118 35 20 att
658 1116 37 22 det
706 1118 16 21 t.
733 1123 33 16 ex.
783 1116 3 22 i
796 1116 89 28 Lampis
896 1116 48 23 fans
954 1117 85 28 många,

229 1152 46 16 som
291 1145 39 23 det
345 1145 49 22 året
409 1146 109 22 skördade
533 1146 98 22 hvarken
647 1147 41 27 råg
703 1146 53 23 eller
772 1148 94 26 potäter.

299 1175 116 23 Edusmies
435 1176 121 28 Leppänen:
571 1176 54 22 Kun
640 1176 80 22 edusm.
736 1176 121 28 Landgrén
872 1183 27 15 on
914 1177 126 22 lausunnos-

228 1210 54 17 saan
305 1205 127 27 maininnut,
455 1208 48 19 että
521 1206 170 27 Karjalassakin
710 1212 27 16 on
756 1206 89 28 yleensä
863 1206 107 22 kuulunut
985 1207 54 22 vali-

227 1236 62 20 tusta
311 1234 115 22 hallitusta
447 1236 93 21 vastaan
562 1236 149 28 siemenviljan
734 1236 145 26 ostamisesta,
900 1236 46 22 niin
964 1236 76 22 mikäli

227 1264 58 22 minä
307 1265 82 21 tunnen
411 1265 109 27 Karjalan
543 1265 61 28 oloja,
628 1272 26 16 en
678 1265 35 23 voi
731 1266 71 22 hänen
819 1266 145 22 lausuntoaan
983 1266 57 22 siinä

227 1294 86 22 kohden
339 1294 60 28 pitää
422 1294 197 24 asianmukaisena.
659 1295 144 23 Päinvastoin
826 1296 69 22 olivat
917 1296 122 27 Karjalaan

227 1324 78 22 tuodut
319 1324 151 22 siemenrukiit
485 1325 139 27 vaasalaisia,
633 1325 56 27 joita
699 1325 79 26 nytkin
789 1325 58 22 vielä
857 1325 103 27 pidetään
968 1326 72 26 paljoa

227 1352 126 27 parempina
372 1352 53 22 kuin
445 1353 188 27 paikkakunnalla
653 1354 138 22 kasvaneita.
822 1354 65 22 Sama
902 1354 30 22 oli
947 1354 93 22 kaurain

226 1382 65 26 laita;
316 1382 129 22 ainoastaan
463 1382 73 22 otrain
554 1382 111 28 siemenet,
682 1383 62 27 jotka
760 1383 69 23 olivat
845 1383 132 23 ulkomaalta
992 1385 48 21 tuo-

227 1411 54 28 tuja,
297 1411 60 22 eivät
373 1412 124 21 tuottaneet
513 1411 66 28 hyviä
594 1412 101 23 tuloksia.

297 1441 116 23 Edusmies
428 1441 70 24 Aulin:
514 1442 62 23 Minä
591 1449 27 16 en
629 1444 109 27 pyytänyt
749 1443 166 27 puheenvuoroa
925 1443 115 23 hallitusta

225 1471 156 29 moittiakseni,
403 1472 57 22 enkä
478 1473 120 27 myöskään
617 1473 44 22 sitä
676 1473 143 29 kehuakseni,
835 1473 54 22 mitä
904 1474 134 23 hallituksen

226 1501 67 29 viljan
317 1501 106 24 ostoksiin
447 1502 66 24 tulee.
545 1503 42 23 Voi
608 1503 43 23 olla
671 1503 144 29 mahdollista,
835 1505 48 22 että
899 1504 31 23 eri
946 1504 90 29 paikka-
