1109 1775
242 106 35 32 656
424 108 187 24 Talonpoikaissääty
623 109 12 17 9
647 113 18 17 p.
678 107 85 19 Maalisk.
776 108 52 18 1894.

221 180 97 22 sträfvar
345 186 48 15 man
420 185 28 16 nu
470 181 35 20 att
526 178 23 22 fä
572 185 27 16 en
618 185 46 15 mer
684 178 123 27 begränsad
829 178 111 23 röstskala
961 178 71 23 införd

220 210 62 21 säväl
306 209 7 22 i
336 209 184 27 borgareständet
543 214 45 16 som
611 208 66 22 ocksä
697 208 7 20 i
723 208 167 22 bondeständet.
921 208 110 22 Hvarföre

220 239 57 21 skall
293 245 49 15 man
359 238 28 22 dä
402 238 28 27 pä
446 245 81 15 samma
543 238 59 28 gäng
618 238 32 22 alt
665 243 47 15 mer
727 238 39 21 och
782 244 45 15 mer
838 238 54 21 söka
902 238 78 21 hindra
990 239 42 21 den

219 268 81 28 fattiga
324 268 109 22 individen
458 270 34 20 att
512 267 50 22 fritt
581 270 53 20 röra
653 267 35 27 sig
707 268 40 20 och
767 267 54 21 söka
836 268 83 26 arbete,
935 268 39 21 der
990 268 42 22 han

219 298 44 22 kan
283 298 23 22 fä
322 298 86 22 sädant.
439 298 179 22 Reservanterna
634 299 54 25 säga
703 299 34 19 att
752 297 113 21 bristande
881 297 97 28 förmäga
994 298 38 22 hos

220 328 112 22 sökanden
356 329 34 20 att
412 327 92 22 afbörda
523 327 33 27 sig
576 327 48 22 sina
640 326 137 22 kommunala
793 327 91 27 utgifter
900 327 49 21 icke
966 334 66 21 synas

218 364 54 14 vara
287 357 134 27 tillräckliga
437 357 50 21 skäl
502 358 35 20 att
552 357 104 27 förvägra
666 356 76 22 honom
754 356 144 28 arbetsbetyg
908 357 40 21 och
959 358 72 21 tillika

219 388 80 27 betaga
322 388 76 21 honom
418 386 86 22 tillfälle
524 388 35 20 att
576 387 14 21 &
609 386 64 26 tider,
693 386 28 22 dä
740 386 75 22 arbete
831 387 28 27 pä
876 387 55 21 hans
947 387 84 22 hemort

219 417 107 22 mähända
340 417 50 21 icke
406 417 48 21 stär
465 418 34 20 att
510 416 90 27 erhälla,
612 416 54 22 söka
676 416 80 21 sädant
767 416 29 27 pä
806 422 71 16 annan
890 418 40 25 ort,
942 418 90 21 emedan

218 448 112 21 närmaste
350 446 79 28 följden
448 446 65 22 häraf
528 446 86 28 blifver,
634 446 71 21 såsom
722 446 110 22 utskottet
847 446 133 28 framhåller,
997 449 35 20 att

218 476 42 22 han
284 477 82 21 lemnar
389 476 113 22 hemorten
525 478 53 20 utan
601 476 148 28 arbetsbetyg.
781 476 71 22 Detta
872 476 115 23 uttalande
1006 479 25 20 är

220 506 68 28 enligt
312 506 42 22 min
378 506 140 27 uppfattning
537 506 91 22 alldeles
646 505 87 28 riktigt,
754 507 24 25 ty
797 506 35 22 får
848 506 117 22 arbetaren
980 507 50 21 icke

219 536 75 22 arbete
314 536 28 27 på
361 536 113 22 hemorten
492 536 40 21 och
550 538 25 19 är
590 536 43 21 han
649 535 73 22 dertill
738 537 59 20 ännu
812 536 73 27 fattig,
902 536 24 21 så
942 538 38 20 vet
992 537 39 27 jag

218 566 48 21 icke
289 566 56 22 hvar
363 566 42 21 han
424 565 58 21 skall
500 567 53 26 taga
572 565 26 22 de
614 565 77 27 medel,
708 571 44 15 som
768 565 111 22 utskottet
894 565 87 23 fordrar
996 569 35 19 att

218 596 43 21 han
280 595 152 28 ovillkorligen
452 595 57 22 skall
528 595 90 28 erlägga
634 594 33 22 för
683 596 33 21 att
731 595 23 21 få
771 595 71 22 lemna
858 597 69 26 orten,
944 597 28 20 då
988 597 42 21 han

217 625 103 26 deremot,
336 631 33 16 om
386 625 43 21 han
445 625 36 21 får
496 625 54 22 söka
566 625 176 26 arbetsförtjenst
759 625 27 26 på
802 631 71 16 annan
890 628 41 23 ort,
949 626 81 21 lättare

217 655 44 21 kan
276 655 22 21 få
313 654 50 27 ihop
380 655 64 21 dessa
460 655 79 26 medel;
556 655 37 21 och
610 654 38 21 det
664 656 25 19 är
705 654 64 27 ingen
786 657 70 19 större
872 655 114 28 svårighet
995 657 35 20 att

216 684 58 22 ifrån
290 691 26 14 en
332 690 71 15 annan
418 684 129 27 församling
562 683 48 22 utfå
625 684 65 21 dessa
706 684 129 21 resterande
851 684 70 22 medel
936 685 24 21 af
970 685 60 22 arbe-

218 716 70 25 taren,
308 720 33 15 om
357 714 43 21 han
416 713 39 22 har
471 713 93 28 tillgång
580 713 81 27 dertill,
678 715 27 19 än
721 713 25 21 af
760 713 89 22 hvilken
865 720 72 16 annan
952 721 79 20 person

216 750 45 15 som
280 743 63 27 helst,
364 750 45 15 som
428 745 26 19 är
472 743 126 28 berättigad
616 745 34 20 att
664 743 65 27 flytta
744 743 50 22 från
810 749 26 16 en
852 743 127 29 församling
994 745 35 22 till

217 780 27 15 en
264 779 77 16 annan.
374 773 46 27 Jag
440 775 25 19 är
483 773 85 22 derföre
587 779 52 16 ense
658 773 48 21 med
721 775 170 21 reservanterna
907 774 72 21 derom
995 777 34 20 att

217 803 89 21 fordran
322 803 28 27 på
366 803 69 26 qvitto
452 803 61 22 öfver
524 803 90 27 erlagda
624 803 138 21 kommunala
772 803 39 21 och
823 803 88 22 dermed
922 804 106 23 likstälda

217 833 104 27 kyrkliga
340 832 92 28 utgifter
450 832 84 22 saklöst
551 833 72 21 kunde
643 832 115 27 uppgifvas
777 833 40 21 och
836 834 35 20 att
887 834 143 29 arbetsbetyg

215 863 57 27 finge
296 862 100 22 utfärdas
418 862 24 21 åt
465 863 55 21 hvar
543 862 39 21 och
605 869 26 15 en
655 868 44 15 som
722 862 49 22 icke
792 863 48 21 står
858 863 68 22 under
945 870 83 16 annans

216 892 182 27 husbondevälde,
415 894 58 20 samt
488 892 48 22 med
550 892 118 22 målsmans
684 893 113 26 samtycke
813 892 66 23 äfven
895 893 24 22 åt
930 893 40 22 den
982 900 44 16 som

215 923 47 21 står
277 922 69 22 under
362 928 82 16 annans
460 922 168 28 målsmanskap.
653 922 33 21 På
701 922 91 22 anförda
808 923 94 27 grunder
915 923 112 23 förkastar

212 952 38 28 jag
265 952 249 22 utskottsbetänkandet
530 952 39 21 och
585 952 129 28 godkänner
728 952 171 22 reservationen.

284 981 116 23 Edusmies
423 982 107 23 Riihimäki
553 982 73 27 luopui
649 982 216 26 puheenvuorostaan
886 983 24 27 ja
928 982 99 29 yhdistyi

215 1012 81 21 edusm.
312 1012 139 21 Ehrströmin
467 1012 135 22 lausuntoon.

284 1041 116 22 Edusmies
420 1041 102 23 Castrén:
543 1041 54 22 Arv.
619 1041 225 28 anomuksentekijäin
859 1042 168 23 tarkoituksena

214 1078 26 14 on
259 1071 60 27 ollut,
336 1073 48 19 että
398 1072 92 21 muutto-
504 1071 23 27 ja
542 1071 110 28 työkirjan
668 1071 109 22 saamisen
793 1071 65 23 ehdot
873 1072 102 22 tulisivat
990 1073 37 22 lie-

213 1100 145 28 vennetyiksi.
385 1100 34 22 Ne
435 1101 146 27 määräykset,
595 1101 63 27 jotka
673 1101 108 22 voimassa
792 1101 76 23 olevan
880 1102 44 22 lain
935 1103 92 21 säädän-

213 1133 41 19 nön
277 1131 95 22 mukaan
394 1130 109 22 koskevat
526 1131 99 22 oikeutta
647 1133 99 20 muuttaa
768 1131 110 23 kunnasta
900 1132 84 22 toiseen
1002 1134 24 26 ja

214 1160 71 22 hakea
305 1162 62 27 työtä
388 1161 30 21 eri
435 1160 71 22 osissa
521 1163 135 24 maatamme,
672 1160 52 22 kuin
740 1162 60 26 myös
815 1162 145 27 ulkopuolella
976 1162 50 28 sitä,

214 1193 108 24 säätävät,
346 1192 48 20 että
416 1190 127 22 tämmöisen
563 1190 106 23 oikeuden
690 1191 154 27 myöntämistä
858 1193 78 21 varten
952 1193 74 22 vaadi-

212 1222 62 20 taan:
300 1223 32 19 1:0
355 1221 48 21 että
422 1220 162 22 asianomainen
604 1226 27 16 on
650 1220 172 23 oikeudellisesti
841 1221 95 28 hengille
952 1222 73 27 kirjoi-

213 1251 67 25 tettu;
297 1252 33 19 2:0
346 1251 48 20 että
409 1250 42 21 hän
467 1256 26 15 on
508 1250 100 22 kruunun
622 1250 23 27 ja
656 1250 133 22 kunnalliset
799 1251 141 22 ulostekonsa
951 1252 75 21 edelli-

212 1279 57 22 seltä
288 1279 102 22 vuodelta
410 1279 132 22 suorittanut
560 1280 23 27 ja
602 1281 32 20 3:o
650 1279 94 22 todistus
761 1280 57 26 siitä,
835 1282 47 20 että
897 1281 43 22 hän
956 1282 20 21 ei
992 1281 32 22 ole

211 1309 81 26 jonkun
309 1309 70 20 toisen
395 1309 183 26 edusmiehyyden
594 1309 32 21 tai
641 1309 146 22 isäntävallan
804 1310 48 21 alla.

282 1337 150 27 Lievennystä
447 1337 74 22 näihin
536 1337 110 22 voimassa
662 1338 79 21 oleviin
757 1339 148 27 määräyksiin
921 1339 103 22 ehdottaa

212 1367 127 22 valiokunta
359 1367 157 27 tapahtuvaksi
536 1367 128 21 ensinnäkin
686 1367 64 27 siten,
770 1368 54 21 ettei
840 1367 120 23 todistusta
974 1369 51 22 hen-

212 1397 52 28 gille
286 1396 192 28 kirjoittamisesta
500 1396 136 28 vaadittaisi;
660 1396 93 23 toiseksi
772 1399 48 20 että
839 1400 101 26 määräys
956 1399 67 22 todis-

212 1427 102 22 tuksesta
335 1426 153 23 suoritetuista
510 1427 100 22 kruunun
633 1427 128 22 ulosteoista
782 1427 122 23 edelliseltä
922 1429 102 22 vuodelta

211 1457 202 26 lakkautettaisiin;
434 1456 151 22 kolmanneksi
605 1458 47 21 että
672 1459 108 26 määräys,
794 1458 52 28 joka
862 1458 81 23 koskee
958 1459 64 22 edus-

212 1487 128 28 miehyyden
356 1487 32 22 tai
403 1486 146 23 isäntävallan
566 1486 44 23 alla
625 1487 100 22 olemista
740 1488 164 27 poistettaisiin.
