1111 1789
287 120 185 24 Talonpoikaissääty
484 123 12 16 2
508 127 17 18 p.
538 121 84 19 Maalisk.
635 120 52 19 1894.
834 119 35 20 583

84 193 51 21 neet
160 191 147 24 valiokunnan
333 193 117 23 mietinnön
474 201 33 15 n:o
532 197 19 24 1,
573 193 156 23 Keisarillisen
752 192 142 28 Majesteetin

84 222 123 22 armollisen
222 223 113 27 esityksen
351 230 34 15 n:o
403 225 12 20 5
428 224 107 27 johdosta,
549 224 51 27 joka
609 223 83 22 koskee
702 223 192 22 tuulaakimaksun

83 251 131 22 laskemisen
238 254 133 25 perustusta,
396 257 51 18 ovat
470 253 114 28 asiakirjat
604 255 104 25 enempää
728 252 166 27 toimenpidettä

83 282 78 21 varten
175 281 83 28 jätetyt
273 282 276 28 Toimitusvaliokunnalle,
563 283 58 28 josta
636 282 210 23 Talousvaliokunta
861 283 34 20 tä-

83 311 38 21 ten
137 311 151 22 kunnioittaen
304 311 113 22 ilmoittaa.

311 365 228 23 Talousvaliokunnan
554 365 109 28 puolesta:

408 417 28 24 L.
453 418 116 31 Lindelöf.

157 513 95 22 Otettiin
272 514 170 22 käsiteltäväksi
458 515 88 27 Säädyn
561 515 127 23 edellisessä
703 515 193 27 täysi-istunnossa

83 542 209 23 viimeksikuluneen
307 544 134 22 Helmikuun
457 547 27 19 27
501 545 92 27 päivänä
610 545 99 27 pöydälle
725 546 68 26 pantu
803 544 92 28 pankki-

84 572 145 23 valiokunnan
245 574 99 22 mietintö
360 580 34 16 n:o
413 576 8 20 1
440 574 98 22 koskeva
552 576 14 20 4
580 574 48 30 &:än
638 574 143 22 kumoomista
791 574 105 22 Armolli-

84 608 62 16 sessä
162 602 150 23 Asetuksessa
328 606 12 19 9
357 604 53 27 p:ltä
422 604 130 27 joulukuuta
569 606 55 20 1867
641 604 93 22 Suomen
749 604 88 22 Pankin
851 604 44 22 hal-

84 632 95 22 linnosta
192 633 23 27 ja
230 633 106 22 hoidosta.

156 662 126 22 Sittenkuin
297 663 111 27 puhemies
424 664 30 21 oli
469 664 102 27 Säädylle
587 664 107 27 esittänyt
710 663 118 23 mietinnön
839 662 16 23 9
865 663 30 22 si-

83 691 63 23 vulla
166 691 79 23 olevan
263 691 215 25 asetusehdotuksen
495 693 82 23 tekstin
593 694 41 22 otti
650 694 85 22 asiasta
750 693 146 23 lausuakseen

155 728 107 22 edusmies
276 729 90 29 Brusila,
374 729 52 28 joka
436 729 88 23 ilmoitti
535 730 181 22 muistutuksetta
726 730 171 28 hyväksyvänsä

84 758 99 27 puheena
198 759 77 21 olevan
291 759 117 22 asetuksen
424 760 89 22 tekstin.

154 788 115 22 Edusmies
289 789 97 24 Stråhle:
407 790 35 21 Då
460 790 38 27 jag
516 790 7 22 i
542 790 71 22 denna
630 789 66 28 fråga
711 790 44 22 kan
771 790 66 22 ställa
853 790 44 28 mig

85 818 98 22 hvarken
207 819 28 27 pä
258 820 121 21 utskottets
402 820 54 21 eller
475 822 143 20 reservanten
638 819 163 28 Schybergsons
822 820 75 22 ständ-

85 848 76 28 punkt,
179 850 52 20 utan
247 849 57 21 helst
320 849 39 22 vill
374 850 98 26 uppbära
488 850 41 22 den
545 850 64 28 äsigt,
624 856 45 16 som
681 856 26 15 en
717 850 112 22 minoritet
839 850 57 22 inom

85 878 110 22 utskottet
211 879 50 21 sökt
276 881 53 26 göra
345 879 100 28 gällande
461 880 39 21 och
516 886 44 16 som
576 880 68 22 finnes
660 880 86 22 uttalad
762 880 28 27 pä
805 880 64 22 sidan
883 882 13 19 8

85 908 7 22 i
112 908 155 28 betänkandet,
288 909 20 22 d.
330 916 20 16 v.
370 915 16 16 s.
410 911 34 20 att
465 926 4 10 ,
473 910 126 26 ständerna
615 910 35 22 för
669 909 33 22 sin
718 910 35 22 del
769 911 78 27 antoge
863 911 34 20 ett

84 939 132 27 reglemente
236 939 34 21 för
287 939 113 22 Finlands
415 939 66 26 bank,
498 940 91 22 sälunda
604 940 102 22 affattadt
722 941 34 20 att
771 939 64 23 deraf
847 939 48 27 tyd-

85 968 59 28 ligen
159 968 121 28 framginge
297 969 92 27 ändring
405 969 24 22 af
442 969 81 28 nädiga
538 970 153 27 förordningen
702 969 24 22 af
734 970 42 22 den
787 971 12 19 9
811 970 85 22 decem-

85 998 39 22 ber
145 1000 55 20 1867
221 999 33 21 till
275 998 26 23 de
321 999 61 22 delar
403 1005 44 15 som
466 1000 6 21 i
492 1000 142 27 reglementet
649 999 49 23 icke
714 1000 127 27 äberopas*',
857 999 40 22 vill

83 1028 39 28 jag
144 1028 41 22 här
203 1031 100 20 närmare
322 1029 110 27 presisera
452 1030 26 21 de
499 1030 101 27 grunder,
621 1030 29 27 pä
669 1029 76 22 hvilka
757 1030 39 28 jag
811 1029 8 22 i
835 1029 62 22 detta

86 1058 102 22 afseende
205 1059 74 21 stöder
295 1059 50 27 mig.

157 1088 64 22 Efter
240 1089 41 21 den
302 1089 83 21 vackra
405 1089 136 28 motivering,
557 1096 45 16 som
618 1089 110 22 utskottet
742 1089 111 22 framstält
869 1089 28 28 pä

87 1118 88 22 sidorna
191 1120 54 20 5—7
263 1119 7 21 i
285 1118 156 28 betänkandet,
457 1119 96 22 kommer
567 1119 110 23 utskottet
693 1119 34 21 till
738 1126 26 15 en
774 1119 65 27 kläm,
851 1125 46 16 som

85 1148 50 22 icke
157 1148 47 22 står
224 1148 7 21 i
250 1148 99 28 ringaste
367 1148 137 27 konsegvens
523 1149 47 22 med
586 1148 163 28 motiveringen.
781 1149 116 22 Utskottet

86 1178 41 21 har
147 1178 106 27 nemligen
274 1178 7 22 i
302 1178 70 22 denna
392 1178 130 28 motivering
540 1179 76 22 häfdat
634 1178 130 22 ständernas
783 1178 60 28 äsigt
860 1178 37 23 vid

89 1209 54 20 1891
165 1208 37 22 ärs
217 1208 106 27 landtdag
342 1210 34 20 att
391 1210 14 20 4
421 1208 12 28 8
448 1208 8 21 i
472 1208 81 28 nädiga
567 1208 154 28 förordningen
736 1208 25 22 af
775 1209 41 21 den
833 1211 12 19 9
861 1209 36 21 de-

87 1238 85 21 cember
194 1239 55 21 1867
270 1238 73 22 blifvit
362 1238 95 28 upphäfd
477 1244 75 22 genom
567 1238 246 28 landtdagsordningen.
844 1238 53 22 Men

87 1267 93 22 oaktadt
195 1268 70 20 denna
281 1268 76 21 remiss
373 1268 39 21 har
428 1268 116 26 utskottet,
560 1269 27 25 pä
603 1268 70 28 grund
688 1267 25 22 af
726 1268 41 21 den
781 1267 117 28 anvisning

87 1297 65 21 Hans
175 1297 126 27 Kejserliga
320 1297 108 28 Majestät
447 1297 33 21 uti
500 1298 65 27 nädig
581 1297 117 22 skrifvelse
714 1297 25 21 af
753 1297 40 21 den
811 1299 11 19 7
839 1304 58 15 mars

90 1328 55 20 1892.
169 1326 134 22 beträffande
327 1333 26 15 en
369 1326 137 28 underdänig
520 1326 161 28 framställning
697 1333 33 15 om
745 1326 152 28 upphäfvande

87 1356 24 21 af
124 1356 93 22 berörda
233 1356 83 27 lagrum
333 1356 39 22 har
387 1356 71 28 gifvit,
474 1356 113 28 föreslagit
603 1358 34 20 att
652 1356 119 22 ständerna
787 1356 62 22 skola
860 1362 37 16 an-

87 1386 60 22 hålla
163 1392 32 15 om
211 1386 162 27 upphäfvandet
389 1386 23 22 af
426 1387 33 21 ett
474 1386 90 28 lagrum,
581 1392 46 16 som
637 1386 119 22 ständerna
766 1386 68 22 redan
845 1386 52 21 utan

87 1415 81 21 minsta
183 1416 81 20 tvekan
281 1417 74 19 ansett
370 1422 53 14 vara
438 1416 113 25 upphäfdt.
575 1416 38 20 Uti
629 1415 93 21 nämnda
737 1415 64 20 Hans
816 1414 81 27 Majes-

87 1445 46 20 täts
153 1443 80 27 nädiga
253 1444 116 21 skrifvelse
385 1443 24 21 af
421 1444 41 20 den
480 1445 11 19 7
508 1450 57 15 mars
583 1445 55 20 1892
654 1444 107 20 uteslutes
777 1443 121 21 emellertid

87 1472 49 22 icke
159 1473 138 27 möjligheten
317 1473 24 21 af
359 1474 33 20 att
412 1472 168 27 ifrägavarande
599 1472 151 28 upphäfvande
770 1472 44 22 kan
835 1472 64 22 skei

87 1502 156 28 sammanhang
265 1502 48 22 med
336 1502 164 23 fastställandet
523 1502 24 22 af
567 1502 38 22 det
624 1508 44 22 nya
687 1502 209 28 bankreglementet.
