1109 1781
244 117 35 32 684
421 120 186 24 Talonpoikaissääty
620 121 22 19 13
655 126 17 17 p.
685 120 86 19 Maalisk.
784 121 53 18 1894.

219 191 100 22 niinkuin
335 192 67 22 tähän
418 192 43 22 asti
477 198 26 15 on
520 192 139 28 tapahtunut,
674 192 46 22 niin
734 191 37 23 voi
785 192 113 26 tapahtua,
915 193 47 20 että
972 192 64 22 laitos

219 221 38 27 jää
272 220 67 23 ilman
355 221 100 22 sairaita.
478 222 63 21 Minä
557 222 80 26 toivon,
655 222 46 21 että
717 223 59 20 tämä
791 221 66 22 laitos
873 221 59 21 tulee
947 221 89 22 ainakin

220 251 99 21 olemaan
335 250 113 23 sellaisten
465 251 126 22 arvollisten
606 251 23 27 ja
643 251 72 27 hyvää
726 250 161 23 tarkoittavain
897 250 139 23 henkilöiden

218 280 80 28 johdon
315 280 52 27 alla,
383 280 56 22 ettei
455 281 84 22 valtion
554 281 75 28 varoja
645 281 63 21 siellä
723 280 95 22 missään
829 280 147 28 tapauksessa
986 282 51 21 vää-

214 310 40 22 'rin
274 310 94 28 käytetä
389 310 51 22 eikä
460 311 90 23 vaadita
568 313 104 25 enempää
691 311 52 22 kuin
759 310 119 23 tarvitaan.
911 310 125 24 Sentähden

219 340 58 22 minä
293 340 116 28 hyväksyn
425 341 148 22 valiokunnan
588 341 118 22 mietinnön
722 341 153 27 täydellisesti.

291 370 116 22 Edusmies
424 371 117 29 Häyrinen:
558 372 71 21 Tässä
645 372 52 20 ovat
711 371 100 22 edelliset
821 371 90 27 puhujat
919 370 57 28 juuri
986 371 51 22 huo-

221 402 135 20 mauttaneet
371 400 59 26 siitä,
447 401 53 21 mitä
515 401 56 21 ehkä
586 400 142 22 raittiusliike
741 401 23 27 ja
780 400 106 22 olevaiset
900 400 44 22 olot
954 400 84 23 tulevat

220 430 165 22 vaikuttamaan
401 430 149 28 väkijuomain
566 430 141 28 viljelemisen
722 430 182 22 vähentämiseen.
936 430 102 22 Minäkin

219 460 117 28 hyväksyn
352 460 115 22 kokonaan
483 460 147 22 valiokunnan
646 460 118 22 mietinnön
775 460 62 22 niillä
846 460 128 27 perusteilla
984 460 53 22 kuin

219 489 139 23 edellisetkin
374 489 95 27 puhujat.

291 519 116 22 Edusmies
427 519 114 30 Lindberg:
560 520 12 21 I
587 520 102 21 motsatts
706 519 33 21 till
755 519 52 22 flere
823 518 132 29 föregäende
971 520 67 22 ärade

220 549 78 27 talare,
319 549 70 28 vägar
407 549 38 27 jag
465 556 52 15 anse
537 551 34 20 att
589 549 78 28 frägan
687 556 33 14 om
739 549 67 27 ärligt
825 549 118 22 understöd
958 550 24 20 ät
998 556 38 15 an-

220 578 83 28 stalten
320 578 102 27 ,,Turva'
438 579 39 21 hör
493 579 34 21 till
542 579 55 27 dem,
613 585 52 19 som,
681 578 122 23 tillsvidare
815 579 39 21 och
864 578 35 22 till
909 578 84 22 förmån
1004 578 35 23 för

221 608 68 22 andra
309 608 110 28 vigtigare
438 608 80 28 frågor,
538 615 69 21 gerna
624 609 75 21 kunna
716 608 83 22 lemnas
815 609 14 21 &
845 608 52 22 sido.
928 608 45 22 Att
988 608 50 23 iden

221 640 26 20 är
265 638 139 28 filantropisk
423 638 40 22 och
482 638 59 22 afser
560 640 33 20 ett
609 638 53 28 godt
677 638 107 26 ändamål,
801 638 72 22 derom
889 638 63 22 torde
968 639 70 22 finnas

220 668 57 22 blott
293 674 27 16 en
337 668 93 28 mening,
446 674 49 16 men
511 670 34 20 att
561 668 106 22 realisera
682 674 28 16 en
725 668 36 22 id6
776 668 7 22 i
801 668 37 22 det
848 668 117 26 praktiska
975 668 63 22 lifvet

221 700 26 19 är
262 698 47 21 ofta
323 697 88 28 ganska
426 698 68 22 svärt.
525 697 142 23 Beträffande
683 698 41 21 den
739 704 54 21 nyss
808 698 136 21 behandlade
960 698 78 27 frägan

222 733 34 16 om
279 727 126 22 inrättande
425 727 24 22 af
467 729 33 20 ett
519 728 90 27 sjukhus
628 728 4 21 i
648 727 116 27 Kexholm,
780 727 89 27 yttrade
885 727 110 22 utskottet
1010 727 29 28 pä

222 756 64 23 sidan
306 758 14 21 4
340 757 8 21 i
368 756 40 23 sitt
426 757 150 22 betänkande:
597 774 8 10 ,
609 757 58 27 Vårt
685 757 58 22 folks
762 757 141 21 ekonomiska
918 757 121 28 tillgångar

221 786 70 22 förslä
314 788 59 20 ännu
395 786 48 22 icke
463 787 29 27 pä
512 787 63 27 längt
593 788 41 20 när
653 788 35 20 att
708 786 54 28 fylla
780 786 44 22 alla
843 787 197 27 behjertansvärda

223 816 170 28 önskningsmä!,
410 822 53 16 vare
479 817 34 27 sig
528 817 28 27 pä
573 817 61 21 detta
650 816 54 22 eller
717 816 70 22 andra
797 816 109 28 områden,
918 817 39 21 och
968 817 72 22 blotta

221 846 148 22 förekomsten
389 846 24 21 af
431 847 33 21 ett
483 846 65 22 behof
561 847 43 22 kan
620 846 34 22 för
670 846 41 22 den
727 846 57 22 skull
800 846 119 27 ingalunda
934 846 106 22 innebära

223 882 26 16 en
270 876 164 28 nödvändighet
448 875 34 23 för
497 876 147 22 statsmakten
660 877 35 20 att
709 876 172 28 omhändertaga
897 876 49 22 dess
962 876 76 28 afhjel-

221 906 77 26 pande.
330 906 54 21 Icke
407 906 63 22 desto
493 906 84 22 mindre
600 906 39 21 har
658 905 41 22 den
717 906 39 21 hos
775 912 36 16 oss
831 906 91 22 allmänt
941 906 97 22 rådande

221 935 86 22 bristen
322 936 28 26 pä
364 935 97 22 enskildt
471 935 84 28 kapital
567 936 39 22 och
617 935 86 22 enskild
713 936 174 27 företagsamhet
897 936 8 21 i
915 936 125 22 vidsträckt

223 966 50 21 mån
289 965 59 28 tagit
364 967 86 20 statens
467 965 89 22 bistånd
571 966 8 21 i
595 965 97 27 anspråk
706 965 34 22 för
755 965 144 28 fullföljandet
915 966 24 21 af
951 966 87 28 hvarje-

221 995 74 22 handa
320 994 117 29 gagneliga
463 994 93 28 företag,
582 995 40 22 och
645 995 62 22 torde
731 995 91 27 specielt
844 995 33 22 för
901 995 42 22 den
965 996 75 22 lokala

222 1024 135 28 sjukvården
379 1024 80 28 bidrag
482 1025 24 21 af
524 1025 110 22 allmänna
653 1024 76 27 medel,
751 1025 68 21 under
839 1024 159 29 förutsättning
1016 1025 25 23 af

222 1054 62 22 vissa
298 1054 149 28 prestationer
462 1054 48 22 från
527 1055 26 21 de
569 1054 110 22 sökandes
695 1054 54 28 sida,
766 1054 8 22 i
789 1054 75 28 regeln
875 1054 49 22 icke
935 1056 102 27 vägras”.

222 1084 73 22 Dessa
319 1084 124 22 tänkvärda
464 1084 45 28 ord,
529 1084 77 23 hvilka
624 1084 109 22 allmänna
751 1084 204 22 besvärsutskottet
975 1085 64 22 alltid

222 1114 67 23 borde
313 1113 67 23 hafva
399 1114 8 22 i
427 1114 63 28 sigte,
511 1114 28 22 då
560 1114 37 22 det
617 1114 70 28 gäller
707 1114 170 28 anslagsfrågor,
897 1115 79 27 tyckas
994 1115 45 27 mig

221 1144 52 21 vida
296 1144 73 22 bättre
393 1144 69 22 skulle
486 1145 75 25 passat
584 1144 33 22 till
640 1144 130 26 motivering
794 1144 7 22 i
825 1144 68 28 detta,
915 1146 27 20 än
963 1144 8 22 i
987 1146 51 20 näst

222 1173 59 22 förut
297 1173 137 23 behandlade
450 1174 146 22 betänkande.
619 1174 118 21 Utskottet
752 1180 65 20 synes
833 1174 45 28 mig
888 1173 37 23 vid
935 1174 104 22 ärendets

222 1203 133 28 behandling
374 1203 66 22 hafva
454 1203 91 22 kommit
561 1203 35 22 till
611 1203 100 25 resultat,
728 1210 44 15 som
789 1204 36 21 stå
840 1203 8 22 i
863 1204 60 27 bjärt
937 1204 103 22 kontrast

222 1232 35 22 till
280 1233 58 22 hvad
361 1232 8 22 i
393 1232 158 28 motiveringen
571 1232 94 23 anföres.
698 1233 117 22 Utskottet
834 1234 75 26 yttrar
928 1234 64 22 neml.
1010 1234 29 27 pä

223 1262 89 22 sidorna
331 1264 13 20 5
363 1262 40 22 och
423 1264 12 20 6
453 1262 8 22 i
481 1262 40 22 sitt
536 1262 149 23 betänkande:
703 1262 82 28 ,Hvad
801 1263 38 22 det
855 1269 77 16 senare
947 1264 25 21 af
984 1264 56 26 peti-

223 1292 139 22 tionärernas
373 1292 118 22 alternativ
502 1292 111 28 beträffar,
623 1292 54 22 eller
689 1293 122 21 anstaltens
820 1292 218 28 subventionerande,

223 1322 25 20 sä
270 1322 41 21 har
333 1322 58 21 inom
414 1322 110 21 utskottet
542 1322 245 26 häremot
654 1322 133 26 visserligen
807 1322 90 26 anförts,
917 1324 34 19 att
971 1322 27 22 de
1018 1323 24 21 af

224 1350 127 28 föreningen
367 1350 126 22 meddelade
509 1350 127 22 statistiska
647 1350 140 28 uppgifterna
797 1350 61 23 öfver
868 1351 171 27 behandlingens

224 1380 95 22 resultat
335 1380 49 22 icke
401 1380 72 22 kunde
486 1379 145 23 tillerkännas
642 1380 39 22 full
691 1380 112 28 giltighet;
815 1381 35 21 att
861 1380 103 22 drinkare
974 1381 65 22 äfven

223 1409 30 29 pä
271 1411 69 21 annat
359 1411 46 21 sätt
423 1412 27 20 än
470 1416 76 21 genom
565 1410 135 27 internering
720 1410 7 21 i
743 1410 128 22 kuranstalt
885 1410 75 22 kunna
976 1412 64 21 botas

224 1439 40 23 och
279 1439 33 23 för
328 1439 116 23 samhället
459 1440 139 26 ätervinnas;
615 1442 34 20 att
664 1440 137 27 statsbidrag
816 1440 49 22 icke
881 1440 67 22 borde
958 1441 82 28 ifräga-

223 1470 87 22 komma
324 1469 34 22 för
373 1476 27 16 en
416 1469 206 29 sjukvärdsanstalt,
639 1476 45 16 som
699 1470 49 22 icke
764 1470 49 22 stär
828 1470 68 22 under
910 1470 130 23 läkarekon-

223 1499 62 28 troll;
306 1501 35 21 att
361 1500 26 22 de
405 1499 126 29 kostnader,
551 1500 48 22 med
616 1499 76 23 hvilka
710 1500 69 22 kuren
799 1500 34 22 för
848 1500 150 29 inrättningen
1014 1503 25 21 är
