1103 1761
214 131 41 20 202
457 136 24 17 R.
494 141 18 12 o.
525 137 22 16 A.
561 137 57 16 1894.
644 137 21 16 12
677 136 58 17 Febr.

185 215 94 27 öÖnskligt
301 217 31 20 att
355 216 55 21 inom
434 215 85 22 ståndet
537 216 93 20 undvika
646 215 137 27 olägenheten
800 215 23 21 af
836 215 173 26 andragandenas

185 244 160 27 öfversättning,
361 251 50 14 voro
427 244 119 26 säkerligen
562 243 65 22 också
642 244 62 21 dessa
719 244 131 26 synpunkter
865 243 32 21 för
909 249 100 21 paragra-

184 272 47 21 fens
246 271 111 27 affattning
373 273 165 20 bestämmande.
569 272 74 21 Såsom
660 274 30 19 ett
705 272 93 21 indirekt
816 272 57 21 bevis
889 271 32 21 för
937 272 73 26 riktig-

184 300 64 20 heten
271 300 24 20 af
315 300 39 21 den
376 301 102 25 tolkning,
500 300 37 26 jag
558 301 6 20 i
581 301 36 20 det
632 300 126 26 föregäende
774 300 49 21 sökt
838 302 51 24 göra
904 300 105 26 gällande,

185 328 42 21 kan
249 328 37 27 jag
308 329 18 26 ej
351 329 69 26 undgä
442 331 32 19 att
497 329 95 26 äberopa
610 328 250 26 Riddarhusordningens
876 328 67 21 finska
958 330 50 24 text,

186 356 37 21 der
238 357 108 27 uttrycket
362 358 95 24 ,landets
473 356 89 22 officiela
578 357 79 27 språk"
673 358 106 20 användes
796 358 6 20 i
818 357 117 26 singularis.
964 356 45 21 Och

185 386 33 20 ett
232 386 124 26 ytterligare
372 386 53 24 stöd,
442 392 32 14 om
492 386 38 20 ock
546 386 103 20 likaledes
660 386 97 23 indirekt,
771 386 33 20 för
815 392 80 14 samma
907 385 101 25 tolkning,

185 414 68 26 ligger
269 414 76 24 deruti,
361 416 31 19 att
407 414 241 27 Landtdagsordningen
664 414 45 20 icke
725 416 89 18 nämner
829 416 31 18 ett
876 414 37 20 ord
927 420 32 14 om
973 413 36 21 det

186 442 71 26 språk,
280 442 27 26 pä
327 442 79 21 hvilket
422 443 130 21 Stärdernas
568 442 160 27 förhandlingar
738 443 65 22 skola
819 442 63 24 föras,
899 442 110 21 öfverlem-

185 471 69 20 nande
270 471 88 20 sälunda
374 471 21 21 ät
411 472 25 20 de
452 477 54 20 resp.
523 471 100 21 ständens
635 474 47 23 eget
693 471 52 20 skön
756 473 33 18 att
800 471 73 21 härom
885 471 123 21 bestämma.

185 499 42 20 Det
250 505 37 14 var
311 499 71 21 derför
404 500 44 21 icke
472 503 51 17 utan
540 499 68 26 afsigt,
626 506 43 14 som
686 500 33 20 vid
738 500 53 20 1867
808 499 34 21 &rs
858 500 100 25 landtdag
974 499 35 21 be-

185 528 107 25 stämning
315 534 33 15 om
372 528 217 25 diskussionsspräket
611 529 69 25 intogs
696 528 5 20 i
717 528 247 26 Riddarhusordningen;
981 540 27 2 —

185 556 34 20 väl
241 558 33 19 att
289 557 80 25 märka,
385 556 53 21 efter
453 557 37 20 det
505 559 32 18 att
552 557 101 25 förslaget
668 557 31 20 till
715 557 212 26 Landtdagsordning
944 556 64 21 redan

185 585 70 20 blifvit
271 585 38 20 hos
325 585 153 26 Ridderskapet
495 585 38 21 och
550 585 67 20 Adeln
634 585 180 21 slutbehandladt.

254 612 80 22 Genom
351 613 58 21 Hans
425 613 117 26 Kejserliga
558 613 111 26 Majestäts
689 612 77 28 nådiga
782 614 91 26 reskript
889 613 22 21 af
925 613 40 20 den
983 613 24 21 18

185 640 58 22 Mars
268 642 53 20 1886
337 641 38 21 har
391 642 120 26 visserligen
528 642 140 24 dekreterats,
684 644 32 18 att
731 642 110 26 ,samtliga
856 642 97 26 styrelse-
969 641 38 21 och

185 670 134 20 embetsverk
341 672 54 18 samt
418 670 146 26 myndigheter
587 670 5 20 i
611 670 72 20 landet
699 670 79 21 tillätes
794 672 32 19 att
841 671 33 20 vid
890 670 117 20 ärendenas

184 697 130 27 behandling
329 698 39 21 och
384 699 5 19 i
406 699 38 20 den
456 698 90 21 officiela
558 698 172 26 skriftvexlingen
742 699 96 26 begagna
850 698 56 21 säväl
919 698 89 21 svenska

186 732 44 14 som
255 726 68 21 finska
339 726 102 26 språket".
473 727 47 20 Men
537 727 106 20 härintills
659 727 38 21 har
712 727 58 21 såväl
786 728 6 20 i
808 728 52 20 teori
877 733 44 15 som
937 727 70 25 praxis

183 755 46 25 gält
245 754 68 21 säsom
330 755 160 26 ovedersägligt,
506 757 32 19 att
554 757 30 19 ett
600 756 5 20 i
622 756 155 20 administrativ
793 758 39 23 väg
848 756 107 20 utfärdadt
971 756 36 20 de-

184 782 49 21 kret
255 783 46 21 icke
324 783 79 21 förmår
425 784 66 20 ändra
514 790 24 14 en
555 784 76 26 stadga
646 784 22 20 af
682 784 39 20 den
738 786 63 18 natur
817 790 43 14 som
878 783 128 21 Riddarhus-

184 811 124 26 ordningen,
325 812 130 20 tillkommen
471 812 69 20 säsom
557 812 41 20 den
614 814 23 18 är
652 818 74 20 genom
744 812 128 21 Monarkens
888 814 54 18 samt
957 812 49 20 Rid-

183 839 116 27 derskapet
323 840 39 21 och
383 841 79 20 Adelns
484 840 134 25 samverkan;
642 840 145 22 hvarförutom
810 841 36 20 det
868 841 4 20 i
894 840 113 26 reskriptet

184 868 97 20 använda
305 868 106 26 uttrycket
434 869 110 26 ,styrelse.
568 868 38 21 och
630 869 132 20 embetsverk
778 871 54 18 samt
847 869 158 26 myndigheter

183 895 94 22 hvarken
293 897 65 25 enligt
373 897 140 26 spräkbruket
530 897 51 20 eller
597 897 31 20 till
645 897 29 20 sin
692 897 90 26 speciela
798 897 93 26 syftning
902 897 40 21 kan
955 897 52 20 hän-

183 923 59 21 föras
264 925 32 20 till
318 924 73 27 frägan
415 931 32 14 om
469 925 188 26 förhandlingarna
676 925 55 21 inom
754 932 25 14 en
796 926 153 26 representativ
964 925 41 20 för-

183 953 96 27 samling.
310 953 37 21 Ett
369 959 74 20 genom
467 953 170 21 administrativa
659 953 69 27 päbud
745 953 156 22 ästadkommet
917 953 88 26 faktum,

180 980 30 28 ja,
230 981 47 21 icke
293 988 36 14 ens
345 988 25 14 en
385 982 77 20 allmän
479 982 35 26 lag
529 982 41 20 kan
587 982 72 26 ändra,
676 982 94 21 förklara
786 983 52 20 eller
853 982 106 26 upphäfva
974 982 32 20 sä-

183 1010 56 20 dana
261 1010 137 26 stadganden,
419 1012 89 19 rörande
525 1010 71 21 hvilka
612 1010 256 26 lagstiftningsinitiativet
883 1011 123 20 ankommer

183 1037 12 21 å
219 1040 31 18 ett
273 1038 22 20 af
314 1038 95 26 stånden,
425 1040 46 20 med
492 1039 80 20 mindre
588 1040 26 19 än
631 1041 31 19 att
678 1039 84 21 ståndet
778 1039 141 27 uttryckligen
935 1039 71 20 dertill

183 1067 126 25 samtycker.
340 1067 81 21 Endast
442 1068 6 19 i
468 1068 34 20 det
518 1068 36 20 fall
571 1070 31 18 att
618 1068 66 20 under
699 1068 109 26 pägäende
824 1068 101 25 landtdag
941 1067 65 20 sädan

182 1094 92 26 ändring
289 1095 6 20 i
311 1096 155 26 grundlagarne
482 1096 101 25 antagits,
600 1102 45 14 som
660 1098 39 24 gör
714 1102 24 14 en
756 1096 92 20 derefter
863 1096 84 25 lämpad
963 1097 42 19 rät-

181 1123 54 21 telse
243 1123 23 21 af
273 1123 237 27 Riddarhusordningen
520 1124 127 26 nödvändig,
659 1130 49 20 eger
721 1124 156 26 Ridderskapet
888 1124 39 20 och
938 1124 67 20 Adeln

181 1151 89 26 vidtaga
285 1152 75 25 ätgärd
375 1158 34 14 om
425 1155 32 17 att
472 1152 58 26 dylik
546 1153 87 20 rättelse
650 1152 76 20 varder
741 1153 6 20 i
763 1152 25 21 R.
805 1152 23 21 O.
845 1153 74 20 införd.

252 1179 47 21 Med
321 1180 36 20 det
379 1183 69 18 senast
472 1181 88 20 anförda
584 1183 45 17 tror
649 1180 37 27 jag
702 1181 42 25 mig
759 1181 63 20 hafva
837 1181 120 25 ädagalagt,
973 1181 32 19 att

182 1207 55 21 1886
261 1207 34 21 ärs
317 1209 92 25 reskript
431 1209 52 24 icke,
499 1208 69 21 säsom
585 1208 26 26 pä
627 1208 66 27 nägra
708 1209 43 20 häll
767 1209 99 26 pästätts,
880 1209 41 20 kan
938 1208 67 21 rubba

180 1236 126 25 giltigheten
329 1236 23 21 af
373 1237 249 26 Riddarhusordningens
646 1237 56 20 36:te
721 1240 16 23 &,
762 1234 91 27 hvilken,
870 1237 65 25 enligt
950 1236 55 21 hvad

179 1264 37 26 jag
239 1264 62 21 ofvan
317 1265 48 20 sökt
382 1265 49 25 visa,
447 1267 23 18 är
486 1265 66 26 tydlig
568 1265 39 20 och
624 1265 46 20 klar
686 1266 69 20 deruti
771 1267 31 18 att
818 1265 187 26 förhandlingarna

180 1292 35 20 vid
231 1293 156 26 Ridderskapet
403 1293 39 21 och
458 1293 78 21 Adelns
552 1295 170 18 sammanträden
739 1294 53 20 böra
807 1293 57 21 föras
879 1293 26 26 pä
917 1293 88 21 svenska

179 1320 95 26 spräket.

251 1349 123 21 Emellertid
391 1349 38 21 har
444 1357 26 13 en
486 1350 89 21 medlem
586 1350 23 21 af
620 1350 84 21 ständet
715 1350 23 21 af
748 1350 50 20 herr
809 1349 196 21 landtmarskalken

179 1377 86 20 tillätits
281 1379 38 23 att,
335 1377 89 22 oaktadt
439 1378 97 21 häremot
551 1378 125 21 framstälda
691 1379 172 25 anmärkningar,
880 1377 77 26 afgifva
967 1378 38 20 sitt

179 1406 102 25 yttrande
305 1405 26 26 pä
347 1409 65 18 annat
427 1407 70 25 spräk.
528 1406 63 21 Säväl
608 1407 22 20 af
643 1407 69 20 denna
728 1407 113 25 anledning
857 1412 44 15 som
918 1406 38 20 ock
972 1406 33 20 till

178 1433 159 27 förebyggande
353 1434 66 25 deraf,
436 1437 31 18 att
483 1437 57 18 rätta
554 1435 130 20 innebörden
700 1435 23 20 af
737 1435 137 20 oftanämnda
887 1434 116 26 stadgande

179 1461 7 20 i
201 1461 248 27 Riddarhusordningen,
472 1463 31 20 till
521 1463 51 26 följd
588 1463 23 20 af
625 1463 39 21 den
680 1463 156 21 diskretionära
852 1463 58 19 makt
925 1462 78 20 Landt-

180 1489 171 27 dagsordningen
374 1491 44 26 lagt
440 1492 6 19 i
469 1491 207 21 landtmarskalkens
699 1492 39 20 och
760 1491 133 20 talmännens
917 1490 86 26 händer,

178 1519 64 24 göres
258 1519 106 20 beroende
380 1519 23 21 af
416 1520 39 20 den
471 1525 87 20 persons
575 1520 118 26 subjektiva
706 1519 142 27 uppfattning,
860 1525 45 15 som
920 1518 33 21 för
964 1519 41 20 till-
