1106 1756
393 127 213 33 Stämpelbevillning.
843 127 40 20 287

88 213 32 20 att
143 212 81 21 ansöka
246 214 31 20 ett
299 212 83 23 sådant.
416 213 65 21 Ännu
503 219 59 16 mera
585 214 77 21 verkar
676 220 26 15 en
719 213 137 22 öfverhöfvan
871 212 42 27 hög

88 240 154 28 stämpelafgift
259 241 125 22 minskande
398 241 28 28 på
442 242 81 21 antalet
538 241 115 22 utländska
667 243 81 26 patent.
778 241 43 21 Det
836 243 25 19 är
875 247 38 14 nu-

88 275 60 16 mera
170 275 25 15 en
211 269 81 27 ganska
307 270 78 21 allmän
401 271 58 26 regel
475 272 39 24 att,
530 270 28 21 då
572 277 50 14 man
638 270 63 21 söker
715 272 81 25 patent,
812 276 49 15 man
875 271 38 25 gör

88 297 36 22 det
146 298 7 21 i
175 297 24 22 så
222 297 77 28 många
318 298 75 22 länder
408 305 45 15 som
469 299 89 27 möjligt.
589 299 66 21 Detta
670 301 25 18 är
710 298 131 27 nödvändigt
855 297 58 22 såväl

88 326 33 21 för
142 328 33 19 att
195 326 85 21 inhösta
295 328 79 20 största
389 327 88 27 möjliga
492 328 56 20 vinst
563 327 23 21 af
598 327 158 27 uppfinningen,
772 333 45 14 som
832 327 34 20 för
881 328 32 19 att

88 355 128 21 säkerställa
236 355 32 26 sig
286 355 32 22 för
333 357 108 26 patentets
456 355 144 28 kringgående
616 356 7 21 i
638 356 26 21 de
680 355 82 24 länder,
778 355 37 21 der
830 356 83 25 patent-

88 383 68 28 skydd
178 383 47 22 icke
248 383 100 22 erhållits.
384 384 33 21 Då
440 384 36 22 det
498 385 65 20 likväl
582 384 134 26 naturligtvis
732 385 24 20 är
771 383 96 27 omöjligt
881 384 33 19 att

88 412 53 21 söka
163 414 74 25 patent
258 413 6 20 i
284 413 86 21 absolut
385 413 43 20 alla
442 413 81 26 länder,
540 413 24 20 så
578 414 106 19 mönstras
701 412 26 21 de
741 412 75 21 länder
830 413 31 22 ut,
877 411 36 20 der

88 441 93 26 utsigten
197 442 33 20 att
244 440 92 27 förtjena
351 443 24 19 är
390 441 60 27 ringa
461 441 40 22 och
512 442 38 20 der
560 441 146 22 kostnaderna
717 442 37 20 äro
766 440 64 21 altför
848 441 65 20 stora.

88 469 39 22 Att
150 469 36 21 det
209 469 89 22 oaktadt
319 469 81 27 årligen
418 470 68 27 något
505 470 62 21 tiotal
582 471 74 25 patent
671 469 89 21 förirrat
774 469 32 26 sig
820 468 33 21 till
867 467 47 22 vårt

88 497 50 22 land
153 498 7 21 i
175 499 56 20 trots
246 498 23 21 af
282 499 32 20 att
329 498 77 26 många
422 499 23 20 af
458 499 48 20 dem
522 499 69 26 aldrig
606 498 86 21 komma
707 499 33 20 att
755 497 79 22 bereda
844 496 70 27 någon

88 526 68 21 fördel
180 525 22 22 åt
223 526 145 27 uppfinnaren,
384 527 63 21 beror
464 527 44 21 dels
524 527 28 26 på
567 527 146 26 obekantskap
729 526 48 21 med
792 525 52 21 våra
859 525 55 26 höga

88 553 166 28 patentafgifter,
270 561 47 16 men
333 557 23 19 är
372 555 46 22 dels
434 557 31 19 ett
480 555 59 22 bevis
554 555 34 27 pä,
600 555 55 21 huru
672 555 78 21 allmän
762 554 115 27 plägseden
890 555 24 19 är

88 585 33 20 att
143 583 53 21 söka
218 585 74 25 patent
312 584 7 21 i
337 583 23 22 sä
375 584 78 27 mänga
468 584 75 21 länder
558 590 45 15 som
619 583 88 27 möjligt.
739 583 73 21 Skulle
827 581 87 28 afgiften

89 612 117 23 nedsättas,
230 614 23 19 är
273 613 36 26 jag
327 612 124 27 öfvertygad
466 614 34 19 att
514 613 82 20 antalet
611 612 116 21 utländska
742 613 74 26 patent
831 611 84 27 mycket

89 640 70 21 starkt
182 640 68 21 skulle
272 641 52 21 ökas
346 641 40 21 och
404 643 32 19 att
454 641 27 20 de
496 641 124 25 inkomster,
636 647 46 14 som
698 640 123 27 härigenom
837 640 7 21 i
859 639 55 21 form

88 669 23 21 af
132 668 120 28 ärsafgifter
270 669 68 22 skulle
359 669 33 22 till
408 669 134 22 statskassan
557 669 80 28 inflyta,
653 669 85 21 komme
753 671 33 19 att
802 668 112 26 öfverstiga

89 698 36 21 det
147 697 84 27 belopp,
254 704 45 15 som
321 704 29 15 nu
372 698 23 21 af
412 700 32 19 ett
459 698 57 21 färre
532 699 58 20 antal
604 699 75 25 patent
694 698 42 21 kan
751 698 102 21 inhöstas.
883 696 31 22 Pä

89 726 43 21 alla
153 726 62 21 dessa
231 726 46 21 skäl
292 733 61 21 synes
371 727 42 26 mig
429 727 135 26 synnerligen
580 726 99 27 önskligt,
695 728 33 20 att
744 726 35 21 det
794 726 120 26 föreslagna

89 754 127 27 stadgandet
237 755 47 21 icke
305 755 67 21 skulle
395 754 66 22 blifva
484 755 140 27 genomfördt.
654 755 48 21 Kan
721 761 49 15 man
786 754 46 22 icke
847 754 27 27 gä
889 754 23 21 sä

88 782 59 28 långt
162 789 45 15 som
223 784 216 26 patentlagskomiten
452 783 116 27 föreslagit,
579 786 32 19 att
621 783 70 27 någon
703 782 152 27 stämpelafgift
866 782 46 21 icke

88 811 40 21 alls
151 811 68 21 skulle
240 812 33 21 för
295 812 123 27 patentbref
437 812 162 27 ifrägakomma,
624 812 24 21 sä
667 818 50 14 vore
734 812 35 20 det
785 812 127 20 ätminstone

90 839 94 27 önskligt
199 842 32 19 att
248 840 25 21 de
291 840 47 22 icke
352 840 68 22 skulle
436 840 119 22 fastställas
570 840 66 27 högre
652 842 28 19 än
694 840 34 21 för
743 840 170 26 patentmyndig-

88 868 81 26 hetens,
192 868 19 21 d.
226 870 18 19 ä.
260 869 218 27 Industristyrelsens,
495 869 69 26 öfriga
580 869 152 27 expeditioner.
761 868 41 27 Jag
818 868 95 21 anhåller

88 896 110 50 Tore.
222 899 32 19 att
275 898 59 20 detta
355 898 49 20 mitt
425 898 100 24 yttrande
548 897 66 21 måtte
636 897 22 21 få
676 896 74 28 åtfölja
765 897 101 21 remissen
881 896 32 21 till

89 927 89 19 utskott.

156 981 33 21 Hr
206 982 90 21 Falck:
318 982 12 27 $
349 982 27 21 23
394 983 7 20 i
416 989 29 14 nu
460 982 146 27 föreliggande
621 982 49 21 nåd.
687 988 61 21 prop.
764 984 24 18 är
803 981 89 21 affattad
907 981 7 20 i

88 1009 120 27 fullkomlig
224 1010 219 22 öfverensstämmelse
458 1012 48 20 med
522 1011 14 27 &
552 1011 27 21 33
594 1011 8 21 i
612 1011 98 26 gällande
722 1010 193 26 stämpelpappers-

88 1038 132 27 förordning,
240 1039 60 21 hvari
316 1040 86 26 stadgas
418 1041 33 19 att
466 1039 213 27 försäljningsställen
694 1039 34 21 för
743 1038 172 27 stämpelpapper

89 1066 60 22 skola
164 1067 69 21 hållas
250 1069 68 25 öppna
334 1068 72 26 hvarje
422 1068 122 25 söckendag
559 1067 47 21 från
620 1068 27 20 kl.
658 1068 13 20 9
682 1067 14 21 f.
706 1074 27 14 m.
746 1067 31 21 till
791 1067 28 21 kl.
831 1068 12 19 7
857 1073 16 14 e.
888 1072 25 14 m.

88 1095 47 21 Den
158 1095 86 26 komité,
267 1102 45 15 som
334 1096 46 21 haft
396 1096 32 26 sig
443 1096 123 21 ombetrodt
582 1098 32 18 att
630 1096 100 21 utarbeta
745 1095 79 27 förslag
840 1094 32 22 till
887 1100 27 21 ny

88 1123 101 27 tidsenlig
211 1124 348 27 stämpelbevillningsförordning,
582 1124 40 21 har
644 1124 33 21 för
696 1124 33 21 sin
748 1124 34 21 del
798 1124 71 20 ansett
883 1124 32 19 att

88 1158 26 14 en
136 1152 66 21 sådan
217 1152 91 27 lindring
324 1153 66 21 borde
406 1153 90 26 beviljas
512 1152 230 27 stämpelförsäljarene
758 1154 32 19 att
806 1152 26 20 de
847 1151 68 21 skulle

88 1180 58 21 hålla
161 1181 103 25 stämplar
280 1181 132 27 tillgängliga
427 1181 34 21 för
476 1181 151 24 allmänheten,
643 1181 7 21 i
666 1182 47 20 stad
730 1180 129 22 åtminstone
869 1179 47 21 från

90 1209 12 20 9
117 1208 14 21 f.
148 1215 26 15 m.
193 1209 32 21 till
242 1211 11 19 2
269 1216 17 14 e.
303 1216 27 14 m.
346 1210 40 20 och
401 1210 27 26 på
444 1210 73 21 landet
530 1210 12 20 å
556 1210 62 25 tider,
629 1209 88 21 hvarom
730 1209 68 21 skulle
809 1208 107 26 kungöras

88 1236 7 21 i
117 1236 74 27 kyrka.
223 1238 61 20 Hvad
302 1244 28 14 nu
350 1238 53 21 först
418 1238 102 21 beträffar
534 1238 144 21 förhällandet
693 1238 7 20 i
716 1238 106 22 städerna,
839 1237 23 20 sä
877 1236 39 20 har

87 1264 7 21 i
119 1266 31 20 alt
172 1265 52 22 flere
245 1268 67 19 större
330 1266 96 22 centrala
442 1266 135 22 embetsverk
592 1266 69 26 nägon
676 1266 130 27 tjensteman
821 1264 49 21 sökt
885 1264 31 27 sig

88 1293 34 20 till
138 1295 204 26 stämpelförsäljare
356 1295 34 20 för
406 1297 32 19 att
453 1295 113 27 tillgodose
582 1295 85 21 verkets
683 1295 40 20 och
739 1295 40 20 den
795 1293 74 22 verket
881 1293 36 20 be-

88 1321 94 22 sökande
198 1323 154 21 allmänhetens
368 1323 67 22 behof
448 1323 24 21 af
486 1323 110 27 stämplar.
628 1323 68 21 Dessa
712 1323 118 26 försäljare,
845 1321 72 21 hvilka

88 1349 45 22 ofta
153 1350 48 21 icke
223 1351 63 21 hafva
308 1358 26 14 en
356 1351 156 25 bostadslokal,
530 1358 44 15 som
590 1352 82 25 lämpar
688 1351 31 26 sig
734 1351 33 21 till
783 1352 33 19 att
830 1350 87 26 försälja

88 1378 52 21 eller
154 1378 86 23 förvara
255 1380 109 27 stämplar,
379 1380 59 21 hälla
453 1381 39 20 sitt
506 1381 113 26 varulager
630 1380 110 21 förvaradt
750 1379 28 27 pä
789 1378 74 27 sjelfva
873 1384 44 14 em-

87 1406 147 23 betsrummet.
264 1407 40 22 Om
327 1408 47 21 näd.
398 1415 60 20 prop.
480 1409 68 20 skulle
569 1409 63 20 vinna
650 1408 142 25 stadfästelse,
808 1407 24 21 sä
847 1405 69 22 blefve

88 1435 63 21 dessa
166 1435 185 28 försäljningsmän
366 1438 94 25 tvungne
476 1438 32 20 att
523 1437 47 20 föra
585 1438 37 19 sitt
636 1437 60 26 lager
710 1436 47 21 frän
773 1435 40 22 och
828 1435 34 21 till
873 1440 42 15 em-

87 1463 122 22 betsverket
226 1465 97 26 dagligen
338 1467 56 19 samt
409 1467 33 19 att
454 1465 101 26 uppgifva
566 1467 77 19 tvänne
654 1465 106 20 särskilda
769 1463 146 26 försäljnings-

88 1492 84 25 ställen,
189 1493 58 20 såväl
262 1493 32 21 sin
309 1493 78 21 bostad
402 1499 46 15 som
464 1493 148 22 embetslokal.
628 1493 62 21 Hvad
705 1493 47 20 åter
762 1491 101 23 beträffar
873 1490 42 22 för-

87 1519 110 23 hällandet
219 1521 27 26 pä
269 1521 79 27 landet,
371 1521 25 21 sä
416 1521 40 21 har
479 1522 37 21 det
538 1522 55 21 visat
606 1521 31 26 sig
653 1523 33 19 att
700 1523 158 25 guvernörerne
873 1519 45 22 ofta
