1109 1761
220 130 42 21 464
463 136 25 17 R.
501 141 18 12 o.
532 136 22 16 A.
569 136 58 17 1894.
651 137 28 16 20
691 136 63 17 Mars.

191 215 69 21 skulle
274 216 36 26 jag
325 218 34 19 tro
372 216 35 21 det
423 222 50 15 vore
490 216 125 26 tillräckligt
631 218 32 19 att
678 222 44 15 som
734 215 223 28 ansvarsbestämning
966 215 54 22 blott

191 243 108 22 bibehälla
313 244 147 27 skyldigheten
481 247 33 18 att
529 245 88 26 erlägga
631 244 79 22 dubbel
727 244 64 25 skatt,
807 251 48 14 men
871 247 32 19 att
919 245 102 26 derjemte

191 272 78 21 ädöma
292 273 61 21 böter
373 279 62 15 anser
447 273 38 27 jag
500 273 33 21 för
549 274 43 21 min
609 273 34 21 del
658 274 46 20 icke
720 273 84 27 skäligt,
820 275 30 24 ty,
866 273 70 21 såsom
952 273 68 27 sagdt,

191 300 160 22 försummelsen
367 302 95 20 kommer
477 302 108 26 troligtvis
600 302 7 20 i
623 301 26 21 de
665 301 60 21 flesta
740 302 36 21 fall
791 301 27 27 pä
831 301 73 21 landet
915 303 33 19 att
957 301 64 22 hafva

191 329 33 21 sin
247 330 63 20 orsak
332 330 51 24 deri,
407 332 32 19 att
463 329 105 28 allmogen
584 330 47 21 icke
647 332 24 19 är
685 336 40 15 van
742 330 34 21 vid
793 330 61 21 dessa
869 330 57 26 slags
941 330 80 22 anmäl-

192 358 82 26 ningar.
308 358 49 21 Man
382 359 39 21 bör
443 359 102 26 derjemte
570 359 103 27 behjerta,
697 361 32 19 att
751 359 137 26 hundegaren
911 358 45 22 ofta
978 359 42 21 kan

191 386 64 22 hafva
271 387 59 27 längt
345 387 31 21 till
392 388 40 20 den
448 394 56 19 man,
521 394 46 14 som
584 388 23 20 af
621 388 127 20 kommunen
758 390 78 18 utsetts
844 390 33 18 att
885 388 136 26 inregistrera

191 414 112 22 hundarne
324 416 39 21 och
385 416 97 26 uppbära
505 416 92 21 skatten.
628 416 41 27 Jag
692 416 68 21 skulle
782 416 84 21 säledes
881 416 34 20 för
929 416 43 21 min
987 416 34 21 del

191 443 51 27 vilja
257 443 77 22 föreslå
349 447 32 18 att
397 445 128 26 stadgandet
545 451 35 14 om
597 445 89 20 böterna
702 444 47 21 från
765 444 12 27 &
794 445 13 20 6
823 444 55 27 finge
894 444 58 27 utgå.

261 501 56 21 Frih.
340 508 39 15 von
402 502 83 21 Born:
516 501 75 21 Ehuru
604 501 38 27 jag
657 508 65 20 gerna
737 501 106 21 erkänner
858 503 31 20 att
906 501 114 21 Ekonomi-

191 529 106 22 utskottet
317 530 6 21 i
339 530 96 21 enskilda
451 531 59 20 delar
525 530 118 21 förbättrat
658 531 47 20 näd.
720 536 67 21 prop.,
805 530 68 21 skulle
886 530 37 27 jag
938 530 82 21 ändock

191 558 50 26 vilja
261 559 84 20 ansluta
368 560 41 24 mig
431 560 33 20 till
488 559 159 21 reservationen
669 559 40 21 N:o
733 560 18 24 2,
776 559 159 21 undertecknad
958 559 22 20 af
994 565 26 15 en

191 587 91 21 medlem
306 587 22 21 af
349 587 160 21 Presteständet
525 587 39 21 och
580 587 123 21 Utskottets
719 587 42 21 alla
776 587 139 21 medlemmar
930 587 22 21 af
966 588 55 20 Bon-

191 615 119 22 deständet.
341 616 45 21 Den
410 616 155 26 obligatoriska
581 616 67 26 ärliga
661 615 200 27 mantalsskrifning,
878 622 48 14 man
942 616 41 21 kan
996 616 24 26 ju

191 643 58 21 kalla
266 644 39 22 den
322 644 29 24 sä,
368 645 22 21 af
404 645 65 25 hund,
485 651 45 15 som
546 644 49 21 nåd.
612 651 60 20 prop.
688 644 97 24 föreslår,
801 650 62 21 synes
878 644 43 27 mig
936 650 50 16 vara
994 650 26 16 en

191 673 79 26 onödig
293 676 70 24 tunga.
393 674 40 26 Jag
455 674 98 21 föredrar
576 674 7 20 i
607 673 66 21 likhet
693 674 48 20 med
756 676 162 18 reservanterna
934 673 40 21 den
990 673 30 21 in-

191 701 138 27 registrering
350 708 25 15 en
397 702 55 27 gäng
473 702 33 21 för
529 702 50 25 alla,
602 708 45 15 som
669 702 6 20 i
699 702 40 21 den
761 702 59 20 äldre
836 702 61 26 lagen
913 708 38 14 var
966 702 54 21 före-

191 730 101 25 skrifven,
315 731 48 21 med
386 731 80 27 påföljd
485 733 32 19 att
533 731 59 21 hund
608 731 99 27 gvarstär
721 731 8 21 i
744 730 161 26 förteckningen
921 730 23 22 sä
959 730 61 26 länge

191 758 44 21 tills
257 759 40 21 den
320 760 75 20 blifver
417 760 54 20 efter
493 760 100 20 anmälan
610 766 25 14 ur
650 760 95 20 rullorna
760 758 75 22 afförd.
867 759 105 21 Särskildt
987 759 33 21 för

190 786 125 22 landsorten
331 788 83 21 komme
430 789 69 20 denna
514 788 125 26 förändring
654 790 32 19 att
701 788 96 21 medföra
813 788 108 26 betydliga
936 788 84 26 olägen-

190 815 69 22 heter.
289 816 46 21 Den
351 817 111 21 anmärkta
477 817 141 26 olägenheten
635 817 23 21 af
671 817 40 21 den
727 816 90 27 tidigare
832 816 144 26 föreskriften,
988 818 32 19 att

190 844 143 28 tilläfventyrs
355 846 80 26 nödgas
451 846 72 20 betala
539 845 59 21 skatt
613 845 34 21 för
662 852 25 14 en
703 846 64 25 hund,
784 852 44 14 som
845 845 66 21 redan
926 845 94 27 upphört

191 875 32 18 att
238 873 68 21 finnas
322 874 38 23 till,
383 874 39 21 bör
434 874 25 27 ju
473 874 47 21 icke
537 880 62 15 anses
614 880 51 15 vara
681 874 23 21 sä
719 877 45 18 stor
788 880 45 14 som
849 873 71 21 risken
936 876 32 18 att
982 880 38 20 ge-

190 907 49 15 nom
256 902 37 20 det
308 908 41 21 nya
364 902 102 27 förslaget
481 903 80 20 kanske
578 903 80 20 förlora
673 903 59 20 detta
748 903 53 26 djur,
818 902 63 21 hvars
896 903 64 20 värde
974 902 24 27 ju
1012 902 7 21 i

190 930 73 27 regeln
280 932 24 19 är
319 933 68 19 större
400 933 27 19 än
443 933 31 19 ett
489 931 34 21 års
540 931 125 21 hundskatt.
695 931 50 21 Man
757 930 110 21 harinäd.
876 937 59 20 prop.
944 930 76 21 erkänt

189 961 34 18 att
238 959 144 22 hundskatten
398 962 24 19 är
437 960 127 26 impopulär,
581 966 47 15 men
645 960 26 21 dä
684 960 37 27 jag
734 960 36 21 det
785 959 91 21 oaktadt
892 959 67 21 häller
973 959 46 21 före

190 989 33 19 att
246 987 69 22 denna
338 988 57 21 skatt
417 988 67 21 borde
507 987 134 27 äterinföras,
661 995 62 20 synes
737 989 35 20 det
787 988 43 26 mig
845 988 47 21 icke
907 994 51 15 vara
973 988 46 21 skäl

190 1018 33 19 att
246 1018 54 24 göra
322 1017 36 21 det
376 1017 27 26 pä
419 1019 30 19 ett
465 1017 76 20 sädant
557 1019 44 19 sätt
616 1020 33 18 att
665 1019 84 19 skatten
765 1017 69 21 blefve
849 1019 57 18 ännu
921 1023 45 14 mer
981 1017 37 20 im-

189 1045 98 26 populär.
317 1046 9 20 I
341 1045 36 22 fall
401 1046 69 21 denna
485 1046 103 21 särskildt
603 1052 26 15 ur
644 1045 222 26 landtbefolkningens
882 1045 89 21 intresse
986 1047 34 19 ut-

189 1072 86 27 gångna
303 1074 129 21 reservation
458 1074 68 21 skulle
554 1075 65 20 vinna
640 1074 121 27 Höglotliga
784 1073 100 22 Ständets
908 1073 65 27 bifall,
997 1073 24 22 sä

189 1101 70 22 skulle
281 1103 33 20 väl
335 1103 247 27 utskottsbetänkandet,
603 1103 7 20 i
621 1103 93 27 enlighet
729 1103 48 21 med
794 1102 169 21 reservationens
978 1101 42 22 för-

189 1129 54 28 slag,
259 1131 54 21 böra
331 1131 174 25 äterremitteras,
522 1131 81 22 hvilket
619 1132 54 21 dock
689 1132 46 21 icke
750 1131 88 22 hindrar
853 1132 32 19 att
900 1131 67 21 andra
982 1137 39 14 an-

189 1159 139 27 märkningar
350 1160 7 20 i
378 1160 97 21 enskilda
496 1160 60 21 delar
578 1160 23 21 af
621 1161 102 26 förslaget
746 1167 28 14 nu
794 1159 131 21 framställas
940 1159 32 21 för
987 1160 33 20 att

190 1188 111 26 samtidigt
313 1188 86 21 komma
413 1188 68 21 under
493 1188 123 22 Utskottets
632 1189 134 26 behandling.

260 1245 32 21 Hr
314 1246 25 21 V.
362 1252 41 14 von
424 1246 151 22 Haartman
597 1246 105 21 instämde
724 1246 6 20 i
747 1246 59 21 detta
822 1245 58 21 Frih.
896 1251 41 15 von
952 1245 68 21 Borns

189 1274 109 26 yttrande.

261 1331 32 21 Hr
308 1331 23 21 L.
345 1331 146 22 Mechelin:
521 1332 41 27 Jag
583 1332 65 21 utber
669 1332 43 26 mig
727 1332 76 20 endast
818 1330 21 22 fä
854 1333 58 25 yttra
927 1331 42 26 mig
984 1337 38 15 an-

188 1358 84 27 gående
296 1359 13 27 8
332 1361 13 20 5
367 1360 7 21 i
396 1360 249 28 författningsförslaget.
675 1360 136 22 Beträffande
834 1360 12 27 $
867 1360 12 20 5
903 1359 68 21 skulle
984 1359 38 27 jag

189 1387 34 21 för
245 1388 44 21 min
312 1388 34 21 del
366 1388 57 27 gifva
437 1389 108 21 företräde
561 1389 23 21 ät
599 1391 172 20 reservanternes
787 1388 87 27 förslag.
939 1388 39 21 sid.
995 1388 27 21 13

189 1416 8 20 i
210 1415 50 22 nåd.
281 1422 68 21 prop,
361 1423 45 15 som
421 1417 24 21 af
457 1417 114 22 Utskottet
585 1418 90 22 föreslås
690 1418 34 21 till
739 1416 141 22 oförändradt
894 1416 128 26 antagande,

189 1443 147 23 förekommer
351 1445 107 27 nämligen
473 1446 48 22 icke
536 1446 56 21 blott
607 1446 7 21 i
630 1446 38 22 sak
683 1448 33 20 ett
731 1445 82 22 mindre
828 1445 97 26 lämpligt
935 1444 86 27 förslag,

189 1471 84 23 hvilket
295 1476 162 19 reservanterna
477 1474 99 27 afstyrkt,
600 1475 38 20 der
661 1476 24 20 är
708 1474 65 21 också
795 1474 7 21 i
821 1473 86 22 formelt
923 1472 99 22 afseende

189 1500 66 27 nägot
286 1501 140 23 förbiseende.
463 1503 80 22 Senare
573 1503 111 27 meningen
707 1503 7 21 i
737 1504 10 25 $
769 1504 12 20 5
805 1502 66 27 enligt
894 1501 48 22 näd.
962 1507 60 21 prop.

189 1528 62 28 lyder
273 1531 116 26 nämligen:
421 1531 75 26 ,Hvad
511 1531 87 22 skatten
614 1532 142 27 öfverskjuter
771 1531 70 22 denna
856 1530 118 27 ersättning
989 1529 34 22 för
