1103 1759
221 123 29 21 84
470 129 26 17 R.
508 133 19 13 o.
538 129 24 17 A.
575 129 59 17 1894.
659 129 11 17 ?
682 129 61 17 Febr.

192 207 82 25 landet,
296 214 45 15 som
364 209 75 20 nästan
462 208 98 21 öfverallt
576 208 6 21 i
598 208 49 21 värt
669 208 49 21 land
734 214 60 15 mera
808 208 138 20 framträder.
977 207 42 21 Det

192 236 57 21 visar
263 237 34 19 att
317 236 104 28 allmogen
444 236 52 27 sjelf,
513 236 27 26 pä
556 236 167 27 öfvertygelsens
738 238 46 25 väg,
800 242 29 15 nu
845 236 100 26 slutligen
960 236 59 21 kom-

192 265 39 20 mit
253 266 33 19 att
306 264 45 22 inse
374 266 69 26 vigten
458 265 63 21 deraf
534 266 33 20 att
582 266 63 20 deras
660 265 53 21 barn
729 264 82 22 erhålla
826 264 151 27 undervisning
991 277 28 2 —

192 292 70 22 denna
284 298 81 16 samma
387 294 97 26 allmoge,
508 299 46 15 som
576 294 28 26 pä
627 294 80 20 sextio-
722 293 40 21 och
778 293 127 27 sjuttiotalet
921 293 97 27 utgjorde

191 320 202 23 folkskolevännens
407 322 39 21 och
461 322 91 21 ifrarens
566 322 116 23 förtviflan,
698 322 39 20 och
756 328 46 15 som
813 321 28 21 dä
852 322 23 20 af
884 322 43 20 alla
937 322 82 20 krafter

192 351 102 20 motsatte
317 350 32 26 sig
367 350 132 21 inrättandet
521 350 23 21 af
563 350 41 21 den
620 350 68 21 första
704 350 39 21 och
759 350 62 26 länge
836 356 42 20 nog
893 350 55 21 enda
963 350 55 20 folk-

191 377 76 22 skolan
283 378 6 21 i
305 378 26 22 de
354 379 118 26 respektive
494 379 161 21 kommunerna.
686 379 35 21 Nu
736 378 68 22 finnas
820 379 65 21 redan
901 380 32 19 tre
949 380 12 19 ä
976 378 41 21 fem

191 406 74 21 skolor
280 407 6 20 i
302 409 32 19 ett
348 409 55 19 stort
418 408 58 20 antal
491 407 126 21 kommuner
633 407 39 21 och
688 408 7 20 i
711 407 67 27 några
790 409 26 19 än
829 407 58 21 flere.
913 406 26 22 Vi
951 406 67 22 måste

192 434 73 22 derför
290 435 95 21 beundra
409 436 69 20 denna
503 436 117 26 allmogens
647 436 122 20 nuvarande
796 435 155 27 offervillighet,
977 434 40 22 och

191 463 74 21 kunna
287 470 89 14 numera
397 470 51 14 vara
469 464 64 26 lugna
548 464 34 21 för
597 465 33 20 att
646 464 132 21 inrättandet
793 464 23 21 af
830 464 117 21 folkskolor
963 463 54 21 skall

189 491 70 27 jemnt
274 491 79 27 fortgä;
370 504 24 3 —
411 492 38 22 och
466 492 23 21 sä
505 492 83 21 tillvida
604 494 24 19 är
644 493 38 20 allt
697 492 58 27 godt.

261 520 49 21 Men
332 527 25 14 en
381 527 67 15 annan
470 521 46 21 sida
538 521 68 21 mäste
622 521 39 21 ock
677 520 137 26 framhällas;
831 520 39 22 och
886 521 37 21 det
937 522 25 19 är
977 520 40 21 den

191 549 58 20 ännu
264 548 81 26 ganska
362 549 85 27 knappa
462 549 99 27 atlöning,
578 556 45 14 som
639 549 134 21 folkskolans
789 550 69 20 lärare
874 549 39 21 och
930 549 87 21 lärarin-

191 582 40 15 nor
253 576 28 27 pä
304 578 73 20 landet
399 577 89 27 ätnjuta.
519 578 39 21 Att
580 578 49 20 med
652 578 123 21 nuvarande
792 578 45 20 smä
852 578 60 20 löner
927 578 90 21 existera

192 604 40 22 och
248 605 72 21 vidare
336 606 82 21 utbilda
433 606 30 27 sig
479 608 24 19 är
518 606 34 21 för
567 606 47 21 dem
631 612 25 15 en
672 606 82 26 ganska
770 606 48 21 svär
828 606 91 26 uppgift,
930 606 86 21 hvarom

191 633 49 25 alla,
256 640 45 15 som
317 634 70 21 känna
397 634 149 25 förhällandet,
558 641 41 20 nog
610 634 62 22 torde
684 641 52 15 vara
748 635 68 27 eniga,
830 634 23 22 sä
865 637 32 19 att
909 641 25 15 en
945 634 72 22 vidare

191 662 126 27 utläggning
339 662 22 21 af
382 663 73 27 frägan
471 664 39 20 här
525 663 46 21 icke
587 663 61 21 torde
664 663 108 21 behöfvas.
803 664 39 20 Att
857 663 159 25 kommunerna,

191 696 46 15 som
252 696 29 15 nu
297 691 23 21 sä
335 690 107 28 frikostigt
457 691 100 21 bekostat
572 692 154 26 anläggningen
736 692 24 20 af
768 692 42 20 alla
821 692 62 20 dessa
893 698 42 20 nya
945 692 72 20 skolor

191 718 41 22 och
255 724 107 16 ensamma
383 720 125 21 underhälla
531 720 55 24 dem,
608 720 47 21 icke
677 720 72 21 mäkta
772 720 50 26 höja
842 720 37 21 sitt
894 720 75 26 bidrag
984 720 32 20 till

191 746 112 22 lärarenas
313 748 40 20 och
364 748 157 21 lärarinnornas
532 748 66 24 löner,
610 749 60 21 torde
682 749 40 21 ock
733 748 80 21 enhvar
824 749 53 20 böra
885 748 70 21 kunna
963 748 52 21 inse.

262 776 42 21 Det
325 778 24 19 är
370 776 80 26 Staten,
474 783 45 15 som
542 777 75 21 härvid
639 783 61 21 synes
715 778 43 26 mig
773 777 53 21 böra
841 777 63 21 träda
919 777 95 26 emellan,

190 804 49 20 med
261 804 26 21 de
309 804 113 27 tillgångar
442 806 40 20 den
504 811 50 21 eger
569 806 7 20 i
592 806 208 24 brännvinsskatten,
823 805 84 21 hvilken
927 805 89 22 sålunda

191 832 49 21 bäst
255 832 42 21 kan
313 834 108 20 användas
437 834 38 20 och
490 836 63 24 göras
568 834 252 26 välsignelsebringande.

259 861 41 27 Jag
315 861 39 22 har
369 862 70 21 derför
453 864 54 19 trott
523 863 42 26 mig
580 862 53 21 böra
649 862 121 28 ödmjukast
786 862 78 22 föreslä
880 864 32 20 att
926 862 89 22 Ridder-

190 889 76 27 skapet
288 890 39 21 och
350 891 68 21 Adeln
440 891 48 21 ville
511 891 33 21 för
567 892 32 20 sin
622 891 34 21 del
679 892 85 20 besluta
786 892 144 21 inlemnandet
949 892 23 20 af
990 898 25 14 en

189 918 134 27 underdänig

464 976 98 20 Petition
583 983 33 13 om
639 977 93 27 lämplig
753 976 134 28 förhöjning
903 976 30 27 af
945 976 70 21 Stats-

397 1004 104 28 bidragen
516 1005 35 20 till
566 1004 233 22 Folkskolelärarenas
820 1005 37 21 och
878 1005 137 21 lärarinnor-

396 1039 41 14 nas
451 1032 105 28 aflöning,

190 1088 57 20 samt
261 1088 88 26 inbjuda
364 1088 26 21 de
406 1089 68 26 öfriga
489 1088 95 22 Ständen
600 1091 33 19 att
649 1090 73 21 derom
738 1090 32 26 sig
785 1089 80 22 förena.

258 1144 133 27 Helsingfors
407 1145 40 21 den
462 1146 14 20 5
490 1145 104 22 Februari
611 1146 62 22 1894.

728 1202 93 22 Edvard
835 1202 111 28 Hisinger.

257 1256 205 28 Petitionsförslaget
478 1258 112 22 bordlades
606 1259 33 21 till
655 1260 62 20 nästa
732 1259 92 27 plenum.

324 1398 77 23 Petition
417 1404 29 18 om
462 1398 136 24 hundskattens
613 1399 143 24 återinförande
772 1399 24 29 pä
811 1400 70 23 landet.

255 1453 42 33 Till
311 1456 62 19 nästa
388 1456 84 26 plenum
488 1455 114 22 bordlades
615 1456 79 27 jemväl
710 1459 32 19 ett
757 1457 23 21 af
794 1456 58 22 Frih.
865 1456 52 22 Edv.
928 1456 85 22 Hisin-

185 1487 49 26 ger
256 1482 124 26 inlemnadt,
403 1483 115 27 sälydande
536 1484 184 28 petitionsförslag
735 1491 35 15 om
785 1485 157 21 hundskattens
957 1484 56 22 äter-

185 1509 113 23 införande
313 1511 28 26 pä
355 1511 79 21 landet:
