1106 1756
426 123 155 36 Hundskatten.
848 125 41 22 467

90 211 143 28 beskattning.
263 211 122 23 Utskottets
407 212 64 27 afsigt
492 219 38 16 var
555 212 119 22 emellertid
697 214 32 20 att
744 213 59 21 såväl
818 213 100 21 utländsk

90 240 89 22 resande
194 247 45 14 som
255 247 70 15 annan
340 241 7 21 i
362 241 92 22 Finland
469 241 47 22 icke
531 241 185 22 mantalsskrifven
733 247 84 21 person,
833 241 44 22 ifall
892 241 27 22 de

91 275 25 15 en
135 269 78 21 månad
235 269 52 22 eller
309 270 121 21 derutöfver
450 270 114 27 uppehålla
586 271 33 26 sig
639 270 57 21 inom
712 276 82 15 samma
810 270 107 26 kommun,

91 297 64 22 också
171 298 37 21 der
223 298 66 21 borde
304 298 38 21 hos
358 299 159 21 vederbörande
532 299 284 27 kommunaluppbördsman
835 299 83 21 anmäla

90 326 59 21 hund
164 326 32 21 till
215 327 142 27 beskattning.
387 327 41 28 Jag
443 328 95 21 anhåller
554 327 71 22 derför
640 329 33 20 att
688 327 22 22 få
724 327 78 22 föreslå
817 327 32 22 för
865 328 12 26 &
893 334 26 15 en

90 355 116 21 förändrad
227 355 86 27 lydelse,
336 355 137 28 hvarigenom
496 357 94 26 antydda
605 356 119 27 otydlighet
739 356 69 22 blefve
823 356 95 27 afhjelpt.

91 383 74 22 Denna
187 383 70 22 skulle
280 385 27 20 då
327 385 85 21 komma
435 387 32 19 att
482 385 58 27 lyda:
572 402 5 8 ,
578 385 114 25 Utländsk
711 385 90 21 resande
816 385 39 21 och
871 385 47 25 den,

91 418 45 15 som
151 413 7 20 i
173 413 91 21 Finland
279 413 46 21 icke
346 415 24 19 är
385 414 191 25 mantalsskrifven,
593 414 87 27 åligger,
697 414 27 21 då
739 414 42 21 han
796 413 123 28 uppehåller

91 441 32 27 sig
138 447 26 15 en
179 441 77 22 månad
272 441 50 22 eller
334 442 122 21 derutöfver
471 443 57 20 inom
544 449 82 14 samma
643 442 114 21 kommun”
773 449 19 14 o.
808 449 16 14 s.
840 449 19 14 v.

160 470 10 21 I
186 470 64 27 öfrigt
272 470 54 21 hade
346 471 37 26 jag
405 473 73 19 ämnat
493 471 75 22 anföra
582 471 89 27 ungefär
687 471 118 22 detsamma
827 477 45 15 som
888 471 32 21 Hr

92 498 115 27 Snellman,
228 505 48 14 men
299 499 27 21 dä
346 499 37 27 jag
405 499 23 22 af
447 499 78 22 honom
540 500 70 21 blifvit
625 500 153 25 förekommen,
793 500 24 21 sä
832 500 38 21 ber
882 499 37 27 jag

92 527 75 22 endast
189 529 32 19 att
243 527 22 21 fä
286 528 130 21 understöda
434 528 53 21 hans
503 529 115 21 uttalande.
650 529 115 21 Dessutom
781 529 89 20 utbeder
883 528 37 27 jag

91 556 44 27 mig
156 558 52 19 äran
226 558 31 19 att
272 556 21 21 få
308 557 31 20 uti
355 557 36 21 det
406 557 120 27 Höglofliga
540 557 102 22 Ständets
658 557 78 22 åtanke
751 557 113 21 framhålla
879 557 11 26 $
905 557 13 21 5

91 585 8 20 i
114 585 65 20 sädan
203 585 120 27 redigering
345 586 40 20 den
401 585 22 22 af
436 586 44 27 mig
492 585 68 28 jemte
575 587 68 20 andra
657 586 7 21 i
680 587 68 20 första
762 585 157 22 reservationen

91 613 71 21 blifvit
180 613 125 27 föreslagen.
335 614 74 21 Skulle
429 614 65 21 likväl
517 615 36 21 det
574 614 121 28 Höglofliga
717 615 91 21 Ständet
823 621 50 15 anse
888 616 33 19 att

93 642 40 21 den
148 642 80 27 lydelse
251 642 23 21 af
295 643 17 25 $,
334 649 45 15 som
395 643 23 21 af
431 643 32 21 Hr
479 643 23 21 L.
519 643 105 22 Mechelin
639 643 113 27 uppstälts,
768 645 25 19 är
807 643 70 22 bättre
892 645 27 19 än

92 670 164 28 formuleringen
277 671 23 21 af
321 671 122 22 densamma
465 672 7 21 i
492 672 166 26 reservationen,
681 672 96 22 anhåller
798 674 35 25 jag
852 674 32 20 att
899 671 22 22 få

92 700 131 21 understöda
237 700 32 21 Hr
285 700 114 22 Mechelins
413 701 85 27 förslag.

162 762 57 22 Frih.
236 769 41 15 von
291 763 176 21 Willebrand:
498 764 40 21 Om
554 770 26 15 en
596 764 155 26 omredigering
759 758 19 37 af
796 763 13 27 $
820 764 11 20 3
843 764 78 21 företa-

93 797 43 20 ges,
151 791 7 21 i
174 791 81 21 hvilket
280 792 97 21 afseende
391 792 36 27 jag
443 792 38 21 ber
496 792 21 21 fä
529 792 131 22 understöda
675 792 57 21 Frih.
749 798 41 15 von
806 792 113 26 Knorring,

93 820 69 21 skulle
185 820 38 26 jag
249 820 76 21 endast
347 820 85 22 anhålla
451 823 32 19 att
505 821 21 21 få
541 821 79 21 föreslå
635 823 33 19 att
682 821 108 27 uttrycket
806 838 9 8 ,
820 821 100 25 utländsk

93 848 101 22 resande”
210 848 67 22 skulle
293 850 77 20 ändras
385 850 32 20 till
433 850 145 26 ,utländing*.
610 850 40 21 Om
666 856 26 15 en
706 850 112 26 utländing
833 850 66 21 vistas
913 849 8 21 i

94 877 97 25 Finland,
207 877 24 21 sä
246 877 39 21 bör
300 878 41 21 han
357 878 34 21 väl
406 884 51 15 vara
472 878 27 27 pä
514 885 54 19 resa,
584 885 48 15 men
645 878 37 27 jag
697 878 58 22 inser
766 878 46 22 icke
820 880 31 20 att
861 878 59 22 detta

94 905 101 22 behöfver
209 906 123 21 framhållas
348 907 6 20 i
370 906 115 27 lagtexten.

163 968 61 22 Efter
239 969 36 21 det
291 969 146 21 diskussionen
452 970 7 20 i
474 969 75 27 frågan
564 970 115 21 förklarats
695 970 99 25 afslutad,
811 970 110 22 öfverlem-

94 997 55 21 nade
164 997 32 21 Hr
211 997 205 22 Landtmarskalken
431 998 34 21 till
480 998 100 22 Ständets
595 998 133 22 besvarande
743 998 93 28 följande

365 1083 280 28 Omröstningsproposition
651 1091 5 15 :

163 1140 53 24 Den,
240 1146 44 15 som
308 1140 36 21 vill
367 1147 28 15 nu
420 1140 49 28 ingä
487 1140 8 22 i
510 1140 72 28 slutlig
597 1141 130 27 granskning
742 1141 23 22 af
778 1142 143 27 föreliggande

94 1168 141 27 betänkande,
251 1170 70 20 röstar
333 1169 36 27 ja;

163 1230 41 22 blir
219 1231 34 27 nej
266 1231 161 27 öfvervägande,
443 1232 168 22 äterremitteras
626 1232 147 23 betänkandet
785 1233 34 21 till
834 1232 88 23 Utskot-

94 1261 32 20 tet
140 1259 8 21 i
163 1260 36 21 det
214 1260 54 27 syfte
283 1260 66 22 andra
365 1261 158 22 reservationen
538 1261 128 26 innehåller;

162 1322 86 22 hvilken
269 1323 133 27 proposition
422 1323 36 22 vid
479 1324 74 21 derom
575 1324 85 21 anstäld
682 1325 98 27 votering
794 1325 129 22 besvarades

94 1351 47 21 med
158 1351 27 21 30
198 1351 24 26 ja
237 1351 39 22 och
292 1353 24 20 41
334 1352 42 27 nej.

163 1413 50 22 Med
229 1415 114 27 anledning
358 1415 23 21 af
395 1415 40 22 den
451 1415 80 27 utgäng
548 1415 75 27 frägan
638 1415 90 22 sälunda
742 1416 47 26 fätt,
803 1416 119 22 hemstälde

94 1442 32 21 Hr
147 1443 23 20 L.
194 1443 142 26 Mechelin,
359 1443 105 22 huruvida
485 1444 47 21 icke
554 1444 26 21 de
601 1444 67 21 under
684 1444 145 22 diskussionen
845 1444 78 22 väckta

93 1471 106 27 förslagen
222 1472 109 27 angäende
352 1472 91 27 ändring
461 1472 23 22 af
497 1472 105 22 särskilda
616 1473 124 26 paragrafer
754 1473 8 22 i
777 1473 146 27 författnings-

94 1499 101 28 förslaget
209 1500 72 21 kunde
295 1500 74 22 ställas
385 1501 67 21 under
471 1501 101 22 Ständets
588 1501 116 27 afgörande
719 1501 33 22 för
767 1503 31 20 att
810 1502 58 27 tjena
883 1501 41 22 Ut-

94 1528 81 22 skottet
190 1529 34 20 till
238 1529 86 27 ledning
338 1529 36 21 vid
389 1529 86 27 frägans
489 1529 103 28 förnyade
608 1529 136 28 behandling.
