1106 1736
253 130 89 21 Delning
355 130 23 17 af
388 130 145 21 professionen
545 130 7 17 i
564 130 79 17 biblisk
656 130 103 21 exegetik.
850 123 39 21 501

93 216 49 15 man
159 215 65 21 egnar
239 210 31 26 sig
285 210 22 20 åt
322 210 81 21 studier
418 210 22 21 af
454 210 97 27 exegetik
566 210 52 21 eller
633 210 70 27 någon
718 210 34 21 del
768 210 67 26 deraf,
850 215 71 15 exem-

94 238 66 27 pelvis
182 238 72 26 gamla
281 240 148 20 testamentets
457 238 52 22 eller
532 245 41 20 nya
598 240 149 20 testamentets
770 238 103 27 exegetik,
896 237 25 21 så

94 269 32 19 att
142 267 149 21 konsistorium
308 267 41 21 blir
364 268 7 20 i
386 267 84 21 tillfälle
487 269 32 19 att
533 267 80 21 föreslå
628 268 69 20 denna
713 273 78 20 person
806 267 32 21 till
853 266 68 21 erhål-

94 295 62 21 lande
188 295 23 21 af
238 301 25 15 en
293 296 108 25 personlig
429 295 168 22 extraordinarie
627 296 125 27 profession,
783 295 137 26 hvarigenom

94 321 37 24 det
146 323 159 27 vetenskapliga
321 323 98 22 behofvet
435 324 68 21 skulle
519 324 166 21 tillfredsställas
701 324 129 21 åtminstone
845 324 34 20 för
893 329 27 15 en

95 353 31 20 tid
145 352 85 21 framåt.
263 352 41 21 Det
327 354 24 19 är
369 353 48 20 med
433 353 100 21 afseende
547 353 60 24 härå,
623 353 40 20 och
679 353 67 21 ehuru
759 353 38 26 jag
811 353 32 21 för
857 352 63 27 ingen

94 381 34 21 del
144 381 150 22 underskattar
316 381 71 26 vigten
409 381 22 21 af
452 383 33 19 att
500 382 40 21 den
556 382 122 26 exegetiska
693 381 143 26 vetenskapen
851 380 69 21 blefve

94 409 99 22 starkare
216 410 160 26 representerad
398 410 39 21 och
453 410 82 21 således
551 410 46 21 icke
614 410 65 21 heller
695 410 151 21 underskattar
861 409 59 27 bety-

95 439 71 20 delsen
188 439 24 20 af
232 439 115 26 petitionen
370 445 34 15 om
427 439 156 26 professionens
603 439 91 26 delning,
708 439 37 27 jag
761 439 55 21 dock
831 437 89 22 föreslår

95 469 32 19 att
143 467 120 26 Höglofliga
279 467 89 22 Ståndet
383 467 48 22 ville
455 468 128 21 öfverlemna
599 468 23 21 åt
637 468 158 21 Konsistorium
810 466 110 22 Academi-

95 502 47 15 cum
159 498 32 19 att
207 498 49 25 taga
278 496 90 21 initiativ
392 497 7 20 i
421 496 72 27 saken,
509 496 6 21 i
531 497 36 20 det
583 496 90 21 Ståndet
687 497 124 26 godkänner
827 501 94 16 reserva-

95 525 72 21 tionen
183 531 33 15 n:o
235 527 17 18 1.

365 621 288 27 Omröstningsproposition:

165 690 53 24 Den,
233 696 45 15 som
293 690 123 26 godkänner
431 690 122 22 Utskottets
569 690 143 26 betänkande,
728 692 69 19 röstar
811 690 32 27 ja;

166 758 40 22 blir
222 758 34 27 nej
272 758 159 27 öfvervägande,
457 759 39 21 har
516 758 90 22 Ståndet
627 761 71 19 ansett
713 758 139 22 förevarande
868 758 53 27 peti-

96 788 44 20 tion
157 787 46 21 icke
218 787 110 21 föranleda
344 788 68 26 någon
429 788 74 26 åtgärd
519 787 47 21 från
583 788 131 21 Ständernas
729 787 52 21 sida.

165 856 161 27 Propositionen
343 856 128 21 besvarades
487 856 47 21 med
551 856 154 26 öfvervägande
721 852 40 41 nej,
771 856 5 21 i
785 856 51 25 följd
844 855 77 21 hvaraf

96 885 25 20 R.
148 891 19 14 o.
195 886 31 25 A.,
252 885 47 21 med
324 885 137 21 förkastande
478 885 23 20 af
514 884 122 21 Utskottets
652 885 79 26 förslag
746 885 5 20 i
768 884 81 27 frågan,
866 884 54 21 hade

97 913 87 21 beslutit
207 916 32 18 att
261 913 162 26 ifrågavarande
445 913 182 27 petitionsärende
649 913 46 21 icke
718 913 68 21 skulle
805 913 32 21 till
852 913 69 26 någon

95 942 74 21 vidare
184 942 75 27 åtgärd
282 930 120 37 föranleda;
425 942 88 21 hvarom
529 942 198 27 protokollsutdrag
743 942 68 21 skulle
827 941 48 27 afgå
890 941 33 21 till

96 970 141 22 Medstånden
254 973 55 19 samt
324 971 113 20 Allmänna
451 971 206 21 Besvärsutskottet.

421 1171 178 29 Folkhögskolorna.

166 1239 120 27 Föredrogs
311 1239 112 22 Allmänna
446 1239 209 22 Besvärsutskottets
678 1240 135 21 betänkande
833 1240 39 21 N:o
889 1240 11 20 9
916 1239 7 21 i

97 1268 114 27 anledning
234 1268 24 21 af
278 1269 104 20 särskilda
402 1269 6 20 i
424 1269 90 24 Preste-,
531 1269 104 26 Borgare-
651 1269 39 20 och
706 1269 163 21 Bondestånden
893 1269 31 19 in-

96 1296 98 21 lemnade
216 1297 181 26 petitionsförslag
417 1303 34 15 om
470 1297 115 21 anvisande
601 1297 22 21 af
638 1297 67 21 medel
721 1297 33 21 för
769 1297 116 21 understöd
902 1296 22 21 ät

97 1325 167 27 folkhögskolor.

166 1393 136 22 Diskussion:

166 1462 57 20 Frih.
246 1462 25 20 K.
295 1468 40 14 von
359 1462 139 21 Alfthan:
520 1463 41 26 Jag
581 1462 68 21 skulle
669 1462 26 21 be
713 1464 32 19 att
761 1463 21 20 få
797 1462 69 21 uttala
882 1462 43 20 min

96 1490 62 26 lifligt
184 1490 70 20 kända
278 1490 134 21 tacksamhet
434 1491 32 20 till
488 1491 113 21 Allmänna
624 1491 198 21 Besvärsutskottet
840 1490 33 21 för
888 1490 37 21 det

97 1519 79 20 vackra
191 1518 75 22 arbete
285 1518 109 22 Utskottet
411 1522 107 24 presterat
533 1520 6 20 i
555 1520 39 20 och
611 1520 47 20 med
675 1520 35 20 det
725 1520 23 20 af
762 1519 111 21 Utskottet
889 1525 35 15 en-
