<?xml version="1.0" encoding="UTF-8"?>
<alto xmlns="http://www.loc.gov/standards/alto/ns-v3#" xmlns:xlink="http://www.w3.org/1999/xlink" xmlns:xsi="http://www.w3.org/2001/XMLSchema-instance" xsi:schemaLocation="http://www.loc.gov/standards/alto/ns-v3# http://www.loc.gov/alto/v3/alto-3-0.xsd">
	<Description>
		<MeasurementUnit>pixel</MeasurementUnit>
		<sourceImageInformation>
			<fileName>/tmp/tess_idkh8e_j_input.PNG</fileName>
		</sourceImageInformation>
		<OCRProcessing ID="OCR_0">
			<ocrProcessingStep>
				<processingSoftware>
					<softwareName>tesseract 5.3.4</softwareName>
				</processingSoftware>
			</ocrProcessingStep>
		</OCRProcessing>
	</Description>
	<Layout>
		<Page WIDTH="1106" HEIGHT="1756" PHYSICAL_IMG_NR="0" ID="page_0">
			<PrintSpace HPOS="0" VPOS="0" WIDTH="1106" HEIGHT="1756">
				<ComposedBlock ID="cblock_0" HPOS="415" VPOS="117" WIDTH="464" HEIGHT="33">
					<TextBlock ID="block_0" HPOS="415" VPOS="117" WIDTH="464" HEIGHT="33">
						<TextLine ID="line_0" HPOS="415" VPOS="117" WIDTH="464" HEIGHT="33">
							<String ID="string_0" HPOS="415" VPOS="117" WIDTH="154" HEIGHT="33" WC="0.90" CONTENT="Hundskatten."/><SP WIDTH="271" VPOS="117" HPOS="569"/>
							<String ID="string_1" HPOS="840" VPOS="119" WIDTH="39" HEIGHT="21" WC="0.95" CONTENT="291"/>
						</TextLine>
					</TextBlock>
				</ComposedBlock>
				<GraphicalElement ID="cblock_1" HPOS="82" VPOS="154" WIDTH="829" HEIGHT="10"></GraphicalElement >
				<ComposedBlock ID="cblock_2" HPOS="84" VPOS="203" WIDTH="826" HEIGHT="56">
					<TextBlock ID="block_1" HPOS="84" VPOS="203" WIDTH="826" HEIGHT="56">
						<TextLine ID="line_1" HPOS="152" VPOS="203" WIDTH="758" HEIGHT="23">
							<String ID="string_2" HPOS="152" VPOS="203" WIDTH="81" HEIGHT="22" WC="0.96" CONTENT="Härom"/><SP WIDTH="21" VPOS="203" HPOS="233"/>
							<String ID="string_3" HPOS="254" VPOS="203" WIDTH="66" HEIGHT="22" WC="0.93" CONTENT="borde"/><SP WIDTH="22" VPOS="203" HPOS="320"/>
							<String ID="string_4" HPOS="342" VPOS="203" WIDTH="140" HEIGHT="22" WC="0.91" CONTENT="Medstånden"/><SP WIDTH="16" VPOS="203" HPOS="482"/>
							<String ID="string_5" HPOS="498" VPOS="204" WIDTH="39" HEIGHT="21" WC="0.97" CONTENT="och"/><SP WIDTH="16" VPOS="204" HPOS="537"/>
							<String ID="string_6" HPOS="553" VPOS="204" WIDTH="92" HEIGHT="22" WC="0.96" CONTENT="nämnda"/><SP WIDTH="15" VPOS="204" HPOS="645"/>
							<String ID="string_7" HPOS="660" VPOS="204" WIDTH="89" HEIGHT="22" WC="0.96" CONTENT="Utskott"/><SP WIDTH="15" VPOS="204" HPOS="749"/>
							<String ID="string_8" HPOS="764" VPOS="205" WIDTH="22" HEIGHT="21" WC="0.93" CONTENT="få"/><SP WIDTH="15" VPOS="205" HPOS="786"/>
							<String ID="string_9" HPOS="801" VPOS="204" WIDTH="109" HEIGHT="21" WC="0.93" CONTENT="underrät-"/>
						</TextLine>
						<TextLine ID="line_2" HPOS="84" VPOS="232" WIDTH="426" HEIGHT="27">
							<String ID="string_10" HPOS="84" VPOS="232" WIDTH="53" HEIGHT="22" WC="0.92" CONTENT="telse"/><SP WIDTH="15" VPOS="232" HPOS="137"/>
							<String ID="string_11" HPOS="152" VPOS="238" WIDTH="75" HEIGHT="21" WC="0.96" CONTENT="genom"/><SP WIDTH="15" VPOS="238" HPOS="227"/>
							<String ID="string_12" HPOS="242" VPOS="232" WIDTH="77" HEIGHT="27" WC="0.96" CONTENT="utdrag"/><SP WIDTH="15" VPOS="232" HPOS="319"/>
							<String ID="string_13" HPOS="334" VPOS="239" WIDTH="25" HEIGHT="15" WC="0.96" CONTENT="ur"/><SP WIDTH="15" VPOS="239" HPOS="359"/>
							<String ID="string_14" HPOS="374" VPOS="232" WIDTH="136" HEIGHT="27" WC="0.96" CONTENT="protokollet."/>
						</TextLine>
					</TextBlock>
				</ComposedBlock>
				<ComposedBlock ID="cblock_3" HPOS="338" VPOS="375" WIDTH="321" HEIGHT="30">
					<TextBlock ID="block_2" HPOS="338" VPOS="375" WIDTH="321" HEIGHT="30">
						<TextLine ID="line_3" HPOS="338" VPOS="375" WIDTH="321" HEIGHT="30">
							<String ID="string_15" HPOS="338" VPOS="375" WIDTH="87" HEIGHT="30" WC="0.92" CONTENT="Yppande"/><SP WIDTH="16" VPOS="375" HPOS="425"/>
							<String ID="string_16" HPOS="441" VPOS="376" WIDTH="20" HEIGHT="23" WC="0.93" CONTENT="af"/><SP WIDTH="15" VPOS="376" HPOS="461"/>
							<String ID="string_17" HPOS="476" VPOS="376" WIDTH="183" HEIGHT="29" WC="0.90" CONTENT="statshemligheter."/>
						</TextLine>
					</TextBlock>
				</ComposedBlock>
				<ComposedBlock ID="cblock_4" HPOS="85" VPOS="433" WIDTH="828" HEIGHT="85">
					<TextBlock ID="block_3" HPOS="85" VPOS="433" WIDTH="828" HEIGHT="85">
						<TextLine ID="line_4" HPOS="153" VPOS="433" WIDTH="760" HEIGHT="28">
							<String ID="string_18" HPOS="153" VPOS="433" WIDTH="54" HEIGHT="22" WC="0.95" CONTENT="Nåd."/><SP WIDTH="22" VPOS="433" HPOS="207"/>
							<String ID="string_19" HPOS="229" VPOS="440" WIDTH="59" HEIGHT="21" WC="0.96" CONTENT="prop."/><SP WIDTH="23" VPOS="440" HPOS="288"/>
							<String ID="string_20" HPOS="311" VPOS="433" WIDTH="41" HEIGHT="22" WC="0.95" CONTENT="N:o"/><SP WIDTH="25" VPOS="433" HPOS="352"/>
							<String ID="string_21" HPOS="377" VPOS="435" WIDTH="32" HEIGHT="23" WC="0.96" CONTENT="13,"/><SP WIDTH="23" VPOS="435" HPOS="409"/>
							<String ID="string_22" HPOS="432" VPOS="434" WIDTH="109" HEIGHT="26" WC="0.96" CONTENT="angående"/><SP WIDTH="24" VPOS="434" HPOS="541"/>
							<String ID="string_23" HPOS="565" VPOS="441" WIDTH="77" HEIGHT="15" WC="0.96" CONTENT="ansvar"/><SP WIDTH="20" VPOS="441" HPOS="642"/>
							<String ID="string_24" HPOS="662" VPOS="434" WIDTH="33" HEIGHT="21" WC="0.93" CONTENT="för"/><SP WIDTH="15" VPOS="434" HPOS="695"/>
							<String ID="string_25" HPOS="710" VPOS="434" WIDTH="165" HEIGHT="27" WC="0.91" CONTENT="uppenbarande"/><SP WIDTH="16" VPOS="434" HPOS="875"/>
							<String ID="string_26" HPOS="891" VPOS="433" WIDTH="22" HEIGHT="22" WC="0.96" CONTENT="af"/>
						</TextLine>
						<TextLine ID="line_5" HPOS="85" VPOS="462" WIDTH="826" HEIGHT="27">
							<String ID="string_27" HPOS="85" VPOS="462" WIDTH="199" HEIGHT="27" WC="0.90" CONTENT="statshemligheter,"/><SP WIDTH="23" VPOS="462" HPOS="284"/>
							<String ID="string_28" HPOS="307" VPOS="462" WIDTH="148" HEIGHT="22" WC="0.96" CONTENT="remitterades"/><SP WIDTH="17" VPOS="462" HPOS="455"/>
							<String ID="string_29" HPOS="472" VPOS="462" WIDTH="32" HEIGHT="21" WC="0.93" CONTENT="till"/><SP WIDTH="15" VPOS="462" HPOS="504"/>
							<String ID="string_30" HPOS="519" VPOS="463" WIDTH="163" HEIGHT="26" WC="0.92" CONTENT="Lagutskottet;"/><SP WIDTH="16" VPOS="463" HPOS="682"/>
							<String ID="string_31" HPOS="698" VPOS="463" WIDTH="81" HEIGHT="21" WC="0.96" CONTENT="hvilket"/><SP WIDTH="14" VPOS="463" HPOS="779"/>
							<String ID="string_32" HPOS="793" VPOS="463" WIDTH="68" HEIGHT="21" WC="0.93" CONTENT="skulle"/><SP WIDTH="14" VPOS="463" HPOS="861"/>
							<String ID="string_33" HPOS="875" VPOS="469" WIDTH="36" HEIGHT="20" WC="0.92" CONTENT="ge-"/>
						</TextLine>
						<TextLine ID="line_6" HPOS="85" VPOS="491" WIDTH="783" HEIGHT="27">
							<String ID="string_34" HPOS="85" VPOS="497" WIDTH="49" HEIGHT="16" WC="0.93" CONTENT="nom"/><SP WIDTH="16" VPOS="497" HPOS="134"/>
							<String ID="string_35" HPOS="150" VPOS="491" WIDTH="194" HEIGHT="27" WC="0.90" CONTENT="protokollsutdrag"/><SP WIDTH="16" VPOS="491" HPOS="344"/>
							<String ID="string_36" HPOS="360" VPOS="491" WIDTH="107" HEIGHT="22" WC="0.96" CONTENT="meddelas"/><SP WIDTH="16" VPOS="491" HPOS="467"/>
							<String ID="string_37" HPOS="483" VPOS="491" WIDTH="65" HEIGHT="27" WC="0.96" CONTENT="sagda"/><SP WIDTH="14" VPOS="491" HPOS="548"/>
							<String ID="string_38" HPOS="562" VPOS="491" WIDTH="89" HEIGHT="22" WC="0.96" CONTENT="Utskott"/><SP WIDTH="16" VPOS="491" HPOS="651"/>
							<String ID="string_39" HPOS="667" VPOS="491" WIDTH="40" HEIGHT="22" WC="0.93" CONTENT="och"/><SP WIDTH="16" VPOS="491" HPOS="707"/>
							<String ID="string_40" HPOS="723" VPOS="492" WIDTH="145" HEIGHT="21" WC="0.91" CONTENT="Medstånden."/>
						</TextLine>
					</TextBlock>
				</ComposedBlock>
				<ComposedBlock ID="cblock_5" HPOS="394" VPOS="634" WIDTH="211" HEIGHT="30">
					<TextBlock ID="block_4" HPOS="394" VPOS="634" WIDTH="211" HEIGHT="30">
						<TextLine ID="line_7" HPOS="394" VPOS="634" WIDTH="211" HEIGHT="30">
							<String ID="string_41" HPOS="394" VPOS="634" WIDTH="89" HEIGHT="23" WC="0.93" CONTENT="Enskilda"/><SP WIDTH="14" VPOS="634" HPOS="483"/>
							<String ID="string_42" HPOS="497" VPOS="635" WIDTH="108" HEIGHT="29" WC="0.80" CONTENT="jernvägar."/>
						</TextLine>
					</TextBlock>
				</ComposedBlock>
				<ComposedBlock ID="cblock_6" HPOS="86" VPOS="691" WIDTH="828" HEIGHT="85">
					<TextBlock ID="block_5" HPOS="86" VPOS="691" WIDTH="828" HEIGHT="85">
						<TextLine ID="line_8" HPOS="154" VPOS="691" WIDTH="760" HEIGHT="29">
							<String ID="string_43" HPOS="154" VPOS="691" WIDTH="53" HEIGHT="21" WC="0.95" CONTENT="Nåd."/><SP WIDTH="17" VPOS="691" HPOS="207"/>
							<String ID="string_44" HPOS="224" VPOS="698" WIDTH="60" HEIGHT="21" WC="0.94" CONTENT="prop."/><SP WIDTH="16" VPOS="698" HPOS="284"/>
							<String ID="string_45" HPOS="300" VPOS="692" WIDTH="40" HEIGHT="21" WC="0.95" CONTENT="N:o"/><SP WIDTH="17" VPOS="692" HPOS="340"/>
							<String ID="string_46" HPOS="357" VPOS="693" WIDTH="26" HEIGHT="20" WC="0.96" CONTENT="14"/><SP WIDTH="16" VPOS="693" HPOS="383"/>
							<String ID="string_47" HPOS="399" VPOS="699" WIDTH="34" HEIGHT="15" WC="0.96" CONTENT="om"/><SP WIDTH="16" VPOS="699" HPOS="433"/>
							<String ID="string_48" HPOS="449" VPOS="692" WIDTH="80" HEIGHT="22" WC="0.96" CONTENT="ändrad"/><SP WIDTH="16" VPOS="692" HPOS="529"/>
							<String ID="string_49" HPOS="545" VPOS="693" WIDTH="80" HEIGHT="27" WC="0.96" CONTENT="lydelse"/><SP WIDTH="18" VPOS="693" HPOS="625"/>
							<String ID="string_50" HPOS="643" VPOS="692" WIDTH="22" HEIGHT="22" WC="0.96" CONTENT="af"/><SP WIDTH="14" VPOS="692" HPOS="665"/>
							<String ID="string_51" HPOS="679" VPOS="693" WIDTH="25" HEIGHT="27" WC="0.95" CONTENT="$$"/><SP WIDTH="17" VPOS="693" HPOS="704"/>
							<String ID="string_52" HPOS="721" VPOS="694" WIDTH="12" HEIGHT="20" WC="0.96" CONTENT="2"/><SP WIDTH="16" VPOS="694" HPOS="733"/>
							<String ID="string_53" HPOS="749" VPOS="692" WIDTH="39" HEIGHT="22" WC="0.96" CONTENT="och"/><SP WIDTH="18" VPOS="692" HPOS="788"/>
							<String ID="string_54" HPOS="806" VPOS="694" WIDTH="23" HEIGHT="20" WC="0.96" CONTENT="11"/><SP WIDTH="18" VPOS="694" HPOS="829"/>
							<String ID="string_55" HPOS="847" VPOS="692" WIDTH="6" HEIGHT="21" WC="0.92" CONTENT="i"/><SP WIDTH="11" VPOS="692" HPOS="853"/>
							<String ID="string_56" HPOS="864" VPOS="692" WIDTH="50" HEIGHT="22" WC="0.92" CONTENT="nåd."/>
						</TextLine>
						<TextLine ID="line_9" HPOS="86" VPOS="720" WIDTH="827" HEIGHT="28">
							<String ID="string_57" HPOS="86" VPOS="720" WIDTH="91" HEIGHT="22" WC="0.91" CONTENT="förordn."/><SP WIDTH="17" VPOS="720" HPOS="177"/>
							<String ID="string_58" HPOS="194" VPOS="721" WIDTH="108" HEIGHT="26" WC="0.96" CONTENT="angående"/><SP WIDTH="16" VPOS="721" HPOS="302"/>
							<String ID="string_59" HPOS="318" VPOS="721" WIDTH="95" HEIGHT="21" WC="0.93" CONTENT="enskilda"/><SP WIDTH="12" VPOS="721" HPOS="413"/>
							<String ID="string_60" HPOS="425" VPOS="721" WIDTH="114" HEIGHT="27" WC="0.91" CONTENT="jernvägar"/><SP WIDTH="18" VPOS="721" HPOS="539"/>
							<String ID="string_61" HPOS="557" VPOS="722" WIDTH="32" HEIGHT="20" WC="0.96" CONTENT="för"/><SP WIDTH="15" VPOS="722" HPOS="589"/>
							<String ID="string_62" HPOS="604" VPOS="722" WIDTH="79" HEIGHT="21" WC="0.96" CONTENT="allmän"/><SP WIDTH="15" VPOS="722" HPOS="683"/>
							<String ID="string_63" HPOS="698" VPOS="721" WIDTH="124" HEIGHT="22" WC="0.96" CONTENT="samfärdsel"/><SP WIDTH="19" VPOS="721" HPOS="822"/>
							<String ID="string_64" HPOS="841" VPOS="721" WIDTH="21" HEIGHT="21" WC="0.96" CONTENT="af"/><SP WIDTH="10" VPOS="721" HPOS="862"/>
							<String ID="string_65" HPOS="872" VPOS="721" WIDTH="41" HEIGHT="21" WC="0.96" CONTENT="den"/>
						</TextLine>
						<TextLine ID="line_10" HPOS="89" VPOS="749" WIDTH="555" HEIGHT="27">
							<String ID="string_66" HPOS="89" VPOS="750" WIDTH="24" HEIGHT="20" WC="0.95" CONTENT="15"/><SP WIDTH="16" VPOS="750" HPOS="113"/>
							<String ID="string_67" HPOS="129" VPOS="749" WIDTH="59" HEIGHT="27" WC="0.95" CONTENT="April"/><SP WIDTH="17" VPOS="749" HPOS="188"/>
							<String ID="string_68" HPOS="205" VPOS="750" WIDTH="54" HEIGHT="20" WC="0.96" CONTENT="1889"/><SP WIDTH="15" VPOS="750" HPOS="259"/>
							<String ID="string_69" HPOS="274" VPOS="750" WIDTH="147" HEIGHT="21" WC="0.95" CONTENT="remitterades"/><SP WIDTH="16" VPOS="750" HPOS="421"/>
							<String ID="string_70" HPOS="437" VPOS="750" WIDTH="33" HEIGHT="21" WC="0.93" CONTENT="till"/><SP WIDTH="15" VPOS="750" HPOS="470"/>
							<String ID="string_71" HPOS="485" VPOS="750" WIDTH="159" HEIGHT="26" WC="0.92" CONTENT="Lagutskottet."/>
						</TextLine>
					</TextBlock>
				</ComposedBlock>
				<ComposedBlock ID="cblock_7" HPOS="87" VPOS="806" WIDTH="827" HEIGHT="56">
					<TextBlock ID="block_6" HPOS="87" VPOS="806" WIDTH="827" HEIGHT="56">
						<TextLine ID="line_11" HPOS="155" VPOS="806" WIDTH="759" HEIGHT="28">
							<String ID="string_72" HPOS="155" VPOS="806" WIDTH="80" HEIGHT="22" WC="0.96" CONTENT="Härom"/><SP WIDTH="23" VPOS="806" HPOS="235"/>
							<String ID="string_73" HPOS="258" VPOS="806" WIDTH="67" HEIGHT="22" WC="0.93" CONTENT="borde"/><SP WIDTH="23" VPOS="806" HPOS="325"/>
							<String ID="string_74" HPOS="348" VPOS="807" WIDTH="139" HEIGHT="21" WC="0.92" CONTENT="Medstånden"/><SP WIDTH="20" VPOS="807" HPOS="487"/>
							<String ID="string_75" HPOS="507" VPOS="807" WIDTH="39" HEIGHT="21" WC="0.91" CONTENT="och"/><SP WIDTH="16" VPOS="807" HPOS="546"/>
							<String ID="string_76" HPOS="562" VPOS="807" WIDTH="152" HEIGHT="27" WC="0.91" CONTENT="Lagutskottet"/><SP WIDTH="15" VPOS="807" HPOS="714"/>
							<String ID="string_77" HPOS="729" VPOS="808" WIDTH="134" HEIGHT="21" WC="0.93" CONTENT="underrättas"/><SP WIDTH="15" VPOS="808" HPOS="863"/>
							<String ID="string_78" HPOS="878" VPOS="813" WIDTH="36" HEIGHT="21" WC="0.88" CONTENT="ge-"/>
						</TextLine>
						<TextLine ID="line_12" HPOS="87" VPOS="835" WIDTH="334" HEIGHT="27">
							<String ID="string_79" HPOS="87" VPOS="840" WIDTH="49" HEIGHT="16" WC="0.96" CONTENT="nom"/><SP WIDTH="15" VPOS="840" HPOS="136"/>
							<String ID="string_80" HPOS="151" VPOS="835" WIDTH="77" HEIGHT="26" WC="0.95" CONTENT="utdrag"/><SP WIDTH="16" VPOS="835" HPOS="228"/>
							<String ID="string_81" HPOS="244" VPOS="841" WIDTH="24" HEIGHT="15" WC="0.95" CONTENT="ur"/><SP WIDTH="18" VPOS="841" HPOS="268"/>
							<String ID="string_82" HPOS="286" VPOS="835" WIDTH="135" HEIGHT="27" WC="0.96" CONTENT="protokollet."/>
						</TextLine>
					</TextBlock>
				</ComposedBlock>
				<ComposedBlock ID="cblock_8" HPOS="210" VPOS="978" WIDTH="585" HEIGHT="30">
					<TextBlock ID="block_7" HPOS="210" VPOS="978" WIDTH="585" HEIGHT="30">
						<TextLine ID="line_13" HPOS="210" VPOS="978" WIDTH="585" HEIGHT="30">
							<String ID="string_83" HPOS="210" VPOS="978" WIDTH="66" HEIGHT="24" WC="0.96" CONTENT="Rabatt"/><SP WIDTH="16" VPOS="978" HPOS="276"/>
							<String ID="string_84" HPOS="292" VPOS="978" WIDTH="19" HEIGHT="24" WC="0.93" CONTENT="åt"/><SP WIDTH="15" VPOS="978" HPOS="311"/>
							<String ID="string_85" HPOS="326" VPOS="979" WIDTH="121" HEIGHT="29" WC="0.90" CONTENT="skolungdom"/><SP WIDTH="16" VPOS="979" HPOS="447"/>
							<String ID="string_86" HPOS="463" VPOS="979" WIDTH="31" HEIGHT="23" WC="0.96" CONTENT="för"/><SP WIDTH="15" VPOS="979" HPOS="494"/>
							<String ID="string_87" HPOS="509" VPOS="986" WIDTH="57" HEIGHT="17" WC="0.93" CONTENT="resor"/><SP WIDTH="16" VPOS="986" HPOS="566"/>
							<String ID="string_88" HPOS="582" VPOS="979" WIDTH="11" HEIGHT="23" WC="0.92" CONTENT="å"/><SP WIDTH="16" VPOS="979" HPOS="593"/>
							<String ID="string_89" HPOS="609" VPOS="980" WIDTH="186" HEIGHT="28" WC="0.87" CONTENT="statsjernvägarne."/>
						</TextLine>
					</TextBlock>
				</ComposedBlock>
				<ComposedBlock ID="cblock_9" HPOS="88" VPOS="1036" WIDTH="828" HEIGHT="113">
					<TextBlock ID="block_8" HPOS="88" VPOS="1036" WIDTH="828" HEIGHT="113">
						<TextLine ID="line_14" HPOS="157" VPOS="1036" WIDTH="759" HEIGHT="27">
							<String ID="string_90" HPOS="157" VPOS="1036" WIDTH="119" HEIGHT="26" WC="0.96" CONTENT="Föredrogs"/><SP WIDTH="24" VPOS="1036" HPOS="276"/>
							<String ID="string_91" HPOS="300" VPOS="1036" WIDTH="113" HEIGHT="22" WC="0.93" CONTENT="Allmänna"/><SP WIDTH="22" VPOS="1036" HPOS="413"/>
							<String ID="string_92" HPOS="435" VPOS="1037" WIDTH="207" HEIGHT="21" WC="0.91" CONTENT="Besvärsutskottets"/><SP WIDTH="19" VPOS="1037" HPOS="642"/>
							<String ID="string_93" HPOS="661" VPOS="1037" WIDTH="71" HEIGHT="21" WC="0.92" CONTENT="härtill"/><SP WIDTH="17" VPOS="1037" HPOS="732"/>
							<String ID="string_94" HPOS="749" VPOS="1037" WIDTH="116" HEIGHT="26" WC="0.91" CONTENT="bordlagda"/><SP WIDTH="16" VPOS="1037" HPOS="865"/>
							<String ID="string_95" HPOS="881" VPOS="1036" WIDTH="35" HEIGHT="22" WC="0.92" CONTENT="be-"/>
						</TextLine>
						<TextLine ID="line_15" HPOS="88" VPOS="1064" WIDTH="827" HEIGHT="28">
							<String ID="string_96" HPOS="88" VPOS="1064" WIDTH="106" HEIGHT="22" WC="0.96" CONTENT="tänkande"/><SP WIDTH="16" VPOS="1064" HPOS="194"/>
							<String ID="string_97" HPOS="210" VPOS="1064" WIDTH="39" HEIGHT="22" WC="0.95" CONTENT="N:o"/><SP WIDTH="17" VPOS="1064" HPOS="249"/>
							<String ID="string_98" HPOS="266" VPOS="1066" WIDTH="9" HEIGHT="20" WC="0.93" CONTENT="1"/><SP WIDTH="18" VPOS="1066" HPOS="275"/>
							<String ID="string_99" HPOS="293" VPOS="1065" WIDTH="7" HEIGHT="20" WC="0.96" CONTENT="i"/><SP WIDTH="15" VPOS="1065" HPOS="300"/>
							<String ID="string_100" HPOS="315" VPOS="1065" WIDTH="113" HEIGHT="27" WC="0.96" CONTENT="anledning"/><SP WIDTH="16" VPOS="1065" HPOS="428"/>
							<String ID="string_101" HPOS="444" VPOS="1065" WIDTH="22" HEIGHT="21" WC="0.96" CONTENT="af"/><SP WIDTH="14" VPOS="1065" HPOS="466"/>
							<String ID="string_102" HPOS="480" VPOS="1068" WIDTH="31" HEIGHT="18" WC="0.93" CONTENT="ett"/><SP WIDTH="10" VPOS="1068" HPOS="511"/>
							<String ID="string_103" HPOS="521" VPOS="1066" WIDTH="6" HEIGHT="20" WC="0.93" CONTENT="i"/><SP WIDTH="11" VPOS="1066" HPOS="527"/>
							<String ID="string_104" HPOS="538" VPOS="1066" WIDTH="182" HEIGHT="26" WC="0.90" CONTENT="Borgareståndet"/><SP WIDTH="13" VPOS="1066" HPOS="720"/>
							<String ID="string_105" HPOS="733" VPOS="1066" WIDTH="62" HEIGHT="21" WC="0.93" CONTENT="väckt"/><SP WIDTH="10" VPOS="1066" HPOS="795"/>
							<String ID="string_106" HPOS="805" VPOS="1065" WIDTH="110" HEIGHT="27" WC="0.92" CONTENT="petitions-"/>
						</TextLine>
						<TextLine ID="line_16" HPOS="88" VPOS="1092" WIDTH="828" HEIGHT="29">
							<String ID="string_107" HPOS="88" VPOS="1092" WIDTH="78" HEIGHT="27" WC="0.96" CONTENT="förslag"/><SP WIDTH="22" VPOS="1092" HPOS="166"/>
							<String ID="string_108" HPOS="188" VPOS="1100" WIDTH="33" HEIGHT="14" WC="0.95" CONTENT="om"/><SP WIDTH="25" VPOS="1100" HPOS="221"/>
							<String ID="string_109" HPOS="246" VPOS="1093" WIDTH="116" HEIGHT="27" WC="0.95" CONTENT="beviljande"/><SP WIDTH="24" VPOS="1093" HPOS="362"/>
							<String ID="string_110" HPOS="386" VPOS="1093" WIDTH="22" HEIGHT="21" WC="0.96" CONTENT="af"/><SP WIDTH="21" VPOS="1093" HPOS="408"/>
							<String ID="string_111" HPOS="429" VPOS="1094" WIDTH="72" HEIGHT="21" WC="0.96" CONTENT="rabatt"/><SP WIDTH="15" VPOS="1094" HPOS="501"/>
							<String ID="string_112" HPOS="516" VPOS="1095" WIDTH="23" HEIGHT="20" WC="0.96" CONTENT="åt"/><SP WIDTH="15" VPOS="1095" HPOS="539"/>
							<String ID="string_113" HPOS="554" VPOS="1094" WIDTH="83" HEIGHT="22" WC="0.93" CONTENT="landets"/><SP WIDTH="15" VPOS="1094" HPOS="637"/>
							<String ID="string_114" HPOS="652" VPOS="1094" WIDTH="141" HEIGHT="27" WC="0.92" CONTENT="skolungdom"/><SP WIDTH="16" VPOS="1094" HPOS="793"/>
							<String ID="string_115" HPOS="809" VPOS="1094" WIDTH="32" HEIGHT="22" WC="0.96" CONTENT="för"/><SP WIDTH="15" VPOS="1094" HPOS="841"/>
							<String ID="string_116" HPOS="856" VPOS="1100" WIDTH="60" HEIGHT="16" WC="0.96" CONTENT="resor"/>
						</TextLine>
						<TextLine ID="line_17" HPOS="88" VPOS="1122" WIDTH="576" HEIGHT="27">
							<String ID="string_117" HPOS="88" VPOS="1122" WIDTH="27" HEIGHT="26" WC="0.93" CONTENT="på"/><SP WIDTH="15" VPOS="1122" HPOS="115"/>
							<String ID="string_118" HPOS="130" VPOS="1122" WIDTH="197" HEIGHT="27" WC="0.91" CONTENT="statsjernvägarne,"/><SP WIDTH="16" VPOS="1122" HPOS="327"/>
							<String ID="string_119" HPOS="343" VPOS="1122" WIDTH="88" HEIGHT="22" WC="0.96" CONTENT="hvarvid"/><SP WIDTH="16" VPOS="1122" HPOS="431"/>
							<String ID="string_120" HPOS="447" VPOS="1122" WIDTH="61" HEIGHT="22" WC="0.96" CONTENT="ordet"/><SP WIDTH="17" VPOS="1122" HPOS="508"/>
							<String ID="string_121" HPOS="525" VPOS="1123" WIDTH="101" HEIGHT="26" WC="0.96" CONTENT="begärdes"/><SP WIDTH="17" VPOS="1123" HPOS="626"/>
							<String ID="string_122" HPOS="643" VPOS="1123" WIDTH="21" HEIGHT="21" WC="0.96" CONTENT="af"/>
						</TextLine>
					</TextBlock>
				</ComposedBlock>
				<ComposedBlock ID="cblock_10" HPOS="87" VPOS="1179" WIDTH="832" HEIGHT="370">
					<TextBlock ID="block_9" HPOS="87" VPOS="1179" WIDTH="832" HEIGHT="370">
						<TextLine ID="line_18" HPOS="156" VPOS="1179" WIDTH="761" HEIGHT="28">
							<String ID="string_123" HPOS="156" VPOS="1179" WIDTH="56" HEIGHT="21" WC="0.91" CONTENT="Frih."/><SP WIDTH="18" VPOS="1179" HPOS="212"/>
							<String ID="string_124" HPOS="230" VPOS="1186" WIDTH="40" HEIGHT="14" WC="0.96" CONTENT="von"/><SP WIDTH="15" VPOS="1186" HPOS="270"/>
							<String ID="string_125" HPOS="285" VPOS="1179" WIDTH="156" HEIGHT="26" WC="0.96" CONTENT="Bonsdorff,"/><SP WIDTH="17" VPOS="1179" HPOS="441"/>
							<String ID="string_126" HPOS="458" VPOS="1186" WIDTH="45" HEIGHT="14" WC="0.96" CONTENT="som"/><SP WIDTH="16" VPOS="1186" HPOS="503"/>
							<String ID="string_127" HPOS="519" VPOS="1180" WIDTH="92" HEIGHT="26" WC="0.95" CONTENT="yttrade:"/><SP WIDTH="25" VPOS="1180" HPOS="611"/>
							<String ID="string_128" HPOS="636" VPOS="1180" WIDTH="46" HEIGHT="21" WC="0.95" CONTENT="Den"/><SP WIDTH="17" VPOS="1180" HPOS="682"/>
							<String ID="string_129" HPOS="699" VPOS="1180" WIDTH="96" HEIGHT="27" WC="0.96" CONTENT="petition,"/><SP WIDTH="15" VPOS="1180" HPOS="795"/>
							<String ID="string_130" HPOS="810" VPOS="1186" WIDTH="46" HEIGHT="15" WC="0.93" CONTENT="som"/><SP WIDTH="16" VPOS="1186" HPOS="856"/>
							<String ID="string_131" HPOS="872" VPOS="1180" WIDTH="45" HEIGHT="20" WC="0.91" CONTENT="All-"/>
						</TextLine>
						<TextLine ID="line_19" HPOS="88" VPOS="1208" WIDTH="828" HEIGHT="26">
							<String ID="string_132" HPOS="88" VPOS="1209" WIDTH="77" HEIGHT="20" WC="0.91" CONTENT="männa"/><SP WIDTH="21" VPOS="1209" HPOS="165"/>
							<String ID="string_133" HPOS="186" VPOS="1208" WIDTH="196" HEIGHT="21" WC="0.60" CONTENT="Besvärsutskoltet"/><SP WIDTH="23" VPOS="1208" HPOS="382"/>
							<String ID="string_134" HPOS="405" VPOS="1208" WIDTH="115" HEIGHT="21" WC="0.96" CONTENT="behandlat"/><SP WIDTH="22" VPOS="1208" HPOS="520"/>
							<String ID="string_135" HPOS="542" VPOS="1208" WIDTH="6" HEIGHT="20" WC="0.96" CONTENT="i"/><SP WIDTH="17" VPOS="1208" HPOS="548"/>
							<String ID="string_136" HPOS="565" VPOS="1208" WIDTH="58" HEIGHT="22" WC="0.96" CONTENT="detta"/><SP WIDTH="16" VPOS="1208" HPOS="623"/>
							<String ID="string_137" HPOS="639" VPOS="1209" WIDTH="37" HEIGHT="21" WC="0.96" CONTENT="sitt"/><SP WIDTH="15" VPOS="1209" HPOS="676"/>
							<String ID="string_138" HPOS="691" VPOS="1208" WIDTH="134" HEIGHT="22" WC="0.96" CONTENT="betänkande"/><SP WIDTH="16" VPOS="1208" HPOS="825"/>
							<String ID="string_139" HPOS="841" VPOS="1208" WIDTH="39" HEIGHT="21" WC="0.96" CONTENT="N:o"/><SP WIDTH="18" VPOS="1208" HPOS="880"/>
							<String ID="string_140" HPOS="898" VPOS="1210" WIDTH="18" HEIGHT="24" WC="0.96" CONTENT="1,"/>
						</TextLine>
						<TextLine ID="line_20" HPOS="88" VPOS="1236" WIDTH="829" HEIGHT="27">
							<String ID="string_141" HPOS="88" VPOS="1236" WIDTH="78" HEIGHT="21" WC="0.96" CONTENT="vittnar"/><SP WIDTH="15" VPOS="1236" HPOS="166"/>
							<String ID="string_142" HPOS="181" VPOS="1242" WIDTH="34" HEIGHT="15" WC="0.96" CONTENT="om"/><SP WIDTH="16" VPOS="1242" HPOS="215"/>
							<String ID="string_143" HPOS="231" VPOS="1243" WIDTH="25" HEIGHT="14" WC="0.96" CONTENT="en"/><SP WIDTH="16" VPOS="1243" HPOS="256"/>
							<String ID="string_144" HPOS="272" VPOS="1237" WIDTH="41" HEIGHT="26" WC="0.96" CONTENT="hög"/><SP WIDTH="15" VPOS="1237" HPOS="313"/>
							<String ID="string_145" HPOS="328" VPOS="1237" WIDTH="53" HEIGHT="26" WC="0.96" CONTENT="grad"/><SP WIDTH="15" VPOS="1237" HPOS="381"/>
							<String ID="string_146" HPOS="396" VPOS="1236" WIDTH="21" HEIGHT="22" WC="0.96" CONTENT="af"/><SP WIDTH="15" VPOS="1236" HPOS="417"/>
							<String ID="string_147" HPOS="432" VPOS="1239" WIDTH="71" HEIGHT="19" WC="0.96" CONTENT="värme"/><SP WIDTH="16" VPOS="1239" HPOS="503"/>
							<String ID="string_148" HPOS="519" VPOS="1237" WIDTH="39" HEIGHT="21" WC="0.97" CONTENT="och"/><SP WIDTH="16" VPOS="1237" HPOS="558"/>
							<String ID="string_149" HPOS="574" VPOS="1237" WIDTH="63" HEIGHT="21" WC="0.96" CONTENT="vaket"/><SP WIDTH="15" VPOS="1237" HPOS="637"/>
							<String ID="string_150" HPOS="652" VPOS="1237" WIDTH="90" HEIGHT="21" WC="0.96" CONTENT="intresse"/><SP WIDTH="16" VPOS="1237" HPOS="742"/>
							<String ID="string_151" HPOS="758" VPOS="1237" WIDTH="32" HEIGHT="21" WC="0.96" CONTENT="för"/><SP WIDTH="16" VPOS="1237" HPOS="790"/>
							<String ID="string_152" HPOS="806" VPOS="1237" WIDTH="40" HEIGHT="21" WC="0.93" CONTENT="den"/><SP WIDTH="16" VPOS="1237" HPOS="846"/>
							<String ID="string_153" HPOS="862" VPOS="1237" WIDTH="55" HEIGHT="21" WC="0.91" CONTENT="kun-"/>
						</TextLine>
						<TextLine ID="line_21" HPOS="88" VPOS="1265" WIDTH="829" HEIGHT="28">
							<String ID="string_154" HPOS="88" VPOS="1265" WIDTH="157" HEIGHT="26" WC="0.91" CONTENT="skapssökande"/><SP WIDTH="16" VPOS="1265" HPOS="245"/>
							<String ID="string_155" HPOS="261" VPOS="1266" WIDTH="130" HEIGHT="27" WC="0.96" CONTENT="ungdomens"/><SP WIDTH="16" VPOS="1266" HPOS="391"/>
							<String ID="string_156" HPOS="407" VPOS="1265" WIDTH="68" HEIGHT="22" WC="0.95" CONTENT="bästa."/><SP WIDTH="34" VPOS="1265" HPOS="475"/>
							<String ID="string_157" HPOS="509" VPOS="1266" WIDTH="37" HEIGHT="21" WC="0.95" CONTENT="Alt"/><SP WIDTH="15" VPOS="1266" HPOS="546"/>
							<String ID="string_158" HPOS="561" VPOS="1265" WIDTH="74" HEIGHT="22" WC="0.96" CONTENT="arbete"/><SP WIDTH="16" VPOS="1265" HPOS="635"/>
							<String ID="string_159" HPOS="651" VPOS="1268" WIDTH="24" HEIGHT="19" WC="0.96" CONTENT="är"/><SP WIDTH="13" VPOS="1268" HPOS="675"/>
							<String ID="string_160" HPOS="688" VPOS="1266" WIDTH="24" HEIGHT="27" WC="0.92" CONTENT="ju"/><SP WIDTH="18" VPOS="1266" HPOS="712"/>
							<String ID="string_161" HPOS="730" VPOS="1265" WIDTH="136" HEIGHT="22" WC="0.91" CONTENT="berömvärdt"/><SP WIDTH="11" VPOS="1265" HPOS="866"/>
							<String ID="string_162" HPOS="877" VPOS="1265" WIDTH="40" HEIGHT="22" WC="0.96" CONTENT="och"/>
						</TextLine>
						<TextLine ID="line_22" HPOS="87" VPOS="1293" WIDTH="830" HEIGHT="28">
							<String ID="string_163" HPOS="87" VPOS="1293" WIDTH="67" HEIGHT="21" WC="0.96" CONTENT="borde"/><SP WIDTH="21" VPOS="1293" HPOS="154"/>
							<String ID="string_164" HPOS="175" VPOS="1293" WIDTH="34" HEIGHT="22" WC="0.96" CONTENT="väl"/><SP WIDTH="22" VPOS="1293" HPOS="209"/>
							<String ID="string_165" HPOS="231" VPOS="1296" WIDTH="94" HEIGHT="19" WC="0.96" CONTENT="närmast"/><SP WIDTH="15" VPOS="1296" HPOS="325"/>
							<String ID="string_166" HPOS="340" VPOS="1295" WIDTH="71" HEIGHT="20" WC="0.93" CONTENT="kunna"/><SP WIDTH="18" VPOS="1295" HPOS="411"/>
							<String ID="string_167" HPOS="429" VPOS="1295" WIDTH="95" HEIGHT="26" WC="0.92" CONTENT="påräkna"/><SP WIDTH="15" VPOS="1295" HPOS="524"/>
							<String ID="string_168" HPOS="539" VPOS="1295" WIDTH="116" HEIGHT="20" WC="0.96" CONTENT="understöd"/><SP WIDTH="16" VPOS="1295" HPOS="655"/>
							<String ID="string_169" HPOS="671" VPOS="1295" WIDTH="22" HEIGHT="21" WC="0.96" CONTENT="af"/><SP WIDTH="14" VPOS="1295" HPOS="693"/>
							<String ID="string_170" HPOS="707" VPOS="1295" WIDTH="26" HEIGHT="21" WC="0.96" CONTENT="de"/><SP WIDTH="15" VPOS="1295" HPOS="733"/>
							<String ID="string_171" HPOS="748" VPOS="1300" WIDTH="107" HEIGHT="21" WC="0.96" CONTENT="personer,"/><SP WIDTH="16" VPOS="1300" HPOS="855"/>
							<String ID="string_172" HPOS="871" VPOS="1300" WIDTH="46" HEIGHT="15" WC="0.96" CONTENT="som"/>
						</TextLine>
						<TextLine ID="line_23" HPOS="88" VPOS="1321" WIDTH="829" HEIGHT="28">
							<String ID="string_173" HPOS="88" VPOS="1321" WIDTH="96" HEIGHT="27" WC="0.96" CONTENT="dagligen"/><SP WIDTH="23" VPOS="1321" HPOS="184"/>
							<String ID="string_174" HPOS="207" VPOS="1324" WIDTH="37" HEIGHT="19" WC="0.96" CONTENT="äro"/><SP WIDTH="23" VPOS="1324" HPOS="244"/>
							<String ID="string_175" HPOS="267" VPOS="1323" WIDTH="6" HEIGHT="20" WC="0.96" CONTENT="i"/><SP WIDTH="16" VPOS="1323" HPOS="273"/>
							<String ID="string_176" HPOS="289" VPOS="1323" WIDTH="81" HEIGHT="21" WC="0.96" CONTENT="tillfälle"/><SP WIDTH="19" VPOS="1323" HPOS="370"/>
							<String ID="string_177" HPOS="389" VPOS="1325" WIDTH="32" HEIGHT="19" WC="0.96" CONTENT="att"/><SP WIDTH="15" VPOS="1325" HPOS="421"/>
							<String ID="string_178" HPOS="436" VPOS="1329" WIDTH="29" HEIGHT="20" WC="0.95" CONTENT="se,"/><SP WIDTH="18" VPOS="1329" HPOS="465"/>
							<String ID="string_179" HPOS="483" VPOS="1323" WIDTH="47" HEIGHT="21" WC="0.96" CONTENT="med"/><SP WIDTH="16" VPOS="1323" HPOS="530"/>
							<String ID="string_180" HPOS="546" VPOS="1323" WIDTH="70" HEIGHT="21" WC="0.95" CONTENT="hvilka"/><SP WIDTH="16" VPOS="1323" HPOS="616"/>
							<String ID="string_181" HPOS="632" VPOS="1323" WIDTH="138" HEIGHT="22" WC="0.96" CONTENT="ekonomiska"/><SP WIDTH="16" VPOS="1323" HPOS="770"/>
							<String ID="string_182" HPOS="786" VPOS="1323" WIDTH="131" HEIGHT="26" WC="0.96" CONTENT="svårigheter"/>
						</TextLine>
						<TextLine ID="line_24" HPOS="88" VPOS="1351" WIDTH="830" HEIGHT="28">
							<String ID="string_183" HPOS="88" VPOS="1357" WIDTH="25" HEIGHT="14" WC="0.95" CONTENT="en"/><SP WIDTH="23" VPOS="1357" HPOS="113"/>
							<String ID="string_184" HPOS="136" VPOS="1353" WIDTH="45" HEIGHT="18" WC="0.96" CONTENT="stor"/><SP WIDTH="22" VPOS="1353" HPOS="181"/>
							<String ID="string_185" HPOS="203" VPOS="1351" WIDTH="34" HEIGHT="21" WC="0.96" CONTENT="del"/><SP WIDTH="16" VPOS="1351" HPOS="237"/>
							<String ID="string_186" HPOS="253" VPOS="1351" WIDTH="21" HEIGHT="22" WC="0.96" CONTENT="af"/><SP WIDTH="15" VPOS="1351" HPOS="274"/>
							<String ID="string_187" HPOS="289" VPOS="1352" WIDTH="69" HEIGHT="21" WC="0.96" CONTENT="denna"/><SP WIDTH="14" VPOS="1352" HPOS="358"/>
							<String ID="string_188" HPOS="372" VPOS="1352" WIDTH="93" HEIGHT="26" WC="0.96" CONTENT="ungdom"/><SP WIDTH="17" VPOS="1352" HPOS="465"/>
							<String ID="string_189" HPOS="482" VPOS="1352" WIDTH="38" HEIGHT="21" WC="0.96" CONTENT="har"/><SP WIDTH="15" VPOS="1352" HPOS="520"/>
							<String ID="string_190" HPOS="535" VPOS="1353" WIDTH="32" HEIGHT="20" WC="0.96" CONTENT="att"/><SP WIDTH="16" VPOS="1353" HPOS="567"/>
							<String ID="string_191" HPOS="583" VPOS="1351" WIDTH="83" HEIGHT="28" WC="0.96" CONTENT="kämpa."/><SP WIDTH="31" VPOS="1351" HPOS="666"/>
							<String ID="string_192" HPOS="697" VPOS="1352" WIDTH="39" HEIGHT="21" WC="0.96" CONTENT="Att"/><SP WIDTH="13" VPOS="1352" HPOS="736"/>
							<String ID="string_193" HPOS="749" VPOS="1352" WIDTH="36" HEIGHT="27" WC="0.96" CONTENT="jag"/><SP WIDTH="16" VPOS="1352" HPOS="785"/>
							<String ID="string_194" HPOS="801" VPOS="1351" WIDTH="55" HEIGHT="21" WC="0.96" CONTENT="dock"/><SP WIDTH="15" VPOS="1351" HPOS="856"/>
							<String ID="string_195" HPOS="871" VPOS="1351" WIDTH="47" HEIGHT="21" WC="0.96" CONTENT="icke"/>
						</TextLine>
						<TextLine ID="line_25" HPOS="87" VPOS="1379" WIDTH="830" HEIGHT="28">
							<String ID="string_196" HPOS="87" VPOS="1379" WIDTH="42" HEIGHT="21" WC="0.96" CONTENT="kan"/><SP WIDTH="15" VPOS="1379" HPOS="129"/>
							<String ID="string_197" HPOS="144" VPOS="1379" WIDTH="44" HEIGHT="21" WC="0.96" CONTENT="tala"/><SP WIDTH="14" VPOS="1379" HPOS="188"/>
							<String ID="string_198" HPOS="202" VPOS="1379" WIDTH="32" HEIGHT="21" WC="0.93" CONTENT="för"/><SP WIDTH="15" VPOS="1379" HPOS="234"/>
							<String ID="string_199" HPOS="249" VPOS="1380" WIDTH="123" HEIGHT="27" WC="0.90" CONTENT="petitionen,"/><SP WIDTH="17" VPOS="1380" HPOS="372"/>
							<String ID="string_200" HPOS="389" VPOS="1380" WIDTH="64" HEIGHT="21" WC="0.93" CONTENT="beror"/><SP WIDTH="16" VPOS="1380" HPOS="453"/>
							<String ID="string_201" HPOS="469" VPOS="1380" WIDTH="65" HEIGHT="27" WC="0.92" CONTENT="derpå"/><SP WIDTH="15" VPOS="1380" HPOS="534"/>
							<String ID="string_202" HPOS="549" VPOS="1382" WIDTH="32" HEIGHT="19" WC="0.96" CONTENT="att"/><SP WIDTH="13" VPOS="1382" HPOS="581"/>
							<String ID="string_203" HPOS="594" VPOS="1381" WIDTH="37" HEIGHT="26" WC="0.96" CONTENT="jag"/><SP WIDTH="15" VPOS="1381" HPOS="631"/>
							<String ID="string_204" HPOS="646" VPOS="1380" WIDTH="46" HEIGHT="21" WC="0.96" CONTENT="icke"/><SP WIDTH="15" VPOS="1380" HPOS="692"/>
							<String ID="string_205" HPOS="707" VPOS="1387" WIDTH="62" HEIGHT="14" WC="0.96" CONTENT="anser"/><SP WIDTH="19" VPOS="1387" HPOS="769"/>
							<String ID="string_206" HPOS="788" VPOS="1382" WIDTH="31" HEIGHT="19" WC="0.96" CONTENT="att"/><SP WIDTH="12" VPOS="1382" HPOS="819"/>
							<String ID="string_207" HPOS="831" VPOS="1380" WIDTH="40" HEIGHT="21" WC="0.93" CONTENT="den"/><SP WIDTH="10" VPOS="1380" HPOS="871"/>
							<String ID="string_208" HPOS="881" VPOS="1379" WIDTH="36" HEIGHT="21" WC="0.93" CONTENT="be-"/>
						</TextLine>
						<TextLine ID="line_26" HPOS="87" VPOS="1408" WIDTH="831" HEIGHT="27">
							<String ID="string_209" HPOS="87" VPOS="1409" WIDTH="35" HEIGHT="20" WC="0.96" CONTENT="rör"/><SP WIDTH="16" VPOS="1409" HPOS="122"/>
							<String ID="string_210" HPOS="138" VPOS="1414" WIDTH="25" HEIGHT="15" WC="0.96" CONTENT="en"/><SP WIDTH="15" VPOS="1414" HPOS="163"/>
							<String ID="string_211" HPOS="178" VPOS="1408" WIDTH="83" HEIGHT="22" WC="0.96" CONTENT="lättnad"/><SP WIDTH="20" VPOS="1408" HPOS="261"/>
							<String ID="string_212" HPOS="281" VPOS="1409" WIDTH="32" HEIGHT="20" WC="0.96" CONTENT="för"/><SP WIDTH="16" VPOS="1409" HPOS="313"/>
							<String ID="string_213" HPOS="329" VPOS="1409" WIDTH="40" HEIGHT="20" WC="0.92" CONTENT="den"/><SP WIDTH="17" VPOS="1409" HPOS="369"/>
							<String ID="string_214" HPOS="386" VPOS="1409" WIDTH="116" HEIGHT="21" WC="0.92" CONTENT="medellösa"/><SP WIDTH="14" VPOS="1409" HPOS="502"/>
							<String ID="string_215" HPOS="516" VPOS="1409" WIDTH="175" HEIGHT="26" WC="0.91" CONTENT="skolungdomen,"/><SP WIDTH="16" VPOS="1409" HPOS="691"/>
							<String ID="string_216" HPOS="707" VPOS="1409" WIDTH="74" HEIGHT="21" WC="0.96" CONTENT="hvaraf"/><SP WIDTH="15" VPOS="1409" HPOS="781"/>
							<String ID="string_217" HPOS="796" VPOS="1409" WIDTH="122" HEIGHT="21" WC="0.95" CONTENT="densamma"/>
						</TextLine>
						<TextLine ID="line_27" HPOS="87" VPOS="1436" WIDTH="831" HEIGHT="28">
							<String ID="string_218" HPOS="87" VPOS="1436" WIDTH="100" HEIGHT="22" WC="0.96" CONTENT="särskildt"/><SP WIDTH="15" VPOS="1436" HPOS="187"/>
							<String ID="string_219" HPOS="202" VPOS="1443" WIDTH="50" HEIGHT="15" WC="0.96" CONTENT="vore"/><SP WIDTH="14" VPOS="1443" HPOS="252"/>
							<String ID="string_220" HPOS="266" VPOS="1437" WIDTH="7" HEIGHT="21" WC="0.93" CONTENT="i"/><SP WIDTH="15" VPOS="1437" HPOS="273"/>
							<String ID="string_221" HPOS="288" VPOS="1437" WIDTH="70" HEIGHT="21" WC="0.91" CONTENT="behof."/><SP WIDTH="31" VPOS="1437" HPOS="358"/>
							<String ID="string_222" HPOS="389" VPOS="1437" WIDTH="10" HEIGHT="21" WC="0.92" CONTENT="I"/><SP WIDTH="14" VPOS="1437" HPOS="399"/>
							<String ID="string_223" HPOS="413" VPOS="1437" WIDTH="236" HEIGHT="27" WC="0.88" CONTENT="petitionsmemorialet"/><SP WIDTH="15" VPOS="1437" HPOS="649"/>
							<String ID="string_224" HPOS="664" VPOS="1437" WIDTH="121" HEIGHT="22" WC="0.92" CONTENT="framhålles"/><SP WIDTH="17" VPOS="1437" HPOS="785"/>
							<String ID="string_225" HPOS="802" VPOS="1437" WIDTH="63" HEIGHT="21" WC="0.93" CONTENT="bland"/><SP WIDTH="16" VPOS="1437" HPOS="865"/>
							<String ID="string_226" HPOS="881" VPOS="1443" WIDTH="37" HEIGHT="14" WC="0.92" CONTENT="an-"/>
						</TextLine>
						<TextLine ID="line_28" HPOS="88" VPOS="1464" WIDTH="831" HEIGHT="28">
							<String ID="string_227" HPOS="88" VPOS="1465" WIDTH="38" HEIGHT="21" WC="0.96" CONTENT="dra"/><SP WIDTH="15" VPOS="1465" HPOS="126"/>
							<String ID="string_228" HPOS="141" VPOS="1465" WIDTH="65" HEIGHT="21" WC="0.96" CONTENT="motiv"/><SP WIDTH="15" VPOS="1465" HPOS="206"/>
							<String ID="string_229" HPOS="221" VPOS="1465" WIDTH="67" HEIGHT="27" WC="0.94" CONTENT="äfven,"/><SP WIDTH="16" VPOS="1465" HPOS="288"/>
							<String ID="string_230" HPOS="304" VPOS="1465" WIDTH="28" HEIGHT="27" WC="0.96" CONTENT="på"/><SP WIDTH="15" VPOS="1465" HPOS="332"/>
							<String ID="string_231" HPOS="347" VPOS="1465" WIDTH="29" HEIGHT="22" WC="0.96" CONTENT="tal"/><SP WIDTH="14" VPOS="1465" HPOS="376"/>
							<String ID="string_232" HPOS="390" VPOS="1472" WIDTH="33" HEIGHT="15" WC="0.96" CONTENT="om"/><SP WIDTH="17" VPOS="1472" HPOS="423"/>
							<String ID="string_233" HPOS="440" VPOS="1467" WIDTH="5" HEIGHT="20" WC="0.96" CONTENT="i"/><SP WIDTH="18" VPOS="1467" HPOS="445"/>
							<String ID="string_234" HPOS="463" VPOS="1466" WIDTH="84" HEIGHT="21" WC="0.96" CONTENT="hvilken"/><SP WIDTH="15" VPOS="1466" HPOS="547"/>
							<String ID="string_235" HPOS="562" VPOS="1466" WIDTH="53" HEIGHT="26" WC="0.96" CONTENT="grad"/><SP WIDTH="16" VPOS="1466" HPOS="615"/>
							<String ID="string_236" HPOS="631" VPOS="1472" WIDTH="25" HEIGHT="15" WC="0.96" CONTENT="en"/><SP WIDTH="16" VPOS="1472" HPOS="656"/>
							<String ID="string_237" HPOS="672" VPOS="1465" WIDTH="91" HEIGHT="27" WC="0.96" CONTENT="beviljad"/><SP WIDTH="16" VPOS="1465" HPOS="763"/>
							<String ID="string_238" HPOS="779" VPOS="1465" WIDTH="72" HEIGHT="22" WC="0.96" CONTENT="rabatt"/><SP WIDTH="15" VPOS="1465" HPOS="851"/>
							<String ID="string_239" HPOS="866" VPOS="1464" WIDTH="53" HEIGHT="22" WC="0.96" CONTENT="ökar"/>
						</TextLine>
						<TextLine ID="line_29" HPOS="87" VPOS="1493" WIDTH="832" HEIGHT="28">
							<String ID="string_240" HPOS="87" VPOS="1493" WIDTH="123" HEIGHT="27" WC="0.92" CONTENT="freqvensen"/><SP WIDTH="16" VPOS="1493" HPOS="210"/>
							<String ID="string_241" HPOS="226" VPOS="1494" WIDTH="22" HEIGHT="21" WC="0.96" CONTENT="af"/><SP WIDTH="13" VPOS="1494" HPOS="248"/>
							<String ID="string_242" HPOS="261" VPOS="1494" WIDTH="95" HEIGHT="25" WC="0.96" CONTENT="resande,"/><SP WIDTH="16" VPOS="1494" HPOS="356"/>
							<String ID="string_243" HPOS="372" VPOS="1496" WIDTH="32" HEIGHT="19" WC="0.96" CONTENT="att"/><SP WIDTH="15" VPOS="1496" HPOS="404"/>
							<String ID="string_244" HPOS="419" VPOS="1494" WIDTH="79" HEIGHT="27" WC="0.96" CONTENT="följden"/><SP WIDTH="15" VPOS="1494" HPOS="498"/>
							<String ID="string_245" HPOS="513" VPOS="1494" WIDTH="22" HEIGHT="21" WC="0.92" CONTENT="af"/><SP WIDTH="14" VPOS="1494" HPOS="535"/>
							<String ID="string_246" HPOS="549" VPOS="1494" WIDTH="82" HEIGHT="21" WC="0.92" CONTENT="rabatts"/><SP WIDTH="11" VPOS="1494" HPOS="631"/>
							<String ID="string_247" HPOS="642" VPOS="1494" WIDTH="119" HEIGHT="27" WC="0.95" CONTENT="beviljande"/><SP WIDTH="10" VPOS="1494" HPOS="761"/>
							<String ID="string_248" HPOS="771" VPOS="1493" WIDTH="69" HEIGHT="23" WC="0.96" CONTENT="skulle"/><SP WIDTH="13" VPOS="1493" HPOS="840"/>
							<String ID="string_249" HPOS="853" VPOS="1493" WIDTH="66" HEIGHT="22" WC="0.96" CONTENT="blifva"/>
						</TextLine>
						<TextLine ID="line_30" HPOS="87" VPOS="1521" WIDTH="831" HEIGHT="28">
							<String ID="string_250" HPOS="87" VPOS="1525" WIDTH="32" HEIGHT="20" WC="0.93" CONTENT="att"/><SP WIDTH="21" VPOS="1525" HPOS="119"/>
							<String ID="string_251" HPOS="140" VPOS="1522" WIDTH="168" HEIGHT="27" WC="0.91" CONTENT="skolungdomen"/><SP WIDTH="23" VPOS="1522" HPOS="308"/>
							<String ID="string_252" HPOS="331" VPOS="1522" WIDTH="68" HEIGHT="22" WC="0.95" CONTENT="oftare"/><SP WIDTH="23" VPOS="1522" HPOS="399"/>
							<String ID="string_253" HPOS="422" VPOS="1525" WIDTH="27" HEIGHT="19" WC="0.96" CONTENT="än"/><SP WIDTH="23" VPOS="1525" HPOS="449"/>
							<String ID="string_254" HPOS="472" VPOS="1522" WIDTH="62" HEIGHT="27" WC="0.93" CONTENT="förut,"/><SP WIDTH="17" VPOS="1522" HPOS="534"/>
							<String ID="string_255" HPOS="551" VPOS="1523" WIDTH="20" HEIGHT="21" WC="0.91" CONTENT="d."/><SP WIDTH="16" VPOS="1523" HPOS="571"/>
							<String ID="string_256" HPOS="587" VPOS="1529" WIDTH="18" HEIGHT="14" WC="0.91" CONTENT="v."/><SP WIDTH="16" VPOS="1529" HPOS="605"/>
							<String ID="string_257" HPOS="621" VPOS="1529" WIDTH="15" HEIGHT="15" WC="0.88" CONTENT="s."/><SP WIDTH="17" VPOS="1529" HPOS="636"/>
							<String ID="string_258" HPOS="653" VPOS="1522" WIDTH="43" HEIGHT="22" WC="0.93" CONTENT="alla"/><SP WIDTH="15" VPOS="1522" HPOS="696"/>
							<String ID="string_259" HPOS="711" VPOS="1522" WIDTH="104" HEIGHT="27" WC="0.92" CONTENT="lofdagar,"/><SP WIDTH="18" VPOS="1522" HPOS="815"/>
							<String ID="string_260" HPOS="833" VPOS="1521" WIDTH="85" HEIGHT="22" WC="0.96" CONTENT="komme"/>
						</TextLine>
					</TextBlock>
				</ComposedBlock>
			</PrintSpace>
		</Page>
	</Layout>
</alto>
