1109 1761
214 120 44 23 460
461 126 24 17 R.
499 131 11 12 o.
529 127 23 17 A.
566 127 58 16 1894.
650 126 23 17 16
680 126 67 19 Mars.

187 206 67 21 sänka
270 206 45 21 sina
337 207 103 21 kontanta
456 206 81 27 bidrag,
557 206 73 21 hvilka
646 206 5 21 i
668 206 71 27 regeln
756 205 76 22 endast
847 206 55 20 varit
918 207 99 26 surrogat

186 235 34 20 för
235 235 13 20 2
264 235 52 22 eller
331 235 12 22 3
359 235 103 23 tunnland
478 235 64 27 odlad
555 235 51 26 jord
629 237 57 22 samt
699 235 61 21 foder
775 234 40 22 och
829 234 51 21 bete
894 234 33 21 för
942 241 26 14 en
981 235 34 20 ko.

186 263 42 26 Jag
242 263 42 21 kan
300 263 7 22 i
323 263 131 22 närvarande
471 264 63 20 stund
550 263 48 22 icke
614 265 66 19 annat
696 265 26 19 än
738 263 92 26 beklaga
840 265 33 19 att
884 263 46 20 icke
940 263 77 21 sädant

186 291 70 21 vilkor
278 292 27 22 dä
324 293 92 26 gjordes,
436 296 22 22 ty
475 292 149 21 erfarenheten
640 291 68 27 gifver
723 292 34 20 vid
773 291 84 21 handen
873 293 33 19 att
921 292 95 20 kommu-

187 326 67 14 nerna
272 320 106 27 begagnat
392 321 32 26 sig
439 320 23 22 af
476 320 69 22 denna
562 320 22 21 af
598 322 70 20 staten
685 320 103 27 beviljade
802 319 170 28 löneförhöjning
984 320 33 22 till

188 350 32 20 att
236 349 84 21 minska
334 349 46 21 sina
398 356 53 20 egna
467 349 88 27 utgifter
571 349 34 21 för
620 349 128 23 folkskolan,
765 348 40 22 och
822 348 26 21 dä
863 348 154 29 kommunerna

188 377 23 21 af
223 378 186 21 bränvinsskatten
434 378 84 26 ätnjuta
533 378 95 24 400,000
645 378 60 20 mark
722 384 34 14 om
772 377 53 26 äret,
841 384 45 14 som
902 377 52 27 utgä
968 378 48 22 med

188 406 146 25 förmänsrätt,
357 406 39 21 och
419 407 155 20 kommunerna
595 407 61 20 torde
672 406 20 21 fä
710 406 108 21 bibehälla
833 406 70 21 denna
917 406 99 25 inkomst,

188 434 86 21 hvilken
290 435 6 20 i
314 435 70 27 regeln
404 435 106 20 användes
525 435 34 20 för
575 434 133 21 folkskolans
724 434 69 25 behof,
810 434 23 21 sä
848 435 42 20 kan
899 441 48 14 man
956 433 61 22 äfven

188 462 80 27 begära
282 463 24 21 af
319 463 153 21 kommunerna
486 463 70 25 någon
573 463 120 27 uppoffring
708 463 33 21 för
756 463 153 21 folkskolorna.
939 463 42 21 Det
993 464 24 19 är

188 491 46 22 icke
249 492 34 21 för
298 492 90 26 mycket.
404 505 26 2 —
447 492 47 21 Med
511 493 61 20 detta
587 492 136 27 andragande
739 491 41 22 har
792 491 38 27 jag
844 491 46 22 icke
906 491 57 22 velat
974 497 43 15 om-

189 521 108 26 intetgöra
318 521 108 26 förslaget,
448 524 23 23 ty
494 521 36 20 det
547 520 39 21 har
602 527 28 14 nu
646 520 70 21 blifvit
731 520 27 27 pä
774 521 37 20 det
827 521 53 20 viset
895 522 33 19 att
943 521 35 20 det
994 521 24 21 är

188 548 58 22 svärt
262 552 32 18 att
309 551 102 20 motsätta
426 549 31 26 sig
473 549 177 27 löneförhöjning,
662 551 38 19 när
716 549 36 21 det
767 549 68 24 gäller
850 549 24 21 de
886 549 62 21 smä
939 544 13 37 i
963 555 54 15 sam-

188 577 72 26 hället,
277 578 87 21 emedan
381 585 47 14 man
444 579 46 20 icke
507 579 39 19 har
563 578 59 21 makt
638 578 78 26 dertill,
728 577 26 21 dä
770 578 37 20 det
822 578 67 26 gäller
905 578 25 20 de
941 577 76 30 högre;

189 612 48 15 men
257 606 37 27 jag
310 604 38 23 vill
360 606 74 26 uttala,
451 610 32 18 att
496 606 37 27 jag
549 606 47 22 icke
613 608 23 19 är
653 594 124 45 öfvertygad
793 613 35 15 om
844 609 32 18 att
892 606 68 21 denna
975 604 41 23 för-

187 634 88 28 höjning
296 637 24 19 är
342 635 22 21 af
383 635 99 21 behofvet
498 635 109 27 päkallad,
624 635 38 21 och
679 635 67 21 ehuru
760 634 36 28 jag
812 635 106 21 erkänner
933 636 32 20 att
980 634 38 28 Ut-

188 663 82 21 skottet
285 664 47 26 gått
346 664 86 26 tillväga
448 664 47 21 med
511 664 90 26 mycken
617 664 138 24 mättfullhet,
772 663 48 21 ville
834 664 36 26 jag
886 664 54 21 dock
956 663 62 21 hafva

187 695 120 19 reserverat
331 694 42 20 min
398 692 112 22 afvikande
536 692 137 28 uppfattning
699 694 32 19 att
756 693 70 20 denna
849 692 169 27 löneförhöjning

187 720 71 22 kunde
274 721 124 27 uppskjutas
414 721 52 21 eller
480 722 112 20 undvikas.

257 807 32 20 Hr
304 807 24 21 N.
345 806 25 22 G.
386 806 27 21 M.
430 806 166 22 Grotenfelt:
620 807 40 26 Jag
676 806 55 21 skall
746 806 46 22 icke
808 806 68 21 under
887 806 68 21 denna
968 812 50 15 sena

187 834 74 22 timme
285 837 93 25 upptaga
398 836 24 20 R.
440 842 18 14 o.
476 837 36 19 A:s
528 836 30 21 tid
576 836 47 20 med
640 836 66 26 nägot
722 836 72 26 längre
811 835 143 27 andragande,
970 841 48 16 men

185 863 37 26 jag
246 864 41 20 kan
303 864 46 20 icke
365 864 113 21 underläta
494 866 32 19 att
541 864 121 24 framhälla,
668 851 51 34 hur
721 870 60 15 usom
797 864 37 20 det
849 851 105 33 förefaller
970 864 47 24 den,

188 898 45 15 som
256 895 43 18 sett
322 893 26 20 de
372 893 188 26 omständigheter,
585 893 31 20 uti
634 892 72 21 hvilka
722 892 37 21 vår
775 892 129 27 sjelfegande
920 892 97 26 allmoge,

187 920 92 25 bonden,
303 921 5 21 i
331 921 25 20 de
378 921 97 26 nordliga
496 921 38 21 och
552 921 109 21 mellersta
677 921 87 21 delarna
780 921 23 21 af
817 921 47 20 vårt
880 921 50 20 land
945 921 72 26 lefver,

187 949 152 27 egendomligt,
362 952 32 18 att
416 956 48 15 man
481 950 38 21 här
535 950 70 21 håller
620 950 52 25 före,
689 952 33 19 att
737 950 40 21 den
794 949 99 26 aflöning,
908 955 46 15 som
969 949 7 21 i
991 949 27 21 de

186 977 62 21 flesta
265 977 37 22 fall
318 978 71 21 bestås
405 978 22 21 åt
442 979 84 20 landets
542 978 212 26 folkskollärarekår,
771 978 47 21 icke
834 978 68 21 skulle
914 984 49 15 vara
976 977 42 22 till-

187 1006 81 27 räcklig
284 1006 32 21 för
333 1007 39 20 den
388 1007 211 26 samhällsställning,
618 1008 31 20 uti
665 1007 85 20 hvilken
767 1008 25 19 de
809 1006 53 21 efter
878 1008 48 19 mitt
941 1006 76 21 förme-

187 1035 69 21 nande
280 1035 84 21 befinna
379 1035 30 27 sig
425 1036 38 21 och
480 1036 52 21 böra
548 1036 82 21 ställas.
661 1035 47 21 Ifall
724 1035 192 21 folkskollärarene
931 1035 87 21 tillhöra

188 1063 186 27 allmogeklassen,
390 1065 31 20 dit
436 1065 26 20 de
478 1064 54 22 efter
546 1065 44 20 min
607 1065 55 26 åsigt
678 1064 132 21 fortfarande
826 1064 52 21 böra
894 1063 83 25 räknas,
993 1063 24 21 så

187 1091 63 22 hafva
266 1092 26 21 de
308 1092 89 21 faktiskt
412 1099 28 15 nu
456 1093 6 21 i
479 1093 25 21 de
518 1093 63 21 flesta
597 1093 132 21 kommuner,
741 1093 129 20 åtminstone
881 1093 6 20 i
899 1094 58 19 östra
967 1092 50 21 Fin-

186 1120 56 24 land,
260 1121 102 21 Savolaks
378 1121 39 21 och
433 1122 99 25 Karelen,
548 1122 68 26 högre
632 1121 68 27 årliga
715 1121 118 21 inkomster
848 1123 27 18 än
891 1121 91 20 fertalet
994 1120 24 21 af

186 1149 40 21 den
242 1149 101 22 besuttna
358 1150 112 26 allmogen.
500 1151 41 25 Jag
557 1150 66 26 vågar
639 1151 59 20 detta
714 1150 123 26 påstående.
859 1149 28 22 Då
898 1149 36 26 jag
944 1150 73 20 vidare

186 1177 46 21 icke
248 1177 42 21 kan
306 1178 57 20 finna
378 1181 65 18 annat
458 1180 26 19 än
500 1181 32 19 att
551 1179 37 20 det
604 1185 50 14 vore
666 1178 33 21 för
715 1178 178 21 folkskollärarne
905 1178 39 20 och
955 1178 61 21 deras

185 1206 137 21 verksamhet
338 1207 32 20 till
386 1210 60 24 nytta
462 1208 32 20 att
510 1207 25 21 de
552 1207 62 21 stode
630 1208 6 20 i
652 1214 82 14 samma
749 1207 76 25 vilkor,
838 1213 44 15 som
892 1206 45 27 just
947 1207 70 27 denua

185 1234 98 27 allmoge,
299 1235 107 21 hvarifrån
422 1236 62 20 deras
500 1236 72 21 elever
588 1236 128 26 rekryteras,
733 1236 27 20 då
772 1235 38 27 jag
823 1241 62 15 anser
896 1235 59 21 detta
965 1241 51 16 vara

184 1264 108 26 nyttigare
316 1266 26 18 än
365 1270 33 15 om
422 1264 26 21 de
470 1264 57 21 föras
551 1270 43 21 upp
610 1264 30 21 till
658 1271 25 14 en
699 1264 158 32 samhällsnivå,
873 1264 31 20 dit
919 1264 26 20 de
960 1263 57 21 ändå

184 1291 47 22 icke
252 1292 73 21 kunna
341 1293 78 20 räknas
435 1292 51 22 eller
502 1293 73 21 kunna
590 1293 105 26 uppbära,
712 1293 39 21 och
767 1292 27 22 då
808 1292 36 27 jag
860 1292 72 21 vidare
948 1292 68 21 besin-

185 1326 39 15 nar
247 1324 33 17 att
302 1321 40 21 den
363 1321 109 27 studietid,
488 1322 26 20 de
538 1322 92 20 behöfva
644 1321 54 21 offra
713 1322 33 20 för
762 1324 33 18 att
811 1321 66 21 blifva
892 1327 76 20 mogna
983 1321 33 21 för

186 1348 37 22 sitt
239 1349 51 26 kall,
306 1349 47 21 icke
368 1351 55 19 varit
438 1338 56 38 lång,
510 1350 40 21 och
567 1350 82 21 således
666 1350 64 21 också
746 1350 25 21 de
787 1350 122 25 kostnader,
925 1337 25 33 de
965 1350 51 20 ned-

184 1377 63 27 lägga
263 1366 33 32 för
312 1378 45 20 sina
373 1379 87 25 studier,
476 1379 46 21 icke
537 1381 39 19 äro
588 1378 138 22 öfverhöfvan
742 1382 64 21 stora,
824 1378 23 21 så
862 1378 43 21 kan
918 1378 36 26 jag
970 1378 46 22 icke

184 1405 58 21 finna
265 1408 33 19 att
320 1407 40 20 den
383 1413 27 15 nu
433 1408 121 25 föreslagna
576 1407 207 27 löneförbättringen
800 1407 52 20 eller
867 1406 149 27 förhöjningen

184 1436 25 19 är
224 1434 24 21 af
262 1434 99 22 behofvet
376 1435 106 27 påkallad,
499 1435 103 21 särskildt
618 1436 6 20 i
640 1441 25 15 en
682 1436 37 24 tid,
736 1435 65 21 sådan
818 1442 46 14 som
875 1436 75 20 denna.
975 1435 41 26 Jag

184 1464 24 19 är
231 1463 33 20 för
286 1464 65 24 öfrigt
366 1470 26 15 en
408 1464 64 21 altför
495 1467 45 18 stor
556 1466 40 19 vän
612 1464 33 21 till
661 1464 210 21 folkskoleväsendet
886 1464 33 20 för
934 1465 33 19 att
982 1469 34 15 ve-

184 1491 94 26 dervåga
301 1492 47 21 dess
368 1493 122 26 utveckling
504 1499 77 20 genom
598 1499 28 14 nu
642 1493 139 20 förevarande
797 1492 87 26 förslag.
914 1492 41 26 Jag
970 1493 46 20 tror

185 1521 109 26 nämligen
311 1523 31 18 att
358 1521 66 26 detta,
440 1522 7 20 i
463 1521 71 21 stället
549 1521 34 21 för
599 1523 33 19 att
647 1521 65 21 blifva
728 1528 25 14 en
768 1521 69 21 fördel
853 1521 33 21 för
896 1520 120 22 folkskolan
