1103 1756
373 121 93 17 Petition
478 121 8 17 i
496 121 132 21 judefrågan.
845 116 40 20 133

86 200 159 22 vederbörande
260 204 106 23 guvernör
382 203 57 19 emot
454 202 53 26 dryg
522 202 60 20 lösen
598 200 68 22 skaffa
681 202 32 26 sig
728 208 26 15 en
770 202 55 21 blott
834 202 33 21 för
877 208 37 15 sex

86 229 102 21 månader
203 230 99 26 gällande
318 230 39 21 och
373 230 33 20 till
422 230 31 21 sin
464 230 113 26 affattning
589 230 7 20 i
607 230 65 26 öfrigt
682 230 82 26 ganska
774 230 140 21 nedsättande

86 258 163 26 vistelsebiljett,
265 258 62 21 hvars
343 258 136 26 förlängning
495 258 121 21 sedermera
632 259 7 20 i
655 258 71 27 hvarje
742 258 38 21 fall
791 258 123 22 ankommer

85 286 28 26 pä
136 289 99 19 senatens
257 287 151 26 godtfinnande
431 287 34 20 vid
487 287 89 27 förnyad
598 287 124 27 ansökning.
754 287 77 21 Härtill
847 287 66 27 fogas,

87 314 69 22 säsom
179 321 26 15 en
228 315 45 21 helt
293 315 38 21 och
347 315 68 21 hället
430 322 27 20 ny
472 315 141 27 bestämning,
631 318 32 18 att
678 315 106 21 mosaiska
799 315 114 22 föräldrars

87 344 60 24 barn,
163 350 45 14 som
224 344 6 20 i
246 344 89 20 Finland
351 343 50 27 ingä
417 344 125 27 äktenskap,
560 344 17 26 ej
594 350 37 15 ens
647 344 27 27 pä
692 344 66 26 sagda
768 344 67 21 härda
845 344 68 21 vilkor

85 372 22 21 fä
130 374 135 24 gvarstanna.
295 372 31 21 De
349 372 93 21 drabbas
465 375 52 19 utan
539 372 124 27 förskoning
685 372 23 21 af
728 372 184 27 landsförvisning.

87 400 42 22 Det
145 401 110 25 okristliga
271 401 38 21 och
325 400 98 27 orimliga
441 402 43 20 ien
495 401 66 21 sädan
573 401 129 26 behandling
712 401 22 21 af
743 401 170 21 medmänniskor

87 429 101 21 behöfver
203 430 46 20 icke
264 429 55 21 inför
334 430 100 26 upplystä
449 430 140 27 medborgare
605 430 101 21 särskildt
722 429 98 28 päpekas.
840 429 73 21 Under

87 458 26 21 de
135 460 85 19 senaste
238 458 50 21 åren
304 458 63 21 hafva
383 458 55 27 gång
454 458 54 21 efter
524 465 69 14 annan
609 458 113 21 inträffade
738 459 43 24 fall,
798 459 26 21 dä
838 459 75 21 heder-

88 487 47 26 liga,
152 487 62 26 idoga
230 487 38 20 och
286 486 121 27 oförvitliga
422 489 49 18 män
487 487 40 21 och
543 487 90 26 gvinnor
649 487 154 25 obarmhertigt
815 486 98 22 bortdrif-

86 515 42 20 vits
151 518 51 18 utan
225 521 69 14 annan
317 515 62 21 deras
402 515 125 27 förskyllan,
551 518 26 18 än
598 515 109 27 hängifvet
722 515 142 22 fasthällande
878 515 35 21 vid

88 543 85 21 fädrens
197 547 40 18 tro,
253 544 124 26 tillräckligt
392 546 90 24 upprört
497 544 119 26 rätträdiga
631 545 73 20 sinnen
720 544 7 21 i
743 544 58 21 detta
816 544 49 21 land
880 544 33 21 för

87 574 32 19 att
135 574 32 18 ett
182 572 70 21 bättre
268 572 101 21 sakernas
383 572 97 21 tillständ
496 572 67 21 mäste
580 572 90 21 framstä
686 572 69 21 säsom
767 575 31 18 ett
808 573 105 26 oafvisligt

88 601 165 26 Önskningsmäl.
269 601 70 20 Faran
348 601 34 21 vid
391 601 131 26 erbjudande
531 601 23 21 af
560 601 186 26 medborgarerätt
754 601 22 20 ät
783 601 130 21 fremmande

86 629 65 26 judar
166 629 34 21 mä
220 629 105 21 törhända
340 629 95 21 befinnas
450 632 46 18 stor
512 636 41 20 nog
569 632 32 19 att
617 629 128 26 rättfärdiga
759 629 93 27 uppskof
865 629 48 22 med

87 657 24 21 sä
133 658 126 26 vidtgäende
280 658 107 21 reformer.
419 658 49 21 Men
492 658 39 21 den
556 659 125 20 rättslöshet
696 658 39 21 och
752 658 35 21 det
802 658 110 27 godtycke,

87 686 76 21 hvarät
179 693 25 14 en
220 686 34 21 del
270 686 22 21 af
305 687 102 20 Finlands
422 686 86 21 infödda
525 687 120 26 bebyggare
661 687 27 26 pä
702 687 69 26 grund
785 687 23 20 af
815 687 98 26 gällande

87 714 35 27 lag
137 715 108 20 tilsvidare
261 717 23 18 är
300 715 120 24 hemfallen,
436 715 66 20 finner
518 715 18 26 ej
554 716 78 20 minsta
647 715 71 27 skymt
732 715 23 20 af
769 715 48 21 stöd
832 715 31 21 uti
874 715 39 21 lik-

87 743 69 21 nande
172 743 174 26 betänkligheter.

156 772 41 26 Jag
208 772 64 26 vägar
281 772 56 26 förty
351 772 109 21 vördsamt
473 772 86 21 anhälla
572 779 33 14 om
617 772 156 26 Ridderskapet
784 772 40 21 och
835 772 78 21 Adelns

90 800 97 27 benägna
201 800 130 21 medverkan
346 801 33 20 till
395 807 26 14 en
437 801 133 26 underdänig
585 801 90 26 petition
690 801 6 20 i
713 801 53 26 syfte
781 803 33 18 att

361 858 261 20 nästsammanträdande
638 858 89 20 ständer
743 858 64 21 mätte
812 857 101 28 föreläg-

293 892 40 21 gas
357 887 68 26 nådig
445 887 139 26 proposition
606 893 34 14 om
663 887 43 26 lag,
729 893 44 14 som
796 886 117 27 berättigar

294 915 61 20 säväl
377 915 8 20 i
407 915 101 20 Finland
527 915 79 26 födde,
625 921 46 14 som
686 915 41 20 här
742 915 66 20 sedan
824 915 42 20 viss
881 914 33 21 tid

290 943 53 27 före
359 943 74 27 lagens
448 943 138 25 utfärdande
602 943 80 21 bosatte
697 943 122 21 bekännare
832 943 31 27 af
870 950 42 13 mo-

294 971 74 21 saiska
391 973 111 20 trosläran
526 975 31 17 att
580 972 67 20 vinna
661 972 56 26 finsk
733 971 181 28 medborgarrätt;

87 1029 55 20 samt
157 1029 33 20 att

362 1087 9 20 i
392 1086 102 21 Finland
516 1086 84 21 bosatta
624 1086 122 21 bekännare
764 1087 30 27 af
805 1085 109 22 mosaiska

295 1115 110 20 trosläran
421 1115 131 20 omedelbart
568 1115 118 27 beviljades
700 1118 45 18 rätt
756 1118 31 17 att
794 1116 32 27 på
839 1115 25 20 de
871 1115 44 26 för

294 1144 145 26 utlänningar
453 1144 106 27 stadgade
576 1144 70 20 vilkor
661 1144 118 27 uppehålla
795 1144 32 27 sig
842 1143 8 20 i
865 1144 49 20 lan-

294 1171 35 20 det
344 1172 38 20 och
397 1172 42 20 här
454 1172 54 20 idka
525 1173 86 26 näring.

158 1227 131 27 Helsingfors
305 1228 40 21 den
361 1229 12 20 9
390 1229 105 20 Februari
512 1229 61 21 1894.

582 1286 25 21 R.
624 1286 26 21 F.
667 1293 18 14 v.
709 1285 136 22 Willebrand.

157 1340 151 27 Petitionären,
329 1348 44 15 som
390 1342 98 27 uppläste
504 1343 138 21 förenämnda
658 1343 116 25 memorial,
790 1342 76 26 anhöll,
882 1344 33 19 att

88 1368 117 22 detsamma
221 1369 68 22 blefve
303 1370 6 21 i
320 1370 97 21 afseende
431 1371 12 20 &
454 1371 116 26 beredning
583 1371 122 27 hänskjutet
716 1371 31 21 till
758 1371 156 26 Lagutskottet,

88 1397 38 20 der
147 1397 74 27 frägan
244 1398 65 27 enligt
331 1399 52 21 hans
406 1399 85 26 mening
510 1400 70 21 kunde
596 1400 63 20 vinna
676 1400 39 20 den
732 1399 60 22 bästa
808 1399 38 22 och
862 1401 53 19 mest

87 1425 96 27 allsidiga
199 1426 114 27 belysning.

156 1482 237 23 Petitionsmemorialet
408 1483 114 22 bordlades
538 1484 31 21 till
586 1487 59 18 nästa
662 1485 92 26 plenum.
