1109 1761
233 127 41 21 270
473 133 24 17 R.
511 138 18 12 o.
542 134 21 15 A.
578 134 58 16 1894.
661 134 20 16 17
693 133 59 17 Febr.

273 212 31 21 Hr
326 212 23 21 V.
371 218 45 15 von
439 213 114 21 Hellens:
583 213 42 26 Jag
647 213 35 21 vill
705 213 46 21 icke
775 213 71 21 vidare
869 213 84 21 bemöta
970 213 55 20 hvad

203 239 58 22 Frih.
285 247 40 14 von
347 241 57 21 Born
426 241 39 21 har
479 243 73 25 yttrat.
583 241 40 27 Jag
637 241 36 21 vill
689 241 55 22 blott
759 243 52 26 göra
826 241 77 21 honom
919 247 25 16 en
959 241 65 27 fräga.

204 268 77 21 Stöder
303 269 42 21 han
367 269 79 22 kanske
468 270 38 21 sitt
527 270 100 26 yttrande
649 276 40 18 om,
713 272 32 19 att
765 271 38 25 jag
817 270 54 21 hade
894 270 48 21 bort
963 270 22 21 få
999 275 27 16 en

203 296 90 27 faderlig
308 298 179 27 tillrättavisning,
503 298 28 27 pä
546 299 40 20 den
602 298 126 26 erfarenhet,
750 304 46 16 som
812 298 41 22 han
869 298 76 21 samlat
960 298 66 21 under

203 325 32 21 sin
251 325 66 22 första
332 326 114 27 landtdag?

274 389 32 21 Hr
326 389 140 22 Alexander
489 390 120 21 Aminoff:
639 390 40 26 Jag
701 390 38 21 ber
759 390 6 21 i
781 390 43 21 allo
839 390 21 20 få
875 389 73 22 förena
962 389 64 26 mig
1014 385 15 36 i

205 417 40 21 den
268 418 129 21 reservation
419 420 44 20 mot
485 418 32 22 Hr
539 418 217 22 Landtmarskalkens
778 418 128 26 förfarande,
929 420 32 19 att
979 417 47 21 icke

204 446 70 21 tillåta
289 446 56 21 Frih.
362 447 76 21 Wrede
454 449 31 19 att
500 449 58 25 yttra
573 448 38 26 sig,
627 453 44 15 som
687 447 56 21 Frih.
760 453 42 15 von
817 447 57 21 Born
885 446 32 22 för
927 453 25 15 en
963 446 63 22 stund

205 474 65 21 sedan
285 475 87 27 afgifvit,
395 476 39 21 och
449 476 38 21 ber
503 476 64 21 ocksä
581 476 7 20 i
604 476 42 21 alla
661 476 59 21 delar
735 475 22 22 fä
771 476 75 21 förena
861 475 42 27 mig
917 475 7 21 i
940 476 25 21 de
980 474 46 22 skäl

205 503 58 21 Frih.
279 509 39 15 von
334 504 57 21 Born
407 504 74 21 anfört.

274 566 31 21 Pä
321 567 31 20 Hr
370 567 216 21 Landtmarskalkens
609 567 156 26 framställning
787 567 70 21 beslöt
879 567 24 21 R.
920 573 18 15 o.
954 566 24 22 A.
994 567 32 20 att

205 595 110 20 remittera
330 595 160 26 ifrågavarande
506 597 77 19 tvänne
599 595 79 27 förslag
694 601 33 16 om
743 596 90 26 ändring
849 595 23 21 af
883 595 26 21 36
925 595 65 26 $iR.
1001 594 25 21 O.

205 623 32 21 till
254 623 231 26 Riddarhusutskottet,
512 624 87 21 hvarom
625 625 65 25 sagda
705 624 90 21 Utskott
819 624 68 21 skulle
907 624 27 26 pä
949 623 79 26 vanligt

205 653 43 19 sätt
264 652 81 21 erhälla
365 653 161 25 underrättelse,
540 653 66 26 jemte
622 653 35 21 det
673 653 273 26 disskussionsprotokollet
961 651 68 22 borde

206 680 75 27 åtfölja
297 681 106 21 remissen.

530 813 172 28 Postsparbanken.

275 875 46 21 Den
337 875 71 21 härtill
425 875 116 27 bordlagda
555 876 118 20 relationen
689 875 110 27 angående
815 874 213 27 postsparbankens
1017 870 15 37 i

206 902 90 21 Finland
312 903 95 21 tillstånd
423 904 39 20 och
477 904 129 26 förvaltning
621 904 67 20 under
703 904 50 20 åren
771 904 62 23 1890,
851 903 52 21 1891
920 902 39 22 och
974 902 54 21 1892

206 931 148 21 remitterades
369 932 28 26 på
411 932 79 27 förslag
505 932 23 21 af
545 933 30 20 Hr
590 932 208 21 Landtmarskalken
813 932 33 20 till
857 931 171 25 Statsutskottet;

206 959 39 21 och
262 960 68 20 skulle
346 960 137 22 Medstånden
501 961 39 21 och
555 961 93 21 nämnda
656 961 88 21 Utskott
760 961 75 20 härom
847 960 135 21 underrättas
992 965 35 20 ge-

206 994 49 14 nom
271 989 78 25 utdrag
364 995 25 15 ur
404 989 135 27 protokollet.

512 1114 209 29 Justeringsutskottet.

276 1176 32 21 Hr
323 1176 204 22 Landtmarskalken
551 1176 146 27 tillkännagaf,
713 1178 32 20 att
768 1176 35 21 vid
819 1176 67 20 denne
903 1175 40 26 dag
958 1174 71 21 hållen

205 1205 215 21 Talmanskonferens
435 1206 98 21 beslutits
548 1208 33 18 att
596 1206 39 20 hos
649 1205 162 21 vederbörande
821 1204 67 21 Stånd
898 1202 79 22 föreslå
987 1202 41 21 till-

206 1234 109 20 sättandet
329 1234 23 20 af
367 1236 30 19 ett
412 1234 211 27 Justeringsutskott,
639 1234 115 21 bestående
769 1233 24 21 af
808 1232 35 22 två
859 1232 116 22 ledamöter
990 1230 42 22 och

205 1262 37 21 två
257 1263 138 26 suppleanter
411 1262 46 22 från
472 1263 73 26 hvarje
561 1263 74 26 Stånd,
658 1263 32 20 för
706 1264 32 19 att
753 1261 94 27 granska
861 1261 26 21 de
903 1260 23 21 af
939 1259 90 27 Expedi-

206 1291 163 21 tionsutskottet
385 1294 100 24 uppsatta
501 1291 150 21 skrifvelserna
667 1293 55 19 samt
740 1290 55 22 efter
810 1289 139 27 landtdagens
964 1289 44 20 slut
1022 1288 7 20 i

206 1319 26 21 de
248 1319 43 26 fall,
308 1319 27 21 då
350 1320 57 20 olika
422 1320 135 26 uppfattning
573 1320 65 21 rådde
651 1320 89 20 emellan
749 1318 94 22 nämnda
851 1319 76 19 tvänne
936 1316 95 27 Utskott,

203 1347 67 26 jemte
294 1348 243 26 Expeditionsutskottet
553 1348 58 21 bilda
626 1350 31 19 ett
678 1349 141 20 sammansatt
839 1346 96 25 Utskott,
950 1345 80 21 hvilket

206 1376 69 21 under
297 1376 86 27 ledning
405 1376 22 21 af
439 1377 238 25 Justeringsutskottets
699 1375 130 22 ordförande
851 1375 54 26 egde
927 1375 33 19 att
981 1373 49 21 med

207 1404 131 21 Ständernas
353 1406 44 20 rätt
412 1405 53 21 fatta
480 1405 70 21 beslut
570 1405 109 27 angående
694 1404 187 27 expeditionernas
896 1402 80 28 lydelse
991 1401 40 21 och

206 1433 32 21 uti
254 1433 47 21 dem
317 1433 86 27 vidtaga
426 1434 141 26 tilläfvontyrs
582 1434 78 26 nödiga
681 1433 110 27 språkliga
805 1432 110 25 rättelser;
939 1430 39 22 och
994 1436 37 12 an-

206 1461 86 20 komme
307 1462 37 20 det
369 1462 12 20 å
397 1462 165 21 Statsutskottet
577 1464 33 19 att
625 1462 38 21 hos
687 1462 96 21 Stånden
798 1460 79 22 föreslå
892 1460 104 25 beloppen
1010 1458 24 21 af

207 1489 26 21 de
249 1489 100 24 arvoden,
366 1496 44 15 som
426 1490 145 21 ledamöterne
586 1491 7 20 i
608 1490 120 21 ännämnda
743 1491 79 19 tvänne
837 1488 89 21 Utskott
936 1487 56 27 finge
1002 1487 30 21 ef-

207 1519 34 20 ter
256 1518 141 27 landtdagens
413 1519 42 21 slut
470 1519 103 26 uppbära.
