1103 1761
221 113 25 22 18
471 120 25 17 R.
509 125 18 12 0.
540 121 22 16 A.
576 120 57 17 1894.
658 121 25 16 25
695 119 47 18 Jan.

189 198 68 21 tation
279 198 55 22 först
354 198 92 27 följande
462 199 40 27 dag
517 205 51 16 vore
584 200 32 21 att
631 199 103 27 förvänta,
750 199 126 22 hemställde
891 199 32 22 Hr
937 200 80 22 Landt-

189 227 142 24 marskalken,
347 227 103 22 huruvida
466 227 46 22 icke
528 227 118 22 emellertid
661 228 65 21 redan
742 234 29 15 nu
786 228 39 21 och
840 228 64 22 innan
919 228 24 21 R.
959 235 20 14 o.
990 229 25 20 A.

189 256 101 26 mottagit
319 255 171 22 Bondeständets
512 256 98 27 helsning
632 257 24 20 R.
680 262 18 15 o.
722 256 37 22 A:s
784 257 232 28 helsningsdeputation

188 283 71 22 kunde
275 284 33 21 till
323 284 140 22 Medständen
480 284 54 27 afgä.

257 340 70 22 Sedan
343 340 57 22 Frih.
416 341 25 21 R.
456 342 26 20 A.
499 341 97 21 Wrede
612 342 74 26 yttrat,
701 343 32 19 att
748 342 36 21 det
799 344 71 25 syntes
884 342 77 21 honom
972 341 43 21 rik-

187 368 66 28 tigast
268 371 33 19 att
315 369 24 21 R.
356 376 19 14 o.
391 370 24 20 A.
431 370 76 21 härvid
522 369 64 27 följde
602 370 41 21 den
661 371 103 25 coutume,
780 376 46 16 som
841 370 104 22 härintills
959 370 56 21 iakt-

187 397 72 27 tagits,
275 398 80 21 beslöts
370 398 27 26 pä
411 398 32 21 Hr
458 398 218 22 Landtmarskalkens
690 398 74 22 härom
775 399 75 27 gjorda
860 399 155 27 framställning

188 427 32 20 att
240 426 45 21 läta
306 426 175 26 deputationerna
502 433 29 15 nu
554 426 48 27 afgä
621 426 33 22 till
669 426 84 22 Preste-
769 428 39 21 och
823 428 190 26 Borgareständen,

187 460 48 15 men
248 454 33 21 till
296 454 164 26 Bondeständet,
476 455 54 21 först
546 455 54 21 efter
616 456 35 20 det
665 455 25 21 R.
707 462 20 15 o.
737 457 25 20 A.
775 456 99 27 mottagit
884 456 131 22 sistnämnda

188 482 78 22 Ständs
282 483 129 27 deputation.

256 647 33 22 Hr
303 647 205 23 Landtmarskalken
523 649 134 26 uppmanade
668 648 92 22 derefter
771 648 99 23 Ständets
883 655 52 21 egna
948 649 65 27 depu-

186 675 93 22 tationer
302 678 31 19 att
352 677 47 26 afgä
414 677 39 22 och
469 677 71 21 afbröt
554 677 86 27 plenum
656 677 32 21 till
704 677 48 22 dess
768 677 174 27 deputationerna
957 678 55 21 äter-

186 700 96 35 kommit.
813 712 3 3 i

254 869 70 21 Sedan
340 869 99 22 Ständets
451 870 123 27 deputation
586 870 142 25 återkommit,
740 870 140 27 tillkännagaf
888 871 32 20 Hr
930 871 81 21 Landt-

184 896 135 22 marskalken
335 899 32 20 att
383 898 223 27 Generalguvernören
621 898 104 22 förklarat
740 901 32 19 att
787 899 129 27 landtdagen
926 899 86 21 komme

184 927 32 19 att
238 925 131 28 högtidligen
393 928 80 25 öppnas
495 927 93 27 följande
612 927 41 27 dag
668 928 40 20 den
724 928 26 20 26
766 927 141 21 innevarande
922 927 88 21 Januari

184 953 13 21 å
213 954 115 24 tronsalen,
351 954 53 22 efter
427 956 35 20 det
478 955 119 22 Ständerna
613 955 135 22 derförinnan
763 956 87 21 bivistat
864 956 146 26 gudstjensten

183 982 28 21 kl.
229 983 26 20 11
271 982 15 22 f.
301 989 27 15 m.
344 983 7 21 i
367 983 173 27 Nikolaikyrkan.

252 1039 58 21 Frih.
326 1046 41 14 von
383 1040 71 21 Troil
470 1040 39 22 och
525 1041 32 21 Hr
574 1041 180 27 Montgomery
765 1040 92 22 anmälte
868 1042 31 20 att
909 1040 102 22 Ständets

182 1066 233 28 helsningsdeputation
438 1069 32 21 till
492 1069 86 21 Preste-
601 1069 40 21 och
660 1069 184 27 Borgareständen
859 1069 32 21 till
906 1075 48 15 svar
969 1069 41 21 fätt

183 1097 108 48 SEELE
312 1096 144 29 försäkringar
478 1104 34 15 om
534 1098 78 21 nämda
634 1097 78 22 Stånds
734 1097 130 28 högaktning
885 1097 38 22 och
939 1097 71 28 tillgif-

181 1126 85 20 venhet.

535 1290 124 23 Elektorsval.

248 1345 33 21 Hr
291 1346 206 22 Landtmarskalken
507 1347 135 26 uppmanade
657 1346 99 22 Ständets
766 1347 137 21 medlemmar
913 1348 32 20 att
957 1352 51 16 vara

178 1373 95 22 beredda
295 1376 32 19 att
346 1375 35 20 vid
397 1375 36 21 det
447 1375 91 27 plenum,
554 1381 45 15 som
615 1376 112 26 Lördagen
743 1375 41 21 den
799 1376 26 20 27
842 1376 78 21 dennes
935 1375 28 20 kl.
981 1376 40 20 11:

177 1402 15 21 f.
207 1408 28 15 m.
251 1402 86 22 komme
351 1404 33 20 att
399 1403 73 25 hällas,
489 1404 73 20 skrida
576 1404 34 20 till
625 1404 34 21 val
674 1404 23 21 af
706 1404 26 21 23
743 1404 91 25 valmän,
844 1404 40 21 och
894 1403 113 21 tillkänna-

177 1430 38 27 gaf
228 1432 33 20 att
275 1431 8 20 i
299 1431 93 27 enlighet
407 1432 48 21 med
470 1432 58 21 förut
542 1432 58 21 inom
615 1432 26 21 R.
657 1438 18 15 o.
691 1432 26 21 A.
733 1432 123 27 vedertaget
871 1432 55 21 bruk
941 1431 67 27 sagda

177 1458 35 21 val
226 1458 56 27 finge
297 1459 38 21 ske
350 1460 101 27 antingen
465 1460 50 21 med
529 1460 139 21 handskrifna
684 1460 51 22 eller
750 1460 85 27 tryckta
850 1460 112 22 valsedlar.
