1106 1756
295 130 79 17 Finska
386 128 87 23 språket
485 129 36 17 vid
533 129 24 17 R.
570 133 17 13 o.
601 129 35 17 A:s
648 129 68 21 plena.
853 122 40 22 391

96 210 41 21 bör
151 210 73 21 kunna
238 210 88 26 hoppas,
341 210 77 21 liksom
435 210 37 20 det
487 215 50 15 vore
552 208 134 28 synnerligen
698 208 100 27 önskligt,
813 210 31 20 att
855 208 68 21 denna

96 238 121 22 diskussion
240 238 69 22 kunde
325 238 58 21 föras
398 240 52 19 utan
466 238 40 21 den
523 238 120 26 personliga
661 237 109 24 bitterhet,
787 243 45 15 som
848 236 33 22 vid
897 236 27 21 de

95 267 38 21 två
158 266 127 28 föregående
306 267 111 21 tillfällena
440 266 65 22 redan
524 266 46 21 från
586 266 75 26 början
677 266 49 20 ville
742 267 77 25 mänga
834 266 31 26 sig
880 266 21 20 in
917 266 7 20 i

95 295 196 27 förhandlingarna.
322 295 40 22 Om
384 295 123 21 Utskottets
529 295 135 21 betänkande
687 294 42 21 kan
749 294 38 27 jag
809 296 57 25 yttra
881 294 43 26 mig

93 324 157 27 jemförelsevis
272 324 54 21 kort.
356 324 149 21 Betänkandet
528 323 119 21 innehåller
665 324 6 20 i
687 322 61 27 fråga
763 330 35 14 om
814 322 39 22 den
869 322 55 22 före-

97 353 98 26 liggande
210 353 181 26 tolkningsfrågan
407 352 46 22 icke
469 352 115 27 någonting
599 352 120 26 egentligen
734 354 55 24 nytt,
804 352 59 24 intet,
879 358 45 14 som

95 382 49 20 icke
167 382 68 20 skulle
257 382 57 20 förut
335 382 67 20 under
423 381 148 21 diskussionen
587 380 63 21 hafva
665 380 129 21 framhållits
817 380 37 21 och
871 380 53 20 efter

97 410 43 20 min
160 410 135 27 uppfattning
317 410 65 21 redan
404 410 6 21 i
426 409 226 21 motionsmemorialet
668 409 39 21 och
723 409 68 21 under
807 408 116 27 öfverlägg-

96 439 105 26 ningarna
224 438 66 21 blifvit
312 439 32 20 till
367 438 52 21 fullo
443 438 88 21 bemött.
562 438 41 20 Det
619 438 54 21 enda
689 444 42 20 nya
746 437 127 21 åtminstone
886 437 38 26 jag

98 467 40 21 har
154 467 80 21 kunnat
254 467 113 26 upptäcka,
382 469 24 19 är
421 467 40 21 den
479 467 22 20 af
513 466 113 21 Utskottet
641 467 6 20 i
664 466 65 21 slutet
743 466 23 21 af
781 465 144 22 betänkandet

96 496 30 27 på
144 496 38 21 sid.
209 497 24 20 13
248 496 86 25 intagna
350 496 102 21 liknelsen
469 502 33 14 om
518 495 56 21 hvad
590 495 79 21 allmän
685 495 35 25 lag
736 495 87 26 stadgar
838 501 33 14 om
887 495 37 20 do-

97 531 59 14 mare
173 531 19 14 o.
208 531 15 14 s.
240 531 24 18 v.,
280 531 25 14 en
322 525 93 23 liknelse,
431 524 85 21 hvilken
533 523 46 22 icke
595 524 76 21 endast
687 523 69 21 såsom
773 524 25 20 de
814 523 61 21 flesta
885 523 39 20 lik-

98 553 70 20 nelser
190 553 75 23 haltar,
289 555 51 19 utan
361 553 53 21 efter
429 553 42 20 min
488 552 136 27 uppfattning
639 553 62 20 äfven
716 554 24 18 är
755 551 33 22 för
803 551 121 22 Utskottets

98 581 129 27 bevisföring
249 581 127 27 fullkomligt
393 581 104 25 värdelös,
511 581 22 26 ja
548 581 7 21 i
571 581 74 26 sjelfva
660 581 75 20 verket
751 581 67 26 egnad
835 582 31 19 att
882 580 42 21 för-

97 616 67 21 svaga
186 610 152 27 bevisföringen
362 611 4 20 i
391 610 150 21 betänkandet.
573 610 102 21 Deremot
690 609 67 21 finner
770 609 37 27 jag
823 610 35 20 det
874 615 51 14 vara

97 645 28 14 en
141 639 98 26 förtjenst
255 639 6 20 i
278 639 239 21 utskottsbetänkandet
532 640 32 19 att
579 638 112 21 Utskottet
710 639 45 20 icke
771 637 46 27 gått
833 638 20 21 in
868 637 57 27 uppå

98 667 27 21 de
148 669 62 25 yttre,
232 667 26 27 på
280 667 60 21 sidan
360 674 33 14 om
410 669 71 19 ämnet
497 667 98 27 liggande
611 667 138 26 synpunkter,
766 667 72 20 hvilka
853 667 72 25 tyvärr

99 696 85 21 kommo
208 698 32 19 att
261 697 33 20 vid
316 697 41 20 den
380 696 66 21 första
469 696 146 21 diskussionen
638 696 7 20 i
661 695 74 26 frågan
752 695 39 21 här
805 695 119 21 framföras.

100 724 48 21 Men
164 724 13 21 å
192 725 67 20 andra
274 725 60 20 sidan
350 725 54 20 hade
421 725 54 21 dock
491 724 111 21 Utskottet
617 724 46 21 icke
680 724 49 21 bort
745 724 44 21 helt
805 724 38 21 och
859 723 66 21 hållet

100 753 80 20 blunda
196 753 32 21 för
245 754 61 20 dessa
322 753 129 27 synpunkter
467 753 39 21 och
523 753 104 21 måhända
643 753 46 20 haft
705 753 114 26 anledning
833 754 32 19 att
878 753 47 19 när-

99 788 59 14 mare
180 782 108 26 begrunda
310 782 131 21 innebörden
463 782 24 21 af
500 781 55 21 hvad
580 781 111 21 Utskottet
706 783 62 24 säger
784 781 27 26 på
826 781 99 20 nedersta

100 811 66 20 raden
188 811 22 20 af
230 811 36 20 sid.
291 811 25 20 12
336 811 38 20 och
395 811 93 20 öfversta
503 810 22 21 af
539 810 38 21 sid.
594 810 35 21 13:
647 810 37 24 ,,så
699 810 100 21 inverkar
814 816 25 14 en
855 809 70 20 förän-

99 839 62 26 dring
177 839 131 21 beträffande
324 839 97 26 språken,
438 839 98 26 vidtagen
553 839 6 20 i
575 839 40 20 den
631 839 97 26 ordning,
744 845 45 14 som
800 838 74 20 härom
885 844 40 14 an-

98 873 34 14 ses
148 874 53 14 vara
213 867 157 28 föreskrifven,
386 867 156 26 otvifvelaktigt
558 867 26 26 på
594 867 122 26 tolkningen
728 867 61 21 äfven
800 867 23 20 af
834 869 31 18 ett
875 867 50 20 slikt

99 896 118 27 stadgande
234 897 47 20 med
297 896 198 27 grundlagshelgd*.
527 896 10 21 I
552 897 68 20 denna
635 896 34 21 del
685 896 24 20 af
722 896 73 26 frågan
806 895 45 24 har,
864 901 61 20 synes

100 925 38 20 det
160 925 49 26 mig,
233 925 164 26 reservationen,
420 931 45 15 som
487 925 47 21 icke
557 931 63 20 gerna
644 925 71 20 kunde
731 924 70 27 undgå
817 926 31 19 att
864 923 61 21 äfven

100 953 86 21 vidröra
208 954 62 20 dessa
292 954 137 26 synpunkter,
451 954 119 26 påtagligen
587 953 88 21 kommit
690 954 116 25 sanningen
822 955 103 18 närmare.

98 981 44 26 Jag
164 981 66 21 finner
252 982 32 21 för
305 982 63 26 öfrigt
384 982 156 21 reservationen
555 988 51 14 vara
621 982 6 20 i
643 982 28 20 all
688 981 119 21 hufvudsak
822 981 49 21 kort
886 980 40 21 och

100 1010 54 26 klar,
171 1010 118 26 begränsad
304 1011 40 21 och
359 1011 144 27 förtjensttull.
533 1011 42 26 Jag
590 1010 35 21 vill
641 1010 55 21 dock
713 1010 100 25 erkänna,
829 1010 39 20 och
884 1009 41 21 till-

100 1038 55 22 låter
171 1039 42 27 mig
228 1039 64 21 likväl
307 1042 51 18 utan
374 1040 65 26 något
455 1046 44 14 som
511 1039 55 21 helst
579 1038 170 27 bemyndigande
759 1038 72 22 dertill
842 1040 83 24 nämna,

100 1068 34 19 att
156 1068 6 20 i
178 1068 67 26 tredje
268 1068 82 26 stycket
365 1068 19 21 af
401 1068 158 21 reservationen
575 1074 61 20 synes
652 1068 43 26 mig
711 1068 62 20 hafva
789 1067 95 27 uppstått
900 1072 26 15 en

99 1096 64 20 lucka
178 1097 7 20 i
201 1096 153 26 bevisföringen
370 1098 6 20 i
392 1098 41 20 den
449 1097 88 26 mening.
555 1096 37 21 der
608 1096 36 21 det
659 1098 45 18 mot
720 1096 122 21 Utskottets
853 1095 73 21 betän-

99 1124 71 22 kande
192 1125 84 21 anföres
298 1126 38 20 och
355 1126 31 20 till
402 1125 82 21 förmån
501 1126 32 20 för
547 1124 158 22 reservationen
721 1126 67 25 säges,
805 1126 31 19 att
852 1124 35 21 det
902 1125 24 19 är

99 1154 24 20 af
142 1154 44 26 vigt
208 1156 33 19 att
257 1154 35 27 ,R.
310 1160 18 15 o.
345 1155 23 20 A.
386 1156 66 19 sättes
468 1154 6 20 i
490 1154 83 20 tillfälle
589 1155 32 19 att
637 1153 48 27 sjelf
699 1154 69 20 uttala
783 1153 42 26 sig*
841 1159 18 14 o.
876 1158 16 15 s.
908 1158 18 14 v.

100 1182 42 20 Det
165 1182 109 22 förefaller
296 1184 81 24 nästan,
400 1183 69 21 säsom
493 1189 33 14 om
545 1182 66 26 nägra
627 1182 38 21 ord
682 1182 39 20 här
736 1182 90 21 behöfde
842 1181 85 21 komma

99 1210 41 28 till,
163 1210 33 22 för
220 1213 32 19 att
275 1211 46 21 fullt
344 1212 100 26 klargöra
462 1211 88 21 tanken:
563 1213 44 24 ,att
622 1211 19 21 R.
663 1216 20 15 o.
699 1211 24 20 A.
739 1212 66 19 sättes
812 1206 12 36 i
843 1210 83 20 tillfälle

99 1240 33 19 att
148 1240 61 24 ,,med
225 1240 145 27 lagstiftande
385 1240 77 27 kraft
478 1240 69 20 uttala
563 1240 30 26 sig
609 1245 34 15 om
659 1239 41 21 den
717 1238 160 28 ifrågavarande
888 1244 39 20 pa-

100 1268 110 27 ragrafens
226 1270 56 20 rätta
298 1269 101 26 mening*.
431 1268 94 22 Äfvensä
539 1268 7 21 i
562 1268 40 20 den
617 1268 94 26 följande
726 1269 121 25 meningen:
863 1266 64 27 ,För-

100 1295 74 23 kastas
196 1297 96 21 deremot
307 1298 61 20 dessa
384 1298 111 24 motioner,
511 1296 53 22 skall
581 1302 48 15 man
644 1296 61 21 alltid
721 1298 77 19 stanna
813 1296 6 20 i
835 1295 92 27 ovisshet

100 1332 34 14 om
158 1325 85 21 hvilken
266 1326 55 26 &sigt
344 1326 91 20 Ständet
457 1326 6 20 i
479 1326 70 20 denna
565 1324 61 27 fråga
641 1324 109 28 verkligen
766 1325 64 27 hyst".
859 1324 68 21 Afven

101 1354 39 21 här
156 1354 61 21 torde
233 1354 79 21 tanken
327 1361 59 14 vara:
401 1354 95 26 ,hvilken
507 1354 55 26 äsigt
573 1353 90 22 Ständet
674 1354 82 26 ,säsom
767 1352 159 28 lagstiftande"

100 1383 6 20 i
123 1383 70 21 denna
208 1382 60 28 fråga
284 1383 63 26 hyst".
380 1383 67 21 Dessa
463 1382 46 22 små
523 1382 167 26 anmärkningar
707 1384 45 19 mot
763 1382 164 25 formuleringen

101 1412 39 20 har
160 1411 37 27 jag
219 1412 55 26 tagit
289 1412 42 26 mig
346 1411 92 21 friheten
454 1413 32 19 att
501 1411 39 21 här
555 1410 126 25 framställa,
699 1410 94 26 emedan,
809 1416 34 15 om
860 1416 67 14 reser-

100 1440 100 21 vationen
216 1440 32 21 till
263 1442 69 19 större
348 1440 52 21 eller
415 1440 82 21 mindre
514 1440 34 20 del
563 1440 96 20 kommer
675 1441 32 19 att
723 1439 74 27 läggas
811 1438 32 21 till
859 1438 68 26 grund

100 1468 34 21 för
150 1468 100 22 Ståndets
266 1468 69 22 beslut
351 1468 39 21 och
406 1468 58 27 tjena
479 1468 70 21 såsom
565 1468 127 25 motivering
707 1468 34 20 för
756 1468 124 23 detsamma,
892 1467 36 20 be-

100 1497 127 26 visföringen
244 1497 68 20 måste
327 1503 51 14 vara
393 1497 7 20 i
415 1497 43 20 alla
474 1496 59 21 delar
549 1496 48 21 fullt
613 1496 68 26 logisk
697 1496 39 21 och
752 1495 112 22 bindande.
887 1494 40 27 Jag

100 1526 31 25 är,
153 1525 70 21 såsom
246 1525 94 25 nämndt,
363 1525 46 21 från
432 1525 43 21 min
493 1524 131 27 ståndpunkt
640 1524 33 21 för
689 1524 132 21 närvarande
837 1523 90 22 tillfreds
