1103 1756
275 127 78 17 Finska
365 126 87 22 språket
464 128 35 16 vid
512 128 24 16 R.
549 132 17 12 o.
579 127 35 17 A:s
626 127 67 21 plena.
836 123 41 20 203

81 206 60 22 fället
155 206 59 21 leder
229 206 96 21 ståndets
340 206 166 26 förhandlingar,
522 208 55 19 samt
588 206 27 21 då
626 206 204 22 tidsförhållandena
844 212 62 21 synas

81 234 92 28 påkalla,
189 236 32 19 att
237 234 25 20 de
278 234 137 21 medlemmar
430 234 22 21 af
466 235 157 26 Ridderskapet
641 235 39 21 och
695 235 75 21 Adeln,
788 235 71 21 hvilka
874 235 32 21 till

82 263 107 27 äfventyrs
204 262 47 21 icke
267 264 36 19 äro
319 263 89 21 svenska
424 263 88 26 språket
527 263 99 26 mäktige,
642 263 80 21 erhålla
738 264 68 26 laglig
821 265 43 19 rätt
874 264 32 20 att

81 292 8 20 i
105 291 84 21 ståndet
205 290 120 27 offentligen
341 293 57 25 yttra
414 292 31 25 sig
460 291 28 27 pä
504 292 36 20 det
555 292 67 20 andra
636 292 111 20 inhemska
762 292 93 26 språket,
871 291 35 21 vä-

81 326 39 20 gar
140 319 42 26 jag,
205 320 7 20 i
235 320 48 20 stöd
305 319 23 21 af
349 320 24 20 41
398 318 11 28 $
425 320 24 20 R.
466 320 30 25 O.,
514 320 38 20 hos
568 320 112 26 höglofliga
696 320 156 26 Ridderskapet
867 320 39 21 och

83 348 67 21 Adeln
167 347 112 21 hemställa
295 354 34 14 om
345 348 90 26 ändring
449 348 23 21 af
487 348 25 20 36
530 349 11 25 8
553 348 5 20 i
570 348 239 26 Riddarhusordningen
819 348 87 26 derhän,

83 378 34 19 att
137 376 66 21 orden
227 376 96 24 ,landets
345 376 90 21 officiela
456 376 75 27 språk"
554 376 87 27 utbytas
664 379 57 18 emot
737 393 7 9 ,
751 377 89 20 svenska
855 377 51 21 eller

82 404 69 22 finska
173 404 110 26 spräket;*
306 404 39 21 och
369 405 62 26 hyser
449 405 37 26 jag
508 405 68 20 tillika
592 405 41 20 den
648 404 148 27 förhoppning,
812 407 32 19 att
858 405 48 21 mitt

83 433 182 27 ändringsförslag
287 433 54 20 skall
363 433 64 21 vinna
449 433 93 21 medhäll
566 433 61 21 äfven
650 433 38 21 hos
711 434 25 20 de
755 434 116 20 ledamöter
885 433 24 21 af

84 461 91 26 ständet,
199 468 44 14 som
267 467 50 15 anse
340 461 126 27 paragrafen
488 462 5 20 i
510 462 48 20 dess
573 462 121 20 nuvarande
711 461 111 27 affattning
837 463 70 20 lemna

83 496 46 15 rum
145 490 33 20 för
193 490 96 26 tvetydig
303 490 102 26 tolkning.

151 518 88 21 Jemlikt
262 518 174 26 förstäberopade
459 519 82 25 lagrum
564 518 63 21 utber
644 519 36 26 jag
695 518 43 26 mig
753 518 105 27 slutligen,
874 520 33 19 att

84 547 68 20 denna
174 546 43 21 min
239 546 154 27 framställning
415 547 66 21 mätte
502 547 6 20 i
524 547 98 21 afseende
639 547 12 21 ä
666 547 156 26 handläggning
838 547 69 21 öfver-

84 576 81 20 lemnas
180 575 33 21 till
228 574 233 22 Riddarhusutskottet.

152 626 140 26 Helsingfors,
308 626 40 21 den
366 627 25 20 12
407 626 103 21 Februari
528 627 60 21 1894.

637 677 49 21 Elis
703 677 134 28 Furuhjelm.

153 730 40 20 Om
209 729 133 21 förestäende
357 728 156 27 framställning
528 729 74 21 förena
618 728 31 27 sig

153 780 26 21 F.
197 780 124 28 Stjernvall.
686 780 57 21 Axel
758 780 80 20 Antell.

153 837 135 21 Diskussion:

154 888 31 20 Hr
207 888 53 26 Aug.
284 888 150 21 Schauman:
464 888 75 21 Säsom
560 895 25 14 en
602 888 22 21 af
638 889 24 20 de
679 888 21 21 fä
715 894 88 15 numera
819 887 90 27 gvarsit-

87 917 64 21 tande
175 916 163 21 medlemmarne
359 917 23 21 af
402 917 25 21 R.
449 923 18 15 o.
488 918 24 20 A.
529 917 33 21 vid
580 917 55 21 1863
650 917 34 20 ärs
699 917 107 26 landtdag,
823 917 37 20 ber
873 916 36 26 jag

85 947 33 19 att
139 945 22 21 fä
183 947 58 24 yttra
262 945 65 26 nägra
351 945 37 21 ord
411 946 32 20 till
466 945 115 27 belysande
598 945 22 21 af
633 945 85 26 frägans
733 945 134 26 uppfattning
882 944 27 26 pä

86 974 69 20 denna
177 973 37 21 tid.
245 973 56 21 Frih.
325 980 40 14 von
387 974 56 20 Born
458 974 40 20 har
512 974 61 26 gifvit
588 980 25 14 en
630 974 114 20 berättelse
760 980 34 15 om
809 973 100 21 förhand-

85 1002 98 25 lingarna
197 1002 91 20 rörande
303 1002 12 26 &
331 1002 26 20 36
374 1002 7 20 i
396 1002 24 21 R.
437 1002 23 20 O.
478 1002 32 20 vid
528 1002 91 21 nämnda
635 1002 108 26 landtdag.
771 1002 48 21 Men
834 1008 25 14 en
871 1000 38 21 sak

85 1030 42 20 kan
149 1030 129 21 framställas
300 1030 27 26 pä
350 1030 76 26 mänga
448 1030 58 21 olika
521 1032 43 19 sätt
580 1030 39 21 och
633 1031 41 26 jag,
691 1030 70 21 säsom
777 1029 132 22 närvarande

86 1058 39 21 och
149 1059 126 25 deltagande
297 1059 7 20 i
328 1060 93 20 nämnda
442 1059 166 26 förhandlingar,
625 1059 38 21 ber
678 1059 65 21 ocksä
758 1061 32 18 att
804 1058 47 22 frän
867 1058 43 20 min

87 1087 47 20 sida
155 1086 21 21 fä
193 1087 77 25 afgifva
285 1093 25 14 en
327 1088 114 19 berättelse
456 1093 35 14 om
507 1088 71 20 saken.
609 1088 89 25 Förslag
713 1088 32 19 till
762 1093 25 14 en
803 1093 27 20 ny
845 1086 25 21 R.
886 1085 24 21 O.

86 1115 54 20 hade
164 1115 68 20 blifvit
254 1115 114 27 uppgjorät
390 1115 24 21 är
438 1116 54 20 1860
510 1115 24 21 af
547 1116 25 20 R.
588 1121 18 14 o.
622 1116 37 20 A:s
674 1116 89 20 utsedde
779 1114 131 22 komiterade

87 1143 39 21 och
149 1143 167 21 öfverlemnades
338 1144 32 20 till
393 1145 36 19 det
453 1144 55 21 1863
523 1144 201 21 sammanträdande
740 1143 99 22 Ständets
855 1143 54 24 pröf-

86 1172 56 25 ning.
173 1172 46 20 Den
235 1178 28 14 nu
278 1172 160 26 ifrägavarande
454 1173 10 26 $
482 1173 26 20 36
524 1173 6 20 i
546 1173 99 25 gällande
660 1173 23 20 R.
700 1172 24 21 O.
740 1174 23 18 är
778 1172 32 21 till
826 1172 31 20 sin
874 1171 36 20 sti-

86 1200 86 26 lisering
193 1200 87 21 alldeles
303 1201 128 20 oförändrad
451 1201 66 20 sädan
536 1201 25 20 de
577 1201 131 20 komiterade
724 1201 54 20 hade
794 1199 116 26 föreslagit.

87 1229 42 20 Det
144 1235 37 14 var
197 1229 62 20 dessa
274 1229 139 22 komiterade,
431 1235 45 15 som
492 1229 55 20 hade
563 1229 76 26 skapat
655 1229 35 21 det
706 1229 28 20 dä
748 1229 33 20 för
797 1228 57 21 tiden
870 1233 41 20 nya

87 1256 51 21 eller
153 1257 128 20 ätminstone
297 1259 56 19 ännu
368 1257 109 21 obrukade
490 1257 107 26 uttrycket
613 1258 97 24 ,landets
727 1257 88 20 officiela
828 1255 81 27 spräk*.

87 1284 50 21 Man
159 1285 55 20 hade
237 1287 70 19 ansett
331 1292 24 14 en
379 1286 133 26 bestämning
536 1292 33 15 om
591 1286 87 26 språket
693 1286 35 20 vid
744 1286 23 20 R.
783 1291 18 14 o.
816 1285 37 20 A:s
868 1283 43 21 för-

86 1313 128 26 handlingar
237 1314 63 27 nödig
315 1313 34 22 för
364 1316 32 19 att
411 1315 73 26 afböja
501 1315 147 25 begagnandet
662 1314 23 21 af
699 1315 65 25 nägot
779 1313 51 21 eller
846 1312 65 25 nägra

86 1341 132 21 främmande
228 1342 69 26 spräk.
321 1342 46 27 (Jag
378 1343 37 20 ber
426 1344 31 19 att
468 1343 22 20 fä
500 1343 109 25 anmärka,
620 1345 33 18 att
662 1342 83 21 finskan
757 1342 27 21 dä
794 1343 57 19 ännu
865 1341 46 20 icke

87 1370 54 21 hade
157 1370 120 21 betraktats
293 1370 69 21 säsom
379 1373 31 18 ett
425 1371 132 20 främmande
572 1371 80 26 spräk).
675 1371 45 20 När
735 1371 101 25 förslaget
846 1369 65 20 sedan

87 1399 49 20 kom
152 1399 32 20 till
200 1399 128 26 landtdagen
344 1399 40 20 och
399 1401 47 24 togs
461 1399 68 21 under
540 1399 101 21 Ständets
656 1399 106 26 pröfning,
776 1399 44 20 blef
831 1403 81 16 samma

87 1427 12 26 8
118 1427 6 20 i
146 1427 68 20 likhet
236 1427 48 20 med
305 1427 51 21 flere
371 1427 68 21 andra
455 1427 90 21 föremål
560 1427 33 21 för
609 1433 42 20 nog
666 1427 64 26 lifliga
745 1427 105 24 debatter,
866 1425 45 21 icke

87 1455 56 20 blott
158 1455 35 20 vid
210 1455 99 21 Ständets
325 1455 98 22 officiella
442 1456 180 24 sammanträden,
639 1457 51 19 utan
706 1455 70 22 ocksä,
793 1455 69 20 säsom
876 1453 36 26 jag

87 1483 88 26 minnes,
198 1483 34 21 vid
255 1483 128 26 föregäende
405 1484 85 26 privata
512 1484 178 21 sammanträden.
720 1483 139 26 Meningarna
878 1487 34 15 om

87 1511 41 20 den
148 1511 120 27 föreslagna
291 1512 94 26 lydelsen
407 1512 23 20 af
443 1512 11 27 &
470 1513 28 20 36
514 1519 57 19 voro,
588 1512 69 21 såsom
672 1518 26 15 ur
712 1512 26 20 R.
754 1518 18 14 o.
790 1512 34 20 A:s
839 1512 74 24 proto-
