1106 1756
418 122 161 33 Näringslagen.
849 123 41 21 429

92 209 48 21 med
161 209 64 26 glada
240 208 88 24 blickar,
344 215 47 15 men
408 214 33 16 om
459 208 41 21 han
516 209 38 26 går
569 208 33 21 till
618 208 38 21 sitt
671 208 71 22 bättre
756 208 42 27 jag,
813 208 24 21 så
852 208 68 22 måste

92 238 42 21 han
156 237 7 21 i
186 238 80 26 princip
290 237 93 21 erkänna
404 239 32 19 att
458 237 161 21 konkurrensen
635 236 68 22 måste
719 237 27 27 på
761 237 43 21 alla
818 238 101 20 områden

93 266 164 27 upprätthållas.
287 266 41 21 Det
344 266 39 20 har
399 266 65 20 talats
480 272 34 14 om
530 268 31 18 att
578 266 130 26 margarinet
718 266 68 20 skulle
798 266 67 21 skada
876 266 44 21 lan-

92 295 48 21 dets
155 294 103 26 mejerier,
274 298 102 23 exporten
392 294 22 21 af
424 294 199 27 mejeriprodukter.
648 294 42 27 Jag
702 297 46 18 tror
758 294 47 21 icke
815 296 33 19 att
861 295 59 21 detta

92 323 132 27 nödvändigt
240 323 39 21 blir
294 323 66 26 fallet,
376 323 67 21 under
455 322 157 22 förutsättande
626 323 23 21 af
658 323 88 26 lämplig
758 323 103 25 kontroll;
872 330 47 14 men

92 352 34 21 väl
149 352 67 26 ligger
238 352 33 20 för
287 354 68 24 öppen
371 352 47 26 dag,
437 354 33 18 att
485 358 33 14 om
535 352 83 20 landets
634 354 50 24 eget
699 351 107 21 fettbehof
819 352 42 21 kan
877 352 43 21 till-

92 380 133 22 fredsställas
240 380 47 21 med
303 380 65 26 något
383 380 97 26 billigare
495 380 156 27 näringsmedel
665 382 27 19 än
704 382 85 23 smöret,
800 380 64 21 hvars
877 381 43 25 pris

93 412 24 18 är
138 410 6 20 i
167 409 69 21 starkt
260 409 102 27 stigande,
386 408 24 22 så
432 409 42 21 kan
498 411 160 25 smörexporten
678 410 6 20 i
702 415 80 15 samma
798 409 48 21 mån
863 409 57 21 ökas.

92 438 43 21 Det
150 440 23 19 är
188 438 121 26 visserligen
326 440 54 22 sant,
396 437 69 21 såsom
483 438 31 20 Hr
530 437 120 21 Grotenfelt
666 438 81 26 antydt,
764 440 32 18 att
812 444 25 15 en
853 438 34 21 del
900 438 23 21 af

93 466 274 27 margarinproduktionens
391 466 101 21 råämnen
515 466 69 21 måste
609 467 135 26 importeras,
767 472 47 15 men
839 473 24 15 en
887 466 33 21 del

93 496 61 21 torde
170 496 55 20 dock
241 495 70 21 kunna
327 496 56 20 inom
399 495 73 21 landet
487 495 135 21 framställas.
650 495 42 26 Jag
708 495 81 21 känner
804 495 47 21 icke
866 501 54 15 mar-

93 524 230 26 garinfabrikationens
339 524 132 20 närvarande
487 524 138 26 ståndpunkt,
642 530 47 14 men
701 523 33 21 för
745 524 65 26 något
821 524 24 20 år
855 524 65 20 sedan

93 553 69 27 ingick
179 552 44 22 deri
239 552 127 27 skummjölk
382 552 68 21 såsom
468 558 25 15 en
510 552 118 25 betydande
647 552 127 27 ingrediens,
790 552 39 22 och
846 553 36 21 det
897 554 24 19 är

93 582 73 24 kändt,
183 584 32 18 att
230 581 160 27 skummjölken,
408 581 101 21 särskildt
525 581 33 21 för
573 581 26 21 de
616 581 81 21 mindre
713 581 39 21 och
764 582 25 20 de
802 581 118 27 atlägsnare

94 610 131 26 mejerierna,
242 612 23 18 är
280 610 48 21 svår
344 612 32 18 att
391 610 86 26 afsätta,
492 610 64 26 jemte
572 610 36 21 det
624 610 124 21 densamma
758 610 30 21 tål
802 616 24 15 en
839 610 81 26 ganska

94 639 50 26 lång
166 641 114 24 transport,
303 638 136 26 hvarigenom
456 638 40 21 den
513 639 69 21 kunde
599 638 27 21 nå
642 638 235 26 margarinfabrikerna.
893 651 27 2 —

94 668 46 20 Den
164 671 83 17 senaste
268 668 64 20 ärade
356 667 82 21 talaren
462 667 82 27 tycktes
566 667 46 21 icke
632 674 51 14 anse
699 667 83 27 möjligt
798 669 32 19 att
845 674 74 20 genom

94 696 68 26 någon
178 696 75 26 åtgärd
269 696 81 26 skydda
361 698 44 19 mot
416 695 140 27 förfalskning
566 696 48 21 med
625 697 114 25 margarin.
763 696 47 20 Han
823 696 96 25 nämnde,

94 727 32 19 att
142 731 48 15 man
206 725 68 21 skulle
290 724 83 22 försökt
388 725 48 21 med
452 724 97 27 färgning
565 727 15 19 t.
596 731 19 15 o.
631 731 27 15 m.
674 725 48 21 med
734 726 64 27 grönt
808 725 40 21 och
859 724 60 23 blått,

94 760 34 14 om
150 754 36 26 jag
201 754 46 20 icke
262 754 66 20 hörde
344 753 68 21 miste.
442 754 41 26 Jag
499 754 54 20 hade
570 754 55 20 varit
640 754 96 20 tacksam
751 754 33 20 för
800 754 121 26 upplysnin-

94 788 46 20 gen,
158 782 103 20 huruvida
276 782 65 26 något
356 782 81 21 faktum
454 782 6 21 i
474 782 69 21 denna
559 782 33 21 del
608 782 120 26 föreligger.
758 782 42 26 Jag
815 782 39 20 har
864 782 56 25 hört,

95 813 31 18 att
142 811 80 21 sådana
237 810 79 27 förslag
332 811 74 26 gjorts,
422 817 48 14 men
486 813 32 18 att
534 812 66 25 några
615 811 73 20 försök
704 810 68 21 skulle
784 811 75 26 gjorts,
869 811 51 20 kän-

95 846 37 14 ner
153 839 37 27 jag
205 839 52 21 icke.
287 839 33 21 Då
336 840 40 20 den
392 840 64 20 ärade
472 840 83 20 talaren
571 846 28 14 nu
615 839 75 25 begärt
706 840 68 25 ordet,
790 839 81 27 hoppas
885 839 36 26 jag

95 868 41 20 han
160 868 153 26 kompletterar
336 868 46 20 sina
399 868 158 26 upplysningar.
573 880 29 3 —
617 868 41 26 Jag
673 868 69 21 håller
756 868 52 26 före,
824 870 33 18 att
872 868 48 20 nåd.

95 902 59 21 prop.
170 897 6 20 i
194 897 35 21 det
244 897 132 21 närvarande
397 897 96 26 sakläget
509 897 45 21 icke
570 897 41 21 kan
628 896 90 25 bifallas,
734 897 88 21 emedan
839 902 81 20 marga-

95 925 195 26 rinfabrikationen,
308 932 25 14 en
349 926 80 26 näring,
446 932 44 14 som
502 926 6 20 i
521 925 89 21 främsta
623 928 92 18 rummet
728 925 68 21 skulle
809 925 111 27 tillgodose

95 954 25 20 de
142 954 76 26 fattiga
240 954 166 21 folkklassernas
429 954 66 21 behof
510 954 22 21 af
545 954 110 25 fettämne,
671 954 70 20 blefve
756 954 54 20 stäld
827 953 93 25 rättslös,

96 982 26 21 då
142 983 24 26 ju
189 983 45 20 icke
254 984 56 19 ännu
326 983 69 26 någon
411 984 41 20 viss
468 983 144 26 förhoppning
629 989 34 15 om
678 982 74 27 slutlig
768 982 131 27 lagstiftning
915 982 6 20 i

95 1012 71 20 ämnet
182 1011 117 21 förefinnes.

163 1068 32 21 Hr
218 1068 24 21 N.
267 1068 25 21 G.
316 1068 27 21 M.
360 1068 160 22 Grotenfelt:
552 1068 49 22 Med
623 1069 115 25 anledning
760 1068 23 21 af
804 1068 39 21 den
866 1068 55 20 före-

96 1097 80 26 gående
200 1097 64 20 ärade
287 1097 92 20 talarens
402 1097 106 26 yttrande,
526 1099 32 18 att
572 1097 157 26 jordbrukaren
746 1097 88 20 likasom
850 1096 71 27 hvarje

94 1132 70 14 annan
180 1125 159 27 näringsidkare
355 1125 68 22 måste
439 1126 43 21 tåla
498 1126 140 25 konkurrens,
655 1126 37 21 ber
705 1126 37 26 jag
757 1125 21 21 få
793 1127 85 23 nämna,
890 1127 31 19 att

92 1154 37 27 jag
145 1156 23 19 är
184 1155 40 20 den
239 1154 67 21 första
322 1157 32 18 att
369 1155 148 20 underskrifva
532 1155 66 24 detta,
611 1154 73 21 såvida
696 1161 48 14 man
756 1155 97 26 tillägger
864 1154 57 26 ärlig

97 1183 139 25 konkurrens,
252 1189 47 15 men
316 1183 36 21 det
366 1183 89 27 uppstår
470 1183 47 21 icke
532 1183 54 26 ärlig
602 1183 134 21 konkurrens
752 1183 76 20 mellan
840 1182 82 26 mejeri-

95 1211 127 27 handtering
244 1212 39 21 och
306 1212 251 26 margarintillverkning,
573 1214 22 24 ty
610 1211 130 27 margarinet
756 1211 64 21 lefver
836 1211 27 26 pä
879 1217 43 15 me-

94 1240 205 27 jerihandteringens
316 1247 69 14 namn.
410 1241 61 20 Hvad
487 1241 71 20 vidare
575 1241 36 20 det
626 1239 110 25 beträffar,
751 1242 32 19 att
799 1246 24 15 en
841 1239 33 21 del
887 1239 35 21 rå-

94 1270 75 19 ämnen
193 1269 67 21 skulle
284 1269 66 21 finnas
371 1269 6 20 i
399 1269 73 21 landet
493 1269 33 20 för
542 1269 69 21 denna
626 1269 136 26 produktion,
778 1269 63 20 bland
857 1270 65 19 annat

96 1297 161 27 skummjölken,
281 1297 23 21 så
326 1299 24 19 är
366 1298 36 21 det
418 1298 33 21 väl
466 1298 60 21 fallet
542 1299 57 19 ännu
614 1297 64 21 också
694 1300 33 18 att
742 1296 128 27 skummjölk
885 1303 38 14 an-

95 1326 78 20 vändes
188 1326 32 21 till
236 1326 69 27 någon
321 1327 61 26 ringa
397 1327 34 20 del
446 1326 32 21 till
495 1327 252 26 margarintillverkning.
770 1326 40 27 Jag
822 1326 37 20 ber
869 1325 54 21 dock

94 1355 22 20 få
137 1356 85 24 nämna,
244 1358 32 18 att
296 1355 37 26 jag
348 1355 132 21 fortfarande
503 1355 69 21 håller
590 1355 33 26 på,
640 1357 32 18 att
689 1355 40 20 den
746 1355 32 20 del
794 1354 23 21 af
830 1354 93 23 råämne,

95 1389 45 15 som
163 1383 6 21 i
193 1384 47 20 vårt
262 1383 50 21 land
335 1383 68 21 skulle
426 1384 73 21 kunna
514 1384 136 26 produceras,
667 1385 24 19 är
706 1383 151 21 försvinnande
872 1383 50 20 liten

94 1413 58 20 emot
173 1411 56 22 hvad
245 1418 44 15 som
305 1412 85 21 komme
407 1415 33 18 att
455 1413 134 26 importeras.
620 1412 61 21 Hvad
698 1411 96 28 färgning
810 1411 48 21 med
873 1411 50 21 rödt

94 1440 40 21 och
150 1440 55 21 blått
220 1440 107 25 beträffar,
344 1441 23 20 så
383 1441 39 21 har
434 1441 38 26 jag
488 1441 42 26 mig
546 1441 86 26 bekant,
648 1443 32 18 att
695 1441 129 20 åtminstone
839 1440 7 21 i
861 1446 26 14 en
901 1439 23 21 af

94 1469 59 21 Nord
175 1469 111 21 Amerikas
309 1469 94 21 Förenta
425 1469 71 21 Stater
519 1469 97 27 färgning
639 1469 47 21 med
710 1469 49 21 rödt
781 1469 39 20 har
834 1469 87 24 införts;

94 1497 73 22 vidare
189 1500 33 19 att
242 1498 108 26 professor
372 1498 88 21 Saxleth
476 1498 6 21 i
499 1497 59 22 Wien
575 1498 54 21 hade
646 1500 31 19 ett
692 1498 86 26 förslag,
794 1497 81 21 hvilket
891 1497 30 20 åt-

94 1526 105 21 minstone
215 1526 7 21 i
237 1533 25 14 en
278 1527 23 20 af
314 1526 102 22 Schweitz
432 1527 106 20 kantoner
554 1526 44 21 blef
606 1528 94 25 antaget,
714 1528 33 19 att
757 1526 33 20 vid
805 1525 115 26 margarin-
