1103 1756
290 126 226 21 Tidningsreferenters
528 127 93 17 tillträde
634 131 24 12 m.
670 132 25 11 m.
838 122 39 21 143

82 205 115 27 ingalunda
219 205 88 22 förbiser
329 208 32 19 att
385 207 6 20 i
411 206 11 27 $
438 207 26 20 37
481 206 22 21 af
517 213 27 14 nu
560 206 97 27 gällande
672 207 25 20 R.
715 207 24 21 O.
757 207 34 21 det
807 209 23 19 är
845 207 61 26 sagdt

81 236 32 19 att
128 234 6 21 i
150 234 72 26 hvarje
238 234 100 22 händelse
350 235 60 20 skola
426 236 93 20 ättemän
536 234 21 21 af
571 235 24 20 R.
612 241 18 15 o.
642 235 25 21 A.
681 235 20 21 fä
713 235 108 21 öfvervara
832 235 73 21 sessio-

81 269 71 14 nerna.
183 263 38 20 Ett
244 262 145 27 medgifvande
404 263 23 21 ät
441 263 24 21 R.
483 269 18 15 o.
519 263 35 21 A:s
570 265 94 19 ättemän
680 265 32 19 att
728 263 21 22 få
764 265 49 25 taga
829 263 53 27 plats
898 264 7 20 i

81 291 57 21 salen
161 290 68 22 skulle
249 291 37 26 jag
304 291 44 21 icke
364 291 66 21 heller
445 291 57 21 finna
518 291 47 22 med
580 291 42 27 god
638 292 91 26 ordning
745 292 159 21 öfverensstäm-

80 319 76 21 mande
179 319 51 22 eller
253 319 97 26 förenligt
371 320 48 21 med
435 320 39 21 den
490 320 72 27 prägel
578 319 21 22 af
614 320 140 26 högtidlighet
769 321 39 20 och
825 321 80 26 värdig-

80 347 41 27 het,
137 354 46 15 som
199 348 38 21 bör
252 347 128 22 förbehällas
396 348 100 21 Ständets
512 348 146 27 samlingsrum
675 349 39 20 och
727 349 177 21 sammanträden.

80 376 31 21 Pä
134 376 61 21 dessa
217 376 51 25 skäl,
292 376 84 21 hvartill
397 379 57 18 ännu
475 377 71 20 kunde
562 377 72 26 läggas
650 377 66 21 andra
732 377 85 26 sädana,
835 377 70 21 hvilka

78 405 37 26 jag
137 405 54 21 dock
214 405 98 26 förbigär,
336 411 61 15 anser
415 405 36 26 jag
467 405 31 20 för
514 406 42 20 min
573 405 33 21 del
622 407 32 19 att
669 405 235 22 Riddarhusutskottets

81 432 77 28 förslag
180 433 7 21 i
211 433 137 21 förevarande
371 433 98 22 afseende
492 433 46 22 icke
560 433 38 21 bör
622 433 32 22 till
676 435 70 25 någon
769 434 75 27 åtgärd
859 433 45 22 från

80 461 25 22 R.
121 468 19 15 o.
156 462 36 21 A:s
207 462 45 21 sida
267 461 113 22 föranleda.

149 518 32 21 Hr
205 518 105 21 Taube:
333 518 30 21 På
386 519 25 20 de
435 519 45 21 skäl
504 519 32 20 Hr
558 525 40 15 von
622 519 118 21 Haartman
756 519 97 27 framlagt
869 519 35 21 vill

81 546 59 21 äfven
161 547 37 26 jag
221 547 97 26 förvägra
341 547 83 21 inträde
439 547 6 20 i
461 547 24 21 R.
502 553 17 15 o.
538 547 36 21 A:s
589 548 139 21 sessionsrum
744 549 23 20 åt
782 548 41 21 alla
838 548 66 21 andra

81 577 26 19 än
131 575 53 26 dem,
206 575 70 21 hvilka
299 575 68 21 såsom
391 575 137 22 medlemmar
544 576 22 21 af
580 576 24 21 R.
621 582 18 15 o.
656 576 24 21 A.
698 576 38 21 der
751 582 38 20 ega
805 578 44 19 säte
865 575 39 21 och

81 605 95 20 stämma.
207 604 24 21 R.
255 610 18 15 o.
298 604 35 21 A:s
356 604 138 21 sessionsrum
511 605 38 20 bör
565 604 67 21 hållas
647 605 6 20 i
670 605 40 20 den
726 604 69 27 helgd,
812 606 32 19 att
858 604 46 21 icke

81 632 66 21 andra
170 634 26 19 än
219 632 25 21 de
266 632 21 21 af
310 633 24 20 R.
351 639 18 14 o.
386 633 31 24 A.
434 639 45 14 som
495 632 52 21 höra
563 633 31 20 till
611 633 40 20 den
666 633 137 26 lagstiftande
818 633 86 21 försam-

80 660 75 27 lingen,
172 660 39 22 här
226 661 33 20 mä
275 661 62 20 vinna
352 661 87 21 inträde.

149 717 58 21 Frib.
224 723 38 16 von
278 717 79 21 Born:
382 717 73 22 Ehuru
468 718 37 26 jag
521 717 46 22 icke
582 717 42 22 kan
639 717 55 22 fästa
709 723 80 16 samma
805 717 98 22 afseende

79 752 46 15 som
147 746 32 21 Hr
201 752 40 15 von
264 746 115 21 Haartman
403 746 33 21 vid
460 747 36 20 det
512 746 21 21 af
547 746 76 21 honom
640 746 99 27 upplästa
757 746 145 26 stadgandet
893 742 14 35 i

79 775 24 21 R.
127 774 32 26 O.,
183 777 24 19 är
226 775 37 26 jag
279 774 52 22 dock
348 775 129 26 väsentligen
493 781 48 15 ense
558 781 33 15 om
608 774 54 21 hvad
678 775 41 21 han
735 776 6 19 i
757 774 62 27 öfrigt
835 774 69 22 anfört

80 806 57 18 emot
155 803 149 27 lämpligheten
320 802 23 22 af
357 803 38 21 den
412 803 119 26 föreslagna
544 803 145 26 anordningen
700 803 130 21 beträffande
841 803 62 21 främ-

80 832 75 20 mande
178 832 88 21 åhörare
290 832 44 20 från
355 832 66 20 andra
437 832 66 21 Stånd
526 832 106 20 äfvensom
657 832 136 21 medlemmar
808 832 21 21 af
844 832 59 20 detta

80 860 73 26 Stånd,
176 866 45 15 som
244 860 45 21 icke
312 860 75 21 bivista
411 860 133 26 landtdagen.
576 859 49 21 Men
641 866 28 14 nu
685 860 111 26 föreligger
812 860 35 21 det
862 860 41 20 för-

79 888 99 21 hållande
201 890 31 19 att
255 888 39 21 den
317 888 81 21 läktare
413 888 6 20 i
436 888 68 21 denna
520 888 36 26 sal,
573 894 44 15 som
634 888 67 22 skulle
717 889 61 21 hafva
793 891 64 24 egnat
871 889 31 25 sig

80 916 174 27 utomordentligt
269 916 33 22 väl
318 917 31 21 tör
364 916 159 27 ifrågavarande
539 916 105 27 ändamål,
660 917 65 21 sedan
741 920 83 18 senaste
835 917 68 21 landt-

80 945 46 26 dag,
142 946 69 20 såsom
228 945 41 26 mig
280 952 61 20 synes
351 948 50 18 utan
412 945 48 21 fullt
470 945 70 27 giltigt
551 945 46 21 skäl
608 946 30 20 uti
651 945 137 21 förutfattade
799 945 75 24 beslut,
882 944 22 22 af

79 973 252 21 Riddarhusdirektionen
347 974 67 20 blifvit
429 974 23 20 så
468 974 109 20 anordnad
593 976 31 18 att
640 973 122 21 densamma
778 974 124 26 näppeligen

79 1002 60 21 torde
163 1002 72 20 kunna
257 1002 32 20 för
310 1002 37 21 sitt
369 1002 99 21 ändamål
491 1002 128 20 åtminstone
636 1002 66 20 under
719 1002 67 21 denna
802 1002 100 26 landtdag

79 1030 112 21 användas.
216 1030 40 21 Vid
270 1030 75 22 sådant
360 1030 138 26 förhällaude,
514 1030 39 21 och
570 1030 26 21 då
609 1030 37 27 jag
660 1030 67 21 finner
738 1030 35 21 det
783 1031 23 21 så
819 1030 83 27 mycket

80 1058 118 26 önskligare
214 1061 31 19 att
261 1057 135 23 medlelnmar
411 1058 22 22 af
447 1058 25 22 de
488 1058 66 22 andra
570 1059 93 21 Stånden
680 1060 66 20 måtte
761 1058 89 22 beredas
866 1058 36 22 be-

79 1087 104 26 qvämliga
199 1087 168 27 åhörareplatser
382 1087 6 20 i
405 1087 58 21 detta
479 1087 73 26 Stånd,
564 1093 44 15 som
624 1087 35 21 det
669 1089 24 19 är
703 1087 66 21 kändt
780 1089 32 19 att
822 1093 80 15 samma

79 1115 80 21 förmån
180 1116 88 20 kommit
283 1122 33 14 oss
332 1116 31 20 till
379 1115 33 21 del
428 1116 38 20 hos
482 1116 54 25 dem,
553 1115 39 21 och
608 1115 59 21 äfven
684 1115 67 21 finner
767 1116 35 20 det
817 1122 85 20 synner-

79 1143 54 27 ligen
155 1144 96 26 önskligt,
268 1146 31 19 att
315 1144 135 20 medlemmar
466 1144 22 21 af
502 1144 23 20 R.
543 1150 19 14 o.
578 1144 31 24 A.,
626 1144 71 20 hvilka
713 1144 22 20 af
749 1144 103 21 särskilda
867 1150 35 14 or-

79 1172 67 26 saker,
163 1172 64 21 bland
250 1174 64 19 annat
336 1172 105 21 bristande
464 1172 85 26 politisk
565 1172 190 26 åldersmogenhet,
771 1172 45 21 icke
831 1172 71 20 kunna

79 1200 76 22 bivista
177 1200 134 26 landtdagen,
334 1201 66 21 måtte
423 1201 70 20 såsom
516 1206 25 15 en
564 1200 94 21 förskola
678 1200 33 21 för
727 1200 125 26 deltagande
868 1200 33 20 vid

79 1228 127 22 kommande
228 1229 130 25 landtdagar,
375 1229 26 27 på
420 1228 86 27 lämplig
522 1228 54 27 plats
593 1228 19 21 få
628 1229 66 21 åhöra
709 1224 191 41 förhandlingarna,

78 1263 61 20 synes
155 1258 42 25 mig
213 1257 61 27 ingen
290 1264 68 14 annan
374 1257 109 26 möjlighet
498 1256 102 27 föreligga
616 1259 26 19 än
658 1259 39 23 att,
713 1257 6 21 i
735 1260 54 18 trots
804 1256 21 21 af
840 1256 25 21 de
881 1256 21 21 af

78 1285 33 21 Hr
126 1291 39 15 von
182 1273 117 33 Haartman
315 1285 94 21 uttalade
424 1285 80 27 ganska
517 1285 170 21 beaktansvärda
693 1274 208 42 betänkligheterna,

79 1313 53 21 dock
156 1313 71 21 bifalla
250 1314 31 20 till
304 1301 237 34 Riddarhusutskottets
557 1314 87 26 förslag;
669 1314 39 20 och
725 1314 80 26 hoppas
818 1313 36 27 jag
869 1315 33 19 att

79 1342 39 20 den
135 1341 153 27 exemplariska
304 1342 94 25 ordning,
414 1348 46 15 som
476 1342 60 21 alltid
552 1342 54 21 varit
618 1342 47 26 öflig
677 1342 27 26 på
715 1342 59 21 detta
784 1348 53 18 rum,
848 1341 54 21 skall

78 1370 129 21 fortfarande
223 1370 83 21 komma
323 1372 31 19 att
369 1370 52 21 råda
437 1370 72 21 ostörd
525 1370 21 21 af
562 1370 35 21 det
608 1370 71 21 försök
691 1370 19 21 vi
723 1377 28 14 nu
762 1371 26 25 gå
799 1372 32 18 att
843 1372 57 24 göra.

77 1398 42 22 Det
137 1400 24 19 är
177 1398 55 21 blott
247 1401 55 18 emot
318 1405 25 15 en
359 1398 51 21 liten
427 1398 63 27 detalj
505 1398 37 26 jag
557 1398 74 26 skulle,
648 1398 32 21 för
695 1398 70 21 sävidt
777 1399 36 26 jag
829 1399 73 19 vinner

77 1427 122 26 understöd,
218 1429 51 24 göra
284 1433 26 15 en
325 1426 143 27 anmärkning.
499 1426 67 22 Afven
579 1426 36 27 jag
632 1426 47 21 ville
695 1426 114 22 favorisera
825 1426 77 21 tidnin-

77 1461 76 21 garnas
176 1455 122 26 referenter,
322 1461 47 15 men
391 1455 36 21 det
442 1461 62 21 synes
521 1455 41 26 mig
578 1455 64 26 något
658 1455 119 26 opraktiskt
793 1457 31 19 att
840 1461 61 14 even-

77 1483 54 22 tuelt
153 1483 32 21 för
209 1483 60 22 deras
290 1483 64 22 behof
372 1483 88 26 upplåta
472 1483 78 27 jemväl
567 1483 54 27 plats
637 1483 32 21 till
685 1486 84 19 venster
784 1490 33 14 om
833 1482 69 21 landt-

77 1511 223 27 marskalksestraden,
329 1511 135 27 hvarigenom
492 1511 209 22 kommunikationen
722 1511 89 22 emellan
833 1511 68 22 denna
