1106 1761
214 115 41 21 422
458 121 25 18 R.
496 126 17 12 o.
526 122 21 17 A.
562 122 57 17 1894.
645 121 22 17 16
680 121 62 17 Mars.

250 201 10 22 I
275 202 231 21 nationalekonomiskt
521 202 100 21 afseende
637 202 83 26 intager
740 201 271 27 margarintillverkningen

182 231 6 20 i
204 230 51 21 flere
271 231 74 20 länder
360 232 31 19 ett
406 230 63 27 högst
491 230 160 27 betydelsefullt
667 237 46 14 rum
729 230 40 21 och
785 232 24 19 är
825 236 25 15 en
866 229 98 22 afsevärd
980 230 30 21 in-

182 259 129 21 komstkälla
326 259 33 21 för
374 259 155 27 befolkningen.
561 259 44 22 För
621 261 32 19 att
669 259 75 21 endast
759 261 78 18 nämna
852 260 32 19 ett
897 259 54 20 enda
962 259 49 21 land

182 287 100 27 Holland,
298 287 23 21 så
343 288 104 21 inhemtas
463 288 23 20 af
499 295 26 13 en
542 288 48 20 utaf
607 287 94 21 Svenska
729 287 184 21 Generalkonsuln
936 287 6 21 i
958 288 55 20 Lon-

182 316 41 20 don
238 316 183 21 Juhlin-Dannfelt
437 316 92 27 afgifven
545 316 116 21 berättelse
677 316 60 21 öfver
745 322 26 14 en
782 316 22 21 af
816 315 77 22 honom
902 315 109 27 företagen

182 350 48 15 resa
252 344 30 22 till
303 345 92 21 nämnda
417 345 57 25 land,
490 347 33 19 att
538 345 50 21 hela
603 344 103 22 utförseln
723 344 93 22 derifrän
833 344 64 21 sedan
909 344 24 21 är
950 345 60 24 1873,

182 372 27 22 dä
225 374 270 26 margarintillverkningen
511 374 37 21 der
564 374 95 26 började,

286 424 98 27 utgjorde
406 425 54 21 1873
491 440 4 5 .
526 441 5 5 .
562 440 5 5 .
599 442 4 5 .
635 441 4 4 .
671 425 26 21 16
728 424 51 27 milj.
795 424 112 27 kilogram.

406 455 52 20 1876
489 470 4 5 ;
525 469 4 5 s
561 450 14 34 sas
597 471 4 4 .
633 470 4 4 «
668 454 27 20 22
747 470 10 8 5

405 483 54 20 18799
490 499 4 4 2
525 498 5 5 0
561 499 4 4 0
599 498 39 5 ..
670 482 87 27 36,
831 470 10 39 or

406 511 53 22 1886
490 528 4 4 .
562 527 76 5 ooo.
670 512 23 20 IM
748 527 93 11 YT

308 539 39 21 och
363 539 24 21 år
404 540 53 21 1887
489 555 4 5 <
525 556 3 4 <
559 556 5 5 so
595 555 42 6 so.
746 556 9 10 n
833 556 9 10 ä

252 590 67 21 Deraf
333 591 77 25 kunde,
426 590 65 27 enligt
508 591 82 21 Loväns
607 591 123 26 beräkning,
745 591 27 21 60
788 590 50 27 milj.
855 591 103 26 kilogram
975 596 36 15 an-

183 621 61 24 tagas
265 621 75 25 utgöra
364 620 104 26 margarin
492 626 72 14 ensam
587 620 52 20 eller
662 620 5 20 i
688 620 115 26 blandning
819 620 47 20 med
882 621 127 19 natursmör.

183 647 81 21 Värdet
286 648 22 20 af
322 651 99 23 exporten
437 648 156 27 uppskattades
617 648 31 21 till
665 649 27 20 50
716 648 12 21 å
753 648 27 21 60
806 648 51 26 milj.
879 654 30 15 sv.
933 648 78 21 kronor

183 676 51 21 eller
258 677 26 20 70
306 676 12 21 å
341 678 27 20 84
391 677 50 27 milj.
462 677 68 20 finska
547 677 67 21 mark.
645 677 42 21 För
703 683 25 14 en
745 676 64 21 sådan
827 677 92 21 kolossa]
935 679 75 23 export

183 705 94 21 saknade
301 706 53 20 dock
377 706 36 20 det
435 706 45 20 lilla
503 705 92 21 Holland
612 706 74 26 nödigt
702 706 129 25 råmaterial,
848 706 5 20 i
870 705 51 27 följd
936 705 75 21 hvaraf

184 733 166 27 oleo-margarin
366 734 154 26 importerades
536 734 48 21 med
601 735 26 20 36
637 735 27 25 !/,
679 734 50 26 milj.
747 734 110 26 kilogram.
889 734 48 21 Men
949 734 60 21 äfven

184 762 104 27 betydligt
304 765 121 18 natursmör
440 763 155 26 importerades
611 763 33 21 för
659 762 160 28 uppblandning
835 763 47 20 med
898 763 112 26 margarin,

184 797 45 15 som
245 792 122 26 derigenom
383 791 32 21 fär
431 798 24 14 en
473 791 64 21 finare
553 792 67 20 smak.
653 792 37 20 Att
706 798 25 14 en
747 791 66 21 sädan
825 791 88 27 ofantlig
925 793 86 19 omsätt-

183 820 52 26 ning
251 820 60 20 äfven
324 826 37 20 ger
384 820 81 27 upphof
479 821 22 19 ät
516 826 25 14 en
558 820 135 26 synnerligen
707 820 50 26 liflig
773 820 135 21 verksamhet
923 820 39 20 och
978 822 33 18 rö-

184 848 54 21 relse
254 848 27 26 pä
298 855 24 14 en
339 850 75 24 mängd
431 848 107 26 områden,
557 848 66 27 ligger
640 848 32 21 för
688 851 67 24 öppen
773 849 46 26 dag.

253 876 62 21 Hvad
337 878 138 25 margarinets
496 878 103 19 inverkan
615 877 26 26 pä
658 877 229 26 mejerihandteringen
903 876 107 21 beträffar,

184 905 23 20 sä
223 905 108 21 förmenas
346 912 26 14 en
388 906 44 20 fara
448 905 55 26 ligga
519 906 44 20 deri
581 909 32 17 att
629 905 140 26 förfalskning
785 905 23 21 af
829 907 122 19 natursmör
973 911 38 20 ge-

184 940 48 14 nom
259 934 149 27 tillblandning
433 934 23 21 af
477 935 107 26 margarin
608 934 135 27 möjliggöres
763 934 39 21 och
818 937 33 17 att
867 934 59 21 detta
941 933 69 21 kunde

184 962 64 21 hafva
263 963 32 20 till
318 962 51 27 följd
386 963 139 26 smörprisens
541 963 100 21 fallande.
672 963 39 21 Om
728 969 27 14 nu
771 969 24 14 en
813 963 5 20 i
835 963 31 26 sig
881 962 49 27 sjelf
943 963 68 25 nyttig

184 991 39 21 och
239 992 42 25 god
298 998 50 14 vara
364 992 40 20 kan
420 992 107 20 användas
543 992 33 20 till
592 991 139 27 förfalskning
747 991 23 21 af
784 998 25 14 en
823 998 76 18 annan,
911 990 23 21 sä
945 991 65 21 borde

184 1026 49 14 man
250 1020 54 20 dock
320 1020 52 20 först
388 1023 49 23 taga
453 1020 5 20 i
475 1020 162 26 öfvervägande,
645 1026 33 15 om
691 1020 45 21 icke
748 1020 73 26 andra,
833 1020 81 20 mindre
925 1026 86 20 genom-

184 1048 102 26 gripande
309 1050 89 25 utvägar
420 1051 26 18 än
471 1049 224 26 tillverkningsförbud
711 1049 67 20 finnas
794 1048 39 21 och
849 1048 70 21 kunde
934 1048 77 20 anlitas

183 1077 33 21 för
239 1077 115 27 afböjande
374 1078 22 20 af
410 1078 68 20 denna
493 1078 52 20 fara.
577 1077 95 21 Oaktadt
688 1084 34 18 nu,
739 1078 55 20 hvad
810 1077 101 21 särskildt
927 1076 84 27 Sverige

184 1105 73 27 angår,
274 1106 104 26 margarin
390 1106 37 21 der
442 1106 79 21 funnits
537 1108 32 18 att
585 1106 59 26 tillgå
660 1106 67 20 under
743 1106 97 26 omkring
856 1106 27 20 20
897 1105 29 25 år,
940 1105 20 21 sä
973 1104 38 21 har

184 1134 46 20 icke
255 1134 54 21 blott
333 1135 39 20 den
395 1134 89 21 svenska
507 1137 101 24 exporten
633 1135 58 26 stigit
708 1135 30 21 till
755 1141 25 14 en
796 1134 58 21 förut
870 1134 68 20 oanad
955 1133 56 27 höjd,

184 1164 52 19 utan
253 1163 39 20 ock
309 1163 35 20 det
363 1163 89 20 svenska
474 1165 76 18 smöret
567 1163 6 20 i
590 1164 115 25 synnerhet
720 1164 27 25 på
762 1163 39 20 den
819 1163 101 26 engelska
942 1162 69 20 mark-

184 1191 69 21 naden
270 1192 73 19 vunnit
359 1194 30 17 ett
405 1193 67 19 större
485 1192 104 20 anseende
606 1191 39 21 och
661 1192 48 20 med
726 1192 35 20 det
777 1191 80 21 danska
880 1191 75 26 intagit
970 1190 41 21 för-

184 1222 33 18 sta
239 1223 98 17 rummet.
369 1220 27 20 Af
418 1220 112 26 uppgifter,
554 1226 44 14 som
619 1221 36 25 jag
678 1220 91 24 erhållit,
787 1219 152 27 exporterades
955 1221 56 18 smör

184 1247 47 22 från
248 1248 98 26 Sverige:

300 1294 24 20 år
342 1294 52 21 1887
425 1310 4 5 .
462 1309 3 4 .
497 1309 4 4 .
533 1294 97 26 omkring
661 1295 12 20 8
718 1294 50 26 milj.
788 1293 111 26 kilogram.

343 1323 52 20 1889
425 1339 4 4 .
497 1338 75 5 oc...
604 1337 5 5 .
647 1322 54 26 14,
829 1338 9 9 ,

341 1351 49 20 1890
424 1367 3 2 a
459 1367 4 4 os
495 1367 4 4 &
529 1367 41 4 bm
603 1366 4 5 &
647 1352 25 19 dT
739 1367 8 10 35
830 1367 9 9 5

338 1379 53 21 1893
422 1397 3 3 00
458 1395 110 5 kasa
600 1396 4 3 s
642 1380 27 20 20
737 1396 8 9 ä
826 1395 9 10 i

187 1429 71 28 (deraf
273 1430 54 21 skaii
343 1430 79 26 utgjort
438 1431 105 26 margarin
559 1430 25 21 är
601 1431 54 20 1890
692 1447 5 4 .
729 1446 4 4 .
764 1446 5 5 .
828 1430 42 21 408
886 1429 75 26 kilogi-

565 1474 10 9 »
599 1459 52 20 1891
727 1475 4 5 =.
763 1474 4 5 .
806 1459 63 24 5,608
912 1473 11 8 »

565 1504 10 7 »
598 1488 54 20 1892
691 1504 3 3 .
727 1503 5 6 .
765 1503 4 4 .
791 1487 78 25 23100
913 1503 9 9 ,

565 1531 9 12 »
598 1517 54 20 1893
690 1532 5 5 .
727 1532 4 5 .
764 1531 5 5 .
791 1516 80 25 80,080
916 1515 18 26 ,)
