1106 1756
182 114 93 22 Ändring
288 114 24 17 af
322 115 101 21 Borgare-
437 115 39 17 och
489 114 174 18 Bondeståndens
671 116 130 21 valordning.
834 110 41 22 223

78 196 23 22 af
114 196 137 27 afgörandets
267 195 133 27 tyngdpunkt
408 196 56 20 inom
476 196 241 26 folkrepresentationen
728 196 87 26 derhän,
826 198 32 19 att
868 196 36 21 det

78 224 159 22 demokratiska
259 224 113 21 elementet
393 224 85 21 komme
500 226 32 20 att
554 224 22 22 få
597 226 32 20 ett
651 224 117 27 afgörande
782 224 121 27 inflytande.

78 253 40 22 Om
134 260 50 15 man
207 252 117 22 emellertid
338 254 98 20 närmare
451 252 124 28 öfverväger
589 253 72 25 saken,
677 254 24 20 så
716 254 62 20 torde
794 259 48 15 man
857 252 47 22 icke

77 282 73 22 kunna
174 282 86 21 komma
274 281 32 21 till
321 281 65 27 något
401 283 66 19 annat
482 282 90 20 resultat
587 284 27 19 än
630 284 32 19 att
678 282 36 21 det
729 284 24 19 är
769 282 88 22 klokare
871 283 34 20 att

77 311 136 27 småningom
230 310 122 27 genomföra
367 316 25 15 en
408 309 132 28 förflyttning
555 310 23 21 af
591 311 70 21 denna
679 310 136 27 tyngdpunkt
830 312 26 19 än
871 312 33 20 att

77 340 46 21 låta
142 339 92 22 sakerna
256 338 98 22 utveckla
376 339 32 26 sig
430 338 87 26 derhän,
539 340 33 20 att
587 346 25 14 en
629 339 136 21 brädstörtad
781 339 123 26 förändring

77 368 102 27 inträder,
196 368 39 21 och
248 367 36 27 jag
299 367 83 21 fruktar
397 369 32 19 att
444 373 34 15 om
495 368 38 21 alls
548 368 50 26 inga
613 368 117 26 eftergifter
740 368 46 20 från
798 368 25 21 de
835 367 68 22 makt-

78 397 83 27 egande
183 396 120 22 klassernas
325 396 46 21 sida
393 396 7 20 i
421 396 30 21 tid
475 398 68 24 göres,
566 398 31 20 ett
612 396 24 22 så
651 398 55 20 stort
719 396 100 27 missnöje
833 396 71 21 kunde

78 428 98 25 uppväxa
198 427 33 19 att
254 424 58 22 detta
336 424 54 21 skall
410 424 85 22 komma
517 426 32 20 att
563 425 112 21 framkalla
690 425 97 21 radikala
803 424 101 22 reformer

78 468 28 2 —
121 455 66 27 något
202 461 45 14 som
260 454 38 27 jag
312 453 33 22 för
360 454 43 20 min
419 453 34 22 del
468 453 69 22 skulle
553 460 50 15 anse
618 455 31 20 alt
666 457 66 18 annat
743 456 26 19 än
781 454 122 24 önskvärdt,

78 484 92 21 emedan
192 490 26 15 en
234 482 85 27 plötslig
334 482 123 27 förändring
473 483 23 20 af
509 482 188 27 maktställningen
714 483 121 27 äfventyrar
851 483 52 20 kon-

78 512 112 22 tinuiteten
213 512 7 21 i
242 511 38 21 den
293 511 100 26 politiska
408 511 154 27 utvecklingen.
592 511 41 27 Jag
648 511 96 22 anhåller
759 513 33 20 att
800 512 21 21 få
830 511 74 21 förena

78 541 42 26 mig
142 541 49 20 med
214 540 54 25 dem,
284 545 44 16 som
343 539 63 27 yrkat
420 539 28 27 på
463 540 128 26 petitionens
606 541 75 20 remiss
696 540 40 21 och
752 540 38 21 ber
805 540 98 26 slutligen

78 569 22 22 få
122 569 63 22 tacka
207 569 32 21 Hr
262 568 70 21 Antell
351 568 33 21 för
400 569 25 20 de
441 569 38 20 ord
495 568 23 21 af
531 569 142 26 erkännande,
688 569 42 21 han
749 569 78 21 uttalat
843 570 60 25 gent-

78 600 58 19 emot
151 597 135 22 arbetarenes
301 597 108 26 yrkanden
424 597 28 26 på
468 597 35 21 det
514 597 100 27 politiska
625 597 279 27 omyndighetstillståndets

78 626 137 22 afskaftande.

147 683 236 22 Petitionsmemorialet
407 683 44 21 blef
472 683 53 21 härå
547 683 134 22 remitteradt
696 683 32 21 till
745 683 158 26 Lagutskottet,

79 719 48 15 som
150 712 66 21 borde
240 711 79 22 erhålla
341 712 34 21 del
398 711 22 22 af
441 712 40 21 den
496 712 7 20 i
518 712 89 21 ärendet
621 712 112 21 förefallna
749 712 154 25 diskussionen,

78 741 118 27 hvarjemte
216 741 196 26 protokollsutdrag
434 747 34 14 om
490 740 93 22 beslutet
605 740 68 22 skulle
688 743 59 19 utom
764 741 32 20 till
812 740 92 21 nämnda

78 769 90 22 Utskott
183 769 47 27 afgå
243 769 77 27 jemväl
336 769 32 21 till
384 769 147 21 Medstånden.

402 946 175 29 Museibyggnader.

148 1015 120 27 Föredrogs
284 1015 31 22 Hr
331 1015 76 22 Gustaf
421 1015 129 22 Grotenfelts
565 1015 33 21 till
613 1015 60 21 detta
688 1015 85 26 plenum
787 1014 117 27 bordlagda

77 1044 182 27 petitionsförslag
274 1051 33 14 om
324 1045 73 26 anslag
412 1044 32 21 för
460 1043 131 28 uppförande
607 1043 22 22 af
638 1050 25 14 en
675 1043 98 27 byggnad
783 1043 33 21 för
826 1043 77 26 inrym-

78 1073 76 21 mande
169 1073 23 21 af
206 1073 25 21 de
246 1073 48 21 utaf
307 1075 69 19 staten
387 1073 125 26 öfvertagna
522 1072 261 27 arkeologisk-historiska
794 1071 39 22 och
844 1073 59 20 etno-

77 1101 93 27 grafiska
186 1102 142 26 samlingarna
344 1104 56 24 (pag.
417 1101 55 27 135).

146 1130 70 21 Sedan
238 1130 32 21 Hr
288 1130 151 21 Grotenfelt
455 1129 89 22 anhållit
559 1131 32 19 att
605 1129 54 22 hans
674 1129 161 27 ifrågavarande
850 1128 53 27 peti-

77 1159 167 21 tionsmemorial
259 1159 65 21 måtte
340 1159 119 21 remitteras
475 1158 32 21 till
517 1158 113 21 Allmänna
640 1158 198 21 Besvärsutskottet
849 1158 55 20 samt

77 1187 73 22 vidare
165 1187 33 21 för
213 1187 116 27 beredning
344 1187 23 22 af
380 1187 158 26 anslagsfrågan
554 1187 33 20 till
602 1187 171 26 Statsutskottet,
795 1185 68 22 beslöt
877 1185 25 21 R.

77 1222 18 15 0.
118 1216 32 23 A.,
173 1216 28 27 pä
220 1216 32 21 Hr
267 1216 216 21 Landtmarskalkens
498 1215 162 27 framställning,
676 1217 33 19 att
723 1215 7 21 i
747 1215 93 26 enlighet
855 1214 48 21 med

77 1245 41 20 den
133 1245 90 20 sälunda
237 1245 95 21 uttalade
348 1245 80 21 önskan
444 1244 109 21 remittera
568 1244 133 21 memorialet
717 1244 32 21 till
765 1244 67 26 bägge
849 1242 54 21 före-

76 1273 95 21 nämnda
187 1273 95 26 Utskott,
307 1273 87 22 hvarom
419 1273 63 21 dessa
503 1274 56 20 samt
580 1272 141 22 Medständen
744 1272 68 21 skulle
827 1277 75 20 genom

76 1301 198 28 protokollsutdrag
288 1302 142 21 underrättas.

144 1455 60 22 Härä
218 1455 94 28 företogs
327 1456 33 21 till
375 1456 128 27 behandling
519 1455 43 22 Hrr
577 1455 24 22 E.
611 1455 116 22 Järnefelts
743 1455 40 22 och
798 1454 25 21 A.
839 1453 64 22 Edel-

74 1483 50 22 felts
146 1484 118 28 bordlagda
284 1485 182 26 petitionsförslag
487 1491 34 15 om
542 1484 190 21 ästadkommande
747 1483 23 22 af
784 1489 26 16 en
826 1482 77 22 musei-

74 1512 98 27 byggnad
187 1513 34 22 för
236 1513 26 22 de
278 1519 15 15 s.
309 1513 21 21 k.
347 1513 110 22 Antellska
474 1513 142 26 samlingarna
631 1513 56 27 (pag.
703 1512 56 28 190).
