1106 1761
232 119 42 22 398
474 125 26 17 R.
513 129 20 13 o.
543 125 23 17 A.
579 125 58 18 1894.
662 125 23 16 13
697 125 63 16 Mars.

202 205 50 21 med
274 204 127 27 Utskottets,
423 211 54 20 men,
493 205 70 21 såsom
579 205 44 26 mig
638 211 68 20 synes,
722 205 28 26 på
765 206 31 20 ett
811 205 6 20 i
833 203 84 23 formelt
932 204 100 22 afseende

203 233 71 22 bättre
297 235 43 20 sätt
361 233 114 27 återgifver
497 240 82 15 samma
601 233 72 24 tanke,
693 233 24 22 så
737 235 24 20 är
773 233 38 27 jag
825 233 85 27 mycket
924 233 59 27 villig
997 234 33 20 att

202 262 75 21 förena
299 262 43 27 mig
364 269 33 14 om
420 263 31 20 Hr
473 269 41 14 von
535 262 130 21 Haartmans
683 261 84 28 förslag.
799 261 62 22 Hvad
875 261 75 28 sjelfva
965 262 65 21 saken

203 290 139 26 vidkommer,
365 291 23 21 så
408 296 61 22 synes
489 291 43 26 mig
548 291 122 21 Utskottets
685 290 127 26 motivering
826 290 203 26 tillfredsställende,

203 325 49 15 men
270 320 58 20 emot
346 319 158 21 reservationen
519 322 46 18 tror
577 319 39 27 jag
631 319 108 27 åtskilliga
753 319 165 27 anmärkningar
932 325 51 15 vore
997 320 34 20 att

203 349 59 25 göra.
291 348 68 21 Dessa
374 348 61 21 hafva
452 348 54 21 dock
518 348 67 21 redan
601 348 57 21 förut
673 348 70 21 blifvit
759 348 5 20 i
775 347 122 21 hufvudsak
906 347 125 22 framstälda

204 376 23 22 af
244 375 50 23 flere
312 376 64 22 ärade
395 376 219 26 ståndsmedlemmar,
637 376 33 22 Hr
685 376 110 26 Mechelin,
812 376 58 22 Frih.
886 376 51 22 Otto
953 376 77 22 Wrede

204 404 40 23 och
266 406 74 22 andra,
362 406 48 20 med
429 405 72 21 hvilka
518 405 38 27 jag
575 405 38 21 ber
627 407 32 19 att
674 405 22 21 få
710 405 75 21 förena
799 405 49 27 mig.
878 405 43 21 För
937 407 32 19 att
983 404 48 22 icke

203 433 97 27 förlänga
315 434 146 22 diskussionen
475 434 128 21 inskränker
615 434 38 26 jag
668 434 42 26 mig
726 434 55 21 blott
796 434 33 21 till
845 435 32 19 att
892 433 87 22 förorda
993 440 38 14 an-

204 463 102 26 tagandet
321 462 23 22 af
357 463 31 21 Hr
403 469 40 15 von
460 463 130 21 Haartmans
605 462 86 27 förslag.

460 548 307 27 Omröstningspropositioner
773 555 5 13 :

275 605 27 27 1).
334 605 52 25 Den,
402 611 44 15 som
462 605 37 21 vill
516 605 33 21 till
564 605 211 27 kontraproposition
791 606 57 20 emot
864 601 119 25 Utskottets
994 604 37 21 be-

204 633 107 22 tänkande
333 633 112 28 godkänna
468 634 41 21 den
528 634 146 21 betänkandet
689 633 112 28 vidfogade
816 633 163 26 reservationen,
995 635 36 20 rö-

204 664 45 19 star
262 662 32 27 ja;

274 719 41 21 blir
337 719 33 27 nej
390 719 162 27 öfvervägande,
573 719 24 22 sä
613 721 87 25 antages
715 719 32 21 till
763 719 210 27 kontraproposition
989 719 41 22 den

203 747 24 22 af
240 748 32 21 Hr
287 748 73 21 Victor
375 755 38 14 von
430 748 117 21 Haartman
563 748 120 27 föreslagna
694 748 166 27 formuleringen
870 747 32 22 till
913 748 118 21 uttalande.

273 805 162 27 Propositionen
451 805 127 22 besvarades
594 805 35 22 vid
645 805 72 22 derom
733 805 84 22 anstäld
833 805 96 27 votering
944 805 47 21 med
1003 805 28 21 52

201 833 23 27 ja
240 833 40 22 och
296 833 26 22 77
338 833 40 28 nej.

273 892 29 25 2).
332 891 53 27 Den,
408 897 45 15 som
475 890 125 28 godkänner
622 890 121 22 Utskottets
758 890 143 25 betänkande,
915 892 70 20 röstar
997 890 32 27 ja;

273 947 42 22 blir
336 948 33 26 nej
391 948 160 27 öfvervägande,
571 950 88 25 antages
675 948 36 21 det
725 948 23 21 af
761 947 32 22 Hr
808 947 74 22 Victor
897 954 40 15 von
953 948 78 21 Haart-

204 982 49 15 man
268 976 76 27 gjorda
360 976 85 26 förslag.

274 1033 80 22 Genom
370 1034 170 26 propositionens
555 1034 132 21 besvarande
702 1034 48 21 med
764 1034 155 26 öfvervägande
929 1034 33 26 nej
975 1034 54 21 hade

203 1062 25 22 R.
250 1068 20 15 0.
289 1062 25 21 A.
333 1062 86 21 beslutit
441 1062 90 22 omfatta
549 1062 40 28 det!
605 1062 23 22 af
641 1062 32 22 Hr
688 1062 74 22 Victor
777 1068 42 16 von
834 1062 117 22 Haartman
966 1062 64 22 fram-

203 1090 72 23 stälda
286 1090 101 28 förslaget
402 1091 31 22 till
449 1091 111 22 uttalande
575 1091 7 21 i
598 1093 77 20 ämnet.

274 1147 51 22 Med
340 1148 113 27 anledning
467 1148 23 21 af
505 1148 70 22 denna
589 1148 80 27 utgäng
683 1148 24 21 af
719 1147 75 28 frägan
809 1148 85 27 yttrade

273 1205 58 21 Frih.
354 1211 41 15 von
415 1205 90 21 Born:
528 1205 65 21 Emot
611 1206 36 20 det
662 1205 54 21 först
730 1204 83 22 fattade
828 1204 92 22 beslutet
935 1204 96 22 anhäller

200 1234 38 27 jag
259 1234 23 21 fä
300 1234 103 26 nedlägga
421 1234 43 21 min
479 1234 132 21 reservation
627 1234 39 21 och
681 1234 68 21 tillika
764 1233 22 21 fä
801 1233 33 21 till
849 1233 129 27 protokollet
993 1240 38 14 an-

203 1262 109 26 tecknadt,
335 1265 33 19 att
386 1262 37 27 jag
443 1262 8 22 i
470 1262 93 27 enlighet
578 1262 49 22 med
641 1262 57 22 hvad
709 1262 38 27 jag
762 1262 65 21 redan
843 1262 90 26 tidigare
945 1262 86 27 uttalat,

203 1290 61 28 lojalt
279 1291 140 22 underkastar
435 1291 43 27 mig
493 1291 101 22 Ständets
609 1291 76 26 beslut,
701 1291 89 21 emedan
807 1291 121 27 derigenom
938 1290 38 27 full
986 1290 44 28 lag-

203 1319 68 28 lighet
285 1320 29 26 pä
329 1320 35 21 det
379 1320 108 27 spräkliga
502 1320 98 21 omrädet
612 1326 29 15 nu
655 1320 82 21 inträdt
751 1320 28 26 pä
795 1320 60 20 detta
869 1325 54 15 rum.

273 1377 33 21 Hr
331 1376 66 22 Adolf
419 1376 131 25 Aminoff,
573 1376 79 22 Grefve
667 1376 113 26 Creutz,
804 1376 43 21 Hrr
871 1377 45 20 Uno
939 1375 91 22 Wasa-

203 1405 115 27 stjerna,
342 1405 115 22 Gadolin
475 1405 40 21 och
535 1405 19 21 J.
569 1405 26 21 V.
611 1405 176 27 Segersträle
802 1406 57 20 samt
873 1404 58 22 Frih.
947 1404 26 21 K.
988 1410 41 16 von

204 1434 119 22 Alfthan
339 1434 136 22 reserverade
489 1434 33 27 sig
537 1435 58 20 emot
610 1434 36 21 det
660 1433 82 22 fattade
757 1433 100 22 beslutet.
