1109 1759
366 122 206 22 Bankfullmäktiges
584 123 65 17 antal.
858 117 41 21 299

99 209 49 15 nom
172 209 25 15 en
220 202 240 26 treståndsförfattning,
484 202 33 21 för
539 209 27 14 en
590 202 111 22 obestämd
725 202 31 22 tid
776 202 64 22 binda
852 203 32 25 sig
894 202 34 21 vid

100 234 33 19 ett
156 232 52 20 visst
232 231 58 21 antal
306 231 198 27 bankfullmäktige.
535 231 49 21 Men
601 231 61 21 äfven
678 238 35 14 om
728 238 50 14 man
794 231 68 21 skulle
877 230 53 21 söka

99 262 54 25 göra
176 266 26 15 en
225 262 89 19 motsatt
336 259 55 27 åsigt
413 260 105 26 gällande,
534 260 98 26 qvarstår
647 260 7 20 i
670 259 43 21 alla
729 260 44 25 fall,
789 260 28 26 på
832 261 42 19 sätt
890 259 40 21 Ut-

99 289 83 21 skottet
204 289 61 25 visat,
288 290 33 19 att
343 288 121 21 Ständerna
484 288 34 21 vid
540 289 53 20 1867
610 288 36 21 års
662 288 104 27 landtdag
781 288 87 21 alldeles
883 288 46 21 icke

101 317 45 21 haft
162 317 70 27 någon
247 317 65 21 sådan
328 317 69 26 afsigt,
413 319 53 19 utan
480 319 32 19 att
522 317 88 21 fastmer
623 318 55 20 1867
690 317 34 21 års
735 317 194 25 bankreglemente,

99 346 77 22 sådant
198 346 36 21 det
257 345 26 21 då
300 346 21 20 af
336 345 120 21 Ständerna
472 348 82 24 antogs,
572 346 54 20 hade
642 346 6 20 i
664 346 70 20 denna
750 346 34 20 del
800 345 30 21 till
847 345 83 27 uppgift

100 376 33 20 att
155 374 33 21 för
211 375 41 21 den
274 374 101 22 händelse
396 374 23 22 L.
441 374 24 21 O.
483 374 46 21 icke
545 374 69 21 skulle
630 375 64 20 vinna
710 374 142 25 stadfästelse,
868 374 38 21 och
922 374 7 20 i

99 403 75 26 hvarje
189 403 101 21 händelse
306 403 32 21 till
354 403 48 21 dess
415 409 26 15 en
454 402 67 22 sådan
532 403 92 26 vunnits,
637 404 84 26 reglera
731 403 74 27 frågan
819 409 33 15 om
864 402 66 21 bank-

100 432 146 27 fullmäktiges
268 432 65 20 antal.
368 432 49 20 Men
440 438 93 20 ponerar
548 438 49 15 man
613 438 29 14 nu
658 432 62 21 äfven
735 434 33 18 att
783 432 30 20 uti
830 431 100 21 Ständer-

104 467 38 15 nas
163 460 71 22 beslut
252 460 132 21 beträffande
400 460 200 27 bankreglementet
614 460 24 21 af
654 461 53 21 1867
724 461 69 26 någon
809 460 66 21 sådan
890 460 40 20 hit-

100 490 46 20 tills
168 489 112 21 obevisbar
300 489 63 26 afsigt
384 489 69 21 skulle
476 489 72 21 kunna
571 489 74 25 finnas,
669 489 24 21 så
712 489 94 27 framgår
821 489 36 21 det
869 489 23 26 ju
909 488 23 21 af

101 518 179 21 Bankutskottets
296 518 134 20 betänkande
447 518 40 20 och
503 518 38 21 har
557 520 99 24 nogsamt
671 518 55 21 varit
741 518 73 25 kändt,
826 520 32 18 att
868 517 62 21 Stän-

101 547 68 20 derna
187 547 55 20 både
258 547 31 20 uti
307 546 53 22 1875
376 546 39 21 och
433 547 55 21 1878
504 546 36 22 års
556 546 146 27 vederbörligt
716 546 132 22 stadfästade
864 545 66 27 regle-

100 577 86 19 menten
209 575 128 27 längesedan
359 575 91 27 upphäft
474 575 150 21 motsvarande
648 575 118 27 stadgande
788 576 8 20 i
820 575 52 21 1867
895 574 35 21 års

102 604 129 26 reglemente
254 604 47 21 med
324 604 126 26 hänvisning
474 604 70 20 allena
566 604 34 21 till
620 604 134 26 grundlagen
773 604 39 21 och
832 604 46 20 dess
894 603 36 21 be-

100 633 107 26 stämning
229 632 7 21 i
259 634 76 19 ämnet.
366 633 81 20 Härtill
467 632 39 21 har
524 639 29 15 nu
569 632 169 22 Bankutskottet
754 632 60 22 äfven
830 632 58 26 fogat
904 638 26 14 en

101 661 130 27 påminnelse
248 667 32 15 om
296 662 37 20 det
348 661 95 27 vägande
459 662 129 26 prejudikat,
604 663 33 19 att
652 661 121 21 Ständerna
788 662 30 20 alt
833 661 46 21 från
890 660 40 21 och

101 690 49 21 med
174 690 54 21 1872
252 690 34 21 års
307 690 109 26 landtdag,
439 690 121 21 oberoende
582 690 22 21 af
622 690 164 21 föreskrifterna
802 691 6 20 i
826 690 53 21 1867
895 688 35 22 års

102 718 130 27 reglemente
255 718 108 26 angående
382 719 83 21 antalet
484 719 146 26 suppleanter,
646 719 104 27 opåtaldt,
766 720 47 20 med
830 718 100 26 Regerin-

101 753 53 20 gens
176 748 56 26 goda
252 747 22 27 ja
297 747 39 21 och
358 748 76 25 minne,
454 749 68 19 utsett
537 748 139 26 suppleanter
692 748 32 21 till
740 748 36 20 det
791 748 65 26 högre
872 746 58 22 antal

103 776 99 21 behofvet
217 778 82 19 ansetts
314 775 90 27 päkalia.

160 804 45 22 När
225 811 49 14 man
294 811 28 14 nu
341 804 45 21 står
400 804 56 22 inför
472 811 26 15 en
514 805 104 26 tolkning,
632 805 38 27 jag
684 805 66 26 vågar
765 807 51 25 säga
831 804 23 22 sä
870 804 60 26 berg-

101 832 43 22 fast
168 840 43 14 som
233 834 75 24 denna,
328 833 23 21 sä
367 834 41 20 kan
425 840 49 14 man
491 834 45 20 icke
552 836 66 18 annat
634 836 26 18 än
677 834 48 20 med
740 834 115 20 förundran
871 832 61 27 fräga

104 862 37 26 sig,
158 862 55 21 huru
236 862 36 21 det
294 862 55 21 varit
368 862 83 27 möjligt
468 864 32 19 att
516 862 70 21 denna
600 862 60 28 fräga
676 862 82 21 kunnat
773 862 84 21 komma
873 861 6 21 i
895 862 37 20 det

101 891 55 26 läge,
179 891 59 21 hvari
262 892 39 20 den
323 898 28 14 nu
374 891 96 21 befinner
489 892 37 26 sig.
557 892 41 26 Jag
614 892 41 20 kan
671 892 46 21 icke
733 891 142 27 undertrycka
891 891 40 21 den

102 920 66 20 tanke
191 922 32 18 att
246 920 171 21 hufvudorsaken
441 920 33 21 till
498 920 60 21 detta
581 920 117 21 ledsamma
716 920 132 21 förhällande
864 919 67 21 mäste

103 948 63 21 sökas
182 948 52 26 deri,
250 951 32 19 att
298 949 130 21 Ständernas
444 949 133 21 instruktion
593 949 33 21 för
638 949 194 26 Bankfullmäktige
844 948 38 22 och
894 954 37 14 an-

104 976 71 22 hällan
199 984 33 14 om
256 978 133 20 densammas
413 977 159 27 promulgering
591 978 90 21 kommit
697 980 33 18 att
746 978 38 20 hos
799 978 133 26 Regeringen

102 1005 117 22 behandlas
242 1006 44 20 förr
299 1008 26 18 än
349 1006 131 21 Ständernas
496 1006 82 26 förslag
594 1007 32 21 till
642 1009 47 24 nytt
705 1007 135 26 reglemente,
856 1006 76 20 sådant

104 1034 36 20 det
162 1034 34 21 vid
222 1035 51 21 1891
296 1036 35 20 års
354 1034 103 27 landtdag
480 1037 83 24 antogs.
594 1035 67 21 Dessa
681 1035 56 21 båda
758 1034 122 22 skrifvelser
900 1034 32 20 till

102 1062 133 28 Regeringen
251 1065 36 19 äro
303 1064 146 25 dagtecknade
466 1063 106 21 hvardera
588 1064 40 21 den
644 1064 27 21 26
688 1064 50 26 Maj.
762 1064 29 21 Af
801 1063 132 27 tillgängliga

103 1091 128 27 handlingar
245 1092 93 26 framgår
353 1092 53 24 icke,
416 1098 34 14 om
467 1093 109 20 desamma
592 1092 112 26 samtidigt
716 1092 32 21 till
759 1092 131 27 Regeringen
902 1092 29 20 in-

104 1120 46 27 gått
173 1120 39 21 och
234 1122 26 19 än
279 1120 82 21 mindre
376 1120 56 21 hvad
449 1121 90 21 orsaken
555 1120 77 22 månde
649 1121 63 21 hafva
727 1121 55 21 varit
797 1121 32 21 till
844 1122 32 20 att
892 1120 41 21 den

104 1155 46 19 ena,
173 1149 40 21 den
232 1149 81 21 mindre
332 1149 120 27 väsentliga
468 1149 22 21 af
505 1150 61 20 dessa
582 1150 134 26 handlingar,
733 1150 90 26 tidigare
839 1149 94 21 föredra-

103 1178 48 25 gits.
174 1178 50 20 Man
240 1178 42 20 kan
295 1178 23 26 ju
334 1178 124 26 visserligen
475 1179 7 20 i
498 1178 36 21 det
549 1179 47 25 läge
612 1178 75 27 frågan
699 1185 27 14 nu
738 1178 82 26 intager
830 1178 103 21 anmärka

104 1206 69 20 såsom
192 1212 26 15 en
238 1206 75 21 formel
328 1207 55 21 brist
398 1209 32 18 att
446 1207 7 20 i
470 1206 131 22 Ständernas
617 1207 111 21 »krifvelse
745 1207 47 21 med
807 1206 126 21 instruktio-

104 1240 40 15 nen
167 1234 46 22 icke
236 1235 69 26 ingick
328 1235 69 27 någon
420 1236 86 20 erinran
528 1236 73 20 derom
618 1238 32 19 att
666 1236 121 20 Ständerna
802 1235 34 21 vid
852 1241 81 14 samma

103 1262 103 27 landtdag
229 1264 81 26 antagit
333 1266 31 19 ett
387 1266 47 25 nytt
453 1264 80 27 förslag
554 1264 31 21 till
606 1265 130 25 reglemente
752 1264 33 21 för
800 1264 94 24 Banken,
911 1266 21 24 ty

103 1291 55 21 hade
181 1298 26 14 en
230 1292 65 21 sådan
314 1293 85 21 erinran
419 1292 77 27 ingått,
512 1293 55 21 hade
584 1293 35 21 det
634 1293 34 21 väl
685 1293 55 21 varit
756 1292 86 22 alldeles
858 1292 75 20 otänk-

104 1320 48 20 bart
170 1322 34 19 att
221 1320 74 27 frågan
315 1328 33 14 om
364 1321 158 21 instruktionen
538 1322 69 20 skulle
623 1322 64 20 hafva
702 1322 39 20 hos
758 1321 107 27 Styrelsen
880 1320 54 21 före-

104 1348 81 26 dragits
201 1349 90 27 tidigare
306 1352 26 18 än
349 1350 40 20 den
406 1356 34 14 om
458 1350 148 26 reglementet;
624 1356 46 15 men
688 1356 33 15 om
737 1356 28 14 nu
782 1349 64 21 också
862 1356 24 14 en
903 1348 32 22 så-

104 1378 41 20 dan
168 1377 54 21 brist
243 1378 67 21 skulle
326 1378 72 21 kunna
413 1378 114 27 åberopas,
543 1379 24 20 så
583 1380 24 19 är
623 1380 36 20 det
674 1378 13 21 å
702 1379 67 21 andra
784 1379 59 20 sidan
860 1377 74 21 otänk-

104 1406 48 21 bart
175 1408 33 19 att
228 1406 47 22 icke
298 1406 69 26 någon
390 1406 75 22 ibland
488 1407 145 27 Regeringens
653 1408 119 20 ledamöter
788 1406 67 22 skulle
871 1406 64 20 hafva

103 1434 82 22 afvetat
206 1435 36 21 det
258 1435 150 26 förhållandet,
424 1436 38 20 det
479 1438 75 18 nästan
572 1436 33 20 vid
622 1436 73 26 hvarje
711 1436 101 26 landtdag
828 1435 107 20 återkom-

104 1463 77 21 mande
197 1463 139 26 förhållande,
353 1466 32 18 att
401 1466 32 19 ett
449 1466 48 25 nytt
513 1464 131 26 reglemente
659 1464 33 21 för
708 1464 102 21 Finlands
824 1463 61 21 Bank
898 1469 38 15 var

104 1492 68 20 under
192 1492 128 26 behandling
342 1493 57 20 inom
422 1493 204 26 representationen.
658 1492 81 22 Genom
761 1493 68 21 denna
845 1491 90 27 ordning

103 1520 33 20 för
152 1520 100 22 ärendets
268 1521 128 25 behandling
412 1522 7 20 i
434 1521 134 27 Regeringen
584 1522 49 20 kom
650 1528 48 14 man
711 1522 6 20 i
731 1522 40 20 den
784 1520 150 26 märkvärdiga
