1106 1756
216 421 85 54 e"
309 421 59 21 Hans
377 421 101 26 Majestät
486 421 248 27 Kejsaren-Storfursten
743 421 120 21 Alexander
870 420 33 21 III

271 449 89 31 medelst
381 449 73 27 nädigt
485 451 64 25 öppet
578 449 49 22 bref
656 449 39 22 och
723 449 74 27 päbud
820 449 23 22 af
863 449 42 21 den

214 478 62 40 sys
294 484 55 21 1893
372 483 163 22 sammankallat
554 483 101 22 Finlands
671 483 92 22 Ständer
778 484 32 21 till
826 483 79 21 allmän

216 518 105 27 landtdag
335 518 7 21 i
358 518 69 21 denna
448 517 134 27 Helsingfors
604 518 48 21 stad
668 518 32 20 till
716 518 41 21 den
772 518 27 21 22
815 517 90 22 Januari

218 547 56 22 1894
296 548 56 19 samt
375 547 33 20 till
428 545 171 22 landtmarskalk
621 547 7 20 i
651 546 67 21 näder
736 548 84 19 utnämt
835 545 70 22 Presi-

216 577 79 20 denten
317 575 7 21 i
346 575 119 26 Kejserlige
508 575 26 20 Abo
557 575 87 20 Hofrätt
666 575 54 26 Lars
741 575 98 21 Theodor
864 580 41 15 von

217 604 88 28 Hellens
328 603 39 21 och
389 603 33 21 till
445 603 216 21 vicelandtmarskalk
687 602 189 23 Ofverdirektören
897 603 8 20 i

218 632 166 27 Öfverstyrelsen
414 631 33 22 för
476 631 154 22 Skolväsendet
659 631 100 27 Verklige
784 631 121 22 Statsrädet

217 661 83 22 Lorenz
321 661 97 20 Leonard
441 660 105 25 Lindelöf,
564 660 24 21 sä
603 660 45 25 har,
665 659 54 22 efter
735 660 36 21 det
786 660 120 21 Ständerna

216 695 75 21 genom
317 689 73 26 anslag
413 689 7 20 i
442 689 146 21 Riddarhuset
613 689 39 20 och
674 689 154 20 Ständerhuset
853 694 53 21 upp-

218 721 83 18 manats
316 719 33 19 att
364 717 79 21 infinna
459 717 31 26 sig
506 717 32 21 till
554 717 127 26 anteckning
692 717 39 21 och
742 717 132 21 aflemnande
885 716 23 21 af

220 747 46 20 sina
281 746 123 21 fullmakter
419 748 55 19 samt
490 746 43 20 dei
544 745 240 27 Riddarhusordningen
794 745 112 21 bestämda

218 776 78 20 tvänne
317 774 153 26 anteckningar
492 775 40 20 den
555 774 27 21 23
600 774 40 21 och
656 775 26 20 25
698 774 88 21 Januari
802 775 35 25 egt
852 779 54 20 rum,

218 803 56 21 Herr
295 803 207 21 Landtmarskalken
517 804 68 19 utsatt
600 802 156 27 Ridderskapet
772 802 39 22 och
826 802 80 21 Adelns

218 832 68 21 första
300 831 85 27 plenum
400 831 33 21 till

172 943 169 34 Torsdagen
359 944 58 27 den
435 943 33 27 25
486 943 128 27 Januari
630 943 42 27 kl.
690 943 33 27 11
742 943 22 27 f.
781 951 39 19 m.

278 1034 189 24 Landtmarskalkens
482 1034 84 28 helsning
582 1034 26 22 till
624 1033 84 24 Ständet.

150 1091 157 26 Ridderskapet
330 1091 38 21 och
391 1091 80 21 Adelns
493 1092 67 20 första
582 1091 157 21 sammanträde
763 1090 108 28 öppnades
886 1090 23 21 af

83 1120 31 22 Hr
126 1120 208 21 Landtmarskalken
349 1120 48 20 med
412 1119 93 27 följande
521 1119 148 27 helsningstal:

153 1176 125 26 Högtärade
301 1176 81 21 Herrar
404 1176 138 21 medlemmar
564 1176 22 20 af
602 1176 101 20 Finlands
718 1176 135 26 Ridderskap
869 1175 40 21 och

83 1204 61 26 Adel,
160 1204 81 22 Herrar
256 1204 96 26 Grefvar,
368 1204 111 21 Friherrar
494 1206 55 19 samt
564 1204 102 21 Ridders-
682 1204 40 21 och
737 1204 122 21 Adelsmän.
881 1203 30 22 Af

84 1234 26 20 H.
127 1233 27 21 M.
171 1232 104 28 Kejsaren
298 1232 40 22 och
356 1232 132 22 Storfursten
503 1232 85 27 nädigst
603 1232 73 21 kallad
692 1233 39 21 och
747 1232 115 22 förordnad
877 1234 32 20 att

84 1262 35 20 vid
135 1268 29 14 nu
180 1261 200 21 sammanträdande
402 1261 102 26 landtdag
520 1267 52 15 vara
587 1261 169 21 landtmarskalk
772 1261 34 21 för
820 1260 89 22 Ridder-

84 1290 76 26 skapet
184 1290 40 20 och
246 1290 74 26 Adeln,
344 1289 71 21 helsar
435 1290 37 26 jag
493 1290 108 20 vördsamt
623 1290 133 20 närvarande
771 1290 139 21 medlemmar

83 1318 24 21 af
120 1318 25 21 R.
161 1324 20 14 o.
197 1318 25 21 A.
238 1318 112 21 välkomna
372 1318 31 21 till
419 1318 127 26 deltagande
561 1318 7 20 i
583 1318 83 21 landets
682 1318 102 21 Ständers
800 1318 110 26 allvarliga

84 1346 40 22 och
147 1346 147 26 ansvarsfulla,
317 1346 45 22 ofta
376 1346 82 26 ganska
473 1346 123 26 grannlaga,
618 1346 33 21 för
666 1346 140 22 fosterlandet
821 1346 88 26 viktiga,

85 1375 62 27 djupt
162 1374 163 27 betydelsefulla
340 1374 52 26 värf,
409 1374 123 27 öfvertygad
549 1381 45 15 som
608 1374 36 27 jag
659 1376 24 19 är
698 1377 33 19 att
746 1381 82 15 samma
837 1380 74 16 varma

84 1403 213 25 fosterlandskänsla,
320 1409 81 15 samma
423 1403 47 21 rika
486 1403 120 21 erfarenhet
622 1403 39 21 och
678 1403 131 21 omfattande
824 1403 87 26 insigts-

84 1431 77 22 fullhet
175 1431 8 21 i
198 1431 172 21 förekommande
392 1432 95 24 ärender,
504 1438 81 14 samma
600 1432 118 26 värdighet,
734 1431 121 22 hofsamhet
871 1431 40 21 och

85 1460 51 26 lugn
150 1460 8 21 i
174 1460 218 26 öfverläggningarna,
413 1466 45 15 som
474 1460 72 26 plägat
561 1460 146 20 känneteckna
722 1460 189 26 förhandlingarna

80 1488 44 21 "hos
139 1488 26 21 R.
182 1494 20 15 o.
216 1488 26 21 A.
258 1488 35 21 vid
315 1488 91 26 tidigare
428 1488 166 25 ständermöten,
618 1488 18 27 ej
652 1488 67 21 heller
734 1495 29 14 nu
778 1488 86 21 komma
879 1489 32 20 att

86 1516 89 21 förneka
200 1516 38 27 sig,
260 1516 44 21 lika
318 1516 48 21 litet
388 1522 45 15 som
456 1516 88 27 aktning
566 1516 33 21 för
621 1517 78 20 andras
715 1516 140 27 öfvertygelse
871 1515 40 22 och

154 1557 39 16 N:o
208 1560 14 13 1.
