1109 1761
216 121 42 22 468
459 127 25 18 R.
497 132 18 13 o.
528 128 23 17 A.
565 128 58 17 1894.
647 128 28 17 20
687 127 63 18 Mars.

256 207 33 22 Hr
304 207 206 22 Landtmarskalken
528 207 129 25 förklarade,
673 209 32 20 att
721 208 36 21 det
772 208 62 21 äfven
849 207 55 22 varit
919 207 53 22 hans
987 207 31 22 af-

187 235 43 28 sigt
245 238 32 19 att
292 236 45 22 läta
351 237 26 21 de
392 237 93 21 nämnda
499 236 210 27 ändringsförslagen
723 236 88 22 komma
818 236 67 22 under
893 236 123 27 afgörande;

191 265 40 21 och
253 264 156 23 öfverlemnade
431 265 32 22 Hr
485 265 210 22 Landtmarskalken
717 265 33 21 till
772 265 100 22 Ständets
888 265 129 22 besvarande

186 293 94 27 följande
296 294 309 27 omröstningspropositioner
596 289 12 36 :

258 352 27 24 1).
309 351 54 24 Den,
378 357 45 16 som
438 351 125 27 godkänner
579 352 12 26 8
607 352 14 20 3
636 351 7 21 i
659 352 40 21 den
714 351 81 27 lydelse
809 350 145 23 betänkandet
964 356 52 22 upp-

186 381 67 25 tager,
269 381 71 20 röstar
352 380 32 27 ja;

256 436 42 22 blir
323 436 34 28 nej
378 436 161 29 öfvervägande,
563 439 88 26 antages
674 437 40 22 den
734 437 23 22 af
780 437 57 22 Frih.
853 443 41 16 von
909 436 107 27 Knorring

187 465 122 28 föreslagna
323 466 100 27 lydelsen.

255 523 35 22 Då
305 523 69 22 denna
389 524 132 27 proposition
537 523 130 22 besvarades
681 523 49 22 med
746 523 154 27 öfvervägande
909 523 41 27 nej,
961 522 55 21 hade

186 551 25 22 R.
227 557 20 16 0.
264 552 25 21 A.
305 552 90 22 sälunda
409 553 96 26 godkänt
519 553 42 20 den
577 552 22 22 af
613 552 58 21 Frih.
686 559 41 14 von
736 552 109 27 Knorring
859 551 125 28 föreslagna,
992 551 24 21 sä

186 580 92 26 lydande
293 581 164 27 formuleringen
469 581 22 21 af
496 581 164 27 ifrägavarande
668 582 8 25 $
686 588 5 14 :
700 581 117 27 ,Utländsk
825 581 89 21 resande
921 580 39 21 och
968 579 47 27 den,

187 615 45 15 som
248 609 7 21 i
271 609 90 21 Finland
376 610 47 21 icke
438 612 25 18 är
481 610 193 25 mantalsskrifven,
690 610 87 26 äligger,
793 609 28 21 dä
835 609 42 21 han
892 608 124 28 uppehäller

186 638 33 27 sig
234 644 26 15 en
275 638 77 21 mänad
368 638 51 22 eller
435 638 123 22 derutöfver
573 638 58 22 inom
647 644 81 16 samma
743 638 102 21 kommun
860 637 39 22 här
914 638 7 20 i
937 637 78 23 landet,

186 668 33 20 att
233 666 40 22 hos
288 667 159 21 vederbörande
462 673 19 15 o.
497 673 16 15 s.
529 673 28 19 v.,
573 667 67 27 enligt
655 667 150 21 betänkandet.

255 724 28 26 2).
313 724 52 26 Den,
381 730 46 16 som
450 724 85 22 bifaller
549 726 12 24 $
576 726 13 20 5
606 724 67 27 enligt
687 724 122 22 Utskottets
825 723 140 26 betänkande,
980 724 34 20 rö-

184 754 45 20 star
242 752 33 27 ja;

254 810 42 21 blir
318 810 33 27 nej
373 810 162 27 öfvervägande,
559 810 92 22 erhåller
674 811 32 25 S:n
728 810 41 21 den
788 809 23 22 af
824 810 32 21 Hr
871 810 23 21 L.
910 808 104 22 Mechelin

185 838 121 28 föreslagna
321 838 86 28 lydelse,
422 839 117 27 nämligen:
570 839 124 21 Inkomsten
717 838 24 22 af
754 838 144 22 hundskatten
913 838 101 21 förvaltas

187 866 40 22 och
242 868 108 21 användes
365 870 132 24 gemensamt
511 868 50 21 med
576 867 68 28 öfriga
670 867 137 22 kommunala
829 866 145 22 skattemedel.

253 919 69 26 Äfven
337 925 70 21 denna
421 925 135 26 proposition
571 924 128 22 besvarades
715 925 48 20 med
779 923 155 27 öfvervägande
950 923 40 27 nej,
1006 923 8 21 i

184 951 52 28 följd
259 953 77 21 hvaraf
357 953 24 22 R.
405 959 18 16 o.
447 953 24 22 A.
488 953 56 22 hade
559 953 96 28 godkänt
670 953 33 22 Hr
717 953 25 22 L.
755 953 116 22 Mechelins
886 952 79 28 förslag
980 951 34 22 till

183 981 80 27 lydelse
279 982 32 21 för
327 982 12 27 $
355 983 18 20 5.

253 1038 32 22 Hr
300 1038 185 27 Björkenheim
500 1039 126 26 hemstälde,
642 1038 105 22 huruvida
762 1038 47 22 icke
821 1038 137 22 förevarande
968 1038 44 27 lag-

183 1066 81 28 förslag
286 1067 66 21 borde
371 1067 79 27 jemväl
473 1068 7 21 i
499 1068 102 21 afseende
623 1068 13 20 å
651 1067 69 27 öfriga
735 1068 24 27 $$
775 1067 120 27 genomgäs,
911 1068 51 20 enär
977 1066 36 22 det

183 1094 72 22 kunde
271 1095 58 27 tjena
350 1096 213 22 Ekonomiutskottet
577 1096 33 21 till
625 1096 128 27 upplysning
768 1098 33 20 att
815 1096 64 21 hafva
893 1095 119 21 kännedom

182 1129 35 15 om
234 1124 37 21 det
286 1124 120 28 Höglofliga
421 1125 102 21 Ständets
537 1125 57 27 äsigt
609 1125 110 27 angäende
734 1125 114 21 desamma.

252 1181 33 21 Hr
306 1181 207 22 Landtmarskalken
535 1182 68 27 ansäg
618 1182 59 21 detta
692 1182 95 27 yrkande
802 1181 47 22 icke
863 1181 54 22 böra
931 1181 33 21 till
979 1181 34 21 ät-

182 1209 54 26 gärd
257 1209 116 28 föranleda,
396 1211 89 21 emedan
507 1211 120 21 detsamma
642 1211 70 21 blifvit
727 1211 121 21 framstäldt
863 1210 83 22 sentida
960 1209 53 22 eller

182 1237 55 22 efter
253 1238 36 22 det
304 1239 148 21 diskussionen
467 1239 110 22 allaredan
593 1239 114 22 förklarats
723 1239 34 22 för
771 1239 100 22 afslutad.

251 1295 25 21 R.
292 1301 19 16 o.
328 1296 36 21 A:s
379 1295 134 22 förestäende
528 1296 71 22 beslut
614 1296 69 22 skulle
703 1297 29 26 pä
747 1296 59 28 öfligt
821 1299 43 20 sätt
879 1297 85 28 bringas
979 1298 33 21 till

181 1321 153 24 Medständens
355 1324 39 22 och
409 1325 224 22 Ekonomiutskottets
648 1325 128 27 kännedom,
792 1326 117 27 hvarjemte
923 1326 89 23 Ständet

181 1351 28 26 pä
224 1351 34 22 Hr
278 1352 217 23 Landtmarskalkens
515 1353 158 28 framställning
691 1354 70 21 beslöt
775 1356 33 20 att
822 1355 93 21 nämnda
929 1355 83 22 utskott

180 1379 69 23 borde
265 1381 81 22 erhälla
360 1381 34 22 del
409 1381 24 22 af
446 1382 41 22 den
501 1382 8 21 i
524 1382 76 27 frägan
614 1382 114 22 förefallna
743 1383 154 22 diskussionen.
