1106 1761
224 113 43 20 444
466 119 24 16 R.
504 123 17 12 o.
534 119 23 16 A.
570 118 57 17 1894.
652 118 22 16 16
687 117 61 17 Mars.

198 197 191 27 arbetsoförmåga,
410 198 63 26 82"/,
497 200 37 19 äro
557 198 138 21 invaliditets-
716 197 52 21 eller
783 197 98 21 dödsfall.
912 197 10 20 I
938 196 40 21 den
994 196 31 21 uti

198 225 111 22 Österrike
324 227 97 26 gällande
437 227 61 27 lagen
515 229 24 18 är
555 227 136 20 karenstiden
707 225 97 22 faststäid
821 225 33 21 till
865 227 14 18 4
891 225 83 26 veckor,
986 225 39 20 lik-

197 261 46 14 som
260 255 4 20 i
282 255 38 20 den
337 255 46 21 nåd.
396 261 65 21 prop.,
481 262 47 14 men
541 255 74 21 härvid
627 257 24 18 är
662 257 32 19 att
705 255 85 23 beakta,
801 256 32 19 att
845 254 6 21 i
863 255 39 20 den
917 253 108 22 österriki-

198 283 40 21 ska
260 283 193 27 försäkringslagen
475 284 77 26 jemväl
574 284 61 26 ingår
651 290 25 14 en
693 283 132 26 bestämning
841 283 79 23 derom,
937 285 38 24 att,
990 289 35 14 om

198 312 34 20 vid
258 314 32 18 ett
308 312 120 21 industrielt
443 312 52 21 verk
511 312 112 22 förefinnes
639 319 26 14 en
681 312 192 20 uuderstödskassa
889 311 52 21 eller
956 317 69 15 annan

200 340 90 25 anstalt,
308 347 24 14 ur
348 341 83 21 hvilken
447 341 99 21 arbetare
563 343 24 19 är
603 341 119 26 berättigad
739 342 32 19 att
787 340 33 20 vid
837 340 76 20 honom
930 339 95 27 ågången

198 368 149 27 kroppsskada
368 370 137 21 utbekomma
527 370 113 20 enahanda
662 370 125 26 ersättning,
810 375 45 15 som
876 368 27 27 på
918 368 68 27 grund
1004 368 24 21 af

199 398 316 27 olycksfallsförsäkringslagen
539 398 69 21 skulle
628 398 77 21 honom
725 398 124 25 tillkomma,
867 398 59 20 detta
943 397 83 26 företag

199 426 68 21 under
290 427 54 20 vissa
363 427 103 21 förbehåll
483 429 24 19 är
522 427 88 26 fritaget
625 426 47 21 från
688 426 144 27 fullgörandet
847 426 24 30 af
884 426 121 27 försäkring
1019 425 7 21 i

200 455 26 20 de
250 456 103 25 stadgade
374 456 153 26 obligatoriska
547 456 272 25 försäkringsanstalterna.
849 455 68 21 Äfven
933 455 38 20 här
987 455 39 20 har

200 484 84 21 således
300 485 89 20 lemnats
404 485 37 20 full
458 485 110 26 möjlighet
584 487 32 18 att
632 485 12 20 å
660 485 71 20 lokala
742 483 204 22 understödskassor
958 483 68 21 öfver-

201 513 43 20 låta
267 513 152 26 försäkringen.
451 513 65 22 Detta
539 513 69 21 blefve
632 513 118 21 emellertid
774 513 34 20 vid
828 513 36 20 det
879 515 85 24 system,
980 518 45 15 som

200 541 40 21 den
257 541 48 21 nåd.
322 548 60 20 prop.
400 542 114 25 föreslagit,
531 542 102 26 omöjligt.

269 570 61 20 Huru
352 571 57 20 olika
430 571 161 20 förhållandena
614 571 72 20 kunna
708 570 91 26 gestalta
819 571 32 25 sig
865 570 7 20 i
888 570 103 20 anstalter
1006 569 23 21 af

200 598 58 20 olika
280 601 39 23 art,
342 600 48 20 med
412 599 89 21 särskild
522 599 80 27 hänsyn
619 599 32 21 till
667 599 100 26 beloppet
782 598 23 22 af
818 599 107 20 allmänna
940 598 87 21 förvalt-

200 626 184 27 ningskostnader,
400 628 93 24 framgår
509 634 24 14 ur
548 628 66 26 några
630 627 75 23 siffror,
722 628 46 20 dem
783 628 36 26 jag
834 628 6 20 i
857 628 58 20 detta
929 627 98 21 afseende

200 655 38 21 ber
261 656 21 20 få
304 656 78 21 anföra.
412 656 31 22 Ur
465 656 164 21 ärsberättelsen
653 657 32 20 för
701 656 110 21 inhemska
825 656 202 26 olycksfallsförsäk-

199 684 145 27 ringsbolaget
364 685 73 21 Patria
451 685 33 21 för
499 686 23 20 är
540 686 53 20 1892
610 685 99 26 framgår,
725 688 32 18 att
773 685 98 26 beloppet
887 684 22 21 af
922 684 105 21 utbetalta

200 712 210 28 skadeersättningar
432 714 59 26 stigit
514 714 32 20 till
569 714 65 25 något
657 714 58 20 öfver
735 714 76 23 77,000
827 713 67 25 mark,
911 714 74 20 medan
1001 713 26 21 de

200 741 108 21 allmänna
318 742 320 27 förvaltningsomkostnaderna
648 742 81 26 utgjort
740 742 57 21 cirka
808 742 78 25 41,000
898 742 67 22 mark,
977 742 51 20 eller

202 770 55 21 altså
273 770 87 27 ungefär
375 772 27 20 53
410 771 27 26 %/,
454 771 22 21 af
490 772 25 20 de
531 772 111 20 utbetalda
657 771 244 25 skadeersättningarna.
929 770 41 21 Det
989 770 39 21 bör

200 800 89 20 nämnas
305 802 32 18 att
352 800 267 26 olycksfallsförsäkringen
636 800 5 20 i
658 800 59 20 detta
730 800 63 26 bolag
803 799 100 21 omfattar
914 799 57 21 säväl
983 799 44 21 svä-

200 833 49 15 rare
265 834 44 14 som
325 828 81 21 mindre
422 828 109 26 olycksfall
547 829 56 20 ända
618 828 31 21 till
665 828 86 23 sädana,
767 834 45 14 som
829 828 96 21 medföra
937 828 12 20 3
961 828 66 26 dygns

201 856 109 26 oförmäga
325 857 32 20 till
373 857 79 21 arbete.
485 857 72 26 Enligt
573 858 39 20 den
629 857 90 21 officiela
734 856 121 22 statistiken
871 856 63 21 hafva
949 857 25 20 de
990 856 37 21 all-

201 886 79 19 männa
299 885 282 26 förvaltningskostnaderna
597 885 33 21 för
646 886 39 20 den
701 885 62 26 tyska
779 885 152 26 obligatoriska
946 885 82 26 olycks-

201 913 202 27 fallsförsäkringen,
426 914 91 24 hvilken,
541 914 69 21 säsom
630 914 37 26 jag
689 915 65 20 redan
774 914 97 25 nämnde,
889 913 88 21 omfatta
993 919 35 15 en-

202 941 48 21 dast
266 942 25 20 de
307 942 94 21 svåraste
417 943 142 26 olycksfallen,
576 943 80 26 utgjort
671 943 6 20 i
693 943 64 20 rundt
772 943 29 20 tal
813 943 27 20 20
849 945 26 24 */,
887 942 22 21 af
919 942 25 21 de
955 942 73 21 skade-

202 971 149 26 ersättningar,
367 977 45 15 som
428 971 68 21 blifvit
511 971 124 21 utbetalade
650 984 26 2 —
693 971 60 21 detta
768 971 32 21 för
816 971 23 21 är
857 971 60 23 1891,
929 971 36 20 det
977 971 52 21 sista

202 998 53 25 året,
279 998 33 22 för
335 1000 79 20 hvilket
426 1000 37 26 jag
479 1000 45 20 haft
539 1000 70 21 siffror
625 1000 32 20 till
674 1000 72 20 hands.
777 1000 30 21 Ur
823 1006 24 14 en
864 1000 6 20 i
887 999 85 26 Sverige
987 1000 42 20 för-

202 1028 107 20 anstaltad
325 1028 104 21 statistisk
447 1029 158 26 undersökning
621 1029 109 25 angäende
746 1028 97 26 Sveriges
858 1028 123 26 sjukkassor
996 1028 33 20 för

201 1056 25 20 är
244 1058 60 20 1884,
320 1057 101 26 framgick
433 1060 32 18 att
476 1058 25 20 de
513 1058 107 20 allmänna
630 1057 284 27 förvaltningskostnaderna
925 1056 32 21 för
968 1056 61 21 dessa

202 1084 76 21 kassor
293 1085 97 27 utgjorde
406 1086 27 19 20
441 1086 27 26 "/,
484 1086 22 20 af
520 1086 25 20 de
558 1086 111 20 utbetalda
680 1086 176 24 ersättningarna.
874 1085 155 27 Förvaltnings-

201 1113 145 21 kostnaderna
362 1114 32 20 för
410 1114 25 21 de
450 1114 62 26 tyska
527 1114 157 26 sjukkassorna,
694 1114 71 21 hvilka
776 1116 36 19 äro
823 1114 151 26 organiserade
984 1120 45 14 som

202 1143 82 19 smärre
293 1142 70 21 lokala
371 1142 126 27 föreningar,
506 1145 75 24 utgöra
591 1143 32 20 för
632 1143 50 21 åren
698 1143 140 21 1585—1889
848 1143 75 20 endast
933 1142 98 26 omkring

203 1171 26 18 10
238 1170 28 25 "/,
282 1170 22 21 af
318 1171 141 20 understöden
475 1171 38 20 och
530 1172 99 25 slutligen
646 1172 39 20 har
700 1172 39 20 den
756 1171 164 25 undersökning,
931 1177 44 14 som
987 1170 44 21 för-

203 1198 115 21 anstaltats
334 1205 33 14 om
383 1199 230 21 understödskassorna
627 1201 6 19 i
649 1200 48 20 värt
713 1200 55 23 land,
784 1199 61 26 gifvit
856 1199 34 20 vid
905 1199 82 21 handen
998 1201 34 19 att

202 1227 34 20 för
259 1227 49 21 åren
335 1228 139 21 1888—1889
497 1228 286 27 förvaltningskostnaderna
804 1228 60 26 stigit
879 1227 32 22 till
927 1228 75 20 endast
1018 1230 11 18 7

203 1255 52 21 eller
271 1256 48 26 8"/,
336 1256 22 21 af
371 1257 238 26 understödsbeloppen.
641 1257 49 20 Man
706 1257 67 22 finner
789 1257 88 24 således,
894 1256 54 21 huru
964 1256 67 21 ofant-

203 1283 39 27 ligt
258 1285 84 26 mycket
359 1285 94 26 billigare
469 1285 36 20 det
520 1285 41 20 kan
577 1286 92 25 gestalta
684 1286 32 26 sig
731 1288 32 18 att
779 1285 104 20 öfverläta
893 1285 138 20 understöds-

202 1308 171 57 jerksamheten,
390 1314 37 20 der
442 1313 76 22 sädant
533 1315 24 19 är
573 1314 88 26 möjligt,
677 1314 22 21 ät
713 1314 80 21 sädana
803 1315 81 19 smärre
895 1313 136 22 understöds-

218 1347 60 14 ASSor

308 1370 66 21 andra
389 1370 61 21 sidan
466 1370 39 21 bör
520 1371 47 20 icke
582 1371 96 21 förbises,
694 1373 32 18 att
742 1371 36 20 det
786 1370 79 27 jemväl
875 1370 33 21 för
919 1370 112 21 arbetaren

203 1399 25 19 är
250 1397 150 28 förmänligare
415 1401 33 18 att
463 1399 33 20 vid
512 1401 82 19 smärre
609 1399 109 26 olycksfall
734 1399 72 20 kunna
822 1399 112 20 hänvända
949 1399 32 26 sig
996 1405 35 14 an-

202 1426 74 26 tingen
299 1427 33 20 till
354 1427 32 20 sin
408 1427 151 27 arbeisgilvare
582 1428 51 21 eler
655 1428 32 21 till
703 1435 26 14 en
745 1427 197 25 understödskassa,
954 1427 80 21 hvaraf

203 1454 42 21 han
264 1457 24 19 är
310 1456 96 20 medlem.
437 1456 29 26 Ty
482 1462 33 14 om
532 1462 48 14 man
596 1456 77 20 tänker
688 1456 32 26 sig
735 1463 25 14 en
777 1456 105 23 arbetare,
897 1455 84 21 hvilken
997 1462 35 20 ge-

203 1489 50 15 nom
270 1484 72 26 skada,
359 1490 44 15 som
421 1484 91 21 drabbat
527 1484 86 26 honom,
624 1484 69 21 blifvit
704 1484 123 27 oförmögen
838 1487 33 18 att
882 1484 74 21 arbeta
967 1484 64 21 låtom

203 1517 36 15 oss
254 1514 52 24 säga
322 1513 19 23 5,
357 1513 12 20 6
386 1513 51 20 eller
453 1514 11 19 7
481 1513 83 26 veckor,
580 1513 24 21 så
619 1515 24 19 är
659 1513 36 21 det
710 1513 83 27 tydligt,
809 1515 33 18 att
858 1513 36 20 det
909 1513 32 20 för
954 1513 78 21 honom
