1106 1756
256 122 93 21 Qvinnas
361 123 43 17 rätt
415 123 33 17 att
460 122 81 18 erhålla
552 122 165 22 läraretjenster.
833 118 42 20 479

78 203 56 27 gadt.
167 203 31 27 Ty
212 203 91 27 qvinnan
318 203 41 21 kan
376 204 48 20 med
439 203 31 21 alt
485 202 46 22 skäl
544 202 107 28 uppställa
662 203 39 21 den
713 202 86 22 fordran
810 204 33 20 att
855 202 52 21 hen-

78 238 37 14 nes
136 232 125 26 lämplighet
276 234 32 19 att
322 232 90 21 bekläda
429 232 40 21 den
485 238 40 14 ena
540 232 51 21 eller
607 232 66 20 andra
688 231 92 27 tjensten
795 232 7 20 i
818 231 89 21 allmän-

78 260 36 21 het
129 260 40 21 bör
185 260 99 22 bedömas
301 260 55 21 blott
372 260 47 22 med
435 260 100 22 afseende
548 260 12 21 å
570 260 81 21 hennes
663 260 130 21 individuela
804 260 100 26 egenska-

77 295 38 21 per
137 289 40 21 och
192 289 46 21 icke
254 289 48 21 med
317 289 99 21 afseende
433 289 13 21 å
461 289 66 27 något
542 289 117 26 aprioriskt
680 289 119 26 antagande
820 291 33 18 att
869 289 36 21 det

78 318 42 20 kön
141 318 43 20 hon
207 318 72 20 tillhör
301 318 68 21 skulle
392 320 52 24 göra
459 318 69 21 henne
543 324 46 15 mer
604 318 53 20 eller
672 318 83 20 mindre
770 317 87 27 lämplig
872 317 35 21 för

78 346 54 21 vissa
148 346 148 26 befattningar.
319 346 43 21 För
377 347 43 20 min
436 346 33 21 del
485 348 24 19 är
522 346 37 27 jag
574 346 72 21 derför
661 346 96 26 benägen
773 348 32 19 att
815 346 91 21 omfatta

77 375 245 21 utskottsbetänkandet.
354 375 60 21 Dock
429 375 106 21 erkänner
547 375 38 27 jag
600 377 33 19 att
648 375 67 26 några
729 374 24 22 af
761 375 26 21 de
797 374 106 27 synpunk-

78 406 33 19 ter
126 404 32 21 Hr
177 404 99 21 Lindelöf
288 404 116 21 framhållit
420 403 63 22 hafva
498 404 47 20 skäl
560 404 33 20 för
609 404 38 26 sig.
679 403 86 21 Liksom
781 403 32 21 Hr
828 403 76 21 Linde-

78 432 31 21 löf
126 435 44 18 tror
186 432 38 27 jag
242 433 35 20 det
291 432 47 21 icke
353 439 50 14 vore
419 432 103 27 lämpligt,
531 438 34 15 om
582 432 48 21 hela
645 432 53 21 eller
713 434 80 19 största
808 432 60 21 delen
884 431 24 21 af

79 461 193 27 lärarepersonalen
295 461 34 20 vid
352 463 31 19 ett
398 461 131 26 gosslyceum
545 461 52 21 eller
612 461 136 21 seminarium
764 460 33 21 för
813 460 93 27 manliga

78 490 145 21 seminarister
245 489 67 22 skulle
334 489 62 22 bestå
415 489 23 21 af
451 489 95 27 qvinnor.
578 490 66 21 Detta
659 495 51 15 vore
725 489 46 21 icke
787 489 96 26 lämpligt
899 489 6 20 i

79 519 132 26 disciplinärt
233 519 104 20 afseende.
369 518 30 27 Ty
422 518 61 21 äfven
500 525 34 14 om
550 525 26 14 en
591 519 109 20 lärarinna
712 517 39 22 har
767 517 71 22 hvilka
853 517 52 21 kun-

79 547 77 26 skaper
171 553 44 15 som
229 547 60 25 helst,
298 547 66 26 jemte
374 547 41 26 god
427 547 96 26 förmåga
533 549 32 19 att
577 547 147 26 upprätthålla
736 546 122 27 disciplinen
870 547 35 20 vid

79 576 175 26 undervisningen
263 576 28 26 på
297 576 90 23 klassen,
396 575 23 21 så
427 576 42 20 kan
477 582 49 15 man
533 576 46 21 icke
586 582 66 20 gerna
660 575 66 21 tänka
734 576 32 26 sig
773 577 32 19 att
811 575 36 21 det
855 581 51 15 vore

79 605 97 26 lämpligt
186 606 32 19 att
228 604 42 21 hon
281 605 6 20 i
298 604 105 27 egenskap
414 604 23 21 af
447 605 74 20 rektor
531 604 33 21 för
575 606 31 19 ett
617 605 82 26 lyceum
710 604 33 21 för
755 610 74 21 gossar
837 603 68 21 skulle

79 633 127 26 exempelvis
217 633 47 21 leda
274 639 25 15 en
310 633 121 26 disciplinär
447 633 159 27 undersökning
615 633 48 21 med
671 633 112 27 ynglingar
791 632 27 27 på
826 632 81 22 kanske

80 663 26 20 20
117 661 24 22 år
151 661 51 22 eller
218 661 126 26 derutöfver,
355 661 39 22 och
405 663 52 25 göra
467 662 36 21 det
513 662 7 21 i
531 664 85 25 spetsen
627 661 34 21 för
671 663 32 20 ett
713 661 192 26 lärarekollegium,

79 696 46 15 som
147 690 65 21 också
232 691 70 20 skulle
318 691 60 20 bestå
393 690 22 21 af
428 691 96 26 qvinnor.
555 691 66 20 Detta
636 697 51 14 vore
703 690 66 26 enligt
784 690 43 21 min
842 690 67 21 tanke

79 719 46 21 icke
145 719 102 27 lämpligt,
267 719 43 21 lika
325 719 47 21 litet
387 725 44 14 som
448 719 42 26 det,
507 719 65 27 enligt
588 719 56 21 hvad
659 719 43 21 alla
717 719 62 21 torde
794 718 111 27 medgifva,

79 754 51 15 vore
152 748 102 27 lämpligt,
270 754 33 15 om
326 748 40 21 den
382 750 97 19 närmare
495 747 99 28 tillsynen
610 747 60 22 öfver
686 747 124 26 disciplinen
826 747 7 21 i
847 747 60 21 flick-

78 777 99 21 skolorna
192 777 165 20 öfverlemnades
372 776 23 21 åt
410 777 91 26 manliga
516 777 75 21 lärare.
618 776 146 21 Grundsatsen
775 782 33 15 om
819 776 89 22 könens

78 805 135 21 likställande
231 805 7 20 i
253 805 27 21 all
296 807 43 23 ära,
355 805 39 21 har
410 805 54 21 dock
479 807 89 19 naturen
584 805 96 27 uppstält
696 805 55 21 vissa
767 807 86 24 gränser
874 805 34 21 för

79 834 47 21 dess
148 834 138 27 tillämpning,
310 834 72 21 hvilka
404 840 48 15 man
474 834 46 21 icke
539 834 39 21 bör
593 834 105 26 ignorera.
729 833 49 21 Men
794 833 7 21 i
816 835 91 20 motsats

78 862 31 21 till
135 863 31 20 Hr
189 863 99 20 Lindelöf
301 865 45 18 tror
358 863 38 26 jag
412 863 53 20 dock
481 863 46 20 icke
543 865 32 18 att
591 863 36 20 det
643 864 24 19 är
682 862 131 27 nödvändigt
829 864 31 19 att
877 863 30 20 af-

79 891 49 26 böja
143 891 117 26 petitionen
275 892 27 25 på
317 891 68 27 grund
401 891 22 21 af
437 892 62 20 dessa
514 891 177 27 betänkligheter.
723 891 40 26 Jag
778 891 76 21 tänker
865 891 44 26 mig

80 922 32 19 att
127 919 198 27 betänkligheterna
340 920 71 21 kunde
426 920 144 27 undanrödjas
581 926 76 20 genom
669 920 56 21 vissa
735 919 172 22 modifikationer

78 948 8 20 i
101 954 29 15 nu
145 949 98 25 gällande
258 949 88 26 skollag.
376 949 12 26 &
403 949 27 21 56
445 949 6 20 i
467 949 167 26 skolordningen
648 948 118 21 innehåller
777 949 129 20 bestämnin-

79 982 38 21 gar
140 982 33 15 om
195 977 73 21 hvilka
283 976 119 28 fordringar
416 977 53 21 böra
485 977 75 21 ställas
575 977 28 27 på
619 977 54 25 dem,
689 983 45 15 som
750 976 60 21 skola
826 977 82 21 erhålla

79 1005 79 21 lärare-
174 1005 40 21 och
229 1006 201 26 lärarinnetjenster.
461 1006 76 20 Denna
551 1006 12 27 $
579 1005 87 27 stadgar
681 1008 33 18 att
729 1005 7 21 i
751 1005 89 21 främsta
850 1012 57 14 rum-

79 1036 43 19 met
137 1034 127 26 skicklighet
280 1034 38 21 och
334 1034 101 21 fallenhet
450 1036 32 19 att
497 1034 114 21 undervisa
626 1034 55 21 skall
697 1034 61 26 afses,
775 1034 39 21 och
827 1036 23 19 är
861 1034 46 21 lek-

80 1062 110 27 torstjenst
207 1063 7 20 i
235 1062 66 27 fråga,
319 1063 24 21 så
358 1063 38 21 bör
412 1063 101 21 särskildt
528 1062 99 22 afseende
643 1063 66 21 fästas
724 1062 35 21 vid
775 1063 38 21 den
829 1063 78 21 sökan-

80 1092 37 20 des
133 1092 145 26 lärdomsgrad
294 1092 39 21 och
348 1091 83 27 utgifna
445 1092 61 20 lärda
521 1092 95 20 arbeten.
647 1092 68 20 Dessa
730 1091 157 27 bestämningar
899 1091 8 21 i

80 1120 164 27 skolordningen
261 1120 61 27 lägga
338 1120 7 21 i
360 1120 73 27 sjelfva
448 1120 75 21 verket
537 1120 85 27 mycket
638 1120 56 21 band
709 1120 28 26 på
752 1120 155 27 Skolöfversty-

80 1148 69 22 relsen
170 1149 36 20 vid
228 1149 168 27 läraretjensters
419 1149 132 26 besättande,
574 1149 7 21 i
604 1149 37 21 det
659 1150 32 20 att
707 1149 26 21 de
749 1148 74 28 ålägga
838 1149 71 21 henne

79 1178 33 20 att
133 1178 55 20 fästa
208 1177 100 22 afseende
323 1178 75 21 främst
412 1178 35 21 vid
463 1178 40 21 den
519 1179 48 20 rent
582 1178 145 26 pedagogiska
742 1177 108 27 förmågan
867 1177 41 21 och

80 1206 26 21 de
128 1206 116 21 teoretiska
264 1206 155 27 kunskaperna.
449 1206 88 22 Således
559 1206 68 21 skulle
653 1206 162 26 Skolstyrelsen,
838 1211 34 15 om
893 1206 15 26 &

79 1234 69 22 blefve
164 1235 134 24 oförändrad,
307 1235 76 21 medan
399 1235 103 27 qvinnans
517 1234 121 28 skyldighet
654 1236 32 20 att
697 1234 52 22 söka
759 1234 84 27 dispens
853 1240 56 21 upp-

79 1263 81 25 häfdes,
176 1263 7 21 i
198 1263 74 27 sjelfva
287 1264 73 21 verket
374 1264 65 21 hafva
453 1264 58 20 svårt
527 1266 33 19 att
574 1264 36 20 vid
625 1263 137 21 besättandet
774 1264 23 20 af
805 1262 101 28 skoltjen-

79 1294 44 19 ster
144 1294 49 24 taga
211 1292 81 27 hänsyn
307 1292 33 21 till
355 1292 80 21 sådana
449 1292 190 27 omständigheter,
655 1298 45 15 som
717 1292 126 27 exempelvis
858 1292 51 25 den,

78 1320 104 22 huruvida
197 1327 26 15 en
238 1326 87 21 persons
340 1321 43 21 kön
398 1321 42 21 kan
457 1322 53 26 göra
526 1321 69 21 henne
606 1321 83 21 mindre
701 1320 86 28 lämplig
800 1322 31 20 att
844 1320 65 21 vinna

79 1348 41 22 den
135 1355 40 15 ena
191 1349 53 21 eller
258 1350 66 20 andra
339 1349 169 27 läraretjensten.
538 1349 41 27 Jag
594 1351 47 19 tror
656 1349 71 21 derför
743 1351 32 19 att
790 1349 69 21 denna
873 1350 11 24 S
900 1349 9 21 i

78 1377 166 27 skolordningen
259 1378 61 21 torde
334 1378 92 22 behöfva
440 1378 95 27 undergä
549 1378 149 21 modifikation
715 1378 86 24 derhän,
820 1379 33 19 att
871 1378 39 20 det

78 1406 70 21 blefve
156 1406 83 28 möjligt
247 1406 32 22 för
287 1406 215 26 Skolöfverstyrelsen
511 1408 32 20 att
551 1407 56 21 fästa
615 1406 100 22 afseende
722 1406 36 22 vid
765 1406 90 22 berörda
861 1412 45 15 om
896 1402 12 36 -

78 1434 130 28 ständighet,
223 1435 25 21 sä
262 1437 32 19 att
308 1435 47 21 icke
376 1437 16 19 t.
408 1441 31 15 ex.
455 1435 198 27 lärarepersonalen
668 1435 7 21 i
690 1434 33 22 sin
738 1435 73 21 helhet
825 1434 36 22 vid
876 1436 31 20 ett

78 1463 131 28 gosslyceum
232 1464 68 21 blefve
322 1464 70 21 besatt
407 1464 48 21 med
471 1464 96 26 gvinnor,
582 1463 82 22 hvilket
679 1463 72 22 kunde
765 1463 91 26 inträffa,
873 1468 35 16 om

80 1491 71 22 denna
165 1491 98 28 petition,
278 1492 66 21 sädan
358 1491 113 22 Utskottet
490 1492 126 21 formulerat
635 1492 41 21 den
698 1491 69 22 blefve
795 1492 40 27 lag,
855 1493 54 19 utan

79 1521 32 20 att
126 1519 109 28 skollagen
258 1520 129 27 underginge
409 1520 70 27 någon
495 1520 154 22 modifikation.
679 1520 32 27 Ty
725 1521 7 20 i
744 1520 75 27 sjelfva
834 1520 77 21 verket.
