1106 1756
288 115 130 21 Fastighets-
430 115 40 16 och
481 114 213 21 inkomstbevillning.
840 109 39 20 329

86 194 142 26 Låntagaren,
252 194 98 25 rentiern,
374 194 40 20 den
437 200 45 14 som
502 193 40 21 har
557 194 136 20 uteslutande
709 194 31 21 sin
755 193 93 21 inkomst
863 194 47 20 från

86 229 27 15 en
129 224 41 20 viss
185 222 70 26 gifven
270 222 63 25 källa,
350 222 47 24 den,
413 222 63 21 hvars
492 222 92 20 inkomst
592 222 46 21 icke
654 222 96 21 varierar
765 222 39 21 och
815 222 32 21 till
858 222 52 21 hvil-

88 252 41 21 ken
152 251 119 21 inkomsten
294 250 94 27 tillflyter
410 251 48 21 med
476 250 188 27 regelbundenhet,
681 251 41 21 han
738 250 41 21 blir
794 252 75 20 endast
885 257 26 15 en

87 280 55 26 gång
165 280 119 22 beskattad,
301 286 46 14 men
372 280 45 24 den,
433 285 45 15 som
494 279 115 26 nedlägger
624 280 39 20 sitt
678 279 81 27 kapital
776 279 38 21 och
830 280 32 21 sin
877 286 34 14 ar-

87 308 144 26 betsförmåga
253 309 31 19 uti
307 310 30 18 ett
360 308 82 26 företag
464 307 23 21 af
506 308 84 20 hvilken
612 310 34 18 art
661 313 45 16 som
722 308 62 25 helst,
800 308 41 21 han
857 308 54 22 skall

87 336 73 22 betala
182 336 114 26 bevillning
318 336 34 22 för
373 337 32 21 sin
426 342 54 20 egen
498 336 93 21 inkomst
606 336 39 21 och
662 336 108 21 dessutom
786 337 53 21 skall
855 337 56 21 före-

87 367 59 24 taget
168 365 72 21 betala
260 371 82 15 samma
362 365 121 26 bevillning.
514 365 42 20 Det
572 366 24 20 är
611 365 64 21 redan
692 365 22 21 af
728 366 40 20 den
784 365 127 26 föregående

88 394 64 20 ärade
168 394 82 21 talaren
266 393 126 23 framhållet,
408 394 102 20 hurusom
525 393 195 27 företagsamheten
735 396 15 18 t.
766 400 32 14 ex.
814 394 33 21 vid
859 400 52 20 upp-

88 422 101 21 odlandet
204 422 22 21 af
238 422 48 26 jord
302 422 68 21 skulle
383 422 94 21 medföra
496 422 90 21 förökad
597 422 59 21 skatt
668 422 40 21 och
718 422 90 21 sålunda
817 422 7 21 i
834 422 77 26 många

87 450 38 22 fall
147 451 72 21 kunna
239 451 110 20 förhindra
365 452 30 20 ett
410 451 24 21 så
450 450 223 21 eftersträfvansvärdt
689 451 48 26 mål,
752 457 45 14 som
811 451 100 26 jordbru-

88 479 47 22 kets
158 479 121 26 utveckling
294 479 6 20 i
316 479 46 21 vårt
377 479 55 21 land.
462 479 86 22 Samma
564 479 36 21 fall
615 485 50 15 vore
681 479 36 21 det
732 479 40 21 ock
787 479 48 21 med
850 479 61 22 indu-

88 509 73 20 striela
184 508 148 25 inrättningar;
356 509 23 20 så
402 509 60 20 snart
479 514 49 15 man
544 508 68 21 skulle
628 507 88 27 utvidga
731 514 26 15 en
772 508 64 27 dylik,
852 510 59 19 strax

88 537 68 20 skulle
179 537 85 20 skatten
287 536 57 21 ökas.
375 537 41 26 Jag
438 537 42 20 kan
504 536 89 21 sålunda
615 537 47 20 icke
677 537 114 20 instämma
806 537 5 20 i
828 539 32 18 att
875 537 36 20 det

88 571 50 15 vore
161 565 23 21 så
206 565 129 26 nödvändigt
350 567 32 19 att
397 565 101 21 förändra
514 565 36 21 det
566 565 89 26 tidigare
670 565 98 26 gällande
784 565 127 27 stadgandet

88 593 108 26 angående
218 593 206 27 inkomstbevillning
446 595 32 20 att
500 600 49 14 man
572 593 67 21 skulle
655 594 95 21 beräkna
765 594 31 21 sin
811 594 100 23 inkomst,

89 622 101 21 inclusive
201 622 107 21 dividend-
325 622 39 21 och
375 623 167 26 vinstutdelning
552 623 31 20 uti
594 623 66 20 aktie-
674 622 39 21 och
726 622 121 27 bankbolag
860 622 51 21 eller

90 651 67 20 andra
179 651 69 26 bolag,
265 651 87 21 likasom
367 651 35 26 jag
417 651 47 21 icke
479 653 46 18 tror
540 653 33 18 att
588 651 36 20 det
640 651 68 21 skulle
724 651 64 21 blifva
804 651 107 26 uppvägdt

88 685 76 20 genom
186 681 32 19 att
233 679 66 21 aktie-
318 679 38 22 och
373 679 121 27 bankbolag
510 679 68 21 skulle
593 679 21 21 få
629 679 89 27 afdraga
732 680 12 21 5
760 680 27 26 ?/,
803 679 12 22 å
830 680 36 20 det
881 680 30 20 in-

89 708 82 21 betalta
186 708 167 27 aktiekapitalet.
376 708 91 27 Specielt
483 709 109 25 angående
608 708 36 21 det
659 710 84 19 senaste
759 709 35 20 vill
807 708 36 27 jag
856 708 55 21 fästa

88 737 26 20 R.
138 743 18 14 o.
180 737 36 20 A:s
238 737 188 26 uppmärksamhet
441 737 41 26 vid,
499 737 55 20 huru
569 737 47 20 litet
632 737 84 20 rättvist
732 739 31 19 ett
778 737 76 21 sådant
869 736 42 21 för-

88 765 88 21 farande
191 771 55 15 vore.
277 765 31 21 De
324 765 36 21 två
374 767 80 20 största
469 765 96 21 enskilda
581 765 109 21 bankerna
706 765 6 21 i
727 765 47 21 vårt
789 765 57 26 land,
859 765 52 21 För-

89 794 157 26 eningsbanken
270 794 38 21 och
330 794 105 21 Nordiska
456 794 155 26 Aktiebanken,
628 794 64 21 hafva
706 793 88 28 ungefär
810 794 43 21 lika
867 796 45 19 stor

89 823 80 20 rörelse
192 822 38 21 och
246 823 88 26 ungefär
351 823 42 20 lika
409 825 55 19 stort
480 823 92 20 samladt
586 823 89 26 kapital,
691 829 47 14 men
755 822 118 21 emellertid
888 824 24 19 är

90 851 74 26 sjelfva
178 851 162 26 aktiekapitalet
358 851 3 21 i
376 851 203 27 Föreningsbanken
595 851 13 21 3
623 851 98 27 miljoner
736 851 39 21 och
787 852 7 20 i
806 851 106 21 Nordiska

90 879 83 22 banken
189 880 12 21 8
217 879 101 27 miljoner.
341 879 31 22 På
387 886 25 15 en
428 881 86 23 rörelse,
531 886 45 15 som
591 880 66 21 borde
674 880 84 21 afkasta
774 880 43 21 lika
828 879 85 27 mycket

90 908 39 21 och
145 915 45 14 som
206 910 23 19 är
244 908 23 21 af
280 915 81 14 samma
376 909 91 26 omfång,
483 909 32 20 får
531 909 40 20 den
586 915 40 14 ena
641 908 89 26 afdraga
747 909 89 26 150,00)
852 908 60 21 mark

90 937 39 21 och
145 937 40 20 den
200 937 66 21 andra
282 937 91 26 400,000
388 937 66 22 mark.

159 965 75 25 Sedan,
251 965 33 21 för
299 968 32 18 att
346 966 85 21 komma
446 966 32 20 till
495 966 25 20 de
536 966 68 20 skilda
621 966 151 26 paragraferna
787 966 6 20 i
804 965 108 27 förslaget,

89 992 67 22 finnes
172 994 5 20 i
194 994 10 26 $
220 994 12 20 3
249 1000 61 14 mom.
328 1000 9 15 c
353 995 99 26 stadgadt
468 996 33 19 att
515 994 228 26 fastighetsbevillning
758 994 95 26 erlägges
866 994 47 20 icke

90 1021 23 22 af
127 1028 74 22 ,egare
216 1022 23 21 af
252 1022 71 26 kanal,
337 1023 94 27 jernväg,
447 1030 69 14 annan
532 1025 46 24 väg,
595 1022 41 21 far-
654 1022 38 22 och
708 1022 82 22 flottled
806 1024 55 19 samt
878 1022 34 26 kaj

90 1050 40 22 och
152 1051 80 25 hamn",
254 1057 48 15 men
324 1052 65 26 enligt
411 1052 13 28 &
447 1053 13 20 5
483 1058 62 14 mom.
568 1051 6 21 f
591 1051 54 21 skall
661 1058 63 20 egare
739 1052 23 20 af
775 1051 138 27 lastageplats

90 1079 72 21 betala
184 1079 233 28 fastighetsbevillning.
448 1080 62 21 Huru
532 1080 36 20 det
589 1086 28 15 nu
632 1080 6 20 i
654 1080 113 26 praktiken
782 1080 54 21 skall
851 1082 62 24 göras

90 1108 83 21 skilnad
188 1108 78 21 mellan
281 1108 33 27 kaj
331 1109 39 21 och
386 1109 144 27 lastageplats,
547 1109 35 21 det
598 1110 35 19 vet
646 1108 36 27 jag
697 1109 53 23 icke,
766 1115 47 15 men
826 1114 25 15 ur
861 1114 52 20 egen

91 1136 121 22 erfarenhet
226 1140 34 18 vet
274 1137 36 27 jag
326 1140 32 18 att
373 1138 35 20 det
424 1138 66 20 finnes
506 1138 191 26 stadskommuner,
713 1144 45 14 som
773 1137 75 27 päföra
863 1142 50 21 gan-

91 1166 39 20 ska
144 1168 59 18 stora
218 1166 110 26 utskylder
342 1166 33 21 för
389 1166 146 26 lastageplats,
551 1172 45 15 som
612 1172 49 14 man
676 1166 136 21 uteslutande
822 1165 33 21 för
866 1166 47 25 eget

90 1194 66 21 behof
177 1194 105 27 anlägger.
312 1195 42 27 Jag
376 1197 45 19 tror
436 1194 90 22 sälunda
541 1196 32 20 att
589 1195 160 33 ylastageplats*
764 1201 65 20 gerna
843 1194 70 20 kunde

90 1222 72 27 flyttas
178 1223 33 21 till
233 1224 4 25 $
260 1223 6 21 3
282 1230 62 14 mom.
360 1230 16 14 c.
392 1224 40 20 och
448 1224 111 25 borttagas
575 1230 25 14 ur
615 1229 63 15 mom.
696 1223 10 21 f
722 1223 59 27 i$
764 1218 27 36 5.
809 1223 8 27 $
833 1223 8 21 5
852 1228 62 14 mom.

91 1250 10 22 f
113 1251 119 21 innehåller
246 1252 72 21 vidare
334 1254 32 19 att
382 1252 68 21 såsom
466 1252 43 21 fast
524 1253 103 25 egendom
643 1252 54 21 skall
713 1252 126 26 uppskattas
854 1250 61 27 ,med

91 1279 128 27 fastigheten
234 1280 101 22 förenade
351 1280 105 22 särskilda
471 1280 107 22 förmäner
589 1280 70 22 säsom
671 1280 53 22 fiske
736 1280 38 21 och
785 1279 129 22 vattenfall*.

91 1308 37 20 Ett
148 1308 111 22 vattenfall
282 1311 23 19 är
328 1309 69 21 säsom
413 1309 77 21 sädant
505 1310 119 26 egentligen
639 1310 54 20 intet
707 1310 69 26 värdt,
792 1310 52 20 utan
859 1308 56 20 blott

91 1336 69 21 sävidt
176 1337 35 20 det
227 1338 151 26 tillgodogöres
394 1337 34 21 för
442 1338 121 20 industrielt
578 1337 70 21 behof.
680 1338 40 26 Jag
735 1340 45 18 tror
795 1337 47 21 icke
857 1336 36 21 det
907 1336 8 20 i

90 1364 48 22 värt
152 1365 50 21 land
218 1365 66 22 finnes
300 1366 68 27 nägon
384 1366 124 26 kompetent
523 1372 83 21 person,
622 1372 46 15 som
684 1366 68 22 skulle
768 1366 63 26 ätaga
841 1366 32 25 sig
883 1366 32 19 att

92 1394 89 20 värdera
204 1396 31 19 ett
250 1394 117 24 vattenfall,
383 1397 22 25 ty
420 1396 76 20 värdet
510 1395 24 21 af
547 1397 31 19 ett
594 1395 76 21 sädant
685 1396 25 20 är
725 1395 23 21 sä
764 1394 101 22 oerhördt
879 1399 36 15 va-

90 1422 107 26 rierande;
214 1423 36 21 det
265 1423 62 21 beror
338 1423 27 27 pä
375 1423 363 26 kommunikationsförhällandena,
757 1423 27 27 pä
795 1424 119 24 terrängen,

90 1451 23 21 af
126 1435 115 47 tillgången
256 1452 28 26 på
299 1452 159 26 arbetskrafter,
475 1452 28 26 på
519 1451 178 27 öfverbyggarens
714 1440 43 32 rätt
770 1452 31 21 till
813 1451 52 21 fiske
876 1449 39 21 och

92 1480 104 25 stränder,
211 1480 27 26 på
253 1480 122 26 kungsådra
390 1486 19 15 o.
426 1487 15 14 s.
456 1487 24 19 v.,
497 1480 24 21 sä
537 1482 32 19 att
585 1482 31 19 ett
633 1480 110 21 vattenfall
759 1480 7 21 i
782 1480 38 21 och
836 1479 33 21 för
885 1479 30 26 sig

90 1507 48 21 icke
159 1507 43 22 kan
224 1496 91 33 taxeras.
345 1504 59 36 Skall
426 1497 116 38 nägonting
561 1508 50 27 ingä
626 1515 34 14 om
676 1509 111 21 vattenfall
802 1510 6 20 i
824 1507 92 22 berörda
