1106 1759
416 119 200 34 Folkhögskolorna.
860 121 41 21 509

174 207 32 21 Hr
228 207 227 21 Wallensköld:
479 208 38 20 Att
539 208 30 20 uti
585 208 51 20 flere
652 207 115 27 petitioner
782 206 100 21 anhållits
897 212 34 15 om

105 236 173 21 statsunderstöd
301 236 33 21 för
341 230 8 37 '
357 236 83 21 landets
455 236 162 26 folkhögskolor
632 236 64 21 beror
712 236 27 26 pä
754 238 33 18 att
802 236 61 20 dessa
878 234 54 21 folk-

105 264 117 26 högskolor
244 264 68 22 under
334 264 50 22 flere
408 264 23 22 år
450 264 63 22 hafva
529 265 46 21 haft
590 267 33 19 att
637 265 79 26 kämpa
732 264 47 21 med
795 263 138 21 ekonomiska

105 292 133 27 svårigheter
260 293 32 21 för
314 295 34 19 att
368 293 72 21 kunna
454 293 59 21 hålla
527 294 32 26 sig
575 300 62 20 uppe.
669 293 65 21 Detta
749 293 61 21 torde
825 298 52 15 vara
892 292 40 20 den

104 321 58 21 enda
184 322 70 24 orsak,
278 322 86 20 hvarför
386 328 47 15 man
457 328 29 15 nu
507 322 48 21 sökt
571 322 137 26 statsbidrag,
723 321 116 27 ingalunda
853 321 33 21 för
901 322 32 19 att

106 350 28 27 på
158 350 64 27 något
241 352 44 19 sätt
300 350 121 27 derigenom
437 351 64 21 ställa
517 351 61 21 dessa
593 350 162 28 folkhögskolor
770 350 67 20 under
853 351 80 19 statens

105 378 103 22 kontroll.
238 378 41 27 Jag
294 381 24 19 är
334 379 33 21 för
382 382 70 18 resten
468 379 33 21 för
517 380 42 20 min
575 380 33 20 del
625 380 49 26 böjd
691 379 33 21 för
739 381 32 19 att
786 384 51 15 anse
853 380 31 18 att
898 378 35 20 det

107 413 51 15 vore
174 408 128 26 lämpligast,
318 414 34 14 om
368 410 31 18 ett
414 408 44 20 lika
470 411 55 18 stort
537 408 130 27 statsbidrag
677 408 71 20 kunde
758 407 68 27 gifvas
837 407 22 20 åt
869 408 64 19 samt-

107 436 43 26 liga
165 436 83 21 landets
268 436 166 27 folkhögskolor,
454 437 27 26 på
497 437 40 21 den
553 437 68 26 grund
638 439 32 19 att
687 443 47 15 man
751 436 45 21 icke
811 435 24 21 så
850 435 84 27 mycket

107 464 67 22 borde
197 465 131 21 understöda
352 465 39 21 den
414 466 96 20 enskilda
531 465 172 27 folkhögskolan,
719 471 45 14 som
781 464 57 21 öfver
855 463 79 21 hufvud

107 493 256 27 folkhögskoleväsendet,
380 494 38 21 och
439 494 27 27 på
482 494 40 21 den
537 494 68 26 grund
621 494 23 22 af
657 496 38 24 att,
713 500 33 14 om
761 493 63 21 också
840 500 24 13 en
880 492 53 21 folk-

108 522 105 27 högskola
236 522 70 21 kunde
328 522 64 21 blifva
408 523 5 20 i
430 523 134 21 ekonomiskt
579 523 101 21 afseende
696 522 70 21 bättre
782 522 68 21 lottad
866 523 26 19 än
909 527 25 15 en

108 557 70 15 annan
196 552 120 25 derigenom
333 553 32 19 att
380 552 40 20 den
437 552 46 20 haft
498 554 32 18 att
546 552 67 20 räkna
628 552 27 26 på
668 551 97 21 enskilda
775 551 76 26 bidrag
863 550 6 20 i
881 550 53 21 form

108 579 24 21 af
153 579 126 22 donationer
302 580 39 21 och
364 580 72 27 dylikt,
461 581 36 20 det
519 580 64 21 likväl
607 580 156 26 otvifvelaktigt
785 579 68 21 skulle
871 578 64 21 lända

108 608 83 27 sjelfva
214 608 66 21 saken
300 609 32 21 till
348 608 96 25 fromma,
461 615 33 14 om
511 615 24 15 en
552 609 51 21 eller
619 615 69 15 annan
704 608 148 26 folkhögskola
867 607 68 21 skulle

109 636 65 21 hafva
190 643 24 15 en
232 639 68 19 större
316 644 82 14 summa
413 640 32 18 att
462 638 114 26 disponera
592 638 64 25 öfver,
673 637 27 21 då
711 638 40 20 den
761 637 23 26 ju
797 639 14 19 t.
822 643 32 14 ex.
866 636 69 20 kunde

109 666 99 20 använda
232 666 140 21 öfverskottet
394 666 33 21 till
449 668 32 19 att
497 666 67 21 skaffa
579 672 40 21 nya
635 666 158 22 lärarekrafter,
809 665 32 21 till
857 667 31 18 att
903 665 32 20 in-

109 694 48 21 föra
173 694 65 27 något
252 697 48 25 nytt
315 695 96 26 lämpligt
426 697 68 23 ämne,
511 695 52 21 eller
576 695 65 21 också
652 696 62 25 lägga
725 694 140 21 öfverskottet
876 693 59 21 åsido

110 723 71 21 såsom
197 724 67 25 grund
281 723 33 21 för
330 723 105 21 blifvande
451 723 168 27 folkhögskolor.
651 724 32 20 Då
700 723 117 21 emellertid
829 722 106 26 majorite-

111 753 36 19 ten
170 752 56 21 inom
251 751 111 22 Utskottet
384 758 37 15 var
443 752 23 21 af
487 752 39 21 den
543 752 55 26 åsigt
613 755 32 19 att
661 752 36 21 det
713 752 46 21 icke
774 758 50 14 vore
840 750 96 27 lämpligt

110 782 34 19 att
166 781 26 25 på
214 780 64 26 något
300 783 43 18 sätt
362 781 115 21 inskränka
499 781 120 27 Styrelsens
641 780 128 27 befogenhet
787 780 6 20 i
809 780 99 21 afseende
924 778 13 22 å

112 808 152 27 dispositionen
288 809 46 21 utaf
355 809 61 21 dessa
436 810 157 25 subventioner,
613 810 22 20 så
651 810 80 26 yrkade
745 809 36 27 jag
797 809 33 21 för
845 808 42 22 min
903 808 33 20 del

111 837 47 21 icke
179 838 68 20 heller
270 838 106 21 bestämdt
399 838 26 26 pä
448 840 33 19 att
503 838 64 26 något
587 838 102 21 särskildt
707 838 91 21 rörande
815 838 68 20 denna
898 836 39 21 såk

112 866 69 21 skulle
198 868 61 26 sägas
274 867 7 21 i
298 866 74 28 sjelfva
387 867 113 24 klämmen,
517 866 52 22 eller
583 869 33 19 att
633 867 114 27 någonting
758 866 100 22 liknande
869 865 68 22 skulie

111 896 81 20 uttalas
212 897 179 26 reservationsvis,
410 898 50 19 utan
475 902 38 15 var
529 896 60 21 äfven
603 896 38 27 jag
656 896 48 21 med
721 902 33 15 om
770 898 33 19 att
817 896 7 21 i
839 902 25 14 en
881 894 57 27 dylik

111 924 80 20 allmän
215 924 57 21 kläm
292 924 86 21 anhålla
393 932 34 14 om
443 925 131 26 statsbidrag
589 925 33 21 för
637 925 197 26 folkhögskolorna.
864 924 75 20 Denna

112 952 58 22 kläm
194 954 24 20 är
234 953 118 21 emellertid
370 960 28 14 nu
414 954 24 20 så
453 954 86 24 allmän,
555 953 27 21 då
598 954 36 20 det
649 956 62 24 säges
726 956 32 18 att
773 954 69 20 denna
857 958 82 15 summa

112 981 24 21 af
157 982 78 26 90,000
255 982 59 21 mark
330 982 68 21 skulle
413 982 108 21 användas
537 982 32 21 till
585 982 63 27 årligt
663 982 76 26 bidrag
753 982 33 21 för
801 981 139 27 folkhögsko-

112 1010 68 24 lorna,
201 1012 32 19 att
250 1010 37 27 jag
310 1011 46 21 icke
372 1010 27 28 på
414 1011 65 27 något
495 1013 43 19 sätt
553 1011 41 21 kan
611 1011 56 21 finna
683 1011 36 21 det
734 1011 73 27 nödigt
823 1012 32 19 att
870 1010 69 20 införa

113 1044 27 15 en
163 1039 66 21 sådan
251 1040 131 25 restriktion,
400 1046 46 14 som
462 1040 32 20 Hr
509 1040 71 20 Antell
597 1039 116 27 föreslagit.
744 1040 41 20 Det
800 1041 24 19 är
837 1039 24 26 ju
877 1038 62 21 äfven

113 1066 28 28 på
163 1068 67 26 grund
254 1068 23 20 af
298 1068 40 21 den
359 1068 122 22 nuvarande
497 1068 140 27 stiliseringen
653 1068 24 21 af
690 1068 106 21 klämmen
812 1067 129 26 fullkomligt

114 1096 83 26 möjligt
219 1096 33 21 för
274 1096 107 28 Styrelsen
397 1099 32 19 att
444 1099 51 24 taga
510 1097 6 21 i
532 1097 141 21 betraktande
689 1097 27 21 de
732 1097 96 21 enskilda
843 1096 98 26 folkhög-

113 1124 113 22 skolornas
242 1125 140 21 ekonomiska
400 1126 47 26 läge
463 1126 34 20 vid
513 1125 161 27 bortgifvandet
689 1126 23 20 af
726 1126 62 21 dessa
803 1125 137 26 statsbidrag,

114 1153 40 21 och
177 1154 33 20 fär
229 1154 37 27 jag
288 1154 34 21 för
344 1154 40 21 den
408 1154 55 21 skull
486 1154 87 21 anhälla
594 1157 33 18 att
647 1154 153 21 betänkandets
815 1154 58 20 kläm
888 1155 53 19 utan

114 1182 74 21 vidare
204 1183 67 20 mätte
287 1183 123 26 godkännas
426 1183 23 21 af
463 1183 36 21 det
514 1183 121 27 Höglofliga
650 1183 95 21 Ständet.

184 1268 32 20 Hr
240 1268 26 21 K.
290 1269 116 21 Antell:
429 1269 42 25 Jag
489 1269 37 20 vill
542 1269 115 26 ingalunda
673 1268 97 27 förlänga
785 1268 156 22 diskussionen.

116 1296 70 21 Saken
202 1298 25 20 är
242 1297 107 21 dessutom
366 1298 6 20 i
388 1298 69 20 denna
473 1297 34 21 del
523 1298 22 20 af
559 1298 81 20 mindre
656 1298 50 26 vigt.
730 1297 32 21 Dä
775 1298 23 26 ju
814 1297 43 21 alla
867 1297 74 25 talare,

116 1331 45 15 som
184 1325 39 21 här
245 1326 108 26 uppträdt,
376 1326 55 20 varit
452 1332 49 14 ense
518 1332 34 15 om
568 1328 33 19 att
616 1328 31 19 ett
663 1326 74 26 anslag
753 1326 22 21 af
789 1326 77 26 90,000
881 1325 61 21 mark

116 1353 34 21 för
173 1356 63 19 nästa
259 1354 143 27 finansperiod
418 1354 68 21 skulle
502 1354 96 26 beviljas,
615 1354 23 21 sä
654 1361 50 14 vore
721 1355 35 20 det
771 1354 22 22 af
807 1354 82 21 mindre
905 1356 37 18 vä-

116 1382 78 26 sentlig
218 1382 115 27 betydelse,
356 1389 34 15 om
413 1383 107 21 klämmen
544 1383 68 21 hälles
635 1390 44 14 mer
701 1383 85 26 allmän,
809 1382 70 22 säsom
902 1382 40 21 Ut-

117 1410 81 22 skottet
222 1411 96 27 föreslär,
341 1412 52 20 eller
416 1418 45 14 mer
476 1412 128 26 preciserad,
621 1412 70 20 säsom
705 1412 36 26 jag
755 1412 116 26 föreslagit.
902 1411 41 26 Jag

117 1439 36 21 vill
177 1439 83 27 päpeka
283 1440 57 21 blott
354 1446 26 15 en
396 1440 167 27 omständighet:
580 1446 34 15 om
630 1447 28 14 nu
674 1440 121 21 Utskottets
810 1440 58 20 kläm
883 1441 60 19 anta-

117 1474 43 20 ges,
177 1468 39 20 och
232 1474 34 15 om
283 1469 37 20 det
336 1469 64 20 sedan
415 1468 69 22 skulle
500 1469 85 21 inträffa
600 1470 33 20 att
648 1468 108 28 Styrelsen
767 1469 46 20 icke
823 1468 68 21 skulle
903 1468 43 20 för-

118 1496 48 20 dela
182 1497 98 26 anslaget
292 1497 75 26 jemnt,
383 1497 27 26 pä
425 1497 43 21 alla
484 1497 195 27 folkhögskolorna,
696 1499 51 19 utan
764 1497 67 21 skulle
847 1496 58 21 finna
915 1496 32 26 sig

117 1524 121 22 föranläten
263 1527 33 19 att
318 1527 52 25 göra
393 1526 66 26 nägra
481 1526 114 20 afvikelser
617 1526 47 20 frän
687 1532 26 14 en
734 1526 58 26 jemn
815 1525 92 27 delning,
923 1524 24 22 sä
