1106 1759
222 107 40 21 328
465 114 25 16 R.
503 118 18 12 o.
533 114 23 16 A.
570 114 57 17 1894.
651 114 13 16 5
675 113 62 17 Mars.

192 198 26 16 en
234 192 53 24 sista
302 198 82 16 ressurs
399 194 50 26 taga
464 193 85 21 ettdera
563 193 24 21 af
601 193 62 21 dessa
678 195 76 19 tvänne
770 193 57 21 onda
841 192 52 27 ting,
909 192 28 21 dä
947 192 68 25 hellre

192 220 113 28 föredraga
327 222 33 20 för
380 222 243 26 jordbruksfastigheter
647 222 74 21 endast
743 221 176 27 fastighetsskatt.
952 220 65 21 Detta

192 256 50 14 vore
258 250 33 20 för
306 250 63 26 öfrigt
384 250 61 27 ingen
457 251 109 21 orättvisa.
589 250 50 21 Man
649 250 69 22 skulle
731 250 88 21 sälunda
829 250 114 26 jemnsides
953 248 63 22 hafva

192 278 55 21 både
269 278 121 27 fastighets-
412 279 39 21 och
469 279 214 27 inkomstbevillning,
698 278 227 27 fastighetsbevillning
941 278 32 21 för
987 276 28 22 all

192 306 101 27 fastighet
316 307 132 27 (jordbruks-
471 308 52 21 eller
543 308 175 26 stadsfastighet),
741 307 72 21 dervid
830 307 25 21 de
871 307 6 21 i
892 307 48 21 nåd.
956 312 59 21 prop.

192 334 121 28 föreslagna
337 338 95 19 satserna
455 336 71 21 kunde
547 342 62 16 anses
633 336 86 26 skäliga,
740 338 55 18 samt
809 335 208 26 inkomstbevillning

192 363 34 21 för
249 364 29 21 all
300 370 70 15 annan
393 365 101 21 inkomst:
511 364 47 22 frän
574 366 68 23 ränta,
658 365 41 27 lön,
715 364 94 27 pension,
825 364 85 26 arvode,
926 362 90 22 industri

192 392 52 21 eller
258 392 53 22 affär
326 400 26 14 m.
367 400 35 19 m.,
418 394 59 20 detta
493 393 58 21 säväl
567 394 27 26 pä
609 394 72 20 landet
699 400 44 14 som
760 393 6 21 i
781 393 54 21 stad.
865 392 40 27 Jag
920 392 39 21 bar
983 392 33 21 til-

192 421 48 21 lätit
262 422 42 26 mig
326 423 32 19 att
380 422 113 21 framhälla
515 422 63 21 dessa
601 422 130 26 synpunkter
751 422 6 20 i
773 422 40 20 den
829 421 140 27 förhoppning
984 422 33 20 att

191 450 241 26 Bevillningsutskottet,
449 451 48 21 med
513 450 102 22 särskildt
631 451 119 21 beaktande
765 450 23 21 af
803 450 40 21 den
856 452 58 18 stora
924 450 43 26 vigt
980 449 35 21 det

191 478 67 27 ligger
280 478 28 27 pä
331 480 31 20 att
381 479 212 26 jordbruksrörelsen
616 480 46 20 icke
685 479 34 21 mä
734 479 64 21 blifva
813 480 68 20 utsatt
896 478 33 21 för
944 477 72 27 obillig

192 507 142 27 beskattning,
351 507 34 21 mä
400 510 49 24 taga
465 508 62 21 dessa
543 508 130 26 synpunkter
688 508 7 20 i
711 508 91 26 benäget
818 506 161 28 öfvervägande.

260 565 32 21 Hr
314 571 40 15 von
377 565 146 21 Frenckell:
553 565 70 21 Jemte
645 566 36 20 det
693 566 37 26 jag
746 565 47 21 med
809 564 126 27 föregäende
951 564 64 21 ärade

192 593 68 21 talare
275 593 129 27 fullkomligt
419 594 200 21 öfverensstämmer
639 594 50 24 deri,
706 596 33 19 att
751 594 37 26 jag
803 594 47 20 icke
865 593 41 21 kan
918 592 100 22 betrakta

192 622 40 21 den
256 628 28 14 nu
305 623 146 25 proponerade
472 623 85 21 skatten
573 629 45 15 som
635 629 25 15 en
676 622 86 27 lämplig
778 622 158 26 supplementär
951 621 64 26 skatt,

191 653 52 19 utan
266 650 69 22 säsom
358 657 26 15 en
406 651 163 27 nödfallsutväg,
591 652 40 20 kan
645 652 36 26 jag
696 652 45 20 icke
757 650 71 26 undgä
843 652 32 19 att
889 650 69 21 uttala
973 650 43 20 min

191 679 110 27 förväning
324 679 58 21 öfver
403 680 39 21 den
465 680 54 21 brist
542 680 28 26 pä
591 680 131 26 konsegvens
738 679 39 21 och
793 682 15 18 t.
825 686 19 14 o.
860 685 27 15 m.
904 679 25 21 de
945 680 70 19 orätta

191 708 112 26 principer,
319 708 54 21 ifrän
389 708 71 22 hvilka
476 715 48 15 man
539 708 73 27 utgätt
630 709 34 20 vid
675 708 154 27 upprättandet
840 707 23 21 af
871 706 145 28 föreliggande

191 736 80 27 förslag
294 736 31 21 till
341 736 130 28 förordning.
502 737 75 21 Denna
595 737 153 27 inkonsegvens
763 736 102 21 framstår
879 736 75 21 främst
969 735 46 21 der-

191 765 95 26 utinnan,
309 767 32 19 att
364 766 36 21 det
422 765 53 22 först
497 766 85 21 anföres
605 768 32 18 att
657 766 35 21 det
707 766 46 20 icke
769 767 24 19 är
808 765 109 25 meningen
934 766 31 19 att
980 764 36 20 be-

190 794 73 20 skatta
286 794 110 26 kapitalet,
412 796 57 19 'utan
484 796 32 19 att
531 794 105 27 kapitalet
650 794 28 26 pä
693 794 124 27 lämpligare
832 795 43 19 sätt
890 793 126 21 annorledes

190 822 43 21 kan
249 822 115 26 beskattas,
382 822 39 22 och
436 823 66 21 sedan
516 824 115 20 motiveras
647 829 25 15 en
688 823 33 21 del
737 822 23 21 af
774 822 163 27 paragrafernas
951 822 7 20 i
973 821 44 21 för-

190 851 117 26 ordningen
330 851 99 26 innehäll,
453 852 44 20 dels
519 852 87 21 dermed
622 853 31 19 att
669 851 91 26 tidigare
776 851 143 25 anordningar
933 850 82 26 möjlig-

190 879 56 27 gjort
268 879 181 27 undandöljandet
471 880 22 21 af
515 880 106 22 enskildes
644 880 94 26 verkliga
753 879 154 27 förmögenhet,
924 878 44 22 dels
984 880 33 19 att

190 908 41 20 den
254 910 70 19 större
340 908 93 21 samlade
448 909 175 25 förmögenheten
643 908 125 26 undandrog
784 908 31 26 sig
831 908 74 20 rättvis
921 907 95 21 beskatt-

190 936 50 26 ning.
277 936 43 21 Det
340 936 38 21 har
394 936 89 22 sälunda
499 938 87 20 erkänts
601 938 6 20 i
623 937 80 27 princip
719 939 32 19 att
767 936 103 27 kapitalet
886 936 45 21 icke
947 935 70 21 skulle

189 964 118 26 beskattas,
324 968 51 18 utan
391 966 162 26 ärsinkomsten,
570 966 39 21 och
625 966 6 20 i
647 966 112 26 praktiken
775 965 39 21 har
824 971 49 15 man
884 964 56 21 velat
951 964 65 26 omöj-

190 992 84 28 liggöra
282 994 181 26 undandöljandet
473 994 23 21 af
503 994 147 27 förmögenhet
661 994 57 25 eller,
729 995 20 20 vi
761 994 60 21 skola
832 995 51 25 säga
894 993 121 27 lindrigare,

190 1022 144 21 insamlandet
349 1022 23 21 af
386 1023 81 26 kapital
484 1026 50 18 utan
551 1025 32 19 att
596 1023 201 26 taxeringskomitön
809 1022 73 21 derom
895 1022 39 20 har
946 1021 70 27 någon

189 1050 71 27 aning.
292 1051 80 21 Vidare
388 1051 67 21 finnes
470 1052 35 20 det
521 1052 94 21 uttaladt
631 1051 69 21 såsom
719 1058 25 14 en
760 1051 81 27 princip
857 1052 32 20 att
903 1049 76 22 förlust
994 1049 24 21 af

188 1078 84 27 kapital
288 1079 47 21 icke
351 1080 65 20 borde
432 1080 107 26 berättiga
558 1080 33 21 till
607 1080 74 27 afdrag
695 1080 48 21 från
758 1080 127 20 inkomsten.
915 1078 101 21 Emeller-

189 1108 31 20 tid
243 1107 69 22 finnes
328 1108 35 21 det
378 1108 7 21 i
400 1108 47 22 vårt
463 1109 55 26 land,
535 1109 69 21 såsom
621 1115 48 15 man
684 1111 41 23 vet,
742 1109 90 20 likasom
847 1108 7 20 i
870 1108 42 20 alla
927 1107 89 21 civilise-

189 1136 52 21 rade
258 1136 81 27 länder,
361 1136 88 27 företag,
465 1144 45 14 som
526 1138 79 21 handla
620 1138 47 20 med
683 1137 88 27 kapital,
786 1136 115 26 bankerna,
917 1136 31 20 uti
963 1135 53 21 hvil-

188 1164 41 22 kas
252 1165 81 21 rörelse
356 1165 36 21 det
414 1166 143 21 förekommer
580 1172 45 15 som
647 1166 56 26 regel
726 1168 33 19 att
775 1165 97 21 utlånadt
887 1164 81 27 kapital
983 1163 33 21 till

188 1193 43 21 viss
246 1194 53 26 grad
316 1194 90 21 förloras
422 1195 67 21 under
504 1195 53 25 året,
573 1194 40 22 och
631 1196 23 19 är
667 1195 36 21 det
710 1194 45 27 just
766 1194 73 21 härför
849 1200 45 14 som
907 1192 110 22 bankerna

188 1221 59 21 hålla
270 1222 24 21 så
317 1224 45 19 stor
385 1222 83 22 skilnad
491 1224 78 20 mellan
585 1226 32 18 ut-
633 1223 38 21 och
688 1223 189 26 inlåningsräntan,
895 1234 24 2 —
935 1221 34 21 för
984 1222 33 20 att

188 1250 70 21 denna
281 1250 83 22 skilnad
387 1251 53 21 skall
463 1252 92 21 betäcka
577 1252 47 21 icke
645 1252 56 20 blott
716 1251 177 25 driftkostnaden,
909 1252 51 19 utan
976 1249 40 21 ock

189 1279 75 26 möjlig
286 1279 84 27 förlust,
390 1280 84 21 hvilken
490 1281 115 26 ingalunda
621 1282 24 19 är
659 1280 74 21 afsedd
749 1282 32 18 att
797 1279 51 27 utgå
863 1279 45 21 från
925 1278 91 21 banker-

188 1313 39 15 nas
244 1307 148 27 aktiekapital.
424 1309 78 21 Likaså
521 1309 68 21 måste
604 1310 7 20 i
626 1309 72 27 hvarje
714 1308 99 22 handels-
829 1307 51 22 eller
895 1306 122 22 industrielt

188 1335 86 28 företag
297 1336 60 22 alltid
380 1337 121 27 kalkyleras
516 1338 48 21 med
581 1337 136 27 möjligheten
733 1337 22 21 af
770 1339 33 19 att
818 1342 26 15 en
860 1336 33 21 del
908 1336 23 20 af
945 1336 71 20 utkre-

189 1364 121 28 diteringen
325 1365 83 21 medför
422 1366 83 26 förlust,
521 1367 88 20 hvarför
621 1366 37 26 jag
672 1365 116 27 ingalunda
803 1365 42 21 kan
860 1370 50 16 anse
926 1366 33 19 att
973 1364 43 20 för-

187 1392 45 22 lust
247 1393 24 21 af
284 1394 88 26 kapital,
389 1395 127 26 exempelvis
531 1401 76 21 genom
624 1394 161 26 utkreditering,
801 1394 46 20 icke
863 1393 66 21 borde
945 1392 72 22 berät-

187 1422 45 26 tiga
256 1422 40 22 den
318 1422 141 22 lidande”till
480 1426 36 23 ali
535 1426 53 24 göra
611 1423 74 27 afdrag
706 1423 48 21 från
770 1423 33 21 sin
818 1422 135 21 ärsiukumst.
983 1420 34 21 En

188 1450 78 27 oriktig
282 1450 82 28 princip
379 1458 62 14 anser
454 1452 37 26 jag
507 1452 72 21 vidare
595 1458 52 14 vara
662 1454 32 18 att
709 1452 36 20 det
760 1451 47 21 icke
823 1450 75 21 endast
908 1452 24 18 är
942 1448 74 27 fastig-

186 1478 44 27 het,
247 1485 46 15 som
310 1479 68 22 skulle
393 1480 39 21 här
447 1482 92 22 taxeras,
555 1483 52 19 utan
623 1480 60 21 äfven
699 1480 60 21 deraf
773 1478 132 28 härflytande
916 1478 101 23 inkomst,

186 1507 40 21 och
249 1507 77 22 främst
348 1508 40 22 den
410 1509 99 26 inkomst,
532 1515 45 15 som
601 1510 24 20 är
647 1508 128 22 framkallad
798 1507 23 22 af
842 1506 173 27 företagsamhet.
