1103 1756
288 133 263 18 Riddarhusdirektionens
562 134 119 17 berättelse.
843 127 27 21 25

75 212 36 22 vid
127 214 83 20 senaste
228 213 102 27 landtdag
345 212 88 22 träffadt
448 212 60 26 aftal,
523 212 75 22 afstått
614 213 59 21 detta
688 212 60 22 hvalf
762 213 33 21 till
810 212 85 21 Riddar-

75 241 184 22 husdirektionens
274 241 143 27 begagnande,
433 241 39 21 har
488 242 40 20 den
544 241 48 21 från
607 241 94 21 hvalfvet
717 241 33 21 till
768 240 129 22 Universite-

75 271 42 20 tets
139 270 58 21 lokal
219 270 88 20 ledande
331 270 171 26 dörröppningen
526 270 68 20 blifvit
617 270 109 20 tillmurad
750 272 55 18 samt
828 276 25 14 en
872 275 26 21 ny

75 298 78 27 ingång
173 298 33 22 till
228 298 92 21 hvalfvet
343 298 108 27 upptagits
472 298 48 21 från
541 298 116 27 plenisalen
673 299 7 20 i
695 298 51 26 höjd
765 298 49 21 med
830 298 68 21 salens

75 327 64 26 panel
161 327 40 21 och
224 326 88 22 sålunda
335 326 117 27 anbringad
475 329 32 19 att
530 327 102 21 dörrarne
661 326 75 22 täckas
758 326 24 22 af
803 326 95 26 panelen.

75 354 169 27 Kassahvalfvet,
260 355 31 21 dit
301 355 155 21 Riddarhusets
466 355 118 27 kassaskåp
596 355 39 21 och
646 355 178 26 lånehandlingar
834 355 64 21 redan

77 383 146 27 öfverflyttats,
246 384 105 27 begagnas
372 384 61 21 äfven
456 384 22 21 af
498 383 135 27 Genealogen
654 384 33 20 till
709 383 73 21 förvar
800 384 22 20 af
836 385 63 19 stam-

76 411 63 22 taflor
155 412 38 21 och
210 412 65 22 andra
290 412 101 27 vigtigare
407 412 133 27 handlingar.

145 440 42 22 Det
202 442 56 25 yttre
273 441 59 21 taket
347 441 38 21 har
401 441 67 21 under
484 441 24 21 år
525 441 54 21 1892
594 440 119 21 bestrukits
728 440 48 21 med
796 440 102 21 stenkols-

77 468 56 27 tjära
147 469 39 21 och
200 470 78 26 jemväl
293 469 142 22 innevarande
452 469 23 22 år
491 471 127 25 reparerats,
632 468 65 27 jemte
714 468 36 22 det
761 468 138 28 tjärbestryk-

77 498 77 26 ningen
170 498 65 20 delvis
250 498 102 26 förnyats.

146 555 149 21 Kostnaderna
316 555 33 21 för
371 555 74 21 husets
468 556 83 20 remont
566 554 63 22 hafva
644 554 65 27 enligt
725 554 175 26 räkenskaperna

78 582 94 27 utgjort
163 578 12 35 :

93 662 33 22 för
148 662 24 21 år
189 663 70 21 1891.
291 679 4 5 .
326 678 3 4 .
718 664 48 28 my:
782 664 68 26 3,146:
869 664 31 20 15.

148 691 61 21 deraf
230 694 81 18 ensamt
329 680 36 32 för
384 680 135 38 omläggning
540 680 23 32 af
574 676 144 47 gatuandelar

148 720 40 20 och
203 720 113 21 trottoiren
331 722 45 19 mot
391 720 133 26 Mariega'an
541 721 62 26 2,444
619 720 61 21 mark
691 721 27 20 50

148 748 69 26 penni.

109 793 11 9 »
149 776 24 21 är
191 777 52 21 1892

148 805 76 21 hvaraf
237 805 32 21 för
285 793 133 39 omläggning
432 794 24 32 af
467 791 116 35 trottoiren
605 788 45 48 mot
672 792 50 34 Rid-

149 833 115 26 daregatan
281 834 60 26 1,666
357 834 60 21 mark
433 834 26 21 33
463 830 81 57 penni,

149 862 24 21 år
190 862 53 21 1893
286 878 3 4 .
570 879 4 4 :
605 878 4 4 8
642 879 4 4 +
677 878 4 4 =
713 878 3 5 x
748 878 11 8 w
782 862 69 26 2,316;
868 862 33 20 72.

671 902 93 22 Summa:
781 902 70 25 8,081:
868 902 32 20 39.

750 792 9 12 »
782 777 68 25 2,618:
866 776 33 21 52.

150 975 61 21 Hvad
234 976 65 26 angär
319 976 239 22 Riddarhusutskottets
577 976 3 21 i
596 976 154 26 sammanhang
772 976 48 21 med
835 975 67 21 andra

81 1004 171 21 remontarbeten
273 1004 138 26 framställda,
433 1005 23 21 af
476 1005 156 26 Ridderskapet
654 1005 39 21 och
715 1004 69 22 Adeln
799 1006 51 19 utan
866 1010 34 14 an-

81 1032 112 26 märkning
208 1033 96 21 lemnade
319 1033 79 27 förslag
413 1035 33 19 att
461 1034 108 20 mellersta
582 1034 96 20 läktaren
691 1034 6 20 i
708 1033 117 27 plenisalen
836 1032 65 21 borde

81 1060 66 22 förses
162 1061 49 21 med
226 1068 26 14 en
267 1062 95 26 upphöjd
378 1062 100 26 ställning
493 1062 33 21 för
541 1062 46 27 fyra
602 1062 114 25 stolrader,
732 1062 89 20 hvarvid
833 1060 69 22 tillika

81 1089 68 21 skulle
164 1090 7 20 i
187 1090 153 26 öfvervägande
356 1092 67 24 tagas,
446 1090 105 21 huruvida
573 1090 45 21 icke
642 1091 25 20 de
690 1090 150 26 vanprydande
863 1089 39 21 och

82 1117 118 26 hinderliga
215 1117 184 28 tillmurningarna
413 1119 35 20 vid
464 1119 98 26 pelarene
574 1119 109 20 derstädes
695 1118 70 21 kunde
776 1118 47 21 med
835 1118 68 25 lämp-

81 1145 66 27 ligare
163 1146 168 27 förstärkningar
346 1149 98 23 ersättas,
460 1147 24 20 sä
500 1147 38 20 har
553 1147 139 21 Direktionen
707 1148 71 19 ansett
793 1148 33 19 att
838 1146 65 26 sagda

81 1173 80 27 förslag
184 1174 117 22 tillsvidare
319 1175 70 21 kunde
406 1176 80 20 lemmas
501 1175 107 22 beroende
623 1176 27 25 pä
665 1175 125 27 ytterligare
805 1174 98 27 pröfning

83 1202 21 21 af
118 1202 155 27 Ridderskapet
288 1203 38 21 och
341 1204 75 21 Adeln.
442 1204 43 21 Det
500 1204 40 21 har
555 1203 105 27 nämligen
675 1204 105 25 tillfyllest
795 1203 54 21 visat
864 1203 37 25 sig,
916 1211 5 5 -

82 1233 32 18 att
137 1231 90 21 nämnde
251 1231 81 22 läktare
355 1232 46 21 icke
423 1232 41 21 kan
485 1234 53 19 utan
554 1233 100 20 störande
669 1232 95 26 luftdrag
776 1231 33 21 för
824 1231 79 21 Landt-

82 1259 136 21 marskalken
234 1260 39 21 och
289 1261 42 20 alla
347 1261 54 24 dem,
411 1261 73 20 hvilka
495 1261 34 20 vid
542 1260 100 22 Ständets
655 1260 173 21 sammanträden
840 1258 63 22 hafva

83 1288 45 20 sina
143 1288 81 25 platser
239 1289 6 20 i
261 1289 57 20 salen
334 1291 95 19 närmast
444 1289 68 21 under
528 1289 104 25 läktaren,
648 1289 23 21 ät
687 1289 90 20 ähörare
798 1288 104 27 upplätas,

82 1315 70 22 derest
173 1316 47 21 icke
238 1317 279 22 landtmarskalksestraden
532 1317 71 27 flyttas
620 1317 32 21 till
667 1320 66 18 annat
749 1317 61 21 ställe
826 1317 6 20 i
848 1322 55 15 rum-

82 1346 43 19 met
140 1345 27 20 än
183 1345 43 24 det,
242 1345 85 22 hvarest
343 1346 123 21 densamma
481 1345 106 22 härintills
602 1347 56 20 varit
673 1346 107 26 placerad.
811 1345 32 20 En
864 1345 40 21 slik

82 1374 64 25 utväg
168 1375 24 18 är
214 1373 55 21 dock
291 1374 81 21 mindre
392 1375 86 26 lämplig
494 1375 47 20 med
557 1375 80 26 hänsyn
654 1375 32 20 till
702 1374 86 21 dermed
804 1373 100 21 förenade

82 1401 137 26 olägenheter
234 1401 33 22 för
280 1401 100 22 Ständets
396 1403 35 20 vid
446 1403 62 26 plena
523 1403 133 20 närvarande
671 1403 125 24 ledamöter,
812 1404 52 19 enär
879 1402 25 20 de

81 1429 89 22 sälunda
193 1431 100 26 antingen
313 1431 68 20 skulle
396 1431 21 20 fä
433 1431 117 26 dagsljuset
565 1437 45 15 mer
625 1431 52 21 eller
692 1431 82 20 mindre
789 1431 116 20 vinkelrätt

81 1461 45 18 mot
142 1460 50 24 ögat
208 1459 51 20 eller
274 1459 39 20 ock
328 1459 33 21 till
377 1461 45 19 stor
438 1459 34 21 del
488 1459 74 21 alltför
572 1460 84 26 mycket
667 1459 105 26 aflägsnas
783 1459 46 21 frän
842 1458 63 21 Stän-

82 1486 47 21 dets
145 1486 134 26 ordförande,
295 1493 44 15 som
356 1487 60 21 äfven
431 1487 55 27 finge
503 1487 59 22 svärt
576 1490 32 19 att
623 1489 53 25 göra
689 1488 31 25 sig
731 1487 48 26 sjelf
789 1487 52 21 hörd
853 1487 52 20 eller

82 1514 97 27 uppfatta
195 1515 26 21 de
236 1515 73 27 längre
324 1515 49 22 bort
383 1515 47 22 frän
440 1515 78 22 honom
530 1516 112 26 placerade
653 1516 252 21 ständsmedlemmarnes
