1106 1756
348 120 47 21 Nya
406 120 249 17 utskottsbetänkanden.
849 114 40 20 365

160 200 39 21 N:o
223 201 19 21 8,
264 201 7 20 i
290 200 114 26 anledning
419 200 22 21 af
455 202 32 18 ett
502 200 5 21 i
524 200 24 20 R.
564 206 19 14 o.
600 200 24 20 A.
642 200 117 20 inlemnadt
775 200 143 26 petitionsme-

91 229 75 21 morial
187 235 33 15 om
242 229 90 26 höjande
353 228 23 21 af
395 228 92 22 lärares
508 228 47 22 och
576 228 155 22 lärarinnors
752 228 41 21 vid
809 227 108 22 folksko-

91 258 72 22 lorna
178 257 31 28 pä
224 257 84 22 landet
324 256 192 23 löneförmäner.

160 315 68 21 Dessa
250 316 34 19 tre
301 314 148 21 betänkanden
466 314 69 21 blefvo
552 314 118 26 bordlagda
686 314 32 20 till
734 314 84 26 plenum
835 314 39 21 den
893 314 24 20 16

91 344 143 21 innevarande
250 343 64 21 Mars.

160 487 88 21 Plenum
264 486 116 21 afslutades
395 486 27 21 kl.
441 487 11 20 7
469 493 18 14 €.
503 492 20 15 m

715 542 21 17 In
747 542 62 17 fidem:

663 577 51 20 Clas
730 584 17 13 v.
766 577 82 21 Collan.

216 743 146 33 Tisdagen
383 743 57 27 den
461 743 32 26 13
511 743 79 26 Mars
608 743 41 26 kl.
667 743 18 26 6
703 750 26 19 e.
753 751 37 19 m.

161 807 32 21 Hr
208 807 204 21 Landtmarskalken
429 807 97 26 öppnade
542 806 88 21 stående
645 807 24 20 R.
687 813 20 14 o.
715 807 36 20 A:s
762 806 156 21 sammanträde

91 836 48 21 med
155 837 32 20 ett
202 835 201 27 tillkännagifvande
419 837 32 19 att
467 835 32 21 Hr
515 835 207 21 Landtmarskalken
739 835 41 21 den
792 836 25 20 10
834 835 84 23 dennes,

92 865 104 26 årsdagen
218 864 23 21 af
262 865 59 20 Hans
342 864 99 26 Majestät
458 864 113 26 Kejsaren-
587 863 143 22 Storfurstens
746 863 129 27 födelsedag,
891 863 28 27 pä

91 893 168 26 eftermiddagen
282 893 40 20 fätt
343 893 23 20 af
380 893 59 20 Hans
455 893 111 20 Excellens
581 892 232 26 Generalguvernören,
831 899 44 14 som
891 892 28 21 dä

91 922 93 21 vistades
205 922 5 20 i
227 922 32 20 S:t
274 921 136 26 Petersburg,
425 923 110 24 emottaga
551 923 30 19 ett
597 921 110 26 telegram,
723 921 148 21 innehällande
886 923 32 18 att

91 950 28 20 dä
134 957 81 13 samma
238 951 40 25 dag
301 950 129 20 Ständernas
454 949 145 27 underdäniga
617 949 179 27 lyckönskningar
811 949 33 21 för
860 950 58 20 Hans

91 978 102 27 Majestät
216 978 68 21 blifvit
305 978 133 26 föredragna,
461 978 60 21 Hans
539 978 100 26 Majestät
655 978 93 26 behagat
763 978 6 20 i
785 978 66 21 nåder
866 984 52 20 upp-

91 1007 68 26 draga
182 1007 22 21 åt
225 1006 225 27 Generalguvernören
474 1009 33 18 att
529 1007 7 21 i
559 1006 60 22 Hans
639 1006 112 27 Majestäts
773 1013 62 15 namn
856 1006 63 22 tacka

91 1036 25 21 R.
144 1042 18 14 o.
196 1036 25 20 A.
252 1035 34 21 för
318 1036 47 20 dess
397 1036 128 26 deltagande
547 1035 7 21 i
577 1036 60 20 dessa
665 1035 188 27 lyckönskningar;
879 1035 39 21 och

92 1064 50 21 ville
164 1064 32 21 Hr
212 1062 206 24 Landtmarskalken
434 1064 48 21 med
498 1064 115 26 anledning
621 1064 24 20 af
659 1064 70 21 denna
744 1064 77 26 nådiga
835 1064 84 21 tacksä-

91 1093 58 26 gelse
171 1093 99 27 utbringa
292 1095 31 19 ett
346 1092 53 22 lefve
421 1093 34 21 för
478 1093 59 21 Hans
557 1092 120 27 Kejserliga
693 1092 107 27 Majestät,
816 1094 6 20 i
838 1092 80 22 hvilket

91 1122 95 26 lefverop
200 1122 25 21 R.
242 1128 19 14 o.
276 1122 33 26 A.,
324 1128 45 14 som
385 1121 88 22 stående
489 1122 72 20 afhört
576 1122 59 21 detta
649 1121 145 27 meddelande,
808 1122 109 21 instämde.

162 1281 32 21 Hr
225 1281 206 21 Landtmarskalken
458 1281 125 21 meddelade
618 1284 33 19 att
680 1281 239 21 Riddarhuskanslisten

91 1309 94 21 Idestam
201 1310 32 20 till
249 1310 51 26 följd
316 1310 23 21 af
352 1310 110 21 inträffadt
477 1310 51 21 ofall
542 1310 33 20 för
590 1310 70 27 någon
676 1310 31 21 tid
722 1311 83 21 komme
822 1312 32 18 att
869 1316 50 15 vara

92 1338 92 20 hindrad
200 1340 32 19 att
246 1339 6 20 i
268 1338 90 22 Ständet
380 1339 119 26 tjenstgöra
514 1340 55 19 samt
584 1341 33 19 att
632 1346 25 14 en
673 1339 23 21 af
711 1339 100 21 Ständets
825 1338 93 21 ledamö-

92 1368 34 20 ter
140 1366 33 22 Hr
189 1366 65 28 Björn
274 1367 147 27 Wasastjerna
435 1367 83 21 anmält
533 1368 31 26 sig
580 1368 58 26 villig
653 1369 33 19 att
701 1368 108 20 härunder
824 1366 95 22 bestrida

91 1395 106 21 Idestams
213 1396 123 26 befattning;
353 1396 39 21 och
407 1395 71 22 beslöt
493 1396 25 20 R.
535 1402 19 15 o.
569 1396 33 26 A.,
618 1396 27 26 pä
656 1396 32 21 Hr
703 1396 216 21 Landtmarskalkens

92 1423 163 28 framställning,
276 1424 110 27 uppdraga
402 1424 22 21 ät
442 1425 32 20 Hr
490 1424 147 27 Wasastjerna
653 1426 32 20 att
701 1425 117 21 tillsvidare
833 1424 40 21 och
888 1424 31 20 in-

92 1452 33 21 till
148 1452 48 22 dess
218 1452 94 22 förfallet
333 1453 34 21 för
382 1453 32 21 Hr
429 1453 94 21 Idestam
539 1453 93 27 upphört
647 1453 92 21 förrätta
754 1454 78 20 dennes
847 1452 72 27 tjenst.
