1103 1756
376 129 24 16 R.
414 133 17 12 o.
445 128 35 17 A:s
492 128 110 21 protokoll.
839 123 40 20 141

80 208 67 21 hvarå
162 208 36 21 det
213 207 90 27 afgifves.
333 207 41 27 Jag
389 208 42 20 kan
446 207 33 21 för
494 207 131 22 närvarande
640 207 47 21 icke
700 208 47 20 med
761 207 37 22 full
809 207 99 22 säkerhet

82 239 57 24 säga,
156 243 33 14 om
205 237 24 20 så
244 238 24 19 är
282 236 65 25 fallet,
365 242 46 15 men
427 236 6 20 i
448 236 90 26 tidigare
554 235 107 27 protokoll
677 235 40 22 har
730 236 36 26 jag
781 238 42 19 sett
838 238 32 19 att
884 236 24 21 så

83 266 60 20 varit.
173 264 124 21 Emellertid
313 264 67 21 skulle
393 265 37 26 jag
445 264 84 21 anhålla
545 266 32 19 att
592 263 158 28 Stenografiska
766 264 142 27 Föreningens

83 293 108 22 skrifvelse
206 293 68 21 blefve
288 293 92 26 uppläst.

152 350 69 21 Sedan
237 350 51 21 härå
304 349 157 27 Stenografiska
477 349 143 27 Föreningens
636 349 155 22 ofvannämnda
799 349 108 22 skrifvelse

83 378 70 22 blifvit
169 378 83 27 uppläst
268 383 54 22 (pag.
340 379 29 26 2),
386 378 99 21 fortsatte

153 435 32 22 Hr
206 435 24 21 V.
254 441 40 15 von
319 435 126 21 Hellens:
469 435 33 20 Då
526 434 141 21 förhållandet
690 435 47 20 med
753 435 155 26 Stenografiska

84 464 144 27 Föreningens
242 463 72 22 anbud
329 464 24 20 så
369 469 42 17 var,
427 469 44 15 som
486 463 36 26 jag
538 463 129 25 förmodade,
680 469 61 21 synes
756 463 35 22 det
806 464 41 26 mig
859 469 49 16 vara

83 493 88 26 onödigt
193 495 33 18 att
247 492 24 20 R.
292 499 17 14 o.
327 492 24 21 A.
368 491 74 22 afläter
457 491 31 21 till
504 491 133 27 Föreningen
652 498 25 14 en
693 491 106 26 förfrågan
815 492 6 21 i
837 493 71 21 saken.

84 521 43 20 För
151 521 64 26 öfrigt
229 520 39 21 har
284 521 34 20 det
335 527 24 14 ur
373 520 144 26 tidningarnes
532 520 78 21 referat
625 520 46 21 frän
691 520 156 25 Stenografiska
858 521 51 20 För-

83 549 102 26 eningens
201 551 56 18 möte
274 552 82 18 senaste
373 548 73 27 lördag
456 548 106 27 framgätt,
574 551 32 18 att
616 548 133 27 Föreningen
761 549 40 21 fäst
812 549 96 21 afseende

84 577 79 26 dervid,
187 579 32 19 att
235 577 6 20 i
257 577 92 26 Fredags
365 579 77 18 tvenne
457 577 115 26 yttranden
588 576 93 27 afgifvits
697 577 28 26 pä
740 576 67 22 finska
823 577 86 26 spräket

83 605 41 22 och
139 606 6 20 i
161 605 113 27 anledning
288 605 22 22 af
325 606 60 20 detta
399 605 131 21 förhållande
547 605 38 21 har
600 605 133 26 Föreningen
750 605 88 26 anslagit
854 605 55 26 ledig

83 640 28 15 en
125 633 54 22 finsk
193 634 176 26 stenograftjenst.
400 633 68 22 Häraf
482 640 62 21 synes
559 636 31 19 att
605 633 158 27 Stenografiska
777 633 131 26 Föreningen

83 661 130 22 fortfarande
235 663 44 21 stär
301 662 40 21 fast
361 662 33 21 vid
409 663 37 20 sitt
462 662 78 26 anbud,
556 662 85 21 hvarför
656 662 65 27 enligt
737 663 41 20 min
794 662 55 26 äsigt
863 662 45 21 icke

83 691 70 26 nägon
176 691 71 21 vidare
270 691 74 26 ätgärd
365 690 46 21 frän
427 690 23 21 R.
467 697 18 14 o.
501 691 37 20 A:s
553 691 45 20 sida
614 693 24 18 är
653 690 21 21 af
689 690 99 22 behofvet
802 690 105 27 päkallad.

153 747 70 22 Sedan
246 747 145 22 diskussionen
414 747 87 21 härmed
520 747 114 22 förklarats
649 747 99 27 afslutad,
765 747 43 22 blef
821 747 88 21 Riddar-

85 776 155 22 husutskottets
263 776 140 25 betänkande,
427 779 56 18 emot
506 776 80 21 hvilket
608 777 69 25 någon
701 776 138 26 anmärkning
863 776 46 20 icke

85 804 68 21 blifvit
175 805 68 26 gjord,
269 806 26 25 på
319 805 30 21 Hr
371 804 217 22 Landtmarskalkens
603 804 155 27 framställning
773 805 22 21 af
808 805 24 21 R.
848 810 18 15 o.
882 804 26 21 A.

84 832 33 22 till
132 833 41 21 alla
189 833 59 21 delar
263 833 114 26 godkändt.

156 890 81 21 Härom
252 890 68 21 skulle
335 890 196 26 protokollsutdrag
546 890 48 26 afgå
609 892 58 19 utom
679 890 32 20 till
723 890 138 21 Medstånden
877 889 32 21 till

83 918 130 22 Riddarhus-
223 918 39 21 och
276 918 174 26 Statsutskotten,
466 919 116 26 hvarjemte
597 918 74 27 anslag
682 919 5 20 i
699 919 36 21 det
751 919 29 20 uti
792 918 116 22 betänkan-

83 947 38 21 det
136 947 92 27 antydda
244 946 97 22 afseende
357 946 66 22 borde
439 947 5 20 i
460 947 178 21 Riddarhussalen
654 949 117 25 uppsättas.

304 1088 207 29 Tidningsreferenters
526 1089 84 23 tillträde
626 1096 22 16 m.
665 1096 23 16 m.

153 1144 121 28 Föredrogs
301 1145 237 22 Riddarhusutskottets
570 1146 117 27 bordlagda
713 1146 134 22 betänkande
876 1151 34 15 om

85 1173 120 22 beredande
221 1173 23 21 af
257 1174 56 26 plats
328 1174 33 21 för
376 1174 197 27 tidningreferenter
588 1175 7 21 i
610 1175 173 21 riddarhussalen
798 1175 56 27 (pag.
869 1174 40 26 91).

153 1230 135 22 Diskussion:

153 1287 32 20 Hr
201 1288 25 20 V.
242 1294 40 14 von
298 1288 165 21 Haartman:
487 1288 33 21 Då
533 1288 37 27 jag
585 1288 34 21 vid
634 1289 25 21 R.
675 1294 18 15 o.
705 1288 38 22 A:s
754 1288 83 27 plenum
849 1293 61 16 sena-

84 1316 34 20 ste
141 1315 82 27 onsdag
247 1316 91 26 begärde
361 1316 154 27 bordläggning
538 1316 22 22 af
579 1316 238 22 Riddarbusutskottets
837 1316 74 21 betän-

84 1342 77 25 kande,
185 1344 96 21 anhåller
300 1344 37 27 jag
359 1351 28 14 nu
411 1347 31 18 att
463 1345 66 26 något
544 1347 96 19 närmare
655 1345 20 21 få
691 1345 68 21 uttala
774 1345 41 26 mig
831 1344 79 22 derom.

83 1371 153 22 Betänkandet
257 1372 124 26 innehåller,
396 1373 70 21 såsom
481 1379 49 15 man
546 1373 34 21 vid
596 1373 48 21 dess
658 1374 164 26 genomläsande
837 1372 73 26 finner,

85 1401 77 20 tvänne
185 1401 131 26 väsentligen
338 1400 69 22 skilda
429 1401 85 27 förslag,
532 1402 36 20 det
584 1408 39 14 ena
638 1403 31 19 att
685 1402 78 20 bereda
779 1401 55 27 plats
850 1400 40 21 här
904 1401 7 20 i

85 1428 58 21 salen
165 1429 23 21 åt
211 1428 46 28 fyra
278 1429 22 21 af
314 1429 25 22 de
354 1431 69 20 större
438 1430 145 26 tidningarnes
598 1430 6 21 i
620 1430 154 21 hufvudstaden
789 1429 121 26 referenter,

83 1457 39 20 det
146 1457 66 21 andra
227 1459 33 20 att
274 1458 60 21 äfven
351 1458 6 20 i
373 1457 59 22 salen
447 1458 88 27 upplåta
550 1460 46 19 säte
611 1459 23 20 åt
649 1458 98 27 omkring
764 1460 39 19 150
819 1457 93 21 ledamö-

84 1487 34 18 ter
132 1484 47 22 från
195 1485 26 22 de
236 1486 66 21 andra
317 1486 100 21 Stånden.
448 1486 62 21 Hvad
526 1493 28 14 nu
568 1486 53 21 först
636 1486 101 22 beträffar
752 1487 43 21 Hrr
810 1485 100 27 tidnings-

83 1512 124 27 referenter,
222 1514 24 21 så
261 1514 67 27 ligger
343 1515 36 20 det
391 1514 24 27 ju
429 1514 8 21 i
452 1516 69 25 öppen
538 1515 40 26 dag
593 1517 32 19 att
641 1515 36 21 det
692 1517 23 19 är
728 1515 23 21 af
763 1517 45 19 stor
825 1513 44 27 vigt
879 1515 33 21 att
