1103 1728
372 107 237 32 Landsvägabyggnad.
852 109 28 20 87

156 192 44 21 Och
223 193 165 26 snöplogningen
411 191 76 23 sedan!
510 192 50 21 Man
583 192 80 21 förstår
683 193 47 21 icke
745 193 52 21 eller
812 193 35 21 vill
862 193 46 21 icke

83 221 93 26 nedtaga
190 221 183 26 gärdesgårdarna
387 221 34 20 för
431 223 32 18 att
475 221 75 20 hindra
560 221 90 21 drifvors
661 221 98 26 hopande
770 221 39 21 och
820 221 89 21 sålunda

83 250 56 21 lätta
154 249 39 21 och
209 249 125 26 möjliggöra
349 249 166 27 snöplogningen
526 249 24 21 af
560 251 75 25 vägen.
662 249 74 22 Denna
747 250 86 26 inropas
844 249 65 22 oftast

82 278 25 21 af
128 277 46 22 små
196 277 87 27 aflägset
297 277 82 22 boende
405 277 173 27 hemmansegare
601 278 48 21 med
670 277 63 27 högst
749 279 10 19 1
776 278 49 21 häst
840 278 39 21 och
896 279 10 20 1

84 313 40 20 par
145 312 59 20 oxar,
229 312 44 15 som
289 305 21 22 få
325 308 50 24 taga
390 306 52 21 hvar
458 306 31 21 sin
506 306 112 21 kilometer
634 306 52 21 eller
701 313 70 14 annan
787 307 72 26 längre
875 306 33 21 del

85 347 26 3 —
127 335 97 26 ploglag;
240 334 75 21 medan
331 335 76 19 endast
422 334 51 21 flere
488 335 79 20 sådana
583 335 140 20 tillsammans
739 335 65 21 borde
821 335 22 20 af
854 335 54 21 läns-

83 369 92 15 mannen
200 362 80 22 tillätas
297 364 33 19 att
345 362 64 27 ätaga
423 363 32 26 sig
470 364 32 19 ett
517 362 76 22 sädant
608 362 91 27 ploglag.
730 362 89 22 Derföre
835 362 73 27 plogas

83 392 64 26 högst
169 391 43 21 illa.
243 390 124 28 Snöplogen,
391 391 130 26 framsläpad
544 391 23 21 af
587 398 26 14 en
633 391 66 21 sädan
715 392 60 26 ringa
790 391 117 27 dragkraft,

84 420 33 21 får
139 420 67 20 under
221 419 84 21 snörika
322 420 80 20 vintrar
417 420 40 20 lätt
473 420 70 26 hoppa
559 420 39 20 och
614 420 79 26 slingra
709 419 54 21 fram
779 420 27 26 pä
821 422 51 24 ytan
886 419 24 21 af

83 449 28 20 de
127 450 57 19 stora
207 447 107 21 drifvorna
336 448 77 21 mellan
434 448 190 26 gärdesgärdarna.
655 448 39 20 Om
713 448 64 21 vären
793 448 35 21 vill
843 448 65 21 sedan

84 477 102 26 plogaren
209 476 86 21 alldeles
313 476 46 21 icke
375 476 99 26 klargöra
497 477 31 20 sin
543 476 41 21 lott
599 476 47 21 från
661 476 65 21 härät
740 476 73 22 frusna
828 476 80 22 drifvor

85 504 40 22 och
137 505 22 21 af
167 504 167 22 vattenrännilar
345 505 157 21 sönderskurna
513 504 138 27 svallislager,
662 511 44 15 som
719 505 40 21 han
770 506 48 20 med
830 507 78 19 största

84 533 51 27 lugn
158 533 141 21 öfverlemnar
318 533 23 21 ät
362 533 96 21 värsolen
481 535 32 19 att
528 534 84 25 smälta,
629 534 75 20 medan
724 536 143 18 strömmarna
881 533 27 27 pä

84 563 68 25 vägen
167 563 54 25 göra
236 564 44 18 stor
295 561 66 21 skada
376 562 22 20 ät
413 562 259 26 sommarvägsbyggaren,
689 562 85 21 hvilken
789 562 46 21 äter
851 562 12 20 ä
877 562 31 20 sin

83 590 49 21 sida
147 596 62 14 anser
225 590 31 26 sig
271 590 62 20 hafva
348 590 54 21 intet
417 592 32 19 att
465 590 67 21 skaffa
548 591 47 20 med
607 590 69 21 denna
686 592 57 19 ännu
759 590 149 27 gvarliggande

84 620 40 20 snö
140 618 39 21 och
195 618 24 25 is,
235 618 68 21 säsom
319 618 128 22 tillhörande
463 619 141 26 snöplogaren
619 619 75 21 allena.

154 646 28 22 Af
204 647 143 25 länsmannen,
377 659 21 3 —
421 647 68 21 denna
512 648 105 26 olyckliga
638 647 138 27 lastdragare,
793 654 46 14 som
854 646 54 22 skall

85 676 81 20 uträtta
190 675 82 26 allting,
293 681 50 14 vara
358 675 113 21 allestädes
487 676 131 20 närvarande
635 676 39 20 och
689 675 66 21 förstå
770 676 39 20 allt
824 688 27 3 —
867 676 41 20 kan

85 709 49 15 man
157 703 55 21 dock
232 703 113 26 omöjligen
360 703 73 21 fordra
448 706 32 19 att
496 704 41 21 han
553 704 62 21 äfven
631 704 53 21 skall
702 710 50 15 vara
766 704 141 27 vägingeniör.

85 731 46 22 Och
153 731 46 22 icke
223 731 66 21 heller
310 732 78 26 precist
410 732 23 21 af
454 733 13 20 f.
491 733 20 20 d.
529 732 47 21 bro-
591 732 39 21 och
647 732 138 27 skallfogden,
801 732 52 21 eller
869 732 39 21 den

85 766 89 15 numera
190 766 16 15 s.
222 760 20 21 k.
258 759 151 27 landspolisen!

157 789 45 20 Allt
223 789 58 21 detta
304 789 71 20 kunde
397 789 82 20 fordom
503 795 41 21 nog
565 789 28 26 gä
615 789 33 21 för
667 789 37 26 sig,
721 789 48 21 med
785 789 40 22 den
840 789 69 21 tidens

85 816 62 27 ringa
162 816 69 21 trafik.
261 817 42 20 För
318 818 132 21 närvarande
465 819 88 19 utnötas
565 819 94 25 vägarna
670 817 86 27 otroligt
767 818 88 26 hastigt;
869 817 39 22 och

85 845 61 21 detta
167 845 54 21 skall
237 845 48 21 med
300 845 124 27 tilltagande
440 845 79 22 rörelse
535 846 30 21 bli
581 847 38 20 allt
635 847 60 20 värre
711 846 39 21 och
765 846 33 21 för
811 847 97 26 jordega-

85 880 38 15 ren
145 875 27 19 än
194 880 59 15 mera
275 874 140 26 betungande.
445 875 68 20 Dessa
535 877 65 24 vägar
622 875 72 20 kunna
716 875 72 20 derför
802 875 47 21 icke
864 880 45 15 mer

85 902 137 21 underhållas
237 902 27 27 på
279 904 31 19 ett
325 902 24 21 så
363 903 136 26 antiqueradt
514 905 53 23 sätt;
583 905 22 24 ty
617 909 49 14 man
682 903 39 21 har
736 905 43 19 rätt
794 905 33 19 att
836 903 73 21 fordra

87 932 33 19 att
135 931 108 21 desamma
257 931 55 20 både
327 937 93 15 sommar
435 932 38 20 och
489 931 69 21 vinter
574 931 67 21 hållas
656 932 7 20 i
678 932 93 21 normalt
786 931 66 22 skick.

154 959 76 21 Staten
250 958 38 21 bör
303 959 76 27 derför
394 960 111 27 öfvertaga
521 960 61 21 såväl
597 959 121 28 byggandet
732 967 45 14 som
792 959 118 22 underhål-

85 987 29 21 let
129 987 29 28 af
170 987 169 28 landsvägarna.

154 1015 34 22 Då
208 1016 19 20 vi
251 1017 65 20 redan
338 1016 63 21 hafva
425 1016 49 21 våra
497 1017 115 24 utmärkta,
636 1017 34 21 väl
692 1017 147 25 underhållna,
852 1017 57 26 jern-

85 1046 71 24 vägar,
172 1044 48 21 med
236 1044 32 21 sin
283 1045 88 21 alldeles
387 1045 180 27 utomordentliga
582 1045 100 26 statistik,
699 1051 44 15 som
759 1045 73 22 skötes
847 1044 22 22 af
884 1051 26 15 en

85 1072 7 21 i
109 1073 41 21 alla
166 1072 113 22 afseenden
295 1073 63 26 högst
373 1074 144 21 framstående
532 1074 89 27 styrelse
632 1074 39 21 och
682 1080 26 15 en
719 1074 94 21 utmärkt
823 1074 87 27 tjenste-

85 1107 78 15 manna
186 1107 68 21 corps,
277 1101 24 21 så
323 1102 66 21 borde
411 1103 33 20 väl
467 1103 27 20 de
516 1103 32 25 sig
563 1103 32 20 till
611 1103 62 20 dessa
689 1103 135 26 anknytande
840 1102 70 21 lands-

85 1131 94 25 vägarna
202 1129 73 22 skötas
294 1130 28 26 på
337 1130 44 21 lika
395 1133 49 23 sätt,
460 1131 40 20 och
515 1131 54 24 icke,
585 1131 70 21 såsom
671 1137 28 14 nu
714 1132 24 19 är
753 1131 65 26 fallet,
834 1137 76 20 genom

85 1160 121 19 contrasten
222 1159 66 20 väcka
303 1165 26 14 en
345 1159 119 26 berättigad
481 1159 91 26 bäpnad.

155 1187 74 20 Staten
249 1187 73 20 allena
337 1187 43 21 kan
396 1188 69 21 dertill
481 1187 93 22 anställa
589 1187 133 27 sakkunniga
737 1187 119 27 ingeniörer
871 1187 39 21 och

85 1217 79 24 antaga
179 1221 54 15 vana
249 1215 105 25 arbetare,
369 1222 45 15 som
431 1217 26 25 på
472 1217 63 20 bästa
550 1218 49 23 sätt,
616 1217 27 26 på
658 1217 97 20 kortaste
765 1216 37 25 tid,
813 1216 39 21 och
863 1215 47 20 der-

82 1243 43 28 för
139 1244 85 20 relativt
240 1243 96 28 billigast
351 1244 71 21 utföra
437 1245 35 20 det
488 1244 62 21 bästa
565 1245 90 20 arbetet.

155 1272 132 26 Jordegaren
303 1272 46 21 åter
365 1273 39 20 bör
418 1273 33 21 för
466 1273 123 21 ändamålet
605 1274 86 25 erlägga
706 1279 26 15 en
748 1272 163 28 vägbyggnads-

85 1300 59 21 skatt
168 1301 80 20 istället
272 1300 33 21 för
330 1301 39 21 och
394 1301 149 21 motsvarande
565 1302 36 21 det
624 1308 52 14 onus
699 1301 42 21 han
767 1301 88 22 sålunda
870 1301 41 20 blir

86 1328 82 21 befriad
191 1329 47 20 från
261 1331 32 19 att
315 1329 21 21 in
359 1332 76 19 natura
455 1330 101 26 fullgöra;
579 1330 40 21 och
642 1330 60 21 detta
720 1336 53 15 onus
788 1329 60 22 torde
864 1329 47 21 icke

87 1357 65 21 blifva
172 1357 59 22 svårt
252 1360 32 18 att
306 1358 32 20 till
356 1359 116 25 penningar
488 1359 113 20 reduceras
617 1359 39 20 och
672 1359 87 20 rättvist
770 1358 86 26 jemkas
872 1357 39 22 och

81 1385 109 27 fördelas.
221 1386 42 21 Det
284 1386 42 20 kan
348 1386 46 21 icke
411 1386 82 27 aflyftas
509 1387 52 20 eller
577 1386 157 26 efterskänkas;
750 1388 22 25 ty
787 1386 36 21 det
838 1386 74 21 tillhör

83 1414 83 26 jorden,
182 1414 63 21 hvars
257 1414 122 22 nuvarande
391 1415 44 26 pris
448 1417 23 19 är
482 1415 120 21 beräknadt
610 1415 39 21 och
662 1414 82 22 betaldt
755 1415 47 21 med
813 1414 98 22 afseende

86 1442 62 21 äfven
164 1442 50 21 derä
251 1442 130 22 Industriela
396 1444 50 20 verk
460 1444 72 20 betala
543 1444 108 20 allaredan
664 1443 89 27 ,,bidrag
764 1444 7 20 i
781 1444 130 26 penningar"

86 1470 33 22 för
134 1471 127 26 ändamålet,
277 1471 66 27 enligt
358 1471 152 27 förordningen
527 1472 22 21 af
563 1472 41 21 den
621 1472 25 21 15
662 1471 92 21 Januari
771 1472 62 21 1883.
