1103 1728
169 123 258 21 Landsvägabyggandets
439 128 18 12 o.
469 122 144 18 underhållets
626 122 72 18 öfvert.
711 123 24 17 af
745 124 75 16 staten.
843 118 39 21 107

83 202 109 27 dagsverk
215 202 40 22 fått
270 204 69 20 större
361 203 108 27 betydelse
485 203 33 20 för
536 202 128 27 jordegaren
681 205 55 18 samt
752 202 115 27 tillgången
880 202 30 26 på

82 231 92 26 dragare
197 231 47 21 icke
259 238 45 14 mer
324 231 103 21 förblifvit
445 232 3 20 i
464 237 80 15 samma
567 231 77 26 rikliga
658 231 126 26 proportion
799 237 45 15 som
860 230 50 26 förr,

85 260 7 20 i
109 260 39 20 den
164 259 48 21 mån
236 260 80 20 kännes
331 262 80 24 tungan
435 260 21 20 af
470 260 166 26 landsvägarnes
658 259 112 21 underhåll
786 260 30 20 alt
835 261 75 19 större.

85 288 50 21 Men
151 288 25 21 de
191 294 99 20 summor,
312 294 44 15 som
373 288 36 21 det
423 288 69 21 skulle
513 288 57 26 gälla
585 290 32 18 att
632 288 125 26 hopbringa,
774 288 32 20 för
821 290 32 18 att
869 290 41 18 sta-

84 318 37 20 ten
137 316 68 22 skulle
221 317 71 20 kunna
308 317 108 25 öfvertaga
432 317 68 20 denna
510 316 80 26 vigtiga
600 316 262 26 samhällsangelägenhet,
874 318 36 19 äro

84 345 55 21 dock
155 345 104 26 betydligt
274 347 69 18 större
358 347 26 18 än
408 345 56 20 hvad
480 345 58 20 Frih.
554 345 100 26 Hisinger
669 345 6 20 i
691 345 38 20 sitt
745 344 109 21 memorial
869 344 40 21 för-

85 373 80 21 modar.
197 373 41 21 Det
252 373 177 26 skattevederlag,
444 379 45 15 som
506 373 66 26 enligt
587 373 134 20 memorialet
736 373 68 20 skulle
815 373 95 26 erläggas

84 402 24 21 af
122 402 26 20 de
171 401 260 27 vägabyggnadsskyldige
454 402 7 20 i
476 401 39 21 och
538 401 33 21 för
587 402 69 20 denna
678 401 75 26 utgifts
769 401 141 24 bestridande,

81 430 73 21 :skulle
169 430 73 21 säkert
256 430 46 21 icke
317 430 28 27 på
360 430 58 27 långt
439 432 38 19 när
492 430 73 21 härtill
580 429 72 22 förslå.
683 429 10 22 I
708 429 79 22 medlet
805 430 28 26 på
857 429 53 21 1860

87 459 53 20 talet
155 465 38 14 var
208 465 25 14 en
250 459 79 20 komité
344 459 85 20 nedsatt
443 459 33 20 för
491 459 119 20 utredande
625 459 23 20 af
656 458 74 27 frågan
742 465 33 14 om
787 458 123 26 landsväga-

85 487 40 21 och
141 487 306 26 brobyggnadsskyldighetens
470 487 117 24 ordnande,
610 487 39 21 och
665 487 28 20 då
713 487 132 21 beräknades
860 493 49 20 pen-

85 515 139 26 ningevärdet
247 515 23 21 af
280 515 168 27 jordbrukarens
470 515 122 27 uppoffring
607 515 33 21 för
656 515 59 21 detta
737 521 53 15 onus
805 515 33 21 till
852 515 7 21 i
875 515 35 20 det

85 546 109 19 närmaste
209 545 12 20 3
238 544 95 26 miljoner
348 545 66 20 mark.
446 544 76 21 Denna
537 544 117 26 beräkning
669 543 74 22 befans
763 543 54 21 dock
833 545 77 25 ytterst

85 572 41 26 låg,
142 574 22 25 ty
179 572 69 27 någon
272 573 30 20 tid
318 573 55 20 förut
396 573 55 20 hade
467 572 121 21 dåvarande
611 572 73 21 chefen
701 572 33 21 för
749 572 161 26 ingeniörkåren

82 601 61 26 gjort
158 607 25 15 en
200 601 115 26 beräkning
330 601 58 21 öfver
402 601 56 20 hvad
474 601 36 21 det
526 601 67 21 skulle
609 601 62 20 kosta
687 603 32 18 att
729 600 33 21 för
773 603 80 18 statens
863 600 47 21 räk-

86 629 51 26 ning
153 629 109 27 öfvertaga
276 630 133 21 underhållet
425 629 22 21 af
460 631 69 20 större
545 629 69 25 broar,
632 636 46 14 men
695 629 41 20 han
752 629 54 21 hade
822 628 88 21 kommit

86 657 32 21 till
141 658 36 21 det
192 658 89 21 resultat
304 660 37 22 att,
357 665 34 14 om
414 660 70 19 staten
506 657 108 27 öfvertoge
636 657 134 21 underhållet
785 657 22 21 af
827 657 26 21 de
869 657 41 21 670

84 688 70 19 större
170 686 98 24 broarna,
284 687 23 20 sä
329 687 67 20 skulle
412 687 59 20 detta
492 687 62 20 kosta
569 692 45 14 mer
630 688 26 18 än
674 687 110 24 1,600,000
800 687 60 19 mark
875 691 34 15 om

86 714 54 21 året.
170 715 111 21 Komiténs
296 715 137 21 medlemmar
454 715 54 21 hade
524 715 104 21 beräknat
643 714 267 21 underhållskostnaderna

84 742 34 21 för
133 743 99 26 omkring
247 744 41 20 870
303 744 79 20 sådana
397 743 64 20 broar
476 743 32 20 till
520 743 76 21 endast
609 744 87 22 133,000
705 743 67 20 mark.
797 742 113 21 Omdömet

86 777 36 14 om
138 771 69 21 denna
222 771 90 22 komités
327 771 141 27 beräkningar
483 771 45 21 blef
542 771 71 21 derför
628 771 65 21 också
709 771 42 25 det,
768 773 31 18 att
815 771 25 20 de
856 771 54 20 varit

86 799 33 21 för
134 799 44 27 lågt
193 800 103 26 tilltagna.
326 799 69 22 Sedan
411 800 48 21 dess
481 800 40 21 har
536 800 175 26 landsvägsnätet
726 799 121 26 ytterligare
863 798 46 21 blif-

87 828 32 20 vit
140 828 107 21 utsträckt
269 828 39 21 och
324 828 117 27 anspråken
464 829 27 26 på
507 828 102 21 broarnas
633 827 145 22 beskaffenhet
793 828 28 21 ha
843 827 67 21 likaså

87 856 68 21 ökats.
186 856 73 22 Skulle
274 863 28 14 nu
324 859 69 19 staten
409 857 109 26 öfvertaga
540 857 80 20 sådana
636 857 88 20 arbeten
739 862 44 15 som
804 857 67 22 dessa,
886 855 24 21 så

85 891 51 14 vore
152 885 36 20 det
203 885 46 21 icke
264 885 107 23 tänkbart,
387 887 32 19 att
435 885 36 21 det
490 885 106 27 vederlag,
606 891 45 15 som
667 885 70 20 kunde
753 885 86 26 åläggas
851 884 59 27 jord-

86 919 99 20 egarene,
202 913 68 22 skulle
285 914 71 23 förslå,
371 917 51 18 utan
439 914 72 21 landet
526 913 55 27 finge
596 914 73 21 ikläda
683 913 32 27 sig
731 920 25 14 en
773 913 50 27 dryg
839 912 71 21 bevill-

86 941 53 27 ning
154 941 33 21 för
202 942 59 21 detta
276 943 103 20 ändamål.

156 970 46 21 Den
218 971 63 20 ärade
296 971 141 26 petitionären
460 971 39 21 har
514 971 49 26 sjelf
583 971 48 20 med
647 971 30 20 alt
692 970 47 21 skäl
754 970 88 21 betonat
857 969 53 21 olik-

87 998 63 21 heten
166 999 7 20 i
189 999 158 21 förhållandena
369 999 6 21 i
392 1000 26 20 de
433 1000 87 26 sydliga,
537 1001 69 19 tätare
625 999 112 21 befolkade
753 999 60 20 länen
829 998 40 21 och
884 998 26 20 de

85 1027 99 26 nordliga
200 1027 60 21 länen
277 1028 38 20 och
331 1028 107 20 eventuelt
453 1028 57 20 velat
525 1027 104 27 begränsa
644 1028 37 20 sitt
694 1027 79 26 förslag
783 1027 32 20 till
827 1026 83 26 Nyland

86 1058 57 18 samt
186 1056 27 20 Åbo
230 1056 38 20 och
283 1056 142 26 Björneborgs
440 1056 41 20 län.
504 1056 41 26 Jag
560 1056 67 20 finner
643 1056 58 20 detta
717 1062 50 14 vara
779 1055 80 27 ganska
869 1054 41 21 rik-

87 1083 40 26 tigt
141 1084 68 20 tänkt.
239 1084 11 21 I
264 1084 80 21 sådana
359 1084 177 28 angelägenheter
552 1090 45 15 som
614 1084 61 21 dessa
690 1084 39 20 bör
745 1090 47 14 man
807 1083 46 21 icke
869 1082 40 21 for-

86 1112 47 20 fara
147 1113 103 20 uniformt
266 1113 57 21 öfver
338 1113 47 21 hela
401 1114 78 20 landet.
501 1112 48 22 Men
562 1113 37 26 jag
614 1112 70 22 tviflar
699 1112 28 27 på
742 1115 32 17 att
785 1118 36 15 ens
831 1112 7 20 i
850 1112 60 20 dessa

86 1143 55 18 mest
163 1141 131 21 kultiverade
317 1142 34 20 län
368 1142 35 20 det
425 1142 120 25 föreslagna
568 1144 101 24 systemet
691 1141 71 21 kunde
777 1140 133 26 genomföras

85 1169 49 21 med
149 1169 67 21 sådan
238 1170 115 26 framgång,
376 1172 32 19 att
430 1172 92 24 vägarne
546 1170 68 20 blefve
637 1169 152 26 mönstergilla,
812 1171 50 18 utan
879 1170 31 18 att

85 1197 147 22 kostnaderna
248 1198 68 21 blefve
331 1199 129 26 väsentligen
476 1200 76 19 större.
582 1198 42 21 Det
640 1204 61 20 synes
717 1198 114 22 dessutom,
839 1196 70 21 såsom

84 1232 37 14 om
139 1226 36 21 det
189 1226 47 21 icke
258 1233 50 15 vore
323 1227 46 21 skäl
391 1229 32 19 att
438 1228 142 20 koncentrera
595 1227 6 20 i
618 1226 220 26 statsförvaltningens
854 1224 56 21 hand

86 1254 81 21 sådana
187 1255 182 26 angelägenheter,
393 1262 44 14 som
453 1255 114 27 lämpligen
589 1255 71 21 kunna
675 1255 28 26 på
725 1257 65 18 annat
805 1256 43 18 sätt
863 1253 47 21 ord-

85 1288 45 15 nas.
161 1282 43 22 För
220 1284 130 21 närvarande
366 1284 62 20 hafva
447 1284 20 20 vi
483 1283 115 27 tingslaget
612 1284 69 20 såsom
698 1283 41 21 den
754 1282 78 22 sociala
847 1281 61 21 enhe-

85 1312 36 19 ten
137 1310 33 21 för
185 1311 328 28 landsvägabyggnadsbesväret.
544 1312 44 20 När
604 1312 5 20 i
626 1312 66 20 sinom
709 1312 30 20 tid
755 1312 155 24 länsrepresen-

86 1339 68 21 tation
170 1340 76 21 varder
261 1340 75 24 införd,
353 1340 23 22 så
390 1340 42 22 kan
453 1347 49 15 man
518 1343 51 18 utan
585 1340 72 21 tvifvel
673 1340 58 21 finna
746 1346 25 14 en
787 1339 123 26 lämpligare

86 1367 84 27 lösning
185 1368 24 21 af
222 1368 80 27 frågan,
325 1369 44 20 ifall
386 1369 36 20 det
436 1369 67 26 gäller
519 1372 31 18 att
574 1368 86 27 öfvergå
675 1368 47 21 från
739 1368 36 21 det
790 1367 120 21 nuvarande

85 1398 109 24 systemet,
211 1398 26 19 än
253 1403 33 14 om
302 1403 49 14 man
367 1397 72 26 lägger
454 1397 6 20 i
476 1400 82 18 statens
574 1397 56 20 hand
646 1397 47 20 hela
709 1397 60 20 detta
784 1396 45 20 vidt
841 1397 70 24 utgre-

84 1424 55 20 nade
156 1424 80 22 arbete.
266 1424 40 27 Jag
322 1425 67 21 måste
405 1425 71 21 derför
491 1425 53 27 hysa
554 1425 109 27 grundade
671 1424 73 21 tvifvel
753 1430 34 15 om
796 1424 40 21 den
847 1423 64 27 prak-

85 1452 56 21 tiska
157 1453 160 21 utförbarheten
339 1453 23 21 af
375 1453 204 27 petitionsförslaget
600 1453 32 21 för
648 1453 139 25 närvarande,
803 1458 47 15 men
866 1452 46 20 må-

84 1480 71 22 hända
178 1481 72 21 kunde
264 1482 74 26 frågan
363 1482 80 20 erhålla
465 1482 125 26 ytterligare
613 1482 110 26 belysning
745 1487 76 21 genom
837 1480 74 22 remiss
