1109 1759
237 123 42 21 266
479 130 24 16 R.
516 134 18 13 o.
547 130 22 16 A.
584 130 58 17 1894.
666 131 21 16 17
700 130 59 18 Febr.

209 208 83 22 väckas.
321 209 67 21 Dessa
400 209 178 27 förutsättningar
599 209 69 22 finner
680 210 44 27 jag,
747 210 33 22 för
796 210 43 21 min
862 210 60 27 ringa
938 210 39 27 del,
993 210 38 22 all-

210 237 58 21 deles
283 238 115 21 ohällbara.
428 238 47 22 Den
490 238 104 27 tolkning,
609 245 45 15 som
670 245 28 15 nu
714 239 39 21 har
773 239 72 27 gifvits
860 238 40 22 och
914 239 67 26 gjorts
996 238 35 22 be-

211 266 131 21 stämmande
358 266 34 22 för
406 266 181 27 tillvägagäendet
608 267 35 21 vid
659 267 36 21 det
710 266 121 27 Höglofliga
846 267 101 21 Ständets
962 268 68 26 plena,

209 295 24 19 är
245 294 25 27 ju
285 295 75 20 endast
376 295 31 21 Hr
422 295 224 22 Landtmarskalkens.
662 295 49 22 Men
727 296 32 21 Hr
774 295 205 22 Landtmarskalken
988 296 43 21 kan

206 322 25 26 ju
246 325 14 18 t.
278 329 30 15 ex.
324 323 23 21 af
361 323 103 27 sjukdom,
486 324 52 21 eller
552 324 24 21 af
588 326 66 19 annat
677 325 48 26 laga
740 324 72 21 förfall
833 330 51 15 vara
907 324 123 21 förhindrad

209 352 33 20 att
256 351 48 21 föra
318 352 62 21 ordet
394 352 44 21 här.
468 353 34 20 Dä
517 353 73 21 träder
605 353 249 21 Vicelandtmarskalken
869 353 6 20 i
891 353 78 26 stället;
991 353 39 21 och

209 379 68 22 denne
292 380 41 21 kan
347 381 22 26 ju
385 381 63 20 hafva
464 387 25 14 en
506 387 69 15 annan
590 381 85 26 mening
698 387 33 15 om
748 381 138 26 stadgandets
901 383 57 20 rätta
973 382 57 20 inne-

209 408 60 21 börd.
298 409 40 26 Jag
354 411 45 19 tror
414 411 32 20 att
462 409 260 22 Vicelandtmarskalkens
736 410 99 26 tolkning
850 409 22 22 af
886 411 45 25 S:en
948 409 26 22 dä
990 409 40 22 blir

208 437 48 20 lika
272 437 110 26 bindande,
408 445 44 14 som
468 445 28 14 nu
519 439 32 20 Hr
566 438 224 25 Landtmarskalkens,
814 441 22 24 ty
851 445 82 14 samma
949 439 25 20 ed
990 438 39 21 och

208 472 84 14 samma
306 466 60 27 pligt,
386 473 44 15 som
446 467 32 20 Hr
493 467 206 21 Landtmarskalken
724 467 32 21 för
772 467 32 26 sig
819 467 109 26 äberopat,
944 467 86 26 älägger

208 493 61 22 äfven
284 494 77 21 honom
384 497 31 19 att
430 495 58 21 bilda
503 495 31 26 sig
557 502 26 14 en
599 495 132 28 sjelfständig
754 495 140 27 öfvertygelse
909 495 7 21 i
931 495 98 22 afseende

210 522 12 21 å
238 523 57 26 S:ens
310 525 56 19 rätta
382 523 96 27 tolkning
492 524 40 21 och
548 526 38 23 att,
602 523 28 22 dä
645 523 42 22 han
702 524 32 21 för
746 524 118 27 presidiet
859 518 10 37 i
875 523 95 26 Ständet,
978 525 52 25 göra

209 551 70 21 denna
294 552 30 21 sin
341 552 138 27 öfvertygelse
493 552 105 27 gällande.
622 552 78 22 Likasä
715 553 42 21 kan
774 553 35 20 vid
825 552 92 27 följande
933 553 96 21 landtda-

208 586 39 21 gar
272 581 111 20 enahanda
406 581 132 21 förhällande
565 587 39 21 ega
620 587 51 15 rum.
702 581 42 22 Det
760 581 42 21 blir
824 581 89 21 sälunda
928 583 30 20 ett
973 581 57 27 evigt

209 609 116 21 vacklande
341 609 31 21 hit
387 610 39 21 och
442 610 36 24 dit,
501 610 39 21 och
555 609 131 22 förfarandet
707 609 97 22 kommer
819 609 60 22 alltid
894 611 32 20 att
942 610 50 21 bero
1007 609 23 22 af

209 637 40 21 den
264 637 34 21 för
313 638 93 21 tillfället
424 639 3 20 i
442 638 91 22 Ständet
548 638 130 27 fungerande
694 639 206 20 landtmarskalkens
909 638 120 27 personliga

208 665 55 27 äsigt
278 666 6 21 i
300 666 188 27 tolkningsfrägan.
517 667 41 26 Jag
572 673 63 15 anser
658 666 76 26 derför,
750 669 34 19 att
800 667 40 26 det,
864 667 32 21 för
911 669 33 19 att
958 667 70 21 säker-

208 695 64 20 ställa
296 695 94 21 finskans
415 697 43 20 rätt
472 697 32 19 att
529 696 5 20 i
551 695 89 22 Ständet
665 695 85 22 komma
766 696 32 20 till
814 696 139 26 användning,
969 697 24 19 är
1008 696 22 21 af

208 725 79 19 största
301 724 45 26 vigt
360 726 33 19 att
408 731 24 14 en
448 724 123 27 förändring
586 724 22 21 af
622 723 162 28 ifrågavarande
800 725 11 26 $
823 724 83 27 bringas
917 725 31 20 till
959 724 69 25 stånd,

208 751 27 21 dä
250 752 37 21 det
302 752 82 27 engäng
406 753 54 20 visat
475 753 38 26 sig,
537 755 33 18 att
584 753 123 26 tolkningen
730 753 22 20 af
772 753 122 21 densamma
915 753 41 20 kan
972 759 56 20 vara,

208 780 39 21 och
262 780 90 22 faktiskt
367 783 30 24 är,
414 782 62 20 olika.

276 837 32 22 Hr
326 844 49 15 von
392 838 135 21 Schrowe:
558 838 68 21 Viime
641 838 121 21 istunnossa
777 838 74 27 pyysin
867 838 74 21 käsillä
956 838 73 21 olevaa

207 865 58 22 asiaa
287 867 55 20 täksi
370 867 94 26 päiväksi
489 867 97 27 pöydälle
612 867 127 21 tarkemmin
768 867 156 21 tutustuakseni
949 867 80 21 tuohon

206 894 137 27 Vapaaherra
357 901 40 16 von
407 895 79 22 Bornin
497 896 118 23 tekemään,
631 895 141 22 merkilliseen
780 895 23 27 ja
813 895 80 27 ympäri
904 897 126 20 maatamme

207 923 98 22 kammoa
327 923 161 22 herättäneesen
508 924 215 27 esitysehdotukseen.
755 924 54 21 Olen
824 926 37 25 nyt
876 926 100 25 pyytänyt
992 931 37 19 pu-

206 951 142 27 heenvuoroa,
376 959 25 15 en
423 953 102 21 suinkaan
553 953 119 25 senvuoksi,
696 955 44 18 että
762 953 82 20 kävisin
870 953 160 26 kysymyksessä

206 980 75 21 olevaa
302 981 108 22 kieliasiaa
432 981 100 22 koskevia
550 981 74 21 kohtia
639 981 127 21 enemmältä
782 981 156 26 tulkitsemaan,
963 981 67 21 koska

206 1009 67 21 täällä
294 1012 61 19 useat
378 1010 94 21 edelliset
494 1010 93 21 arvoisat
609 1009 89 27 puhujat
722 1011 50 20 ovat
792 1010 22 27 jo
837 1010 106 27 tarpeeksi
958 1011 72 19 tämän

208 1037 111 22 kieliasian
334 1038 84 21 vaiheet
432 1039 140 21 selvittäneet.
603 1038 86 21 Lausun
704 1045 54 14 vaan
774 1045 38 14 sen
827 1038 81 21 vakaan
924 1038 50 21 sekä
986 1038 44 26 jär-

206 1065 184 23 kähtämättömän
406 1067 142 27 mielipiteeni,
564 1068 44 20 että
623 1067 115 20 ottaessani
756 1069 73 19 tämän
845 1067 185 21 korkea-arvoisan

206 1093 85 28 Säädyn
306 1095 168 22 keskusteluihin
490 1102 58 19 osaa,
564 1095 44 21 olin
623 1095 69 26 täysin
710 1095 128 22 vakuutettu
853 1095 54 26 siitä,
923 1097 45 19 että
982 1101 48 15 suo-

207 1123 133 22 menkielellä
360 1124 28 21 oli
410 1125 51 26 yhtä
482 1125 119 20 oikeutettu
624 1123 39 27 sija
684 1123 50 22 kuin
754 1124 205 21 ruotsinkielelläkin
979 1123 51 22 sekä

206 1153 46 19 että
267 1153 172 21 suomenkielellä
453 1155 37 24 nyt
503 1153 23 26 ja
541 1152 219 21 tulevaisuudessakin
771 1159 27 14 on
810 1159 58 14 sama
878 1152 72 21 oikeus
962 1152 66 21 oleva.

275 1181 115 21 Rohkenen
408 1182 36 21 siis
459 1181 89 27 lyhyesti
563 1181 78 25 toivoa,
664 1183 44 19 että
723 1181 263 21 Ritarihuonevaliokunta
1001 1187 27 14 on

206 1209 66 21 tuolle
282 1209 136 27 Vapaaherra
428 1216 40 15 von
476 1210 79 21 Bornin
564 1209 121 25 laatimalle,
696 1209 93 22 Suomen
800 1209 80 21 kansan
891 1209 137 21 enemmistön

206 1237 70 22 kielen
298 1239 110 20 oikeuksia
430 1238 112 21 sortavalle
557 1238 23 26 ja
594 1238 128 21 solvaavalle
738 1238 147 21 ehdotukselle
900 1240 77 19 antava
991 1243 37 16 sen

206 1272 72 20 arvon,
295 1267 57 20 mikä
366 1267 46 21 sille
428 1267 78 21 todella
522 1273 27 14 on
564 1266 78 21 tuleva.

274 1323 32 21 Hr
322 1323 22 22 C.
361 1324 25 21 G.
402 1324 220 27 Standertskjöld:
645 1325 33 20 Då
694 1325 36 20 det
744 1326 24 19 är
784 1323 68 21 första
866 1323 80 27 gången
962 1323 66 21 under

206 1351 26 21 de
247 1352 13 20 6
276 1351 126 27 landtdagar
414 1353 37 26 jag
466 1353 46 21 haft
527 1355 51 19 äran
592 1353 84 26 deltaga
686 1353 7 20 i
704 1353 60 21 detta
775 1352 79 21 Ständs
864 1351 164 27 förhandlingar,

205 1385 45 16 som
274 1381 30 20 ett
326 1381 135 26 andragande
482 1381 142 26 förekommit,
646 1382 6 20 i
675 1381 80 21 hvilket
770 1381 25 20 sä
810 1380 90 27 spefulla
914 1380 39 21 och
968 1379 61 27 eljest

205 1409 119 25 opassande
341 1410 85 26 uttryck
441 1412 45 19 mot
501 1416 25 15 en
542 1410 82 21 enskild
639 1410 90 21 medlem
745 1409 23 22 af
782 1409 90 22 Ständet
886 1409 75 26 ingätt,
984 1414 45 15 som

204 1436 8 21 i
232 1437 36 20 det
283 1437 23 21 af
319 1437 33 21 Hr
366 1438 113 21 Valdemar
494 1445 40 14 von
550 1438 87 22 Hellens
651 1439 7 20 i
674 1439 41 25 dag
734 1437 129 27 framsagda,
885 1440 51 18 utan
950 1438 32 19 att
997 1436 32 21 Hr

204 1464 206 23 Landtmarskalken
432 1466 69 22 funnit
522 1466 47 22 skäl
589 1467 96 27 begagna
707 1467 31 26 sig
760 1466 24 21 af
800 1466 40 20 den
855 1467 50 24 rätt,
928 1471 45 15 som
988 1464 42 22 till-

204 1493 97 21 kommer
316 1494 77 21 honom
409 1495 28 26 pä
452 1495 68 27 grund
535 1495 23 21 af
571 1496 13 20 2
599 1501 62 15 mom.
676 1495 7 21 i
699 1495 13 27 $
727 1495 27 21 46
771 1495 25 20 L.
812 1494 32 25 O.,
862 1494 24 20 sä
900 1494 80 26 nödgas
992 1493 38 27 jag

204 1521 86 22 anhålla
305 1524 33 20 att
352 1522 22 22 få
388 1523 32 21 till
435 1524 129 26 protokollet
580 1524 128 21 antecknadt
724 1524 50 20 mitt
788 1522 132 26 beklagande
934 1522 96 22 deröfver
