1103 1756
276 128 79 16 Finska
367 127 86 21 språket
464 128 36 16 vid
512 128 25 16 R.
550 132 17 12 o.
580 128 35 16 A:s
627 128 68 21 plena.
826 123 39 21 199

142 207 108 21 Huruvida
266 208 60 20 dessa
341 207 111 25 förbehåll,
468 207 82 21 hvilkas
562 207 101 21 framtida
674 207 97 27 giltighet
782 208 45 21 icke
838 214 57 14 mera

73 237 26 19 än
115 236 67 20 andra
196 236 131 20 föreskrifter
341 238 24 18 är
381 236 118 20 oberoende
510 236 24 20 af
542 236 125 21 förändrade
680 236 151 26 förhållanden,
843 236 52 20 böra

72 264 8 20 i
103 264 74 26 sjelfva
198 264 24 21 R.
246 264 24 21 O.
293 264 7 20 i
316 264 47 21 dess
379 265 26 20 36
421 264 12 27 &
448 264 55 26 ingå,
520 264 51 21 eller
586 264 99 27 möjligen
702 264 122 26 lämpligare
839 264 56 22 finna

73 298 47 15 rum
129 292 30 21 uti
167 292 39 21 den
216 292 181 27 ordningsstadga,
409 292 61 21 hvars
484 293 207 26 ånyo-upprättande
701 292 33 21 för
745 292 72 26 hvarje
827 293 68 21 landt-

73 320 41 27 dag
130 321 5 20 i
151 327 79 15 samma
244 322 13 25 $
278 321 108 26 påbjudes,
403 323 23 19 är
441 321 46 21 från
503 322 43 20 min
562 321 130 27 ståndpunkt
708 321 23 21 af
743 321 81 21 mindre
839 322 55 26 vigt;

73 355 47 15 men
136 349 23 21 så
174 349 61 27 länge
252 350 39 20 den
306 350 58 20 äldre
380 350 149 26 generationen
546 350 122 24 qvarlefver,
685 349 84 21 hvilken
785 349 45 21 icke
841 350 54 20 varit

73 377 82 27 skyldig
178 380 31 18 att
231 378 71 20 kunna
324 377 67 21 finska
414 378 38 21 och
469 378 65 21 delvis
550 378 89 21 faktiskt
653 378 47 21 icke
715 378 80 20 känner
810 378 86 26 språket

73 406 24 20 så
112 406 39 26 väl,
167 412 44 15 som
227 406 33 21 för
274 406 149 26 uppfattandet
439 406 21 21 af
473 406 89 27 mången
574 406 56 27 gång
646 406 93 26 otydliga
755 406 38 20 och
809 406 85 26 orediga

73 434 149 27 andraganden
245 435 7 20 i
275 441 24 14 en
322 435 107 21 akustiskt
444 435 140 26 ofördelaktig
600 435 30 21 sal
646 441 50 15 vore
709 434 22 21 af
744 435 75 24 nöden,
835 440 61 21 synes

73 463 38 21 det
125 464 42 26 mig
182 470 50 14 vara
248 463 17 26 ej
288 463 89 21 allenast
392 464 84 20 rättvist
492 465 32 19 att
540 464 68 20 denna
622 463 123 27 generation
761 463 18 26 ej
800 463 96 22 beröfvas

75 492 39 21 den
123 492 111 26 vigtigaste
245 492 177 27 förutsättningen
433 492 33 21 för
476 494 32 19 att
519 492 72 21 kunna
601 492 85 21 bemöta
694 491 139 27 tilläfventyrs
841 492 55 21 före-

75 520 125 21 kommande
220 520 97 21 ohemula
335 527 99 20 angrepp,
449 523 51 18 utan
514 521 61 20 äfven
586 521 77 26 skäligt
679 522 32 19 att
721 520 120 21 densamma
849 521 47 20 icke

75 548 72 21 alltför
165 549 83 26 mycket
264 551 67 18 störes
347 549 6 20 i
372 549 37 20 sitt
423 549 123 26 offervilliga
557 549 39 20 och
607 549 45 20 ofta
662 549 161 26 ansträngande,
832 549 63 21 oaflö-

75 577 54 20 nade
137 577 72 21 arbete
220 577 32 20 för
263 577 148 21 fosterlandets
422 578 40 26 väl,
474 590 26 2 —
513 577 39 21 och
561 578 59 20 detta
628 577 32 21 för
669 577 35 21 det
716 578 123 20 närvarande
850 577 46 21 icke

75 605 33 20 för
131 607 30 19 ett
183 605 90 26 verkligt
295 605 72 21 behofs
389 606 61 24 skull,
472 608 51 19 utan
540 606 54 20 blott
608 605 33 21 för
656 605 204 21 tillfredsställandet
875 605 23 21 af

76 639 25 15 en
117 633 82 21 enskild
213 634 54 27 nyck
283 634 50 21 eller
348 634 22 21 af
385 641 24 14 en
425 634 125 27 yfverboren
565 634 64 21 finskt
644 633 94 22 nationel
753 633 89 28 fåfänga.
858 634 38 21 Att

76 662 46 20 åter
144 662 24 21 R.
193 668 18 15 o.
234 663 25 20 A.
276 663 66 20 under
357 663 80 20 sådana
451 663 146 20 förhållanden
613 663 45 20 icke
675 662 72 21 kunna
761 669 50 14 vara
826 662 70 26 villige

76 692 36 47 E
131 691 93 20 anordna
247 697 25 14 en
298 691 89 20 särskild
402 691 102 26 tolkning,
520 691 67 20 finner
600 691 36 26 jag
652 691 107 26 ändtligen
775 697 50 15 vara
841 690 55 27 sjelf-

85 719 56 20 allet.

145 850 85 21 Införda
252 851 6 20 i
273 851 23 20 R.
313 851 24 21 O.
353 851 68 20 skulle
437 851 61 21 dessa
513 851 23 20 af
549 851 43 26 mig
607 857 29 14 nu
650 851 119 26 föreslagna
783 850 113 26 ändringar

76 878 40 21 och
131 878 74 27 tillägg
219 879 56 26 gifva
290 879 22 21 ät
333 880 4 25 $
354 879 27 21 36
397 879 93 27 följande
505 879 90 27 lydelse:

350 963 11 8 »
363 947 41 21 Vid
432 947 186 27 förhandlingarna
643 947 68 21 under
733 947 163 26 Ridderskapets

281 975 38 22 och
341 976 79 20 Adelns
439 977 169 20 sammanträden
624 975 106 28 begagnas
750 975 89 22 svenska
859 975 38 21 och

281 1004 66 21 finska
362 1004 97 26 spräken.

350 1033 41 20 Vill
406 1033 69 26 nägon
490 1034 58 24 yttra
562 1033 32 26 sig
609 1033 28 26 pä
651 1032 68 21 finska
735 1033 91 26 spräket,
843 1032 55 27 gifve

281 1060 75 21 sädant
371 1061 105 20 tillkänna
491 1061 35 20 vid
543 1061 35 20 det
593 1061 41 20 han
645 1061 64 26 begär
720 1061 67 24 ordet,
799 1061 39 20 och
849 1067 49 14 vare

282 1089 81 26 skyldig
385 1091 74 24 genast
482 1089 54 21 efter
555 1089 37 21 sitt
614 1089 141 26 andragande,
778 1089 48 26 sjelf
847 1089 51 20 eller

282 1123 74 20 genom
372 1124 68 15 annan
456 1117 174 26 ständsledamot,
644 1118 116 21 detsamma
771 1117 28 26 pä
809 1117 89 21 svenska

281 1146 85 26 spräket
382 1146 108 26 ätergifva.
521 1146 106 21 Tredskar
637 1146 48 25 han,
695 1147 118 20 utelemnas
824 1146 74 21 andra-

281 1174 77 26 gandet
373 1174 46 21 frän
436 1174 95 21 ständets
547 1174 113 26 protokoll,
675 1175 39 20 och
730 1181 50 14 vare
795 1174 41 21 han
853 1173 46 22 icke

282 1203 119 26 berättigad
417 1205 31 18 att
464 1203 62 20 ordet
542 1203 66 20 under
623 1209 81 14 samma
715 1203 102 26 landtdag
827 1202 72 21 vidare

282 1231 79 20 erhålla
383 1231 33 20 för
439 1231 135 26 andragande
595 1231 27 26 pä
645 1231 68 20 finska
732 1231 92 26 språket.
854 1229 45 22 Har

282 1265 67 15 annan
372 1259 164 21 ständsmedlem
557 1259 8 21 i
580 1259 141 26 andragande,
737 1265 44 15 som
797 1258 22 21 af
834 1258 66 21 sädan

282 1288 62 20 orsak
363 1287 47 21 icke
425 1288 7 20 i
447 1287 131 27 protokollet
600 1287 67 27 ingär,
682 1287 69 21 blifvit
765 1287 135 27 personligen

282 1316 106 27 angripen,
411 1322 49 15 vare
483 1317 68 20 denne
575 1315 64 22 likväl
663 1316 120 27 berättigad
803 1317 32 19 att
851 1315 49 21 slikt

282 1351 91 20 angrepp
389 1344 55 21 inför
460 1344 108 27 protokoll
582 1344 91 21 bemöta.

352 1373 45 26 Lag
420 1379 81 14 samma
516 1373 55 26 gälle
586 1373 99 20 motions-
701 1373 39 20 och
756 1372 144 27 petitionsme-

283 1401 73 20 morial
372 1403 55 18 samt
450 1401 67 21 andra
532 1401 91 25 skrifter,
640 1407 45 14 som
701 1401 22 20 af
737 1399 163 22 ständsmedlem

282 1429 95 26 ingifvas.

351 1457 42 21 För
417 1457 64 26 öfrigt
504 1457 53 21 skall
579 1463 25 15 en
620 1457 91 21 särskilä
727 1455 175 29 ordningsstadga

282 1486 32 20 för
335 1485 72 26 hvarje
428 1485 102 27 landtdag
545 1487 111 25 uppsättas
671 1486 39 21 och
726 1485 32 21 till
774 1483 105 27 efterföljd
894 1484 7 21 i

282 1513 180 22 Riddarhussalen
478 1514 90 21 anslås.”
