1106 1759
331 118 109 22 Justering
453 119 23 17 af
487 119 188 18 ständerbesluten.
847 114 41 22 495

91 198 172 27 uppkommande
279 199 267 26 meningsskiljaktigheter
561 199 23 21 af
598 199 68 27 någon
682 199 51 27 vigt.
764 199 49 21 Men
829 199 35 21 det
879 199 39 21 har

91 226 95 22 inträffat
201 229 33 19 att
249 228 202 25 meningsolikheter
465 228 99 26 uppstått
578 228 90 20 emellan
684 228 131 26 Justerings-
826 228 39 20 och
875 228 42 20 Ex-

92 255 215 27 peditionsutskotten
323 256 7 20 i
345 255 72 28 frågor
432 256 23 21 af
469 256 24 21 så
509 256 155 27 jemförelsevis
679 256 61 27 ringa
756 256 113 28 betydelse,
885 258 32 19 att

92 290 48 15 man
156 284 47 21 icke
218 284 66 27 ansåg
305 285 36 20 det
365 287 43 19 rätt
428 285 100 27 skickligt
543 287 33 19 att
591 285 48 21 med
655 285 72 27 dylika
742 285 72 26 frågor
829 284 88 22 besvära

91 312 128 22 Ständerna.
249 313 41 26 Jag
312 314 35 20 vill
371 313 119 25 hemställa,
513 314 105 20 huruvida
640 313 36 21 det
692 313 121 27 Höglofliga
828 313 89 21 Ståndet

90 347 51 15 vore
157 342 139 20 intresseradt
312 344 32 18 att
359 342 21 21 fä
395 342 32 27 sig
441 342 97 26 förelagd
562 342 40 21 den
616 342 68 27 fräga,
701 348 34 15 om
751 342 30 21 uti
797 344 32 19 ett
843 342 73 21 betän-

90 370 81 22 kandes
194 370 68 21 finska
285 373 44 19 text
346 371 35 21 det
403 371 67 21 borde
493 371 50 21 heta
558 372 176 26 ,muuttamatta*
750 371 52 21 eller
814 372 103 26 ,muutta-

91 401 146 19 mattomana*
253 399 52 21 eller
320 400 67 20 andra
403 400 72 26 dylika
489 399 72 27 frägor
576 400 22 20 af
612 400 46 21 icke
674 400 84 26 mycket
774 402 68 18 större
859 400 57 26 bety-

91 428 63 21 delse.
185 428 42 21 Det
252 434 37 14 var
311 428 32 21 för
359 430 32 19 att
406 428 68 21 befria
490 428 120 21 Ständerna
624 428 47 21 frän
688 430 32 19 att
735 430 50 24 taga
800 427 117 28 befattning

90 456 48 22 med
160 456 71 28 dylika
253 456 76 27 frägor,
350 463 45 15 som
411 457 227 27 Justeringsutskottet
653 457 74 27 gjorde
743 457 37 21 sitt
795 456 78 28 förslag
885 459 31 19 att

90 486 6 20 i
112 485 82 21 mindre
216 486 79 26 vigtiga
318 486 36 20 fall
376 485 117 21 Utskotten
515 486 69 20 skulle
607 485 21 21 fä
650 486 160 20 sammanträda
831 485 32 21 för
885 487 31 19 att

90 514 54 21 fatta
160 514 109 21 definitiva
284 514 70 21 beslut
369 515 65 20 redan
450 515 68 21 under
534 514 140 27 landtdagens
690 515 56 26 lopp.
776 514 41 27 Jag
832 514 35 21 vill
883 514 33 21 för

90 543 44 20 min
150 543 33 21 del
199 543 94 21 erkänna
317 545 32 19 att
371 543 36 21 det
430 543 81 21 kanske
527 543 55 21 hade
599 543 55 21 varit
669 543 100 26 riktigare
785 545 33 19 att
833 543 6 21 i
855 543 61 21 skrif-

91 572 72 20 velsen
178 572 98 20 använda
291 572 108 26 uttrycket
415 575 32 18 att
462 572 116 21 Utskotten
595 578 49 15 vore
661 572 121 26 ,skyldiga"
798 574 33 18 att
841 572 6 20 i
859 571 57 22 före-

90 600 127 21 kommande
233 600 102 27 vigtigare
350 600 71 26 frågor
437 601 70 20 vända
522 601 31 26 sig
568 600 32 21 till
616 600 122 22 Ständerna
753 602 26 19 än
796 601 68 21 såsom
881 601 35 21 det

90 628 62 22 heter
167 631 32 19 att
214 628 115 22 Utskotten
351 629 70 21 dertill
437 629 64 21 hafva
516 629 144 27 ,förbehållen
676 631 64 19 rätt".
771 628 45 22 Och
831 629 35 21 vill
879 629 37 27 jag

90 657 72 22 derför
185 657 78 21 föreslå
289 660 30 18 att
343 658 90 21 Ståndet
449 658 69 21 skulle
534 658 72 20 bifalla
622 658 32 21 till
670 657 183 27 framställningen
868 658 48 21 med

90 686 40 21 den
146 686 96 26 ändring,
259 693 44 14 som
319 686 162 22 Presteståndet
496 687 65 21 redan
576 686 102 27 godkänt,
691 686 106 26 nämligen
808 688 31 19 att
851 686 64 22 orden

90 714 143 27 förbehållen
249 715 116 27 rättighet"
381 716 69 20 skulle
466 716 78 20 ändras
560 715 32 21 till
604 715 155 27 ,,skyldighet*.
790 715 33 21 Då
833 714 34 28 jag
878 715 39 21 har

90 744 68 23 ordet,
175 744 24 20 så
213 744 36 20 vill
263 744 36 26 jag
314 746 62 23 ännu,
400 744 6 21 i
430 744 114 26 anledning
564 744 22 20 af
601 746 31 18 ett
647 743 101 27 yttrande
764 743 25 21 af
801 743 31 21 Hr
847 744 68 21 Mont-

90 778 87 21 gomery
193 772 132 21 beträffande
341 772 134 27 strafflagens
490 772 135 27 behandling,
641 774 77 20 nämna
726 774 33 19 att
769 772 65 27 något
844 772 72 22 vidare

91 800 101 28 dröjsmål
208 802 47 20 med
272 802 59 20 detta
353 802 78 20 ärende
455 802 46 20 icke
518 801 162 21 åstadkommits
696 807 74 20 genom
787 801 129 27 Justerings-

91 830 107 20 utskottet
219 832 26 19 än
269 832 31 18 att
325 830 48 21 dess
389 830 129 27 behandling
533 831 81 25 engång
630 830 112 27 uppskjöts
758 831 77 19 tvänne
851 830 65 26 dagar

90 858 23 21 af
128 858 114 27 anledning
257 861 32 19 att
305 865 38 21 par
359 859 138 22 medlemmar
512 859 24 21 af
549 859 111 22 Utskottet
676 861 56 19 satte
747 858 7 20 i
769 858 66 27 fråga,
852 858 65 22 huru-

90 887 50 21 vida
165 887 47 21 icke
237 888 152 27 motiveringen
415 888 68 22 borde
506 888 66 22 blifva
593 888 65 27 något
679 887 132 26 utförligare,
833 888 38 20 och
891 888 26 21 de

90 916 94 21 önskade
207 916 6 21 i
235 917 60 21 detta
317 917 98 21 afseende
438 918 98 20 meddela
551 918 32 26 sig
598 917 49 21 med
662 917 67 21 andra
745 917 137 20 medlemmar
897 917 22 21 af

91 944 136 27 landtdagen.
260 945 111 22 Utskottet
386 946 66 26 ansåg
469 946 30 26 sig
514 946 47 21 icke
577 946 53 21 böra
645 948 66 24 vägra
722 945 61 21 dessa
792 945 74 21 herrar
877 945 39 21 den

90 973 125 22 betänketid
231 974 25 21 de
272 974 100 22 önskade.
402 974 41 27 Jag
465 975 66 26 vågar
552 975 54 21 dock
621 977 33 19 tro
671 976 33 19 att
719 974 64 26 något
799 974 56 20 tadel
871 974 46 21 der-

91 1002 33 21 för
140 1002 47 22 icke
203 1002 65 22 borde
291 1002 61 22 träffa
372 1003 234 27 Justeringsutskottet.
631 1016 24 2 —
680 1002 153 22 Hufvudsaken
855 1008 62 21 synes

90 1031 44 27 mig
148 1037 29 15 nu
192 1037 51 15 vara
258 1034 33 18 att
306 1032 64 26 något
381 1034 43 18 sätt
432 1031 122 26 fastställes,
566 1032 137 26 hvarigenom
712 1031 36 21 det
759 1030 69 22 blefve
836 1031 81 27 möjligt

90 1062 33 19 att
139 1063 51 17 utan
207 1060 130 21 besvärande
353 1060 23 21 af
391 1060 119 22 Ständerna
530 1060 73 27 afgöra
618 1060 83 22 mindre
717 1060 79 26 vigtiga
811 1060 105 21 tvistefrå-

90 1094 39 21 gor
144 1088 92 22 emellan
251 1089 129 27 Justerings-
395 1089 40 21 och
451 1089 257 27 Expeditionsutskotten.
739 1089 32 20 En
787 1090 64 24 utväg
866 1094 50 16 vore

90 1117 124 27 visserligen
230 1118 64 20 också
310 1118 39 20 den
373 1118 22 20 af
412 1118 32 20 Hr
459 1118 147 26 Montgomery
622 1118 126 25 föreslagna,
764 1117 105 27 nämligen
885 1119 32 19 att

90 1145 228 27 Justeringsutskottet
333 1146 55 26 finge
407 1146 49 22 med
472 1146 130 22 Ständernas
618 1148 43 19 rätt
676 1146 75 26 afgöra
766 1146 67 21 under
849 1146 67 20 landt-

90 1174 80 26 dagens
193 1175 57 26 lopp,
274 1181 47 15 men
343 1175 70 27 någon
434 1175 65 21 sådan
516 1177 43 19 rätt
575 1175 39 21 har
628 1175 227 26 Justeringsutskottet
870 1174 46 21 icke

88 1202 48 22 fått.
166 1203 42 27 Jag
234 1203 65 27 vågar
321 1203 78 21 föreslå
414 1206 33 19 att
463 1204 89 21 Ståndet
568 1203 84 22 bifaller
668 1203 31 21 till
716 1203 108 27 förslaget,
841 1202 76 22 sådant

89 1231 36 21 det
140 1231 24 21 af
178 1231 111 22 Utskottet
303 1232 125 26 framstälts,
451 1238 49 16 men
515 1233 48 20 med
580 1233 40 20 den
635 1232 23 21 af
672 1232 43 26 mig
729 1232 109 27 påyrkade
850 1232 65 20 modi-

88 1259 123 22 fikationen.

158 1345 31 21 Hr
237 1348 189 25 Montgomery:
458 1347 40 25 Jag
520 1346 39 21 ber
580 1347 8 21 i
611 1346 113 27 anledning
740 1346 22 21 af
776 1346 42 21 den
833 1347 83 19 senaste

88 1374 65 21 ärade
169 1374 95 21 talarens
279 1375 137 27 andragande
431 1375 22 21 få
469 1376 69 20 uttala
552 1377 32 19 att
594 1375 37 27 jag
644 1381 63 15 anser
718 1375 36 21 det
764 1374 107 28 sjelffallet
885 1375 32 19 att

88 1402 227 26 Justeringsutskottet
338 1403 6 21 i
368 1403 82 21 sådana
469 1404 73 26 frågor
565 1404 38 21 bör
622 1404 64 21 hafva
701 1404 79 20 vitsord
797 1403 25 21 så
835 1404 33 20 att
883 1402 33 21 för

88 1431 36 21 det
146 1431 67 27 några
234 1438 157 20 gemensamma
415 1433 172 21 sammanträden
608 1432 48 21 med
672 1431 245 27 Expeditionsutskottet

87 1459 48 21 icke
150 1461 37 19 äro
204 1460 111 26 behöfliga.
344 1460 41 27 Jag
401 1463 89 24 antager
505 1463 33 19 att
553 1461 131 21 Ständernas
700 1461 96 27 uppdrag
812 1460 105 26 sjelfklart

87 1488 118 21 innefattar
221 1488 68 21 denna
305 1489 128 26 befogenhet
447 1490 34 20 för
497 1489 232 27 Justeringsutskottet.
