1103 1759
239 122 28 22 68
492 128 25 17 R.
530 132 18 13 o.
561 128 22 17 A.
597 129 59 17 1894.
680 129 9 16 1
702 128 58 18 Febr.

561 207 125 23 Elektorsval.

279 264 31 21 Pä
332 264 143 22 elektorernes
498 266 81 25 vägnar
594 265 98 21 anmälde
709 264 31 21 Hr
755 264 25 21 V.
796 271 55 14 von
868 265 170 21 Haartman

210 293 33 20 att
257 298 37 15 sex
310 293 63 21 bland
389 293 60 21 desse
464 294 69 20 under
548 295 85 19 senaste
649 293 144 26 treärsperiod
806 293 73 27 längre
890 294 52 20 eller
952 293 87 21 kortare

210 321 31 21 tid
257 321 122 27 tjenstgjort
400 322 6 20 i
422 322 106 26 egenskap
550 322 23 20 af
591 322 194 26 Bankfullmäktige
801 324 54 18 samt
872 322 72 20 derför
958 322 80 26 ansägo

210 350 33 26 sig
257 356 53 14 vara
325 350 134 21 förhindrade
475 352 32 19 att
523 350 86 27 deltaga
624 351 6 20 i
646 350 34 21 val
692 350 23 21 af
724 350 117 21 ledamöter
852 350 39 21 och
902 350 137 27 suppleanter

209 378 8 21 i
239 378 177 26 Bankutskottet;
432 379 39 21 och
489 378 121 22 hemstälde
627 379 31 20 Hr
672 385 40 15 von
729 379 125 25 Haartman,
871 379 105 21 huruvida
990 378 47 22 icke

210 406 24 22 R.
251 412 18 15 0.
285 407 24 21 A.
333 407 48 21 ville
403 409 47 19 utse
473 407 36 21 två
531 409 61 19 extra
615 408 83 20 valmän
722 407 34 21 för
779 407 104 21 vinnande
906 408 22 20 af
944 407 93 27 lagstad-

209 436 52 25 gadt
277 436 58 20 antal
351 436 90 26 ojäfviga
455 436 107 20 elektorer
577 436 77 21 endast
669 438 33 18 att
716 436 56 26 välja
787 436 117 20 ledamöter
920 436 39 21 och
975 442 63 20 supp-

209 463 83 21 leanter
307 464 6 20 i
329 464 76 21 nämda
421 464 82 21 utskott
518 470 29 15 nu
562 465 39 20 och
618 464 61 22 äfven
694 464 119 22 framdeles,
826 464 7 21 i
844 464 37 21 fall
897 464 65 21 behof
976 464 63 21 deraf

208 492 75 21 vidare
298 493 67 20 under
381 493 138 27 landtdagens
535 493 50 27 lopp
601 493 68 21 skulle
685 499 72 21 yppas.

279 520 70 22 Sedan
359 521 25 21 R.
396 528 18 14 o.
425 522 23 20 A.
465 521 26 27 pä
508 522 31 20 Hr
555 522 218 20 Landtmarskalkens
788 521 156 27 framställning
959 520 77 22 bifallit

209 548 32 22 till
256 549 139 21 förevarande
411 550 132 23 hemställan,
560 550 134 27 uppmanade
710 550 32 20 Hr
757 550 206 21 Landtmarskalken
974 549 62 22 Stän-

209 577 36 21 det
267 580 34 19 att
323 578 131 22 omedelbart
477 579 72 21 skrida
571 579 33 21 till
627 579 33 20 val
684 579 20 20 af
726 580 77 19 tvänne
825 581 60 18 extra
904 578 84 21 valmän
1003 578 33 21 för

208 606 161 26 ifrågavarande
385 607 103 24 ändamål,
504 607 82 21 hvilket
602 607 61 21 äfven
679 606 53 22 härä
748 607 132 21 verkstäldes
903 610 55 18 samt
973 607 63 21 utföll

208 634 97 26 sålunda,
327 637 32 19 att
380 636 32 20 till
428 638 59 19 extra
503 636 107 20 elektorer
627 636 85 26 utsågos
728 636 57 20 Frih.
801 635 234 27 Langenskiöld

208 663 49 21 med
279 664 27 20 46
329 666 68 19 röster
420 664 37 22 och
481 664 32 21 Hr
528 664 122 21 Alexander
666 664 93 22 Lennart
775 664 196 27 Gripenberg
986 664 49 21 med

207 692 28 20 33
251 694 75 20 röster.

468 778 181 28 Bankfullmäktiges
665 778 111 23 berättelse.

277 834 31 21 Hr
331 835 204 21 Landtmarskalken
556 835 143 26 tillkännagaf
719 836 32 20 att
775 835 62 21 bland
861 834 99 22 Ständets
976 835 58 21 med-

207 862 90 22 lemmar
313 863 92 21 utdelats
421 864 100 20 Finlands
537 863 102 22 Ständers
655 864 206 26 Bankfullmäktiges
877 863 113 21 berättelse
1001 863 32 21 till

206 890 132 22 Ständernas
353 892 148 26 Bankutskott,
518 892 132 21 omfattande
666 892 50 21 ären
734 892 147 21 1891—1893.

275 948 32 21 Hr
330 948 149 21 Lindelöf
500 949 125 21 meddelade
640 949 6 20 i
662 949 114 25 anledning
791 948 64 21 häraf
868 950 32 20 att
916 948 66 27 sagda
996 948 36 21 be-

206 976 89 21 rättelse
316 976 84 22 komme
419 979 33 19 att
467 977 89 21 likasom
573 978 89 26 tidigare
678 977 113 21 enahanda
806 977 126 21 berättelser
947 977 85 27 ätföljas

205 1004 23 21 af
249 1011 26 14 en
298 1005 124 21 tabellarisk
446 1006 101 20 öfversikt
569 1006 60 20 öfver
651 1006 100 20 Finlands
773 1006 73 20 Banks
869 1005 99 27 ställning
992 1006 40 20 och

204 1033 137 21 verksamhet
357 1034 66 20 under
439 1037 82 18 senaste
536 1034 150 26 treärsperiod.
717 1034 76 21 Denna
805 1034 109 24 öfversikt,
925 1040 45 15 som
981 1040 51 15 vore

205 1061 68 21 under
295 1062 74 21 arbete
391 1068 48 15 men
461 1062 62 21 hvars
545 1062 134 22 slutförande
695 1062 94 22 berodde
805 1062 66 27 derpä
886 1064 32 19 att
933 1062 99 21 Bankens

204 1089 89 22 bokslut
315 1090 34 21 för
370 1092 82 20 senaste
468 1090 24 22 är
507 1092 57 20 ännu
579 1091 46 21 icke
641 1091 75 21 hunnit
731 1092 114 25 uppgöras,
861 1090 84 22 komme
960 1092 33 20 att
1008 1090 24 22 sä

204 1120 61 19 snart
280 1118 61 22 detta
355 1119 57 21 skett
427 1119 31 21 till
473 1120 168 20 Bankutskottet
657 1119 146 21 öfverlemuas.

274 1147 25 21 R.
321 1153 19 15 o.
356 1148 25 20 A.
397 1148 69 20 beslöt
488 1149 33 20 att
543 1148 118 26 bordlägga
683 1148 206 26 Bankfullmäktiges
914 1147 116 23 berättelse

204 1174 33 22 till
252 1177 63 19 nästa
329 1176 91 26 plenum.

273 1277 89 22 Plenum
377 1278 116 22 afslutades
509 1279 28 21 kl.
555 1280 11 20 7
583 1286 18 14 e.
615 1285 28 15 m.

831 1340 22 18 In
865 1340 61 18 fidem:

775 1374 51 21 Clas
841 1382 18 14 v.
877 1374 83 22 Collan.
