1103 1756
287 126 172 21 Helsningstalen
472 126 33 17 till
517 126 142 17 Medstånden.
831 120 26 21 13

131 207 41 21 Till
189 207 36 21 det
241 207 84 26 tryckta
341 206 137 22 ekonomiska
489 206 56 26 läget
556 212 44 15 som
612 206 62 21 häraf
683 205 131 22 förorsakats
824 204 63 22 hafva

62 236 91 21 kommit
175 242 45 14 mer
243 235 51 21 eller
317 236 82 20 mindre
422 235 115 25 bestämda,
553 234 108 22 tilsvidare
676 234 46 21 icke
738 235 27 25 på
780 234 65 20 annat
860 235 26 19 än

62 264 109 26 yrkanden
194 264 40 21 och
257 264 84 26 förslag,
361 270 45 14 som
423 263 105 21 måhända
543 263 65 21 redan
625 262 137 27 öfvergifvits,
778 262 109 26 grundade

62 292 102 28 farhågor
184 292 32 22 för
239 292 100 26 egodelar
361 292 23 20 af
405 298 25 15 en
446 292 65 26 högre
527 292 88 26 ordning
631 293 26 19 än
674 292 25 20 de
714 291 124 25 materiella,
854 290 33 21 för

62 321 137 26 integriteten
215 320 23 21 af
252 321 35 20 det
303 320 167 26 samhällsskick,
487 326 44 15 som
547 320 20 20 vi
583 320 42 21 ärft
645 320 23 20 af
682 320 52 20 våra
754 320 65 24 fäder,
841 325 46 15 som

63 350 106 20 härintills
184 348 81 27 utgjort
280 349 37 21 vår
332 349 116 27 vapenlösa
462 349 99 26 trygghet
577 348 38 22 och
627 348 48 21 vårt
686 350 50 19 värn
747 348 39 21 och
797 354 44 14 som
852 347 36 21 det

64 380 25 19 är
111 378 73 26 hvarje
202 378 134 25 generations
353 378 85 26 dyraste
453 377 54 27 plikt
522 379 32 19 att
569 376 147 28 upprätthålla
731 376 39 22 och
786 376 100 21 förkofra.

133 406 46 21 Mer
201 408 27 18 än
250 406 121 26 förklarligt
393 408 24 18 är
440 406 36 21 det
499 406 72 21 derför
594 408 32 18 att
649 406 40 20 den
704 405 72 27 tyngd,
793 411 50 19 som,
860 404 28 21 då

64 434 120 22 Ständerna
194 436 73 19 senast
282 440 51 16 voro
349 434 146 25 tillsammans,
511 434 84 21 hvilade
611 434 58 21 öfver
684 433 203 26 sinnesstämningen

64 463 8 21 i
88 463 72 21 landet
176 463 39 21 och
230 463 39 20 hos
285 463 48 21 dess
349 465 178 24 representanter,
536 463 46 21 icke
597 463 69 21 blifvit
682 463 77 20 lättare
775 463 38 20 och
826 463 32 20 att
868 462 20 20 vi

65 492 47 21 icke
127 493 51 20 utan
195 491 135 27 beklämning
346 492 69 21 återse
431 491 124 21 hvarandra.

134 520 48 21 Men
198 526 50 15 vare
264 521 36 20 det
315 520 59 26 långt
389 520 60 26 ifrån,
467 520 32 21 Hr
513 520 94 26 Talman,
624 521 33 20 att
671 520 21 20 vi
705 519 54 22 dock
770 519 47 22 med
827 519 61 21 miss-

64 550 85 19 tröstan
164 549 40 20 och
219 549 99 20 klenmod
334 549 68 21 skulle
418 548 26 27 gå
459 549 33 20 till
508 549 47 20 vårt
571 548 139 21 ansvarsfulla
725 548 53 21 värf.

134 577 45 20 Den
202 577 117 26 förgångna
337 577 57 21 tiden
410 577 38 21 har
461 577 24 26 ju
500 577 46 21 icke
562 577 45 21 haft
623 577 55 21 blott
694 576 128 27 pröfningar,
837 577 51 20 utan

64 605 62 21 äfven
142 605 146 27 glädjeämnen
311 607 33 19 att
367 605 95 27 erbjuda,
485 606 75 21 främst
582 606 44 21 deri
645 607 32 19 att
695 605 89 21 känslan
800 605 21 21 af
835 611 52 14 sam-

66 633 177 22 hällsklassernas
266 634 121 21 solidaritet
409 635 54 20 samt
487 634 63 27 viljan
567 634 38 21 och
621 633 110 27 förmågan
748 633 22 21 af
783 633 105 27 sjelfhjelp

66 662 69 21 blifvit
150 663 83 20 stärkta
249 663 39 20 och
303 663 54 20 intet
373 662 90 27 verkligt
479 662 82 21 faktum
580 663 118 26 berättigar
721 668 34 15 oss
779 664 56 19 ännu
857 663 31 19 att

68 691 98 26 uppgifva
190 691 79 26 hoppet
291 691 28 26 på
341 691 51 21 våra
415 691 156 21 institutioners
585 691 90 21 bestånd
692 691 38 21 och
747 691 94 20 normala
857 691 31 20 ut-

67 719 101 26 veckling.
199 720 42 20 Det
264 720 67 25 gäller
353 719 33 21 för
409 725 34 15 oss
458 719 55 21 blott
529 722 38 23 att,
583 719 134 26 glömmande
733 719 106 26 sjelfviska
853 718 35 21 be-

65 747 178 26 vekelsegrunder
266 748 39 21 och
327 748 45 21 inre
395 748 193 25 tvedräktsämnen,
609 748 46 21 icke
678 747 44 22 låta
745 754 34 15 oss
794 747 58 22 ledas
868 746 22 21 af

67 776 66 21 andra
155 777 81 26 hänsyn
259 778 26 19 än
308 777 150 20 fosterlandets
482 776 67 25 bästa,
570 778 32 19 att
617 778 51 19 utan
685 776 149 26 öfverilningar
849 775 40 21 och

67 804 95 26 eftergift
184 804 35 21 för
241 805 206 26 känslostämningar
469 805 48 20 med
540 805 158 26 långmodighet
716 805 38 20 och
770 805 55 26 lugn,
842 809 48 15 men

67 833 98 26 orubblig
180 833 80 21 fasthet
276 833 63 21 häfda
354 833 48 21 vårt
417 833 55 21 folks
487 833 62 21 klara
564 833 39 22 och
618 833 56 26 goda
689 835 47 19 rätt.

136 861 141 26 Härutinnan,
293 862 32 21 Hr
341 861 88 22 Talman
445 861 40 22 och
501 862 58 21 Mina
574 863 85 24 Herrar,
670 862 79 20 räknar
759 861 24 21 R.
795 867 19 15 o.
826 861 24 20 A.
861 866 29 15 nu

67 889 76 21 liksom
158 890 71 21 städse
244 890 58 21 förut
317 890 27 26 pä
355 889 112 27 Vällofliga
478 890 189 27 Borgareständets
679 889 123 27 offervilliga
814 889 76 21 foster-

68 917 144 26 landskärlek,
228 919 99 26 upplysta
343 919 190 26 rättsuppfattning
549 919 38 21 och
603 919 110 26 praktiska
728 919 65 20 sinne.
822 917 68 21 Mätte

68 946 36 21 det
119 953 156 19 gemensamma
290 947 127 26 endräktiga
427 947 84 21 arbetet
522 947 65 21 varda
597 947 164 26 framgängsrikt
772 946 38 21 och
821 945 68 22 frukt-

67 975 101 21 bärande.

136 1003 48 21 R.0.
191 1003 146 22 A.innesluter
345 1003 42 27 sigi
393 1004 36 21 det
433 1003 112 27 Vällofliga
551 1003 99 22 Ständets
656 1003 84 27 välvilja
746 1003 39 21 och
791 1003 98 26 vänskap.

137 1060 31 21 Hr
192 1060 24 21 L.
242 1060 142 21 Mechelins
407 1060 29 21 tal
459 1060 32 21 till
511 1061 165 25 Bondeständet,
700 1060 78 21 hvilket
801 1059 29 22 tal
849 1059 42 22 han

68 1088 55 22 hade
138 1089 31 20 för
184 1089 64 21 afsikt
263 1091 32 19 att
310 1089 57 21 hälla
381 1089 28 27 pä
424 1088 74 26 finska,
514 1089 71 27 lydde:

137 1145 41 21 Till
193 1145 138 21 Hedervärda
346 1145 160 22 Bondeständet
521 1145 39 22 och
575 1146 48 21 dess
638 1145 77 21 aktade
730 1145 87 21 Talman
830 1145 62 20 hafva

68 1173 21 21 vi
110 1175 50 19 äran
181 1173 107 22 frambara
303 1174 24 21 R.
344 1174 39 21 och
398 1175 37 20 A:s
449 1174 158 27 vänskapsfulla
622 1174 39 21 och
677 1174 98 32 hjertliga
790 1173 102 26 helsning.

68 1201 27 22 Vi
109 1202 59 21 helsa
183 1202 58 21 Eder
256 1203 47 20 med
320 1203 40 20 den
376 1203 145 26 öfvertygelse,
537 1204 32 19 att
581 1203 174 20 Bondeständet
745 1197 12 36 i
767 1202 67 21 likhet
845 1201 47 21 med

68 1230 25 21 R.
114 1237 12 14 o
152 1230 24 21 A.
198 1232 55 19 samt
271 1231 26 20 de
317 1231 68 26 öfriga
401 1231 93 21 Ständen
510 1231 36 20 vill
561 1237 76 26 genom
652 1231 38 20 sitt
705 1231 72 20 arbete
793 1230 39 21 och
847 1229 46 21 sina

68 1258 70 21 beslut
160 1259 34 20 vid
218 1259 40 21 den
280 1265 28 15 nu
328 1259 138 27 begynnande
484 1259 129 27 landtdagen
628 1259 7 21 i
650 1259 76 27 högsta
741 1259 84 26 möjliga
840 1257 53 28 grad

68 1287 100 21 befordra
183 1287 48 21 värt
246 1287 86 22 älskade
347 1288 160 21 fäderneslands
522 1294 154 20 gemensamma
692 1288 67 20 bästa.

137 1315 62 21 Hvad
214 1322 29 14 nu
258 1316 127 21 församlade
401 1316 90 21 Ständer
507 1316 60 21 skola
582 1316 67 21 förmä
664 1318 88 23 uträtta,
767 1316 35 21 det
813 1315 79 21 undan-

69 1344 76 26 drager
160 1344 32 26 sig
207 1346 56 19 ännu
279 1345 47 20 värt
337 1344 138 21 bedömande.
500 1345 49 20 Men
560 1345 55 21 hvad
625 1344 138 21 tvifvelsutan
773 1344 42 21 alla
825 1343 67 21 landt-

69 1372 79 27 dagens
170 1373 137 21 medlemmar
329 1374 66 20 redan
418 1379 28 14 nu
465 1373 73 21 kunna
559 1373 51 26 inse,
629 1375 29 24 är,
674 1375 32 19 att
722 1373 35 21 det
771 1371 123 22 nuvarande

69 1401 96 26 sakläget
187 1401 85 21 kräfver
295 1408 25 14 en
341 1401 160 22 förtroendefull
516 1401 125 22 samverkan
656 1401 76 21 mellan
748 1402 144 25 representan-

69 1431 67 19 terna.
166 1429 10 21 I
198 1429 48 21 vårt
268 1430 101 26 politiska
384 1430 25 21 lif
423 1429 62 22 hafva
501 1430 97 27 uppstått
613 1436 48 21 nya,
676 1429 161 27 betydelsefulla
852 1428 41 21 frä-

69 1463 44 21 gor,
131 1469 24 4 —
172 1457 72 27 frågor
259 1458 23 21 af
296 1459 35 20 det
343 1459 53 26 slag,
410 1460 31 19 att
453 1458 163 27 partistriderna
625 1458 55 21 inför
692 1458 46 21 dem
750 1458 142 21 förstummas.

138 1485 103 22 Missväxt
264 1487 38 20 har
323 1487 84 26 nyligen
430 1487 91 20 drabbat
540 1487 130 21 vidsträckta
693 1487 58 20 delar
774 1486 23 21 af
815 1485 77 22 landet.

69 1509 67 26 Äfven
147 1516 67 20 andra
225 1515 100 26 näringar
335 1517 27 18 än
371 1515 128 26 jordbruket
509 1515 27 21 ha
545 1515 45 21 haft
599 1515 131 26 svårigheter
740 1516 33 20 att
783 1514 109 27 bekämpa.
