1103 1753
371 123 92 17 Petition
475 128 32 12 om
519 124 103 21 presslag.
839 119 40 20 149

87 202 7 21 i
109 202 101 21 Finlands
225 202 95 26 styrelse,
335 202 78 21 liksom
428 202 6 21 i
445 202 67 21 andra
524 202 91 26 länders,
627 202 82 21 sådana
719 203 125 21 situationer
854 202 55 22 före-

87 231 92 25 komma,
202 230 27 21 då
244 231 67 20 under
325 231 90 26 görning
430 231 93 21 varande
538 231 82 26 förslag
636 231 52 21 eller
703 231 100 27 åtgärder
818 232 69 20 kunde
902 232 7 20 i

87 259 70 26 någon
179 258 48 22 mån
250 258 86 22 förfelas
359 260 52 20 eller
432 259 75 26 ryckas
531 259 28 27 på
573 260 58 24 sned,
647 260 72 20 derest
735 260 25 20 de
776 260 6 20 i
798 260 37 20 sitt
850 259 61 21 ofull-

87 287 94 21 bordade
205 287 58 21 skick
285 287 68 21 blefve
376 287 89 21 föremål
487 288 33 20 för
542 288 134 26 publikation
698 288 52 20 eller
773 288 136 21 bedömande.

88 316 49 20 Men
153 316 41 20 min
210 316 138 26 öfvertygelse
364 318 30 21 är,
411 318 31 18 att
458 316 35 21 det
509 316 55 21 enda
579 316 117 25 korrektiv,
712 322 48 15 man
777 318 43 19 mot
836 316 75 22 sådant

88 344 40 21 bör
144 344 57 24 söka,
218 346 24 18 är
256 346 32 18 att
303 344 57 21 finna
375 344 30 21 uti
422 344 129 27 plikttrogen
567 344 135 26 förtegenhet
717 344 38 21 hos
771 345 42 20 alla
828 345 25 20 de
869 351 42 14 em-

89 373 58 20 bets-
171 372 38 21 och
233 372 133 26 tjenstemän,
383 372 72 21 hvilka
470 373 32 20 till
518 373 65 20 sådan
599 373 136 26 förtegenhet
750 373 32 26 sig
796 373 115 21 förbundit.

89 401 42 20 Det
153 402 24 19 är
199 401 45 21 icke
262 407 75 20 genom
354 406 112 16 censurens
483 401 90 26 tillhjelp
588 407 49 14 man
653 401 41 20 kan
711 401 62 26 stäfja
789 401 75 27 rykten
880 403 32 19 att

89 429 49 26 löpa
159 429 62 27 kring
241 429 77 26 landet,
336 430 71 20 derest
423 429 68 21 denna
507 429 134 26 förtegenhet
657 429 19 27 ej
692 429 72 21 finnes.
795 430 37 21 Ett
847 431 64 20 annat

89 457 86 22 anfördt
198 458 99 21 statsskäl
320 459 30 24 är,
366 460 32 19 att
414 457 161 22 förhållandena
591 458 32 20 till
639 458 161 26 Kejsaredömet
816 459 43 20 ofta
874 459 37 20 äro

90 486 22 21 af
126 486 40 21 den
181 487 116 25 grannlaga
313 488 39 23 art,
369 488 32 19 att
417 493 25 14 en
459 487 25 20 fri
501 486 118 21 diskussion
635 487 23 20 af
667 487 108 20 desamma
788 487 6 20 i
805 487 37 20 vår
853 492 59 21 press

90 515 46 20 icke
160 514 66 21 skulle
248 521 50 14 vara
313 517 65 18 annat
394 516 26 19 än
436 515 32 21 till
485 515 72 20 skada.
587 515 41 26 Jag
643 517 46 18 tror
704 515 32 20 för
751 515 43 20 min
810 516 33 20 del
858 515 53 21 erfa-

90 543 102 20 renheten
214 543 46 20 från
284 543 25 20 de
332 545 84 19 senaste
439 543 40 21 fem
504 543 50 21 åren
570 555 27 3 —
612 543 60 21 äfven
689 543 33 21 för
738 543 72 26 längre
825 544 30 20 tid
871 543 42 21 till-

90 571 63 23 baka,
176 577 46 14 men
238 571 100 21 särskildt
353 571 47 21 från
416 572 25 20 de
457 573 84 19 senaste
557 571 41 21 fem
615 571 50 21 åren
683 584 23 2 —
724 571 70 22 kunde
810 572 103 25 åberopas

91 605 45 15 som
157 599 58 21 bevis
230 600 72 26 derpå,
318 602 32 19 att
366 600 40 21 den
424 600 121 26 periodiska
561 606 86 20 pressen
663 600 6 20 i
685 600 48 21 vårt
748 600 48 21 land
812 600 38 21 har
865 600 48 21 fullt

91 628 137 21 medvetande
245 628 23 21 af
280 630 32 19 att
327 628 27 27 på
371 629 59 20 detta
444 629 59 26 gebit
518 629 87 26 mycken
621 629 169 26 grannlagenhet
804 630 24 19 är
846 628 22 21 af
876 630 37 19 nö-

92 657 47 20 den.
169 656 28 21 Så
219 657 61 26 lifligt
303 657 38 20 och
365 657 89 26 kraftigt
475 659 26 18 än
524 657 105 21 försvaret
651 657 6 20 i
673 657 51 20 våra
740 657 105 26 tidningar
860 656 53 21 förts

92 687 44 18 mot
151 685 26 20 de
193 685 6 20 i
215 685 41 20 alla
272 685 83 21 länders
370 685 146 27 publicistiska
532 685 90 21 historia
637 685 106 21 oerhörda
758 691 99 20 angrepp,
868 691 45 14 som

91 712 47 21 från
155 714 40 20 den
210 713 64 26 ryska
289 720 87 19 pressen
392 714 77 20 riktats
484 715 45 19 mot
545 714 30 20 alt
591 714 55 20 hvad
662 713 33 21 för
710 713 47 21 vårt
773 714 48 20 land
832 715 23 19 är
866 714 48 26 dyr-

92 741 54 25 bart,
170 741 23 21 så
217 742 39 20 har
275 742 41 26 mig
332 742 114 26 veterligen
462 742 55 20 dock
532 742 45 21 icke
593 742 41 20 den
650 743 57 19 rätta
722 744 89 24 gränsen
827 741 22 21 af
864 742 50 20 våra

92 770 106 26 tidningar
222 770 68 21 blifvit
312 770 128 21 öfverträdd.
471 770 44 21 Vår
537 776 58 20 press
619 770 39 21 har
674 770 84 21 afhållit
774 771 31 26 sig
820 770 46 20 från
882 772 33 18 att

92 798 80 20 förfara
186 798 7 20 i
208 804 80 15 samma
303 799 55 21 anda
374 799 52 21 eller
441 800 32 20 att
488 798 28 27 på
531 798 65 26 något
611 800 44 19 sätt
670 798 50 26 ingå
735 798 27 26 på
777 804 26 15 en
818 798 65 21 kritik
893 798 23 21 af

93 826 146 21 förhållanden
262 828 6 20 i
286 827 167 26 Kejsaredömet.
483 827 44 21 För
549 827 64 26 öfrigt
627 829 25 19 är
667 827 37 21 det
718 826 64 24 klart,
798 829 32 19 att
844 833 49 14 man
908 827 7 20 i

93 861 25 15 en
134 855 177 27 tryckfrihetslag,
327 856 104 26 uppgjord
447 856 6 20 i
469 856 93 26 enlighet
573 855 48 21 med
635 856 25 20 de
670 855 163 26 bestämningar,
845 855 70 21 hvilka

93 883 84 27 ingingo
200 884 7 20 i
231 884 53 20 1865
303 885 33 20 års
352 884 130 26 förordning,
499 884 39 20 och
554 884 82 20 således
652 884 48 20 med
715 884 81 26 ganska
810 883 105 27 allvarligt

93 911 97 27 äfventyr
209 912 33 20 för
265 912 71 26 hvarje
358 912 120 27 förgripligt
493 913 99 26 yttrande
609 915 44 18 mot
668 912 162 20 förhållandena
844 912 7 20 i
866 912 49 26 Kej-

95 940 126 26 saredömet,
238 940 68 22 skulle
321 941 62 21 hafva
399 944 31 18 ett
445 940 124 27 tillräckligt
584 940 110 22 korrektiv
710 944 57 17 emot
778 940 26 21 de
816 940 100 27 politiska

93 968 72 26 vådor,
181 974 51 20 som,
250 969 65 26 enligt
330 969 54 21 hvad
398 970 37 26 jag
450 976 49 20 nyss
514 969 100 26 påpekat,
629 969 117 21 förmenats
762 969 75 26 uppstå
852 969 6 20 i
869 968 47 21 sak-

94 997 41 20 nad
151 997 23 20 af
187 1003 82 15 censur.

162 1025 42 21 Det
226 1027 85 25 tränger
333 1026 31 26 sig
387 1026 70 26 också,
479 1032 61 20 synes
556 1026 36 20 det
607 1026 49 26 mig,
672 1025 58 27 uppå
746 1026 134 20 betraktaren
895 1025 23 21 af

95 1053 25 21 de
141 1055 83 19 senaste
240 1054 94 20 tidernas
348 1054 147 21 förhållanden
512 1055 39 20 den
568 1053 132 26 reflexionen,
716 1055 32 19 att
764 1054 39 20 den
819 1053 98 26 speciella

95 1081 118 27 befattning
228 1083 47 20 med
292 1083 39 20 den
342 1083 121 26 periodiska
475 1088 98 21 pressens
585 1082 155 21 öfvervakande
754 1082 38 20 och
803 1081 113 26 näpsande,

95 1116 44 14 som
162 1116 29 14 nu
213 1116 57 15 mera
286 1110 68 21 blifvit
368 1111 226 26 Generalguvernören
610 1111 102 25 tilldelad,
727 1110 45 21 icke
788 1112 24 19 är
826 1111 43 19 rätt
883 1109 34 21 väl

95 1138 90 27 förenlig
205 1139 47 20 med
268 1139 39 20 den
324 1139 54 26 höga
394 1139 129 21 karaktären
539 1139 47 20 utaf
600 1139 35 21 det
651 1139 90 23 embete,
757 1145 45 14 som
818 1138 100 21 omfattar

95 1167 205 26 ordförandeskapet
310 1168 6 20 i
328 1168 117 26 Kejserliga
457 1168 91 21 Senaten
565 1167 38 21 och
620 1167 123 26 chefskapet
759 1168 32 19 för
807 1167 39 20 den
857 1167 61 20 civila

97 1195 112 21 exekutiva
232 1196 102 26 styrelsen
357 1197 6 20 i
380 1197 78 20 landet.
489 1197 42 20 Det
547 1202 61 20 synes
624 1196 46 20 icke
686 1195 67 21 heller
768 1197 43 18 rätt
826 1195 34 20 väl
874 1195 44 20 för-

96 1223 65 26 enligt
177 1224 46 20 med
240 1224 26 20 de
281 1224 63 20 nobla
360 1224 112 26 principer,
492 1224 26 26 på
534 1224 71 20 hvilka
623 1224 53 20 1812
693 1224 34 20 års
742 1223 128 21 instruktion
885 1222 34 21 för

95 1251 224 27 Generalguvernören
343 1254 23 19 är
388 1252 62 27 bygd,
467 1259 34 14 om
517 1252 41 20 han
574 1252 55 20 skall
644 1252 57 20 finna
716 1252 32 25 sig
763 1250 109 22 nödsakad
887 1253 32 19 att

96 1280 65 25 enligt
184 1280 25 21 de
232 1280 162 27 bestämningar,
411 1281 72 21 hvilka
498 1280 41 21 fått
554 1280 73 26 inflyta
642 1280 7 20 i
665 1281 54 20 1891
737 1280 34 21 års
787 1279 132 26 författning,

95 1308 7 20 i
119 1308 65 26 detalj
205 1309 82 26 ingripa
302 1309 27 26 på
345 1311 31 19 ett
392 1309 92 25 område,
501 1310 38 20 der
554 1316 26 13 en
596 1309 80 26 verklig
692 1308 98 26 pröfning
805 1308 22 20 af
841 1308 78 20 förhål-

95 1336 92 20 landena
209 1337 67 21 måste
299 1344 50 14 vara
371 1338 94 20 särdeles
489 1338 54 24 svår,
567 1337 28 21 då
610 1344 48 14 man
674 1338 83 25 intager
772 1342 26 15 en
813 1336 106 26 ställning,

97 1370 44 15 som
164 1364 47 22 icke
232 1365 125 21 förutsätter
379 1366 149 26 förtrogenhet
550 1366 48 20 med
621 1366 97 20 vilkoren
740 1365 33 21 för
788 1364 132 27 publicistisk

97 1392 135 22 verksamhet
246 1395 6 20 i
268 1394 48 21 vårt
331 1394 55 21 land.

165 1421 75 21 Likväl
262 1422 42 21 kan
317 1422 30 27 ju,
364 1422 89 21 oaktadt
469 1422 61 21 dessa
545 1422 7 20 i
567 1421 87 21 korthet
670 1421 94 27 antydda
779 1421 46 21 skäl
840 1420 33 20 för
889 1422 32 19 att

97 1449 75 27 utbyta
189 1456 26 14 en
230 1451 70 20 städse
316 1451 101 26 vansklig,
434 1451 69 25 aldrig
521 1450 98 26 gagnelig
635 1450 51 20 eller
702 1449 154 27 framgångsrik
872 1454 48 19 pre-

97 1478 70 21 ventiv
191 1484 74 15 censur
288 1481 44 18 mot
351 1479 40 20 den
407 1479 122 26 lagbundna
545 1478 160 27 tryckfriheten,
722 1478 40 20 den
777 1478 74 26 frågan
867 1482 53 21 upp-

97 1506 79 26 kastas,
193 1506 103 22 huruvida
309 1507 45 26 just
368 1507 8 20 i
391 1507 132 20 närvarande
539 1507 30 20 tid
585 1513 25 14 en
626 1506 156 27 framställning
798 1512 33 15 om
847 1511 26 14 en
889 1505 32 21 så-
