1106 1761
221 127 42 22 362
467 134 24 17 R.
504 139 18 12 o.
537 134 21 17 A.
572 134 58 17 1894.
655 135 13 16 9
681 135 63 16 Mars.

193 215 58 27 ning,
270 221 45 14 som
334 213 74 22 härom
430 221 61 14 anses
512 221 52 14 vara
579 214 152 26 föreskrifven,
746 214 162 28 otvifvelaktigt
923 214 28 29 pä
965 214 55 21 tolk-

193 243 80 27 ningen
295 242 64 21 äfven
382 242 24 21 af
428 245 31 19 ett
480 242 51 21 slikt
553 243 120 28 stadgande
688 243 49 21 med
752 243 116 28 grundlags
883 243 70 28 helgd.
982 243 39 21 Ett

193 274 88 18 motsatt
306 271 171 21 betraktelsesätt
502 271 69 21 skulle
596 271 49 22 leda
669 272 32 21 till
731 272 97 27 orimliga
854 271 165 29 konsegvenser.

193 299 96 21 Sälunda
309 299 74 26 skulle,
403 300 34 20 för
463 302 32 18 att
516 299 54 21 blott
588 301 77 20 nämna
680 303 31 18 ett
726 300 103 28 exempel,
845 300 104 28 grundlag
970 300 51 21 eller

193 328 78 20 allmän
294 328 41 28 lag,
357 328 38 20 der
416 328 41 21 den
479 328 54 21 talar
548 335 34 14 om
598 328 111 22 »domare»
727 329 6 20 i
749 328 121 25 allmänhet,
887 329 25 27 ej,
927 332 49 18 utan
993 336 26 13 en

193 356 35 21 för
242 356 73 28 hvarje
330 356 57 28 gäng
402 356 101 22 särskildt
518 358 5 19 i
540 356 89 29 behörig
645 357 91 28 ordning
751 357 101 27 vidtagen
863 357 95 28 ändring,
969 364 51 14 vara

193 385 113 28 tillämplig
326 385 13 21 &
359 385 80 21 sådana
458 385 152 28 befattningar,
632 386 74 20 hvilka
730 386 56 20 efter
808 386 69 21 denna
893 386 45 28 lags
953 386 67 21 utfär-

194 413 70 22 dande
293 415 99 20 inrättats
419 414 41 21 och
482 416 36 19 äro
543 417 32 17 att
597 414 70 21 såsom
690 414 167 28 domaresysslor
883 422 62 14 anses
970 414 51 21 eller

194 442 128 21 åtminstone
344 443 6 20 i
373 444 57 20 vissa
453 442 116 22 afseenden
590 446 32 18 att
643 443 48 21 med
712 442 63 22 dessa
800 443 109 26 likställas,
931 442 89 22 emedan

193 471 39 21 vid
253 471 73 28 lagens
349 471 102 21 stiftande
473 471 24 21 så
519 471 124 21 beskaffade
660 472 150 27 befattningar,
830 479 45 13 som
889 472 27 20 de
927 472 93 28 nyinrät-

193 499 56 27 tade,
267 500 47 20 icke
335 500 141 28 uttryckligen
499 500 77 21 afsetts
595 500 51 21 eller
669 508 37 13 ens
727 500 82 21 kunnat
824 500 56 21 afses
896 504 49 17 med
960 500 60 21 ordet

196 528 119 21 »domare».
344 529 41 20 Att
405 536 26 14 en
454 528 66 22 sådan
543 529 134 27 lagtolkning
692 528 74 22 dömer
782 530 32 27 sig
829 529 50 28 sjelf
893 529 60 21 torde
969 531 50 19 utan

194 556 74 22 vidare
283 558 63 20 inses,

264 613 32 22 På
307 614 69 28 grund
385 614 23 21 af
419 614 55 21 hvad
486 614 25 21 R.
522 614 28 21 U.
561 614 66 21 ofvan
639 614 71 21 anfört
720 614 34 21 får
765 614 38 21 U:t
814 614 109 21 vördsamt
932 614 87 21 föreslå:

468 673 33 20 att
515 672 27 21 R.
560 679 18 14 o.
597 672 34 26 A.,
648 671 9 20 i
673 671 139 21 betraktande
828 672 75 27 deraf:

469 703 32 18 att
515 701 74 26 finska
604 700 87 28 språket
706 707 94 14 numera
813 700 74 27 blifvit
900 700 47 21 med
958 707 62 14 sven-

400 730 38 20 ska
460 729 86 28 språket
572 729 98 21 likstäldt
694 729 9 20 i
718 729 46 20 alla
785 736 82 19 grenar
889 729 28 27 af
937 729 83 20 landets

401 758 113 27 offentliga
530 758 41 27 lif;
587 759 59 19 samt
711 780 2 3 N

470 788 33 19 att
517 786 73 27 finska
605 786 87 27 spräket
708 786 35 21 till
758 786 56 27 följd
828 786 73 27 häraf,
917 786 38 20 och
967 788 54 19 enär

401 815 121 21 detsamma
542 815 9 20 i
573 815 66 20 likhet
662 815 50 20 med
726 815 109 20 svenskan
850 817 27 18 är
891 816 30 19 ett
936 815 83 20 landets

403 844 72 27 språk,
497 844 55 27 fullt
572 845 124 19 motsvarar
711 844 35 20 det
765 843 5 20 i
789 844 11 27 $
816 844 30 20 36
860 843 27 21 R.
905 843 22 20 O.
946 843 74 27 begag-

401 873 56 19 nade
475 872 105 27 uttrycket
597 872 98 20 »landets
706 872 97 27 officiela
818 872 86 27 spräk»,

469 900 41 21 vill
524 900 100 28 förklara
640 902 32 19 att
687 900 87 21 ständet
788 900 75 27 finner
877 901 15 26 $
908 901 31 19 36
950 900 25 20 R.
993 900 24 20 O.

401 929 66 21 redan
489 929 8 20 i
520 929 48 20 dess
589 929 130 21 nuvarande
740 929 79 27 lydelse
833 929 111 27 medgifva
958 928 62 21 säväl

400 957 74 27 finska
489 964 46 14 som
550 958 92 20 svenska
658 958 97 26 språkets
770 958 146 26 användning
931 957 10 20 i
955 957 26 21 R.
999 964 18 14 o.

400 988 39 18 A:s
454 986 178 27 förhandlingar,
648 986 38 20 och
702 986 60 27 förty
773 992 66 14 anser
848 986 171 27 ifrägavarande

400 1016 80 19 tvänne
497 1014 177 28 motionsförslag
690 1014 45 21 icke
748 1014 91 28 päkalla
855 1014 72 28 nägon
945 1014 74 21 vidare

399 1043 84 27 ätgärd.

261 1192 47 21 Vid
331 1192 87 21 anfördt
440 1192 133 21 förhällande
589 1195 55 18 samt
660 1193 5 19 i
682 1192 83 21 saknad
782 1191 118 21 tillsvidare
915 1191 23 21 af
954 1190 66 29 nödig

191 1220 122 22 erfarenhet
329 1220 132 22 beträffande
477 1221 27 21 de
520 1221 143 27 olägenheter,
678 1220 74 22 hvilka
768 1220 73 21 kunde
856 1220 90 28 härflyta
959 1219 61 21 deraf

191 1252 32 18 att
245 1249 69 21 finska
337 1249 86 28 språket
445 1257 87 13 numera
556 1249 80 28 begynt
658 1249 36 21 vid
718 1249 26 21 R.
760 1256 18 14 o.
794 1249 38 21 A:s
848 1248 171 21 sammanträden

191 1277 116 28 begagnas,
322 1278 39 21 har
377 1278 37 21 U:t
429 1280 70 18 ansett
514 1278 99 20 Friherre
624 1285 42 14 von
679 1278 71 20 Borns
763 1277 81 28 förslag
860 1284 34 14 om
905 1276 114 28 ändringar

190 1307 31 19 uti
238 1306 52 21 eller
309 1306 75 28 tillägg
398 1306 31 21 till
446 1306 41 21 den
503 1306 23 21 af
541 1306 25 21 R.
582 1314 18 13 o.
616 1307 26 20 A.
658 1307 6 19 i
680 1306 142 28 landtdagens
839 1306 73 27 början
927 1308 92 25 antagna

190 1334 181 28 ordningsstadga
386 1335 48 21 icke
449 1334 35 21 för
498 1334 134 22 närvarande
647 1334 113 21 föranleda
776 1334 32 21 till
824 1334 80 28 ätgärd.

259 1494 13 21 I
286 1494 187 29 handläggningen
489 1495 23 21 af
526 1495 143 21 förevarande
686 1494 79 21 ärende
782 1494 65 21 hafva
862 1494 89 27 deltagit
961 1494 58 21 vice-

189 1522 146 22 ordföranden
351 1523 57 22 Frih.
424 1531 42 14 von
482 1523 117 28 Knorring,
615 1523 145 22 ledamöterne
778 1523 81 21 Grefve
874 1522 83 26 Creutz,
972 1522 48 21 Fri-
