1103 1756
280 121 264 18 Riddarhusdirektionens
555 121 120 17 berättelse.
834 116 25 21 31

458 228 40 23 VI.

135 286 92 26 Utbytet
242 286 23 20 af
279 286 126 26 handlingar
420 286 48 21 med
484 286 91 21 svenska
590 286 145 21 Riddarhuset
750 286 40 20 har
800 285 89 27 fortgått

67 314 61 22 äfven
152 314 55 22 efter
226 317 84 18 senaste
332 314 152 22 ständermöte.
523 314 76 22 Medan
622 314 95 22 härifrån
741 314 33 21 till
798 314 92 21 nämnda

66 342 122 22 Riddarhus
212 342 131 22 öfversändts
367 343 17 26 ej
401 343 83 21 mindre
499 343 162 27 handlingarna,
677 343 112 21 tillkomna
803 342 34 21 vid
853 342 37 21 be-

67 372 64 20 rörda
153 371 151 23 ständermöte,
326 373 26 19 än
376 371 25 21 de
422 372 35 20 vid
472 372 119 21 detsamma
606 372 5 20 i
628 371 42 21 alla
685 370 46 28 fyra
747 370 66 22 Stånd
829 370 61 22 förda

69 400 245 26 diskussionsprotokoll,
336 400 39 20 har
396 400 139 21 Direktionen
557 400 45 21 haft
624 399 110 22 förmånen
752 399 48 21 från
815 399 75 21 Direk-

67 428 72 21 tionen
155 428 33 20 för
203 428 91 21 svenska
308 428 144 21 Riddarhuset
467 430 115 25 emottaga,
598 428 65 22 bland
679 430 71 24 annat,
761 428 129 27 protokollet

66 457 33 21 för
116 457 55 21 1893
187 456 34 22 års
236 457 87 26 lagtima
338 457 123 21 adelsmöte.

454 570 55 22 VIL.

136 627 31 21 På
181 627 68 27 grund
265 627 23 20 af
303 627 25 21 de
343 627 159 27 upplysningar,
518 627 252 27 Riddarhusgenealogen
783 626 106 22 meddelat

67 655 91 22 rörande
174 655 112 22 inträffade
302 656 148 26 förändringar
465 656 68 21 under
548 655 171 27 treårsperioden
735 656 47 21 med
802 655 88 22 Ridder-

67 684 76 26 skapet
166 685 39 20 och
221 684 80 21 Adelns
320 684 144 26 medlemmar,
480 685 33 20 får
528 684 139 21 Direktionen
683 684 109 21 vördsamt
807 684 83 21 anmäla

67 712 102 27 följande:

135 741 47 21 Den
202 741 12 21 å
232 741 143 22 Riddarhuset
395 741 75 21 främst
492 741 65 21 bland
579 741 158 26 Ridderskapet
759 741 38 21 och
822 741 68 21 Adeln

67 769 104 22 inskrifna
190 770 98 26 furstliga
306 771 59 20 ätten
379 769 141 22 Menschikoff
534 769 39 21 har
588 769 72 26 utgått
675 770 47 20 med
740 769 150 26 Generaladju-

67 799 72 20 tanten
164 798 65 21 Furst
254 798 111 21 Wladimir
390 798 190 21 Alexandrovitsch
604 797 145 27 Menschikoff,
775 798 84 21 hvilken
884 797 7 21 i

67 826 124 27 September
208 826 54 21 1893
278 827 67 20 aflidit
360 828 51 20 utan
427 827 173 26 bröstarfvingar.

135 855 167 21 Introducerade
324 855 87 26 grefliga
434 856 56 20 ätter
511 855 68 20 finnas
601 854 33 21 för
656 855 133 21 närvarande
811 855 36 25 11;
869 853 23 22 af

69 883 58 21 dessa
151 883 100 21 fortlefva
274 884 12 19 7
309 884 47 21 med
379 883 93 27 manliga
494 885 178 24 representanter,
696 883 39 21 och
751 883 12 20 2
779 883 22 21 af
823 883 25 20 de
864 882 27 26 pä

68 911 135 21 svärdssidan
215 912 107 26 utgångna
333 914 84 19 ätterna
429 911 99 22 fortlefva
546 913 56 19 ännu
618 911 27 27 pä
661 911 147 27 gvinnolinien.
831 911 61 21 Gref-

68 939 42 27 liga
133 941 58 20 ätten
210 940 39 21 N:o
268 941 12 19 6
297 947 40 14 van
353 940 123 27 Suchtelen,
492 946 45 15 som
553 940 34 21 vid
603 940 57 21 tiden
676 940 33 21 för
725 942 82 19 senaste
823 939 68 21 landt-

69 968 40 27 dag
131 970 57 19 ännu
211 968 98 21 fortlefde
331 969 28 26 pä
377 969 149 26 gvinnolinien,
544 969 40 20 har
598 968 24 21 är
639 969 52 20 1891
710 969 76 20 utdött.
817 967 74 27 Nägon

68 1003 27 20 ny
109 996 73 27 greflig
198 998 32 19 ätt
245 997 39 21 har
299 997 68 21 under
382 997 62 21 ofvan
457 997 85 26 angifna
553 997 31 21 tid
596 997 46 21 icke
656 997 69 21 blifvit
735 996 155 22 introducerad.

136 1025 32 21 De
189 1025 103 21 inskrifna
310 1026 121 26 friherrliga
448 1027 96 20 ätternas
560 1026 58 21 antal
634 1027 63 25 utgör
712 1025 130 21 fortfarande
857 1025 34 20 60.

68 1053 29 22 Af
117 1054 47 21 dem
187 1053 99 22 fortlefva
308 1055 27 20 50
357 1055 49 20 med
428 1054 92 26 manliga
542 1056 178 25 representanter,
739 1054 13 21 3
770 1054 75 21 endast
865 1053 27 26 pä

69 1082 147 26 gvinnolinien.
246 1082 70 21 Sedan
337 1083 52 20 1891
415 1082 34 21 års
468 1083 104 26 landtdag
591 1083 39 20 har
647 1082 90 21 sålunda
752 1082 47 21 med
815 1082 25 21 de
855 1081 37 21 fri-

68 1111 92 26 herrliga
179 1112 85 20 ätterna
286 1111 127 21 härutinnan
432 1111 63 27 ingen
510 1111 124 26 förändring
650 1110 104 26 inträffat;
771 1111 68 20 likasä
853 1109 39 21 har

68 1139 45 21 icke
129 1139 69 26 någon
211 1145 27 21 ny
252 1139 107 27 friherrlig
375 1141 32 20 ätt
422 1140 66 21 sedan
503 1140 48 20 dess
567 1139 128 22 tillkommit.

135 1167 11 21 I
169 1168 151 26 sammanhang
339 1168 89 21 härmed
450 1168 39 21 har
510 1167 256 22 Riddarhusdirektionen
789 1167 56 21 velat
860 1166 32 21 för

67 1195 155 27 Ridderskapet
242 1196 39 21 och
305 1196 68 21 Adeln
396 1197 92 26 anmäla,
508 1198 33 19 att
561 1196 193 21 Senatskanslisten
773 1195 120 22 Alexander

67 1230 41 15 von
133 1223 74 22 Collan
230 1225 32 20 till
284 1225 146 21 Riddarhuset
452 1225 140 21 öfverlemnat
615 1226 31 19 ett
667 1224 24 21 af
711 1224 59 21 Hans
793 1223 99 27 Majestät

67 1252 76 27 Kejsar
163 1253 119 21 Alexander
297 1253 11 21 I
324 1253 141 27 egenhändigt
486 1253 171 21 undertecknadt
675 1254 64 25 öppet
754 1252 48 21 bref
817 1251 22 22 af
853 1251 40 21 den

68 1282 26 20 11
110 1281 120 21 November
246 1282 54 21 1819
316 1282 33 21 till
364 1282 54 21 Dess
434 1282 86 26 Envoyé
535 1281 68 22 Extra
618 1281 107 21 ordinaire
743 1281 39 20 och
797 1280 95 21 Ministre

67 1309 187 26 Plenipotentiaire
268 1310 34 21 vid
318 1310 71 21 hofvet
405 1311 6 20 i
426 1310 79 26 Berlin,
521 1309 164 22 Geheimerädet
703 1309 68 21 David
787 1309 106 26 Alopeus,

68 1337 44 22 deri
132 1337 60 22 Hans
211 1337 107 27 Majestät,
337 1338 147 22 återkallande
497 1339 7 20 i
520 1338 42 21 Sitt
577 1338 70 21 minne
663 1338 26 21 de
704 1337 77 26 många
796 1337 38 21 och
850 1337 43 26 vig-

67 1366 44 27 tiga
131 1366 52 25 värf,
199 1366 100 21 hvarmed
315 1367 100 26 Alopaeus
431 1369 78 24 gagnat
525 1367 32 20 sin
572 1366 139 27 födelsebygd
725 1365 96 27 Finland,
838 1366 56 20 samt

67 1394 34 21 för
111 1396 32 19 att
153 1394 48 21 med
214 1401 41 21 nya
270 1395 58 21 band
342 1395 57 21 fästa
414 1395 53 21 hans
482 1395 142 26 tillgifvenhet
639 1395 35 20 vid
690 1395 37 20 det
741 1394 56 25 land,
813 1393 81 22 hvilket

67 1423 42 20 han
119 1429 75 20 genom
205 1423 93 22 födselns
310 1425 44 20 rätt
367 1424 65 21 redan
447 1423 107 26 tillhörde,
570 1423 7 20 i
593 1423 71 21 Näder
679 1422 100 22 förunnat
794 1423 100 26 Alopaus

67 1451 164 22 naturalisation
253 1452 7 21 i
284 1451 206 22 Storfurstendömet
512 1451 23 21 af
549 1451 53 22 hans
624 1451 103 26 adelskap
751 1453 53 18 samt
810 1445 12 36 i
841 1449 53 27 följd

68 1479 61 22 deraf
150 1479 70 28 tillagt
242 1480 78 21 honom
343 1481 39 20 och
401 1480 43 21 alla
462 1480 54 21 hans
534 1480 54 21 barn
608 1480 39 21 och
668 1479 182 21 efterkommande
868 1478 26 21 de

67 1508 36 21 fri-
115 1508 39 21 och
165 1508 133 27 rättigheter,
310 1515 44 15 som
366 1509 65 26 enligt
442 1508 125 27 Privilegier
578 1508 40 21 och
634 1507 161 26 Författningar
806 1507 88 21 Ridder-
