1106 1756
282 126 133 21 Fastighets-
427 126 40 17 och
480 125 213 21 inkomstbevillning.
834 119 41 22 339

76 208 33 20 att
124 207 36 21 det
175 206 47 21 icke
244 208 24 19 är
284 206 22 21 åt
320 206 155 21 kommunerna.
491 205 155 22 öfverlemnadt
661 207 33 19 att
710 205 55 22 efter
779 212 52 19 egen
847 205 59 26 pröf-

76 235 51 26 ning
142 235 69 22 införa
226 235 80 21 hvilket
322 235 230 26 beskattningssystem
564 241 45 14 som
621 234 65 24 helst;
697 236 71 19 staten
781 234 38 21 har
829 240 76 20 genom

77 263 35 27 lag
128 264 91 26 stadgat,
235 263 28 27 på
277 263 56 22 hvad
349 265 43 20 sätt
407 263 155 22 kommunerna
577 269 39 20 ega
631 263 74 21 utöfva
721 263 39 20 den
777 263 82 21 direkta
870 263 36 20 be-

77 292 143 27 skattningen.
253 292 52 21 Häri
330 292 66 27 ligger
420 292 125 27 påtagligen
571 298 25 15 en
612 291 59 22 stark
687 291 114 26 anledning
819 292 31 21 till
865 293 40 25 att,

78 327 33 16 om
135 327 50 16 man
200 321 68 21 finner
282 321 36 20 det
333 321 131 26 nödvändigt
480 322 33 19 att
527 320 116 21 återinföra
659 326 26 15 en
701 320 71 21 direkt
787 320 119 27 förmögen-

76 349 58 22 hets-
148 350 53 21 eller
221 349 155 22 inkomstskatt
390 349 31 21 för
437 351 82 19 statens
535 349 96 26 räkning,
647 349 53 20 söka
716 349 75 26 bringa
807 349 35 20 det
857 349 49 20 der-

76 378 44 22 hän
136 381 33 19 att
184 379 42 24 det,
243 384 45 15 som
304 378 6 21 i
325 378 96 26 grunden
437 378 69 21 måste
522 384 51 15 vara
593 377 236 26 öfverensstämmande,
848 379 57 19 näm-

77 407 56 26 ligen
149 407 85 21 arbetet
249 408 33 20 att
297 407 115 26 uppskatta
428 407 105 26 kapitalet
549 407 52 20 eller
616 406 127 25 inkomsten,
760 406 67 21 måtte
841 406 66 21 blifva

78 438 132 25 gemensamt
234 435 33 22 för
282 437 81 19 statens
379 435 38 21 och
433 435 166 21 kommunernas
614 435 70 21 behof.
715 435 43 21 Det
773 441 56 20 vore,
845 441 62 20 synes

78 465 36 21 det
136 465 49 26 mig,
201 465 94 20 särdeles
314 464 122 24 önskvärdt,
453 470 34 15 om
504 464 69 21 denna
589 464 64 21 tanke
669 464 72 21 kunde
755 469 52 16 vara
821 470 86 21 genom-

78 494 47 21 förd
141 495 28 25 på
184 499 81 15 samma
280 493 61 26 gång,
358 493 40 20 och
413 499 35 14 ser
461 493 38 26 jag
515 492 61 21 äfven
592 492 46 21 häri
654 499 25 14 en
695 492 114 27 anledning
823 495 32 18 att
871 492 36 21 be-

78 523 73 20 trakta
172 522 69 21 såsom
267 521 122 25 önskvärdt,
413 523 32 19 att
464 528 49 14 man
529 521 71 21 kunde
616 521 57 21 finna
686 523 65 24 utväg
767 523 32 19 att
813 521 45 22 icke
874 521 34 21 för

78 553 108 19 närmaste
201 550 142 26 treårsperiod
362 550 67 21 införa
446 550 40 21 den
503 550 65 25 skatt,
584 556 45 15 som
645 550 5 21 i
662 556 28 15 nu
701 549 144 27 föreliggande
857 550 50 21 nåd.

78 585 60 22 prop.
154 579 126 26 föreslagits.
311 579 11 20 I
337 578 72 27 hvarje
425 579 101 21 händelse
543 585 62 20 synes
621 579 36 20 det
672 585 51 14 vara
738 578 23 21 af
775 579 44 26 vigt
834 581 32 18 att
881 585 26 14 en

79 608 162 25 fullständigare
259 608 117 25 utredning,
393 609 25 18 än
435 607 138 21 härförinnan
589 608 43 25 mig
648 607 115 26 veterligen
780 607 127 26 utarbetats,

79 636 70 22 blefve
165 636 109 21 anskaffad
290 636 91 21 rörande
398 636 100 27 beloppet
515 636 22 21 af
551 636 40 21 den
607 636 86 28 direkta
708 636 142 26 beskattning,
861 642 46 15 som

80 665 56 22 inom
152 665 153 21 kommunerna
319 665 27 26 pä
362 671 74 15 senare
452 665 56 20 tider
523 665 98 26 utgjorts.
651 665 68 20 Afven
735 665 66 20 denna
818 667 23 18 är
849 665 59 20 med-

80 695 130 26 borgarenes
233 694 75 26 bidrag
323 694 33 20 till
371 694 108 20 allmänna
496 694 72 25 behof;
585 694 61 20 äfven
663 694 70 20 denna
748 694 39 20 har
803 694 32 21 till
851 694 57 20 källa

78 723 45 27 just
138 729 82 15 samma
234 722 75 21 källor,
326 728 45 15 som
387 729 48 14 man
455 729 28 14 nu
498 722 33 21 för
547 725 82 18 statens
644 723 91 25 räkning
751 722 35 21 vill
802 722 106 21 beskatta.

81 752 42 21 Det
144 752 43 21 kan
208 751 77 27 derför,
300 751 34 21 vid
351 751 136 26 omsorgsfull
505 751 99 27 pröfning
619 751 23 21 af
655 751 82 26 frägan,
755 751 53 21 huru
824 751 85 27 mycket

80 780 114 26 lämpligen
215 780 34 21 mä
272 780 71 21 kunna
367 780 184 26 sammanbringas
573 786 76 20 genom
673 780 70 20 direkt
766 780 142 26 beskattning,

81 809 46 21 icke
149 808 100 22 umbäras
270 811 32 18 att
321 808 63 21 hafva
399 814 25 15 en
440 815 110 20 noggrann
566 808 83 27 uppgift
665 815 34 14 om
715 808 40 21 den
772 808 137 21 kommunala

82 838 133 26 taxeringens
230 837 130 26 ständpunkt
378 837 38 21 och
433 838 95 20 resultat.
561 837 42 21 För
619 838 100 20 städerna
728 838 41 20 kan
782 837 128 21 hithörande

82 866 93 21 statistik
189 866 154 26 jemförelsevis
359 866 41 20 lätt
415 866 137 26 hopbringas,
570 866 33 20 för
618 866 145 26 landsbygden
780 868 23 18 är
815 866 35 20 det
863 866 46 20 der-

82 897 56 19 emot
160 895 92 21 svårare.
282 894 40 26 Jag
344 895 91 20 nämnde
459 895 111 25 städerna;
601 895 102 20 särskildt
721 894 39 21 hos
776 895 47 21 dem
839 894 70 27 spelar

84 925 39 20 den
140 924 83 20 direkta
238 923 162 26 beskattningen
417 929 24 15 en
459 924 39 20 roll
515 923 22 21 af
551 924 116 26 afgörande
679 924 115 26 betydelse.
824 923 87 21 Enhvar

81 952 40 21 har
142 952 82 21 kunnat
246 952 94 20 bevittna
356 952 42 24 det,
414 954 32 18 att
462 952 104 20 Finlands
582 952 71 20 städer
669 952 80 20 sträfva
765 954 31 19 att
811 952 99 21 utveckla

82 981 37 26 sig,
141 983 33 19 att
189 982 26 20 de
231 980 68 22 måste
315 980 112 26 tillgodose
443 981 32 20 alt
496 983 69 19 större
583 981 69 23 behof,
669 981 40 21 och
725 983 33 18 att
773 980 137 27 möjligheten

83 1009 61 21 deraf
158 1009 130 27 väsentligen
304 1009 63 21 beror
382 1009 27 26 pä
425 1010 40 20 den
483 1010 83 20 direkta
582 1010 129 26 taxeringen.
743 1009 59 21 Inför
817 1015 48 15 man
881 1014 30 16 nu

82 1044 26 16 en
130 1044 28 21 ny
176 1038 210 26 beskattningsform,
402 1044 45 15 som
464 1040 62 24 tager
541 1038 7 20 i
564 1038 92 26 anspråk
673 1038 61 21 äfven
750 1037 161 27 stadsfastighe-

82 1069 66 23 terna,
171 1067 83 21 hvilkas
274 1066 120 27 afkastning
410 1068 63 25 utgör
489 1069 32 19 ett
537 1066 23 22 så
576 1067 75 26 vigtigt
667 1066 74 27 objekt
756 1066 33 21 för
805 1066 105 21 skattöre-

82 1096 121 26 sättningen
223 1096 7 20 i
252 1096 106 25 städerna,
379 1095 23 21 så
425 1095 109 21 försvåras
556 1095 137 27 möjligheten
709 1095 33 21 för
757 1096 154 20 kommunerna

83 1126 32 19 att
130 1124 90 26 fulifölja
235 1124 46 21 sina
296 1124 163 26 hufvudsakliga
475 1124 69 26 syften
559 1124 8 21 i
583 1124 39 20 den
636 1124 89 20 allmänt
737 1124 111 26 gagneliga
858 1124 53 20 rikt-

82 1154 55 26 ning,
159 1159 50 15 som:
228 1153 67 21 under
317 1154 83 20 senaste
423 1153 56 20 tider
495 1156 36 22 egt
547 1159 52 14 rum.
630 1152 44 22 Och
691 1153 60 21 äfven
767 1153 7 20 i
790 1152 121 21 landskom-

82 1188 102 14 munerna
203 1182 98 20 tillväxer
316 1182 94 25 ständigt
425 1181 102 21 behofvet
543 1184 32 18 att
589 1183 99 19 uttaxera
704 1181 68 21 medel
787 1180 33 22 för
835 1180 78 21 bestri-

83 1210 68 21 dande
170 1211 21 20 at
206 1210 62 21 deras
283 1216 75 20 genom
374 1210 160 26 utvecklingens
550 1210 55 26 gång
622 1210 68 20 ökade
702 1210 93 26 utgifter.
825 1209 40 26 Jag
876 1209 35 21 vå-

82 1245 39 21 gar
142 1238 80 27 hoppas
238 1240 32 20 att
289 1238 244 27 Bevillningsutskottet,
550 1238 44 22 ifall
611 1238 177 22 Statsutskottets
803 1238 108 20 blifvande

82 1267 97 27 kalkyler
201 1268 45 20 visa
269 1267 73 26 nödigt
365 1269 32 19 att
419 1268 96 26 tillgripa
530 1268 66 20 sådan
614 1267 142 26 beskattning,
773 1272 44 16 som
832 1266 39 21 här
887 1268 25 19 är

82 1297 7 20 i
112 1295 67 27 fråga,
202 1296 54 21 skall
278 1296 56 21 fästa
353 1296 74 26 nödigt
451 1296 99 21 afseende
572 1296 35 21 vid
623 1297 68 20 denna
707 1303 42 19 nya
764 1295 148 26 beskattnings

82 1324 100 27 ställning
204 1325 32 20 till
258 1324 41 21 den
314 1325 137 20 kommunala
466 1325 164 26 beskattningen
647 1325 39 20 och
702 1325 82 20 således
800 1324 61 21 äfven
876 1330 36 20 ge-

82 1359 50 15 nom.
148 1353 114 21 statistiskt
278 1353 98 21 material
392 1353 79 21 bereda
490 1353 84 21 tillfälle
590 1356 31 18 att
637 1353 49 21 fullt
702 1353 97 25 bedöma,
815 1359 34 14 om
865 1353 46 20 icke

84 1388 26 15 en
130 1381 32 22 för
185 1382 61 21 stark
268 1382 134 21 konkurrens
425 1382 79 21 mellan
525 1382 25 21 de
567 1382 56 21 olika
639 1382 189 26 beskattningarna
843 1381 70 20 skulle

83 1410 83 27 uppstå.

152 1467 32 21 Hr
198 1467 144 21 Norrmén:
373 1467 41 26 Jag
436 1467 64 21 utber
523 1467 42 26 mig
581 1469 32 19 att
629 1469 56 18 ännu
700 1467 21 21 få
738 1467 41 21 öka
794 1466 81 22 antalet
891 1466 24 21 af

84 1496 26 21 de
128 1496 170 26 anmärkningar,
315 1502 45 15 som
376 1495 118 22 framstälts
516 1499 44 18 mot
576 1495 145 28 föreliggande
732 1495 182 26 författningsför-

84 1525 52 26 slag,
152 1525 48 20 med
216 1526 31 19 ett
264 1531 46 20 par.
340 1524 72 26 Enligt
428 1525 11 24 $
457 1525 27 20 13
500 1526 37 19 äro
551 1524 47 21 från
614 1524 118 27 utgörande
748 1525 22 20 af
784 1524 129 21 inkomstbe-
