1109 1761
210 121 43 22 300
460 127 25 17 R.
498 131 18 13 o.
529 128 22 16 A.
566 127 58 17 1894.
649 128 12 16 2
674 127 62 17 Mars.

180 207 72 24 cirkel,
275 209 32 19 att
328 207 35 21 vid
386 207 157 28 handläggning
565 207 23 21 af
609 207 157 22 instruktionen
783 206 64 27 finna,
862 206 28 27 pä
905 207 69 27 grund
989 207 23 22 af

179 236 41 21 den
236 236 97 21 försökta
347 235 160 28 lagtolkningen
523 235 133 22 beträffande
672 237 13 26 &
700 237 14 19 4
729 235 23 22 af
763 236 54 21 1867
828 235 35 21 ärs
874 236 136 27 reglemente,

179 266 33 19 att
227 264 27 21 dä
270 264 120 21 Ständerna
404 265 46 21 icke
465 265 58 26 gjort
534 265 158 26 framställning
703 271 34 15 om
747 264 151 27 upphäfvande
912 264 22 21 af
944 264 66 27 regle-

179 295 87 23 mentet,
289 293 63 21 hvars
374 294 14 20 4
410 293 11 27 &
443 293 137 21 förmenades
602 293 132 21 fortfarande
754 293 64 27 gälla,
834 293 60 21 Hans
909 293 101 27 Majestät

178 321 47 21 icke
246 321 71 21 kunde
338 322 104 21 stadfästa
464 322 166 26 instruktionen,
643 322 39 21 och
699 321 27 21 då
742 322 36 21 det
793 328 41 20 nya
850 321 138 27 reglementet
1003 321 7 21 i

180 350 67 21 sinom
270 350 32 21 tid
324 350 116 27 föredrogs,
463 350 51 22 fann
536 356 50 16 man
602 350 47 21 åter
668 352 40 22 att,
724 352 51 19 enär
790 350 158 21 instruktionen
963 350 47 21 icke

180 378 83 22 kunnat
286 378 96 22 utfärdas
405 379 20 21 af
448 379 64 21 orsak
536 381 32 19 att
584 379 120 21 Ständerna
720 379 46 21 icke
781 378 59 27 gjort
855 378 155 27 framställning

181 413 34 15 om
239 407 159 26 upphäfvandet
420 407 23 21 af
463 409 10 24 $
491 409 14 19 4
524 408 7 20 i
549 408 54 21 1867
620 408 35 21 års
671 408 137 26 reglemente,
824 407 24 21 så
863 407 71 21 kunde
949 407 61 21 Hans

180 435 101 27 Majestät
296 435 46 22 icke
357 436 103 21 stadfästa
476 436 37 21 det
529 436 138 27 reglemente,
682 442 45 15 som
741 436 46 27 just
802 435 89 22 innebar
906 436 61 21 äfven
978 437 32 20 ett

180 464 78 21 sådant
280 464 154 27 upphäfvande.
465 465 11 21 I
496 465 70 21 denna
584 465 65 21 cirkel
666 464 79 21 råkade
761 464 49 21 hela
826 463 74 27 frågan
916 464 40 21 och
971 463 39 22 har

180 493 40 21 den
244 492 111 22 förblifvit.
384 493 41 26 Jag
444 493 81 21 tillåter
541 494 43 26 mig
600 494 47 21 icke
662 495 33 20 att
710 494 7 20 i
733 493 61 21 detta
808 493 123 21 förfarande
946 492 64 27 spåra

180 522 71 25 någon
267 521 40 21 den
323 522 77 21 minsta
415 522 70 27 afsigt,
501 528 49 15 men
564 523 37 26 jag
617 522 67 21 måste
701 522 95 21 erkänna
812 523 33 20 att
860 522 36 21 det
911 527 49 16 vore
972 521 37 21 hö-

180 550 83 27 geligen
282 551 92 26 önskligt
392 557 34 15 om
442 551 69 26 någon
527 551 103 27 nöjaktig,
643 551 37 26 jag
695 551 65 26 vågar
775 551 47 20 icke
838 552 50 25 säga
904 550 49 21 fullt
967 549 42 22 till-

180 579 171 27 fredsställande,
366 579 118 27 förklaring
499 579 27 27 på
542 580 60 20 detta
617 579 133 21 förhållande
766 579 72 21 kunde
854 579 108 21 meddelas
977 585 32 14 re-

180 608 180 26 presentationen.

250 636 45 20 Här
317 636 113 27 föreligger
452 643 29 15 nu
502 637 6 21 i
529 636 75 27 hvarje
619 636 101 22 händelse
736 643 25 14 en
778 636 162 21 konstitutionel
956 636 53 21 kon-

180 664 53 25 flikt,
256 664 46 21 icke
326 665 39 21 den
388 666 68 20 första
477 666 67 20 under
559 665 39 21 vår
613 665 212 27 landtdagshistoria,
841 664 107 22 måhända
962 664 46 22 icke

180 692 68 22 heller
272 694 39 20 den
334 694 57 26 sista,
413 700 55 20 men,
485 694 37 26 jag
537 700 108 20 upprepar
660 694 55 21 hvad
729 694 36 26 jag
781 694 35 20 vid
832 693 176 21 remissdebatten

180 722 100 26 antydde,
302 728 26 15 en
351 722 23 21 af
394 722 26 21 de
438 723 125 25 onödigaste
582 722 40 22 och
638 729 26 14 en
680 722 23 21 af
717 722 25 22 de
758 722 158 26 ledsammaste,
947 722 61 20 Huru

180 750 86 21 komma
289 750 54 22 ifrån
367 751 69 21 denna
457 750 105 22 konflikt?
581 751 121 21 Ständerna
721 753 36 19 äro
774 751 47 21 icke
838 750 87 22 alldeles
941 756 68 16 ovana

182 779 34 21 vid
235 779 179 27 förödmjukelser
432 780 22 20 af
469 780 145 26 hvarjehanda
630 780 52 26 slag,
697 780 39 21 och
752 780 37 21 det
804 779 28 27 på
846 779 103 27 vigtigare
965 785 45 15 om-

180 807 73 25 råden,
277 814 47 15 men
347 808 27 27 på
394 809 35 20 det
451 809 45 21 inre
516 808 102 27 politiska
634 808 98 22 området
746 810 64 25 göres
826 814 34 15 oss
876 808 132 26 sannerligen

180 836 47 21 icke
243 836 66 22 behof
323 836 23 21 af
360 839 32 19 att
407 837 135 27 förödmjuka
558 838 128 20 hvarandra.
737 850 11 1 —
776 849 18 3 —
815 850 23 2 —
860 850 21 2 —
905 848 19 4 —
947 848 20 3 —
986 849 23 2 —

451 1025 39 30 Nya
506 1025 68 29 nådiga
590 1025 148 29 propositioner.

249 1082 31 21 Hr
296 1082 206 22 Landtmarskalken
517 1083 73 21 afbröt
605 1083 75 20 härvid
691 1082 87 27 frågans
791 1083 73 20 vidare
876 1081 132 26 behandling,

179 1112 51 20 enär
246 1111 99 21 anmälan
360 1111 67 27 gjorts
442 1114 32 19 att
490 1111 90 22 Ståndet
593 1111 55 21 hade
660 1113 32 19 att
706 1113 110 24 emottaga
827 1113 31 18 ett
871 1110 139 21 meddelande

178 1139 47 21 från
242 1139 115 26 Styrelsen.

247 1167 31 21 På
294 1167 58 27 öfligt
368 1170 43 19 sätt
426 1168 130 27 beledsagad
572 1169 99 20 inträdde
687 1168 53 21 härä
752 1168 31 20 Hr
796 1167 105 21 Senatorn
913 1167 32 21 W.
956 1167 54 20 Ene-

178 1196 52 26 berg
253 1196 39 21 och
316 1196 157 22 öfverlemnade
492 1197 30 21 till
545 1197 25 21 R.
592 1203 18 15 o.
627 1198 25 20 A.
668 1196 93 27 följande
777 1196 50 21 nåd.
843 1196 165 26 propositioner:

247 1253 40 21 N:o
310 1254 18 25 9,
352 1254 109 26 angående
482 1253 138 27 bevillning
642 1253 40 22 för
704 1252 49 23 fast
771 1252 120 28 egendom
908 1251 46 23 och
968 1251 41 23 för

176 1280 122 27 inkomst;

246 1338 40 20 N:o
310 1339 31 23 15,
364 1338 109 26 angäende
492 1339 40 20 den
556 1338 249 28 näringsbevillning,
828 1343 46 15 som
898 1337 56 21 skall
976 1344 33 14 er-

176 1366 75 26 läggas
268 1366 28 22 af
309 1366 168 28 utländingar,
493 1367 73 21 hvilka
581 1367 7 21 i
603 1367 91 21 Finland
711 1367 49 21 idka
776 1366 80 21 handel
872 1366 52 20 eller
939 1372 70 14 annan

176 1395 85 26 näring;

247 1450 39 21 N:o
308 1452 31 25 17,
358 1452 110 26 angäende
484 1452 105 21 särskilda
605 1452 115 31 ändringar
736 1451 31 21 uti
780 1452 42 20 den
834 1451 34 20 för
878 1450 131 27 evangelisk-

176 1485 112 21 lutherska
310 1485 82 27 kyrkan
407 1486 6 20 i
429 1485 90 22 Finland
535 1486 41 21 den
593 1479 111 22 75"
721 1486 54 21 1868
794 1485 87 26 nädigst
896 1484 114 21 faststälda

598 1503 8 13 9
615 1503 83 13 December

176 1519 39 21 och
231 1520 41 20 den
288 1521 12 20 6
317 1520 117 22 December
452 1521 54 21 1869
522 1521 112 21 utfärdade
650 1520 132 27 kyrkolag:
