1103 1756
190 130 92 22 Ändring
295 131 5 17 i
312 132 103 20 Borgare-
427 131 38 17 och
478 130 175 18 Bondeståndens
664 130 129 22 valordning.
833 125 42 21 213

79 212 32 21 lar
133 218 48 14 man
205 210 48 22 hela
273 211 73 21 landet
361 211 6 21 i
383 210 126 27 valdistrikt,
525 210 132 28 någorlunda
672 210 44 22 lika
730 212 59 20 stora
804 210 6 21 i
826 209 77 22 förhäl-

79 240 62 22 lande
156 239 32 22 till
204 239 214 26 innevänareantalet,
435 239 38 21 och
489 239 6 21 i
511 239 42 21 alla
570 239 86 21 distrikt
666 238 50 22 täfla
726 238 117 28 partiernas
853 238 51 22 kan-

79 268 89 27 didater,
192 268 96 26 vanligen
311 268 128 21 tillhörande
462 268 40 21 den
518 268 139 21 ekonomiska
672 267 149 22 öfverklassen.
850 268 54 21 Värt

80 297 257 27 representationssystem
363 298 24 20 är
410 302 45 16 mer
476 298 27 20 än
519 297 65 26 nägot
599 298 65 20 annat
680 296 66 27 bygdt
761 296 27 26 pä
803 296 101 22 historisk

79 325 107 27 tradition,
210 324 39 22 och
274 325 35 21 det
331 324 82 22 händer
435 324 39 22 lätt
497 327 38 20 att.
551 331 34 15 om
601 331 48 15 man
666 326 124 25 omsvänger
806 324 35 22 det
855 324 6 22 i
878 330 25 16 en

81 354 40 26 del,
137 360 48 16 man
201 354 96 21 kommer
312 353 32 21 till
360 353 126 27 motsägelse
502 356 45 18 mot
557 353 48 22 dess
616 353 66 27 öfriga
694 353 64 24 delar,
770 352 71 22 hvilka
851 353 53 22 tills-

81 383 71 21 vidare
168 383 67 21 måste
249 382 98 21 förblifva
361 382 120 21 bestående.
514 382 41 22 Om
571 382 64 22 också
646 382 36 21 det
692 381 80 22 faktum
785 381 118 27 föreligger,

80 413 32 20 att
135 411 35 22 det
191 411 7 21 i
220 416 27 16 en
269 410 33 22 del
325 410 22 22 af
367 410 84 22 landets
472 411 73 21 städer
559 411 70 26 någon
645 411 56 26 gång
716 410 99 26 inträffat,
831 412 32 20 att
879 410 25 22 de

80 440 61 22 valda
166 439 84 23 erhållit
272 439 91 22 flertalet
384 441 75 23 röster,
475 446 47 15 men
537 439 47 21 icke
599 438 92 22 flertalet
707 438 106 28 väljandes
829 440 74 24 röster,

81 468 38 22 och
135 468 81 22 således
232 470 31 19 ett
279 468 81 21 mindre
375 467 58 22 antal
448 468 97 26 väljande
562 470 71 24 segrat
648 468 58 20 öfver
721 469 31 19 ett
767 470 68 19 större
845 468 59 21 antal

80 497 103 27 väljande,
207 496 31 22 till
259 496 49 27 följd
325 496 60 22 deraf
398 498 33 20 att
445 496 66 27 högre
526 496 95 26 taxering
637 502 37 21 ger
689 496 65 26 högre
770 497 94 25 röstetal,
880 497 24 21 så

80 525 67 27 ligger
162 526 33 21 väl
211 525 46 21 häri
272 525 105 27 knappast
391 526 68 26 någon
476 527 69 19 större
561 524 100 22 afvikelse
677 525 46 21 från
739 525 40 21 den
797 525 107 21 allmänna

81 554 144 26 valrättsidén,
251 556 26 19 än
292 556 15 18 t.
323 560 32 15 ex.
371 554 7 20 i
394 554 36 21 det
445 553 81 22 faktum
542 556 32 18 att
589 553 66 27 några
670 553 82 21 hundra
767 556 82 24 prester
864 555 39 19 och

81 582 66 27 några
162 582 83 22 hundra
260 582 184 22 universitetsmän
460 582 39 21 och
514 582 118 21 skollärare
648 582 88 21 tillsätta
751 588 25 15 en
790 582 43 21 lika
846 582 58 27 bety-

81 611 75 26 dande,
180 611 43 21 lika
245 611 114 26 afgörande
380 610 34 22 del
429 610 21 22 af
463 610 49 22 hela
527 610 135 27 landtdagen,
678 617 46 15 som
741 611 90 25 100,000
843 610 61 26 jord-

81 646 68 20 egare.
179 640 41 26 Jag
243 640 107 21 förmodar
366 639 53 22 dock
435 641 32 19 att
483 639 39 21 den
538 640 65 20 ärade
619 639 139 27 petitionären
774 640 46 20 icke
835 638 69 22 skulle

81 674 50 15 anse
147 668 36 21 det
198 663 129 31 nödvändigt
342 670 32 19 att
389 668 70 26 skjuta
475 668 22 20 åt
513 668 59 21 sidan
587 668 161 21 Presteståndet
763 668 39 21 och
817 668 26 21 de
861 674 42 15 res-

81 702 71 16 surser
166 697 33 21 för
214 696 135 27 deltagandet
364 697 6 20 i
384 697 208 26 representationens
603 696 73 22 arbete
686 696 59 22 detta
757 696 67 22 Stånd
835 696 68 26 erbju-

82 725 43 27 der,
137 725 55 21 blott
207 725 70 21 derför
291 727 32 19 att
333 725 77 21 sådant
420 725 45 21 icke
476 725 199 21 öfverensstämmer
686 725 48 21 med
746 725 39 21 den
797 725 105 21 allmänna

81 753 115 22 valrättens
211 754 40 22 idé.
281 754 127 26 Visserligen
430 754 39 21 har
485 754 39 21 den
540 754 64 21 ärade
620 753 140 27 petitionären
775 754 47 21 icke
837 753 66 21 heller

81 782 22 21 af
117 782 32 21 sin
165 782 64 22 kritik
244 782 23 22 af
280 782 36 22 det
331 782 121 21 nuvarande
468 782 135 27 valsystemet
618 782 6 21 i
640 782 179 26 Borgareståndet
835 782 69 26 dragit

82 810 41 22 den
143 810 120 28 slutsatsen,
279 813 32 19 att
325 811 42 21 han
383 812 66 20 måste
464 810 86 22 förorda
566 810 113 27 öfvergång
694 810 32 22 till
742 811 40 21 den
797 810 107 22 allmänna

81 838 44 22 lika
140 839 113 26 valrätten;
269 846 46 15 men
332 840 28 20 då
374 839 66 27 gäller
455 840 41 20 den
511 839 144 27 föreliggande
670 838 73 28 frågan
757 839 23 27 ju
795 839 74 21 endast
878 845 25 15 en

81 868 65 26 något
171 868 65 26 högre
259 868 51 21 eller
332 868 58 26 lägre
411 868 192 26 röstbegränsning.
633 867 43 21 Vill
699 874 47 15 man
765 874 26 14 en
806 868 55 26 gång
877 868 27 26 på

80 896 69 26 grund
171 896 22 22 af
212 896 116 22 statistiska
343 896 244 27 probabilitetskalkyler
602 896 68 21 sänka
684 897 157 21 röstmaximum
857 896 46 21 der-

81 924 48 26 hän,
152 927 32 19 att
206 931 48 15 man
277 925 72 21 vinner
371 925 40 21 den
434 927 79 19 största
527 924 86 27 möjliga
628 924 67 22 utsikt
710 925 32 21 för
757 927 31 19 att
797 925 66 25 alltid
879 925 24 21 de

81 953 107 27 väljandes
208 953 69 22 fertal
292 953 67 21 tillika
374 954 54 21 skall
441 956 145 24 representera
603 953 35 21 det
654 953 74 27 högsta
744 953 117 26 röstetalet,
877 953 27 21 då

81 982 42 21 kan
139 988 47 15 man
202 981 42 22 lika
259 988 65 20 gerna
339 984 50 25 taga
403 984 69 25 steget
487 985 24 18 ut
526 982 55 21 ända
596 982 40 21 ned
653 981 31 21 till
700 982 55 22 blott
769 988 25 15 en
810 984 45 19 röst
872 982 32 20 för

82 1010 52 22 hvar
149 1010 39 22 och
204 1017 31 15 en.

150 1038 50 22 Med
216 1039 35 21 det
265 1038 88 22 anförda
371 1039 39 21 har
423 1039 36 27 jag
475 1039 53 21 dock
544 1039 45 21 icke
606 1040 56 20 velat
677 1039 92 21 bestrida
785 1041 32 19 att
833 1038 71 22 anled-

81 1067 50 26 ning
156 1067 31 21 till
211 1067 76 22 reform
311 1067 22 22 af
355 1068 25 21 12
401 1068 11 27 &
435 1067 24 21 L.
477 1068 25 21 O.
518 1068 67 21 skulle
601 1068 84 21 saknas.
715 1068 42 21 Det
771 1070 25 19 är
811 1067 45 21 skäl
872 1069 32 19 att

81 1096 109 21 utsträcka
204 1095 73 27 sjelfva
293 1096 104 21 valrätten
414 1096 70 26 nedåt,
500 1097 27 26 pä
543 1098 43 19 sätt
604 1097 53 20 1885
672 1097 35 20 års
722 1095 78 27 förslag
815 1099 89 24 upptog,

81 1124 40 21 och
137 1124 35 21 det
187 1130 50 15 vore
252 1124 100 27 riktigare
367 1127 33 18 att
415 1125 46 20 icke
475 1131 77 20 genom
563 1125 134 26 valordnings
708 1124 119 27 antagande
838 1124 65 21 skildt

81 1152 6 21 i
110 1152 72 27 hvarje
204 1153 46 21 stad
276 1153 117 21 bestämma
415 1159 34 15 om
471 1154 24 20 sä
511 1153 78 27 vigtiga
604 1153 99 27 politiska
718 1153 77 27 frågor,
810 1159 45 16 som
871 1153 33 23 de,

81 1180 70 21 hvilka
175 1181 25 21 12
222 1181 11 27 &
255 1181 24 22 L.
303 1181 24 22 O.
345 1181 81 22 lemnar
440 1183 77 25 öppna.
547 1182 42 21 Det
605 1188 50 15 vore
670 1182 99 26 riktigare
785 1184 32 19 att
831 1181 73 26 sjelfva

81 1209 61 27 lagen
164 1209 67 22 skulle
253 1209 104 22 fastställa
379 1209 304 28 röstberäkningsgrunderna;
707 1211 26 26 pä
749 1211 68 20 denna
832 1209 72 22 ständ-

81 1238 68 27 punkt
171 1239 68 20 stälde
262 1245 47 14 man
332 1239 32 26 sig
379 1238 64 21 ocksä
460 1240 54 19 1882
530 1239 39 21 och
586 1239 61 21 1885.
678 1238 73 22 Skulle
766 1239 35 21 det
816 1238 5 21 i
838 1237 23 22 L.
879 1238 24 21 O.

81 1266 91 26 stadgas,
198 1266 79 22 hvilket
292 1267 76 26 belopp
384 1267 87 21 taxerad
487 1267 92 21 inkomst
594 1267 106 22 erfordras
716 1267 31 21 för
762 1269 32 19 att
809 1265 94 22 medföra

81 1300 26 15 en
131 1296 45 19 röst
198 1295 39 21 och
260 1295 55 22 ända
337 1295 33 21 till
393 1295 80 22 hvilket
488 1295 57 22 antal
561 1297 70 20 röster
647 1296 40 21 den
704 1295 63 27 högre
783 1295 121 22 inkomsten

81 1322 53 22 skall
149 1323 64 26 gälla,
229 1324 26 21 dä
270 1323 67 22 skulle
353 1330 49 15 man
417 1325 33 20 stä
466 1323 121 22 oberoende
603 1324 21 21 af
638 1325 116 20 skattörets
769 1323 80 22 olikhet
860 1323 6 20 i
879 1323 25 22 de

81 1350 68 23 skildä
164 1351 157 22 kommunerna.
353 1352 48 21 Men
417 1352 36 21 det
467 1358 63 21 synes
546 1353 41 26 mig
601 1359 46 15 som
663 1353 67 21 skulle
746 1359 48 14 man
810 1358 28 15 nu
858 1351 46 22 frän

81 1380 36 21 det
132 1379 50 26 häll,
198 1380 39 21 den
253 1381 63 21 ärade
332 1381 142 26 petitionären
490 1384 163 23 representerar,
670 1381 46 21 icke
731 1381 88 21 omfatta
836 1381 68 20 denna

80 1408 41 25 id6,
144 1410 50 19 utan
218 1409 65 21 hellre
304 1409 49 26 vilja
367 1409 54 27 yrka
435 1410 27 26 pä
478 1409 37 22 det
530 1409 134 22 kommunala
679 1409 116 22 skattörets
811 1408 93 22 bibehäl-

80 1436 62 22 lande
167 1437 69 21 såsom
260 1438 67 26 grund
350 1437 33 21 för
405 1437 190 27 röstberäkningen
619 1438 6 21 i
648 1438 186 26 Borgareständet,
853 1440 51 18 utan

81 1464 97 23 afseende
202 1465 65 28 derpä
281 1468 32 19 att
328 1466 116 21 skattörets
459 1465 77 28 belopp
552 1467 56 20 inom
624 1469 31 18 ett
671 1466 51 21 visst
737 1467 112 20 maximum
865 1465 39 21 och

81 1493 107 22 minimum
204 1493 63 22 beror
281 1495 28 26 pä
324 1494 26 21 de
365 1494 119 27 respektive
499 1495 111 20 städernas
625 1497 49 24 eget
689 1495 158 21 bestämmande
865 1493 39 22 och

80 1524 33 19 att
127 1522 83 21 säledes
225 1522 40 21 den
281 1522 101 27 politiska
399 1522 103 22 valrätten
519 1523 68 21 skulle
602 1523 85 21 komma
703 1525 32 19 att
749 1523 6 21 i
771 1529 26 15 en
813 1523 34 21 del
862 1524 43 19 stä-
