1095 1761
223 125 42 20 274
463 130 24 17 R.
501 134 16 13 o.
530 130 23 17 A.
567 130 55 17 1894.
645 130 28 17 20
685 129 59 18 Febr.

192 209 79 27 jemväl
293 209 13 21 &
320 209 154 27 handlingarna
496 209 46 22 från
557 209 73 27 hvarje
653 208 128 27 föregående
804 207 102 27 landtdag
921 207 31 21 till
967 207 49 21 sist-

194 237 93 22 nämnda
301 238 84 26 belopp,
401 238 118 27 hvarjemte
535 237 112 22 Utskottet
661 237 90 22 beslutit
765 238 33 20 att
812 237 73 26 hvarje
894 235 122 26 landtdags-

194 272 49 15 man
260 266 53 21 skall
328 266 120 27 afgiftsfritt
464 266 82 22 erhälla
561 268 32 19 ett
603 266 108 27 exemplar
726 265 23 22 af
762 265 37 21 sitt
815 266 48 25 eget
878 263 77 23 Ständs
967 269 48 21 pro-

194 294 68 21 tokoll
277 295 34 20 vid
326 301 28 15 nu
369 295 109 26 pägäende
494 295 109 27 landtdag,
619 294 5 21 i
640 294 67 21 likhet
722 294 48 21 med
781 293 55 22 hvad
844 293 35 21 vid
889 291 126 28 föregäende

194 322 128 28 landtdagar
338 324 54 20 varit
407 323 66 21 fallet.

441 380 31 21 På
487 379 176 22 Statsutskottets
678 380 91 26 vägnar:

539 424 25 23 O.
580 424 95 22 Donner.

758 481 58 22 Karl
837 481 108 28 Willgren.

531 624 154 29 Tolagsafgiften.

265 686 119 27 Föredrogs
398 686 224 22 Ekonomiutskottets
642 687 118 27 bordlagda
775 687 133 21 betänkande
924 687 39 21 N:o
980 688 10 20 1
1007 688 7 20 i

195 714 114 27 anledning
331 714 22 21 af
372 714 47 22 näd.
435 722 60 20 prop.
511 716 40 20 N:o
568 716 12 20 5
603 716 108 26 angäende
726 716 95 26 grunden
836 716 34 21 för
885 715 130 27 tolagsafgif-

194 743 47 20 tens
257 742 141 22 beräknande.

264 800 31 20 Hr
303 800 23 21 L.
335 800 124 22 Mechelin
470 801 95 25 yttrade:
582 800 44 22 Min
634 800 63 27 afsigt
705 802 24 20 är
737 800 123 28 visserligen
867 802 33 20 att
907 800 106 27 tillstyrka

193 828 155 26 godkännande
364 829 22 21 af
399 829 223 21 Ekonomiutskottets
636 830 141 24 betänkande,
799 836 48 14 men
860 829 36 27 jag
911 831 45 19 tror
971 829 42 26 mig

194 856 55 21 dock
264 856 45 22 icke
325 857 67 21 sakna
406 858 114 26 anledning
536 860 32 19 att
583 858 76 21 beröra
675 864 25 15 en
715 858 68 26 punkt
793 858 7 20 i
811 858 70 21 denna
890 857 66 26 fråga,
967 863 46 16 som

193 884 77 21 hittills
286 891 60 21 synes
362 885 45 22 icke
422 886 63 21 hafva
501 885 69 22 blifvit
591 886 129 27 tillbörligen
736 886 99 21 beaktad.
865 885 98 27 Tolagen,
979 885 34 22 så-

194 913 41 20 dan
251 913 40 20 den
306 919 29 15 nu
350 915 68 26 utgår,
442 917 24 18 är
480 915 109 26 ingenting
611 916 64 19 annat
691 916 26 19 än
733 921 26 14 en
774 914 192 27 tillskottsprocent
980 913 33 22 till

193 941 159 27 tullafgifterna.
383 943 42 20 Det
440 949 51 15 vore
515 943 121 26 påtagligen
652 943 87 21 enklare
763 944 33 19 att
810 943 47 21 icke
873 942 92 21 vidhålla
979 948 34 21 sy-

193 971 78 20 stemet
286 970 22 21 af
321 977 26 15 en
370 971 90 21 särskild
475 971 132 27 tolagsafgift
627 971 33 22 för
675 971 106 27 städerna,
805 974 52 18 utan
873 973 32 19 att
919 971 7 21 i
941 971 72 21 stället

193 998 41 21 den
250 999 88 27 ordning
353 999 68 22 blefve
436 1000 99 26 gällande
551 1003 32 18 att
598 1007 26 14 en
639 1000 42 21 viss
696 1002 88 24 procent
800 1000 22 21 af
836 1000 40 21 dei
885 999 72 27 hvarje
965 1000 48 20 stad

193 1026 112 27 uppburna
320 1028 186 21 tullinkomsterna
521 1029 70 21 skulle
606 1028 32 22 till
653 1029 75 21 staden
745 1028 147 21 öfverlemnas.
908 1028 33 20 Nu
950 1028 63 20 hafva

192 1055 19 21 vi
227 1055 48 21 icke
290 1056 54 20 blott
360 1056 118 28 debitering
494 1057 39 21 och
549 1057 97 27 uppbörd
663 1057 64 27 enligt
748 1056 110 27 tulltaxan,
874 1059 52 18 utan
941 1056 72 21 derut-

193 1083 59 21 öfver
268 1084 117 27 debitering
408 1085 39 21 och
463 1086 97 25 uppbörd
583 1085 23 21 af
620 1086 11 20 3
647 1086 27 26 %
691 1084 146 28 sjöfartsafgift
859 1085 39 21 och
914 1084 99 27 slutligen

192 1111 41 21 den
249 1112 68 20 skilda
332 1112 164 28 tolagsafgiften,
513 1120 44 14 som
577 1113 94 21 tillfaller
686 1114 106 20 städerna.
822 1113 42 21 Det
880 1115 24 19 är
919 1115 47 19 sant
981 1114 32 19 att

192 1140 36 21 det
244 1141 122 21 nuvarande
382 1144 101 24 systemet
498 1142 81 20 tillåter
595 1148 25 15 en
635 1142 56 21 olika
702 1142 206 26 procentberäkning
918 1141 27 26 på
956 1141 58 21 olika

192 1170 64 19 orter.
287 1168 43 21 För
352 1170 132 21 närvarande
506 1170 40 21 har
568 1170 79 21 inemot
667 1170 82 21 hälften
765 1170 22 20 af
806 1170 100 21 städerna
921 1170 93 20 bestämt

192 1196 30 27 sig
238 1196 35 21 för
288 1197 12 20 3
315 1197 33 26 %,
364 1197 66 26 något
445 1205 44 14 mer
505 1200 26 19 än
547 1198 80 21 hälften
642 1198 33 21 för
691 1199 12 20 2
719 1199 28 26 %,
763 1198 39 21 och
817 1200 31 19 ett
863 1197 81 22 mindre
955 1197 58 21 antal

192 1225 72 20 städer
279 1225 32 20 för
334 1225 57 22 olika
406 1228 75 19 satser.
511 1227 41 26 Jag
567 1229 46 18 tror
635 1227 54 20 dock
705 1229 32 19 att
753 1227 36 20 det
804 1226 46 21 icke
865 1226 69 21 skulle
949 1225 64 21 lända

190 1253 29 26 pä
234 1253 65 26 nägot
315 1255 43 20 sätt
380 1255 33 20 till
428 1255 67 21 skada
517 1255 33 20 för
566 1255 41 20 den
628 1261 40 15 ena
683 1255 52 21 eller
757 1255 40 20 den
813 1255 67 20 andra
896 1256 66 24 orten,
978 1260 34 15 om

190 1281 160 27 tolagsafgiften
365 1282 33 21 för
414 1283 43 21 alla
471 1283 73 21 städer
560 1283 120 21 bestämdes
703 1285 32 19 att
751 1283 50 27 utgä
816 1283 48 21 med
880 1289 81 15 samma
975 1283 36 20 be-

190 1309 57 27 lopp,
264 1311 15 19 t.
295 1317 31 14 ex.
342 1311 48 20 med
406 1311 12 20 3
435 1312 33 26 ?/,.
498 1312 43 20 Det
556 1313 24 19 är
596 1314 31 19 ett
641 1312 47 21 icke
712 1312 23 21 sä
751 1312 60 26 ringa
826 1311 54 21 mått
895 1311 23 20 af
931 1311 81 26 arbete,

190 1343 45 16 som
249 1337 69 22 blefve
333 1339 142 27 inbesparadt,
491 1346 34 15 om
541 1341 100 26 systemet
657 1340 68 21 blefve
741 1340 126 21 förändradt
882 1339 30 25 sä,
923 1345 44 15 som
976 1339 37 26 jag

189 1372 29 15 nu
233 1367 83 26 antydt,
332 1369 32 18 att
380 1368 86 26 tolagen
489 1369 87 26 utginge
591 1374 75 20 genom
689 1369 181 20 öfverlemnandet
884 1367 23 21 af
921 1368 12 20 3
948 1368 27 26 %
991 1367 24 21 af

188 1395 167 26 tulluppbörden
371 1396 32 20 till
419 1397 106 20 städerna.
548 1397 41 26 Jag
602 1397 90 21 förbiser
707 1397 46 21 icke
764 1399 32 18 att
807 1397 61 20 detta
878 1396 66 21 skulle
955 1396 58 21 med-

188 1422 47 21 föra
251 1429 26 14 en
293 1423 97 22 minskad
405 1424 93 22 inkomst
513 1425 34 21 för
561 1427 77 24 staten,
655 1425 71 21 derest
747 1425 104 19 tulltaxan
867 1424 74 21 förblir
957 1423 56 22 oför-

188 1451 90 25 ändrad,
295 1457 47 15 men
356 1452 36 26 jag
408 1453 81 21 tilläter
504 1453 43 26 mig
563 1453 48 21 med
626 1454 62 20 dessa
703 1453 64 21 korta
781 1454 38 20 ord
834 1453 57 21 fästa
898 1452 115 27 uppmärk-

188 1479 111 21 samheten
322 1480 34 20 vid
380 1482 33 19 att
436 1488 49 14 man
507 1488 76 20 genom
605 1488 26 15 en
653 1482 148 27 omarbetning
816 1481 23 22 af
853 1481 104 22 tulltaxan
973 1480 40 21 och

187 1507 90 27 lämplig
291 1507 129 28 afrundning
442 1509 23 22 af
478 1510 74 27 sjelfva
575 1512 96 19 satserna
693 1510 67 27 uppåt
775 1510 71 21 kunde
861 1509 21 22 få
897 1509 58 22 såväl
970 1509 39 27 sjö-
