1109 1761
234 119 43 21 410
480 125 24 17 R.
517 129 18 13 0.
548 125 23 17 A.
584 125 57 18 1894.
667 125 22 17 16
701 125 61 17 Mars.

207 204 39 22 och
262 205 106 26 utgängen
384 206 24 20 är
423 205 61 25 oviss,
501 211 47 16 men
565 205 57 22 hvad
634 205 37 27 jag
685 205 57 22 velat
754 205 117 26 framhälla,
883 205 36 21 det
930 207 24 19 är
964 205 68 22 detta:

206 233 117 26 Hvardera,
347 233 57 22 såväl
425 233 41 22 den
488 234 44 21 inre
551 234 65 26 linjen
631 240 45 15 som
693 234 120 21 kustbanan
829 233 61 22 hafva
905 240 27 15 en
947 235 23 20 sä
986 239 48 22 pass

207 263 46 20 stor
277 262 150 27 utsträckning,
451 264 32 19 att
506 262 36 22 det
565 263 66 26 enligt
655 263 42 21 min
719 262 65 22 tanke
805 262 110 27 rimligtvis
931 262 46 22 icke
992 263 41 20 kan

207 289 86 22 komma
307 290 74 26 ifräga
397 293 32 19 att
443 291 57 25 inom
517 297 25 15 en
559 291 87 21 kortare
661 291 31 21 tid
705 291 70 21 utföra
786 291 47 20 dem
849 291 6 20 i
871 291 31 21 sin
917 291 79 25 helhet,
1007 293 26 19 än

206 318 83 22 mindre
309 319 114 27 samtidigt,
438 321 50 19 utan
505 319 62 21 torde
583 319 60 22 detta
658 319 52 21 böra
725 320 38 20 ske
779 318 110 22 efterhand
906 319 38 21 och
961 319 71 21 delvis.

206 346 43 22 Det
264 346 112 22 förefinnes
391 348 64 21 ocksä
470 347 89 22 alldeles
574 348 63 26 ingen
653 348 116 26 trängande
782 347 157 27 nödvändighet
949 350 33 19 att
992 348 42 21 for-

207 381 48 15 cera
277 376 51 21 eller
349 376 108 27 påskynda
480 376 62 22 dessa
565 376 94 22 arbeten.
691 376 49 22 Man
763 376 41 21 kan
820 376 46 21 icke
882 378 51 24 säga
948 378 32 20 att
995 376 39 22 här

206 404 39 21 alls
261 404 68 22 skulle
347 404 100 28 föreligga
463 405 69 27 nägon
548 405 96 27 lifsfräga
659 405 39 21 och
714 407 33 19 att
762 404 36 22 det
813 404 32 22 för
861 407 31 19 ett
907 405 76 21 sädant
998 406 35 26 pä-

207 432 123 28 skyndande
353 440 50 15 vore
423 433 62 22 klokt
503 436 32 19 att
551 434 71 21 inleda
637 434 73 21 landet
725 434 30 21 uti
771 440 26 15 en
813 434 80 21 kanske
908 434 80 26 ganska
1004 433 30 21 äf-

206 462 105 27 ventyrlig
325 462 160 27 skuldsättning.
517 463 44 20 För
584 463 48 20 mitt
653 462 62 21 enkla
731 462 97 21 omdöme
844 464 24 20 är
883 462 36 21 det
936 462 97 27 ofattligt,

205 489 56 22 huru
283 497 54 20 man,
350 491 37 26 jag
402 491 35 21 vill
452 491 47 21 icke
514 493 52 25 säga
581 491 126 27 lättsinnigt,
723 497 48 15 men
787 491 128 22 ätminstone
931 491 46 21 med
993 491 40 20 lätt

206 518 60 22 sinne
288 519 30 21 uti
342 520 131 21 närvarande
495 519 31 22 tid
549 520 42 21 kan
613 519 49 27 vilja
677 520 66 21 tänka
757 520 28 26 pä
800 521 32 20 att
847 522 93 25 upptaga
956 520 34 21 län
1006 519 26 27 pä

205 546 52 22 flere
272 547 60 22 tiotal
348 548 96 26 miljoner
459 548 66 26 mark,
542 548 76 21 endast
633 549 32 21 för
680 551 31 18 att
724 548 154 21 tillfredsställa
889 555 24 14 en
925 548 33 21 för
970 548 63 27 öfrigt

207 576 84 27 mycket
311 576 103 27 begriplig
429 577 103 26 otälighet
548 577 38 21 hos
602 578 66 26 nägra
683 577 78 25 städer,
777 576 138 27 Helsingfors,
931 570 46 28 Äbo
994 576 38 22 och

205 604 120 27 Jyväskylä,
347 605 71 21 hvilka
435 605 134 27 naturligtvis
585 606 67 20 önska
667 608 32 18 att
714 606 23 20 sä
752 605 124 27 skyndsamt
891 611 45 15 som
952 604 81 27 möjligt

206 632 21 22 fä
243 633 44 21 sina
301 633 112 27 jernvägar
427 634 32 20 till
475 634 68 21 ständ.
567 634 31 26 Ty
614 640 48 15 man
679 634 38 21 bör
732 634 46 21 icke
793 634 93 26 glömma
896 636 32 19 att
939 634 27 20 dä
978 634 54 21 1888

206 662 35 20 ärs
263 662 102 24 landtdag
387 662 68 22 beslöt
477 662 36 21 det
535 662 114 27 samtidiga
671 662 122 22 utförandet
808 662 22 21 af
843 664 77 19 tvänne
936 663 22 20 sä
974 664 58 19 stora

203 690 251 27 jernvägsanläggningar
469 697 44 15 som
530 691 106 21 Karelska
651 691 39 21 och
705 690 172 28 Björneborgska
892 690 100 26 banorna,
1008 691 24 21 sä

207 718 168 22 öfverskattades
387 719 118 27 uppenbart
517 720 84 21 landets
613 720 95 21 normala
718 726 106 15 ressurser
833 719 38 21 och
880 719 76 21 kredit.
967 719 65 21 Detta

206 746 81 22 skedde
307 748 66 20 under
387 748 114 27 inflytande
517 748 22 21 af
552 748 99 26 fleräriga
665 748 76 26 rikliga
757 748 95 23 skördar,
868 748 94 21 rädande
976 748 56 26 goda

206 774 218 28 affärskonjunkturer
443 777 39 21 och
501 783 24 15 en
539 776 153 27 jemförelsevis
708 776 87 28 lysande
809 776 151 22 statsfinansiel
975 776 57 21 ställ-

205 804 57 26 ning.
293 804 90 22 Kommo
405 805 65 21 sedan
493 805 66 21 andra
582 806 63 21 tider:
669 807 77 19 tvänne
764 806 27 26 pä
807 805 118 21 hvarandra
941 804 91 27 följande

207 832 130 27 missväxtår,
361 834 110 26 stockning
494 834 5 20 i
523 834 43 21 alla
589 834 145 26 affärsgrenar,
755 834 71 26 knapp
838 833 194 27 penningetillgäng

206 860 40 22 och
263 862 75 21 osäkra
353 862 192 25 tullförhällanden,
561 862 72 21 hvilka
649 862 180 27 omständigheter
844 862 132 26 naturligtvis
988 862 44 21 mä-

205 891 32 20 ste
260 890 112 21 äterverka
393 890 64 21 ocksä
479 891 27 26 pä
528 891 141 20 statsverkets
691 891 106 26 ställning.
827 890 77 21 Härtill
924 891 55 25 kom,
999 892 33 19 att

205 917 62 22 dessa
282 925 79 14 samma
377 919 123 21 missväxter
515 919 6 21 i
537 919 96 26 förening
643 919 47 21 med
703 918 274 28 nykterhetssträfvandena
992 918 40 21 och

205 953 26 14 en
248 947 105 21 restriktiv
368 947 231 27 bränvinslagstiftning
614 949 23 20 sä
649 948 90 21 minskat
751 947 163 22 konsumtionen
932 947 38 21 och
983 953 48 21 pro-

205 974 116 22 duktionen
344 976 22 21 af
385 975 88 22 bränvin
492 976 6 20 i
514 976 73 22 landet
602 978 33 20 att
650 976 113 22 tillskottet
778 976 54 21 ifrån
848 976 183 21 bränvinsmedlen

205 1003 33 21 till
254 1004 271 22 kommunikationsfonden
541 1005 76 21 endast
632 1005 67 21 under
714 1006 24 20 år
754 1006 56 20 1893
826 1005 89 26 nedgick
927 1004 46 21 med
984 1004 48 21 vida

205 1032 58 21 öfver
281 1034 6 18 1
307 1032 71 27 miljon
394 1033 66 21 mark.
490 1034 32 20 En
539 1033 52 27 följd
607 1033 60 21 häraf
681 1040 38 14 var
733 1036 32 19 att
777 1033 213 27 jernvägsarbetenas
1002 1032 30 22 af-

204 1060 98 22 slutande
325 1062 67 20 mäste
414 1062 125 26 uppskjutas
562 1062 27 27 pä
607 1064 31 19 ett
657 1062 44 21 helt
715 1062 26 21 är
756 1062 39 21 och
811 1062 107 21 dessutom
934 1063 56 19 ännu
1006 1067 26 15 en

204 1088 48 22 icke
268 1090 107 26 oansenlig
390 1090 68 26 skuld,
474 1091 125 26 uppgäende
615 1090 33 22 till
663 1091 80 21 inemot
759 1091 12 21 3
784 1090 97 27 miljoner
892 1090 66 24 mark,
969 1091 62 25 göras

203 1117 34 21 för
260 1120 31 18 att
313 1124 47 15 man
379 1118 45 21 icke
439 1118 68 22 skulle
523 1121 81 19 utsätta
619 1119 32 27 sig
666 1119 32 21 för
713 1121 32 19 ett
760 1121 75 19 nästan
851 1118 64 22 totalt
930 1118 80 21 afbrott
1025 1118 6 20 i

203 1146 227 27 jernvägsbyggandet.
447 1147 103 27 Slutligen
567 1148 88 26 nedgick
671 1148 64 20 ocksä
751 1148 67 20 under
832 1148 53 20 1892
897 1147 135 26 statsjernvä-

203 1180 78 19 garnes
303 1174 166 22 bruttoinkomst
491 1175 48 22 med
562 1175 80 22 inemot
660 1182 25 15 en
701 1175 45 22 half
760 1175 73 26 miljon
848 1175 61 21 mark
924 1177 57 19 emot
996 1175 36 20 det

203 1202 59 21 förra
277 1203 51 21 äret.
349 1203 41 21 Vid
405 1204 93 27 antydda
513 1203 134 22 förhällande
661 1207 70 24 syntes
748 1204 37 21 det
800 1204 63 21 minst
878 1203 62 27 sagdt
951 1203 81 21 mindre

204 1231 124 22 välbetänkt
346 1233 32 20 att
393 1232 48 26 vilja
457 1231 180 27 fortsättningsvis
652 1232 69 22 utföra
733 1232 190 27 jernvägsarbeten
938 1231 7 21 i
960 1231 72 21 landet

204 1259 6 20 i
231 1265 80 16 samma
329 1262 58 19 stora
402 1261 147 26 utsträckning
564 1261 52 21 eller
631 1261 32 21 för
679 1264 12 17 6
707 1261 12 21 ä
736 1263 11 19 7
764 1261 97 26 miljoner
877 1260 60 21 mark
952 1259 79 27 årligen

204 1287 71 22 säsom
301 1289 68 21 under
395 1289 26 21 de
441 1291 84 20 senaste
541 1289 90 22 tiderna.
661 1289 154 22 Annuiteterna
831 1290 26 24 pä
870 1289 162 26 jernvägslänen

203 1317 72 26 uppgå
289 1316 31 21 till
336 1317 7 20 i
358 1317 63 21 rundt
437 1317 30 22 tal
481 1318 115 25 3,500,000
612 1318 65 21 mark.
704 1318 67 21 Dessa
787 1317 62 22 hafva
865 1317 103 22 härintills
979 1317 52 21 kun-

203 1347 38 19 nat
256 1345 73 21 täckas
344 1346 47 21 med
407 1345 114 23 tillskottet.
537 1346 32 21 till
581 1346 274 22 kommunikationsfonden
867 1346 46 21 från
925 1345 107 22 bränvins-

203 1373 91 26 medlen,
314 1380 48 15 men
378 1374 27 21 dä
420 1375 61 21 dessa
497 1375 69 21 medel
582 1381 89 15 numera
685 1381 156 21 sparsammare
856 1374 78 27 inflyta,
950 1374 23 21 sä
988 1374 43 21 mä-

202 1403 33 19 ste
251 1401 37 22 det
303 1401 108 23 bristande
425 1405 61 23 tagas
500 1403 47 22 frän
558 1403 204 27 statsjernvägarnes
774 1403 183 22 nettoinkomster.
980 1402 52 21 För-

202 1429 115 22 hällandet
334 1430 42 21 blir
397 1432 78 26 precist
497 1431 126 26 detsamma,
639 1437 40 20 om,
698 1432 70 21 säsom
784 1433 121 25 egentligen
920 1430 112 27 rätteligen

202 1457 39 21 ske
256 1458 45 25 bör,
316 1459 151 27 jernvägarnes
483 1459 178 22 nettoinkomster
674 1460 73 21 främst
758 1460 109 21 användas
877 1459 32 21 till
920 1459 112 21 betäckan-

203 1486 36 21 det
255 1486 48 22 utaf
315 1487 149 23 annuiteterna
477 1488 40 22 och
527 1494 42 21 nya
577 1488 222 28 jernvägsbyggnader
809 1488 80 21 utföras
899 1488 75 21 endast
984 1486 48 22 med

202 1514 117 23 tillskottet
333 1515 54 22 ifrån
403 1516 190 23 bränvinsmedlen.
624 1517 11 22 I
649 1517 104 22 hvardera
763 1517 116 22 händelsen
890 1517 96 21 kommer
996 1515 36 22 det
