1109 1761
204 125 42 22 510
447 131 25 17 R.
485 135 18 13 o.
515 131 23 17 A.
552 131 58 17 1894.
638 131 27 17 29
677 131 62 17 Mars.

175 211 69 21 skulle
266 211 37 21 det
323 211 56 27 ligga
394 213 53 20 nära
462 211 32 22 till
509 211 70 22 hands
594 213 33 20 att
642 217 51 16 anse
709 211 60 21 detta
784 211 51 22 bero
851 210 27 27 på
893 211 111 27 godtycke.

175 239 49 22 Men
241 239 63 22 hafva
314 239 119 22 Ständerna
447 241 80 20 uttalat
537 242 33 19 att
581 241 26 20 de
618 239 78 28 bevilja
706 240 77 26 90,000
795 239 61 22 mark
869 242 56 19 samt
936 239 68 22 öfver-

175 268 71 21 lemna
261 268 23 21 åt
295 268 107 27 Styrelsen
413 269 162 26 pröfningsrätt,
587 268 58 22 såväl
658 268 55 21 hvad
723 268 146 27 fördelningen
880 274 46 16 som
936 268 69 22 vilko-

176 302 37 16 ren
229 296 34 22 för
278 298 74 26 anslag
367 296 108 26 beträffar,
491 297 24 21 så
530 299 24 19 är
570 297 37 21 det
622 296 47 22 icke
685 297 94 21 lemnadt
790 303 46 15 rum
848 296 33 22 för
891 296 113 28 godtycke,

176 324 27 22 då
223 325 24 27 ju
270 325 120 21 Ständerna
412 326 74 26 sjelfva
504 326 24 21 så
547 325 95 22 beslutit.
673 326 48 20 Men
735 325 36 27 jag
786 325 36 21 vill
837 327 56 19 ännu
909 325 95 21 erkänna

174 355 34 19 att
223 354 36 21 det
275 354 33 21 för
323 354 74 27 sjelfva
412 354 66 22 saken
493 354 47 22 icke
556 356 25 20 är
595 354 23 21 af
632 356 45 19 stor
692 355 51 26 vigt,
759 360 34 15 om
804 360 49 15 man
864 356 88 25 antager
963 354 41 21 den

175 388 41 15 ena
231 382 52 22 eller
299 383 67 21 andra
381 383 114 21 klämmen.
524 383 43 27 Jag
581 389 64 15 anser
660 383 37 21 det
711 383 77 21 endast
803 388 60 16 mera
872 382 134 27 konseqvent

175 413 33 19 att
223 412 107 25 precisera
345 411 132 22 Ständernas
493 412 119 21 uttalande.

447 508 291 28 Omröstningsproposition:

247 577 52 24 Den,
316 583 44 15 som
376 577 107 21 eventuelt
499 578 35 20 vill
551 578 115 26 godkänna
680 578 69 21 första
764 578 106 21 klämmen
885 578 28 27 på
928 578 37 21 sid.
976 578 29 21 13

175 604 7 21 i
197 604 122 22 Utskottets
335 605 141 28 betänkande,
492 608 71 19 röstar
575 606 35 27 ja;

243 674 43 21 blir
308 674 33 26 nej
365 674 162 28 öfvervägande,
551 674 94 22 erhåller
669 674 106 22 klämmen
792 674 108 22 eventuelt
915 674 41 22 den
971 674 32 28 ly-

174 701 65 25 delse,
255 708 46 16 som
317 702 32 22 Hr
364 704 71 20 Antell
451 704 32 21 för
499 704 124 20 densamma
639 703 118 27 föreslagit,
772 704 53 20 eller
839 706 33 18 att
882 703 121 21 Ständerna

174 730 49 22 ville
239 730 33 22 för
287 732 142 21 instundande
444 732 144 27 finansperiod
604 732 61 21 anslå
681 738 25 15 en
721 738 84 15 summa
820 732 23 21 af
851 732 77 26 90,000
941 732 61 21 mark

174 761 39 23 att,
237 759 55 22 efter
315 760 118 27 Styrelsens
456 761 100 27 pröfning
571 761 40 21 och
627 761 68 21 under
711 761 26 21 de
753 761 68 21 vilkor
837 760 106 28 Styrelsen
960 760 42 22 kan

174 787 57 50 Ana
246 788 75 28 nödigt
337 789 132 26 föreskrifva,
485 790 110 21 användas
610 790 32 21 till
658 789 68 27 ärliga
736 790 118 21 understöd
870 789 22 21 ät
904 789 99 27 folkhög-

174 822 78 16 skolor.

178 842 13 11 2

244 902 75 21 Denna
340 903 276 27 omröstningsproposition
639 903 128 22 besvarades
783 903 47 22 med
847 903 157 26 öfvervägande

172 930 29 27 ja,
224 930 137 28 hvarigenom
384 932 24 21 R.
428 938 19 15 o.
466 932 32 26 A.,
518 932 48 21 med
582 932 157 27 godkännande
755 931 23 22 af
791 932 68 21 första
873 931 107 22 klämmen
994 932 9 21 i

173 958 124 23 Utskottets
318 959 85 28 förslag,
427 960 88 22 beslutit
537 962 34 20 att
592 961 34 20 för
648 961 193 21 nästinstundande
859 960 143 27 finansperiod

173 987 61 22 anslå
249 994 27 15 en
291 995 83 15 summa
389 989 23 21 af
421 989 78 24 90,000
514 989 61 21 mark
591 992 32 18 att
639 990 108 21 användas
763 989 33 21 till
807 989 67 26 årliga
885 989 117 21 understöd

174 1016 23 21 åt
211 1016 169 27 folkhögskolor.
411 1018 60 21 Dock
490 1018 69 21 skulle
575 1018 94 21 beslutet
684 1025 61 14 anses
762 1019 108 20 eventuelt
885 1017 40 22 och
940 1017 62 22 bero-

173 1045 54 21 ende
243 1046 13 20 å
271 1045 37 22 det
323 1046 70 21 beslut
409 1046 119 21 Ständerna
544 1047 85 21 komme
644 1049 33 19 att
687 1046 56 22 fatta
753 1047 65 20 sedan
830 1046 174 27 Statsutskottet,

173 1073 32 21 dit
227 1073 97 26 Ståndet,
347 1075 48 21 med
417 1075 60 21 bifall
497 1075 33 21 till
553 1075 107 22 klämmen
677 1075 12 21 å
703 1081 47 21 pag.
769 1076 26 20 14
810 1075 23 21 af
847 1075 66 26 sagda
928 1075 75 21 betän-

173 1102 77 26 kande,
266 1109 30 14 nu
314 1103 49 21 fann
387 1104 52 26 godt
454 1104 88 21 hänvisa
558 1104 73 26 saken,
646 1104 105 21 försåvidt
765 1104 42 21 den
826 1104 63 21 rörde
904 1104 99 21 anvisan-

173 1131 38 21 det
233 1131 23 21 af
272 1132 69 21 medel
357 1132 34 21 för
405 1132 163 27 ifrågavarande
584 1132 105 27 ändamål,
706 1132 33 22 till
755 1132 121 22 Ständerna
890 1132 114 21 inkommit

174 1160 48 20 med
238 1160 38 21 sitt
291 1160 109 21 allmänna
414 1161 229 26 anslagsbetänkande.

242 1246 25 21 R.
291 1252 18 16 o.
332 1248 37 20 A:s
391 1246 134 22 förestående
548 1247 71 21 beslut
642 1247 69 21 skulle
734 1247 28 27 på
783 1246 60 27 öfligt
857 1247 44 21 sätt
916 1246 87 26 bringas

174 1274 33 21 till
232 1274 153 22 Medständens
409 1278 56 18 samt
489 1275 115 21 Allmänna
630 1276 101 21 Besvärs-
756 1276 40 21 och
821 1274 183 23 Statsutskottens

174 1302 128 22 kännedom.
