1103 1753
358 121 242 31 Mantalspenningarne.
838 121 25 21 99

67 192 79 42 kastas,
163 211 46 15 men
226 205 26 21 dä
268 205 76 21 sädant
359 205 66 26 enligt
440 205 23 21 L.
481 205 24 21 O.
523 205 46 21 icke
585 205 54 21 läter
655 206 32 26 sig
697 208 58 24 göra,
772 206 23 20 sä
810 206 83 20 förenar

65 234 36 26 jag
117 233 41 27 mig
174 240 33 14 om
224 233 35 21 det
274 233 86 27 förslag,
376 240 45 14 som
438 233 21 21 af
474 234 32 20 Hr
521 233 104 22 Norrmén
642 234 67 26 gjorts
725 240 33 15 om
776 234 116 21 motionens

67 262 151 21 remitterande
233 262 31 20 till
280 262 170 21 Statsutskottet.

135 318 58 22 Frih.
210 318 51 22 Edv.
278 318 125 27 Hisinger
418 318 73 21 anhöll
506 325 35 15 om
556 319 119 21 motionens
691 319 75 21 remiss
781 319 32 21 till
824 319 68 21 Stats-

66 347 112 21 utskottet.

135 403 60 22 Efter
210 403 87 22 härmed
313 403 92 21 afslutad
421 404 120 21 diskussion
557 404 121 21 förklarade

136 461 31 21 Hr
177 461 256 21 Landtmarskalken
445 462 38 24 att,
495 461 88 20 emedan
593 461 65 26 enligt
669 461 22 21 L.
701 461 25 21 O.
735 461 103 22 motioner
846 461 46 21 icke

67 489 55 27 finge
142 489 82 27 slutligt
239 489 90 26 pröfvas,
346 489 64 21 innan
426 489 26 21 de
468 489 55 21 varit
538 489 157 21 underkastade
710 489 94 22 utskotts
819 490 72 21 bered-

66 519 57 26 ning,
147 519 31 20 Hr
194 517 204 22 Landtmarskalken
414 518 18 26 ej
449 518 70 21 kunde
535 518 56 21 fästa
607 518 99 21 afseende
724 519 35 20 vid
775 519 35 20 det
826 519 22 20 af
861 519 31 20 Hr

67 547 72 21 Taube
155 547 73 26 gjorda
244 546 99 27 förslaget
360 548 31 19 att
402 553 28 14 nu
441 549 74 24 genast
526 547 72 26 afböja
609 547 116 25 motionen;
735 547 39 20 och
790 547 44 20 blef
843 547 48 20 den-

67 581 80 15 samma
173 575 28 26 pä
228 575 31 21 Hr
284 575 217 21 Landtmarskalkens
527 575 155 26 framställning
712 575 123 21 remitterad
861 575 30 20 till

67 603 169 22 Statsutskottet.

138 661 78 20 Härom
239 660 67 21 skulle
329 660 140 21 Medständen
486 660 39 21 och
541 660 98 21 bemälda
655 660 88 21 Utskott
758 661 135 20 underrättas

67 689 80 21 medels
162 689 201 26 protokollsutdrag,
377 689 66 26 jemte
459 689 36 21 det
510 689 113 21 Utskottet
637 689 70 20 tillika
719 689 65 21 borde
795 689 21 21 få
828 689 33 21 del
872 689 22 21 af

67 717 266 27 diskussionsprotokollet.

107 916 110 28 Förhöjning
233 916 21 23 af
268 916 142 29 statshidragen
426 916 26 23 till
468 914 286 30 folkskolelärarepersonalens
770 916 85 28 aflöning.

136 973 120 27 Föredrogs
279 974 57 21 Frih.
359 974 53 21 Edv.
428 974 111 27 Hisingers
555 974 32 21 till
603 974 59 21 detta
677 974 85 26 plenum
778 973 115 27 bordlagda

67 1001 180 27 petitionsförslag
262 1008 33 15 om
311 1002 135 27 förhöjandet
461 1003 24 21 af
497 1003 157 26 statsbidragen
667 1002 33 21 till
710 1002 183 22 folkskolelärare-

67 1030 138 27 personalens
220 1030 91 27 aflöning
326 1032 54 25 (pag.
398 1032 43 26 83).

136 1087 152 22 Diskussionen
303 1087 7 21 i
325 1089 71 20 ämnet
412 1088 109 26 öppnades
536 1088 23 21 af

137 1143 32 21 Hr
185 1143 93 26 Taube,
294 1149 46 16 som
348 1144 95 27 yttrade:
460 1144 193 26 Förslagställaren
664 1150 62 15 anser
738 1145 32 20 att
780 1144 51 21 vära
841 1143 52 22 folk-

68 1172 130 21 skolelärare
220 1172 39 21 och
282 1172 119 21 lärarinnor
417 1175 36 18 äro
470 1172 33 21 för
519 1173 60 26 ringa
595 1172 102 21 aflönade.
727 1173 40 26 Jag
782 1173 39 20 har
831 1172 64 21 också

67 1200 48 21 litet
133 1200 119 21 erfarenhet
275 1201 45 20 häri
336 1201 39 21 och
389 1201 37 26 jag
441 1201 39 20 har
495 1201 70 21 funnit
580 1203 33 19 att
628 1201 58 21 säväl
702 1201 26 21 de
743 1201 91 26 manliga
849 1207 44 14 som

68 1228 93 27 avinliga
182 1228 102 26 lärarene,
308 1229 27 21 dä
356 1229 25 21 de
402 1229 85 21 komma
507 1229 47 21 från
575 1230 159 25 seminarierna,
750 1231 37 19 äro
801 1228 94 22 särdeles

67 1256 64 27 nöjda
147 1258 32 20 att
194 1257 21 21 få
230 1257 117 27 befattning
357 1258 35 20 vid
402 1257 119 21 folkskolor
532 1258 48 20 med
591 1258 40 20 den
642 1258 42 26 lön,
695 1264 45 15 som
752 1264 28 15 nu
790 1258 7 20 i
807 1257 88 21 allmän-

67 1286 37 20 het
119 1285 112 26 uppbäres.
256 1286 40 26 Jag
311 1286 42 21 kan
368 1286 47 20 icke
431 1285 58 22 finna
504 1288 32 19 att
552 1286 26 21 de
589 1288 37 19 äro
639 1286 32 21 för
684 1286 60 26 ringa
754 1286 102 26 aflönade,
868 1285 27 21 dä

67 1313 106 27 beloppet,
187 1314 67 26 jemte
268 1314 27 21 fri
310 1314 84 23 bostad,
409 1314 40 21 ved
465 1314 40 21 och
515 1315 66 26 nägra
592 1315 66 21 andra
668 1315 46 21 smä
724 1314 107 22 förmäner
840 1314 55 21 ifrän

65 1342 82 27 jorden,
170 1342 27 26 gä
219 1342 32 22 till
273 1342 7 21 i
295 1343 70 27 regeln
386 1343 42 20 800
443 1343 61 21 mark
520 1343 52 21 eller
587 1343 104 21 deröfver.
721 1343 43 21 Det
779 1343 67 21 mäste
861 1342 34 21 väl

67 1377 51 15 vara
140 1370 124 27 tillräckligt
278 1370 32 22 för
326 1377 25 15 en
367 1377 72 15 ensam
454 1377 78 21 person
546 1372 29 26 pä
589 1372 130 23 landsorten,
736 1372 37 21 der
788 1372 107 20 dessutom

67 1399 108 26 välvilliga
190 1400 122 20 människor
327 1400 44 20 ofta
386 1400 86 20 komma
487 1400 48 21 med
551 1402 32 19 ett
597 1400 40 21 och
653 1402 65 19 annat
732 1400 66 21 smätt
812 1400 83 21 läraren

67 1427 53 21 eller
135 1427 121 22 lärarinnan
279 1427 32 22 till
326 1427 63 27 hjelp.
420 1427 11 22 I
446 1427 86 27 Sverge,
549 1428 38 21 der
601 1435 50 14 man
665 1428 48 21 icke
728 1430 24 19 är
767 1434 40 15 van
822 1427 35 22 vid
872 1427 24 21 sä

67 1456 57 26 höga
146 1455 60 22 löner
228 1462 45 15 som
294 1456 38 21 hos
348 1462 40 21 oss,
404 1458 24 19 är
444 1456 188 21 folkskolelärares
647 1457 35 20 lön
698 1456 56 21 blott
769 1457 41 21 400
826 1456 13 21 &
854 1456 41 21 500

67 1484 86 26 kronor,
169 1484 81 21 hvilket
264 1485 134 26 understiger
414 1485 36 20 det
465 1485 84 26 belopp,
565 1491 46 15 som
626 1485 39 20 här
675 1485 98 26 utgifves.
803 1485 40 26 Jag
854 1484 41 21 kan

67 1513 83 22 säledes
165 1513 48 21 icke
227 1513 73 22 förena
315 1513 42 26 mig
371 1513 7 21 i
394 1513 41 21 den
450 1513 121 27 föreslagna
586 1513 128 26 petitionens
729 1513 61 27 syfte,
805 1519 48 15 men
869 1512 27 21 dä
