1109 1761
226 130 40 21 304
469 137 24 16 R.
507 141 18 13 o.
537 137 24 16 A.
574 137 58 17 1894.
657 137 12 16 2
682 137 62 16 Mars.

266 215 62 22 Hvad
343 215 72 22 vidare
430 216 67 27 angår
511 216 182 21 Bankutskottets
708 215 100 28 yttrande
825 215 109 27 angående
944 215 82 26 tillgån-

198 251 40 20 gen
253 245 36 20 vid
307 245 52 20 1872
372 244 35 21 års
422 244 102 27 landtdag
540 245 40 21 och
597 245 26 21 de
633 245 123 26 påföljande
767 244 156 27 landtdagarne
934 244 93 21 derutin-

197 279 48 19 nan,
267 275 33 19 att
318 273 119 21 Ständerna
451 274 49 21 med
515 274 50 20 stöd
581 274 23 21 af
618 274 27 20 68
661 274 11 26 $
688 274 5 20 i
709 273 25 22 L.
751 273 23 22 O.
791 275 68 19 utsett
874 275 33 19 tre
923 272 104 21 bankfull-

197 300 230 28 mäktigssuppleanter
449 302 33 20 för
503 302 74 26 hvarje
598 302 75 24 Stånd,
689 302 76 21 medan
784 302 54 20 1867
854 301 35 21 års
904 301 123 27 förordning

197 330 110 21 bestämde
327 330 80 22 antalet
425 330 138 27 suppleanter
579 331 33 20 till
627 331 42 26 två,
685 330 40 22 har
739 330 128 27 påståendet
881 330 32 21 sin
929 330 97 21 fullkom-

197 358 43 27 liga
255 358 107 27 riktighet.
393 359 69 21 Saken
478 366 38 14 var
531 359 48 21 icke
595 359 23 21 af
631 360 69 26 någon
716 361 69 19 större
801 359 114 27 betydelse,
928 358 99 27 antingen

197 386 50 22 flere
266 388 51 20 eller
336 388 55 21 färre
406 388 137 26 suppleanter
559 388 84 25 valdes;
660 388 146 21 hvarförutom
823 388 26 21 68
866 388 13 26 8
894 388 7 20 i
917 387 23 21 L.
956 387 24 21 O.
996 387 31 21 uti

198 416 48 21 dess
263 416 52 21 sista
330 422 63 15 mom.
408 416 119 21 innehåller
542 423 26 14 en
585 417 116 26 uttrycklig
717 416 135 26 bestämning
867 418 32 19 att
914 416 113 26 supplean-

197 446 71 19 ternes
283 445 58 20 antal
356 445 41 21 kan
413 451 51 15 vara
479 445 24 21 så
517 447 57 19 stort
589 451 46 15 som
651 445 121 22 Ständerna
787 445 102 21 önskade.
921 445 41 20 Det
972 444 54 21 före-

197 473 35 26 låg
249 473 82 21 således
347 474 31 20 uti
394 474 69 21 denna
478 474 68 26 punkt
561 474 72 27 något,
649 480 46 15 som
710 480 48 15 man
775 473 42 21 kan
833 479 51 15 anse
899 473 128 21 åtminstone

197 501 63 22 hafva
275 501 119 22 modifierat
409 503 13 20 4
437 503 12 26 $
465 502 6 21 i
489 503 54 20 1867
560 503 35 20 års
611 503 130 26 förordning,
757 503 77 20 medan
851 502 94 27 återigen
960 501 67 21 första

197 536 62 15 mom.
276 531 7 20 i
302 537 80 15 samma
397 532 27 20 68
440 532 9 25 $
467 531 22 21 af
502 531 24 21 L.
544 531 25 22 O.
585 531 6 21 i
608 531 99 22 afseende
723 531 13 21 å
750 531 34 21 val
801 531 23 21 af
837 530 190 27 bankfullmäktige

197 559 47 21 icke
263 559 117 22 innehåller
399 560 68 26 någon
487 559 156 25 modifikation,
658 563 51 18 utan
727 560 75 21 endast
819 560 39 21 den
875 559 106 21 allmänna
996 565 30 15 re-

198 588 55 26 geln,
269 594 45 15 som
331 588 38 21 har
384 588 31 21 sin
431 588 202 27 detaljbestämning
648 589 7 20 i
672 589 54 21 1867
743 588 34 21 års
793 588 130 26 förordning.

267 616 62 22 Hvad
349 617 98 27 slutligen
461 617 134 21 vidkommer
610 618 26 20 de
652 618 54 20 båda
720 623 75 15 senare
810 617 164 25 reglementena,
992 616 35 21 det

197 651 46 19 ena,
267 651 44 15 som
335 645 141 23 stadfästades
497 646 62 25 1875,
579 646 40 21 och
636 646 35 21 det
687 652 74 15 senare
777 646 23 20 af
813 646 24 20 år
856 646 59 23 1878,
932 646 22 20 så
969 646 57 20 inne-

197 673 57 21 hålla
273 674 25 21 de
316 674 31 21 uti
366 674 67 22 denna
448 674 68 28 punkt
533 675 76 21 endast
624 674 126 27 hänvisning
765 674 33 21 till
814 674 23 21 L.
852 674 24 21 O.
908 674 80 21 Härvid
1003 676 24 18 är

197 702 54 21 dock
267 705 32 18 att
319 703 78 23 märka,
413 706 32 19 att
461 704 58 21 säväl
536 704 55 20 1875
607 704 35 20 &rs
658 704 129 25 reglemente
801 703 8 20 i
825 703 48 21 dess
888 703 14 26 &
919 703 47 22 138,
981 708 45 15 som

197 731 61 21 äfven
282 732 137 26 reglementet
441 732 22 22 af
482 733 39 20 den
541 733 27 19 27
584 732 52 22 Juni
653 732 54 22 1878
723 732 31 21 uti
771 738 26 14 en
813 732 96 20 deremot
924 731 103 21 svarande

197 760 11 26 $
231 760 141 26 uttryckligen
395 762 93 26 stadgar,
511 763 32 19 att
568 762 55 20 1867
643 761 34 21 ärs
700 760 125 27 förordning
841 760 6 20 i
863 760 42 21 alla
920 760 26 20 de
962 760 63 25 delar,

197 794 44 15 som
265 788 46 22 icke
331 796 75 20 genom
423 790 59 21 detta
501 790 132 26 reglemente
648 789 71 21 blifvit
734 789 95 21 ändrade
845 789 52 21 eller
912 788 114 26 upphäfda,

197 817 131 21 fortfarande
345 818 72 21 länder
433 819 31 21 till
481 818 149 22 efterrättelse.
663 818 41 21 Det
719 818 41 21 kan
774 818 25 26 ju
815 818 51 20 bero
882 817 27 27 pä
924 817 102 26 tolkning,

196 845 105 22 huruvida
323 852 48 15 man
394 847 35 21 vill
452 853 51 15 anse
523 849 32 19 att
574 848 28 20 53
624 847 12 27 $
657 846 48 22 utaf
722 848 52 20 1975
791 846 35 21 års
841 846 129 26 förordning,
987 846 40 20 lik-

196 880 45 15 som
257 876 27 19 52
301 875 12 26 $
329 875 47 20 utaf
390 877 55 20 1878
460 877 35 20 års
511 876 137 26 reglemente,
665 881 36 15 var
717 878 32 18 ett
764 874 150 27 upphäfvande
930 874 22 21 af
965 877 13 18 4
994 875 12 25 $
1020 874 6 20 i

198 903 53 20 1867
275 903 35 21 ärs
333 903 128 28 förordning.
492 904 67 21 Detta
581 904 40 21 har
639 904 55 21 dock
709 904 46 21 icke
771 909 38 16 ens
825 903 23 21 af
861 903 166 21 Bankutskottet

196 931 99 26 pästätts,
311 933 51 20 utan
378 933 67 20 häller
460 933 169 21 Bankutskottet
645 933 32 26 sig
689 933 34 20 vid
735 933 32 20 sin
778 934 45 19 sats
836 933 33 20 att
879 931 65 21 redan
955 931 23 21 L.
990 931 37 22 O:s

197 961 26 20 68
239 961 13 25 &
266 960 68 21 skulle
349 961 62 21 hafva
426 961 91 27 upphäft
533 964 11 18 4
561 964 10 22 $
588 962 6 20 i
612 962 53 20 1867
683 961 34 21 års
733 961 130 26 förordning.
885 960 56 24 Men,
958 960 68 21 såsom

193 988 38 27 jag
246 989 61 24 visat,
323 989 63 22 hafva
401 990 120 21 Ständerna
535 990 54 25 icke,
599 990 94 21 hvarken
713 991 52 20 1867
781 989 52 21 eller
845 989 61 23 1872,
919 989 37 20 hos
968 989 58 20 Hans

196 1017 101 26 Majestät
313 1018 75 21 sådant
403 1019 86 20 anmält.

265 1046 44 21 För
331 1047 64 27 öfrigt
418 1047 39 21 har
480 1047 74 26 frågan
571 1053 88 15 numera
675 1047 46 21 icke
737 1047 70 26 någon
823 1046 93 26 egentlig
931 1045 96 27 praktisk

197 1074 114 27 betydelse,
333 1075 27 21 då
377 1075 167 22 Bankutskottet
561 1076 70 21 denna
646 1075 55 27 gång
716 1075 91 21 föreslår
823 1077 31 18 ett
869 1075 91 26 verkligt
975 1080 52 21 upp-

196 1102 106 23 häfvande
325 1104 23 21 af
367 1106 12 19 4
395 1105 11 25 $
421 1105 6 20 i
446 1105 53 20 1867
516 1105 34 20 års
567 1105 130 26 förordning.
728 1104 10 21 I
753 1103 101 22 afseende
870 1103 12 21 ä
898 1103 69 21 denna
982 1103 44 20 huf-

195 1131 78 22 vuddel
296 1132 23 21 af
339 1133 241 21 utskottsbetänkandet
603 1133 36 21 vill
659 1133 37 26 jag
715 1132 137 27 naturligtvis
873 1132 109 26 ingenting
996 1131 31 21 in-

196 1161 80 24 vända;
293 1161 54 21 dock
362 1161 49 21 ville
423 1161 38 27 jag
476 1162 55 20 fästa
542 1161 217 27 uppmärksamheten
773 1161 74 26 derpå,
858 1162 32 19 att
901 1167 48 14 man
960 1160 67 26 möjli-

195 1194 41 21 gen
258 1189 85 21 komme
361 1191 32 19 att
408 1190 109 26 upphäfva
531 1190 64 21 äfven
611 1190 82 24 sådant,
710 1196 45 14 som
772 1189 123 26 antagligen
911 1189 46 21 icke
973 1188 55 21 varit

195 1217 113 27 meningen
323 1220 33 19 att
371 1218 95 22 afskaffa.
498 1219 42 21 Det
556 1219 61 21 heter
633 1218 107 27 nämligen
751 1218 32 21 uti
794 1217 162 27 ifrågavarande
966 1223 62 21 para-

195 1246 56 24 graf:
268 1246 54 25 ,,Vid
338 1247 72 27 hvarje
420 1247 102 27 landtdag
535 1247 67 27 väljas
619 1247 46 27 fyra
676 1246 199 26 bankfullmäktige,
887 1252 25 15 en
923 1246 33 20 för
966 1246 62 20 hvart

195 1274 75 24 Stånd,
292 1275 59 21 inom
366 1276 51 20 eller
440 1278 58 18 utom
514 1276 139 20 detsamma”.
669 1276 43 20 Det
728 1276 105 20 existerar
849 1274 46 22 icke
911 1274 65 28 något
992 1280 35 15 an-

195 1305 37 19 nat
242 1304 127 26 uttryckligt
383 1304 117 27 stadgande
515 1304 6 21 i
539 1304 70 22 denna
624 1304 103 27 syftning;
744 1306 23 24 ty
783 1310 35 14 om
835 1303 40 21 ock
890 1303 24 22 L.
931 1302 24 22 O.
966 1305 62 25 säger

194 1333 33 19 att
243 1331 120 22 Ständerna
378 1333 55 27 välja
443 1333 192 27 bankfullmäktige
645 1332 32 22 till
690 1332 43 22 lika
744 1332 59 22 antal
810 1332 43 27 för
865 1332 75 26 hvarje
951 1332 76 24 Stånd,

195 1360 24 20 så
234 1360 61 22 torde
314 1361 40 21 den
370 1361 107 22 allmänna
491 1362 165 26 uppfattningen
672 1368 34 14 om
722 1361 82 21 sådana
819 1360 24 21 af
857 1360 94 22 Stånden
966 1360 62 21 valda

195 1388 140 28 fullmäktige,
359 1390 37 21 der
418 1390 47 22 icke
488 1390 135 21 annorlunda
643 1390 67 21 finnes
725 1389 106 22 särskildt
845 1389 107 26 stadgadt,
968 1389 60 45 je

194 1416 60 27 bära,
270 1420 32 18 att
317 1418 93 20 Ständen
428 1419 50 21 böra
491 1418 57 28 välja
564 1419 48 21 dem
628 1419 57 20 inom
702 1418 34 28 sig
751 1418 89 28 sjelfra.
862 1418 64 20 Deren
1008 1423 12 15 e

193 1440 98 27 kommer
313 1452 29 15 nu
363 1449 31 19 ett
416 1434 126 45 uttryckligt
565 1447 118 27 stadgande
701 1447 7 21 i
721 1437 19 31 4
756 1437 13 36 S
785 1437 33 31 att
833 1446 93 21 Bankful

194 1473 73 22 kunna
281 1475 67 26 väljas
364 1475 58 21 inom
438 1476 52 21 eller
505 1478 58 18 utom
580 1475 101 22 Ständen.
707 1475 75 22 Ehuru
793 1475 38 26 jag
847 1474 72 21 derom
936 1474 46 21 icke
992 1473 36 21 vill

193 1503 49 20 med
264 1503 135 22 bestämdhet
421 1506 58 25 yttra
501 1504 50 27 mig,
572 1504 110 21 förefaller
700 1504 36 21 det
751 1504 51 27 mig,
819 1509 46 16 som
881 1509 34 15 om
932 1503 35 20 det
982 1502 47 21 icke

193 1537 50 15 vore
267 1532 126 21 välbetänkt
413 1535 33 19 att
467 1533 108 27 upphäfva
591 1533 69 22 denna
676 1533 33 21 del
725 1532 23 22 af
761 1534 18 25 &,
796 1532 86 21 hvilken
898 1531 83 22 komme
997 1533 31 20 att
