1109 1761
237 124 42 21 412
481 131 25 16 R.
519 135 18 12 o.
549 131 23 17 A.
586 131 57 17 1894.
669 131 22 16 16
704 131 62 16 Mars.

209 209 43 27 het,
268 211 26 20 än
309 209 81 22 mindre
405 210 105 22 hvardera
525 211 119 27 samtidigt;
661 211 69 27 nägon
745 209 118 28 trängande
879 209 160 28 nödvändighet

209 240 32 19 att
256 237 81 22 forcera
353 238 61 22 dessa
429 239 89 22 arbeten
534 239 113 28 föreligger
662 239 47 22 icke
724 238 74 23 heller.

266 266 49 22 Man
337 267 67 22 mäste
427 267 70 22 derför
519 270 15 19 t.
553 274 20 15 v.
590 268 49 27 nöja
653 268 32 26 sig
701 268 47 21 med
772 269 31 20 att
819 267 70 22 utföra
904 267 61 22 dessa
978 267 58 27 jern-

209 295 202 27 vägsanläggningar
426 296 54 21 efter
495 296 56 22 hand
568 296 40 22 och
621 296 71 26 delvis,
708 296 7 21 i
727 295 82 22 hvilket
823 295 98 22 afseende
936 302 26 15 en
978 295 60 27 billig

209 322 40 22 och
263 322 34 22 för
311 323 42 22 alla
368 327 72 24 parter
455 324 68 28 skälig
539 324 214 22 öfverenskommelse
764 324 94 22 Ständen
869 324 90 22 emellan
970 324 68 22 borde

209 350 79 25 träffas,
303 355 66 19 samt:

281 380 42 22 För
343 381 121 22 ändamälet
479 383 105 26 upptages
599 384 32 19 ett
645 381 110 22 utländskt
771 381 42 26 län,
828 381 32 21 till
875 381 163 22 förhällandevis

209 408 128 27 begränsadt
359 409 83 28 belopp,
467 410 26 22 dä
515 410 36 22 det
567 410 66 27 enligt
648 410 43 21 min
705 410 135 27 uppfattning
856 410 13 21 f.
885 416 20 15 n.
921 410 46 21 icke
982 409 56 22 före-

209 436 67 23 finnes
291 438 68 27 någon
375 439 65 26 utsigt
462 441 33 20 att
510 439 72 22 kunna
597 438 147 24 åstadkomma
759 441 32 20 ett
805 438 76 23 sådant
894 438 31 22 till
937 438 49 22 flere
996 438 40 21 tio-

208 466 31 21 tal
255 467 101 26 miljoner.

281 495 168 22 Förbehällande
470 496 43 27 mig
527 498 39 25 att,
583 496 27 21 dä
626 495 72 28 frågan
713 503 35 14 om
763 495 273 22 kommunikationsfonden

209 523 147 28 förekommer,
378 524 21 22 fä
420 524 77 28 afgifva
517 525 66 26 nägra
598 525 123 27 ytterligare
737 525 142 26 förklaringar
894 525 6 20 i
915 525 51 20 vära
978 523 58 28 jern-

210 553 233 26 vägsangelägenheter,
467 553 96 22 anhäller
583 553 37 27 jag
638 553 120 27 ödmjukast
774 555 33 20 att
822 553 59 22 detta
897 553 47 21 mitt
959 552 78 22 andra-

209 581 69 26 gande
294 582 65 20 mätte
374 581 21 22 fä
409 582 73 26 ätfölja
498 582 41 21 den
554 582 43 21 näd
609 588 72 21 prop:s
691 582 74 21 remiss
777 582 33 21 till
820 581 216 27 Jernvägsutskottet.

282 638 56 22 Frih.
360 638 161 22 Molander:
545 639 42 27 Jag
601 639 40 21 har
657 638 68 22 blifvit
740 638 23 22 af
775 639 41 21 den
831 639 127 27 föregående
972 638 65 22 ärade

209 666 82 22 talaren
315 667 142 22 förekommen
478 668 7 21 i
506 668 77 26 mänga
602 667 65 26 delar,
686 674 46 15 som
745 668 37 26 jag
797 668 54 21 hade
867 667 44 21 haft
927 667 32 21 för
974 667 62 27 afsigt

210 697 32 19 att
257 694 118 27 framhålla,
394 702 47 16 men
458 696 27 22 dä
499 696 144 27 föreliggande
660 696 77 22 ärende
750 698 25 20 är
789 696 22 22 af
825 696 96 21 finansiel
936 698 68 23 natur,
1012 696 26 21 sä

209 723 63 22 utber
285 724 36 27 jag
337 724 41 27 mig
393 725 54 21 dock
463 727 31 19 att
509 724 21 22 fä
545 725 74 21 derom
635 727 56 25 yttra
707 725 66 26 nägra
789 725 44 21 ord.
864 724 50 22 Med
924 724 112 26 anledning

210 751 22 22 af
245 752 130 22 Ständernas
390 753 35 21 vid
440 758 83 17 senaste
539 754 102 26 landtdag
656 753 74 27 gjorda
745 753 154 27 framställning
909 752 88 22 föresläs
1008 759 28 15 nu

209 780 6 22 i
233 781 39 21 den
291 782 47 21 näd.
355 788 58 20 prop.
429 784 34 19 att
485 788 25 15 en
523 782 90 27 jernväg
625 782 68 21 skulle
709 782 80 27 byggas
804 782 45 21 frän
865 782 72 21 Keuru
952 781 32 21 till
998 781 38 28 Jy-

209 809 88 27 väskylä
319 810 38 21 och
378 810 71 22 vidare
465 810 54 22 ifrän
535 810 131 28 Suonnejoki
681 810 32 21 till
729 810 71 27 Kuhjo
816 810 34 21 vik
866 810 21 21 af
901 810 82 22 Keitele
998 810 37 26 sjö.

209 838 108 26 Derjemte
339 838 86 22 föreslås
448 841 32 19 att
501 839 84 21 arbetet
607 839 68 21 skulle
698 838 85 27 vidtaga
803 840 24 20 år
848 840 53 20 1896
918 838 38 22 och
972 839 64 21 sedan

209 866 71 27 fortgå
302 867 47 21 med
369 870 31 19 ett
415 867 74 27 anslag
504 868 23 20 af
540 868 50 27 21/,
606 867 96 27 miljoner
717 867 60 21 mark
793 868 86 26 årligen.
909 867 72 26 Enligt
996 867 40 21 den

209 894 48 22 nää.
281 901 59 21 prop.
361 895 68 22 skulle
449 896 89 21 sälunda
560 896 67 21 under
642 897 25 20 är
683 896 54 21 1895
754 895 83 22 arbetet
853 897 26 25 pä
895 896 40 21 den
951 895 86 26 Björne-

209 923 93 27 borgska
325 923 67 22 banan
414 924 100 21 slutföras
530 924 40 22 och
585 924 68 22 under
668 924 26 21 de
709 924 92 27 följande
818 926 12 19 3
845 925 51 20 ären
911 924 83 21 arbetet
1008 923 29 28 pä

210 951 25 22 de
259 958 40 22 nya
319 952 139 28 jernvägarne
480 953 100 27 päbörjas
603 953 39 21 och
663 952 80 22 utföras
759 953 49 21 med
823 955 30 19 ett
869 953 73 27 anslag
957 953 21 21 af
992 959 44 15 om-

209 980 63 28 kring
287 981 48 27 21/,
351 981 96 27 miljoner
462 982 60 21 mark
537 981 88 28 årligen.
655 981 72 27 Några
741 975 63 38 andra
816 979 221 29 jernvägsbyggnader

209 1008 70 22 skulle
293 1010 46 21 icke
354 1010 67 21 under
436 1010 69 21 denna
521 1010 30 21 tid
567 1010 113 27 företagas.
711 1010 66 21 Detta
791 1010 119 21 förfarande
922 1016 61 21 synes
994 1010 42 26 mig

210 1043 51 16 vara
283 1038 33 21 väl
338 1039 105 26 grundadt
463 1039 48 21 med
529 1039 100 21 afseende
644 1039 13 21 &
671 1039 52 21 vära
737 1038 138 22 ekonomiska
890 1038 146 22 förhällanden

210 1066 39 21 och
273 1066 47 22 med
343 1067 39 21 den
403 1067 120 21 erfarenhet
538 1067 22 21 vi
575 1067 62 21 hafva
653 1067 74 21 vunnit
741 1066 133 22 beträffande
888 1067 26 21 de
930 1073 28 15 nu
973 1067 64 27 pägä-

209 1094 55 22 ende
284 1095 256 28 jernvägsbyggnaderna.
571 1096 31 21 Pä
621 1098 44 19 sätt
680 1096 40 21 den
736 1096 127 26 föregäende
878 1096 65 21 ärade
955 1095 81 22 talaren

209 1122 122 27 framhällit,
352 1123 61 22 afläts
427 1124 35 21 vid
479 1124 55 22 1888
549 1124 36 21 ärs
600 1124 103 27 landtdag
717 1124 31 21 till
764 1124 120 22 Ständerna
905 1124 131 27 proposition

209 1157 34 15 om
267 1154 78 19 tvänne
365 1152 229 27 jernvägsbyggnader,
617 1153 40 21 den
673 1152 104 22 Karelska
793 1152 40 22 och
848 1159 25 15 en
887 1152 89 27 jernväg
990 1152 46 22 frän

209 1179 98 22 Kouvola
322 1180 31 21 till
369 1181 77 21 Kotka.
469 1181 120 21 Ständerna
605 1180 81 22 beslöto
703 1181 27 21 dä
745 1183 32 19 att
793 1184 58 17 utom
865 1181 61 21 dessa
936 1181 32 21 två
979 1180 58 27 jern-

208 1210 66 24 vägar
289 1211 56 18 ännu
359 1211 115 25 yttermera
489 1209 69 22 skulle
573 1209 79 28 byggas
667 1215 26 16 en
706 1209 89 27 jernväg
810 1209 32 21 till
854 1209 132 26 Björneborg
996 1209 40 22 och

209 1242 25 15 en
258 1236 47 22 frän
328 1237 79 22 Antrea
429 1239 78 20 station
528 1237 33 22 till
580 1238 86 25 Imatra,
681 1237 83 22 säledes
779 1237 57 22 inom
852 1244 25 15 en
893 1237 80 27 ganska
988 1240 48 19 kort

209 1265 31 20 tid
263 1267 14 20 4
296 1266 119 26 jernvägar,
439 1266 32 21 för
491 1266 71 21 hvilka
582 1266 118 21 kostnaden
716 1273 37 14 var
769 1265 108 22 beräknad
892 1266 32 21 till
940 1266 97 27 omkring

209 1293 27 21 37
260 1293 97 27 miljoner
379 1295 66 20 mark.
475 1295 39 20 Att
536 1301 49 15 man
607 1295 34 25 dä,
663 1295 24 21 år
704 1295 61 26 1888,
781 1294 106 22 äfvensom
904 1294 34 21 vid
954 1296 83 20 senaste

208 1321 103 27 landtdag
326 1322 156 22 öfverskattade
494 1323 84 22 landets
589 1329 112 18 ressurser,
711 1323 40 21 har
761 1323 146 21 erfarenheten
917 1322 120 28 ådagalagt.

208 1350 29 21 Af
251 1351 26 20 de
292 1351 24 21 är
333 1351 54 22 1888
402 1351 99 22 beslutna
515 1352 14 21 4
539 1351 143 27 jernvägarna
692 1354 37 19 äro
740 1358 29 15 nu
779 1351 85 22 utförda
875 1351 75 22 endast
960 1354 77 19 tvänne

205 1379 121 27 jernvägar,
349 1379 104 28 nämligen
476 1379 47 22 frän
541 1379 98 22 Kouvola
658 1379 31 22 till
706 1379 71 22 Kotka
793 1379 39 22 och
847 1379 46 22 frän
909 1380 81 21 Antrea
1004 1380 33 21 till

208 1407 87 21 Imatra.
318 1408 103 21 Deremot
436 1407 62 22 hafva
513 1409 102 21 arbetena
631 1409 27 26 pä
673 1408 27 21 de
715 1410 78 19 tvänne
809 1408 72 24 längre
889 1408 148 27 jernvägarna,

209 1435 40 21 den
274 1435 105 23 Karelska
394 1436 39 21 och
450 1436 40 21 den
505 1436 178 27 Björneborgska,
700 1436 6 21 i
718 1435 58 23 brist
791 1436 28 28 pä
833 1435 75 26 medel,
923 1436 47 22 icke
984 1436 53 22 kun-

208 1466 38 18 nat
267 1464 82 22 utföras
363 1465 6 20 i
385 1465 40 21 den
442 1465 148 27 utsträckning
604 1465 88 27 ärligen,
707 1471 46 15 som
769 1471 38 15 var
822 1465 114 25 beräknad,
953 1465 85 21 hvarför

208 1491 127 28 tidpunkten
358 1492 33 22 för
410 1493 263 28 jernvägsbyggnadernas
696 1493 120 22 afslutande
836 1494 68 21 mäste
923 1492 113 28 förlängas.

209 1520 50 22 Man
283 1521 38 22 har
343 1522 54 21 varit
417 1522 109 21 nödsakad
545 1525 39 24 att,
600 1522 32 21 för
647 1524 32 19 att
694 1521 85 22 arbetet
793 1522 48 21 icke
855 1523 68 20 mätte
938 1521 44 22 helt
998 1522 39 22 och
