1103 1750
221 115 40 23 136
466 121 24 17 R.
503 126 17 12 o.
534 122 22 16 A.
569 122 58 17 1894.
651 122 12 18 9
676 122 59 18 Febr.

191 201 164 27 dagordningen.
387 196 29 26 Är
439 202 54 20 1887
513 202 38 26 gaf
564 202 119 27 Kejserliga
699 202 93 21 Senaten
806 202 8 21 i
829 202 97 26 uppdrag
941 201 22 21 ät
978 202 40 21 Ar-

190 229 125 27 keologiska
337 230 169 21 Kommissionen
530 232 32 19 att
584 231 109 21 inkomma
715 231 48 21 med
779 232 31 20 ett
826 229 127 27 detaljeradt
968 236 49 20 pro-

190 264 59 20 gram
273 258 109 26 angående
397 258 76 21 vidden
489 258 40 22 och
544 258 174 22 beskaffenheten
734 259 23 21 af
770 265 27 15 en
813 258 57 28 dylik
885 258 132 27 museibygg-

190 286 49 26 nad,
256 286 39 21 och
311 286 59 27 afgaf
383 287 155 27 Arkeologiska
553 288 172 21 Kommissionen
740 288 8 20 i
763 287 75 27 början
854 287 23 21 af
889 287 94 27 följande
993 287 25 21 är

191 316 36 20 det
250 315 79 21 äskade
351 316 107 26 förslaget.
489 315 71 22 Sedan
583 316 103 26 ritningar
708 316 40 21 och
766 315 183 27 kostnadsförslag
964 322 53 20 upp-

190 344 75 26 gjorts,
287 350 48 15 men
350 344 118 26 Kejserliga
483 344 93 22 Senaten
594 345 119 21 emellertid
729 346 71 19 ansett
815 346 33 19 att
863 350 26 15 en
904 344 113 21 inskränk-

191 372 50 26 ning
263 373 6 20 i
291 372 41 21 den
354 372 54 22 först
420 372 118 27 uppgjorda
556 373 188 27 byggnadsplanen
760 373 67 21 borde
842 374 69 25 göras,
927 372 88 22 äterför-

191 401 83 21 visades
296 401 88 21 ärendet
407 401 32 21 till
456 401 156 27 Arkeologiska
628 401 178 26 Kommissionen,
822 407 46 15 som
883 401 70 27 ingick
969 401 47 21 med

191 432 31 19 ett
244 431 48 25 nytt
314 429 103 27 betydligt
438 430 127 20 reduceradt
587 430 80 26 förslag
690 430 40 21 och
751 429 115 27 uppgjordt
881 429 54 21 efter
950 429 66 21 sädan

191 459 49 25 plan
256 460 32 19 att
304 458 124 26 byggnaden
443 458 120 26 framdeles,
580 458 28 21 dä
619 458 100 22 behofvet
730 458 24 21 sä
766 458 107 26 fordrade,
884 460 52 18 utan
947 459 70 19 större

191 487 107 25 svårighet
319 486 70 21 kunde
411 486 119 27 tillbyggas.
560 486 70 22 Sedan
651 487 47 21 dess
715 487 63 21 hafva
793 493 29 14 nu
838 486 35 21 två
888 486 24 21 är
928 486 90 21 förflutit

191 518 52 18 utan
259 516 32 20 att
307 515 252 27 museihyggnadsfrägan
579 516 76 20 hittills
670 516 82 20 kunnat
768 516 86 20 komma
870 515 31 21 till
917 516 31 20 ett
963 515 55 21 slut-

191 544 39 26 ligt
245 544 118 26 lyckosamt
379 542 121 28 afgörande.

260 572 43 21 För
325 572 52 21 hvar
399 572 38 21 och
460 578 32 19 en,
516 578 45 15 som
585 572 46 21 haft
650 572 82 21 tillfälle
748 573 33 20 att
796 572 22 21 fä
834 578 25 15 en
875 572 78 21 inblick
968 572 6 21 i
990 572 27 21 de

191 601 130 26 förefintliga
335 601 153 26 samlingarnas
504 601 102 26 tillständ,
623 601 101 21 framstär
740 601 118 21 emellertid
874 601 144 26 uppförandet

191 630 24 21 af
229 636 25 15 en
271 629 162 26 museibyggnad
449 635 45 15 som
510 635 26 15 en
552 629 96 27 oafvislig
664 629 164 26 nödvändighet.
859 629 67 21 Dessa
942 629 75 21 arkeo-

191 658 195 27 logisk-historiska
409 658 38 20 och
469 658 143 25 etnografiska
635 659 116 24 samlingar
774 659 78 25 utgöra
874 658 7 20 i
896 657 76 26 mänga
987 657 29 22 af-

191 687 92 21 seenden
306 693 25 14 en
354 686 118 26 ovärderlig
494 686 58 21 källa
568 687 32 20 för
616 687 146 20 kännedomen
778 686 23 21 af
816 686 36 21 det
866 686 68 21 finska
949 686 67 21 folket

191 715 39 21 och
254 715 47 21 dess
323 715 86 20 forntid.
440 715 46 20 Men
511 721 27 14 nu
561 715 56 26 ligga
633 716 62 20 dessa
710 715 93 26 dyrbara
818 715 115 26 samlingar
948 715 6 20 i
970 714 46 21 huf-

190 744 82 21 vudsak
288 749 44 15 som
346 745 31 18 ett
392 743 51 20 dödt
458 743 87 26 kapital,
563 745 51 19 utan
630 745 32 19 att
678 749 49 15 vare
744 743 31 26 sig
790 743 34 20 för
839 743 109 20 forskaren
965 749 51 14 vara

191 773 32 20 till
247 772 40 21 den
310 773 60 25 nyttä
393 772 25 20 de
441 771 72 25 borde,
537 772 52 21 eller
604 772 32 21 till
653 774 79 19 största
748 771 60 21 delen
825 771 33 21 för
873 771 142 21 allmänheten

191 801 40 20 alls
254 800 136 27 tillgängliga.
420 800 42 21 Det
482 800 68 21 finska
573 800 67 21 folket
661 801 38 20 har
715 801 63 20 minst
794 800 23 21 af
830 800 42 21 alla
888 800 37 20 råd
941 801 32 19 att
987 799 28 26 pä

191 829 59 21 detta
273 831 42 18 sätt
337 828 110 21 värdslösa
469 829 39 20 den
532 828 84 27 gängna
639 829 69 20 tidens
727 829 91 20 minnen.
849 828 47 21 Men
912 828 46 21 icke
974 834 41 20 nog

191 857 88 22 dermed
301 859 32 18 att
355 857 91 20 nämnda
462 857 115 26 samlingar
592 857 34 20 för
641 857 133 21 närvarande
790 859 37 18 äro
844 857 127 25 obrukbara,
989 857 26 20 de

191 888 36 19 äro
251 886 62 21 äfven
334 887 81 19 utsatta
436 885 33 21 för
487 885 61 21 faran
564 888 32 18 att
612 886 6 19 i
635 887 68 20 större
719 885 53 22 eller
787 885 81 21 mindre
883 885 51 26 grad
952 885 64 20 blifva

191 915 36 20 det
242 914 33 21 för
290 914 28 20 all
333 913 93 21 framtid.

261 943 69 20 Sedan
351 942 79 21 Finska
455 942 74 21 Staten
547 942 68 21 under
631 942 97 21 sistlidna
744 942 24 21 är
784 941 103 22 definitivt
903 941 114 27 öfvertagit

190 971 164 21 Universitetets
377 970 57 21 förra
449 971 256 26 historisk-etnografiska
720 970 122 27 samlingar,
859 970 155 21 Studentafdel-

190 1000 114 25 ningarnas
319 999 142 26 etnografiska
476 1005 95 15 museum
588 999 39 21 och
644 999 78 21 Finska
741 998 275 27 Fornminnesföreningens

189 1028 33 21 för
238 1029 32 19 ett
285 1027 88 21 allmänt
387 1027 75 20 Finskt
477 1027 97 21 Museum
585 1027 120 27 hopbragta
715 1027 76 21 främst
802 1027 148 26 arkeologiska
960 1033 53 14 sam-

190 1056 76 26 lingar,
290 1057 23 19 är
336 1056 37 20 det
395 1055 59 21 äfven
473 1058 81 19 statens
570 1056 53 26 pligt
639 1058 31 19 att
686 1056 57 26 sörja
759 1055 33 21 för
808 1055 35 21 det
859 1055 85 26 lämplig
959 1055 57 21 lokal

189 1084 34 21 för
239 1084 48 21 dem
303 1083 112 25 anskaffas,
432 1085 58 20 desto
506 1084 159 27 nödvändigare
681 1090 45 15 som
742 1084 87 21 osäkert
844 1085 30 24 är,
885 1083 54 21 huru
953 1083 62 27 länge

190 1113 26 20 de
232 1112 72 21 kunna
319 1112 98 21 förblifva
433 1112 27 27 pä
478 1113 45 20 sina
535 1113 122 20 nuvarande
669 1112 203 27 förvaringsställen,
885 1118 47 14 men
944 1112 72 27 hvarje

190 1141 130 27 provisorisk
341 1141 97 26 flyttning
458 1140 83 21 medför
564 1141 54 20 både
639 1141 115 21 kostnader
770 1141 39 20 och
826 1140 60 21 äfven
902 1140 66 21 skada
982 1141 35 20 för

189 1170 150 26 samlingarna.
369 1169 41 21 Till
433 1170 25 20 de
481 1170 91 20 nämnda
596 1170 85 20 komma
702 1169 125 27 ytterligare
851 1169 77 21 doktor
952 1170 24 20 H.
994 1169 22 21 F.

189 1198 84 21 Antells
295 1198 91 27 dyrbara
402 1197 22 21 ät
437 1198 100 20 Finlands
553 1198 44 21 folk
613 1198 180 21 testamenterade
809 1197 119 27 samlingar,
944 1197 72 21 hvilka

189 1226 62 21 äfven
274 1226 77 27 ålägga
373 1226 82 20 landets
478 1226 92 21 Ständer
593 1226 56 21 ökad
666 1226 122 27 skyldighet
804 1228 31 19 att
850 1232 22 14 se
887 1226 33 20 till
935 1228 32 18 att
982 1226 35 21 för

189 1254 114 22 framtiden
319 1254 141 21 allmänheten
477 1254 88 22 beredes
582 1255 110 26 möjlighet
706 1256 33 19 att
755 1256 50 25 taga
821 1254 70 26 dylika
901 1254 115 27 samlingar

189 1284 7 20 i
212 1283 149 21 betraktande.
391 1283 75 20 Denna
487 1282 64 26 gäfva
573 1285 39 25 gör
635 1284 35 20 det
689 1282 61 22 äfven
768 1282 92 26 önskligt
876 1284 32 19 att
923 1282 41 25 det,
980 1283 35 20 vid

188 1311 84 26 slutligt
285 1311 116 26 afgörande
412 1311 23 20 af
444 1311 72 26 frågan
529 1317 33 15 om
574 1318 26 14 cn
613 1311 177 27 museibyggnads
801 1310 136 27 uppförande,
949 1311 66 21 måtte

189 1341 62 21 tavas
275 1340 67 20 under
357 1339 89 27 förnyad
462 1340 140 26 ompröfning,
619 1340 105 20 huruvida
739 1339 156 27 Arkeologiska
910 1340 106 20 Kommis-

189 1368 85 21 sionens
297 1368 38 20 sist
358 1368 118 20 inlemnade
495 1368 80 26 förslag
590 1368 132 21 fortfarande
740 1367 167 21 tillfredsställer
922 1368 93 20 nödvän-

189 1396 48 26 diga
261 1396 120 26 fordringar
404 1396 27 26 pä
446 1399 110 23 utrymme,
572 1397 52 20 eller
640 1402 34 15 om
690 1396 100 26 möjligen
807 1396 69 26 någon
891 1396 125 26 utvidgning

189 1424 23 21 af
225 1424 78 26 planen
319 1427 74 23 genast
409 1424 47 21 från
472 1424 75 26 början
563 1425 66 21 borde
645 1425 103 25 vidtagas.

257 1452 32 21 På
303 1453 69 25 grund
389 1452 22 21 af
424 1453 54 20 hvad
491 1452 37 27 jag
544 1454 90 20 sålunda
652 1453 71 21 anfört
746 1453 39 20 och
801 1452 114 21 förlitande
932 1452 43 26 mig
989 1452 28 26 på

188 1480 115 28 höglofliga
325 1480 165 26 Ridderskapets
514 1481 39 21 och
576 1482 80 20 Adelns
674 1482 91 20 intresse
780 1482 34 20 för
829 1487 28 14 nu
872 1481 145 25 föreliggande

188 1508 69 28 fråga,
280 1509 66 27 vågar
366 1509 37 27 jag
427 1510 107 20 vördsamt
557 1509 86 21 anhålla
659 1512 33 18 att
708 1509 90 22 Ståndet
814 1509 49 21 ville
879 1509 63 26 jämte
959 1509 58 21 med-
