1106 1759
38 1184 13 25 +”

208 113 43 21 438
451 120 25 17 R.
490 124 18 13 0.
520 120 22 17 A.
557 121 59 17 1894.
640 121 24 17 16
676 121 62 17 Mars.

249 198 32 22 Hr
302 199 141 21 Norrmön:
474 200 121 22 Ständerna
610 200 64 22 hafva
689 201 64 21 bland
776 203 63 19 annat
864 201 34 21 vid
924 202 84 20 senaste

180 226 104 27 landtdag
299 227 46 21 haft
360 228 113 26 anledning
488 231 33 19 att
536 230 85 26 päpeka
632 230 39 20 den
685 230 45 20 ofta
741 230 175 21 äterkommande
928 230 80 20 bristen

180 255 27 26 pä
223 256 219 22 öfverensstämmelse
465 258 30 20 uti
511 258 70 21 siffror
598 258 90 21 rörande
704 264 81 15 samma
800 258 45 26 sak,
861 264 44 15 som
923 258 85 21 medde-

178 283 33 21 las
226 284 120 21 Ständerna
361 286 5 20 i
383 286 69 20 skilda
468 286 90 21 officiela
574 287 134 26 aktstycken,
724 289 31 18 ett
770 287 140 23 förhållande,
926 293 44 14 som
984 286 24 27 ju

178 312 72 21 kunde
264 313 57 26 gifva
336 314 113 27 anledning
465 315 31 20 till
512 315 132 26 antagandet
667 317 31 19 att
714 315 40 21 den
770 321 40 15 ena
826 315 84 21 handen
925 315 46 21 icke
983 317 24 19 är

177 341 49 21 fullt
241 341 108 28 förtrogen
365 344 46 19 med
427 343 55 21 hvad
499 343 41 21 den
555 344 67 21 andra
637 346 45 24 gör,
698 344 73 21 såvida
786 344 46 21 icke
845 345 40 20 den
897 344 106 23 naturlisa

179 369 146 28 förklaringen
348 371 71 22 härtill
441 373 44 20 ofta
508 379 42 20 nog
566 373 45 20 stär
628 375 33 18 att
676 373 56 20 tinna
747 373 6 20 i
770 373 238 26 statsräkenskapernas

181 399 123 21 nuvarande
326 400 123 21 invecklade
473 401 149 26 uppställning.
651 401 41 27 Jag
714 401 121 22 föranledes
851 402 31 21 till
898 402 62 20 dessa
975 407 33 16 re-

178 427 102 22 flexioner
301 435 76 20 genom
399 429 66 26 några
488 429 144 28 iakttagelser,
652 437 44 14 som
718 430 35 27 jag
775 430 57 27 gjort
847 430 33 21 vid
897 436 26 15 en
939 430 68 26 hastig

177 456 124 26 jemförelse
323 457 23 21 af
364 457 98 22 siffrorna
478 458 6 21 i
499 459 40 20 den
556 459 102 26 öfversigt
674 459 38 20 och
728 459 72 26 kalkyl
816 459 58 21 öfver
889 459 118 20 kommuni-

179 485 173 24 kationsfonden,
374 493 45 14 som
436 487 85 26 ätföljer
536 494 29 14 nu
580 487 162 27 ifrägavarande
758 487 48 21 näd.
824 493 59 21 prop.
900 487 47 21 med
963 489 44 19 sär-

179 513 69 22 skilda
271 515 67 20 andra
360 515 90 21 ofticiela
473 516 155 27 redogörelser,
644 523 45 14 som
707 516 67 21 blifvit
790 516 32 21 till
839 516 118 21 Ständerna
972 518 34 19 ut-

180 542 76 21 delade
278 543 33 20 vid
328 544 68 21 denna
410 545 108 26 landtdag.
548 545 11 20 I
575 545 99 26 kalkylen
691 547 103 24 upptages
810 545 64 21 bland
890 545 117 21 inkomster

178 570 33 21 till
233 571 274 23 kommunikationsfonden
530 573 24 21 år
580 574 53 21 1892
656 574 76 20 främst
747 574 116 26 leverering
879 573 46 21 från
942 576 63 18 stats-

176 599 144 28 jernvägarna
338 602 109 24 1,651,567
464 602 61 21 mark
542 603 26 20 26
584 603 69 26 penni.
677 603 45 20 Den
739 602 48 21 näd.
804 609 59 20 prop.
878 604 25 19 är
918 603 88 20 daterad

178 629 40 20 den
235 629 27 21 22
278 629 103 22 Februari
399 631 54 20 1894
470 631 38 20 och
524 631 67 20 borde
606 631 55 20 altsä
677 631 33 21 vid
730 631 47 21 dess
791 631 138 27 uppgörande
941 631 64 21 redan

178 657 165 22 statshokslutet
358 659 32 20 för
406 659 24 20 är
448 660 52 20 1892
517 660 55 20 varit
589 660 72 26 kändt,
680 662 22 25 ty
717 660 30 21 uti
764 660 117 21 relationen
897 659 108 27 angäende

178 687 140 21 statsverkets
340 687 96 22 tillständ
460 689 88 20 daterad
571 689 40 20 den
635 689 22 20 31
681 689 88 20 Januari
790 689 53 20 1894
858 688 67 21 finnes
941 689 64 20 redan

178 714 110 22 bokslutet
310 715 32 22 för
365 723 81 14 samma
461 717 24 20 är
501 717 134 26 fullständigt
652 717 127 21 meddeladt.
810 717 72 26 Enligt
899 717 106 21 bokslutet

177 743 34 20 för
226 743 25 21 år
269 745 53 20 1892
338 745 98 27 utgjorde
452 745 145 22 inkomsterna
612 745 46 22 från
672 746 195 26 statsjernvägarna
880 746 125 25 12,321,553

177 772 61 21 mark
257 773 25 20 13
298 774 62 25 penni
376 774 39 21 och
432 775 114 25 utgifterna
562 774 33 21 för
611 775 133 20 underhället
760 775 39 20 och
817 774 150 26 trafikeringen
983 774 23 21 af

176 801 196 28 statsjernvägarna
397 803 125 25 11,580,128
546 803 60 21 mark
629 804 27 20 85
680 803 68 26 penni.
780 803 115 21 Skilnaden
915 803 89 21 emellan

176 829 117 26 utgifterna
308 831 39 20 och
363 831 146 22 inkomsterna
524 832 66 21 borde
606 832 90 21 sälunda
712 834 149 24 representera
875 831 37 21 det
927 831 76 27 belopp

177 858 23 20 af
213 858 118 27 leverering
355 859 45 22 frän
416 861 202 26 statsjernvägarne,
634 867 46 14 som
696 861 90 20 kommit
802 860 202 21 kommunikations-

176 887 80 20 fonden
272 888 31 21 till
318 889 55 25 godo
389 889 33 20 för
439 889 135 21 bestridande
590 889 24 21 af
628 889 49 21 dess
692 889 68 26 öfriga
778 889 94 26 utgifter.
905 889 100 20 Emeller-

176 915 30 21 tid
230 918 64 25 utgör
316 917 69 21 denna
408 917 81 22 skilnad
513 918 66 26 enligt
600 918 164 21 statsbokslutet
788 918 92 25 741,424
902 917 60 21 mark
977 918 27 20 28

176 945 63 25 penni
263 946 5 19 i
292 948 26 18 st.
340 945 13 20 f.
376 946 31 21 uti
428 953 28 14 nu
471 946 163 27 ifrägavarande
650 946 101 27 öfversigt
766 949 109 24 upptagna
893 947 110 24 1,651,567

175 973 61 20 mark
252 974 28 20 26
296 974 69 26 penni.
389 974 109 27 Sistsagda
513 981 82 15 summa
611 975 201 21 öfverensstämmer
821 975 47 21 icke
879 975 67 21 heller
956 975 48 20 med

176 1001 37 21 det
229 1001 92 28 bokslut,
342 1009 44 14 som
404 1004 67 21 blifvit
487 1004 115 26 uppgjordt
620 1003 23 22 af
656 1003 209 27 Jernvägsstyrelsen
881 1003 40 21 och
937 1003 67 21 blifvit

175 1030 125 22 meddeladt
322 1031 119 22 Ständerna
465 1033 4 20 i
485 1033 221 26 Jernvägsstyrelsens
722 1033 115 20 berättelse
853 1032 33 21 för
901 1032 24 21 är
943 1033 60 20 1892.

175 1059 74 26 Enligt
272 1059 118 22 detsamma
408 1061 39 20 har
463 1061 105 26 nämligen
585 1061 144 26 levereringen
745 1061 47 20 frän
808 1061 196 26 statsjernvägarna

175 1087 89 26 utgjort,
296 1089 140 21 inberäknadt
462 1089 52 21 hvad
541 1089 35 21 vid
602 1089 101 22 &rsslutet
723 1089 96 21 återstod
844 1091 33 19 att
902 1090 101 25 leverera,

176 1116 114 25 1,063,536
306 1117 59 21 mark
382 1119 23 20 $1
424 1119 70 25 penni.
520 1118 114 21 Hvarifrän
651 1119 39 20 den
707 1119 5 20 i
729 1119 159 26 propositionen
904 1117 101 28 uppgifna

174 1145 228 26 levereringssumman
419 1148 24 19 är
459 1149 69 24 tagen,
545 1149 24 18 är
584 1147 33 20 för
633 1147 43 26 mig
691 1147 97 26 omöjligt
798 1149 32 18 att
841 1147 61 20 fatta.
927 1147 76 20 Vidare

173 1173 145 22 förekommer
339 1175 63 20 bland
425 1175 195 26 inkomstposterna
643 1175 33 21 för
699 1175 24 21 är
743 1175 53 21 1892
814 1175 129 26 öfverföring
958 1175 45 21 frän

174 1202 109 21 allmänna
306 1204 130 21 statsfonden
460 1205 113 24 5,50v,000
596 1205 72 25 mark;
687 1204 5 21 i
716 1204 165 21 statsbokslutet
896 1205 24 19 är
936 1203 68 21 denna

174 1230 59 21 siffra
253 1233 109 25 upptagen
378 1232 31 21 till
425 1233 115 25 5,8253,000
555 1233 71 26 mark;
642 1233 90 20 sålunda
747 1233 61 20 äfven
825 1232 38 21 här
879 1239 25 14 en
920 1231 83 22 skilnad

174 1259 28 25 pä
217 1259 93 27 325,000
325 1261 66 20 mark.
421 1261 170 21 Vidkommande
610 1261 99 27 kalkylen
726 1261 58 21 öfver
800 1261 204 21 kommunikations-

172 1287 80 22 fonden
276 1288 33 21 för
332 1289 50 20 åren
407 1290 138 21 1895—1897
569 1290 38 21 ber
624 1290 36 26 jag
676 1290 20 21 få
712 1292 52 24 göra
780 1290 40 21 den
837 1289 166 26 anmärkningen

172 1318 34 19 att
227 1316 47 21 frän
298 1317 122 22 densamma
445 1318 44 21 helt
505 1318 39 21 och
561 1318 65 21 hället
642 1318 116 21 utlemnats
774 1319 39 20 den
830 1318 121 21 beräknade
969 1318 34 21 be-

173 1344 124 27 hållningen
319 1346 47 21 från
383 1347 61 21 1894.
475 1346 125 22 Emellertid
616 1347 68 21 slutar
699 1347 40 21 den
757 1347 76 26 kalkyl,
849 1353 45 14 som
910 1348 25 19 är
950 1347 54 20 bifo-

171 1373 43 26 gad
230 1373 40 21 den
287 1374 47 21 nåd.
349 1381 67 21 prop.,
432 1375 47 21 med
496 1381 24 15 en
537 1375 122 26 behållning
675 1375 33 21 vid
721 1376 54 21 1894
789 1375 34 21 års
835 1375 80 26 utgång
925 1375 23 21 af
959 1375 44 26 11/,

173 1401 73 27 miljon
271 1403 66 20 mark.
368 1403 135 22 Beträffande
522 1404 26 21 de
564 1404 137 27 kalkylerade
717 1405 145 20 inkomsterna
877 1403 48 22 från
941 1406 63 18 stats-

168 1430 148 27 jernvägarna
336 1431 33 22 för
391 1431 51 22 åren
467 1433 147 26 1895—1897,
630 1433 24 20 sä
676 1439 63 20 synas
759 1434 42 25 mig
817 1435 109 18 desamma
941 1431 63 22 hafva

173 1458 70 22 blifvit
260 1459 38 21 bra
314 1466 41 20 nog
371 1460 45 26 lågt
432 1461 128 24 beräknade,
577 1461 28 20 dä
620 1461 110 21 desamma
745 1461 25 20 är
784 1461 34 20 för
833 1461 25 20 år
873 1461 63 20 hafva
952 1466 50 20 upp-

172 1487 65 26 tagits
254 1488 33 20 till
304 1488 57 26 lägre
376 1488 84 28 belopp.
482 1490 42 20 För
539 1489 24 21 är
581 1490 53 20 1894
651 1491 37 19 äro
705 1490 108 20 desamma
829 1489 55 21 dock
895 1492 109 23 upptagna

171 1516 31 20 uti
220 1516 100 27 kalkylen
331 1517 32 21 till
374 1518 114 26 3,050,000
498 1518 68 24 mark,
578 1524 47 14 men
638 1518 34 20 för
685 1518 53 21 1895
749 1518 77 20 endast
837 1518 33 20 till
881 1518 122 26 2,535,000,
