1103 1753
360 116 25 17 R.
399 120 18 13 o.
428 116 37 17 A:s
477 116 109 21 protokoll.
831 111 24 20 9

131 197 104 27 Slutligen
257 196 33 22 får
304 196 112 22 Utskottet
434 196 113 21 hemställa
562 198 32 19 att
610 196 160 26 Stenografiska
785 196 101 21 Förenin-

61 231 52 21 gens
136 225 140 21 omförmälda
290 225 155 26 framställning
461 225 61 21 äfven
538 225 7 21 i
560 224 64 27 öfrigt
639 225 67 21 måtte
722 224 23 21 af
759 224 127 22 Ridderska-

63 256 37 24 pet
115 254 40 21 och
170 254 69 21 Adeln
254 253 130 27 godkännas.
414 252 134 28 Helsingfors
564 253 42 21 den
622 253 25 21 31
663 252 90 22 Januari
770 253 62 21 1894.

279 310 31 21 På
324 309 240 22 Riddarhusutskottets
579 311 90 25 vägnar:

367 365 22 22 S.
410 365 30 22 W.
457 372 40 15 von
516 365 68 22 Troil.

634 421 50 22 Clas
699 429 18 14 v.
735 421 84 22 Collan.

133 593 149 22 Betänkandet
296 593 113 22 bordlades
425 594 33 21 till
473 593 132 27 Måndagens
621 593 92 27 plenum.

286 762 207 29 Tidningsreferenters
508 763 84 23 tillträde
608 769 23 17 m.
648 769 23 17 m.

134 820 228 21 Riddarhusutskottet
385 820 55 21 hade
462 827 89 14 numera
570 820 79 26 jemväl
664 820 111 21 inkommit
790 820 47 21 med
853 819 35 22 be-

65 848 108 21 tänkande
196 849 6 20 i
225 849 113 25 anledning
360 848 23 21 af
404 849 63 21 väckt
489 849 61 26 fråga
573 855 34 14 om
623 849 121 20 beredande
760 848 22 21 af
795 849 56 26 plats
866 847 22 22 åt

66 877 210 26 tidningsreferenter
298 877 6 21 i
326 877 186 22 Riddarhussalen.
548 877 149 22 Betänkandet
720 877 54 20 hade
796 877 92 26 följande

66 905 89 27 lydelse:

340 1007 240 22 Riddarhusutskottets
602 1007 134 21 betänkande
756 1007 6 21 i
777 1007 113 26 anledning

271 1035 23 21 af
314 1036 62 20 väckt
391 1035 63 26 fråga
469 1042 34 14 om
518 1036 121 20 beredande
655 1036 23 20 af
691 1036 56 25 plats
762 1036 30 20 uti
808 1035 82 21 riddar-

273 1063 98 22 hussalen
387 1064 22 21 åt
424 1064 144 21 referenterne
584 1063 33 21 för
632 1063 67 27 några
715 1063 23 22 af
751 1063 86 22 stadens
849 1063 41 21 tid-

272 1092 81 27 ningar.

135 1159 156 26 Ridderskapet
314 1159 38 22 och
372 1159 68 22 Adeln
456 1160 39 21 har
510 1160 32 21 uti
558 1160 74 21 remiss
648 1160 41 21 den
705 1160 27 21 25
748 1159 141 22 innevarande

65 1187 89 22 Januari
177 1188 23 21 åt
221 1188 227 21 Riddarhusutskottet
471 1189 116 26 uppdragit
607 1190 32 19 att
662 1189 107 20 inkomma
785 1188 47 21 med
847 1189 43 25 ytt-

66 1216 66 21 rande
155 1216 6 21 i
181 1216 113 26 anledning
316 1217 23 20 af
358 1223 25 14 en
407 1217 32 20 till
458 1217 158 26 Ridderskapet
638 1217 39 20 och
694 1217 67 20 Adeln
778 1215 111 26 inlemnad,

66 1244 48 21 utaf
134 1245 164 20 redaktionerna
318 1245 33 20 för
373 1245 135 26 tidningarna
524 1245 227 26 Hufvudstadsbladet,
767 1243 122 26 Päivälehti,

66 1272 53 21 Uusi
135 1272 111 21 Suometar
262 1273 38 21 och
316 1273 46 27 Nya
377 1273 89 21 Pressen
482 1273 160 22 undertecknad
658 1273 68 26 skrift,
743 1273 59 21 hvari
817 1271 73 22 anhål-

65 1301 35 20 lan
122 1302 63 25 göres
208 1308 33 14 om
265 1301 119 22 beredande
407 1301 23 21 af
450 1302 56 27 plats
526 1302 32 21 uti
574 1302 173 21 riddarhussalen
763 1301 23 21 åt
801 1300 89 22 nämnde

65 1329 119 26 tidningars
199 1329 122 22 referenter.

133 1357 41 21 Till
195 1358 133 27 fullgörande
351 1358 62 21 häraf
434 1359 39 20 har
495 1358 229 21 Riddarhusutskottet
739 1360 52 19 äran
807 1358 83 21 anmäla

65 1387 33 19 att
117 1385 122 23 Utskottets
257 1387 117 20 ledamöter
392 1387 63 20 hafva
471 1387 31 25 sig
518 1387 86 24 bekant,
619 1387 101 20 hurusom
737 1387 111 21 akustiken
863 1386 28 26 på

65 1414 185 22 riddarhussalens
273 1415 90 25 läktare,
386 1415 86 21 hvarest
487 1415 240 26 tidningsreferenterne
743 1415 67 21 under
825 1414 66 27 några

65 1442 128 26 föregående
217 1443 127 26 landtdagar
368 1443 46 21 haft
439 1444 81 26 platser
546 1444 32 26 sig
601 1444 106 25 anvisade,
731 1443 8 21 i
753 1444 81 25 ganska
849 1443 42 25 hög

64 1471 53 25 grad
139 1471 107 21 försvårar
262 1478 25 14 en
302 1478 108 20 noggrann
426 1472 137 26 uppfattning
579 1472 23 20 af
616 1472 188 26 förhandlingarna
819 1477 50 16 nere
884 1472 6 19 i

65 1499 74 26 sjelfva
161 1500 65 20 salen.
258 1500 48 20 Med
322 1500 113 26 anledning
450 1500 63 21 häraf
527 1500 39 21 och
582 1500 28 21 då
626 1500 123 26 betydelsen
765 1500 23 21 af
808 1500 23 21 så
847 1499 44 21 vidt
