1106 1761
222 133 42 20 284
470 138 24 17 R.
507 143 17 12 o.
537 138 23 17 A.
573 139 57 16 1894.
654 139 26 16 27
691 138 60 17 Febr.

194 217 99 22 hällande
309 224 61 20 synes
386 218 36 21 det
438 218 42 27 mig
495 218 83 27 obillist
593 220 33 19 att
644 218 27 27 pä
688 218 64 26 nägot
770 219 44 20 sätt
834 217 53 22 söka
905 217 116 22 inskränka

195 246 25 21 de
236 246 115 21 utländska
367 246 235 27 försäkringsbolagens
618 247 81 20 rörelse
715 246 40 21 och
770 247 4 20 i
788 246 49 27 inga
847 246 36 21 fall
896 246 66 21 borde
973 245 48 22 Sta-

194 277 36 18 ten
253 280 75 20 genom
352 281 25 15 en
398 275 56 27 dylik
471 275 58 21 skatt
544 275 28 27 pä
588 275 114 21 utländska
717 275 197 27 försäkringsbolag
929 275 44 20 visa
988 275 33 20 att

195 302 75 21 Staten
286 303 46 21 icke
348 303 73 21 ställer
436 304 32 26 sig
478 309 88 21 gynsam
578 305 45 19 mot
634 304 115 20 desamma.
769 303 68 21 Äfven
848 303 41 21 den
900 303 64 25 skatt,
975 308 45 16 som

194 331 40 21 här
256 330 96 27 föreslås,
376 332 19 20 d.
418 338 18 14 v.
451 338 17 14 s.
486 334 9 19 1
510 332 61 21 mark
587 332 33 21 för
635 332 74 26 hvarje
724 332 55 26 polis
794 331 53 21 eller
861 331 160 27 förnyelsegvit-

195 363 47 17 tens
265 361 24 19 är
311 360 132 26 synnerligen
464 360 43 27 hög
530 360 40 22 och
588 360 76 21 träffar
678 360 85 27 mycket
778 360 64 21 olika.
873 360 42 21 Det
930 360 40 20 kan
985 360 35 20 väl

195 394 51 15 vara
268 388 83 27 möjligt
372 391 32 19 att
427 389 41 21 den
488 389 46 21 icke
551 389 41 21 blir
608 388 96 22 kännbar
719 389 33 21 för
768 389 77 26 poliser
861 389 28 26 pä
903 388 66 27 högre
984 388 37 21 be-

194 416 58 27 lopp,
264 423 47 15 men
327 417 33 21 för
376 418 25 20 de
417 418 46 20 smä
478 418 181 26 försäkringarna,
675 423 45 15 som
734 417 88 21 framför
832 418 31 20 alt
881 417 65 21 borde
957 416 63 22 efter-

194 445 99 26 sträfvas,
310 447 24 19 är
350 446 40 20 den
405 446 81 26 ganska
501 446 142 26 betungande.
666 446 43 20 För
726 448 10 19 1
754 446 60 21 mark
829 445 42 21 kan
886 452 25 14 en
923 445 98 21 arbetare

194 474 66 20 redan
276 474 98 21 försäkra
388 474 48 22 hela
452 474 37 21 sitt
504 474 82 27 bohag;
603 480 28 15 nu
647 474 67 21 skulle
730 474 42 20 han
785 474 122 21 derutöfver
916 474 21 21 fä
948 473 73 22 betala

197 503 9 20 1
224 502 62 21 mark
302 508 45 16 som
363 503 58 21 skatt
436 503 32 21 till
484 505 76 19 staten.

264 531 49 21 Men
334 537 33 15 om
381 531 35 27 jag
432 531 60 22 äfven
508 532 82 26 nödgas
605 533 53 25 göra
673 531 108 27 ätskilliga
796 531 165 27 anmärkningar
975 532 45 20 mot

195 559 41 21 den
252 559 121 27 föreslagna
387 566 41 20 nya
443 560 375 27 stämpelbevillningsförordningen,
830 560 42 20 kan
881 560 37 26 jag
930 560 13 20 ä
953 559 68 21 andra

196 588 61 20 sidan
273 588 46 21 icke
335 588 70 27 undgä
420 590 32 19 att
468 589 94 20 erkänna
578 590 32 19 att
625 588 118 26 väsentliga
758 588 156 26 förbättringar
929 588 69 21 blifvit
1013 588 7 20 i

194 616 124 21 densamma
333 617 106 26 vidtagna.
463 617 73 21 Säsom
554 623 25 14 en
596 616 66 21 sädan
678 616 67 21 mäste
760 616 36 27 jag
812 623 50 14 anse
876 616 100 27 förslaget
987 617 33 20 att

195 644 62 21 äfven
282 645 152 26 expeditioner,
458 651 45 15 som
526 645 52 27 utgå
601 645 7 21 i
631 645 109 24 brottmål,
760 645 112 21 framdeles
887 645 85 21 komma
987 646 32 20 att

194 673 53 20 bära
270 673 97 27 stämpel,
390 675 22 25 ty
435 674 7 20 i
466 674 74 27 sjelfva
560 674 75 21 verket
650 675 24 19 är
690 674 36 21 det
741 673 57 22 svärt
813 675 33 19 att
861 675 57 25 säga,
934 673 85 21 hvarför

194 701 146 26 expeditioner
354 702 7 21 i
377 702 61 21 civila
454 702 50 26 mål,
520 709 48 14 men
584 702 45 21 icke
641 703 6 20 i
659 702 119 21 kriminella
790 702 61 21 skola
861 702 99 27 beläggas
971 702 48 21 med

194 729 73 22 sådan.
299 730 48 21 Men
368 731 38 26 jag
428 733 45 19 tror
496 733 32 19 att
544 737 48 15 man
608 733 52 18 utan
676 731 46 20 fara
737 731 71 20 kunde
824 731 111 20 utsträcka
951 731 68 20 denna

194 758 122 27 skyldighet
337 761 32 19 att
392 759 88 27 belägga
504 759 146 26 expeditioner
671 759 48 21 med
734 759 179 26 stämpelmärken
929 759 32 21 till
977 759 42 21 alla

194 787 152 26 expeditioner,
362 793 45 16 som
423 790 57 19 emot
495 788 59 21 lösen
570 787 92 27 utgifvas
674 788 23 21 åt
712 787 108 27 sakegare,
838 788 19 20 d.
872 794 19 14 v.
907 794 15 14 s.
941 790 32 18 att
983 793 36 15 en-

194 815 48 21 dast
262 815 26 21 de
300 816 144 26 expeditioner
460 823 49 14 vore
524 816 93 27 fritagna
632 816 46 21 från
694 816 116 27 kartering,
826 822 45 15 som
887 816 94 21 utfärdas
997 815 23 21 åt

194 843 103 27 sakegare
313 847 52 18 utan
380 845 65 20 lösen.

264 872 39 21 Vid
323 873 168 26 genomgåendet
513 873 23 21 af
557 873 65 21 listan
644 873 28 27 på
694 873 145 26 skatteobjekt
855 873 39 21 har
907 873 36 26 jag
958 873 61 20 äfven

192 900 42 21 fäst
258 901 43 26 mig
321 901 35 21 vid
378 902 36 20 det
428 902 108 25 nästsista,
552 902 106 26 nämligen
674 901 210 26 äktenskapsförord,
900 902 33 20 för
948 901 71 21 hvilka

193 928 86 22 skatten
295 931 23 19 är
334 929 118 27 föreslagen
468 932 32 19 att
516 932 77 24 utgöra
608 931 28 20 50
652 930 69 26 penni.
751 930 72 26 Enligt
838 930 122 20 nuvarande
976 929 43 21 för-

193 957 90 27 ordning
298 957 63 27 utgår
377 958 40 21 den
435 958 49 21 med
500 960 12 19 5
529 958 60 21 mark
602 958 33 21 för
650 958 72 27 hvarje
739 958 93 21 tusental
847 958 68 25 mark,
931 958 87 20 hvarom

192 985 7 21 i
214 985 204 27 äktenskapsförord
433 988 62 26 göres
510 986 112 22 förbehåll.
652 987 41 26 Jag
709 986 101 22 behöfver
825 986 46 22 icke
887 986 84 27 påpeka
987 988 32 20 att

193 1013 69 21 denna
278 1014 59 21 skatt
358 1016 23 20 är
399 1015 133 27 synnerligen
549 1015 81 26 obillig,
639 1016 27 20 då
681 1015 105 27 nämligen
795 1021 76 20 genom
880 1015 139 26 äktenskaps-

192 1042 74 21 förord
282 1043 46 21 icke
341 1043 69 27 någon
426 1044 157 26 öfverflyttning
598 1044 22 21 af
636 1044 102 26 egendom
754 1050 50 20 eger
818 1050 48 14 rum
882 1044 69 20 såsom
962 1045 15 19 t.
988 1049 31 17 ex.

191 1070 35 22 vid
242 1071 50 26 köp.

262 1099 74 22 Såsom
360 1100 46 21 skäl
421 1100 33 21 för
469 1100 42 21 alla
526 1107 29 14 nu
570 1100 122 28 föreslagna
706 1100 147 27 förhöjningar
869 1100 103 27 åberopas
988 1100 30 21 uti

192 1127 41 21 den
256 1128 48 21 nåd.
329 1135 59 20 prop.
410 1131 34 19 att
464 1129 147 21 inkomsterna
632 1129 6 21 i
656 1129 205 26 bevillningsfonden
878 1129 53 21 varit
946 1129 6 20 i
968 1129 50 20 ned-

192 1155 89 27 gående,
301 1157 76 21 medan
393 1158 115 26 utgifterna
524 1158 55 20 visat
595 1164 26 14 en
637 1158 85 26 ständig
737 1158 100 26 stegring.
868 1157 43 21 För
926 1157 43 21 min
984 1157 34 21 del

191 1184 43 21 kan
249 1184 36 27 jag
300 1185 46 21 icke
362 1185 56 21 finna
434 1186 69 20 denna
518 1186 118 26 förklaring
652 1186 204 27 tillfyllestgörande.
881 1186 42 20 Det
938 1187 23 19 är
971 1185 47 21 icke

191 1218 43 21 nog
249 1214 48 20 med
314 1215 32 19 att
361 1214 216 26 bevillningsfondens
593 1214 117 22 inkomster
725 1214 97 26 nedgätt;
839 1215 36 20 det
886 1214 39 20 bör
936 1214 82 20 bevisas

191 1243 33 19 att
240 1242 140 20 statsverkets
395 1242 107 22 ordinarie
517 1243 119 21 inkomster
653 1243 7 21 i
674 1243 117 21 allmänhet
806 1243 95 26 nedgått.
921 1242 42 26 Jag
973 1244 46 19 tror

192 1269 54 21 dock
262 1273 33 18 att
316 1270 132 27 Regeringen
464 1271 116 21 tillsvidare
596 1271 54 21 skall
666 1272 66 20 blifva
746 1272 197 25 representationen
959 1271 60 21 detta

191 1297 59 22 bevis
274 1298 88 27 skyldig.
392 1298 75 22 Såsom
489 1300 67 20 kändt
578 1299 64 22 hafva
660 1300 187 21 tullinkomsterna
862 1300 47 20 icke
923 1299 94 27 nedgått,

191 1326 40 21 och
254 1327 48 20 med
324 1327 44 21 alla
383 1327 25 21 de
423 1328 153 26 förhöjningar,
592 1334 45 15 som
654 1330 36 20 äro
706 1328 105 26 påtänkta
826 1329 6 20 i
848 1327 131 26 tulltariffen,
995 1330 24 18 är

191 1354 36 22 det
250 1357 33 19 att
298 1355 80 25 befara,
392 1356 37 26 jag
445 1358 61 24 säger
521 1356 47 21 icke
583 1356 89 28 hoppas,
688 1359 32 19 att
736 1356 185 22 tullinkomsterna
936 1356 83 26 ytterli-

190 1388 52 21 gare
258 1384 62 20 skola
335 1384 60 26 stiga.
418 1384 42 27 Jag
475 1384 90 22 föreslår
581 1387 33 19 att
625 1386 69 20 denna
704 1385 133 26 proposition
848 1384 66 22 måtte
925 1384 94 21 remitte-

190 1417 36 15 ras
241 1412 33 20 till
290 1412 236 26 Bevillningsutskottet
542 1413 40 21 och
598 1414 63 20 utber
676 1414 44 25 mig
734 1416 33 18 att
782 1414 57 20 mina
854 1413 165 25 anmärkningar

190 1441 45 19 mot
250 1440 104 27 förslaget
369 1440 67 22 måtte
451 1441 21 21 få
488 1442 5 20 i
510 1442 198 26 protokollsutdrag
723 1442 75 26 åtfölja
814 1443 109 20 remissen.

260 1496 32 21 Hr
307 1497 23 20 L.
345 1496 177 28 Gripenberg:
538 1498 41 26 Jag
595 1498 39 21 har
649 1498 89 21 anhållit
754 1505 33 14 om
804 1498 61 21 ordet
875 1498 34 21 för
919 1499 32 19 att
962 1497 57 21 fästa

189 1524 218 27 uppmärksamheten
432 1526 75 21 endast
522 1526 35 21 vid
573 1528 31 19 ett
620 1527 6 20 i
642 1527 41 20 den
698 1527 49 21 nåd.
763 1533 61 20 prop.
840 1526 105 27 ingående
959 1527 60 20 stad-
