1106 1756
298 128 79 16 Finska
390 127 86 22 språket
487 129 36 16 vid
535 129 24 16 R.
572 133 17 13 o.
602 129 36 17 A.s
650 129 68 21 plena.
856 124 41 21 363

98 206 100 21 herrarne
221 206 25 21 R.
267 206 33 22 W.
324 207 80 21 Wrede
426 207 41 21 och
489 207 146 29 Silfverhjelm
657 211 56 18 samt
727 208 46 21 Hrr
788 208 27 21 N.
830 208 25 21 B.
871 208 55 21 Gro-

98 235 79 21 tenfelt
200 235 40 21 och
261 235 68 21 Falck
350 235 111 22 äfvensom
477 236 142 28 suppleanten
635 237 34 20 Hr
683 237 126 21 Alexander
824 236 101 22 Aminoff.

168 292 144 28 Helsingfors,
327 292 42 21 den
385 293 13 20 6
413 292 60 23 Mars
491 294 60 20 1894.

432 425 159 28 Reservation.

170 493 65 20 Emot
249 492 240 22 Riddarhusutskottets
504 493 71 21 beslut
590 496 32 18 att
637 493 86 27 föreslä,
740 493 37 21 det
787 493 140 22 förevarande

101 521 174 28 motionsförslag
290 521 48 21 icke
354 521 65 21 mätte
435 521 112 22 föranleda
561 522 32 21 till
609 521 71 28 nägon
691 521 75 29 ätgärd
777 523 49 20 frän
836 523 91 21 Ridder-

100 551 78 28 skapet
193 549 40 22 och
249 549 82 22 Adelns
347 550 53 26 sida,
415 550 82 28 nödgas
512 551 35 27 jag
562 550 107 28 nedlägga
684 551 43 20 min
743 552 138 20 reservation.

170 579 42 27 Jag
227 585 61 14 anser
303 579 43 27 mig
361 579 96 21 hvarken
473 579 94 21 behöfva
583 579 51 21 eller
650 579 51 21 böra
712 579 67 28 ingå
770 575 13 37 i
793 579 70 29 någon
873 579 55 22 tolk-

101 609 52 26 ning
169 607 22 21 af
206 607 56 21 hvad
278 608 6 19 i
301 608 25 20 36
343 608 12 27 $
368 607 23 21 R.
407 607 27 22 O.
450 615 73 14 menas
539 607 47 22 med
602 608 109 28 uttrycket
729 608 95 21 »landets
837 608 91 21 officiela

101 636 85 29 språk».
216 636 44 21 Det
282 637 22 19 är
326 635 131 29 fullkomligt
478 636 194 28 tillfyllesgörande
693 639 32 18 att
747 637 38 20 här
800 637 128 26 konstatera,

101 665 115 21 huruledes
235 665 6 20 i
258 664 70 21 denna
342 664 62 29 fräga
419 668 101 18 motsatta
535 665 79 28 äsigter
629 665 88 21 uttalats
733 665 22 21 af
770 665 137 22 medlemmar
921 666 7 20 i

99 694 95 27 ständet,
217 694 73 21 hvilka
313 694 67 20 sakna
401 694 97 21 hvarken
521 694 134 28 lagkunskap
678 694 51 21 eller
750 694 120 22 kännedom
893 702 34 13 om

101 722 53 22 vära
169 722 136 28 landtdagars
321 722 92 21 historia.
447 722 44 22 Vid
507 722 77 21 sädant
596 722 135 21 förhällande
742 724 23 19 är
775 723 37 21 det
822 723 106 27 nämligen

100 750 138 28 obestridligt
253 754 31 17 att
299 752 30 26 $:s
346 751 123 21 nuvarande
485 751 81 28 lydelse
583 751 47 21 icke
646 753 23 19 är
684 751 50 21 fullt
746 752 69 28 tydlig
826 752 40 20 och
877 752 51 21 klar.

102 780 114 20 Erkännes
238 779 45 21 äter
304 779 64 26 detta,
389 780 24 20 sä
435 787 64 21 synes
521 780 37 20 det
579 787 50 13 vara
647 780 88 20 alldeles
752 780 131 28 nödvändigt
898 783 31 18 att

102 808 96 28 aflägsna
213 808 70 21 denna
298 808 102 26 oklarhet,
415 808 78 21 hvaraf
507 808 129 28 stadgandet
651 816 29 13 nu
696 808 59 21 lider.

172 836 52 22 Man
242 837 39 20 har
302 840 48 24 sagt
372 839 32 19 att
426 844 25 14 en
475 836 67 22 sädan
565 836 90 28 ändring
670 844 51 14 vore
738 837 85 28 onödig,
839 837 88 21 emedan

101 866 69 20 finska
193 865 97 28 spräkets
310 867 42 19 rätt
374 868 31 18 att
427 866 64 27 jemte
509 866 108 20 svenskan
636 865 109 21 användas
762 866 37 20 vid
814 866 25 21 R.
855 873 19 13 o.
890 866 38 20 A:s

101 894 163 27 förhandlingar
278 894 7 20 i
300 894 42 21 alla
363 894 38 21 fall
423 894 49 21 icke
491 894 72 21 kunde
575 894 111 21 bestridas.
717 894 42 28 Jag
782 894 36 21 vill
834 894 95 21 häremot

102 922 57 22 blott
179 922 101 21 anmärka
302 926 32 18 att
356 922 70 22 denna
447 922 103 28 rättighet
572 923 66 21 likväl
655 922 72 21 blifvit
742 922 102 27 bestridd,
860 922 70 22 såsom

103 951 27 21 de
151 951 64 29 plena
238 952 76 25 utvisa,
329 951 38 21 der
389 951 76 28 frågan
486 951 72 21 blifvit
573 951 128 26 behandlad,
717 951 40 21 och
773 954 31 18 att
819 952 36 20 det
871 953 22 19 är
908 951 23 21 af

102 980 48 28 vigt
172 982 32 18 att
226 980 25 20 R.
267 987 17 13 o.
300 980 26 21 A.
342 982 66 19 sättes
430 981 6 19 i
452 980 85 20 tillfälle
559 983 32 17 att
613 980 50 28 sjelf
685 980 67 20 uttala
771 981 33 27 sig
819 980 110 28 angående

104 1008 42 21 den
162 1008 164 22 ifrågavarande
342 1010 30 26 $:s
387 1010 56 19 rätta
457 1009 93 27 mening,
565 1008 83 21 hvilket
663 1008 78 21 endast
751 1008 42 21 kan
805 1009 38 21 ske
853 1016 77 20 genom

103 1037 50 21 dess
169 1012 108 57 ändeanide
293 1038 7 20 i
315 1037 41 21 den
372 1037 101 28 riktning,
488 1044 46 14 som
550 1038 7 20 i
571 1038 134 20 motionerna
721 1037 63 21 afses.
814 1037 115 21 Förkastas

103 1066 97 21 deremot
222 1065 62 21 dessa
306 1066 110 25 motioner,
439 1066 55 20 skall
515 1073 48 13 man
586 1065 58 21 alltid
666 1068 77 18 stanna
763 1066 7 20 i
785 1066 96 21 ovisshet
896 1073 33 13 om

103 1094 88 22 hvilken
208 1094 56 28 äsigt
278 1094 86 21 ståndet
374 1095 6 20 i
392 1094 69 21 denna
472 1094 62 28 fråga
545 1094 112 28 verkligen
669 1094 55 28 hyst,
737 1094 40 21 och
791 1096 30 26 $:s
833 1094 97 28 tolkning

103 1122 114 22 förblifver
239 1123 183 27 fortsättningsvis
438 1122 148 22 öfverlemnad
602 1122 22 21 åt
639 1122 41 22 den
697 1123 34 20 för
746 1122 94 22 tillfället
854 1122 76 28 funge-

102 1151 67 21 rande
185 1151 193 21 landtmarskalken
395 1152 51 20 eller
461 1152 48 20 vice
525 1151 202 26 landtmarskalken,
743 1151 73 21 hvilka
826 1151 104 29 personli-

102 1188 43 20 gen
160 1180 72 21 kunna
248 1180 51 28 hysa
314 1180 97 21 konträrt
426 1183 101 18 motsatta
543 1180 80 27 åsigter
637 1180 79 21 härom.

175 1208 53 21 Man
244 1208 38 21 har
298 1208 72 22 vidare
386 1212 53 24 sagt,
455 1208 68 21 under
539 1208 150 22 diskussionen
705 1210 7 19 i
728 1208 91 26 ståndet,
835 1210 32 18 att
877 1216 54 20 upp-

103 1236 104 29 tagandet
225 1237 23 21 af
263 1237 70 21 denna
347 1237 61 28 fråga
424 1238 6 20 i
446 1236 133 22 närvarande
595 1236 102 29 tidpunkt
707 1244 52 14 vore
769 1236 90 28 vådligt.
897 1238 34 19 För

103 1266 43 21 min
169 1265 36 22 del
227 1273 62 14 anser
306 1266 36 28 jag
361 1269 31 18 att
407 1273 34 14 om
456 1265 119 28 någonting
590 1265 113 28 härvidlag
719 1266 41 21 kan
776 1272 51 15 vara
842 1264 89 29 vådligt,

102 1294 26 21 så
147 1295 23 20 är
192 1294 37 21 det
249 1294 40 21 den
306 1294 185 28 omständigheten
514 1297 32 18 att
565 1294 75 27 frågan
661 1295 38 20 alls
717 1295 72 20 blifvit
804 1293 71 27 väckt,
890 1293 41 22 och

103 1322 68 21 måste
187 1326 101 18 ansvaret
302 1323 72 20 härför
390 1323 58 21 hvila
463 1323 29 28 på
502 1323 55 26 dem,
568 1330 45 13 som
623 1331 79 20 genom
713 1326 32 17 att
755 1323 79 21 bereda
845 1322 86 21 ståndet

104 1358 27 14 en
153 1351 170 28 öfverraskning,
348 1351 122 22 framkallat
492 1351 79 21 tanken
595 1351 28 28 på
646 1351 187 28 nödvändigheten
855 1351 24 21 af
900 1352 31 26 8:s

102 1379 166 28 förtydligande.
297 1380 52 21 Men
366 1380 28 21 då
408 1380 76 27 frågan
499 1387 29 14 nu
544 1387 26 14 en
585 1379 58 28 gång
658 1381 23 20 är
696 1380 71 26 väckt,
783 1387 62 14 anser
859 1380 35 27 jag
905 1387 26 13 en

103 1407 91 29 ändring
217 1409 23 20 af
262 1409 34 27 $n
317 1409 6 20 i
340 1408 36 21 det
396 1408 123 28 föreslagna
535 1409 72 27 syftet,
630 1408 60 28 långt
711 1408 56 21 ifrån
788 1411 32 18 att
834 1407 97 22 medföra

103 1436 74 26 vådor,
192 1439 92 19 tvärtom
300 1444 50 14 vara
366 1437 69 28 egnad
451 1439 32 18 att
498 1437 95 28 aflägsna
608 1437 86 20 sådana.

172 1465 52 21 Icke
248 1465 66 22 heller
336 1466 89 20 innebär
445 1465 117 28 ändringen
579 1465 71 28 någon
666 1465 121 28 kränkning
803 1468 45 18 mot
862 1464 68 21 finska

103 1493 93 28 språket,
224 1493 28 22 då
275 1494 41 21 den
338 1495 92 20 tvärtom
445 1494 72 27 gifver
539 1494 86 28 uttryck
648 1493 22 22 åt
693 1494 69 27 begge
778 1493 27 22 de
820 1493 111 22 inhemska

104 1521 104 29 språkens
223 1522 145 28 likställighet.
