1103 1759
230 123 40 21 138
472 130 25 16 R.
510 134 17 12 o.
541 130 22 16 A.
577 130 55 17 1894.
657 130 21 17 12
691 130 58 17 Febr.

201 207 127 23 berättelsen
353 208 88 23 sålunda
465 211 33 20 att
522 210 54 27 ånyo
604 210 121 26 föredragas
751 210 34 21 vid
811 209 66 22 andra
907 208 83 28 plenum
1015 210 7 19 i

200 238 62 20 nästa
276 237 71 21 vecka.

268 356 87 22 Plenum
371 357 116 23 afslutades
502 358 22 21 kl
541 358 29 27 1/,
587 359 24 20 11
629 364 17 15 e.
663 365 27 14 m.

819 398 20 17 In
851 397 61 17 fidem:

769 432 50 21 Clas
835 439 17 13 v.
871 432 82 21 Collan.

289 596 161 34 Mändagen
469 597 57 27 den
546 598 32 26 12
599 597 142 27 Februari
759 597 40 27 kl.
818 597 17 27 6
855 604 24 20 e.
896 604 39 20 m.

267 660 32 20 Hr
314 660 203 21 Landtmarskalken
540 660 141 26 tillkännagaf
702 662 32 20 att
757 660 64 21 sedan
837 662 82 19 senaste
935 660 83 26 plenum

200 688 67 26 pollet
295 688 54 22 hade
373 688 107 22 äterstälts
503 688 33 22 för
558 688 76 27 Adliga
654 690 57 20 ätten
737 689 40 21 N:o
802 690 42 20 218
869 688 105 28 Roediger
991 688 29 21 -af

197 716 66 21 fullm.
294 716 31 22 Hr
349 716 97 22 Wilhelm
474 717 117 21 Hackman
616 717 179 25 Kommerseräd,-
811 717 115 27 hvarjemte
945 716 74 28 pollet-

197 746 33 19 ter
245 745 87 26 uttagits
347 744 32 22 för

266 773 129 26 Friherrliga
417 776 57 19 ätten
491 774 39 21 N:o
547 774 27 21 37
590 774 169 27 Rokassowskij,
775 774 22 20 af
810 773 65 21 fullm.
898 773 56 21 Frih.
970 773 48 21 Kri-

197 801 54 21 stian
274 802 53 21 Axel
350 808 39 15 von
412 802 101 28 Alfthan,
540 802 205 26 Medicinelicentiat,
768 802 38 21 och
823 802 32 21 för
870 802 75 26 Adliga
960 803 58 19 ätten

196 829 40 21 N:o
259 831 41 20 246
316 836 39 15 von
373 830 81 27 Collan,
471 831 21 21 af
507 831 31 21 Hr
553 831 120 21 Alexander
687 837 41 15 von
746 830 83 27 Collan,
845 830 143 22 Geheimeräd.

266 886 94 22 Emedan
376 887 32 21 Hr
423 887 111 21 Hackman
558 888 54 20 varit
628 894 24 14 en
668 888 21 20 af
711 887 100 22 Ständets
826 887 90 25 valmän,
932 892 85 21 uppma-

197 914 55 22 nade
267 915 32 21 Hr
314 914 204 23 Landtmarskalken
534 916 91 21 Ständet
640 918 31 19 att
687 916 34 20 vid
741 918 60 19 nästa
816 916 84 26 plenum
917 921 49 15 vara
982 914 34 22 be-

197 942 48 22 redt
260 945 32 19 att
307 946 46 19 utse
369 950 68 15 annan
453 944 83 21 elektor
553 944 3 21 i
572 944 32 21 Hr
620 944 120 22 Hackmans
756 944 67 21 ställe.

263 1079 107 27 Derjemte
391 1080 140 26 tillkännagaf
552 1080 32 21 Hr
606 1080 205 22 Landtmarskalken
827 1082 32 19 att
874 1080 61 26 plena
950 1079 67 21 under

195 1107 69 21 denna
287 1108 65 21 vecka
367 1108 22 21 af
403 1108 229 22 talmanskonferensen
648 1108 67 21 blifvit
731 1110 80 20 utsatta
826 1110 33 19 att
874 1108 66 21 hällas
955 1107 62 21 Tors-

195 1135 67 27 dagen
288 1136 39 21 den
354 1137 25 20 15
405 1137 37 21 och
466 1136 110 27 Lördagen
600 1137 40 21 den
663 1138 25 20 17
711 1137 142 21 innevarande
869 1136 101 21 Febraari
986 1136 27 20 kl.

194 1164 13 20 6
222 1170 18 14 e.
256 1170 27 15 m.

543 1296 123 23 Utskottsval.

260 1352 71 26 Enligt
351 1352 45 21 från
420 1352 138 22 Medstånden
581 1353 105 26 ingångna
701 1352 197 27 protokollsutdrag
914 1352 53 20 hade
983 1351 32 21 till

191 1378 118 23 ledamöter
331 1380 39 22 och
393 1382 135 26 suppleanter
548 1381 6 21 i
569 1382 209 26 Jernvägsutskottet
795 1380 68 21 blifvit
878 1380 100 21 utsedde:

259 1436 32 21 till
307 1436 125 22 ledamöter:

258 1487 46 21 från
320 1488 170 22 Presteståndet:
505 1489 44 21 Hrr
564 1488 132 28 Törnudd,
719 1487 181 27 Westerlund,
921 1486 94 27 Wilén,

189 1515 39 21 och
244 1515 191 28 Gummmerus;
