1103 1759
218 116 26 20 78
458 122 24 17 R.
496 126 17 12 o.
526 122 17 16 A
568 122 56 16 1894.
648 122 12 17 6
673 122 58 16 Febr.

189 201 133 21 stämmande
344 202 48 20 med
417 201 97 27 gällande
537 201 126 27 författning
678 202 6 20 i
700 203 79 21 ämnet,
795 203 52 19 utan
863 203 60 19 enats
938 207 34 15 om
985 202 32 20 ett

188 229 129 27 förfarande,
333 236 45 14 som
395 230 5 20 i
416 230 41 21 viss
473 230 48 20 mån
537 230 62 21 afvek
615 230 46 21 från
677 230 163 21 instruktionen.
869 230 58 20 Frih.
938 229 77 21 Wrede

189 258 109 21 förmenar
321 260 31 19 att
374 258 116 21 förstärkte
513 258 196 27 Bankfullmäktige
725 258 49 21 bort
789 258 136 21 funktionera
940 258 75 21 fortfa-

189 286 65 21 rande
277 288 52 19 utan
352 287 79 27 hänsyn
454 286 33 22 till
509 287 55 21 hvad
587 288 90 20 sålunda
691 286 109 22 förefallit.
831 287 63 21 Detta
909 293 37 14 var
962 286 53 21 dock

189 315 45 21 helt
249 315 72 21 enkelt
336 316 96 26 omöjligt
447 316 65 20 redan
528 316 27 26 på
571 316 39 20 den
623 316 75 26 grund,
709 317 32 19 att
752 315 124 27 regeringen
887 315 45 21 icke
944 315 72 20 vidare

189 345 83 25 mottog
300 343 67 27 några
395 344 182 26 framställningar
604 344 48 21 från
676 344 116 21 förstärkte
815 344 139 26 fullmäktige,
976 343 39 21 och

189 372 72 21 säkert
276 374 24 19 är
315 375 32 18 att
362 375 31 18 ett
408 372 72 22 försök
495 373 6 20 i
518 372 69 21 denna
602 372 94 27 riktning
712 372 68 21 skulle
796 372 122 21 framkallat
934 371 81 27 ytterli-

189 407 51 20 gare
262 400 160 28 förvecklingar.
472 401 94 26 Åtskilliga
588 401 34 21 för
644 401 83 21 banken
752 401 79 26 vigtiga
852 400 72 27 frågor
947 400 68 21 skulle

189 429 33 21 vid
234 429 77 21 sådant
326 429 132 21 förhållande
480 430 88 20 alldeles
584 430 46 20 icke
646 430 81 20 kunnat
742 430 87 20 komma
844 430 33 20 till
892 428 121 27 afgörande.

189 457 72 27 Några
284 457 79 21 sådana
387 460 122 19 omnämnas
530 459 65 20 redan
612 458 5 21 i
633 458 40 21 den
689 458 24 20 af
726 458 59 21 Frih.
801 458 78 21 Wrede
894 456 121 27 åberopade

189 487 12 20 2
225 486 11 27 8
252 486 22 21 af
288 486 204 26 Bankfullmäktiges
508 486 115 22 berättelse
640 487 33 20 vid
689 487 30 20 tal
735 493 34 14 om
786 487 26 20 de
828 486 65 26 enligt
908 485 48 21 nåd.
972 485 43 21 för-

189 514 115 27 ordningen
329 515 23 21 af
373 516 38 20 den
437 515 27 21 23
490 515 104 21 Februari
621 516 53 20 1887
699 515 33 21 för
748 522 25 14 en
790 516 92 26 tidrymd
898 514 23 21 af
934 514 40 21 fem
991 513 24 21 år

188 543 106 21 inrättade
311 543 104 21 kontoren
431 544 6 20 i
452 543 122 27 Jyväskylä,
590 544 31 20 S:t
637 544 77 20 Michel
730 544 39 20 och
783 544 123 20 Sordavala.
937 542 78 22 Oktro-

187 571 35 27 jen
245 571 33 21 för
300 572 47 21 dem
369 572 72 27 utgick
456 572 68 20 under
540 572 23 20 år
580 573 66 23 1892;
662 573 33 20 för
710 575 33 18 att
759 572 26 21 de
801 572 93 21 derefter
909 571 68 21 skulle
993 570 22 22 få

188 600 102 21 fortsätta
305 601 47 20 med
369 601 31 21 sin
416 600 140 26 verksamhet,
573 601 67 21 måste
654 601 143 27 Regeringens
809 600 124 27 begifvande
944 600 71 21 dertill

188 629 100 21 utverkas
310 629 39 21 och
373 630 58 20 detta
454 628 124 27 begifvande
601 630 55 20 hade
679 630 44 20 helt
737 630 73 20 säkert
826 629 45 21 icke
887 629 80 20 kunnat
982 634 33 15 er-

189 657 73 24 hållas,
286 664 34 14 om
347 658 193 26 Bankfullmäktige
567 658 84 21 förfarit
678 658 65 26 enligt
765 658 58 21 Frih.
841 658 89 20 Wredes
946 657 69 21 anvis-

189 686 56 26 ning.
275 686 89 26 Följden
391 686 60 22 deraf
474 686 55 21 hade
554 687 55 21 varit
632 687 44 21 helt
699 687 77 23 enkelt,
799 688 32 19 att
853 686 62 21 dessa
937 686 78 21 kontor

188 714 91 26 nödgats
295 715 111 26 plötsligen
423 715 97 26 upphöra
535 716 47 20 med
599 716 32 20 sin
648 716 140 24 verksamhet,
805 715 80 21 hvilket
901 714 46 21 äter
959 714 54 20 hade

188 743 92 21 medfört
302 743 77 27 mänga
401 744 105 25 störingar
522 744 7 20 i
545 743 124 22 affärslifvet
685 744 38 21 och
741 744 88 26 mycken
845 744 65 20 oreda
925 743 7 21 i
948 742 65 21 bank-

189 770 159 28 förvaltningen.
379 772 73 21 Andra
474 771 73 28 frågor
570 772 22 21 af
612 772 100 21 liknande
736 772 147 22 beskaffenhet
908 772 27 20 ha
953 770 61 21 äfven

189 800 140 21 förekommit.
361 801 42 20 För
426 801 68 20 denna
512 802 54 25 gång
583 801 34 21 mä
633 801 36 21 det
684 807 50 15 vara
749 807 42 20 nog
807 802 32 20 att
854 800 83 27 påpeka
953 800 62 20 dessa

188 829 187 25 omständigheter,
391 829 76 25 hvilka,
479 833 58 17 utom
554 830 73 26 andra,
641 830 47 20 med
705 829 158 26 nödvändighet
874 829 60 21 älade
944 828 70 21 Bank-

187 857 133 27 fullmäktige
336 860 31 18 att
383 858 52 20 söka
450 858 81 21 utfinna
547 858 69 26 nägon
632 858 75 20 modus
723 858 90 24 vivendi,
830 858 136 26 hvarigenom
979 856 35 21 det

188 885 69 21 blefve
279 892 25 15 en
327 886 108 27 möjlighet
458 889 32 19 att
512 887 68 21 under
595 888 26 20 de
636 886 57 27 gifna
709 886 162 21 förhällandena
882 886 132 20 förekomma

189 914 84 21 svårare
297 916 106 25 störingar
426 915 39 21 och
482 915 138 21 öfverhufvud
641 915 147 26 upprätthålla
803 915 99 21 Bankens
917 914 97 21 normala

188 943 141 21 verksamhet.
360 944 41 26 Jag
417 944 139 20 öfverlemnar
572 943 173 21 förtroendefullt
761 944 23 20 ät
798 943 168 21 Bankutskottet
982 944 33 19 att

187 971 92 21 bedöma
304 972 203 26 Bankfullmäktiges
522 972 123 21 förfarande
661 973 6 19 i
683 972 60 21 detta
759 972 120 20 hänseende
895 971 39 21 och
950 971 64 20 huru-

187 1000 49 20 vida
252 1000 26 20 de
294 1000 137 22 öfverhufvud
447 1000 81 21 kunnat
544 1001 78 20 handla
638 1001 140 20 annorlunda.

257 1057 31 21 Hr
310 1058 23 21 L.
357 1058 143 20 Mechelin:
533 1058 48 20 Med
605 1058 98 21 afseende
727 1058 12 20 &
763 1058 40 20 den
827 1057 22 21 af
864 1056 56 22 Frih.
938 1056 76 21 Wrede

188 1085 92 21 berörda
302 1086 182 27 promulgationen
507 1086 23 20 af
551 1087 40 20 den
610 1086 129 21 instruktion
762 1086 33 20 för
810 1085 203 26 Bankfullmäktige,

186 1113 86 21 hvilken
294 1114 22 20 af
337 1118 84 18 senaste
442 1114 92 22 Ständer
555 1117 77 24 antogs
654 1115 38 20 och
716 1114 130 24 faststäldes,
870 1114 78 20 önskar
977 1114 37 26 jag

187 1142 55 21 blott
258 1142 22 21 fä
295 1143 69 21 lemna
380 1143 39 21 den
435 1143 133 27 upplysning,
580 1146 32 18 att
627 1143 246 26 Expeditionsutskottet
882 1142 133 21 omedelbart

189 1170 55 21 efter
268 1171 139 27 landtdagens
430 1172 139 26 upphörande
584 1172 52 20 aflät
652 1172 31 20 till
699 1171 196 26 Bankfullmäktige
911 1177 25 14 en
953 1170 61 21 skrif-

187 1199 57 21 velse
267 1200 47 20 med
337 1200 68 21 denna
426 1200 129 21 instruktion
572 1200 39 21 och
627 1200 150 21 meddelandet
792 1201 31 19 att
847 1200 123 20 densamma
984 1198 30 21 af-

187 1227 121 21 Ständerna
330 1228 33 21 till
385 1228 141 21 efterrättelse
549 1229 111 21 faststälts.
691 1230 39 20 Att
750 1228 102 26 derjemte
867 1228 39 20 hos
922 1228 92 26 regerin-

187 1262 39 20 gen
250 1256 99 22 anhällan
372 1257 84 27 gjordes
479 1263 33 14 om
533 1258 164 26 promulgation,
713 1257 61 26 afsäg
789 1256 135 26 naturligtvis
939 1256 76 20 endast

188 1286 32 18 att
234 1284 52 27 följa
307 1286 70 26 vanlig
393 1286 89 26 ordning
496 1285 34 21 för
546 1286 80 21 sådana
640 1286 139 26 aktstyckens
795 1284 117 27 bringande
928 1284 32 21 till
975 1284 39 21 all-

187 1312 125 22 mänhetens
332 1314 103 26 kunskap,
452 1320 48 14 men
514 1314 47 21 icke
577 1316 33 19 att
625 1314 132 21 underkasta
772 1313 157 21 instruktionen
944 1312 69 27 nägon

187 1341 57 27 slags
259 1342 105 26 pröfning.

257 1370 61 21 Hvad
341 1370 129 21 vidkommer
494 1372 40 20 den
557 1371 138 25 ständpunkt,
711 1370 28 27 pä
754 1370 85 21 hvilken
856 1369 158 27 lagstiftningen

187 1397 111 27 angäende
319 1399 205 27 Bankfullmäktiges
540 1400 58 20 antal
614 1400 33 20 för
662 1400 133 20 närvarande
810 1398 96 21 befinner
922 1398 36 26 sig,
974 1397 40 21 och

187 1426 88 21 hvarom
299 1427 88 27 tidigare
410 1428 68 20 talare
501 1428 65 20 redan
589 1428 68 26 ordat,
680 1428 24 20 sä
722 1428 41 20 kan
785 1427 37 27 jag
845 1426 46 21 icke
907 1427 65 19 annat
986 1427 29 19 än

187 1454 49 21 fullt
251 1456 114 20 instämma
386 1456 7 20 i
408 1456 206 26 Bankfullmäktiges
629 1456 7 20 i
652 1456 65 21 slutet
732 1456 24 20 af
771 1456 62 20 deras
849 1454 115 22 berättelse
980 1457 35 17 ut-

187 1483 73 21 talade
284 1484 55 21 åsikt
363 1486 31 19 att
417 1484 92 26 önskligt
531 1491 57 18 vore,
604 1486 32 19 att
652 1485 66 21 redan
733 1485 7 20 i
756 1484 75 26 början
847 1483 24 21 af
885 1482 129 26 landtdagen

188 1511 81 21 sådana
286 1512 106 27 åtgärder,
408 1519 45 15 som
469 1513 27 27 pä
512 1512 120 22 Ständerna
647 1513 121 25 ankomma,
785 1512 70 22 blefve
870 1511 100 26 vidtagna
981 1510 35 22 för
