1106 1756
438 105 122 44 Skoltvång:
841 118 40 21 189

461 232 15 24 $
495 232 35 19 10.

152 298 165 21 Vederbörande
339 298 179 21 skoldirektioner
540 298 39 21 och
601 298 108 27 kyrkoråd
731 304 39 20 ega
791 298 119 25 öfvervaka,

84 328 33 20 att
131 326 81 22 barnen
232 326 84 27 jemlikt
338 326 69 21 denna
424 326 35 27 lag
474 326 68 22 hållas
557 327 7 20 i
580 326 126 22 barnskolor
721 326 40 22 och
776 326 65 27 högre
856 326 54 22 folk-

84 355 77 21 skolor.
192 354 50 22 Med
258 354 97 22 afseende
370 355 13 21 å
398 355 40 21 den
454 355 102 27 stadgade
571 355 121 21 skolåldern
707 355 35 21 må
758 355 55 21 dock
824 355 21 21 af
854 354 57 22 skol-

86 384 134 20 direktionen
236 383 50 21 eller
301 383 107 27 kyrkoråd
424 383 116 27 medgifvas
556 383 118 27 eftergifter
690 384 52 20 eller
756 383 153 27 förändringar,

85 411 88 22 såframt
189 412 36 20 det
240 411 102 27 stadgade
358 411 186 27 kunskapsmåttet
559 412 92 21 likafullt
667 412 68 21 ernås.

173 440 114 21 sidosättes
302 440 91 20 barnens
408 440 110 26 skolgång,
534 446 48 20 eger
597 440 154 21 skoldirektion
767 440 51 21 eller
833 439 78 27 kyrko-

84 468 39 22 råd
146 468 97 22 meddela
266 468 47 21 dess
334 468 104 21 föräldrar
454 468 52 21 eller
521 468 102 22 målsman
639 469 89 25 varning
743 470 55 19 samt
812 468 7 21 i
835 468 76 21 sådant

85 496 105 27 afseende,
206 497 38 20 der
260 496 35 21 det
310 496 66 21 finnes
395 496 80 27 nödigt,
491 497 45 21 låta
551 498 40 20 den
606 497 122 26 försumlige
744 503 74 20 genom
834 497 76 21 krono-

86 525 107 26 betjening
207 525 92 21 inställa.
330 525 143 21 Framhärdar
496 524 42 22 han
556 525 64 21 likväl
635 526 7 20 i
658 526 31 20 sin
705 525 93 25 tredska,
813 532 50 14 vare
878 525 33 26 sig

86 555 32 19 att
140 553 129 27 skolgången
291 552 44 22 helt
358 553 39 21 och
415 553 66 21 hållet
496 554 128 23 underlåtes,
640 554 52 20 eller
708 555 32 19 att
755 554 40 20 den
810 553 100 26 fullgöres

86 581 130 27 oordentligt
231 582 51 20 eller
303 581 55 21 blott
374 582 72 24 delvis,
462 582 83 21 straffes
560 582 48 21 med
624 582 61 21 böter
700 582 47 21 från
763 582 38 21 och
816 582 49 20 med
879 581 30 21 tio

87 610 33 20 till
136 610 39 21 och
190 610 48 21 med
253 610 72 21 femtio
341 610 69 25 mark;
426 610 39 21 och
482 610 118 22 domstolen
612 610 106 27 förelägge
730 610 39 21 den
782 609 128 22 tredskande

86 638 32 21 tid
140 638 38 21 och
194 638 43 21 vite
255 638 50 21 eller
320 642 64 17 annat
399 638 97 27 äfventyr
511 641 32 19 att
558 639 31 21 sin
606 639 121 27 skyldighet
742 638 95 27 fullgöra.
868 638 41 20 Bö-

86 668 33 19 ter
134 666 39 21 och
188 666 64 27 viten,
272 672 44 16 som
332 667 6 21 i
354 667 93 27 enlighet
462 667 88 21 härmed
566 668 92 23 ådömas,
674 667 84 21 tillfalla
773 667 81 21 kronan
871 666 38 21 och

86 694 121 22 förvandlas
231 695 35 21 vid
293 695 108 21 bristande
428 696 90 26 tillgång
543 696 69 21 såsom
639 702 35 15 om
689 696 116 20 vitesböter
820 697 23 19 är
859 694 51 22 eller

88 722 111 22 framdeles
215 723 75 21 varder
305 724 105 26 stadgadt.

463 826 15 27 $
494 828 34 19 11.

154 888 60 21 Inom
237 888 46 21 åtta
308 888 35 21 års
364 888 84 27 förlopp
470 888 55 22 efter
547 888 36 21 det
598 888 68 22 denna
681 888 35 26 lag
731 888 104 21 utfärdats
851 886 60 22 skola

86 916 154 22 barnskolorna
254 916 8 21 i
276 916 42 22 alla
332 916 148 27 församlingar
495 923 51 15 vara
561 916 23 22 så
600 916 94 22 ordnade
708 922 46 15 som
769 916 7 21 i
791 916 11 27 $
818 917 14 20 4
843 918 68 24 säges.

86 944 113 22 Likaledes
214 945 62 21 skola
289 945 98 27 samtliga
402 945 186 21 landskommuner
603 945 57 21 inom
676 944 80 22 femton
771 945 34 21 års
820 944 90 26 förlopp,

87 974 92 20 räknadt
196 973 48 21 från
259 979 80 15 samma
354 974 38 24 tid,
407 974 96 20 anordna
518 974 38 20 sitt
569 973 197 21 folkskoleväsende
782 973 65 26 enligt
863 972 14 27 &
891 974 19 19 5.

156 1001 40 22 Om
218 1001 72 21 lokala
310 1002 150 21 förhållanden
479 1004 53 24 göra
553 1001 69 27 någon
645 1002 83 20 lättnad
750 1002 7 20 i
778 1000 100 22 afseende
899 1000 12 21 &

87 1030 96 21 enskilda
204 1029 159 28 församlingars
385 1030 52 21 eller
456 1030 136 21 kommuners
606 1030 121 27 skyldighet
742 1029 169 27 oundgängligen

87 1058 125 27 nödvändig,
236 1058 62 21 beror
324 1058 72 22 derom
417 1058 62 27 gjord
494 1058 95 22 ansökan
604 1058 28 27 på
644 1058 99 27 pröfuing
758 1058 22 21 af
793 1057 118 27 Kejserliga

88 1086 102 22 Senatens
205 1086 271 27 Ekonomiedepartement.

464 1183 14 26 $
499 1184 35 20 12.

155 1244 75 21 Denna
253 1244 34 27 lag
310 1244 38 21 har
363 1244 47 21 icke
424 1244 134 27 tillämpning
572 1244 28 27 på
614 1244 105 22 abnorma
734 1244 58 24 barn,
808 1249 35 16 om
858 1242 54 21 hvil-

86 1272 38 21 kas
140 1272 149 27 undervisning
304 1274 24 19 är
343 1273 101 21 särskildt
459 1273 107 26 stadgadt.

75 1384 7 3 N
155 1357 67 26 Äfven
250 1363 58 21 detta
334 1363 174 27 motionsförslag
532 1363 46 21 blef
598 1363 114 27 bordlagdt
734 1363 31 21 till
787 1362 125 25 Lördagens

87 1390 90 27 plenum.
