1134 1803
446 157 12 16 6
470 162 18 15 p.
500 157 84 17 Huhtik.
862 152 42 21 363

113 216 51 27 jasti
181 218 126 25 perustettu,
327 217 55 21 koko
401 216 136 22 kristilliselle
552 218 164 20 seurakunnalle
730 219 87 20 annettu
830 217 23 27 ja
868 218 64 20 tähän

114 245 41 21 asti
183 247 107 25 pysytetty
321 246 76 24 voima,
423 246 94 21 rakkaan
544 246 124 21 Herramme
697 246 21 27 ja
748 246 184 26 Vapahtajamme,

112 274 52 26 joka
187 279 27 16 on
231 274 202 21 seurakunnallensa
448 276 100 19 sanonut:
570 274 83 26 ,älkäät
672 275 78 21 antako
766 274 83 22 koirille
863 274 69 26 pyhää

112 302 23 26 ja
153 302 73 22 älkäät
247 302 70 22 teidän
337 302 135 27 päärlyjänne
490 303 94 21 heittäkö
605 303 68 22 sikain
689 302 80 26 eteen",
785 303 111 21 korkealta
910 302 22 27 ja

114 330 90 22 kalliilta
219 331 161 27 armopöydältä
390 332 138 26 poiseroittaa
538 332 137 21 senkaltaiset
685 334 114 24 paatuneet
808 331 123 27 pilkkaajat,

111 360 60 26 jotka
193 360 56 21 eivät
267 360 64 21 tahdo
346 361 67 20 katua
425 360 22 26 ja
462 361 117 26 poispanna
594 360 142 21 seurakuntaa
750 360 22 27 ja
786 366 36 15 sen
839 360 51 21 sekä
905 360 27 21 si-

113 388 80 21 sällistä
217 389 44 20 että
283 388 122 21 ulkonaista
426 388 81 21 rauhaa
527 389 134 26 pahentavaa
673 389 23 26 ja
711 389 127 21 häiritsevää
854 388 78 21 elämä-

112 418 67 23 tänsä,
202 417 40 21 tuli
265 417 107 21 eileisessä
392 417 120 22 istunnossa
526 418 20 21 ei
564 417 54 21 vielä
636 417 106 26 tarpeeksi
756 417 175 27 harjaantunutta

112 447 129 24 säätyämme
257 445 146 27 eksyttävässä
417 445 113 22 muodossa
540 446 144 26 tapahtuneen
695 445 235 27 äänestysjärjestyksen

110 474 76 21 kautta
201 473 92 22 Suomen
308 473 166 22 seurakunnalta
488 474 129 26 kumotuksi,
636 474 23 26 ja
674 475 50 20 kuin
741 475 18 20 ei
775 481 66 14 ennen
853 474 79 21 ratkai-

112 508 63 15 sevaa
190 504 126 25 äänestystä,
334 502 94 21 niinkuin
444 503 72 20 minun
531 503 132 21 nähdäkseni
673 503 47 21 olisi
730 503 82 26 pitänyt
822 503 108 26 tapahtua,

112 531 121 22 armollisen
255 531 107 27 esityksen
382 531 73 22 sivulle
478 533 79 25 pantua
572 531 146 27 vastaesitystä
733 531 68 21 luettu
814 531 23 26 ja
852 531 79 26 säädyn

111 559 114 22 huomioon
240 561 117 25 teroitettu,
370 559 56 27 josta
441 562 71 25 syystä
524 561 56 20 moni
592 561 19 20 ei
623 561 70 20 oikein
704 561 108 20 saattanut
822 560 108 21 huomaita

109 588 53 21 mitä
184 588 41 21 hän
245 589 88 26 äänesti,
348 589 82 26 pyydän
445 589 57 21 minä
516 590 59 20 asian
591 589 127 21 otettavaksi
733 590 37 24 nyt
784 588 84 21 uudesti
884 590 47 19 sää-

112 617 39 25 dyn
167 617 150 22 mietittäväksi
333 618 23 26 ja
371 617 153 26 äänestyksellä
545 617 163 22 ratkaistavaksi
724 617 78 26 taikka,
816 617 34 26 jos
865 617 65 21 tähän

108 647 61 24 sääty
185 646 19 21 ei
221 647 117 25 myöntyisi,
353 645 82 28 pyydän
452 647 56 20 minä
523 648 44 19 että
582 647 57 20 tämä
649 646 93 21 lauseeni
753 647 86 19 otetaan
850 646 79 21 asiassa

110 673 109 28 pidettyyn
242 674 146 27 pöytäkirjaan
408 675 129 21 vakuudeksi
553 675 23 26 ja
591 674 76 21 avuksi
682 674 99 21 vastaisia
797 680 74 15 saman
886 674 43 21 laa-

108 703 66 21 tuisia
188 703 85 26 pykäliä
288 703 174 21 käsitellessäni*'.

178 760 213 27 Landtdagsmannen
402 760 62 21 Keto
476 760 116 27 beklagade
601 760 39 21 den
650 760 97 20 oklarhet
754 760 7 20 i
768 759 160 27 uppfattningen

108 794 46 15 som
177 788 102 22 Nikkarla
301 795 75 20 genom
397 789 37 21 sitt
451 789 134 27 andragande
609 788 66 27 enligt
688 788 92 21 talarens
795 787 64 22 tanke
874 788 54 21 hade

109 816 85 22 blottat.
225 817 38 21 Om
286 818 82 21 talaren
383 817 18 27 ej
417 818 99 26 misstoge
532 818 37 26 sig,
585 817 24 21 sä
624 817 54 21 hade
693 816 103 22 Nikkarla
812 816 48 26 sjelf
872 816 55 22 före-

109 846 62 26 slagit
194 845 35 22 det
249 846 160 27 ifrägavarande
426 846 170 22 amendementet
615 846 32 21 till
665 844 207 28 kontraproposition
888 845 40 21 och

108 874 55 21 hade
178 874 236 28 kontrapropositionen
433 875 58 21 säväl
506 882 45 14 som
567 875 157 27 propositionen
740 874 68 21 blifvit
823 874 45 21 före
885 880 42 15 om-

108 904 122 26 röstningen
249 904 113 27 behörigen
382 904 105 27 upplästa.
518 904 88 21 Talaren
625 903 161 21 tillbakavisade
800 902 127 27 beskyllnin-

107 938 41 21 gen
167 934 31 19 att
215 932 85 22 ständet
315 933 46 21 icke
376 935 63 23 vetat,
455 933 87 21 hvarom
557 932 84 22 ständet
656 934 73 22 röstat,
745 931 85 21 hvilken
845 932 83 26 uppgift

108 960 46 22 icke
177 967 50 15 vore
249 961 164 27 sanningsenlig.
450 962 45 20 Den
518 961 121 27 begagnade
668 960 259 27 omröstningsordningen

107 988 54 22 hade
185 989 107 22 dessutom
314 990 55 21 varit
389 990 127 27 fullkomligt
531 990 70 26 riktig,
620 989 98 21 hvarföre
732 989 82 21 talaren
830 989 96 21 motsade

108 1024 27 20 ny
153 1019 135 27 omröstning,
311 1019 23 21 så
351 1019 83 26 mycket
449 1025 57 15 mera
521 1024 46 16 som
583 1021 32 19 tre
630 1018 104 21 särskilda
749 1018 156 26 omröstningar
920 1018 6 20 i

107 1046 65 22 saken
189 1050 36 24 egt
239 1054 53 18 rum,
308 1047 73 21 dervid
397 1048 35 20 det
447 1047 159 27 ifrågavarande
622 1048 169 20 amendementet
801 1046 70 21 städse
879 1046 47 26 följt

107 1076 47 19 med
177 1076 40 21 och
239 1076 83 21 således
345 1076 64 21 bordt
427 1076 22 21 af
468 1076 52 21 hvar
535 1076 39 21 och
589 1082 26 15 en
631 1074 115 27 uppfattas.
776 1075 38 20 Att
828 1074 98 21 amende-

106 1105 87 26 mentet,
208 1110 45 15 som
269 1105 34 21 vid
319 1105 26 21 de
360 1104 56 22 båda
430 1105 126 26 föregående
571 1105 182 25 omröstningarne
763 1103 71 22 behöll
844 1108 81 21 segern,

107 1132 82 21 dukade
212 1133 67 21 under
302 1134 65 21 sedan
389 1133 36 22 det
445 1134 70 21 ställts
535 1136 56 18 emot
609 1133 39 21 den
668 1132 76 27 nådiga
759 1132 165 27 propositionen,

105 1160 134 23 förklarades
255 1162 65 27 deraf,
336 1164 32 20 att
383 1161 75 28 många
469 1162 23 21 af
499 1163 179 20 amendementets
689 1161 118 22 försvarare
818 1160 107 21 äfvensom

104 1189 147 23 försvararene
274 1191 22 21 af
317 1191 26 22 de
363 1191 67 27 öfriga
450 1191 245 26 amendementen
641 1184 56 38 dock
710 1189 112 26 föredrogo
838 1188 87 22 framför

105 1219 116 22 detsamma
245 1220 38 21 den
307 1220 76 27 nådiga
402 1220 164 27 propositionen.
586 1231 27 3 —
628 1219 67 21 Äfven
710 1218 66 26 ansåg
791 1217 81 22 talaren
890 1217 35 21 det

105 1253 50 15 vara
179 1248 86 27 onödigt
287 1249 39 21 och
346 1248 84 22 ståndet
448 1248 96 27 ovärdigt
566 1250 32 19 att
613 1247 113 21 Nikkarlas
741 1246 136 26 andragande
892 1245 32 22 till

104 1276 129 26 protokollet
249 1278 89 26 intoges,
355 1277 87 21 emedan
458 1277 35 21 det
508 1276 104 21 innehölle
629 1276 111 26 uppgifter,
753 1281 45 15 som
815 1274 43 21 dels
874 1280 50 15 vore

104 1304 113 22 afvikande
231 1305 48 21 från
295 1312 66 15 sanna
375 1306 142 21 förhållandet
532 1305 39 21 och
587 1305 44 21 dels
646 1304 98 21 förrådde
754 1303 108 21 bristande
872 1309 52 20 upp-

105 1332 96 28 fattning.

172 1390 212 28 Landtdagsmannen
401 1390 88 22 Slotte
505 1390 96 22 förmälte
612 1391 32 25 sig
653 1390 34 21 till
695 1389 41 21 alla
745 1389 59 21 delar
812 1389 111 21 instämma

104 1419 48 20 med
176 1418 54 22 Keto
251 1421 56 19 emot
319 1420 133 20 anställande
468 1419 22 21 af
504 1426 26 19 ny
546 1419 137 26 omröstning,
699 1418 55 21 helst
769 1418 81 20 talaren
865 1416 59 21 befa-

103 1445 51 22 rade
173 1448 32 19 att
225 1446 31 26 de,
279 1446 72 21 hvilka
366 1447 18 26 ej
399 1452 50 15 vore
464 1446 167 21 tillfredsställda
646 1445 48 21 med
710 1446 39 20 den
765 1445 122 26 utläggning
902 1443 23 21 af

104 1474 295 27 voteringspropositionerne,
416 1481 45 15 som
476 1475 88 26 plägade
580 1473 128 22 framställas
723 1473 53 22 först
792 1473 22 20 af
831 1472 92 31 sekrete-

104 1508 68 21 raren,
188 1503 65 21 sedan
269 1503 22 22 af
305 1503 120 22 talmannen
441 1503 40 22 och
496 1502 97 28 slutligen
608 1501 23 22 af
645 1501 93 22 ständets
756 1501 52 27 tolk,
828 1506 18 20 ej
856 1500 67 21 heller
