1134 1803
237 146 44 37 310
549 165 13 16 2
574 169 18 17 p.
605 164 84 17 Huhbtik.

210 227 41 26 dag
275 226 53 22 förts
351 224 90 23 rörande
463 226 78 26 gagnet
563 224 24 22 af
600 223 152 28 sjöfällningar,
769 223 85 21 stannat
868 222 7 20 i
891 222 141 21 minoriteten.

209 255 92 22 Talaren
317 254 108 28 hoppades
440 254 53 21 visst
507 254 46 20 icke
569 253 68 21 heller
652 258 29 15 nu
696 254 32 19 att
742 251 64 21 vinna
821 251 72 27 gehör,
904 256 48 15 men
963 249 70 22 kunde

206 284 69 22 likväl
295 284 48 21 icke
365 282 142 27 undertrycka
529 282 32 21 sin
584 282 91 26 mening,
698 280 89 22 emedan
809 279 84 22 talaren
911 278 66 27 ansåg
992 279 41 21 den

209 312 72 28 riktig.
311 312 43 21 Det
368 311 71 22 kunde
454 311 35 21 väl
503 310 71 22 hända
589 311 32 21 att
636 309 145 27 sjöfällningar
795 308 28 28 på
838 308 55 22 vissa
909 310 57 19 orter
976 308 57 21 med-

211 341 44 22 fört
276 347 62 21 gagn,
359 347 48 15 men
421 340 82 21 talaren
519 339 113 22 betviflade
648 338 54 22 dock
718 339 31 20 att
764 339 84 25 gagnet,
864 342 45 16 som
924 336 109 26 utgjordes

209 370 24 21 af
247 369 68 28 någon
330 369 112 26 tillökning
456 368 28 27 på
498 367 66 28 foder,
580 367 134 22 motsvarade
730 366 41 21 den
786 365 124 27 oersättliga
920 365 76 21 förlust
1006 365 27 26 på

208 398 55 22 fiske
280 398 40 21 och
334 397 163 26 naturskönhet,
513 402 45 15 som
569 396 172 27 sjöfällningarne
752 395 55 21 hade
817 394 33 22 till
859 393 58 27 följd.
927 405 26 3 —
962 394 71 26 Några

208 427 70 22 talare
293 426 55 22 hade
363 427 67 26 yttrat
444 427 31 20 att
490 431 76 21 genom
582 425 40 21 den
638 423 127 22 föreskrifna
775 423 147 27 besigtningen
933 422 18 27 ej
963 422 70 22 kunde

208 455 89 22 utredas
319 454 106 22 huruvida
446 461 26 14 en
495 453 121 28 sjöfällning
637 452 108 22 medförde
765 458 56 21 gagn
843 451 52 21 eller
917 451 46 21 icke
979 454 54 19 samt

210 485 34 20 att
266 485 39 20 den
327 483 84 22 derföre
429 489 51 15 vore
501 482 130 27 öfverflödig.
661 481 65 22 Detta
746 480 71 22 kunde
837 479 82 22 talaren
933 480 47 21 icke
995 480 38 21 be-

210 513 92 26 dömma,
324 518 49 15 men
395 511 75 22 trodde
492 511 64 21 likväl
578 512 33 20 att
630 515 74 22 genom
724 516 26 15 en
766 509 41 22 slik
822 509 120 26 besigtning
957 509 76 26 många

210 541 153 27 upplysningar
385 546 87 21 vunnes,
495 539 70 22 såsom
589 538 129 23 beträffande
741 538 122 27 sjöbottnet,
886 537 23 22 af
926 537 56 22 hvad
997 537 35 22 be-

209 569 121 22 skaffenhet
344 569 36 21 det
394 574 57 21 vore,
471 569 55 21 samt
541 568 104 21 huruvida
659 567 115 27 fällningen
790 567 39 21 alls
844 567 71 20 kunde
929 566 104 22 verkstäl-

208 598 32 21 las
256 604 20 15 o.
289 604 17 15 s.
322 604 19 14 v.
371 596 67 22 Sannt
459 603 51 15 vore
533 597 37 21 det
590 597 34 21 väl
647 596 46 26 ock,
709 596 80 20 hvilket
804 595 66 27 några
884 594 69 22 talare
968 594 65 22 fram-

209 626 68 27 hållit,
293 627 32 21 att
339 626 115 26 fällningen
476 625 19 27 ej
518 625 71 21 kunde
611 625 150 25 förekommas,
784 630 34 15 om
834 624 42 21 alla
895 624 137 21 intressenter

208 660 51 16 vore
275 655 72 21 derom
363 660 56 16 ense.
450 654 50 21 Men
523 660 34 14 om
579 654 26 21 de
627 653 27 27 på
676 653 159 27 vetenskapliga
855 652 92 27 grunder
962 652 69 22 blefve

208 683 137 27 öfvertygade
360 689 34 15 om
410 684 31 20 att
456 682 116 27 fällningen
588 682 83 22 komme
686 683 32 20 att
733 682 96 21 medföra
844 681 126 22 frostömhet
980 680 52 22 eller

209 714 33 19 att
256 712 64 21 fisket
335 712 40 21 och
390 711 183 22 naturskönheten
591 712 121 25 derigenom
727 711 84 20 komme
833 712 32 19 att
879 711 7 20 i
902 710 129 27 betydligare

208 741 55 26 grad
277 740 85 24 förlora,
377 741 24 21 så
424 739 123 22 förmodade
570 740 82 21 talaren
674 741 32 19 att
728 739 55 22 slika
804 739 152 27 upplysningar
977 738 55 22 dock

209 769 70 22 blefve
294 769 23 21 af
330 769 70 26 någon
415 769 102 21 inverkan
532 768 39 21 och
586 770 32 20 att
627 768 96 27 mången,
735 768 65 21 sedan
811 768 42 21 han
863 767 104 22 inhemtat
977 767 54 26 dem,

209 797 84 22 afstode
308 797 48 22 från
371 798 33 21 sin
419 797 96 21 föresats.

279 855 110 21 Edusmies
411 854 186 27 Kumpulainen
620 854 66 21 arveli
700 853 138 22 keskustelun
854 853 132 28 poikenneen
1003 854 29 21 oi-

210 883 76 22 keasta
308 884 85 21 asiasta.
423 883 170 22 Puheenalainen
609 883 13 26 $
642 883 78 21 koskee
736 882 92 22 sellaisia
842 883 111 26 vähempiä
967 883 63 26 vesiä,

206 913 63 26 jotka
284 914 49 19 ovat
348 913 123 20 kokonansa
493 912 125 27 yksityisten
640 911 108 27 tiluksilla,
770 912 23 26 ja
807 911 44 22 kun
877 912 73 21 niiden
965 911 66 22 laske-

208 942 71 21 minen
294 942 20 21 ei
329 941 93 21 loukkaa
437 941 68 22 toisen
521 941 100 24 oikeutta,
638 941 93 21 saadaan
746 941 53 20 niitä
812 941 123 21 erinäisettä
951 941 80 20 luvatta

209 970 80 22 laskea.
319 970 57 26 &:ssä
398 969 114 27 myöskään
535 970 20 21 ei
569 969 88 22 säädetä
672 969 80 21 mitään
767 969 120 22 edellisestä
901 969 130 22 katselmuk-

209 1001 65 23 sesta,
290 1005 54 15 vaan
359 999 123 21 ainoastaan
498 999 161 25 ilmoituksesta,
675 997 64 26 jonka
753 998 72 26 pitäisi
840 998 139 26 tapahtuman
996 1004 35 15 en-

207 1033 43 15 nen
264 1029 51 24 työn
330 1027 118 22 alkamista.
478 1027 110 27 Nykyinen
604 1027 122 22 keskustelu
739 1026 75 27 järven
829 1026 136 23 laskemisten
981 1027 50 27 hyö-

209 1056 150 27 dyllisyydestä
379 1056 24 26 ja
424 1056 218 27 vahingollisuudesta
663 1055 51 21 sekä
737 1055 91 22 hallasta
841 1056 22 26 ja
878 1055 72 22 hallan
966 1057 65 25 syistä

207 1085 38 20 siis
269 1085 19 21 ei
304 1084 122 21 oikeastaan
442 1085 81 20 sovellu
538 1084 71 24 tähän,
624 1090 54 15 vaan
694 1083 114 27 pikemmin
824 1090 129 15 seuraavaan
969 1085 61 25 &:ään

209 1113 135 26 esityksessä,
360 1113 57 21 mikä
432 1113 79 22 koskee
527 1113 121 26 suurempia
663 1113 64 20 vesiä.
743 1112 84 27 Puhuja
841 1112 127 27 puolestaan
983 1113 46 20 kat-

208 1141 32 22 soi
255 1141 185 26 puheenalaisessa
455 1141 54 26 &:ssä
523 1142 125 26 säädettyyn
659 1141 148 21 ilmoitukseen
818 1141 74 21 olevan
903 1141 56 27 paljo
970 1143 60 25 syytä

205 1169 24 28 ja
244 1170 67 21 tahtoi
327 1171 36 20 siis
379 1171 44 20 että
437 1169 11 28 $
464 1170 183 21 kokonaisenansa
662 1169 182 27 hyväksyttäisiin.

277 1227 212 26 Landtdagsmannen
506 1227 100 26 Nygärd
621 1227 100 21 förenade
737 1227 32 26 sig
784 1227 48 21 med
847 1227 162 27 Kumpulainen.

277 1283 110 22 Edusmies
410 1284 139 21 Riihimäki
572 1285 38 26 piti
632 1285 103 26 säädetyn
757 1285 135 21 ilmoituksen
914 1286 115 25 tarpeetto-

206 1318 65 15 mana
290 1312 23 27 ja
335 1313 69 21 tahtoi
426 1314 44 20 että
485 1313 35 26 &:n
531 1313 139 26 jälkimäinen
685 1313 67 21 kohta
764 1313 127 26 jätettäisiin
906 1313 53 26 pois,
972 1313 57 26 juuri

206 1341 125 24 sentähden,
355 1342 43 19 että
420 1347 23 14 se
463 1341 79 21 koskee
557 1341 92 21 sellaisia
662 1342 120 25 pienempiä
796 1342 59 20 vesiä
869 1342 50 20 kuin
935 1341 95 26 Kumpu-

207 1367 71 22 lainen
300 1374 27 15 on
351 1369 114 25 selittänyt,
486 1368 23 27 ja
528 1369 67 20 koska
610 1369 50 21 siitä
675 1369 125 21 ainoastaan
815 1375 27 15 on
857 1369 71 21 turhia
943 1369 86 21 kustan-

208 1396 83 21 nuksia.
307 1395 66 22 Paitsi
389 1397 41 20 sitä
445 1397 55 26 &:ssä
515 1397 19 20 ei
550 1397 34 20 ole
599 1397 85 21 selvään
699 1399 86 19 sanottu
800 1397 67 21 kenen
884 1397 79 26 tykönä
973 1399 56 19 tämä

207 1424 94 21 ilmoitus
323 1431 27 15 on
372 1425 91 26 tehtävä,
486 1425 55 21 onko
557 1432 23 14 se
595 1425 85 21 tehtävä
695 1426 205 21 maanmittaukseen
916 1426 44 21 tahi
977 1427 52 20 vesi-

204 1452 159 28 johtokuntaan
377 1453 108 21 kuuluvan
501 1454 144 21 virkamiehen
661 1454 84 26 tykönä,
761 1454 58 22 mikä
833 1454 122 27 epäselvyys
971 1456 58 25 myös

207 1481 60 22 tulisi
281 1484 161 24 synnyttämään
458 1482 126 27 erhetyksiä.
616 1482 52 22 Mitä
683 1484 97 20 muutoin
795 1483 56 21 tulee
865 1483 67 21 siihen
948 1483 81 21 väitök-

206 1516 59 21 seen,
292 1512 44 20 että
357 1510 130 22 vedenlasku
509 1513 112 25 synnyttää
644 1511 180 26 hallanarkuutta,
846 1513 43 21 niin
911 1512 118 27 puhujakin
