1139 1839
264 146 42 22 370
579 152 12 17 6
603 156 18 17 p.
635 151 83 18 Huhtik.

236 211 80 22 talaren
340 211 60 26 dock,
423 211 33 21 för
478 212 32 20 att
531 211 46 22 icke
600 211 72 22 alltför
693 211 84 26 mycket
791 211 95 27 förlänga
901 211 155 26 diskussionen,

235 239 107 22 uraktläte
363 241 34 20 att
418 239 101 22 särskildt
539 240 94 26 uppläsa.
649 251 27 4 —
691 239 47 22 Den
757 239 23 22 af
794 240 136 27 domprosten
944 239 57 27 Borg
1015 240 39 21 och

236 268 76 22 doktor
327 268 71 27 Bergh
412 268 121 27 föreslagna
548 269 81 21 formen
640 269 23 21 af
671 268 117 27 kyrkotukt
795 268 96 21 förefölle
902 268 82 22 talaren
994 268 62 26 högst

236 296 94 27 opasslig
345 297 62 22 äfven
422 296 91 27 därföre,
530 298 31 20 att
577 297 36 21 det
627 303 50 16 vore
692 296 94 27 omöjligt
801 299 32 19 att
847 297 109 26 uppdraga
966 299 89 24 gränsen

236 325 89 22 emellan
349 325 54 26 dem,
425 325 73 22 hvilka
519 325 66 22 borde
600 325 47 22 från
666 325 126 22 nattvarden
811 325 104 22 uteslutas
930 325 40 21 och
985 325 71 22 hvilka

234 353 54 22 icke.
316 353 32 27 Ty
363 353 90 27 mången
468 359 45 16 som
529 354 7 20 i
551 353 96 22 verldens
663 353 40 22 och
717 354 133 21 menniskors
865 355 54 25 ögon
934 359 50 16 vore
995 353 60 22 obot-

236 382 74 27 färdig,
326 382 72 21 kunde
413 388 51 15 vara
479 388 38 15 ren
533 382 39 22 och
587 384 96 19 tvärtom.
703 393 25 4 —
744 381 90 22 Talaren
850 381 54 22 hade
919 381 91 27 hoppats
1024 384 32 19 att

236 411 40 22 den
292 411 6 20 i
314 410 113 27 anledning
448 410 22 22 af
483 410 114 22 Nikkarlas
612 411 137 27 andragande
763 410 76 21 väckta
854 410 153 26 diskussionen,
1022 416 34 15 se-

235 440 42 21 dan
293 440 40 21 den
349 439 114 22 förklarats
478 439 99 26 afslutad,
592 439 47 22 icke
654 439 71 21 vidare
740 439 69 22 skulle
823 440 111 25 upptagas.
964 438 49 21 Men
1028 439 27 20 dä

236 468 121 22 densamma
380 467 22 22 af
422 467 82 23 Määttä
518 468 68 21 rifvits
601 474 42 21 upp
659 467 53 27 änyo
728 467 49 22 ville
792 467 82 22 talaren
889 467 70 21 erinra
974 467 82 21 Määttä

235 498 73 21 derom
322 498 33 20 att
370 497 36 21 det
421 497 47 21 icke
484 496 53 22 varit
552 496 61 27 fräga
628 503 34 15 om
676 497 65 26 nägot
750 496 83 22 bildadt
844 496 39 21 och
893 496 96 21 obildadt
999 496 56 26 parti

234 526 56 22 inom
305 525 91 27 ständet,
415 526 52 20 utan
482 525 53 21 hade
552 525 83 21 talaren
650 525 76 21 endast
741 524 80 28 pästätt
836 526 32 20 att
883 524 36 22 det
934 524 76 27 funnes
1024 526 32 20 ett

234 554 63 28 parti,
312 560 45 16 som
372 554 31 22 uti
419 554 160 26 ifrågavarande
593 556 62 19 ämne
670 553 49 22 sökt
733 553 88 22 inverka
837 552 27 28 pä
873 553 90 21 ståndet.
986 552 68 22 Afven

234 583 82 21 talaren
339 582 49 27 sjelf
408 582 55 22 hade
484 582 55 22 varit
558 583 67 21 utsatt
643 582 32 21 för
690 581 139 28 påtryckning
844 582 23 21 af
880 584 31 19 ett
925 582 53 21 visst
992 582 62 26 parti,

234 618 48 15 men
296 610 133 22 beträffande
444 610 69 22 denna
529 610 139 28 påtryckning
683 610 71 22 kunde
770 610 82 22 talaren
866 610 48 21 med
929 610 61 26 lugnt
1000 616 54 16 sam-

235 642 47 19 vete
297 645 95 21 upprepa
407 646 26 14 en
447 638 78 22 talares
541 639 38 21 ord
593 639 67 21 under
675 640 84 20 senaste
768 639 110 26 landtdag:
895 644 58 22 ,som
961 639 36 27 jag
1007 639 47 21 icke

233 671 25 19 är
273 668 69 27 någon
356 667 115 27 vindflöjel,
487 668 38 20 har
537 668 37 26 jag
588 667 46 21 icke
649 667 48 22 låtit
712 667 48 22 leda
775 666 61 27 mig”.
849 680 23 2 —
885 666 169 22 Vidkommande

234 696 74 28 sjelfva
322 697 66 21 saken
403 696 48 21 ville
466 696 82 21 talaren
563 698 57 19 ännu
635 695 93 27 tillägga,
743 696 102 21 hurusom
860 696 36 20 det
910 696 96 20 förefölle
1021 698 33 18 ta-

233 726 60 21 laren
313 725 71 21 såsom
400 730 33 15 om
448 730 49 15 man
511 724 93 22 saknade
619 724 124 26 tillräckligt
757 724 121 21 förtroende
893 724 33 21 till
941 722 59 23 Guds
1015 723 39 21 ord

234 753 40 22 och
288 754 53 21 hans
357 753 66 21 andas
438 752 64 27 kraft,
518 752 27 22 dä
560 758 49 16 man
625 752 48 22 ville
688 752 58 26 gifva
761 753 40 21 den
816 754 58 26 magt
884 754 32 20 att
925 752 129 28 ,utransaka

233 781 106 28 hjertan*,
358 788 45 15 som
426 781 117 22 tillkomme
558 780 48 22 Gud
621 781 76 26 allena,
713 782 22 20 åt
750 782 115 26 presterne.
894 780 91 22 Talaren
1001 787 53 21 upp-

236 812 54 20 läste
304 812 117 25 yttermera
435 811 32 20 ett
482 810 71 26 stycke
564 809 22 22 af
595 810 126 21 hithörande
731 810 90 21 motiver
831 816 25 14 ur
866 809 56 22 1863
932 809 34 22 års
976 810 78 26 kyrko-

235 839 131 27 lagsförslag,
390 838 110 22 hvarutom
519 838 82 22 talaren
619 838 102 27 erinrade,
736 838 114 22 huruledes
864 838 33 22 för
912 838 54 26 dem,
981 838 73 22 hvilka

233 868 47 21 med
295 868 85 26 gäckeri
395 867 89 27 beginge
499 867 132 26 nattvarden,
646 866 75 22 funnes
736 867 86 21 särskilt
837 866 62 22 straff
915 868 68 20 utsatt
993 868 7 20 i
1011 867 40 21 den

233 896 120 28 borgerliga
367 896 69 26 lagen.

301 953 111 21 Edusmies
434 952 110 22 Tiainen
567 952 83 22 virkkoi
671 952 99 22 olevansa
793 952 82 22 Slotten
897 953 78 21 kanssa
996 952 57 27 yksi-

233 983 105 25 mielinen,
361 988 54 15 vaan
434 982 74 24 tahtoi,
522 981 84 21 nähden
621 981 90 21 tärkeän
727 981 185 27 kutsumuksensa,
927 981 125 21 muistuttaa

232 1011 79 27 säädyn
331 1011 98 26 jäsenten
446 1010 19 21 ei
480 1010 79 21 tulleen
574 1011 63 19 tänne
652 1010 148 21 Lutheruksen
815 1010 63 27 oppia
888 1010 163 26 puhdistamaan

232 1040 48 21 eikä
302 1038 114 28 myöskään
437 1039 41 21 sitä
498 1044 158 19 saarnaamaan,
672 1044 53 16 vaan
740 1038 178 22 tarkastelemaan
936 1040 38 24 nyt
992 1038 59 21 esille

232 1068 88 27 pantuja
342 1066 116 27 lainsanoja
476 1066 23 28 ja
515 1067 158 21 katsastamaan
691 1068 44 20 että
753 1068 90 21 säännöt
860 1069 49 19 ovat
924 1067 54 21 siinä
992 1066 59 22 mah-

232 1096 142 22 dollisimman
396 1096 107 27 puhtaasti
523 1096 23 26 ja
561 1095 99 22 selkeästi
680 1095 99 22 laaditut.
806 1096 114 26 Erhetystä
935 1101 27 16 on
977 1095 74 27 uskoa,

232 1126 58 22 ett'ei
312 1125 96 22 muutkin
431 1124 79 26 säädyn
529 1124 85 26 jäsenet
635 1124 52 22 kuin
709 1130 26 15 ne
757 1124 96 27 puhujat,
871 1124 61 27 jotka
950 1126 48 19 ovat
1013 1123 38 22 ko-

231 1155 93 21 honneet
338 1154 60 26 esiin,
416 1153 73 21 tuntisi
505 1154 125 20 raamattua.
651 1152 59 22 Vaan
726 1153 66 21 tuoda
807 1153 52 21 esiin
872 1153 122 27 joukottain
1004 1158 47 16 raa-

231 1185 73 20 matun
326 1182 79 26 sanoja,
427 1187 27 16 on
477 1181 147 27 tarpeetointa,
647 1181 50 22 kuin
720 1182 123 21 ainoastaan
862 1182 64 21 aikaa
938 1181 24 27 ja
976 1183 74 25 pöytä-

230 1212 68 26 kirjaa
320 1216 37 16 sen
378 1210 76 22 kautta
468 1210 143 26 pitkistetään.
640 1209 83 27 Puhuja
737 1210 124 26 puolestaan
876 1210 101 26 hyväksyi
993 1212 59 19 tässä

231 1241 56 25 &:ssä
305 1239 120 21 armollisen
445 1238 105 26 esityksen
570 1238 158 26 lausemuodon,
746 1238 67 27 jonka
828 1238 79 27 puhuja
922 1238 69 21 katsoi
1006 1239 44 19 ole-

230 1275 41 15 van
289 1268 51 22 sekä
357 1267 119 27 lyhemmän
492 1268 43 20 että
549 1266 203 28 tarkempisanaisen
770 1266 51 22 kuin
839 1273 37 15 sen
892 1266 158 26 lausemuodon,

231 1297 57 22 mikä
309 1296 71 26 löytyy
397 1295 174 27 tuomioprovasti
588 1294 86 28 Borg'in
689 1295 23 26 ja
729 1295 80 21 tohtori
829 1295 99 27 Bergh'in
943 1296 107 20 vastatau-

230 1331 78 16 seessa.
338 1324 94 27 Pappien
452 1326 50 24 tapa
521 1323 59 22 usein
601 1329 26 15 on
647 1322 64 22 tehdä
731 1323 141 22 ainokaisesta
891 1326 111 19 raamatun
1017 1329 33 16 sa-

231 1355 61 20 nasta
314 1352 67 28 pitkiä
402 1352 92 26 puheita,
516 1358 54 15 vaan
590 1352 128 21 semmoinen
738 1352 166 27 laajasanaisuus
927 1352 19 21 ei
969 1351 81 22 sovellu

231 1380 201 28 lainkirjoitukseen.

298 1437 112 21 Edusmies
436 1436 74 22 Värri
531 1436 59 22 sanoi
612 1436 105 21 hartaasti
740 1437 129 26 toivovansa,
891 1438 45 19 että
959 1437 90 20 tuomio-

230 1466 93 28 provasti
345 1466 85 26 Borg'in
447 1465 24 27 ja
485 1464 79 22 tohtori
579 1464 98 27 Bergh'in
691 1466 60 20 usein
767 1465 97 22 mainittu
877 1464 119 22 vastalause
1012 1464 36 27 hy-

230 1495 146 27 väksyttäisiin
408 1495 47 21 eikä
480 1495 91 20 sanonut
595 1495 174 26 ymmärtävänsä,
796 1494 62 21 miksi
887 1493 162 23 lutherilaiselta
