1134 1803
235 149 43 22 270
528 155 27 16 30
567 159 18 16 p.
598 154 97 17 Maalisk.

206 213 107 22 sannolikt
335 213 32 22 till
390 219 26 15 en
439 213 33 20 del
494 213 55 20 varit
570 213 96 26 orsaken,
682 215 51 18 enär
748 213 60 20 desse
823 218 50 15 voro
889 212 138 21 ledamöter
1015 208 15 36 i

207 242 39 21 den
262 242 144 25 kommission,
422 247 44 16 som
482 240 76 27 Kejsar
573 241 119 22 Alexander
708 241 40 21 den
763 241 66 21 förste
844 241 96 20 nedsatte
954 240 33 21 för
997 242 32 20 att

205 271 76 20 utreda
290 270 203 26 donationsgodsens
501 270 91 25 prekära
600 269 99 27 ställning
710 269 39 21 och
756 269 76 22 hvaraf
840 269 55 21 1826
903 269 35 21 ärs
946 269 82 21 förord-

205 299 51 26 ning
268 299 121 21 sedermera
401 298 45 21 blef
456 304 26 15 en
493 297 58 27 följd.
568 298 65 21 Förut
645 297 104 22 innehade
757 298 62 21 dessa
827 298 80 21 bönder
913 297 116 27 jordagod-

206 333 38 16 sen
254 327 68 21 såsom
333 327 32 21 sin
376 327 110 26 egendom,
496 327 89 26 mången
594 326 54 22 hade
656 327 32 20 till
697 327 38 20 och
744 327 48 20 med
800 326 122 27 skatteköpt
929 327 32 20 sin
970 327 58 20 inne-

205 355 104 21 hafvande
324 355 98 27 lägenhet
437 355 40 21 och
492 355 70 21 kunde
578 355 53 21 efter
643 355 74 26 behag
724 354 82 27 förfoga
818 355 79 26 derom,
912 361 48 14 men
968 361 29 15 nu
1005 357 24 18 är

205 384 43 21 han
258 384 75 21 liksom
344 390 50 14 vore
406 384 42 20 han
456 383 84 21 förutan
550 384 127 24 densamma,
685 383 46 21 icke
743 389 37 15 ens
793 384 84 20 skatten
886 383 39 21 har
933 383 94 21 bibehål-

205 412 36 22 lits
256 412 34 21 vid
306 413 36 20 det
356 411 64 26 förra,
427 414 52 18 utan
487 411 38 21 har
534 412 67 21 blifvit
609 411 138 27 mångfaldigt
755 411 93 27 förhöjd;
855 412 23 26 ju
887 418 58 15 mera
954 411 74 22 arbete

206 440 83 22 bonden
297 440 113 27 nedlägger
421 441 12 20 å
440 440 133 26 lägenheten,
583 441 60 21 desto
652 442 68 19 större
728 440 67 21 börda
806 440 66 21 lastar
883 447 49 14 man
941 440 26 26 på
975 440 52 21 hans

206 469 105 21 skuldror.
340 468 93 22 Fordom
452 468 46 22 blef
510 468 41 21 han
566 469 47 21 icke
629 468 80 22 drifven
724 468 54 21 ifrån
794 469 119 21 hemmanet
928 468 23 21 så
967 468 62 26 länge

205 498 42 21 han
269 498 97 26 utgjorde
390 498 31 20 sin
441 496 58 22 skatt
518 497 39 21 och
572 496 159 27 vederbörligen
747 497 44 21 höll
806 498 31 20 sin
851 497 48 26 jord
914 497 35 21 vid
963 498 65 25 makt,

206 532 27 16 nu
249 526 66 21 måste
331 526 41 21 han
388 525 114 27 öfvergifva
518 526 37 21 sitt
569 526 49 21 hem
634 527 50 19 utan
695 526 68 26 någon
775 526 63 20 orsak
849 526 39 21 och
899 526 37 20 det
945 527 82 25 genast,

206 554 73 22 dervid
294 555 46 21 icke
356 554 124 27 åtnjutande
495 554 100 22 Finlands
606 554 67 26 öfriga
683 554 127 21 innevånare
820 553 147 22 tillförsäkrad
976 555 51 20 rätt-

205 584 55 23 visa;
279 583 83 21 bonden
384 583 73 26 måste,
474 583 94 21 närhelst
589 583 52 21 hans
657 582 120 22 husbondes
792 583 178 27 uppsyningsmän
991 582 36 22 det

205 612 79 25 fordra,
307 612 49 21 med
370 612 50 21 hela
434 612 32 21 sin
481 612 66 26 familj
563 612 96 26 aflägsna
674 612 32 26 sig
721 611 46 21 från
782 612 46 20 sina
843 611 137 27 hembygder,
996 611 31 21 of-

205 642 43 20 tast
256 641 63 21 sedan
328 641 41 21 han
376 640 89 27 nödgats
472 640 67 21 lemna
544 640 42 22 alla
591 640 45 21 sina
641 640 99 27 egodelar
745 640 32 21 till
783 641 118 26 ersättning
908 639 23 22 af
936 640 92 21 omkost-

205 669 72 27 nader,
293 670 47 20 dem
348 670 219 26 uppsyningsmannen
575 668 119 28 uppdiktat.
710 668 45 22 Och
763 669 62 21 hvart
836 671 60 25 tager
906 668 42 22 han
959 668 66 22 sedan

205 700 67 24 vägen
294 698 48 21 med
362 699 32 21 sin
409 698 69 26 skara,
494 699 23 25 ty
531 698 41 21 den
588 704 39 14 ena
642 697 23 21 af
679 698 62 20 dessa
757 698 74 20 herrar
846 699 118 24 emottager
979 698 47 20 icke

206 726 52 26 folk,
280 732 45 15 som
344 727 40 20 den
400 726 65 21 andra
480 726 71 25 vräkt;
566 728 51 19 utan
633 725 80 27 nödgas
728 725 42 22 han
787 728 56 19 emot
858 728 27 19 än
900 732 58 14 mera
973 727 54 24 tryc-

205 755 69 21 kande
294 754 150 22 skattebördor
462 755 38 20 hos
516 760 80 15 samma
611 755 184 26 uppsyningsman,
811 760 45 15 som
872 754 83 26 nyligen
969 754 59 27 jagat

206 783 76 21 honom
291 783 55 26 bort,
354 783 94 21 bönfalla
456 789 33 14 om
498 782 129 27 förskoning,
636 783 33 20 för
677 784 32 19 att
717 782 21 22 fä
747 783 116 21 ätervända
873 782 33 21 till
916 783 32 20 sin
957 783 71 25 gamla

205 811 147 26 födelsebygd.
375 811 70 21 Sädan
460 813 24 19 är
499 811 61 22 dessa
570 811 193 26 beklagansvärdas
773 811 108 27 ställning;
897 810 18 27 ej
925 811 67 21 under
1000 810 27 21 dä

206 845 34 16 om
256 840 26 21 de
296 839 24 22 af
333 840 47 21 sine
396 839 126 22 medbröder
535 842 64 19 vänta
614 840 31 26 sig
660 839 68 26 nägon
739 839 92 28 lindring
841 841 30 20 uti
883 839 70 22 denna
963 839 66 22 bittra

205 868 134 27 belägenhet.

273 925 133 27 Regeringen
428 925 39 21 har
489 931 29 14 nu
539 925 32 21 till
594 925 127 22 Ständernes
744 925 142 26 bepröfvande
901 925 13 21 ä
929 925 31 20 sin
981 925 46 21 sida

206 953 113 22 framställt
342 953 62 22 bästa
423 953 78 22 medlet
516 955 32 20 att
565 953 100 22 befordra
680 953 61 21 dessa
756 953 80 21 bönder
851 953 32 21 till
899 953 127 26 ätnjutande

206 982 23 21 af
242 988 80 15 samma
341 981 132 27 rättigheter,
493 988 45 15 som
553 982 61 21 alltid
629 981 55 22 fallit
699 981 100 22 Finlands
814 982 67 27 öfrige
895 981 130 22 innevändre

205 1011 33 20 till
254 1011 40 20 del.
331 1011 89 20 —Derföre
435 1011 39 20 har
489 1017 49 14 man
553 1017 28 14 nu
596 1010 81 21 fordrat
693 1010 23 21 af
729 1016 34 15 oss
779 1010 55 21 hvad
849 1011 37 20 vär
903 1010 123 27 broderliga

205 1039 75 21 kärlek
295 1039 46 20 icke
357 1039 65 21 borde
437 1039 105 26 förvägra,
558 1039 140 26 synnerligast
713 1045 45 15 som
773 1039 13 20 å
800 1039 37 21 vär
853 1039 46 21 sida
914 1039 62 26 ingen
992 1045 36 14 an-

205 1073 43 15 nan
262 1067 120 27 uppoffring
396 1069 25 19 är
435 1067 23 21 af
471 1067 75 25 nöden,
562 1069 27 18 än
604 1073 26 14 en
646 1067 111 20 försäkran
773 1067 73 21 derom
862 1069 31 19 att
904 1067 26 20 de
940 1067 86 26 bringas

205 1096 7 20 i
228 1096 31 20 ett
274 1095 53 27 läge,
344 1096 36 20 der
396 1095 26 21 de
436 1095 72 21 kunna
523 1095 46 21 fritt
583 1094 83 27 förfoga
682 1095 59 21 öfver
755 1095 32 21 sin
803 1094 125 22 arbetsdrift
943 1094 40 21 och
994 1096 33 19 ut-

205 1123 72 21 betala
299 1124 40 20 den
362 1123 26 27 pä
410 1124 106 26 ätskilliga
534 1124 24 20 är
572 1123 108 21 fördelade
698 1123 137 27 löseskilling,
851 1124 34 20 för
900 1123 85 21 hvilken
1001 1123 26 21 de

205 1152 55 26 finge
275 1152 62 21 infria
352 1153 32 20 sin
400 1158 52 20 egen
467 1152 70 26 gamla
552 1151 111 27 arfvejord.
693 1152 80 21 Härvid
789 1152 66 21 borde
869 1152 47 21 från
932 1151 95 21 ständets

205 1180 46 22 sida
273 1181 48 26 inga
340 1180 131 26 svärigheter
489 1182 64 22 möta,
573 1182 51 20 utan
639 1180 66 21 borde
720 1180 123 26 detsamma,
860 1181 69 21 säsom
943 1180 36 26 jag
994 1180 33 20 för

206 1210 42 20 min
264 1208 33 22 del
312 1210 39 26 gör
366 1209 42 27 det,
423 1208 113 27 godkänna
550 1210 63 20 stats-
628 1208 39 21 och
683 1209 124 27 bevillnings
823 1208 116 22 utskottets
954 1208 73 22 betän-

204 1237 78 27 kande,
304 1238 140 26 synnerligast
466 1244 44 14 som
531 1239 69 20 staten
622 1237 120 27 derigenom
757 1238 46 21 icke
818 1237 125 27 tillskyndas
959 1237 70 27 nägon

205 1266 82 26 förlust,
303 1268 51 18 utan
370 1266 94 22 kommer
475 1266 91 26 skatten,
582 1266 65 22 sedan
658 1266 163 27 lösepenningen
833 1266 32 21 för
876 1266 151 26 lägenheterna

204 1294 70 21 blifvit
288 1294 33 21 till
336 1294 52 22 fullo
408 1295 78 26 erlagd,
502 1296 32 19 att
548 1294 85 22 tillfalla
648 1296 77 24 staten,
740 1295 7 20 i
762 1295 73 21 stället
849 1295 32 21 för
897 1296 30 19 att
943 1294 40 21 den
998 1300 29 15 nu

205 1324 86 25 utgöres
313 1322 33 22 till
368 1323 203 27 donationsgodsens
585 1324 7 20 i
607 1322 105 27 Ryssland
731 1323 85 21 bosatte
836 1330 70 20 egare.
935 1322 92 27 Mängen

204 1351 43 20 kan
262 1351 88 20 betvifla
364 1353 33 18 att
412 1351 61 20 dessa
488 1351 128 25 lägenheter,
631 1351 33 20 till
679 1351 81 21 hvilkas
771 1352 110 20 inlösande
892 1357 48 14 man
951 1357 28 14 nu
991 1351 36 20 be-

204 1380 39 24 gär
258 1378 128 22 Ständernes
400 1379 90 25 garanti,
506 1384 50 15 vore
571 1379 22 21 af
607 1378 35 21 det
657 1379 70 25 värde,
743 1381 31 19 att
789 1380 26 20 de
830 1380 33 20 till
873 1379 52 21 fullo
936 1380 91 20 motsva-

205 1406 51 22 rade
271 1406 36 22 det
326 1407 49 26 pris,
396 1412 45 15 som
456 1406 33 22 för
508 1406 47 22 dem
570 1407 84 21 komme
669 1408 32 19 att
716 1407 91 25 betalas;
823 1414 48 15 men
887 1407 59 21 detta
961 1409 24 19 är
1001 1412 26 15 en

205 1435 80 22 aldeles
308 1435 125 26 Ofverflödig
454 1435 94 26 farhäga,
570 1438 22 24 ty
611 1436 61 21 dessa
694 1436 51 26 gods
769 1438 36 19 äro
821 1436 64 21 bland
901 1436 26 20 de
942 1435 83 22 bästa
1011 1431 19 35 i

204 1464 100 26 Finland;
328 1465 38 20 och
390 1463 27 22 dä
436 1464 63 21 deras
514 1464 136 21 innehafvare
665 1471 29 14 nu
709 1465 81 22 mäktat
805 1465 144 22 tillfredställa
965 1465 60 21 dessa

205 1493 46 22 sina
266 1493 132 22 husbönders
413 1493 119 26 onaturliga
547 1493 125 28 fordringar,
688 1493 24 22 sä
726 1497 24 19 är
762 1494 37 27 jag
814 1494 122 27 öfvertygad
953 1493 73 22 derom
