1134 1814
258 149 41 21 338
566 154 17 18 4
594 158 19 17 p.
623 153 87 18 Huhtik.

297 214 138 22 Edusmiehet
449 212 143 26 Huostila,
608 212 122 28 Kylmälä
743 212 23 28 ja
780 211 125 22 Penttilä
918 212 41 21 sitä
968 211 83 21 vastoin

229 243 130 27 puolustivat
372 242 66 22 kukin
453 243 141 21 vuorostansa
608 241 121 22 armollisen
744 240 107 28 esityksen
866 240 133 27 sanapukua.

295 300 114 21 Edusmies
424 299 105 21 Määttä
544 299 66 21 selitti
625 298 172 27 hyväksyneensä
812 297 122 23 armollisen
945 296 106 28 esityksen

227 328 50 22 siitä
299 330 79 24 syystä,
403 329 44 19 että
462 326 69 22 edellä
553 327 123 22 mainitussa
698 326 179 27 vastapuolisessa
895 326 157 22 ehdotelmassa

228 357 85 27 löytyvä
327 362 53 16 sana
395 356 188 26 ,pääasiallisesti*
600 354 62 22 tekee
676 354 87 22 lauseen
778 354 151 27 epävakaaksi.

297 413 111 22 Edusmies
431 412 203 27 Kumpulainen
647 412 91 21 havaitsi
752 412 85 22 eninten
851 412 103 27 puhujain
969 411 82 27 puolta-

228 448 55 16 neen
304 442 32 26 &n
358 441 178 22 sanainsovitusta
558 441 120 21 armollisen
700 441 107 26 esityksen
830 441 97 21 mukaan.
965 440 87 22 (Omasta

228 471 125 27 puolestaan
377 470 28 21 oli
420 470 81 27 puhuja
515 470 54 21 siinä
584 470 100 21 katsonut
699 470 61 26 pispa
775 469 142 22 Schaumanin
933 469 119 21 lausemuo-

230 500 42 21 don
293 500 111 21 tuottavan
427 500 110 20 enemmän
556 498 105 27 selkeyttä
676 497 51 22 kuin
742 498 52 22 sekä
808 498 122 22 armollisen
945 498 106 26 esityksen

229 530 45 20 että
294 528 109 21 Porvaris-
423 526 22 28 ja
467 526 244 28 Talonpoikaissäätyjen
732 526 143 22 edusmiehien
891 526 163 23 valiokunnassa

230 557 156 21 ehdotteleman
401 556 151 25 sanamuodon,
568 562 54 15 vaan
635 555 33 27 jos
686 555 80 28 puhuja
781 555 20 22 ei
815 556 93 21 voittaisi
923 555 130 27 mielipiteel-

228 585 60 22 lensä
309 585 155 27 myönnytystä,
479 585 20 20 ei
513 584 83 22 hänelle
611 584 47 22 olisi
672 583 167 22 vastenmielistä
859 584 108 28 hyväksyä
986 583 12 27 $
1012 583 41 22 sel-

228 614 81 21 laisena
323 613 51 22 kuin
389 619 23 16 se
427 613 142 22 armollisessa
582 612 127 28 esityksessä
724 618 34 16 on.

297 671 215 26 Landtdagsmannen
527 670 91 22 Slotte
633 670 84 27 yttrade
731 671 33 20 att
779 671 82 20 talaren
876 670 70 22 säsom
960 670 93 21 ledamot

230 700 7 21 i
252 699 106 22 utskottet
372 699 95 26 godkänt
482 699 70 22 denua
567 699 13 26 $
595 700 6 21 i
618 699 93 27 enlighet
726 699 48 21 med
790 699 41 21 den
846 698 144 27 formulering,
1007 705 45 15 som

229 728 76 22 funnes
327 729 87 26 intagen
435 728 32 21 uti
481 727 154 22 betänkandets
650 733 74 16 senare
739 728 119 26 alternativ,
873 727 56 22 dock
944 727 47 22 icke
1004 727 49 22 fullt

230 757 123 27 Ofvertygad
377 757 72 21 derom
465 758 31 19 att
512 756 92 22 nämnda
618 757 136 26 formulering
769 762 51 16 vore
835 756 40 22 den
889 758 64 20 rätta.
983 755 69 23 Sedan

230 786 81 21 talaren
333 791 88 16 numera
442 785 77 22 hunnit
533 787 50 25 taga
598 785 27 22 de
640 785 128 27 mängtaliga
784 785 121 28 föreslagna
919 785 134 22 formulerin-

229 821 65 21 garne
309 815 7 21 i
331 816 98 20 närmare
451 814 158 22 skärskädande
630 814 55 22 hade
706 813 40 22 den
762 814 139 27 öfvertygelse
916 814 39 21 hos
970 815 82 21 talaren

229 843 101 22 rotfästat
345 843 38 28 sig,
405 844 32 20 att
451 843 76 26 biskop
547 843 130 21 Schaumans
692 843 7 20 i
714 843 48 21 dess
778 843 143 22 betänkandet
936 843 115 27 ätföljande

230 872 131 21 reservation
376 871 113 22 förordade
504 871 112 22 redaktion
632 872 23 21 af
668 871 12 27 $
695 871 65 22 bland
777 871 97 28 samtliga
889 871 163 27 formuleringar

230 906 50 15 vore
303 901 40 21 den
366 902 90 24 renaste,
479 900 94 21 klaraste
591 900 39 21 och
646 901 68 26 bästa,
729 900 70 21 såsom
815 899 155 28 Kumpulainen
986 900 66 22 redan

230 929 123 25 framhällit,
368 929 48 21 med
431 929 84 21 hvilken
531 929 81 22 talaren
628 928 84 22 derföre
726 928 103 22 förenade
844 930 39 25 sig.
912 929 43 21 Det
968 928 85 22 föreföll

229 958 82 21 talaren
333 956 70 23 säsom
425 957 70 22 skulle
509 957 161 27 ifrägavarande
686 957 20 26 &,
721 959 91 25 antagen
828 957 65 22 sädan
909 958 39 21 den
964 957 67 22 finnes
1045 958 7 21 i

230 987 42 21 den
292 985 77 27 nädiga
391 986 166 26 propositionen,
573 986 48 21 med
637 992 39 15 ena
691 986 83 21 handen
790 986 70 26 binda,
876 986 56 22 hvad
947 986 42 21 han
1004 987 48 21 med

230 1015 41 21 den
292 1015 68 21 andra
381 1015 84 21 handen
486 1014 61 28 gäfve
570 1015 48 21 löst.
648 1014 73 22 Kändt
738 1020 51 15 vore
805 1015 54 21 huru
874 1015 73 21 landet
962 1014 54 22 lider
1030 1014 24 22 af

230 1050 26 14 en
279 1043 77 21 allmän
379 1043 119 27 prestbrist.
528 1043 89 22 Talaren
632 1043 102 22 befarade
749 1046 33 18 att
796 1043 71 21 derest
882 1044 78 26 nådiga
975 1049 76 21 propo-

230 1072 91 21 sitionen
335 1072 70 21 blefve
421 1072 105 26 godkänd,
542 1073 18 26 ej
576 1072 92 22 allenast
682 1072 90 26 mängen
786 1072 107 21 tänkande
902 1072 93 27 yngling,
1006 1078 46 16 som

230 1100 49 21 med
300 1102 72 19 värme
393 1100 116 22 omfattade
525 1101 127 26 religionens
668 1101 39 21 och
722 1100 142 27 sedlighetens
879 1101 49 25 mäl,
944 1102 108 26 utestäng-

230 1129 38 21 des
289 1128 48 22 frän
359 1129 148 27 prestabanan,
528 1131 50 19 utan
594 1130 39 20 ock
649 1131 31 19 att
695 1135 25 15 en
735 1129 42 26 god
793 1129 33 21 del
842 1129 22 21 af
878 1129 119 21 hierarkins
1012 1130 40 20 och

231 1157 144 27 päfveväldets
390 1157 107 21 missbruk
517 1158 121 26 derigenom
654 1158 108 20 lemnades
777 1160 46 24 nytt
837 1158 74 26 insteg.
941 1158 111 21 Reforma-

230 1188 84 19 torerne
330 1186 109 26 grundade
454 1186 32 20 sin
501 1186 46 21 lära
561 1186 75 21 endast
651 1186 39 21 och
701 1186 91 21 allenast
803 1186 27 26 pä
840 1186 41 21 den
891 1186 78 26 Heliga
979 1186 72 26 Skrift,

229 1220 49 14 men
292 1214 47 21 icke
354 1214 27 26 pä
397 1214 193 21 menniskofunder.
619 1214 189 26 Nödvändigheten
824 1216 32 19 att
870 1215 105 25 uttrycka,
992 1214 59 22 hvar-

230 1242 30 20 uti
276 1242 41 21 den
332 1248 41 20 nya
387 1242 59 21 läran
462 1242 67 22 skilde
545 1243 31 26 sig
592 1242 46 22 frän
654 1242 39 21 den
709 1243 77 26 gamla,
808 1242 55 22 hade
878 1243 122 21 framkallat
1015 1243 37 21 be-

230 1270 222 26 kännelseskrifterne,
468 1271 40 21 och
522 1271 35 21 vid
573 1271 68 24 dessa,
657 1277 45 15 som
714 1271 63 21 likväl
788 1277 50 15 vore
848 1271 204 22 menniskoverkoch

230 1299 69 21 såsom
314 1299 79 21 sådana
409 1299 133 26 bristfälliga,
557 1299 49 21 ville
622 1306 48 14 man
685 1306 29 14 nu
729 1300 58 20 hålla
801 1300 42 20 fast
874 1300 28 21 Sä
916 1300 74 26 gjorde
1004 1300 47 20 icke

230 1328 183 25 reformatorerne,
428 1328 73 20 hvilka
515 1330 91 19 tvärtom
621 1328 113 21 framhöllo
750 1328 199 28 ofullständigheten
965 1328 38 21 hos
1016 1328 36 21 det

230 1356 123 26 menskliga.
383 1355 89 21 Talaren
495 1356 79 26 yrkade
596 1357 119 25 antagande
738 1356 22 20 af
781 1357 76 25 biskop
872 1357 129 20 Schaumans
1018 1364 33 13 re-

230 1383 94 26 daktion,
340 1389 45 15 som
400 1384 65 26 enligt
480 1384 94 21 talarens
590 1384 64 21 tanke
668 1384 97 21 lemnade
780 1384 64 22 friare
859 1391 46 15 rum
921 1384 33 21 för
965 1385 86 21 utveck-

230 1411 44 27 ling
289 1412 38 20 och
343 1412 164 21 fortskridande.

298 1469 213 27 Landtdagsmannen
534 1469 64 22 Keto
621 1470 121 21 förklarade
757 1472 32 20 att
804 1471 67 21 ehuru
885 1471 82 21 talaren
983 1471 68 22 hellre

229 1498 58 21 velat
308 1499 33 20 till
363 1499 119 26 antagande
505 1499 86 22 förorda
606 1499 75 27 biskop
697 1499 129 22 Schaumans
841 1499 139 28 formulering
995 1501 24 21 af
1031 1500 18 28 $,
