1131 1803
430 152 22 17 15
464 156 18 17 p.
494 152 96 17 Maalisk.

96 210 65 21 hafva
183 209 111 22 befordrat
318 210 62 27 lyxen
397 212 6 21 i
418 211 120 27 betänkelig
553 213 59 26 grad,
627 219 47 14 men
689 212 232 27 landtmannaproduk-

97 241 33 19 ter
149 238 64 22 hafva
233 239 25 21 de
280 237 50 28 föga
352 240 102 26 uppköpt.
484 239 118 28 Medgifvas
617 241 68 21 mäste
700 241 41 26 väl,
756 243 32 19 att
802 241 28 26 pä
845 240 77 21 förmö-

98 273 65 21 gnare
171 269 57 19 orter
237 267 80 21 funnits
328 267 54 27 dem,
393 274 45 15 som
449 268 56 27 gjort
515 269 71 26 dylika
596 270 92 25 uppköp,
699 275 47 16 men
757 270 62 21 dessa
825 269 97 26 utgjorde

98 296 54 21 dock
165 296 116 26 undantag.
310 296 33 21 De
362 296 61 22 flesta
438 297 161 22 landthandlare
616 297 62 21 hafva
693 298 107 26 nemligen
815 299 55 19 varit
879 304 43 14 me-

99 325 81 21 dellösa
194 324 116 27 ynglingar,
326 325 72 21 hvilka
412 325 59 21 idkat
485 325 148 22 kredithandel
643 325 40 22 och
694 325 90 22 sälunda
794 326 76 21 saknat
880 325 42 21 till-

98 353 56 26 gäng
168 353 33 21 att
215 359 77 20 genom
307 354 86 26 uppköp
408 359 69 20 gagna
492 353 36 21 det
543 355 113 20 allmänna.
686 353 118 27 Varpenius
815 355 55 20 hade
880 353 42 21 för-

98 381 62 21 ordat
179 381 147 26 utsträckning
341 381 22 21 af
376 382 159 24 landthandeln,
556 389 48 14 men
623 382 83 21 talaren
724 383 50 21 ville
792 382 34 21 för
840 383 32 21 sin
889 382 34 21 del

98 416 66 20 gerna
185 411 49 19 veta
253 410 7 20 i
274 409 101 22 afseende
395 410 13 21 å
428 410 72 21 hvilka
522 410 242 22 förnödenhetsartiklar
785 411 138 21 landthandel

98 445 50 15 vore
163 438 113 26 förbjudet.
306 438 62 22 Hvad
383 439 111 21 ankomme
510 439 168 27 Kumpulainens
694 440 122 25 påstående,
832 441 32 19 att
879 445 44 15 mo-

98 468 96 21 tionären
214 466 40 21 och
271 467 53 21 hans
342 467 132 21 medhållare
494 468 68 21 skulle
584 468 82 22 bevaka
682 468 25 21 de
722 474 16 15 s.
753 469 21 20 k.
791 468 133 26 kontryssar-

99 502 38 15 nes
157 496 112 25 intressen,
286 495 50 21 ville
351 496 82 21 talaren
448 496 134 22 tillbakavisa
598 502 25 15 en
639 496 65 21 sådan
720 496 140 27 beskyllning.
884 496 41 20 Ta-

100 525 59 21 laren
170 524 126 21 åtminstone
306 530 39 15 var
354 525 13 21 å
377 525 31 21 sin
419 524 47 21 sida
476 524 85 22 alldeles
569 525 47 21 icke
626 525 70 26 någon
706 524 120 22 försvarare
835 525 22 21 af
863 524 62 27 gård-

101 552 139 26 farihandeln,
256 555 51 19 utan
322 553 50 21 ville
388 555 93 19 tvärtom
495 553 64 21 hafva
574 554 123 21 densamma
711 553 111 24 afskaffad,
834 559 48 15 men
892 554 32 20 ta-

100 583 58 21 laren
174 581 71 21 kunde
260 581 55 21 dock
329 582 47 20 icke
391 584 51 24 säga
457 585 71 23 annat,
544 584 26 19 än
586 584 32 19 att
634 582 177 26 ,kontryssarne*
828 581 27 27 på
865 582 60 26 långt

100 613 40 19 när
162 610 46 21 icke
228 609 120 22 förorsakat
366 610 24 21 sä
409 610 83 26 mycket
512 611 50 20 ondt
577 616 45 16 som
637 610 199 26 landthandlarene,
852 610 73 21 sävida

102 640 25 21 de
142 639 57 20 förre
210 638 46 22 icke
271 638 77 27 kunde,
358 639 70 21 säsom
438 638 196 26 landthandlarene,
646 638 32 21 för
688 640 46 20 sina
744 644 63 16 varor
817 640 108 25 emottaga

103 669 6 20 i
125 668 74 26 utbyte
222 667 112 21 allehanda
354 667 236 27 jordbruksprodukter.
625 667 89 21 Talaren
737 667 36 21 vill
794 669 56 20 ännu
870 669 56 19 emot

102 696 167 27 Kumpulainens
290 695 121 27 pästäende,
429 697 33 19 att
477 696 130 21 motionären
623 696 47 21 icke
686 696 83 21 unnade
785 702 55 21 egna
854 695 72 21 lands-

102 727 49 19 män
166 724 69 27 någon
250 723 100 27 förtjenst
365 724 27 26 pä
409 724 84 26 handel,
510 724 68 21 erinra
592 726 32 19 att
636 724 70 20 denna
716 724 93 21 inkomst
819 724 6 21 i
836 724 90 26 sanning

102 754 46 20 icke
170 752 62 22 torde
252 759 50 15 vara
322 752 134 26 afundsvärd,
476 752 78 26 såvida,
576 759 33 15 om
629 752 155 27 Kumpulainen
806 752 54 22 helst
878 752 48 21 litet

102 782 48 26 följt
171 781 50 21 med
242 780 205 22 konkursnotiserna
465 781 28 26 pä
513 781 141 27 tidningarne,
675 781 155 27 Kumpulainen
850 780 76 26 funnit,

104 812 31 20 att
150 810 26 21 de
192 810 62 21 flesta
270 810 140 20 cessionanter
428 810 56 20 varit
499 809 167 21 landthandlare.
697 809 87 21 Säledes
794 810 39 20 har
844 810 83 20 vinsten

104 840 54 20 varit
180 838 63 27 högst
260 838 158 26 problematisk.
448 837 42 21 För
510 838 64 26 öfrigt
592 844 37 15 var
644 838 81 20 talaren
740 838 23 21 af
777 844 80 15 samma
872 837 55 27 äsigt

104 868 47 20 med
173 867 123 27 Rosenberg
319 867 77 25 deruti,
415 868 31 20 att
464 867 152 21 landthandeln
630 872 51 16 vore
701 868 30 20 ett
747 866 57 26 ondt,
820 872 45 16 som
880 866 47 21 icke

104 896 72 21 kunde
191 896 27 26 pä
233 896 81 26 engäng
329 897 89 24 utrotas,
433 895 97 21 hvarföre
546 895 82 21 talaren
644 894 34 22 för
692 895 33 21 sin
740 895 35 21 del
784 894 100 26 föreslog,
896 896 32 19 att

104 924 162 22 landthandlare
281 924 47 21 icke
343 924 64 21 mätte
422 924 33 21 till
471 924 141 26 obegränsadt
622 923 58 22 antal
692 925 118 25 emottagas
821 924 6 20 i
838 923 89 21 försam-

104 954 101 26 lingarne,
222 953 18 26 ej
256 953 66 20 heller
337 952 80 22 tillåtas
432 954 32 19 att
479 953 97 21 nedsätta
591 953 31 26 sig
637 954 53 19 nära
705 952 67 27 kyrka
787 954 51 19 utan
853 952 27 26 pä
892 952 36 20 nä-

104 985 37 24 got
159 982 107 21 bestämdt
280 981 85 21 afständ
380 981 98 25 derifrän,
495 987 34 15 om
545 981 63 21 också
624 981 18 26 ej
658 981 24 21 sä
697 980 59 28 långt
770 987 45 15 som
832 980 96 21 Auvinen

106 1010 116 27 föreslagit.
252 1010 103 26 Slutligen
374 1010 39 20 och
432 1010 27 20 dä
474 1010 151 21 landthandeln
641 1010 89 24 säledes,
747 1009 26 27 pä
788 1011 43 19 sätt
846 1009 83 21 talaren

106 1039 82 22 försökt
206 1038 136 28 ädagalägga,
362 1038 46 22 icke
428 1038 134 22 motsvarade
577 1039 32 20 sin
624 1038 155 25 bestämmelse,
795 1038 65 26 ansäg
875 1038 54 20 tala-

106 1075 37 14 ren
164 1067 203 27 petitionsförslaget
385 1067 52 20 böra
456 1068 105 25 upptagas
579 1068 55 20 samt
650 1066 120 21 remitteras
785 1066 32 21 till
833 1066 97 21 enskilda

106 1096 198 21 besvärsutskottet.

175 1153 214 28 Landtdagsmannen
411 1153 84 21 Kavön
517 1154 89 25 yttrade,
626 1154 32 20 att
676 1153 7 21 i
700 1152 73 27 frägan
793 1152 73 21 ordats
885 1151 46 20 vidt

108 1184 40 20 och
158 1183 64 21 bredt
237 1183 13 20 &
265 1185 57 19 ömse
338 1182 65 21 sidor.
433 1181 89 22 Talaren
539 1182 47 21 ville
596 1181 61 21 äfven
668 1181 34 21 för
712 1181 32 21 sin
755 1181 35 21 del
801 1181 83 20 biträda
894 1185 37 20 pe-

108 1211 180 26 titionsförslaget,
306 1217 46 15 men
368 1211 27 21 dä
410 1209 68 22 Slotte
488 1210 65 21 redan
563 1210 98 27 utförligt
671 1209 108 22 utvecklat
788 1209 81 26 frägan,
880 1207 50 22 ville

108 1241 81 21 talaren
209 1239 46 22 icke
273 1239 48 22 med
336 1239 64 27 långa
415 1239 30 20 tal
459 1239 113 26 uppehålla
587 1239 72 25 saken,
675 1241 51 18 utan
742 1238 89 21 allenast
846 1239 83 24 nämna,

108 1271 32 20 att
162 1269 36 21 det
220 1269 50 26 säge
292 1271 29 23 ut,
344 1275 45 14 som
410 1273 33 16 om
460 1267 214 26 petitionsförslagets
692 1267 145 20 motståndare
858 1265 74 27 sjelfva

109 1303 49 16 vore
180 1297 169 21 landthandlare.
380 1295 198 22 Landthandlarene
600 1301 50 16 vore
671 1295 62 21 äfven
752 1295 66 26 enligt
838 1295 94 20 talarens

109 1327 55 26 sigt
178 1328 61 19 värre
252 1327 27 19 än
295 1323 180 29 ,kontryssarne*,
492 1324 89 21 emedan
596 1329 111 22 processen
722 1323 71 21 kunde
808 1324 63 25 göras
881 1323 51 20 kort

109 1355 49 22 med
174 1354 25 21 de
215 1359 81 21 senare,
312 1359 34 15 om
361 1359 49 15 man
425 1352 113 22 beröfvade
554 1353 46 20 dem
611 1352 61 22 deras
684 1352 100 25 ,rensel*.
813 1351 43 21 För
868 1351 64 26 öfrigt

109 1383 131 22 förundrade
255 1383 31 25 sig
301 1383 88 24 talaren,
405 1383 31 19 att
451 1381 196 25 landthandlarene,
658 1382 52 19 utan
721 1382 32 19 att
763 1380 85 21 ständet
860 1379 72 21 derom

111 1411 94 27 anhällit,
221 1410 70 22 blifvit
306 1410 48 22 med
370 1410 24 22 sä
406 1412 58 20 stora
479 1409 88 22 friheter
582 1409 117 22 förlänade.

179 1468 113 21 Edusmies
307 1467 115 21 Levonen
442 1466 69 21 lausui
526 1467 55 19 totta
596 1465 57 26 kyllä
669 1465 80 25 olevan,
766 1464 59 21 ett'ei
839 1464 95 31 kauppa-

112 1497 60 27 puoti
184 1497 23 26 ja
222 1495 154 22 Herranhuone
396 1495 45 21 sovi
458 1495 103 20 toistensa
576 1493 98 26 rinnalle,
688 1499 54 16 vaan
760 1492 174 26 maakauppiaat,
