1098 1775
272 98 106 34 Seinäjoen
404 98 208 34 Kristiinankaupungin
639 105 47 17 rata.
838 105 54 20 1163

65 176 152 35 upprätthålla
239 176 149 34 regelbunden
410 176 140 22 vintertrafik
571 176 8 21 i
599 182 27 16 en
647 176 66 22 hamn
728 189 26 4 —
771 176 79 28 Hangö
866 188 28 4 —

65 207 29 20 än
110 207 34 21 att
159 204 49 22 dela
223 204 117 28 krafterna
354 205 29 27 pä
399 211 26 15 en
440 206 80 27 mängd
536 204 46 22 smä
598 206 66 20 orter.

135 234 35 22 En
184 234 58 21 bana
258 228 390 40 Östermyra—Kauhajoki-Kaskö
660 234 70 22 skulle
741 233 153 35 förnämligast

65 262 24 23 fä
112 263 33 22 sin
167 262 67 22 trafik
257 262 131 23 ätminstone
411 262 35 22 för
465 262 74 23 sävidt
557 262 137 23 vidkommer
709 263 43 21 den
766 262 127 28 nedgäende

65 292 96 22 trafiken
177 291 49 22 frän
242 293 59 20 orter
316 293 60 20 öster
390 291 37 22 till
441 292 92 22 nordost
547 298 35 15 on
597 291 83 22 Kaskö.
701 292 69 21 Detta
785 292 109 21 erkännes

65 320 68 23 äfven
149 319 25 23 af
185 320 211 27 järnvägskomiten.
415 320 34 22 En
459 321 60 21 blick
529 320 29 27 pä
566 321 82 21 kartan
656 320 60 22 visar
724 321 127 27 emellertid,
860 322 34 21 att

65 351 92 20 orterna
172 355 52 15 norr
238 349 34 21 till
288 351 34 20 ost
338 355 33 16 om
386 349 76 22 Kaskö
478 349 25 22 sä
517 350 55 27 godt
586 355 47 16 som
649 349 44 22 alla
707 349 55 22 höra
776 349 34 22 till
825 349 69 22 Wasa

65 379 63 21 stads
150 377 187 23 handelsområde.
367 377 30 22 Sä
419 380 15 19 t.
457 385 34 14 ex.
514 379 106 26 Korsnäs,
644 378 96 27 Pörtom,
763 378 78 27 Jurva,
865 378 28 22 Il-

66 407 64 27 mola,
151 406 113 28 Seinäjoki
280 407 40 21 och
335 407 172 28 Peräseinäjoki.
537 407 72 22 Dessa
625 409 72 20 orters
712 407 182 22 handelsrelatio-

65 442 41 15 ner
120 437 49 20 med
184 435 70 22 Wasa
269 437 38 20 äro
322 435 25 22 sä
363 436 78 27 gamla,
458 437 34 20 att
506 435 66 28 ingen
585 436 97 27 järnväg
697 436 64 21 torde
772 436 69 34 draga
852 437 42 20 den

65 465 51 21 bort
140 463 104 28 därifrän,
266 461 152 42 synnerligast
437 471 46 15 som
501 465 76 27 Wasa,
596 465 68 21 hvars
681 464 133 28 omsättning
829 466 25 20 är
870 464 24 21 sä

67 493 137 33 ojämförligt
219 493 87 27 mycket
322 495 71 20 större
409 495 28 20 än
452 494 27 21 de
494 493 217 28 sydösterbottniska
724 493 169 26 smästädernas,

64 521 48 28 just
128 521 126 28 därigenom
274 522 103 27 erbjuder
391 524 61 20 stora
467 522 98 22 fördelar
580 522 93 22 framom
689 523 115 21 desamma.
834 521 60 23 Frän

66 551 66 22 söder
154 551 41 21 och
217 551 77 27 sydost
315 551 42 21 har
378 551 83 28 Kaskö,
477 551 25 22 sä
519 551 67 28 länge
604 551 151 22 Kristinestad
770 551 68 22 finnes
854 551 39 26 till,

67 579 117 29 ingenting
206 581 34 20 att
261 579 106 28 päräkna,
390 580 86 22 hvilket
497 581 109 21 erkännes
625 580 34 22 till
678 580 41 22 och
733 581 49 21 med
798 579 25 23 af
833 567 61 41 järn-

66 609 160 27 vägskomiten.
256 608 71 22 Dessa
357 611 60 20 orter
441 611 39 19 äro
506 609 162 22 Kristinestads
694 608 199 28 landsförsamling,

66 637 130 29 Lappfjärd,
219 637 88 28 Sideby,
330 638 71 27 Storä,
422 638 85 27 Bötom,
522 638 113 28 sydligare
651 638 63 21 delen
730 638 26 21 af
768 637 126 29 Kauhajoki

66 668 58 20 samt
146 666 61 22 delar
229 666 25 22 af
267 666 128 28 Honkajoki
414 667 40 21 och
474 667 114 21 Sastmola.
619 667 46 21 För
680 668 64 20 dessa
759 669 60 26 orter
834 667 59 21 kom-

67 702 46 15 mer
128 695 150 22 Kristinestad
293 697 33 19 att
342 695 191 28 fortsättningsvis
548 702 55 15 vara
618 695 154 28 hufvudorten.
791 695 103 22 Återstår

66 724 86 22 således
168 724 35 22 tör
217 724 76 22 Kaskö
308 725 79 21 endast
402 724 92 27 Närpes,
510 724 140 27 Ofvermark,
667 724 135 25 Ostermark,
818 730 28 16 en
859 724 35 22 del

66 752 27 22 af
112 748 127 43 Kauhajoki
261 754 56 20 samt
339 753 102 27 möjligen
461 753 3 21 i
480 760 26 14 en
529 753 90 22 framtid
642 753 107 21 Kurikka.
780 753 51 22 Men
851 759 43 15 om-

66 782 128 27 sättningen
209 781 13 22 ä
238 782 64 21 dessa
317 783 66 24 orter,
399 782 69 22 ehuru
483 782 130 28 visserligen
625 782 163 28 jämförelsevis
804 783 53 21 stor,
869 783 25 19 är

67 810 77 22 därför
159 811 63 27 längt
236 810 58 22 ifrän
309 799 120 40 tillräcklig
444 811 36 22 för
495 813 33 19 att
543 811 26 22 af
582 811 76 22 Kaskö
670 811 70 34 skapa
751 812 33 20 ett
793 807 101 25 handels-

68 841 98 20 centrum
182 839 25 21 af
215 839 72 28 nägon
299 840 119 27 betydelse.
434 840 105 22 Tvärtom
547 840 41 21 har
596 839 112 22 handeln
696 835 13 37 ä
719 841 71 26 sagda
799 839 95 22 socknar

64 867 85 34 jämväl
172 869 67 20 sedan
254 868 50 28 gått
322 875 78 20 genom
418 868 83 28 Kaskö,
516 871 54 19 utan
585 870 34 20 att
633 869 80 21 staden
727 869 53 27 höjt
790 868 35 27 sig
844 867 50 22 från

67 897 34 21 sin
124 897 156 28 obetydlighet.
311 897 46 22 För
379 898 42 21 den
436 886 155 40 uppåtgående
606 897 96 22 trafiken
716 897 34 22 till
765 897 129 27 Östermyra

67 927 39 20 äro
130 926 26 21 de
180 927 64 20 söder
266 932 34 15 om
319 926 76 22 Kaskö
413 926 95 27 belägna
524 928 88 20 orterna
628 926 131 27 visserligen
773 925 121 22 hänvisade

67 954 35 22 till
117 955 41 20 den
174 955 217 27 sydösterbottniska
405 955 78 27 banan,
499 955 67 22 hvart
580 956 43 21 den
638 957 28 20 än
678 955 84 28 drages,
773 961 49 15 men
833 955 62 20 detta

67 983 107 22 invärkar
188 983 20 28 ej
225 983 29 27 på
269 968 218 48 varuomsättningen
502 984 8 21 i
525 984 83 21 Kaskö.

136 1012 211 27 Järnvägskomiten
363 1013 40 21 och
418 1013 109 22 utskottet
536 1012 69 22 hafva
613 1012 91 23 kommit
712 1012 34 22 till
754 1013 42 20 den
804 1011 90 22 alldeles

68 1041 84 27 riktiga
166 1041 125 26 slutsatsen,
308 1043 34 20 att
356 1041 218 28 varuomsättningen
589 1041 9 22 i
612 1041 184 26 Sydösterbotten
803 1040 35 22 för
846 1042 48 20 när-

67 1070 97 21 varande
187 1069 49 22 icke
259 1071 25 20 är
305 1070 121 27 tillräcklig
449 1070 34 21 för
505 1072 34 19 att
561 1070 92 28 betinga
674 1070 129 27 byggandet
818 1069 25 34 af
856 1069 39 22 två

66 1098 122 28 järnvägar
204 1111 25 3 —
247 1105 27 15 en
296 1098 34 22 till
353 1099 111 21 hvardera
485 1100 84 21 staden.
600 1099 46 27 Jag
664 1099 70 21 skulle
749 1098 54 28 vilja
818 1097 28 28 gå
862 1100 32 19 ett

67 1129 51 26 steg
140 1127 76 27 längre
240 1127 41 22 och
303 1127 72 27 påstå,
395 1129 34 20 att
443 1127 163 28 omsättningen
621 1127 50 22 icke
686 1129 26 20 är
726 1127 120 27 tillräcklig
862 1128 33 19 att

68 1156 61 22 delas
152 1156 28 27 på
202 1155 39 22 två
264 1158 66 19 orter.
361 1156 102 22 Kommer
485 1156 150 22 Kasköbanan
657 1156 34 22 till
713 1156 71 25 stånd,
807 1144 37 33 så
852 1155 42 22 blir

68 1185 120 23 emellertid
212 1185 162 27 omsättningen
396 1186 73 26 delad;
492 1185 76 22 Kaskö
584 1186 45 21 kan
643 1185 50 22 icke
707 1185 101 27 påräkna
822 1184 72 28 någon

68 1214 152 27 trafikökning
234 1213 51 22 från
300 1216 89 20 orterna
403 1215 42 26 syd
460 1214 34 22 till
509 1216 36 20 ost
560 1215 82 26 därom,
655 1214 89 22 hvilken
755 1214 67 21 trafik
833 1213 60 22 alltid

68 1243 96 21 kommer
187 1244 34 20 att
243 1242 29 28 gå
294 1242 33 22 till
349 1243 160 27 Kristinestad;
532 1243 76 21 Kaskö
629 1244 44 20 kan
687 1243 49 21 icke
751 1242 8 22 i
774 1242 121 22 nämnvärd

67 1271 50 22 mån
132 1271 51 27 höja
197 1271 41 27 sig,
254 1271 149 22 Kristinestad
419 1271 35 22 för
469 1273 33 20 ett
512 1272 96 27 tynande
619 1271 32 28 lif,
661 1272 85 21 skadan
756 1271 43 21 blir
810 1270 84 28 objälp-

68 1300 31 28 lig
114 1300 35 22 för
164 1300 49 22 hela
229 1300 134 22 landsdelen.

136 1328 112 28 Beklagas
263 1328 76 28 måste,
356 1330 33 21 att
403 1329 86 27 Närpes
505 1328 98 23 folkrika
619 1329 41 22 och
676 1328 148 23 framstående
835 1328 59 22 kom-

67 1364 50 16 mun
138 1358 49 21 icke
209 1358 90 21 beröres
315 1357 26 22 af
353 1358 240 22 Kristinestadsbanan.
627 1358 52 21 Men
693 1357 117 28 härvidlag
825 1357 69 22 måste

66 1388 65 26 tagas
147 1387 8 21 i
169 1387 153 26 betraktande,
346 1388 34 20 att
401 1387 25 21 så
448 1387 55 27 godt
525 1393 46 15 som
594 1387 29 21 all
646 1388 79 26 export
744 1386 50 21 från
809 1386 85 27 Närpes

67 1413 102 24 kommun
184 1417 90 26 utgöres
290 1415 23 22 af
327 1415 255 27 landtbruksprodukter
594 1415 75 22 såsom
684 1417 64 25 smör,
763 1415 57 26 kött,
831 1415 63 20 krea-

67 1445 43 26 tur,
133 1443 42 22 fisk
197 1450 27 15 m.
246 1450 36 21 m.,
302 1444 89 21 hvilken
411 1446 79 25 export
504 1444 139 23 uteslutande
658 1444 41 21 bör
714 1444 38 21 ske
768 1427 130 48 sommartid.

68 1473 42 22 och
125 1472 119 22 förmedlas
261 1461 25 33 af
299 1472 235 28 allmogehandelsmän
549 1485 29 4 —
593 1472 169 28 Sverge-farare
777 1484 29 3 —
819 1471 77 22 hvilka

67 1501 105 28 uppköpa
194 1507 71 15 varan
288 1501 41 22 och
352 1501 81 28 själfva
452 1501 49 22 föra
517 1501 42 22 den
574 1501 34 22 till
622 1503 63 26 torgs
700 1501 7 22 i
722 1501 118 23 Sundsvall
854 1501 42 21 och
