<?xml version="1.0" encoding="UTF-8"?>
<alto xmlns="http://www.loc.gov/standards/alto/ns-v3#" xmlns:xlink="http://www.w3.org/1999/xlink" xmlns:xsi="http://www.w3.org/2001/XMLSchema-instance" xsi:schemaLocation="http://www.loc.gov/standards/alto/ns-v3# http://www.loc.gov/alto/v3/alto-3-0.xsd">
	<Description>
		<MeasurementUnit>pixel</MeasurementUnit>
		<sourceImageInformation>
			<fileName>/tmp/tess_yqoghecc_input.PNG</fileName>
		</sourceImageInformation>
		<OCRProcessing ID="OCR_0">
			<ocrProcessingStep>
				<processingSoftware>
					<softwareName>tesseract 5.3.4</softwareName>
				</processingSoftware>
			</ocrProcessingStep>
		</OCRProcessing>
	</Description>
	<Layout>
		<Page WIDTH="1095" HEIGHT="1778" PHYSICAL_IMG_NR="0" ID="page_0">
			<PrintSpace HPOS="0" VPOS="0" WIDTH="1095" HEIGHT="1778">
				<ComposedBlock ID="cblock_0" HPOS="193" VPOS="105" WIDTH="634" HEIGHT="25">
					<TextBlock ID="block_0" HPOS="193" VPOS="105" WIDTH="634" HEIGHT="25">
						<TextLine ID="line_0" HPOS="193" VPOS="105" WIDTH="634" HEIGHT="25">
							<String ID="string_0" HPOS="193" VPOS="106" WIDTH="56" HEIGHT="20" WC="0.96" CONTENT="1164"/><SP WIDTH="135" VPOS="106" HPOS="249"/>
							<String ID="string_1" HPOS="384" VPOS="105" WIDTH="196" HEIGHT="25" WC="0.92" CONTENT="Talonpoikaissääty"/><SP WIDTH="13" VPOS="105" HPOS="580"/>
							<String ID="string_2" HPOS="593" VPOS="106" WIDTH="22" HEIGHT="17" WC="0.93" CONTENT="22"/><SP WIDTH="12" VPOS="106" HPOS="615"/>
							<String ID="string_3" HPOS="627" VPOS="107" WIDTH="46" HEIGHT="22" WC="0.91" CONTENT="p:nä"/><SP WIDTH="12" VPOS="107" HPOS="673"/>
							<String ID="string_4" HPOS="685" VPOS="106" WIDTH="80" HEIGHT="17" WC="0.92" CONTENT="toukok."/><SP WIDTH="14" VPOS="106" HPOS="765"/>
							<String ID="string_5" HPOS="779" VPOS="105" WIDTH="48" HEIGHT="18" WC="0.96" CONTENT="1900."/>
						</TextLine>
					</TextBlock>
				</ComposedBlock>
				<GraphicalElement ID="cblock_1" HPOS="195" VPOS="133" WIDTH="821" HEIGHT="6"></GraphicalElement >
				<ComposedBlock ID="cblock_2" HPOS="190" VPOS="177" WIDTH="832" HEIGHT="1349">
					<TextBlock ID="block_1" HPOS="192" VPOS="177" WIDTH="828" HEIGHT="288">
						<TextLine ID="line_1" HPOS="192" VPOS="177" WIDTH="826" HEIGHT="28">
							<String ID="string_6" HPOS="192" VPOS="178" WIDTH="136" HEIGHT="21" WC="0.91" CONTENT="Hernösand."/><SP WIDTH="31" VPOS="178" HPOS="328"/>
							<String ID="string_7" HPOS="359" VPOS="178" WIDTH="71" HEIGHT="21" WC="0.96" CONTENT="Dessa"/><SP WIDTH="23" VPOS="178" HPOS="430"/>
							<String ID="string_8" HPOS="453" VPOS="184" WIDTH="67" HEIGHT="16" WC="0.96" CONTENT="varor"/><SP WIDTH="22" VPOS="184" HPOS="520"/>
							<String ID="string_9" HPOS="542" VPOS="178" WIDTH="87" HEIGHT="22" WC="0.96" CONTENT="komma"/><SP WIDTH="22" VPOS="178" HPOS="629"/>
							<String ID="string_10" HPOS="651" VPOS="178" WIDTH="49" HEIGHT="22" WC="0.96" CONTENT="icke"/><SP WIDTH="23" VPOS="178" HPOS="700"/>
							<String ID="string_11" HPOS="723" VPOS="179" WIDTH="35" HEIGHT="20" WC="0.96" CONTENT="att"/><SP WIDTH="21" VPOS="179" HPOS="758"/>
							<String ID="string_12" HPOS="779" VPOS="177" WIDTH="48" HEIGHT="22" WC="0.96" CONTENT="från"/><SP WIDTH="20" VPOS="177" HPOS="827"/>
							<String ID="string_13" HPOS="847" VPOS="178" WIDTH="86" HEIGHT="27" WC="0.93" CONTENT="Närpes"/><SP WIDTH="15" VPOS="178" HPOS="933"/>
							<String ID="string_14" HPOS="948" VPOS="178" WIDTH="70" HEIGHT="20" WC="0.92" CONTENT="trans-"/>
						</TextLine>
						<TextLine ID="line_2" HPOS="192" VPOS="206" WIDTH="827" HEIGHT="28">
							<String ID="string_15" HPOS="192" VPOS="208" WIDTH="102" HEIGHT="25" WC="0.91" CONTENT="porteras"/><SP WIDTH="22" VPOS="208" HPOS="294"/>
							<String ID="string_16" HPOS="316" VPOS="206" WIDTH="34" HEIGHT="22" WC="0.96" CONTENT="till"/><SP WIDTH="14" VPOS="206" HPOS="350"/>
							<String ID="string_17" HPOS="364" VPOS="206" WIDTH="76" HEIGHT="22" WC="0.96" CONTENT="Kaskö"/><SP WIDTH="17" VPOS="206" HPOS="440"/>
							<String ID="string_18" HPOS="457" VPOS="213" WIDTH="40" HEIGHT="21" WC="0.95" CONTENT="per"/><SP WIDTH="13" VPOS="213" HPOS="497"/>
							<String ID="string_19" HPOS="510" VPOS="207" WIDTH="103" HEIGHT="27" WC="0.96" CONTENT="järnväg,"/><SP WIDTH="17" VPOS="207" HPOS="613"/>
							<String ID="string_20" HPOS="630" VPOS="208" WIDTH="91" HEIGHT="20" WC="0.96" CONTENT="emedan"/><SP WIDTH="16" VPOS="208" HPOS="721"/>
							<String ID="string_21" HPOS="737" VPOS="207" WIDTH="90" HEIGHT="26" WC="0.96" CONTENT="bonden,"/><SP WIDTH="17" VPOS="207" HPOS="827"/>
							<String ID="string_22" HPOS="844" VPOS="213" WIDTH="46" HEIGHT="15" WC="0.96" CONTENT="som"/><SP WIDTH="16" VPOS="213" HPOS="890"/>
							<String ID="string_23" HPOS="906" VPOS="207" WIDTH="113" HEIGHT="27" WC="0.96" CONTENT="begagnar"/>
						</TextLine>
						<TextLine ID="line_3" HPOS="193" VPOS="234" WIDTH="826" HEIGHT="28">
							<String ID="string_24" HPOS="193" VPOS="235" WIDTH="33" HEIGHT="21" WC="0.96" CONTENT="sin"/><SP WIDTH="23" VPOS="235" HPOS="226"/>
							<String ID="string_25" HPOS="249" VPOS="241" WIDTH="54" HEIGHT="21" WC="0.96" CONTENT="egen"/><SP WIDTH="19" VPOS="241" HPOS="303"/>
							<String ID="string_26" HPOS="322" VPOS="236" WIDTH="56" HEIGHT="26" WC="0.96" CONTENT="häst,"/><SP WIDTH="20" VPOS="236" HPOS="378"/>
							<String ID="string_27" HPOS="398" VPOS="235" WIDTH="50" HEIGHT="22" WC="0.96" CONTENT="icke"/><SP WIDTH="15" VPOS="235" HPOS="448"/>
							<String ID="string_28" HPOS="463" VPOS="235" WIDTH="36" HEIGHT="22" WC="0.96" CONTENT="för"/><SP WIDTH="15" VPOS="235" HPOS="499"/>
							<String ID="string_29" HPOS="514" VPOS="235" WIDTH="34" HEIGHT="22" WC="0.96" CONTENT="sin"/><SP WIDTH="15" VPOS="235" HPOS="548"/>
							<String ID="string_30" HPOS="563" VPOS="242" WIDTH="55" HEIGHT="15" WC="0.96" CONTENT="vara"/><SP WIDTH="15" VPOS="242" HPOS="618"/>
							<String ID="string_31" HPOS="633" VPOS="236" WIDTH="47" HEIGHT="21" WC="0.96" CONTENT="med"/><SP WIDTH="16" VPOS="236" HPOS="680"/>
							<String ID="string_32" HPOS="696" VPOS="236" WIDTH="51" HEIGHT="21" WC="0.96" CONTENT="häst"/><SP WIDTH="15" VPOS="236" HPOS="747"/>
							<String ID="string_33" HPOS="762" VPOS="236" WIDTH="33" HEIGHT="21" WC="0.96" CONTENT="till"/><SP WIDTH="16" VPOS="236" HPOS="795"/>
							<String ID="string_34" HPOS="811" VPOS="235" WIDTH="109" HEIGHT="22" WC="0.96" CONTENT="stationen"/><SP WIDTH="15" VPOS="235" HPOS="920"/>
							<String ID="string_35" HPOS="935" VPOS="234" WIDTH="35" HEIGHT="23" WC="0.96" CONTENT="för"/><SP WIDTH="15" VPOS="234" HPOS="970"/>
							<String ID="string_36" HPOS="985" VPOS="236" WIDTH="34" HEIGHT="20" WC="0.96" CONTENT="att"/>
						</TextLine>
						<TextLine ID="line_4" HPOS="192" VPOS="263" WIDTH="828" HEIGHT="29">
							<String ID="string_37" HPOS="192" VPOS="263" WIDTH="55" HEIGHT="29" WC="0.96" CONTENT="själf"/><SP WIDTH="20" VPOS="263" HPOS="247"/>
							<String ID="string_38" HPOS="267" VPOS="263" WIDTH="49" HEIGHT="22" WC="0.95" CONTENT="fara"/><SP WIDTH="21" VPOS="263" HPOS="316"/>
							<String ID="string_39" HPOS="337" VPOS="264" WIDTH="23" HEIGHT="21" WC="0.96" CONTENT="in"/><SP WIDTH="22" VPOS="264" HPOS="360"/>
							<String ID="string_40" HPOS="382" VPOS="264" WIDTH="34" HEIGHT="21" WC="0.96" CONTENT="till"/><SP WIDTH="22" VPOS="264" HPOS="416"/>
							<String ID="string_41" HPOS="438" VPOS="265" WIDTH="78" HEIGHT="21" WC="0.96" CONTENT="staden"/><SP WIDTH="23" VPOS="265" HPOS="516"/>
							<String ID="string_42" HPOS="539" VPOS="265" WIDTH="41" HEIGHT="21" WC="0.96" CONTENT="och"/><SP WIDTH="23" VPOS="265" HPOS="580"/>
							<String ID="string_43" HPOS="603" VPOS="264" WIDTH="56" HEIGHT="28" WC="0.96" CONTENT="sälja"/><SP WIDTH="22" VPOS="264" HPOS="659"/>
							<String ID="string_44" HPOS="681" VPOS="271" WIDTH="76" HEIGHT="21" WC="0.96" CONTENT="varan,"/><SP WIDTH="19" VPOS="271" HPOS="757"/>
							<String ID="string_45" HPOS="776" VPOS="264" WIDTH="121" HEIGHT="22" WC="0.96" CONTENT="återvända"/><SP WIDTH="19" VPOS="264" HPOS="897"/>
							<String ID="string_46" HPOS="916" VPOS="264" WIDTH="39" HEIGHT="22" WC="0.96" CONTENT="och"/><SP WIDTH="16" VPOS="264" HPOS="955"/>
							<String ID="string_47" HPOS="971" VPOS="263" WIDTH="49" HEIGHT="22" WC="0.96" CONTENT="åter"/>
						</TextLine>
						<TextLine ID="line_5" HPOS="192" VPOS="292" WIDTH="826" HEIGHT="28">
							<String ID="string_48" HPOS="192" VPOS="293" WIDTH="103" HEIGHT="27" WC="0.96" CONTENT="begagna"/><SP WIDTH="17" VPOS="293" HPOS="295"/>
							<String ID="string_49" HPOS="312" VPOS="292" WIDTH="57" HEIGHT="28" WC="0.96" CONTENT="häst,"/><SP WIDTH="21" VPOS="292" HPOS="369"/>
							<String ID="string_50" HPOS="390" VPOS="294" WIDTH="37" HEIGHT="20" WC="0.96" CONTENT="det"/><SP WIDTH="19" VPOS="294" HPOS="427"/>
							<String ID="string_51" HPOS="446" VPOS="293" WIDTH="43" HEIGHT="21" WC="0.96" CONTENT="blir"/><SP WIDTH="15" VPOS="293" HPOS="489"/>
							<String ID="string_52" HPOS="504" VPOS="293" WIDTH="36" HEIGHT="21" WC="0.96" CONTENT="för"/><SP WIDTH="15" VPOS="293" HPOS="540"/>
							<String ID="string_53" HPOS="555" VPOS="294" WIDTH="109" HEIGHT="21" WC="0.96" CONTENT="kostsamt"/><SP WIDTH="15" VPOS="294" HPOS="664"/>
							<String ID="string_54" HPOS="679" VPOS="294" WIDTH="40" HEIGHT="21" WC="0.96" CONTENT="och"/><SP WIDTH="15" VPOS="294" HPOS="719"/>
							<String ID="string_55" HPOS="734" VPOS="293" WIDTH="132" HEIGHT="27" WC="0.96" CONTENT="besvärligt;"/><SP WIDTH="17" VPOS="293" HPOS="866"/>
							<String ID="string_56" HPOS="883" VPOS="292" WIDTH="28" HEIGHT="22" WC="0.96" CONTENT="då"/><SP WIDTH="14" VPOS="292" HPOS="911"/>
							<String ID="string_57" HPOS="925" VPOS="294" WIDTH="42" HEIGHT="20" WC="0.93" CONTENT="han"/><SP WIDTH="16" VPOS="294" HPOS="967"/>
							<String ID="string_58" HPOS="983" VPOS="299" WIDTH="35" HEIGHT="15" WC="0.91" CONTENT="en-"/>
						</TextLine>
						<TextLine ID="line_6" HPOS="193" VPOS="321" WIDTH="825" HEIGHT="28">
							<String ID="string_59" HPOS="193" VPOS="321" WIDTH="58" HEIGHT="28" WC="0.96" CONTENT="gång"/><SP WIDTH="16" VPOS="321" HPOS="251"/>
							<String ID="string_60" HPOS="267" VPOS="322" WIDTH="51" HEIGHT="21" WC="0.96" CONTENT="kört"/><SP WIDTH="14" VPOS="322" HPOS="318"/>
							<String ID="string_61" HPOS="332" VPOS="328" WIDTH="27" HEIGHT="15" WC="0.93" CONTENT="en"/><SP WIDTH="16" VPOS="328" HPOS="359"/>
							<String ID="string_62" HPOS="375" VPOS="322" WIDTH="13" HEIGHT="21" WC="0.83" CONTENT="&amp;"/><SP WIDTH="15" VPOS="322" HPOS="388"/>
							<String ID="string_63" HPOS="403" VPOS="322" WIDTH="38" HEIGHT="21" WC="0.96" CONTENT="två"/><SP WIDTH="15" VPOS="322" HPOS="441"/>
							<String ID="string_64" HPOS="456" VPOS="322" WIDTH="36" HEIGHT="21" WC="0.96" CONTENT="mil"/><SP WIDTH="16" VPOS="322" HPOS="492"/>
							<String ID="string_65" HPOS="508" VPOS="322" WIDTH="35" HEIGHT="21" WC="0.96" CONTENT="för"/><SP WIDTH="15" VPOS="322" HPOS="543"/>
							<String ID="string_66" HPOS="558" VPOS="324" WIDTH="34" HEIGHT="20" WC="0.96" CONTENT="att"/><SP WIDTH="15" VPOS="324" HPOS="592"/>
							<String ID="string_67" HPOS="607" VPOS="322" WIDTH="86" HEIGHT="22" WC="0.96" CONTENT="komma"/><SP WIDTH="15" VPOS="322" HPOS="693"/>
							<String ID="string_68" HPOS="708" VPOS="322" WIDTH="33" HEIGHT="22" WC="0.96" CONTENT="till"/><SP WIDTH="15" VPOS="322" HPOS="741"/>
							<String ID="string_69" HPOS="756" VPOS="322" WIDTH="115" HEIGHT="27" WC="0.96" CONTENT="stationen,"/><SP WIDTH="13" VPOS="322" HPOS="871"/>
							<String ID="string_70" HPOS="884" VPOS="322" WIDTH="41" HEIGHT="21" WC="0.96" CONTENT="kör"/><SP WIDTH="13" VPOS="322" HPOS="925"/>
							<String ID="string_71" HPOS="938" VPOS="322" WIDTH="42" HEIGHT="21" WC="0.96" CONTENT="han"/><SP WIDTH="12" VPOS="322" HPOS="980"/>
							<String ID="string_72" HPOS="992" VPOS="322" WIDTH="26" HEIGHT="20" WC="0.96" CONTENT="13"/>
						</TextLine>
						<TextLine ID="line_7" HPOS="193" VPOS="350" WIDTH="826" HEIGHT="27">
							<String ID="string_73" HPOS="193" VPOS="351" WIDTH="42" HEIGHT="20" WC="0.96" CONTENT="km."/><SP WIDTH="17" VPOS="351" HPOS="235"/>
							<String ID="string_74" HPOS="252" VPOS="350" WIDTH="43" HEIGHT="21" WC="0.96" CONTENT="till:"/><SP WIDTH="16" VPOS="350" HPOS="295"/>
							<String ID="string_75" HPOS="311" VPOS="350" WIDTH="24" HEIGHT="21" WC="0.96" CONTENT="så"/><SP WIDTH="16" VPOS="350" HPOS="335"/>
							<String ID="string_76" HPOS="351" VPOS="352" WIDTH="25" HEIGHT="19" WC="0.96" CONTENT="är"/><SP WIDTH="16" VPOS="352" HPOS="376"/>
							<String ID="string_77" HPOS="392" VPOS="351" WIDTH="42" HEIGHT="20" WC="0.96" CONTENT="han"/><SP WIDTH="17" VPOS="351" HPOS="434"/>
							<String ID="string_78" HPOS="451" VPOS="351" WIDTH="122" HEIGHT="21" WC="0.96" CONTENT="oberoende"/><SP WIDTH="16" VPOS="351" HPOS="573"/>
							<String ID="string_79" HPOS="589" VPOS="351" WIDTH="40" HEIGHT="21" WC="0.96" CONTENT="och"/><SP WIDTH="16" VPOS="351" HPOS="629"/>
							<String ID="string_80" HPOS="645" VPOS="351" WIDTH="83" HEIGHT="26" WC="0.95" CONTENT="slipper"/><SP WIDTH="15" VPOS="351" HPOS="728"/>
							<String ID="string_81" HPOS="743" VPOS="351" WIDTH="44" HEIGHT="21" WC="0.96" CONTENT="alla"/><SP WIDTH="10" VPOS="351" HPOS="787"/>
							<String ID="string_82" HPOS="797" VPOS="351" WIDTH="125" HEIGHT="21" WC="0.96" CONTENT="kostnader."/><SP WIDTH="17" VPOS="351" HPOS="922"/>
							<String ID="string_83" HPOS="939" VPOS="351" WIDTH="33" HEIGHT="20" WC="0.96" CONTENT="En"/><SP WIDTH="12" VPOS="351" HPOS="972"/>
							<String ID="string_84" HPOS="984" VPOS="350" WIDTH="35" HEIGHT="21" WC="0.96" CONTENT="del"/>
						</TextLine>
						<TextLine ID="line_8" HPOS="193" VPOS="379" WIDTH="825" HEIGHT="27">
							<String ID="string_85" HPOS="193" VPOS="379" WIDTH="173" HEIGHT="26" WC="0.90" CONTENT="exportartiklar"/><SP WIDTH="18" VPOS="379" HPOS="366"/>
							<String ID="string_86" HPOS="384" VPOS="381" WIDTH="16" HEIGHT="19" WC="0.91" CONTENT="t."/><SP WIDTH="20" VPOS="381" HPOS="400"/>
							<String ID="string_87" HPOS="420" VPOS="385" WIDTH="34" HEIGHT="16" WC="0.96" CONTENT="ex."/><SP WIDTH="20" VPOS="385" HPOS="454"/>
							<String ID="string_88" HPOS="474" VPOS="380" WIDTH="92" HEIGHT="20" WC="0.96" CONTENT="kreatur"/><SP WIDTH="15" VPOS="380" HPOS="566"/>
							<String ID="string_89" HPOS="581" VPOS="381" WIDTH="39" HEIGHT="20" WC="0.96" CONTENT="äro"/><SP WIDTH="15" VPOS="381" HPOS="620"/>
							<String ID="string_90" HPOS="635" VPOS="379" WIDTH="87" HEIGHT="22" WC="0.96" CONTENT="absolut"/><SP WIDTH="15" VPOS="379" HPOS="722"/>
							<String ID="string_91" HPOS="737" VPOS="379" WIDTH="37" HEIGHT="22" WC="0.97" CONTENT="för"/><SP WIDTH="14" VPOS="379" HPOS="774"/>
							<String ID="string_92" HPOS="788" VPOS="380" WIDTH="55" HEIGHT="26" WC="0.96" CONTENT="dyra"/><SP WIDTH="16" VPOS="380" HPOS="843"/>
							<String ID="string_93" HPOS="859" VPOS="381" WIDTH="33" HEIGHT="20" WC="0.93" CONTENT="att"/><SP WIDTH="15" VPOS="381" HPOS="892"/>
							<String ID="string_94" HPOS="907" VPOS="381" WIDTH="111" HEIGHT="24" WC="0.91" CONTENT="transpor-"/>
						</TextLine>
						<TextLine ID="line_9" HPOS="193" VPOS="407" WIDTH="827" HEIGHT="29">
							<String ID="string_95" HPOS="193" VPOS="410" WIDTH="60" HEIGHT="19" WC="0.96" CONTENT="teras"/><SP WIDTH="16" VPOS="410" HPOS="253"/>
							<String ID="string_96" HPOS="269" VPOS="407" WIDTH="24" HEIGHT="22" WC="0.96" CONTENT="så"/><SP WIDTH="15" VPOS="407" HPOS="293"/>
							<String ID="string_97" HPOS="308" VPOS="408" WIDTH="51" HEIGHT="21" WC="0.96" CONTENT="kort"/><SP WIDTH="15" VPOS="408" HPOS="359"/>
							<String ID="string_98" HPOS="374" VPOS="409" WIDTH="44" HEIGHT="26" WC="0.96" CONTENT="väg"/><SP WIDTH="16" VPOS="409" HPOS="418"/>
							<String ID="string_99" HPOS="434" VPOS="414" WIDTH="46" HEIGHT="15" WC="0.96" CONTENT="som"/><SP WIDTH="16" VPOS="414" HPOS="480"/>
							<String ID="string_100" HPOS="496" VPOS="407" WIDTH="51" HEIGHT="22" WC="0.96" CONTENT="från"/><SP WIDTH="15" VPOS="407" HPOS="547"/>
							<String ID="string_101" HPOS="562" VPOS="408" WIDTH="86" HEIGHT="27" WC="0.96" CONTENT="Närpes"/><SP WIDTH="17" VPOS="408" HPOS="648"/>
							<String ID="string_102" HPOS="665" VPOS="408" WIDTH="33" HEIGHT="21" WC="0.96" CONTENT="till"/><SP WIDTH="15" VPOS="408" HPOS="698"/>
							<String ID="string_103" HPOS="713" VPOS="408" WIDTH="75" HEIGHT="21" WC="0.96" CONTENT="Kaskö"/><SP WIDTH="16" VPOS="408" HPOS="788"/>
							<String ID="string_104" HPOS="804" VPOS="414" WIDTH="40" HEIGHT="21" WC="0.96" CONTENT="per"/><SP WIDTH="11" VPOS="414" HPOS="844"/>
							<String ID="string_105" HPOS="855" VPOS="408" WIDTH="103" HEIGHT="28" WC="0.96" CONTENT="järnväg."/><SP WIDTH="16" VPOS="408" HPOS="958"/>
							<String ID="string_106" HPOS="974" VPOS="408" WIDTH="46" HEIGHT="21" WC="0.96" CONTENT="För"/>
						</TextLine>
						<TextLine ID="line_10" HPOS="193" VPOS="436" WIDTH="632" HEIGHT="29">
							<String ID="string_107" HPOS="193" VPOS="436" WIDTH="34" HEIGHT="22" WC="0.96" CONTENT="sin"/><SP WIDTH="15" VPOS="436" HPOS="227"/>
							<String ID="string_108" HPOS="242" VPOS="438" WIDTH="79" HEIGHT="25" WC="0.92" CONTENT="export"/><SP WIDTH="15" VPOS="438" HPOS="321"/>
							<String ID="string_109" HPOS="336" VPOS="436" WIDTH="106" HEIGHT="22" WC="0.92" CONTENT="behöfver"/><SP WIDTH="16" VPOS="436" HPOS="442"/>
							<String ID="string_110" HPOS="458" VPOS="437" WIDTH="86" HEIGHT="27" WC="0.96" CONTENT="Närpes"/><SP WIDTH="15" VPOS="437" HPOS="544"/>
							<String ID="string_111" HPOS="559" VPOS="436" WIDTH="86" HEIGHT="22" WC="0.96" CONTENT="således"/><SP WIDTH="16" VPOS="436" HPOS="645"/>
							<String ID="string_112" HPOS="661" VPOS="437" WIDTH="49" HEIGHT="21" WC="0.96" CONTENT="icke"/><SP WIDTH="17" VPOS="437" HPOS="710"/>
							<String ID="string_113" HPOS="727" VPOS="437" WIDTH="98" HEIGHT="28" WC="0.96" CONTENT="järnväg."/>
						</TextLine>
					</TextBlock>
					<TextBlock ID="block_2" HPOS="190" VPOS="465" WIDTH="832" HEIGHT="430">
						<TextLine ID="line_11" HPOS="262" VPOS="465" WIDTH="758" HEIGHT="28">
							<String ID="string_114" HPOS="262" VPOS="465" WIDTH="33" HEIGHT="22" WC="0.96" CONTENT="På"/><SP WIDTH="27" VPOS="465" HPOS="295"/>
							<String ID="string_115" HPOS="322" VPOS="465" WIDTH="31" HEIGHT="22" WC="0.96" CONTENT="tal"/><SP WIDTH="23" VPOS="465" HPOS="353"/>
							<String ID="string_116" HPOS="376" VPOS="472" WIDTH="34" HEIGHT="15" WC="0.93" CONTENT="om"/><SP WIDTH="22" VPOS="472" HPOS="410"/>
							<String ID="string_117" HPOS="432" VPOS="466" WIDTH="200" HEIGHT="21" WC="0.91" CONTENT="bondhandelsmän"/><SP WIDTH="23" VPOS="466" HPOS="632"/>
							<String ID="string_118" HPOS="655" VPOS="466" WIDTH="41" HEIGHT="21" WC="0.93" CONTENT="och"/><SP WIDTH="39" VPOS="466" HPOS="696"/>
							<String ID="string_119" HPOS="735" VPOS="466" WIDTH="152" HEIGHT="27" WC="0.92" CONTENT="Sverge-farare"/><SP WIDTH="22" VPOS="466" HPOS="887"/>
							<String ID="string_120" HPOS="909" VPOS="465" WIDTH="111" HEIGHT="22" WC="0.96" CONTENT="meddelar"/>
						</TextLine>
						<TextLine ID="line_12" HPOS="194" VPOS="493" WIDTH="826" HEIGHT="29">
							<String ID="string_121" HPOS="194" VPOS="494" WIDTH="102" HEIGHT="27" WC="0.92" CONTENT="komiten,"/><SP WIDTH="16" VPOS="494" HPOS="296"/>
							<String ID="string_122" HPOS="312" VPOS="496" WIDTH="34" HEIGHT="19" WC="0.93" CONTENT="att"/><SP WIDTH="14" VPOS="496" HPOS="346"/>
							<String ID="string_123" HPOS="360" VPOS="493" WIDTH="139" HEIGHT="28" WC="0.91" CONTENT="hafreprisen"/><SP WIDTH="15" VPOS="493" HPOS="499"/>
							<String ID="string_124" HPOS="514" VPOS="495" WIDTH="8" HEIGHT="21" WC="0.93" CONTENT="i"/><SP WIDTH="14" VPOS="495" HPOS="522"/>
							<String ID="string_125" HPOS="536" VPOS="495" WIDTH="77" HEIGHT="21" WC="0.92" CONTENT="Kaskö"/><SP WIDTH="12" VPOS="495" HPOS="613"/>
							<String ID="string_126" HPOS="625" VPOS="495" WIDTH="48" HEIGHT="27" WC="0.96" CONTENT="just"/><SP WIDTH="15" VPOS="495" HPOS="673"/>
							<String ID="string_127" HPOS="688" VPOS="494" WIDTH="36" HEIGHT="22" WC="0.96" CONTENT="för"/><SP WIDTH="15" VPOS="494" HPOS="724"/>
							<String ID="string_128" HPOS="739" VPOS="495" WIDTH="64" HEIGHT="21" WC="0.96" CONTENT="deras"/><SP WIDTH="12" VPOS="495" HPOS="803"/>
							<String ID="string_129" HPOS="815" VPOS="494" WIDTH="57" HEIGHT="22" WC="0.96" CONTENT="skull"/><SP WIDTH="10" VPOS="494" HPOS="872"/>
							<String ID="string_130" HPOS="882" VPOS="494" WIDTH="59" HEIGHT="28" WC="0.93" CONTENT="varit"/><SP WIDTH="10" VPOS="494" HPOS="941"/>
							<String ID="string_131" HPOS="951" VPOS="493" WIDTH="69" HEIGHT="28" WC="0.93" CONTENT="nägot"/>
						</TextLine>
						<TextLine ID="line_13" HPOS="193" VPOS="523" WIDTH="827" HEIGHT="28">
							<String ID="string_132" HPOS="193" VPOS="523" WIDTH="69" HEIGHT="21" WC="0.96" CONTENT="högre"/><SP WIDTH="19" VPOS="523" HPOS="262"/>
							<String ID="string_133" HPOS="281" VPOS="525" WIDTH="27" HEIGHT="19" WC="0.96" CONTENT="än"/><SP WIDTH="15" VPOS="525" HPOS="308"/>
							<String ID="string_134" HPOS="323" VPOS="523" WIDTH="7" HEIGHT="20" WC="0.93" CONTENT="i"/><SP WIDTH="15" VPOS="523" HPOS="330"/>
							<String ID="string_135" HPOS="345" VPOS="524" WIDTH="181" HEIGHT="26" WC="0.91" CONTENT="grannstäderna."/><SP WIDTH="31" VPOS="524" HPOS="526"/>
							<String ID="string_136" HPOS="557" VPOS="523" WIDTH="199" HEIGHT="28" WC="0.91" CONTENT="Sverge-fararena"/><SP WIDTH="18" VPOS="523" HPOS="756"/>
							<String ID="string_137" HPOS="774" VPOS="524" WIDTH="57" HEIGHT="26" WC="0.96" CONTENT="köpa"/><SP WIDTH="20" VPOS="524" HPOS="831"/>
							<String ID="string_138" HPOS="851" VPOS="523" WIDTH="109" HEIGHT="27" WC="0.96" CONTENT="nämligen"/><SP WIDTH="15" VPOS="523" HPOS="960"/>
							<String ID="string_139" HPOS="975" VPOS="529" WIDTH="45" HEIGHT="21" WC="0.96" CONTENT="upp"/>
						</TextLine>
						<TextLine ID="line_14" HPOS="193" VPOS="551" WIDTH="827" HEIGHT="28">
							<String ID="string_140" HPOS="193" VPOS="552" WIDTH="64" HEIGHT="21" WC="0.92" CONTENT="hafre"/><SP WIDTH="16" VPOS="552" HPOS="257"/>
							<String ID="string_141" HPOS="273" VPOS="552" WIDTH="41" HEIGHT="21" WC="0.93" CONTENT="och"/><SP WIDTH="14" VPOS="552" HPOS="314"/>
							<String ID="string_142" HPOS="328" VPOS="551" WIDTH="49" HEIGHT="22" WC="0.92" CONTENT="föra"/><SP WIDTH="16" VPOS="551" HPOS="377"/>
							<String ID="string_143" HPOS="393" VPOS="553" WIDTH="41" HEIGHT="20" WC="0.96" CONTENT="den"/><SP WIDTH="15" VPOS="553" HPOS="434"/>
							<String ID="string_144" HPOS="449" VPOS="553" WIDTH="69" HEIGHT="20" WC="0.96" CONTENT="sedan"/><SP WIDTH="15" VPOS="553" HPOS="518"/>
							<String ID="string_145" HPOS="533" VPOS="552" WIDTH="64" HEIGHT="22" WC="0.88" CONTENT="öfver"/><SP WIDTH="15" VPOS="552" HPOS="597"/>
							<String ID="string_146" HPOS="612" VPOS="552" WIDTH="34" HEIGHT="21" WC="0.93" CONTENT="till"/><SP WIDTH="10" VPOS="552" HPOS="646"/>
							<String ID="string_147" HPOS="656" VPOS="552" WIDTH="90" HEIGHT="27" WC="0.91" CONTENT="Sverge,"/><SP WIDTH="13" VPOS="552" HPOS="746"/>
							<String ID="string_148" HPOS="759" VPOS="553" WIDTH="40" HEIGHT="20" WC="0.96" CONTENT="där"/><SP WIDTH="11" VPOS="553" HPOS="799"/>
							<String ID="string_149" HPOS="810" VPOS="553" WIDTH="26" HEIGHT="20" WC="0.93" CONTENT="de"/><SP WIDTH="8" VPOS="553" HPOS="836"/>
							<String ID="string_150" HPOS="844" VPOS="552" WIDTH="84" HEIGHT="27" WC="0.92" CONTENT="jämväl"/><SP WIDTH="10" VPOS="552" HPOS="928"/>
							<String ID="string_151" HPOS="938" VPOS="551" WIDTH="82" HEIGHT="28" WC="0.92" CONTENT="själfva"/>
						</TextLine>
						<TextLine ID="line_15" HPOS="193" VPOS="581" WIDTH="827" HEIGHT="27">
							<String ID="string_152" HPOS="193" VPOS="581" WIDTH="133" HEIGHT="21" WC="0.92" CONTENT="utminutera"/><SP WIDTH="16" VPOS="581" HPOS="326"/>
							<String ID="string_153" HPOS="342" VPOS="587" WIDTH="67" HEIGHT="15" WC="0.96" CONTENT="varan"/><SP WIDTH="16" VPOS="587" HPOS="409"/>
							<String ID="string_154" HPOS="425" VPOS="581" WIDTH="7" HEIGHT="20" WC="0.96" CONTENT="i"/><SP WIDTH="16" VPOS="581" HPOS="432"/>
							<String ID="string_155" HPOS="448" VPOS="581" WIDTH="117" HEIGHT="22" WC="0.96" CONTENT="Sundsvall"/><SP WIDTH="15" VPOS="581" HPOS="565"/>
							<String ID="string_156" HPOS="580" VPOS="581" WIDTH="41" HEIGHT="22" WC="0.93" CONTENT="och"/><SP WIDTH="15" VPOS="581" HPOS="621"/>
							<String ID="string_157" HPOS="636" VPOS="581" WIDTH="138" HEIGHT="22" WC="0.91" CONTENT="Hernösand."/><SP WIDTH="22" VPOS="581" HPOS="774"/>
							<String ID="string_158" HPOS="796" VPOS="581" WIDTH="135" HEIGHT="27" WC="0.92" CONTENT="Därigenom"/><SP WIDTH="15" VPOS="581" HPOS="931"/>
							<String ID="string_159" HPOS="946" VPOS="581" WIDTH="74" HEIGHT="21" WC="0.96" CONTENT="kunna"/>
						</TextLine>
						<TextLine ID="line_16" HPOS="194" VPOS="609" WIDTH="825" HEIGHT="28">
							<String ID="string_160" HPOS="194" VPOS="610" WIDTH="27" HEIGHT="21" WC="0.93" CONTENT="de"/><SP WIDTH="22" VPOS="610" HPOS="221"/>
							<String ID="string_161" HPOS="243" VPOS="609" WIDTH="74" HEIGHT="22" WC="0.91" CONTENT="betala"/><SP WIDTH="22" VPOS="609" HPOS="317"/>
							<String ID="string_162" HPOS="339" VPOS="611" WIDTH="33" HEIGHT="20" WC="0.95" CONTENT="ett"/><SP WIDTH="18" VPOS="611" HPOS="372"/>
							<String ID="string_163" HPOS="390" VPOS="609" WIDTH="48" HEIGHT="22" WC="0.96" CONTENT="litet"/><SP WIDTH="14" VPOS="609" HPOS="438"/>
							<String ID="string_164" HPOS="452" VPOS="610" WIDTH="69" HEIGHT="27" WC="0.93" CONTENT="högre"/><SP WIDTH="15" VPOS="610" HPOS="521"/>
							<String ID="string_165" HPOS="536" VPOS="609" WIDTH="52" HEIGHT="28" WC="0.88" CONTENT="pris."/><SP WIDTH="32" VPOS="609" HPOS="588"/>
							<String ID="string_166" HPOS="620" VPOS="609" WIDTH="51" HEIGHT="22" WC="0.96" CONTENT="Men"/><SP WIDTH="16" VPOS="609" HPOS="671"/>
							<String ID="string_167" HPOS="687" VPOS="611" WIDTH="62" HEIGHT="20" WC="0.96" CONTENT="detta"/><SP WIDTH="15" VPOS="611" HPOS="749"/>
							<String ID="string_168" HPOS="764" VPOS="611" WIDTH="42" HEIGHT="20" WC="0.96" CONTENT="kan"/><SP WIDTH="17" VPOS="611" HPOS="806"/>
							<String ID="string_169" HPOS="823" VPOS="611" WIDTH="79" HEIGHT="20" WC="0.93" CONTENT="endast"/><SP WIDTH="15" VPOS="611" HPOS="902"/>
							<String ID="string_170" HPOS="917" VPOS="610" WIDTH="38" HEIGHT="21" WC="0.93" CONTENT="ske"/><SP WIDTH="15" VPOS="610" HPOS="955"/>
							<String ID="string_171" HPOS="970" VPOS="610" WIDTH="49" HEIGHT="21" WC="0.96" CONTENT="med"/>
						</TextLine>
						<TextLine ID="line_17" HPOS="190" VPOS="638" WIDTH="830" HEIGHT="27">
							<String ID="string_172" HPOS="190" VPOS="638" WIDTH="162" HEIGHT="27" WC="0.92" CONTENT="jämförelsevis"/><SP WIDTH="20" VPOS="638" HPOS="352"/>
							<String ID="string_173" HPOS="372" VPOS="638" WIDTH="46" HEIGHT="22" WC="0.92" CONTENT="smä"/><SP WIDTH="19" VPOS="638" HPOS="418"/>
							<String ID="string_174" HPOS="437" VPOS="639" WIDTH="90" HEIGHT="26" WC="0.92" CONTENT="partier."/><SP WIDTH="31" VPOS="639" HPOS="527"/>
							<String ID="string_175" HPOS="558" VPOS="638" WIDTH="75" HEIGHT="22" WC="0.92" CONTENT="Skulle"/><SP WIDTH="15" VPOS="638" HPOS="633"/>
							<String ID="string_176" HPOS="648" VPOS="638" WIDTH="226" HEIGHT="27" WC="0.92" CONTENT="hafreproduktionen"/><SP WIDTH="15" VPOS="638" HPOS="874"/>
							<String ID="string_177" HPOS="889" VPOS="640" WIDTH="15" HEIGHT="19" WC="0.93" CONTENT="t."/><SP WIDTH="17" VPOS="640" HPOS="904"/>
							<String ID="string_178" HPOS="921" VPOS="645" WIDTH="31" HEIGHT="15" WC="0.93" CONTENT="ex."/><SP WIDTH="18" VPOS="645" HPOS="952"/>
							<String ID="string_179" HPOS="970" VPOS="638" WIDTH="50" HEIGHT="21" WC="0.93" CONTENT="frän"/>
						</TextLine>
						<TextLine ID="line_18" HPOS="193" VPOS="667" WIDTH="827" HEIGHT="28">
							<String ID="string_180" HPOS="193" VPOS="667" WIDTH="125" HEIGHT="28" WC="0.96" CONTENT="Kauhajoki"/><SP WIDTH="23" VPOS="667" HPOS="318"/>
							<String ID="string_181" HPOS="341" VPOS="668" WIDTH="41" HEIGHT="21" WC="0.96" CONTENT="och"/><SP WIDTH="22" VPOS="668" HPOS="382"/>
							<String ID="string_182" HPOS="404" VPOS="668" WIDTH="69" HEIGHT="21" WC="0.93" CONTENT="andra"/><SP WIDTH="19" VPOS="668" HPOS="473"/>
							<String ID="string_183" HPOS="492" VPOS="669" WIDTH="60" HEIGHT="20" WC="0.93" CONTENT="orter"/><SP WIDTH="15" VPOS="669" HPOS="552"/>
							<String ID="string_184" HPOS="567" VPOS="668" WIDTH="87" HEIGHT="21" WC="0.96" CONTENT="komma"/><SP WIDTH="14" VPOS="668" HPOS="654"/>
							<String ID="string_185" HPOS="668" VPOS="669" WIDTH="41" HEIGHT="20" WC="0.96" CONTENT="ned"/><SP WIDTH="16" VPOS="669" HPOS="709"/>
							<String ID="string_186" HPOS="725" VPOS="667" WIDTH="35" HEIGHT="22" WC="0.93" CONTENT="till"/><SP WIDTH="14" VPOS="667" HPOS="760"/>
							<String ID="string_187" HPOS="774" VPOS="667" WIDTH="75" HEIGHT="22" WC="0.92" CONTENT="Kaskö"/><SP WIDTH="17" VPOS="667" HPOS="849"/>
							<String ID="string_188" HPOS="866" VPOS="668" WIDTH="41" HEIGHT="21" WC="0.93" CONTENT="och"/><SP WIDTH="15" VPOS="668" HPOS="907"/>
							<String ID="string_189" HPOS="922" VPOS="667" WIDTH="98" HEIGHT="22" WC="0.91" CONTENT="därifrän"/>
						</TextLine>
						<TextLine ID="line_19" HPOS="192" VPOS="695" WIDTH="828" HEIGHT="27">
							<String ID="string_190" HPOS="192" VPOS="695" WIDTH="60" HEIGHT="22" WC="0.92" CONTENT="föras"/><SP WIDTH="24" VPOS="695" HPOS="252"/>
							<String ID="string_191" HPOS="276" VPOS="695" WIDTH="62" HEIGHT="22" WC="0.94" CONTENT="öfver"/><SP WIDTH="22" VPOS="695" HPOS="338"/>
							<String ID="string_192" HPOS="360" VPOS="696" WIDTH="35" HEIGHT="21" WC="0.96" CONTENT="till"/><SP WIDTH="22" VPOS="696" HPOS="395"/>
							<String ID="string_193" HPOS="417" VPOS="697" WIDTH="27" HEIGHT="20" WC="0.96" CONTENT="de"/><SP WIDTH="22" VPOS="697" HPOS="444"/>
							<String ID="string_194" HPOS="466" VPOS="697" WIDTH="96" HEIGHT="21" WC="0.93" CONTENT="svenska"/><SP WIDTH="18" VPOS="697" HPOS="562"/>
							<String ID="string_195" HPOS="580" VPOS="697" WIDTH="163" HEIGHT="25" WC="0.92" CONTENT="kuststäderna,"/><SP WIDTH="17" VPOS="697" HPOS="743"/>
							<String ID="string_196" HPOS="760" VPOS="696" WIDTH="25" HEIGHT="21" WC="0.96" CONTENT="sä"/><SP WIDTH="15" VPOS="696" HPOS="785"/>
							<String ID="string_197" HPOS="800" VPOS="696" WIDTH="70" HEIGHT="22" WC="0.96" CONTENT="skulle"/><SP WIDTH="15" VPOS="696" HPOS="870"/>
							<String ID="string_198" HPOS="885" VPOS="697" WIDTH="135" HEIGHT="20" WC="0.96" CONTENT="marknaden"/>
						</TextLine>
						<TextLine ID="line_20" HPOS="194" VPOS="724" WIDTH="828" HEIGHT="28">
							<String ID="string_199" HPOS="194" VPOS="725" WIDTH="40" HEIGHT="21" WC="0.94" CONTENT="där"/><SP WIDTH="25" VPOS="725" HPOS="234"/>
							<String ID="string_200" HPOS="259" VPOS="726" WIDTH="61" HEIGHT="20" WC="0.94" CONTENT="snart"/><SP WIDTH="22" VPOS="726" HPOS="320"/>
							<String ID="string_201" HPOS="342" VPOS="731" WIDTH="55" HEIGHT="15" WC="0.93" CONTENT="vara"/><SP WIDTH="23" VPOS="731" HPOS="397"/>
							<String ID="string_202" HPOS="420" VPOS="724" WIDTH="111" HEIGHT="28" WC="0.90" CONTENT="öfverfyld"/><SP WIDTH="23" VPOS="724" HPOS="531"/>
							<String ID="string_203" HPOS="554" VPOS="725" WIDTH="41" HEIGHT="21" WC="0.96" CONTENT="och"/><SP WIDTH="15" VPOS="725" HPOS="595"/>
							<String ID="string_204" HPOS="610" VPOS="724" WIDTH="70" HEIGHT="27" WC="0.93" CONTENT="priset"/><SP WIDTH="18" VPOS="724" HPOS="680"/>
							<String ID="string_205" HPOS="698" VPOS="724" WIDTH="71" HEIGHT="28" WC="0.92" CONTENT="nedgä"/><SP WIDTH="14" VPOS="724" HPOS="769"/>
							<String ID="string_206" HPOS="783" VPOS="724" WIDTH="33" HEIGHT="22" WC="0.96" CONTENT="till"/><SP WIDTH="16" VPOS="724" HPOS="816"/>
							<String ID="string_207" HPOS="832" VPOS="726" WIDTH="43" HEIGHT="25" WC="0.96" CONTENT="det,"/><SP WIDTH="16" VPOS="726" HPOS="875"/>
							<String ID="string_208" HPOS="891" VPOS="731" WIDTH="45" HEIGHT="15" WC="0.96" CONTENT="som"/><SP WIDTH="16" VPOS="731" HPOS="936"/>
							<String ID="string_209" HPOS="952" VPOS="724" WIDTH="70" HEIGHT="28" WC="0.96" CONTENT="enligt"/>
						</TextLine>
						<TextLine ID="line_21" HPOS="191" VPOS="753" WIDTH="831" HEIGHT="27">
							<String ID="string_210" HPOS="191" VPOS="753" WIDTH="191" HEIGHT="27" WC="0.96" CONTENT="konjunkturerna"/><SP WIDTH="23" VPOS="753" HPOS="382"/>
							<String ID="string_211" HPOS="405" VPOS="753" WIDTH="29" HEIGHT="27" WC="0.92" CONTENT="pä"/><SP WIDTH="24" VPOS="753" HPOS="434"/>
							<String ID="string_212" HPOS="458" VPOS="754" WIDTH="210" HEIGHT="21" WC="0.95" CONTENT="världsmarknaden"/><SP WIDTH="22" VPOS="754" HPOS="668"/>
							<String ID="string_213" HPOS="690" VPOS="754" WIDTH="44" HEIGHT="21" WC="0.92" CONTENT="kan"/><SP WIDTH="16" VPOS="754" HPOS="734"/>
							<String ID="string_214" HPOS="750" VPOS="753" WIDTH="8" HEIGHT="21" WC="0.92" CONTENT="i"/><SP WIDTH="15" VPOS="753" HPOS="758"/>
							<String ID="string_215" HPOS="773" VPOS="753" WIDTH="105" HEIGHT="22" WC="0.93" CONTENT="Finlands"/><SP WIDTH="15" VPOS="753" HPOS="878"/>
							<String ID="string_216" HPOS="893" VPOS="754" WIDTH="129" HEIGHT="21" WC="0.91" CONTENT="kuststäder"/>
						</TextLine>
						<TextLine ID="line_22" HPOS="192" VPOS="781" WIDTH="828" HEIGHT="28">
							<String ID="string_217" HPOS="192" VPOS="781" WIDTH="92" HEIGHT="22" WC="0.94" CONTENT="betalas."/><SP WIDTH="30" VPOS="781" HPOS="284"/>
							<String ID="string_218" HPOS="314" VPOS="781" WIDTH="76" HEIGHT="28" WC="0.94" CONTENT="Några"/><SP WIDTH="22" VPOS="781" HPOS="390"/>
							<String ID="string_219" HPOS="412" VPOS="782" WIDTH="132" HEIGHT="26" WC="0.95" CONTENT="handlande,"/><SP WIDTH="24" VPOS="782" HPOS="544"/>
							<String ID="string_220" HPOS="568" VPOS="788" WIDTH="45" HEIGHT="16" WC="0.96" CONTENT="som"/><SP WIDTH="23" VPOS="788" HPOS="613"/>
							<String ID="string_221" HPOS="636" VPOS="781" WIDTH="36" HEIGHT="22" WC="0.92" CONTENT="för"/><SP WIDTH="22" VPOS="781" HPOS="672"/>
							<String ID="string_222" HPOS="694" VPOS="781" WIDTH="73" HEIGHT="28" WC="0.96" CONTENT="någon"/><SP WIDTH="22" VPOS="781" HPOS="767"/>
							<String ID="string_223" HPOS="789" VPOS="782" WIDTH="32" HEIGHT="21" WC="0.96" CONTENT="tid"/><SP WIDTH="22" VPOS="782" HPOS="821"/>
							<String ID="string_224" HPOS="843" VPOS="783" WIDTH="68" HEIGHT="20" WC="0.93" CONTENT="sedan"/><SP WIDTH="18" VPOS="783" HPOS="911"/>
							<String ID="string_225" HPOS="929" VPOS="782" WIDTH="91" HEIGHT="27" WC="0.96" CONTENT="började"/>
						</TextLine>
						<TextLine ID="line_23" HPOS="192" VPOS="810" WIDTH="828" HEIGHT="28">
							<String ID="string_226" HPOS="192" VPOS="811" WIDTH="139" HEIGHT="21" WC="0.96" CONTENT="konkurrera"/><SP WIDTH="14" VPOS="811" HPOS="331"/>
							<String ID="string_227" HPOS="345" VPOS="811" WIDTH="49" HEIGHT="21" WC="0.96" CONTENT="med"/><SP WIDTH="17" VPOS="811" HPOS="394"/>
							<String ID="string_228" HPOS="411" VPOS="811" WIDTH="65" HEIGHT="21" WC="0.93" CONTENT="dessa"/><SP WIDTH="16" VPOS="811" HPOS="476"/>
							<String ID="string_229" HPOS="492" VPOS="810" WIDTH="169" HEIGHT="28" WC="0.92" CONTENT="Sverge-farare"/><SP WIDTH="16" VPOS="810" HPOS="661"/>
							<String ID="string_230" HPOS="677" VPOS="811" WIDTH="40" HEIGHT="21" WC="0.93" CONTENT="och"/><SP WIDTH="14" VPOS="811" HPOS="717"/>
							<String ID="string_231" HPOS="731" VPOS="811" WIDTH="112" HEIGHT="26" WC="0.92" CONTENT="uppköpte"/><SP WIDTH="10" VPOS="811" HPOS="843"/>
							<String ID="string_232" HPOS="853" VPOS="810" WIDTH="64" HEIGHT="22" WC="0.92" CONTENT="hafre"/><SP WIDTH="13" VPOS="810" HPOS="917"/>
							<String ID="string_233" HPOS="930" VPOS="810" WIDTH="5" HEIGHT="21" WC="0.96" CONTENT="i"/><SP WIDTH="9" VPOS="810" HPOS="935"/>
							<String ID="string_234" HPOS="944" VPOS="811" WIDTH="76" HEIGHT="21" WC="0.95" CONTENT="Kaskö"/>
						</TextLine>
						<TextLine ID="line_24" HPOS="192" VPOS="839" WIDTH="828" HEIGHT="28">
							<String ID="string_235" HPOS="192" VPOS="839" WIDTH="34" HEIGHT="21" WC="0.95" CONTENT="till"/><SP WIDTH="15" VPOS="839" HPOS="226"/>
							<String ID="string_236" HPOS="241" VPOS="845" WIDTH="83" HEIGHT="16" WC="0.96" CONTENT="samma"/><SP WIDTH="19" VPOS="845" HPOS="324"/>
							<String ID="string_237" HPOS="343" VPOS="839" WIDTH="46" HEIGHT="27" WC="0.96" CONTENT="pris"/><SP WIDTH="17" VPOS="839" HPOS="389"/>
							<String ID="string_238" HPOS="406" VPOS="846" WIDTH="46" HEIGHT="15" WC="0.96" CONTENT="som"/><SP WIDTH="16" VPOS="846" HPOS="452"/>
							<String ID="string_239" HPOS="468" VPOS="840" WIDTH="71" HEIGHT="27" WC="0.96" CONTENT="dessa,"/><SP WIDTH="16" VPOS="840" HPOS="539"/>
							<String ID="string_240" HPOS="555" VPOS="839" WIDTH="69" HEIGHT="22" WC="0.96" CONTENT="hafva"/><SP WIDTH="15" VPOS="839" HPOS="624"/>
							<String ID="string_241" HPOS="639" VPOS="841" WIDTH="102" HEIGHT="26" WC="0.96" CONTENT="nogsamt"/><SP WIDTH="15" VPOS="841" HPOS="741"/>
							<String ID="string_242" HPOS="756" VPOS="839" WIDTH="45" HEIGHT="22" WC="0.96" CONTENT="fått"/><SP WIDTH="14" VPOS="839" HPOS="801"/>
							<String ID="string_243" HPOS="815" VPOS="839" WIDTH="75" HEIGHT="22" WC="0.96" CONTENT="erfara"/><SP WIDTH="15" VPOS="839" HPOS="890"/>
							<String ID="string_244" HPOS="905" VPOS="839" WIDTH="115" HEIGHT="28" WC="0.96" CONTENT="följderna,"/>
						</TextLine>
						<TextLine ID="line_25" HPOS="192" VPOS="867" WIDTH="761" HEIGHT="28">
							<String ID="string_245" HPOS="192" VPOS="874" WIDTH="79" HEIGHT="21" WC="0.96" CONTENT="genom"/><SP WIDTH="16" VPOS="874" HPOS="271"/>
							<String ID="string_246" HPOS="287" VPOS="870" WIDTH="33" HEIGHT="19" WC="0.96" CONTENT="att"/><SP WIDTH="16" VPOS="870" HPOS="320"/>
							<String ID="string_247" HPOS="336" VPOS="869" WIDTH="26" HEIGHT="20" WC="0.97" CONTENT="de"/><SP WIDTH="17" VPOS="869" HPOS="362"/>
							<String ID="string_248" HPOS="379" VPOS="869" WIDTH="80" HEIGHT="20" WC="0.97" CONTENT="endast"/><SP WIDTH="15" VPOS="869" HPOS="459"/>
							<String ID="string_249" HPOS="474" VPOS="869" WIDTH="49" HEIGHT="21" WC="0.95" CONTENT="med"/><SP WIDTH="16" VPOS="869" HPOS="523"/>
							<String ID="string_250" HPOS="539" VPOS="870" WIDTH="47" HEIGHT="20" WC="0.95" CONTENT="stor"/><SP WIDTH="15" VPOS="870" HPOS="586"/>
							<String ID="string_251" HPOS="601" VPOS="868" WIDTH="81" HEIGHT="22" WC="0.96" CONTENT="förlust"/><SP WIDTH="15" VPOS="868" HPOS="682"/>
							<String ID="string_252" HPOS="697" VPOS="869" WIDTH="86" HEIGHT="21" WC="0.96" CONTENT="kommo"/><SP WIDTH="17" VPOS="869" HPOS="783"/>
							<String ID="string_253" HPOS="800" VPOS="867" WIDTH="48" HEIGHT="22" WC="0.96" CONTENT="från"/><SP WIDTH="17" VPOS="867" HPOS="848"/>
							<String ID="string_254" HPOS="865" VPOS="868" WIDTH="88" HEIGHT="22" WC="0.96" CONTENT="affären."/>
						</TextLine>
					</TextBlock>
					<TextBlock ID="block_3" HPOS="192" VPOS="896" WIDTH="830" HEIGHT="453">
						<TextLine ID="line_26" HPOS="262" VPOS="896" WIDTH="759" HEIGHT="28">
							<String ID="string_255" HPOS="262" VPOS="897" WIDTH="33" HEIGHT="21" WC="0.96" CONTENT="De"/><SP WIDTH="23" VPOS="897" HPOS="295"/>
							<String ID="string_256" HPOS="318" VPOS="896" WIDTH="25" HEIGHT="22" WC="0.96" CONTENT="af"/><SP WIDTH="21" VPOS="896" HPOS="343"/>
							<String ID="string_257" HPOS="364" VPOS="897" WIDTH="44" HEIGHT="27" WC="0.96" CONTENT="mig"/><SP WIDTH="24" VPOS="897" HPOS="408"/>
							<String ID="string_258" HPOS="432" VPOS="904" WIDTH="30" HEIGHT="14" WC="0.95" CONTENT="nu"/><SP WIDTH="18" VPOS="904" HPOS="462"/>
							<String ID="string_259" HPOS="480" VPOS="897" WIDTH="95" HEIGHT="22" WC="0.96" CONTENT="berörda"/><SP WIDTH="16" VPOS="897" HPOS="575"/>
							<String ID="string_260" HPOS="591" VPOS="897" WIDTH="218" HEIGHT="27" WC="0.96" CONTENT="omständigheterna"/><SP WIDTH="14" VPOS="897" HPOS="809"/>
							<String ID="string_261" HPOS="823" VPOS="899" WIDTH="80" HEIGHT="25" WC="0.96" CONTENT="utgöra"/><SP WIDTH="13" VPOS="899" HPOS="903"/>
							<String ID="string_262" HPOS="916" VPOS="897" WIDTH="46" HEIGHT="27" WC="0.93" CONTENT="just"/><SP WIDTH="15" VPOS="897" HPOS="962"/>
							<String ID="string_263" HPOS="977" VPOS="896" WIDTH="44" HEIGHT="22" WC="0.92" CONTENT="för-"/>
						</TextLine>
						<TextLine ID="line_27" HPOS="193" VPOS="925" WIDTH="829" HEIGHT="28">
							<String ID="string_264" HPOS="193" VPOS="925" WIDTH="116" HEIGHT="28" WC="0.92" CONTENT="klaringen"/><SP WIDTH="23" VPOS="925" HPOS="309"/>
							<String ID="string_265" HPOS="332" VPOS="925" WIDTH="12" HEIGHT="21" WC="0.88" CONTENT="å"/><SP WIDTH="21" VPOS="925" HPOS="344"/>
							<String ID="string_266" HPOS="365" VPOS="926" WIDTH="75" HEIGHT="21" WC="0.96" CONTENT="Kaskö"/><SP WIDTH="25" VPOS="926" HPOS="440"/>
							<String ID="string_267" HPOS="465" VPOS="927" WIDTH="61" HEIGHT="20" WC="0.96" CONTENT="stads"/><SP WIDTH="20" VPOS="927" HPOS="526"/>
							<String ID="string_268" HPOS="546" VPOS="925" WIDTH="163" HEIGHT="28" WC="0.96" CONTENT="jämförelsevis"/><SP WIDTH="23" VPOS="925" HPOS="709"/>
							<String ID="string_269" HPOS="732" VPOS="926" WIDTH="125" HEIGHT="27" WC="0.95" CONTENT="betydande"/><SP WIDTH="23" VPOS="926" HPOS="857"/>
							<String ID="string_270" HPOS="880" VPOS="927" WIDTH="78" HEIGHT="26" WC="0.94" CONTENT="export"/><SP WIDTH="23" VPOS="927" HPOS="958"/>
							<String ID="string_271" HPOS="981" VPOS="926" WIDTH="41" HEIGHT="21" WC="0.96" CONTENT="och"/>
						</TextLine>
						<TextLine ID="line_28" HPOS="193" VPOS="953" WIDTH="829" HEIGHT="29">
							<String ID="string_272" HPOS="193" VPOS="953" WIDTH="121" HEIGHT="23" WC="0.96" CONTENT="frånvaron"/><SP WIDTH="20" VPOS="953" HPOS="314"/>
							<String ID="string_273" HPOS="334" VPOS="954" WIDTH="25" HEIGHT="21" WC="0.96" CONTENT="af"/><SP WIDTH="20" VPOS="954" HPOS="359"/>
							<String ID="string_274" HPOS="379" VPOS="954" WIDTH="25" HEIGHT="22" WC="0.96" CONTENT="så"/><SP WIDTH="15" VPOS="954" HPOS="404"/>
							<String ID="string_275" HPOS="419" VPOS="955" WIDTH="55" HEIGHT="27" WC="0.96" CONTENT="godt"/><SP WIDTH="15" VPOS="955" HPOS="474"/>
							<String ID="string_276" HPOS="489" VPOS="961" WIDTH="46" HEIGHT="15" WC="0.96" CONTENT="som"/><SP WIDTH="16" VPOS="961" HPOS="535"/>
							<String ID="string_277" HPOS="551" VPOS="955" WIDTH="30" HEIGHT="21" WC="0.96" CONTENT="all"/><SP WIDTH="14" VPOS="955" HPOS="581"/>
							<String ID="string_278" HPOS="595" VPOS="954" WIDTH="86" HEIGHT="27" WC="0.96" CONTENT="import."/><SP WIDTH="31" VPOS="954" HPOS="681"/>
							<String ID="string_279" HPOS="712" VPOS="955" WIDTH="33" HEIGHT="26" WC="0.93" CONTENT="Ty"/><SP WIDTH="16" VPOS="955" HPOS="745"/>
							<String ID="string_280" HPOS="761" VPOS="954" WIDTH="7" HEIGHT="22" WC="0.96" CONTENT="i"/><SP WIDTH="16" VPOS="954" HPOS="768"/>
							<String ID="string_281" HPOS="784" VPOS="954" WIDTH="117" HEIGHT="21" WC="0.96" CONTENT="allmänhet"/><SP WIDTH="15" VPOS="954" HPOS="901"/>
							<String ID="string_282" HPOS="916" VPOS="954" WIDTH="44" HEIGHT="21" WC="0.96" CONTENT="kan"/><SP WIDTH="15" VPOS="954" HPOS="960"/>
							<String ID="string_283" HPOS="975" VPOS="960" WIDTH="47" HEIGHT="15" WC="0.96" CONTENT="som"/>
						</TextLine>
						<TextLine ID="line_29" HPOS="193" VPOS="983" WIDTH="828" HEIGHT="28">
							<String ID="string_284" HPOS="193" VPOS="983" WIDTH="62" HEIGHT="27" WC="0.95" CONTENT="regel"/><SP WIDTH="16" VPOS="983" HPOS="255"/>
							<String ID="string_285" HPOS="271" VPOS="983" WIDTH="129" HEIGHT="27" WC="0.96" CONTENT="fastställas,"/><SP WIDTH="18" VPOS="983" HPOS="400"/>
							<String ID="string_286" HPOS="418" VPOS="985" WIDTH="33" HEIGHT="20" WC="0.96" CONTENT="att"/><SP WIDTH="16" VPOS="985" HPOS="451"/>
							<String ID="string_287" HPOS="467" VPOS="990" WIDTH="26" HEIGHT="15" WC="0.92" CONTENT="en"/><SP WIDTH="15" VPOS="990" HPOS="493"/>
							<String ID="string_288" HPOS="508" VPOS="983" WIDTH="179" HEIGHT="22" WC="0.89" CONTENT="landskommuns"/><SP WIDTH="15" VPOS="983" HPOS="687"/>
							<String ID="string_289" HPOS="702" VPOS="990" WIDTH="36" HEIGHT="15" WC="0.92" CONTENT="ex-"/><SP WIDTH="16" VPOS="990" HPOS="738"/>
							<String ID="string_290" HPOS="754" VPOS="983" WIDTH="41" HEIGHT="22" WC="0.97" CONTENT="och"/><SP WIDTH="14" VPOS="983" HPOS="795"/>
							<String ID="string_291" HPOS="809" VPOS="983" WIDTH="82" HEIGHT="27" WC="0.96" CONTENT="import"/><SP WIDTH="14" VPOS="983" HPOS="891"/>
							<String ID="string_292" HPOS="905" VPOS="983" WIDTH="28" HEIGHT="27" WC="0.96" CONTENT="gå"/><SP WIDTH="11" VPOS="983" HPOS="933"/>
							<String ID="string_293" HPOS="944" VPOS="989" WIDTH="77" HEIGHT="22" WC="0.96" CONTENT="genom"/>
						</TextLine>
						<TextLine ID="line_30" HPOS="193" VPOS="1011" WIDTH="827" HEIGHT="28">
							<String ID="string_294" HPOS="193" VPOS="1017" WIDTH="82" HEIGHT="16" WC="0.96" CONTENT="samma"/><SP WIDTH="19" VPOS="1017" HPOS="275"/>
							<String ID="string_295" HPOS="294" VPOS="1013" WIDTH="55" HEIGHT="20" WC="0.96" CONTENT="stad."/><SP WIDTH="32" VPOS="1013" HPOS="349"/>
							<String ID="string_296" HPOS="381" VPOS="1012" WIDTH="78" HEIGHT="23" WC="0.96" CONTENT="Denna"/><SP WIDTH="20" VPOS="1012" HPOS="459"/>
							<String ID="string_297" HPOS="479" VPOS="1012" WIDTH="61" HEIGHT="27" WC="0.95" CONTENT="regel"/><SP WIDTH="19" VPOS="1012" HPOS="540"/>
							<String ID="string_298" HPOS="559" VPOS="1013" WIDTH="41" HEIGHT="20" WC="0.96" CONTENT="har"/><SP WIDTH="13" VPOS="1013" HPOS="600"/>
							<String ID="string_299" HPOS="613" VPOS="1012" WIDTH="84" HEIGHT="27" WC="0.93" CONTENT="jämväl"/><SP WIDTH="15" VPOS="1012" HPOS="697"/>
							<String ID="string_300" HPOS="712" VPOS="1012" WIDTH="97" HEIGHT="21" WC="0.93" CONTENT="komiten"/><SP WIDTH="16" VPOS="1012" HPOS="809"/>
							<String ID="string_301" HPOS="825" VPOS="1011" WIDTH="112" HEIGHT="28" WC="0.93" CONTENT="fastslagit"/><SP WIDTH="15" VPOS="1011" HPOS="937"/>
							<String ID="string_302" HPOS="952" VPOS="1011" WIDTH="12" HEIGHT="22" WC="0.92" CONTENT="å"/><SP WIDTH="17" VPOS="1011" HPOS="964"/>
							<String ID="string_303" HPOS="981" VPOS="1011" WIDTH="39" HEIGHT="22" WC="0.95" CONTENT="sid."/>
						</TextLine>
						<TextLine ID="line_31" HPOS="193" VPOS="1040" WIDTH="827" HEIGHT="28">
							<String ID="string_304" HPOS="193" VPOS="1041" WIDTH="27" HEIGHT="20" WC="0.96" CONTENT="92"/><SP WIDTH="17" VPOS="1041" HPOS="220"/>
							<String ID="string_305" HPOS="237" VPOS="1040" WIDTH="26" HEIGHT="21" WC="0.96" CONTENT="af"/><SP WIDTH="12" VPOS="1040" HPOS="263"/>
							<String ID="string_306" HPOS="275" VPOS="1040" WIDTH="156" HEIGHT="22" WC="0.96" CONTENT="betänkandet."/><SP WIDTH="32" VPOS="1040" HPOS="431"/>
							<String ID="string_307" HPOS="463" VPOS="1041" WIDTH="85" HEIGHT="21" WC="0.94" CONTENT="Endast"/><SP WIDTH="15" VPOS="1041" HPOS="548"/>
							<String ID="string_308" HPOS="563" VPOS="1041" WIDTH="7" HEIGHT="22" WC="0.96" CONTENT="i"/><SP WIDTH="16" VPOS="1041" HPOS="570"/>
							<String ID="string_309" HPOS="586" VPOS="1040" WIDTH="172" HEIGHT="28" WC="0.96" CONTENT="undantagsfall,"/><SP WIDTH="16" VPOS="1040" HPOS="758"/>
							<String ID="string_310" HPOS="774" VPOS="1040" WIDTH="71" HEIGHT="22" WC="0.96" CONTENT="såsom"/><SP WIDTH="14" VPOS="1040" HPOS="845"/>
							<String ID="string_311" HPOS="859" VPOS="1041" WIDTH="8" HEIGHT="21" WC="0.96" CONTENT="i"/><SP WIDTH="15" VPOS="1041" HPOS="867"/>
							<String ID="string_312" HPOS="882" VPOS="1040" WIDTH="68" HEIGHT="27" WC="0.93" CONTENT="några"/><SP WIDTH="17" VPOS="1040" HPOS="950"/>
							<String ID="string_313" HPOS="967" VPOS="1047" WIDTH="53" HEIGHT="20" WC="0.92" CONTENT="upp-"/>
						</TextLine>
						<TextLine ID="line_32" HPOS="193" VPOS="1068" WIDTH="828" HEIGHT="28">
							<String ID="string_314" HPOS="193" VPOS="1069" WIDTH="192" HEIGHT="21" WC="0.95" CONTENT="landskommuner"/><SP WIDTH="22" VPOS="1069" HPOS="385"/>
							<String ID="string_315" HPOS="407" VPOS="1069" WIDTH="7" HEIGHT="21" WC="0.96" CONTENT="i"/><SP WIDTH="22" VPOS="1069" HPOS="414"/>
							<String ID="string_316" HPOS="436" VPOS="1070" WIDTH="108" HEIGHT="20" WC="0.96" CONTENT="närheten"/><SP WIDTH="23" VPOS="1070" HPOS="544"/>
							<String ID="string_317" HPOS="567" VPOS="1069" WIDTH="26" HEIGHT="21" WC="0.96" CONTENT="af"/><SP WIDTH="19" VPOS="1069" HPOS="593"/>
							<String ID="string_318" HPOS="612" VPOS="1069" WIDTH="150" HEIGHT="21" WC="0.96" CONTENT="Tammerfors"/><SP WIDTH="23" VPOS="1069" HPOS="762"/>
							<String ID="string_319" HPOS="785" VPOS="1071" WIDTH="62" HEIGHT="25" WC="0.96" CONTENT="samt,"/><SP WIDTH="20" VPOS="1071" HPOS="847"/>
							<String ID="string_320" HPOS="867" VPOS="1068" WIDTH="72" HEIGHT="22" WC="0.96" CONTENT="såsom"/><SP WIDTH="15" VPOS="1068" HPOS="939"/>
							<String ID="string_321" HPOS="954" VPOS="1068" WIDTH="67" HEIGHT="22" WC="0.96" CONTENT="ofvan"/>
						</TextLine>
						<TextLine ID="line_33" HPOS="193" VPOS="1097" WIDTH="829" HEIGHT="28">
							<String ID="string_322" HPOS="193" VPOS="1097" WIDTH="106" HEIGHT="27" WC="0.95" CONTENT="påvisats,"/><SP WIDTH="20" VPOS="1097" HPOS="299"/>
							<String ID="string_323" HPOS="319" VPOS="1097" WIDTH="3" HEIGHT="21" WC="0.95" CONTENT="i"/><SP WIDTH="15" VPOS="1097" HPOS="322"/>
							<String ID="string_324" HPOS="337" VPOS="1098" WIDTH="87" HEIGHT="27" WC="0.96" CONTENT="Närpes"/><SP WIDTH="16" VPOS="1098" HPOS="424"/>
							<String ID="string_325" HPOS="440" VPOS="1100" WIDTH="38" HEIGHT="19" WC="0.96" CONTENT="äro"/><SP WIDTH="17" VPOS="1100" HPOS="478"/>
							<String ID="string_326" HPOS="495" VPOS="1097" WIDTH="167" HEIGHT="22" WC="0.95" CONTENT="förhållandena"/><SP WIDTH="15" VPOS="1097" HPOS="662"/>
							<String ID="string_327" HPOS="677" VPOS="1097" WIDTH="90" HEIGHT="27" WC="0.96" CONTENT="sådana,"/><SP WIDTH="12" VPOS="1097" HPOS="767"/>
							<String ID="string_328" HPOS="779" VPOS="1099" WIDTH="34" HEIGHT="20" WC="0.96" CONTENT="att"/><SP WIDTH="8" VPOS="1099" HPOS="813"/>
							<String ID="string_329" HPOS="821" VPOS="1099" WIDTH="106" HEIGHT="25" WC="0.96" CONTENT="exporten"/><SP WIDTH="9" VPOS="1099" HPOS="927"/>
							<String ID="string_330" HPOS="936" VPOS="1098" WIDTH="40" HEIGHT="21" WC="0.93" CONTENT="och"/><SP WIDTH="7" VPOS="1098" HPOS="976"/>
							<String ID="string_331" HPOS="983" VPOS="1098" WIDTH="39" HEIGHT="20" WC="0.91" CONTENT="im-"/>
						</TextLine>
						<TextLine ID="line_34" HPOS="193" VPOS="1126" WIDTH="828" HEIGHT="28">
							<String ID="string_332" HPOS="193" VPOS="1128" WIDTH="80" HEIGHT="25" WC="0.96" CONTENT="porten"/><SP WIDTH="15" VPOS="1128" HPOS="273"/>
							<String ID="string_333" HPOS="288" VPOS="1126" WIDTH="54" HEIGHT="22" WC="0.96" CONTENT="söka"/><SP WIDTH="16" VPOS="1126" HPOS="342"/>
							<String ID="string_334" HPOS="358" VPOS="1126" WIDTH="35" HEIGHT="27" WC="0.96" CONTENT="sig"/><SP WIDTH="15" VPOS="1126" HPOS="393"/>
							<String ID="string_335" HPOS="408" VPOS="1128" WIDTH="46" HEIGHT="26" WC="0.96" CONTENT="väg"/><SP WIDTH="15" VPOS="1128" HPOS="454"/>
							<String ID="string_336" HPOS="469" VPOS="1133" WIDTH="76" HEIGHT="21" WC="0.96" CONTENT="genom"/><SP WIDTH="17" VPOS="1133" HPOS="545"/>
							<String ID="string_337" HPOS="562" VPOS="1126" WIDTH="60" HEIGHT="22" WC="0.96" CONTENT="olika"/><SP WIDTH="10" VPOS="1126" HPOS="622"/>
							<String ID="string_338" HPOS="632" VPOS="1127" WIDTH="97" HEIGHT="21" WC="0.96" CONTENT="hamnar."/><SP WIDTH="17" VPOS="1127" HPOS="729"/>
							<String ID="string_339" HPOS="746" VPOS="1126" WIDTH="66" HEIGHT="22" WC="0.96" CONTENT="Hvad"/><SP WIDTH="11" VPOS="1126" HPOS="812"/>
							<String ID="string_340" HPOS="823" VPOS="1126" WIDTH="106" HEIGHT="22" WC="0.96" CONTENT="särskildt"/><SP WIDTH="6" VPOS="1126" HPOS="929"/>
							<String ID="string_341" HPOS="935" VPOS="1126" WIDTH="86" HEIGHT="27" WC="0.96" CONTENT="Närpes"/>
						</TextLine>
						<TextLine ID="line_35" HPOS="193" VPOS="1155" WIDTH="828" HEIGHT="27">
							<String ID="string_342" HPOS="193" VPOS="1155" WIDTH="102" HEIGHT="21" WC="0.95" CONTENT="kommun"/><SP WIDTH="16" VPOS="1155" HPOS="295"/>
							<String ID="string_343" HPOS="311" VPOS="1155" WIDTH="112" HEIGHT="27" WC="0.95" CONTENT="beträffar,"/><SP WIDTH="17" VPOS="1155" HPOS="423"/>
							<String ID="string_344" HPOS="440" VPOS="1157" WIDTH="26" HEIGHT="19" WC="0.96" CONTENT="är"/><SP WIDTH="14" VPOS="1157" HPOS="466"/>
							<String ID="string_345" HPOS="480" VPOS="1156" WIDTH="62" HEIGHT="20" WC="0.92" CONTENT="detta"/><SP WIDTH="10" VPOS="1156" HPOS="542"/>
							<String ID="string_346" HPOS="552" VPOS="1155" WIDTH="262" HEIGHT="27" WC="0.91" CONTENT="undantagsförhållande"/><SP WIDTH="11" VPOS="1155" HPOS="814"/>
							<String ID="string_347" HPOS="825" VPOS="1155" WIDTH="67" HEIGHT="27" WC="0.91" CONTENT="ingen"/><SP WIDTH="8" VPOS="1155" HPOS="892"/>
							<String ID="string_348" HPOS="900" VPOS="1155" WIDTH="121" HEIGHT="27" WC="0.91" CONTENT="betingelse"/>
						</TextLine>
						<TextLine ID="line_36" HPOS="194" VPOS="1183" WIDTH="826" HEIGHT="29">
							<String ID="string_349" HPOS="194" VPOS="1183" WIDTH="35" HEIGHT="22" WC="0.96" CONTENT="för"/><SP WIDTH="22" VPOS="1183" HPOS="229"/>
							<String ID="string_350" HPOS="251" VPOS="1184" WIDTH="128" HEIGHT="27" WC="0.96" CONTENT="byggandet"/><SP WIDTH="19" VPOS="1184" HPOS="379"/>
							<String ID="string_351" HPOS="398" VPOS="1184" WIDTH="26" HEIGHT="22" WC="0.96" CONTENT="af"/><SP WIDTH="14" VPOS="1184" HPOS="424"/>
							<String ID="string_352" HPOS="438" VPOS="1190" WIDTH="26" HEIGHT="16" WC="0.96" CONTENT="en"/><SP WIDTH="17" VPOS="1190" HPOS="464"/>
							<String ID="string_353" HPOS="481" VPOS="1184" WIDTH="97" HEIGHT="27" WC="0.96" CONTENT="järnväg"/><SP WIDTH="15" VPOS="1184" HPOS="578"/>
							<String ID="string_354" HPOS="593" VPOS="1190" WIDTH="77" HEIGHT="22" WC="0.96" CONTENT="genom"/><SP WIDTH="17" VPOS="1190" HPOS="670"/>
							<String ID="string_355" HPOS="687" VPOS="1184" WIDTH="71" HEIGHT="21" WC="0.96" CONTENT="denna"/><SP WIDTH="15" VPOS="1184" HPOS="758"/>
							<String ID="string_356" HPOS="773" VPOS="1184" WIDTH="100" HEIGHT="21" WC="0.96" CONTENT="kommun"/><SP WIDTH="17" VPOS="1184" HPOS="873"/>
							<String ID="string_357" HPOS="890" VPOS="1184" WIDTH="34" HEIGHT="21" WC="0.96" CONTENT="till"/><SP WIDTH="14" VPOS="1184" HPOS="924"/>
							<String ID="string_358" HPOS="938" VPOS="1184" WIDTH="82" HEIGHT="26" WC="0.96" CONTENT="Kaskö,"/>
						</TextLine>
						<TextLine ID="line_37" HPOS="193" VPOS="1212" WIDTH="828" HEIGHT="27">
							<String ID="string_359" HPOS="193" VPOS="1213" WIDTH="98" HEIGHT="26" WC="0.96" CONTENT="emedan,"/><SP WIDTH="16" VPOS="1213" HPOS="291"/>
							<String ID="string_360" HPOS="307" VPOS="1212" WIDTH="71" HEIGHT="22" WC="0.96" CONTENT="såsom"/><SP WIDTH="15" VPOS="1212" HPOS="378"/>
							<String ID="string_361" HPOS="393" VPOS="1212" WIDTH="137" HEIGHT="26" WC="0.95" CONTENT="framhållits,"/><SP WIDTH="15" VPOS="1212" HPOS="530"/>
							<String ID="string_362" HPOS="545" VPOS="1213" WIDTH="86" HEIGHT="26" WC="0.95" CONTENT="Närpes"/><SP WIDTH="10" VPOS="1213" HPOS="631"/>
							<String ID="string_363" HPOS="641" VPOS="1213" WIDTH="113" HEIGHT="21" WC="0.96" CONTENT="kommuns"/><SP WIDTH="12" VPOS="1213" HPOS="754"/>
							<String ID="string_364" HPOS="766" VPOS="1214" WIDTH="79" HEIGHT="25" WC="0.96" CONTENT="export"/><SP WIDTH="9" VPOS="1214" HPOS="845"/>
							<String ID="string_365" HPOS="854" VPOS="1212" WIDTH="49" HEIGHT="22" WC="0.93" CONTENT="icke"/><SP WIDTH="11" VPOS="1212" HPOS="903"/>
							<String ID="string_366" HPOS="914" VPOS="1212" WIDTH="107" HEIGHT="22" WC="0.91" CONTENT="behöfver"/>
						</TextLine>
						<TextLine ID="line_38" HPOS="192" VPOS="1240" WIDTH="828" HEIGHT="29">
							<String ID="string_367" HPOS="192" VPOS="1241" WIDTH="97" HEIGHT="27" WC="0.96" CONTENT="järnväg"/><SP WIDTH="14" VPOS="1241" HPOS="289"/>
							<String ID="string_368" HPOS="303" VPOS="1241" WIDTH="9" HEIGHT="21" WC="0.96" CONTENT="i"/><SP WIDTH="13" VPOS="1241" HPOS="312"/>
							<String ID="string_369" HPOS="325" VPOS="1241" WIDTH="72" HEIGHT="27" WC="0.96" CONTENT="någon"/><SP WIDTH="23" VPOS="1241" HPOS="397"/>
							<String ID="string_370" HPOS="420" VPOS="1242" WIDTH="125" HEIGHT="27" WC="0.96" CONTENT="betydande"/><SP WIDTH="23" VPOS="1242" HPOS="545"/>
							<String ID="string_371" HPOS="568" VPOS="1241" WIDTH="69" HEIGHT="27" WC="0.96" CONTENT="skala,"/><SP WIDTH="24" VPOS="1241" HPOS="637"/>
							<String ID="string_372" HPOS="661" VPOS="1241" WIDTH="131" HEIGHT="22" WC="0.96" CONTENT="åtminstone"/><SP WIDTH="22" VPOS="1241" HPOS="792"/>
							<String ID="string_373" HPOS="814" VPOS="1241" WIDTH="49" HEIGHT="21" WC="0.96" CONTENT="icke"/><SP WIDTH="24" VPOS="1241" HPOS="863"/>
							<String ID="string_374" HPOS="887" VPOS="1240" WIDTH="133" HEIGHT="28" WC="0.96" CONTENT="sommartid,"/>
						</TextLine>
						<TextLine ID="line_39" HPOS="194" VPOS="1269" WIDTH="827" HEIGHT="28">
							<String ID="string_375" HPOS="194" VPOS="1270" WIDTH="41" HEIGHT="21" WC="0.96" CONTENT="och"/><SP WIDTH="15" VPOS="1270" HPOS="235"/>
							<String ID="string_376" HPOS="250" VPOS="1270" WIDTH="106" HEIGHT="21" WC="0.96" CONTENT="vintertid"/><SP WIDTH="15" VPOS="1270" HPOS="356"/>
							<String ID="string_377" HPOS="371" VPOS="1270" WIDTH="71" HEIGHT="22" WC="0.96" CONTENT="skulle"/><SP WIDTH="17" VPOS="1270" HPOS="442"/>
							<String ID="string_378" HPOS="459" VPOS="1276" WIDTH="26" HEIGHT="15" WC="0.96" CONTENT="en"/><SP WIDTH="13" VPOS="1276" HPOS="485"/>
							<String ID="string_379" HPOS="498" VPOS="1270" WIDTH="97" HEIGHT="27" WC="0.96" CONTENT="järnväg"/><SP WIDTH="15" VPOS="1270" HPOS="595"/>
							<String ID="string_380" HPOS="610" VPOS="1270" WIDTH="33" HEIGHT="21" WC="0.95" CONTENT="till"/><SP WIDTH="16" VPOS="1270" HPOS="643"/>
							<String ID="string_381" HPOS="659" VPOS="1269" WIDTH="150" HEIGHT="22" WC="0.96" CONTENT="Kristinestad"/><SP WIDTH="15" VPOS="1269" HPOS="809"/>
							<String ID="string_382" HPOS="824" VPOS="1269" WIDTH="49" HEIGHT="22" WC="0.96" CONTENT="icke"/><SP WIDTH="16" VPOS="1269" HPOS="873"/>
							<String ID="string_383" HPOS="889" VPOS="1276" WIDTH="54" HEIGHT="15" WC="0.93" CONTENT="vara"/><SP WIDTH="11" VPOS="1276" HPOS="943"/>
							<String ID="string_384" HPOS="954" VPOS="1269" WIDTH="67" HEIGHT="28" WC="0.92" CONTENT="afläg-"/>
						</TextLine>
						<TextLine ID="line_40" HPOS="193" VPOS="1298" WIDTH="828" HEIGHT="28">
							<String ID="string_385" HPOS="193" VPOS="1304" WIDTH="39" HEIGHT="16" WC="0.93" CONTENT="sen"/><SP WIDTH="15" VPOS="1304" HPOS="232"/>
							<String ID="string_386" HPOS="247" VPOS="1311" WIDTH="30" HEIGHT="3" WC="0.91" CONTENT="—"/><SP WIDTH="14" VPOS="1311" HPOS="277"/>
							<String ID="string_387" HPOS="291" VPOS="1300" WIDTH="71" HEIGHT="20" WC="0.96" CONTENT="större"/><SP WIDTH="16" VPOS="1300" HPOS="362"/>
							<String ID="string_388" HPOS="378" VPOS="1299" WIDTH="63" HEIGHT="21" WC="0.96" CONTENT="delen"/><SP WIDTH="17" VPOS="1299" HPOS="441"/>
							<String ID="string_389" HPOS="458" VPOS="1298" WIDTH="25" HEIGHT="22" WC="0.96" CONTENT="af"/><SP WIDTH="13" VPOS="1298" HPOS="483"/>
							<String ID="string_390" HPOS="496" VPOS="1299" WIDTH="129" HEIGHT="21" WC="0.93" CONTENT="kommunen"/><SP WIDTH="16" VPOS="1299" HPOS="625"/>
							<String ID="string_391" HPOS="641" VPOS="1300" WIDTH="15" HEIGHT="20" WC="0.93" CONTENT="t."/><SP WIDTH="17" VPOS="1300" HPOS="656"/>
							<String ID="string_392" HPOS="673" VPOS="1305" WIDTH="18" HEIGHT="15" WC="0.90" CONTENT="o."/><SP WIDTH="17" VPOS="1305" HPOS="691"/>
							<String ID="string_393" HPOS="708" VPOS="1305" WIDTH="27" HEIGHT="15" WC="0.89" CONTENT="m."/><SP WIDTH="16" VPOS="1305" HPOS="735"/>
							<String ID="string_394" HPOS="751" VPOS="1298" WIDTH="118" HEIGHT="28" WC="0.92" CONTENT="kyrkobyn"/><SP WIDTH="11" VPOS="1298" HPOS="869"/>
							<String ID="string_395" HPOS="880" VPOS="1298" WIDTH="69" HEIGHT="22" WC="0.96" CONTENT="skulle"/><SP WIDTH="11" VPOS="1298" HPOS="949"/>
							<String ID="string_396" HPOS="960" VPOS="1298" WIDTH="61" HEIGHT="28" WC="0.96" CONTENT="ligga"/>
						</TextLine>
						<TextLine ID="line_41" HPOS="192" VPOS="1327" WIDTH="481" HEIGHT="22">
							<String ID="string_397" HPOS="192" VPOS="1327" WIDTH="59" HEIGHT="21" WC="0.93" CONTENT="inom"/><SP WIDTH="15" VPOS="1327" HPOS="251"/>
							<String ID="string_398" HPOS="266" VPOS="1327" WIDTH="162" HEIGHT="22" WC="0.92" CONTENT="Kristinestads"/><SP WIDTH="15" VPOS="1327" HPOS="428"/>
							<String ID="string_399" HPOS="443" VPOS="1329" WIDTH="27" HEIGHT="19" WC="0.96" CONTENT="20"/><SP WIDTH="16" VPOS="1329" HPOS="470"/>
							<String ID="string_400" HPOS="486" VPOS="1327" WIDTH="134" HEIGHT="22" WC="0.74" CONTENT="kilometers."/><SP WIDTH="7" VPOS="1327" HPOS="620"/>
							<String ID="string_401" HPOS="627" VPOS="1334" WIDTH="46" HEIGHT="15" WC="0.5" CONTENT="zon."/>
						</TextLine>
					</TextBlock>
					<TextBlock ID="block_4" HPOS="193" VPOS="1355" WIDTH="829" HEIGHT="171">
						<TextLine ID="line_42" HPOS="263" VPOS="1355" WIDTH="758" HEIGHT="29">
							<String ID="string_402" HPOS="263" VPOS="1356" WIDTH="118" HEIGHT="21" WC="0.93" CONTENT="Törhända"/><SP WIDTH="14" VPOS="1356" HPOS="381"/>
							<String ID="string_403" HPOS="395" VPOS="1356" WIDTH="29" HEIGHT="21" WC="0.93" CONTENT="ha"/><SP WIDTH="13" VPOS="1356" HPOS="424"/>
							<String ID="string_404" HPOS="437" VPOS="1356" WIDTH="216" HEIGHT="28" WC="0.84" CONTENT="järnvägskomitens"/><SP WIDTH="14" VPOS="1356" HPOS="653"/>
							<String ID="string_405" HPOS="667" VPOS="1356" WIDTH="141" HEIGHT="21" WC="0.96" CONTENT="medlemmar"/><SP WIDTH="15" VPOS="1356" HPOS="808"/>
							<String ID="string_406" HPOS="823" VPOS="1356" WIDTH="49" HEIGHT="26" WC="0.96" CONTENT="alla,"/><SP WIDTH="17" VPOS="1356" HPOS="872"/>
							<String ID="string_407" HPOS="889" VPOS="1355" WIDTH="24" HEIGHT="21" WC="0.97" CONTENT="sä"/><SP WIDTH="11" VPOS="1355" HPOS="913"/>
							<String ID="string_408" HPOS="924" VPOS="1357" WIDTH="40" HEIGHT="19" WC="0.97" CONTENT="när"/><SP WIDTH="11" VPOS="1357" HPOS="964"/>
							<String ID="string_409" HPOS="975" VPOS="1361" WIDTH="46" HEIGHT="16" WC="0.96" CONTENT="som"/>
						</TextLine>
						<TextLine ID="line_43" HPOS="193" VPOS="1384" WIDTH="828" HEIGHT="28">
							<String ID="string_410" HPOS="193" VPOS="1384" WIDTH="29" HEIGHT="26" WC="0.92" CONTENT="pä"/><SP WIDTH="22" VPOS="1384" HPOS="222"/>
							<String ID="string_411" HPOS="244" VPOS="1384" WIDTH="169" HEIGHT="28" WC="0.92" CONTENT="landtdagsman"/><SP WIDTH="27" VPOS="1384" HPOS="413"/>
							<String ID="string_412" HPOS="440" VPOS="1385" WIDTH="94" HEIGHT="22" WC="0.93" CONTENT="Avellan"/><SP WIDTH="26" VPOS="1385" HPOS="534"/>
							<String ID="string_413" HPOS="560" VPOS="1385" WIDTH="111" HEIGHT="21" WC="0.92" CONTENT="obekanta"/><SP WIDTH="21" VPOS="1385" HPOS="671"/>
							<String ID="string_414" HPOS="692" VPOS="1385" WIDTH="50" HEIGHT="21" WC="0.93" CONTENT="med"/><SP WIDTH="22" VPOS="1385" HPOS="742"/>
							<String ID="string_415" HPOS="764" VPOS="1384" WIDTH="215" HEIGHT="22" WC="0.91" CONTENT="ortsförhällandena"/><SP WIDTH="15" VPOS="1384" HPOS="979"/>
							<String ID="string_416" HPOS="994" VPOS="1396" WIDTH="27" HEIGHT="3" WC="0.91" CONTENT="—"/>
						</TextLine>
						<TextLine ID="line_44" HPOS="193" VPOS="1412" WIDTH="829" HEIGHT="28">
							<String ID="string_417" HPOS="193" VPOS="1412" WIDTH="50" HEIGHT="22" WC="0.92" CONTENT="lätit"/><SP WIDTH="16" VPOS="1412" HPOS="243"/>
							<String ID="string_418" HPOS="259" VPOS="1412" WIDTH="100" HEIGHT="27" WC="0.91" CONTENT="pävärka"/><SP WIDTH="19" VPOS="1412" HPOS="359"/>
							<String ID="string_419" HPOS="378" VPOS="1413" WIDTH="34" HEIGHT="27" WC="0.96" CONTENT="sig"/><SP WIDTH="22" VPOS="1413" HPOS="412"/>
							<String ID="string_420" HPOS="434" VPOS="1415" WIDTH="34" HEIGHT="20" WC="0.93" CONTENT="att"/><SP WIDTH="15" VPOS="1415" HPOS="468"/>
							<String ID="string_421" HPOS="483" VPOS="1413" WIDTH="91" HEIGHT="22" WC="0.92" CONTENT="förorda"/><SP WIDTH="11" VPOS="1413" HPOS="574"/>
							<String ID="string_422" HPOS="585" VPOS="1414" WIDTH="126" HEIGHT="26" WC="0.91" CONTENT="järnvägen"/><SP WIDTH="14" VPOS="1414" HPOS="711"/>
							<String ID="string_423" HPOS="725" VPOS="1413" WIDTH="34" HEIGHT="21" WC="0.93" CONTENT="till"/><SP WIDTH="15" VPOS="1413" HPOS="759"/>
							<String ID="string_424" HPOS="774" VPOS="1413" WIDTH="76" HEIGHT="21" WC="0.92" CONTENT="Kaskö"/><SP WIDTH="16" VPOS="1413" HPOS="850"/>
							<String ID="string_425" HPOS="866" VPOS="1412" WIDTH="26" HEIGHT="21" WC="0.93" CONTENT="af"/><SP WIDTH="13" VPOS="1412" HPOS="892"/>
							<String ID="string_426" HPOS="905" VPOS="1412" WIDTH="117" HEIGHT="27" WC="0.92" CONTENT="opinionen"/>
						</TextLine>
						<TextLine ID="line_45" HPOS="193" VPOS="1440" WIDTH="829" HEIGHT="28">
							<String ID="string_427" HPOS="193" VPOS="1440" WIDTH="14" HEIGHT="22" WC="0.92" CONTENT="ä"/><SP WIDTH="15" VPOS="1440" HPOS="207"/>
							<String ID="string_428" HPOS="222" VPOS="1440" WIDTH="27" HEIGHT="22" WC="0.93" CONTENT="de"/><SP WIDTH="15" VPOS="1440" HPOS="249"/>
							<String ID="string_429" HPOS="264" VPOS="1442" WIDTH="79" HEIGHT="26" WC="0.92" CONTENT="möten,"/><SP WIDTH="16" VPOS="1442" HPOS="343"/>
							<String ID="string_430" HPOS="359" VPOS="1448" WIDTH="47" HEIGHT="15" WC="0.93" CONTENT="som"/><SP WIDTH="16" VPOS="1448" HPOS="406"/>
							<String ID="string_431" HPOS="422" VPOS="1442" WIDTH="126" HEIGHT="21" WC="0.91" CONTENT="densamma"/><SP WIDTH="14" VPOS="1442" HPOS="548"/>
							<String ID="string_432" HPOS="562" VPOS="1441" WIDTH="45" HEIGHT="22" WC="0.96" CONTENT="höll"/><SP WIDTH="15" VPOS="1441" HPOS="607"/>
							<String ID="string_433" HPOS="622" VPOS="1441" WIDTH="7" HEIGHT="21" WC="0.93" CONTENT="i"/><SP WIDTH="15" VPOS="1441" HPOS="629"/>
							<String ID="string_434" HPOS="644" VPOS="1441" WIDTH="149" HEIGHT="21" WC="0.90" CONTENT="Kristinestad"/><SP WIDTH="17" VPOS="1441" HPOS="793"/>
							<String ID="string_435" HPOS="810" VPOS="1441" WIDTH="40" HEIGHT="21" WC="0.93" CONTENT="och"/><SP WIDTH="15" VPOS="1441" HPOS="850"/>
							<String ID="string_436" HPOS="865" VPOS="1440" WIDTH="82" HEIGHT="22" WC="0.91" CONTENT="Ilmola."/><SP WIDTH="31" VPOS="1440" HPOS="947"/>
							<String ID="string_437" HPOS="978" VPOS="1441" WIDTH="44" HEIGHT="21" WC="0.91" CONTENT="An-"/>
						</TextLine>
						<TextLine ID="line_46" HPOS="193" VPOS="1469" WIDTH="829" HEIGHT="28">
							<String ID="string_438" HPOS="193" VPOS="1470" WIDTH="56" HEIGHT="21" WC="0.92" CONTENT="talet"/><SP WIDTH="14" VPOS="1470" HPOS="249"/>
							<String ID="string_439" HPOS="263" VPOS="1470" WIDTH="133" HEIGHT="27" WC="0.96" CONTENT="kommuner,"/><SP WIDTH="16" VPOS="1470" HPOS="396"/>
							<String ID="string_440" HPOS="412" VPOS="1476" WIDTH="48" HEIGHT="16" WC="0.93" CONTENT="som"/><SP WIDTH="16" VPOS="1476" HPOS="460"/>
							<String ID="string_441" HPOS="476" VPOS="1470" WIDTH="117" HEIGHT="22" WC="0.92" CONTENT="förordade"/><SP WIDTH="16" VPOS="1470" HPOS="593"/>
							<String ID="string_442" HPOS="609" VPOS="1470" WIDTH="76" HEIGHT="21" WC="0.92" CONTENT="Kaskö"/><SP WIDTH="15" VPOS="1470" HPOS="685"/>
							<String ID="string_443" HPOS="700" VPOS="1470" WIDTH="79" HEIGHT="26" WC="0.91" CONTENT="banan,"/><SP WIDTH="17" VPOS="1470" HPOS="779"/>
							<String ID="string_444" HPOS="796" VPOS="1476" WIDTH="40" HEIGHT="15" WC="0.96" CONTENT="var"/><SP WIDTH="15" VPOS="1476" HPOS="836"/>
							<String ID="string_445" HPOS="851" VPOS="1471" WIDTH="72" HEIGHT="19" WC="0.96" CONTENT="större"/><SP WIDTH="15" VPOS="1471" HPOS="923"/>
							<String ID="string_446" HPOS="938" VPOS="1471" WIDTH="27" HEIGHT="19" WC="0.93" CONTENT="än"/><SP WIDTH="14" VPOS="1471" HPOS="965"/>
							<String ID="string_447" HPOS="979" VPOS="1469" WIDTH="43" HEIGHT="21" WC="0.92" CONTENT="för-"/>
						</TextLine>
						<TextLine ID="line_47" HPOS="193" VPOS="1498" WIDTH="829" HEIGHT="28">
							<String ID="string_448" HPOS="193" VPOS="1504" WIDTH="120" HEIGHT="16" WC="0.92" CONTENT="svararene"/><SP WIDTH="23" VPOS="1504" HPOS="313"/>
							<String ID="string_449" HPOS="336" VPOS="1498" WIDTH="25" HEIGHT="22" WC="0.92" CONTENT="af"/><SP WIDTH="20" VPOS="1498" HPOS="361"/>
							<String ID="string_450" HPOS="381" VPOS="1498" WIDTH="163" HEIGHT="22" WC="0.89" CONTENT="Kristinestads"/><SP WIDTH="23" VPOS="1498" HPOS="544"/>
							<String ID="string_451" HPOS="567" VPOS="1498" WIDTH="78" HEIGHT="28" WC="0.92" CONTENT="banan,"/><SP WIDTH="20" VPOS="1498" HPOS="645"/>
							<String ID="string_452" HPOS="665" VPOS="1498" WIDTH="76" HEIGHT="22" WC="0.92" CONTENT="därför"/><SP WIDTH="18" VPOS="1498" HPOS="741"/>
							<String ID="string_453" HPOS="759" VPOS="1498" WIDTH="69" HEIGHT="22" WC="0.91" CONTENT="mäste"/><SP WIDTH="17" VPOS="1498" HPOS="828"/>
							<String ID="string_454" HPOS="845" VPOS="1499" WIDTH="40" HEIGHT="20" WC="0.93" CONTENT="den"/><SP WIDTH="17" VPOS="1499" HPOS="885"/>
							<String ID="string_455" HPOS="902" VPOS="1498" WIDTH="61" HEIGHT="21" WC="0.92" CONTENT="förra"/><SP WIDTH="15" VPOS="1498" HPOS="963"/>
							<String ID="string_456" HPOS="978" VPOS="1498" WIDTH="44" HEIGHT="22" WC="0.91" CONTENT="för-"/>
						</TextLine>
					</TextBlock>
				</ComposedBlock>
			</PrintSpace>
		</Page>
	</Layout>
</alto>
