1103 1795
199 128 56 19 1490
401 127 197 24 Talonpoikaissääty
609 128 11 17 2
632 129 45 22 p:nä
689 128 65 17 kesäk.
769 128 49 18 1900.

197 204 39 16 sen
259 198 114 22 oikeuksia
395 200 89 28 poljeta,
507 206 58 15 vaan
588 201 47 21 että
657 206 27 16 ne
704 200 171 28 oikeussuhteet,
889 200 65 28 jotka
969 200 54 21 sekä

197 227 101 27 Venäjän
313 228 165 22 valtakunnalle
494 230 46 20 että
556 229 107 21 Suomelle
680 231 53 19 ovat
748 230 165 21 osottautuneet
927 228 95 28 hyviksi,

196 256 87 22 tulevat
295 256 241 28 järkähtämättömästi
552 258 110 22 voimassa
677 258 127 27 pidetyiksi.
827 258 63 22 Tällä
900 257 123 23 toivomuk-

196 285 55 22 sellä
272 286 117 27 hyväksyn
411 286 149 28 mielihyvällä
582 286 195 22 lakivaliokunnan
800 286 119 22 mietinnön
938 286 24 28 ja
984 292 38 16 sen

194 314 105 28 johdosta
314 317 121 25 syntyneen
450 322 87 20 ponnen
550 316 25 27 ja
590 316 49 21 olen
652 316 140 26 vakuutettu,
803 317 47 20 että
861 316 58 21 koko
931 316 92 21 Suomen

197 343 70 21 kansa
283 349 27 15 on
325 344 99 22 tästäkin
438 345 96 27 hyvästä
549 344 141 22 mietinnöstä
709 344 210 22 lakivaliokunnalle
934 344 89 22 kiitolli-

196 378 49 16 nen.
276 371 93 27 (Hyvä!)

266 429 114 22 Edusmies
397 430 89 22 Reuter:
513 430 159 27 Lagutskottet
687 430 128 21 framhäller
830 432 79 25 genast
923 430 7 21 i
946 430 77 27 början

197 457 25 22 af
242 457 153 28 föreliggande
417 459 145 27 betänkande,
579 460 34 19 att
627 458 106 22 Finlands
751 458 106 22 invånare
873 459 67 21 sedan
955 459 68 21 slutet

196 486 26 22 af
243 486 24 22 är
288 488 54 20 1898
361 488 93 27 nödgats
474 487 73 22 erfara
564 489 34 20 att
612 487 118 28 ledningen
746 487 25 22 af
784 487 86 22 landets
886 487 137 28 förvaltning

195 516 8 21 i
219 515 66 28 fräga
301 522 33 15 om
350 516 83 21 sädana
452 517 193 26 angelägenheter,
661 523 46 15 som
723 516 20 27 ej
760 517 115 21 ankomma
891 515 12 22 ä
919 517 102 21 senatens

195 545 90 27 slutliga
301 545 85 27 åtgärd,
402 545 136 22 handhafves
554 545 8 21 i
578 551 26 15 en
615 545 35 21 för
660 545 106 21 Finlands
777 545 168 22 samhällsskick
956 545 65 22 främ-

195 574 78 21 mande
297 575 56 20 anda
376 574 40 21 och
438 574 28 27 pä
489 576 33 19 ett
537 575 51 25 sätt,
604 580 46 15 som
665 574 49 21 icke
731 576 25 19 är
771 575 83 26 egnadt
869 575 34 20 att
917 574 104 21 befordra

195 603 86 21 landets
305 603 88 21 ostörda
416 603 132 27 utveckling.
579 603 116 21 Utskottet
718 602 94 28 fritager
830 603 85 21 säledes
931 605 90 20 senaten

195 631 51 22 frän
262 631 29 21 all
306 631 137 28 delaktighet
455 632 8 21 i
478 632 26 21 de
515 632 7 21 i
532 631 246 27 petitionsmemorialen
790 631 158 28 öfverklagade
958 631 62 22 miss-

195 660 172 27 förhällandena,
391 667 26 14 en
440 661 169 27 omständighet,
626 667 46 15 som
688 662 102 26 nogsamt
805 660 60 22 förut
880 661 60 21 varit
954 661 65 27 känd,

194 695 49 15 men
259 689 41 21 här
315 690 120 26 yttermera
450 689 130 28 fastslagits.

263 718 49 21 Den
328 724 45 15 som
389 718 40 21 bär
444 720 105 19 ansvaret
564 718 36 21 för
615 719 33 20 att
663 718 117 27 ledningen
796 717 25 22 af
831 718 86 21 landets
929 717 91 22 förvalt-

194 746 53 27 ning
268 753 90 15 numera
379 747 50 21 icke
450 747 63 22 alltid
535 747 52 22 sker
601 747 8 21 i
624 747 229 22 öfverensstämmelse
871 747 48 21 med
935 747 85 21 landets

193 775 64 27 lagar
273 776 41 20 och
329 776 42 20 den
387 777 61 26 anda,
465 782 46 15 som
526 776 8 21 i
550 777 47 20 dem
613 776 121 26 uttryckes,
750 776 42 20 har
808 776 107 20 anordnat
931 777 32 19 ett
974 777 46 20 sär-

195 804 69 21 skildt
280 804 164 22 öfvervakande
460 804 26 22 af
498 804 87 22 landets
600 804 136 27 befolkning,
747 810 47 16 som
804 804 57 21 dock
872 804 72 28 aldrig
954 804 65 27 gifvit

194 832 117 28 anledning
326 833 34 21 till
374 832 78 22 sädant
463 832 134 28 förfarande,
609 834 40 20 och
661 834 62 20 detta
733 839 78 21 genom
822 839 111 21 personer,
944 833 76 21 hvilka

192 862 50 21 icke
262 862 89 20 tillhöra
365 862 85 21 landets
466 868 56 21 egna
537 862 216 28 polismyndigheter.
785 862 33 22 De
834 862 34 21 till
882 862 69 26 ryska
966 862 53 21 mili-

192 892 65 19 tären
279 890 97 21 hörande
399 892 159 25 gendarmerna
577 890 73 27 hafva,
670 890 71 21 såsom
760 890 110 21 utskottet
885 890 132 27 framhåller,

192 918 76 22 blifvit
283 919 102 21 använda
400 919 34 21 till
448 920 106 26 uppdrag,
571 925 47 16 som
633 920 139 21 uteslutande
784 919 115 21 ankomma
909 919 29 26 på
947 919 73 22 finska

192 947 155 27 myndigheter
369 948 41 21 och
433 947 158 23 funktionärer.
622 948 68 21 Detta
708 949 41 20 har
767 947 37 22 till
822 948 40 21 och
877 949 48 20 med
941 954 78 21 genom

192 976 103 21 officiella
313 976 215 22 ämbetsskrifvelser
547 977 138 27 ådagalagts.
716 977 52 21 Men
784 977 110 20 dessutom
909 976 68 22 hafva
992 977 27 21 de

192 1005 109 21 användts
320 1005 33 21 till
372 1006 107 27 uppdrag,
495 1005 35 22 för
545 1005 75 22 hvilka
639 1005 84 22 sådana
738 1005 216 22 ämbetsskrifvelser
968 1005 49 22 icke

192 1033 117 28 föreligga,
325 1040 49 15 men
388 1034 76 21 hvilka
479 1034 49 21 icke
544 1035 61 21 desto
622 1034 83 21 mindre
721 1034 97 21 faktiskt
833 1033 25 22 af
872 1034 47 21 dem
930 1033 86 22 utförts.

191 1062 33 21 De
248 1063 124 27 tjänstgöra
391 1063 70 27 jämte
484 1069 26 15 en
534 1063 52 21 eller
609 1069 71 15 annan
699 1063 85 21 individ
800 1063 130 21 tillhörande
946 1069 71 15 annan

191 1091 166 22 samhällsklass
380 1091 70 22 såsom
473 1094 143 25 rapportörer
639 1092 41 21 och
699 1091 97 27 hemliga
811 1091 125 28 angifvare;
953 1092 64 21 deras

191 1119 152 28 obekantskap
359 1121 49 20 med
423 1121 85 21 landets
524 1120 68 27 språk
608 1121 40 21 och
663 1120 84 21 bristen
763 1120 29 27 på
802 1120 101 27 kunskap
915 1126 33 15 om
958 1121 59 20 hvad

190 1148 70 27 enligt
281 1149 58 21 finsk
360 1149 38 27 lag
421 1151 25 19 är
468 1149 81 22 tillåtet
571 1149 53 21 eller
644 1149 112 28 förbjudet
771 1148 69 22 hafva
855 1149 161 27 åstadkommit,

190 1177 54 21 eller
266 1177 75 21 kunna
363 1177 129 22 åtminstone
516 1177 89 22 anföras
627 1177 72 22 såsom
718 1177 73 28 någon
806 1177 60 27 slags
881 1177 78 22 ursäkt
975 1177 40 28 för,

190 1207 34 20 att
244 1205 165 28 angifvelserna
430 1207 59 20 varit
504 1207 104 27 antingen
624 1206 134 28 fullkomligt
774 1212 83 15 osanna
872 1206 53 21 eller
940 1205 76 22 åtmin-

189 1236 63 20 stone
268 1235 7 21 i
290 1235 45 27 hög
350 1236 55 26 grad
426 1235 154 27 vilseledande,
597 1235 68 22 ehuru
680 1241 50 16 man
746 1235 13 21 å
774 1235 70 21 andra
858 1235 63 21 sidan
937 1235 18 28 ej
972 1235 44 21 kan

189 1263 71 22 förstå
282 1263 57 22 huru
361 1270 38 15 ens
423 1265 63 20 dessa
508 1265 92 21 orsaker
621 1264 75 21 kunna
713 1263 100 22 förklara
832 1263 134 28 angifvelser
981 1269 34 16 om

188 1292 85 21 sådana
298 1292 158 27 förhållanden,
478 1293 77 21 hvilka
578 1293 72 26 aldrig
673 1293 113 21 existerat.
816 1292 45 21 Det
883 1292 132 27 sorgligaste

187 1320 80 22 härvid
290 1323 26 19 är
339 1321 121 22 emellertid
482 1323 33 20 att
537 1321 171 27 vederbörande,
728 1321 34 21 till
781 1321 90 22 hvilken
886 1321 65 21 dessa
965 1327 51 20 rap-

187 1350 78 25 porter
287 1349 113 27 inlämnas,
420 1349 29 27 på
464 1352 46 19 sätt
525 1350 41 21 och
580 1350 34 21 vis
629 1350 95 26 påtager
738 1349 36 28 sig
790 1350 104 21 ansvaret
909 1348 35 22 för
959 1350 54 24 dem,

187 1379 25 25 ty
232 1377 29 22 då
279 1378 42 21 den
341 1378 113 28 oskyldigt
474 1378 89 28 angifne
583 1378 61 22 velat
662 1378 103 22 försvara
779 1378 36 28 sig
830 1378 40 21 och
885 1377 24 22 få
923 1384 92 21 rappor-

187 1408 64 19 tören
267 1406 70 28 enligt
351 1407 57 21 finsk
423 1408 38 27 lag
476 1407 45 21 fäld
536 1407 34 21 till
586 1413 81 15 ansvar
677 1406 35 22 för
723 1406 59 22 falsk
793 1406 128 28 angifvelse,
932 1407 82 21 undan-

186 1434 70 22 hålles
279 1436 78 21 honom
381 1436 30 21 all
432 1436 113 27 möjlighet
567 1436 81 26 härtill,
671 1436 129 27 därigenom
820 1437 33 19 att
872 1434 141 28 angifvarens

186 1469 65 16 namn
275 1463 72 28 aldrig
369 1465 115 21 meddelas.
515 1465 40 20 Ett
577 1464 80 21 sådant
679 1466 46 19 sätt
747 1466 27 19 är
796 1464 82 27 egnadt
897 1465 34 20 att
947 1463 8 22 i
969 1464 45 27 hög

186 1493 56 26 grad
266 1493 43 21 öka
331 1493 27 21 de
378 1492 73 22 falska
466 1493 175 27 angifvelsernas
657 1493 61 21 antal
732 1492 30 27 på
777 1493 71 26 grund
864 1491 25 22 af
902 1492 44 21 alla
959 1492 54 28 möj-

185 1520 46 28 liga
247 1521 221 28 bevekelsegrunder,
484 1521 28 22 då
528 1521 131 28 angifvaren
674 1528 79 21 genom
765 1521 81 28 högsta
856 1521 156 28 förvaltnings-
