1092 1773
219 132 56 19 1880
523 128 82 18 Toukok.
618 129 22 16 28
653 133 17 17 p.

259 182 50 22 Men
325 188 36 16 om
377 188 51 15 man
445 181 26 28 på
487 182 73 22 denna
575 181 72 29 grund
662 181 72 22 skulle
760 182 55 27 säga
838 183 33 20 att
894 187 27 16 en
937 182 69 21 sådan

187 212 45 27 lag,
249 217 46 16 som
312 212 43 21 den
371 218 29 15 nu
416 211 175 28 ifrågavarande,
608 211 49 21 icke
673 211 44 22 kan
733 211 89 22 komma
837 211 35 22 till
882 211 64 22 stånd
955 211 50 21 med

188 243 35 20 tre
237 241 76 22 stånds
329 241 80 25 beslut,
425 241 25 21 så
465 241 73 22 skulle
553 247 51 16 man
620 241 70 28 enligt
705 241 45 22 min
773 241 68 22 tanke
864 240 98 29 glömma
978 247 28 15 en

188 277 73 16 annan
277 271 107 28 paragraf
397 271 7 21 i
420 271 208 28 regeringsformen,
644 270 44 22 den
698 270 119 29 nämligen,
828 276 46 17 som
884 270 122 22 innehåller

188 301 166 27 bestämningar
369 306 36 16 om
421 301 165 27 expropriation
601 300 26 21 af
646 300 145 28 lösegendom
814 300 35 22 för
869 300 137 28 krigsbehof,

188 337 36 15 om
238 331 41 27 jag
294 330 24 21 så
334 330 33 21 får
383 331 60 26 säga.
460 332 27 19 45
504 330 13 27 $
532 330 7 21 i
554 330 203 27 regeringsformen
775 329 128 27 innehåller,
920 331 33 20 att
968 330 36 21 ko-

189 366 89 22 nungen
293 360 21 27 ej
332 359 35 22 må
383 362 46 19 mot
444 359 43 28 lag,
503 359 134 28 konungaed
652 359 42 22 och
710 359 117 22 försäkran
847 359 95 28 pålägga
958 359 47 22 sina

189 389 129 22 undersåter
333 389 68 28 några
416 389 154 29 krigshjelper,
586 395 45 22 nya
654 389 88 28 gärder,
767 389 162 28 utskrifningar
952 389 56 22 eller

188 419 70 22 andra
268 419 92 28 afgifter
375 421 53 20 utan
444 419 86 22 riksens
545 419 101 22 ständers
662 419 101 28 vetskap,
779 419 43 22 fria
836 419 56 27 vilja
899 420 42 21 och
949 425 57 16 sam-

188 449 73 29 tycke,
293 449 72 22 Häraf
378 449 99 28 framgår
491 451 34 20 att
540 449 140 27 utskrifning,
697 449 86 22 således
802 449 165 28 expropriation
983 450 27 20 af

188 479 34 22 lös
238 479 109 28 egendom
363 479 34 22 för
413 479 135 27 krigsbehof,
564 479 70 28 enligt
644 479 201 28 regeringsformen
854 479 44 22 kan
907 485 42 22 ega
956 485 49 15 rum

189 509 50 22 med
255 509 131 22 ständernas
402 509 93 27 vetskap
512 509 41 21 och
568 508 122 28 samtycke.
722 508 45 22 Det
782 510 25 20 är
822 509 49 21 icke
887 511 46 19 mot
943 514 63 23 rege-

189 538 148 28 ringsformen
360 539 33 21 att
408 537 68 23 sådan
492 538 164 29 expropriation
672 538 35 22 för
729 538 132 28 krigsbehof
882 544 53 23 eger
949 544 57 21 rum,

189 569 42 22 när
241 569 38 21 det
294 568 51 22 sker
361 568 50 22 med
428 568 130 22 ständernas
574 568 121 27 samtycke.

259 597 35 23 Då
309 597 92 29 uppstår
416 597 84 28 frågan,
516 598 110 22 huruvida
651 597 118 23 trestånds-
792 598 55 22 eller
871 597 135 29 fyrastånds-

190 628 73 22 beslut
278 628 35 21 för
329 627 126 22 ändamålet
470 629 25 20 är
505 628 146 27 erforderligt.
668 627 160 22 Förekomsten
836 628 26 22 af
868 628 138 28 stadganden

189 663 35 16 om
241 657 160 28 utskrifningar
415 657 8 22 i
438 664 86 15 samma
539 657 111 28 paragraf,
666 657 63 22 hvari
745 657 63 28 fråga
823 659 25 20 är
863 664 34 16 om
915 657 92 28 pålagor

189 688 7 22 i
212 687 121 22 allmänhet
349 687 92 27 (skatter
456 687 42 22 och
514 687 161 28 bevillningar,)
691 687 40 29 gör
747 689 33 20 att
790 687 217 29 ifrågavarande
966 683 44 38 lag

189 717 41 22 bör
244 717 114 22 betraktas
374 724 26 14 ur
415 723 85 16 samma
515 717 120 28 synpunkt,
656 724 26 14 ur
704 717 91 22 hvilken
818 724 51 16 man
893 717 115 23 betraktar

190 747 84 29 frågan,
305 747 110 22 huruvida
440 748 165 27 bestämningar
627 746 115 29 angående
764 747 91 28 pälagor
870 747 29 29 pä
927 748 80 21 under-

189 776 88 23 såtarne
291 777 76 22 kunna
383 777 89 21 komma
487 777 34 22 till
536 776 64 23 stånd
616 778 50 20 med
682 778 34 20 tre
731 776 55 23 eller
802 778 50 26 fyra
862 776 76 23 stånds
949 783 58 16 sam-

189 808 72 27 tycke.
294 806 43 22 Till
352 813 29 15 en
395 806 80 28 början
490 807 74 22 kunde
580 813 50 15 man
646 808 34 20 tro
696 808 33 20 att
744 807 74 22 härtill
836 806 109 23 behöfdes
956 807 51 27 fyra

190 836 75 22 stånds
281 837 123 27 samtycke,
419 837 94 21 emedan
529 837 33 21 till
578 836 147 28 bevillningar
748 836 86 22 fordras
858 837 50 27 fyra
931 836 76 23 stånds

189 866 122 28 samtycke.
342 866 52 22 Man
409 866 74 22 kunde
499 866 8 22 i
522 866 62 23 detta
599 866 106 22 afseende
721 866 96 28 åberopa
835 869 56 20 1786
907 866 35 23 års
952 866 54 23 riks-

190 897 55 27 dags
261 896 80 27 beslut,
357 902 48 16 som
415 896 68 22 bland
498 898 68 20 annat
573 895 122 23 innehåller
718 897 33 21 att
759 896 44 22 alla
811 897 97 22 ärenden
916 896 90 29 afgöras

190 926 52 22 med
257 928 34 19 tre
307 926 76 21 ständs
398 926 74 21 beslut
495 928 60 20 utom
579 926 124 28 privilegie-
726 926 43 22 och
791 926 216 28 bevillningsfrägor.

190 955 154 28 (Naturligtvis
361 955 86 22 fordras
463 956 50 27 fyra
529 955 75 22 ständs
619 955 74 22 beslut
701 955 35 22 för
743 955 204 28 grundlagsfrägor,
956 961 52 16 men

191 985 38 22 det
244 985 40 22 hör
300 985 50 22 icke
365 985 47 27 hit.)
443 985 73 22 Ocksä
541 985 39 22 vär
595 985 129 22 nuvarande
739 985 24 21 L.
781 985 25 21 O.
822 984 122 23 innehäller
959 991 48 15 som

191 1014 82 22 bekant
288 1014 146 28 stadganden,
459 1021 48 15 som
531 1014 139 28 ädagalägga
690 1016 34 20 att
753 1014 210 29 bevillningsfrägor
985 1015 21 27 ej

189 1044 76 22 kunna
281 1043 90 29 afgöras
387 1043 51 22 med
454 1046 33 20 tre
503 1044 76 22 ständs
594 1044 79 22 beslut.
706 1044 51 22 Men
772 1051 52 15 man
846 1044 42 22 bör
909 1044 55 28 göra
980 1050 27 16 en

190 1073 116 22 ätskilnad.
337 1073 10 22 I
363 1073 43 22 den
422 1073 61 22 äldre
499 1074 96 21 svenska
618 1075 74 20 rätten
714 1074 58 27 egde
794 1075 33 20 ett
848 1073 92 22 alldeles
963 1075 45 20 sär-

190 1103 69 22 skildt
274 1103 139 22 förhållande
428 1109 49 16 rum
501 1103 50 22 med
574 1103 152 28 bevillningar.
758 1103 161 22 Grundtanken
941 1103 8 22 i
965 1103 42 22 den

190 1133 62 22 äldre
268 1134 73 21 rätten
357 1139 40 15 var
413 1133 49 26 den,
474 1135 33 20 att
522 1133 38 22 det
575 1133 69 22 hörde
667 1133 33 22 till
722 1133 132 28 konungens
876 1133 133 28 rättigheter

190 1164 34 27 att
239 1163 100 28 uppbära
354 1162 92 26 skatter,
461 1169 48 15 som
525 1163 92 28 utgingo
633 1163 69 27 enligt
717 1163 98 28 gammal
830 1163 38 28 lag
884 1163 54 22 eller
945 1163 62 21 häfd.

191 1192 72 22 Öfver
278 1192 66 21 dessa
359 1192 85 22 skatter
459 1192 80 22 liksom
554 1192 64 22 öfver
634 1193 96 21 kronans
745 1193 56 28 gods
826 1193 42 22 och
890 1193 73 28 öfriga
978 1193 29 21 in-

190 1221 181 28 komstgifvande
386 1222 133 27 rättigheter
534 1223 56 27 egde
601 1222 119 27 konungen
736 1222 90 27 förfoga
840 1223 79 21 nästan
935 1221 72 23 säsom

189 1251 46 22 han
250 1252 53 21 fann
320 1251 34 22 för
369 1251 60 28 godt,
440 1251 105 22 förutsatt
560 1251 141 28 naturligtvis
716 1253 34 20 att
766 1252 38 21 det
818 1252 85 21 skedde
918 1251 34 22 till
962 1252 46 21 lan-

190 1281 50 22 dets
255 1287 60 22 gagn
331 1281 39 22 och
382 1281 71 21 bästa.
470 1281 152 22 Grundsatsen
632 1281 37 22 led
677 1281 130 29 visserligen
818 1280 69 30 nägra
894 1281 114 23 inskränk-

189 1311 87 27 ningar,
293 1317 51 15 men
359 1311 39 21 det
412 1311 41 21 hör
468 1318 30 14 nu
514 1311 48 21 icke
578 1312 38 20 hit.
649 1311 50 21 Men
714 1311 44 21 han
774 1317 40 15 var
829 1311 72 21 tillika
919 1311 90 27 skyldig

189 1340 35 21 att
239 1339 72 21 sävidt
327 1339 86 28 möjligt
429 1340 90 21 komma
533 1339 34 22 till
582 1340 59 21 rätta
657 1339 49 21 med
724 1339 27 22 de
767 1339 69 28 ärliga
856 1340 52 28 laga
923 1340 85 28 utskyl-

191 1369 75 27 derna,
282 1368 25 22 sä
321 1370 33 20 att
370 1368 38 22 det
423 1368 48 23 icke
488 1368 108 23 behöfdes
611 1368 69 29 nägra
694 1369 78 22 vidare
787 1368 97 30 pälagor.
911 1369 48 23 Men
975 1376 33 16 er-

192 1398 114 23 fordrades
322 1399 89 26 sädana,
427 1399 24 22 sä
467 1399 80 22 ankom
563 1399 38 22 det
611 1399 28 29 pä
655 1399 71 22 folket
740 1399 55 23 eller
804 1400 50 22 dess
865 1400 144 22 ställföreträ-

191 1429 60 26 dare,
267 1429 252 28 bevillningsnämnden,
535 1429 127 23 sedermera
684 1429 127 27 ständerna,
837 1432 33 20 att
893 1430 66 28 ätaga
974 1430 35 29 sig

191 1459 127 29 bevillning.
350 1459 73 22 Sedan
439 1459 145 29 riksdagarna
601 1460 72 27 börjat
698 1460 78 22 utöfva
800 1460 82 22 folkets
904 1460 105 29 politiska

191 1489 138 29 rättigheter,
345 1490 79 28 gjorde
439 1489 35 29 sig
489 1489 42 23 den
547 1489 85 29 äsigten
658 1490 105 28 gällande
786 1492 34 20 att
843 1491 78 27 hvarje
944 1490 64 23 stånd

192 1519 34 23 för
242 1520 34 28 sig
291 1519 115 23 bestämde
422 1520 35 22 sin
467 1519 127 29 bevilining.
627 1519 45 23 Det
687 1521 25 21 är
727 1519 86 23 således
829 1520 49 22 icke
888 1521 78 29 riktigt
975 1522 34 21 att
