1092 1781
416 134 83 18 Toukok.
512 135 23 17 25
546 140 18 17 p.
814 137 55 20 1797

81 188 49 23 med
146 189 90 27 ledning
252 189 23 21 af
289 189 26 21 de
331 189 134 26 läroböcker,
482 195 45 16 som
543 189 151 22 föreskrifvas.
719 189 33 22 De
768 191 38 20 äro
822 189 78 22 endast

82 219 95 27 verktyg
192 219 7 21 i
215 225 28 15 en
258 219 197 21 administrerande
471 219 140 27 myndighets
626 219 59 22 hand
700 219 40 22 och
757 220 53 21 böra
828 219 72 22 säsom

80 249 98 26 verktyg
200 249 113 21 betraktas
337 249 40 21 och
399 249 126 21 behandlas.
556 249 111 22 Särskildt
684 249 52 21 böra
756 249 144 22 skolmännen

80 278 91 27 bringas
193 279 36 20 till
251 278 68 27 insigt
343 278 73 22 derom
439 282 33 17 att
496 279 154 21 utarbetandet
665 279 24 20 af
703 285 43 20 nya
762 278 137 22 förbättrade

81 307 129 22 läroböcker
233 308 49 21 icke
302 311 25 18 är
343 309 70 27 någon
431 309 69 20 merit.
531 308 130 22 Allraminst
676 309 39 21 bör
732 311 72 18 staten
820 314 79 21 genom

80 338 78 27 anslag
181 340 131 24 uppmuntra
335 338 35 21 till
393 338 68 21 sädan
484 338 147 27 verksamhet,
654 345 45 14 som
716 338 77 21 endast
808 338 40 21 har
864 337 36 22 till

81 367 54 28 följd
150 367 93 28 utgifter
258 367 35 22 för
309 367 110 22 föräldrar
435 368 40 21 och
491 369 111 26 mälsmän,
619 368 98 27 utgifter,
734 367 76 22 hvilka
826 368 74 21 blefve

81 397 150 27 inbesparade,
256 403 33 16 om
313 397 28 22 de
357 398 71 27 gamla
444 398 164 26 skolböckerna,
626 404 45 15 som
687 397 25 22 af
726 397 34 22 far
775 398 40 21 och
831 397 69 22 farfar

80 428 129 27 begagnats,
227 427 73 22 kunde
315 427 26 21 af
353 427 97 27 följande
466 428 153 27 generationer
635 427 119 22 användas.

155 457 93 26 Enhvar,
271 463 45 15 som
339 458 132 21 intresserat
494 458 34 27 sig
544 457 35 22 för
602 457 88 22 skolaus
706 457 193 28 angelägenheter,

79 487 41 21 har
136 487 69 21 under
221 487 37 21 det
274 487 122 27 förgängna
413 487 115 22 decenniet
544 487 58 22 varit
617 487 7 21 i
641 487 89 21 tillfälle
746 490 32 18 att
794 489 54 25 göra
863 487 36 21 be-

81 517 110 26 kantskap
208 517 49 21 med
273 517 64 22 dessa
351 517 90 27 äsigter,
453 517 75 22 hvilka
544 517 47 22 dels
602 517 7 21 i
620 518 107 26 muntliga
738 517 158 26 diskussioner,

80 546 48 22 dels
144 547 41 21 ock
201 547 7 20 i
224 546 167 27 offentligheten
407 547 50 21 sökt
473 549 53 24 göra
543 547 34 27 sig
593 547 108 27 gällande.
733 547 34 21 De
783 553 45 15 som
845 547 55 26 hysa

80 576 61 22 detta
157 579 108 19 suveräna
281 576 74 22 förakt
371 576 34 22 för
421 577 129 27 pedagogik,
568 576 66 22 hafva
650 577 85 22 kanske
750 576 56 27 icke,
822 576 78 21 ätmin-

80 608 62 19 stone
165 606 49 21 icke
235 606 49 26 alla,
307 606 58 27 gjort
385 607 35 26 sig
435 606 60 21 klart
511 607 193 27 konsegvenserna
721 606 25 21 af
760 606 33 21 sin
809 606 91 27 princip.

80 636 44 21 Det
139 638 25 19 är
181 636 71 21 denna
267 636 108 21 oklarhet,
391 642 44 15 som
451 637 40 20 bör
507 637 108 26 skingras.
640 636 32 21 Ar
686 636 38 21 det
734 642 28 15 en
773 636 59 27 gång
844 637 55 23 sant,

80 667 33 20 att
129 665 89 22 skolans
233 665 36 22 ide
285 667 24 20 är
325 667 33 20 ett
373 665 90 27 fantom,
480 668 33 19 att
528 666 151 27 pedagogiken
691 665 49 22 icke
751 667 25 19 är
787 671 27 16 en
824 668 76 19 veten-

79 696 56 25 skap
152 695 39 21 och
207 695 187 27 undervisningen
409 695 67 28 ingen
492 696 72 27 konst.
581 695 27 22 dä
624 695 66 28 följer
705 695 65 22 deraf
784 695 48 21 med
847 694 53 22 nöd-

80 725 126 27 vändighet,
224 727 32 19 att
275 725 38 22 det
327 725 50 22 icke
393 727 26 19 är
433 727 65 25 orätt,
515 732 32 15 om
565 726 63 21 hvem
645 731 45 16 som
706 725 64 27 helst,
788 731 45 15 som
849 725 50 21 der-

80 755 34 22 till
131 755 40 21 har
185 755 46 21 lust
246 755 40 21 och
302 755 55 26 mod,
374 757 74 25 styrer
463 756 40 21 och
519 755 77 22 ställer
612 761 34 15 om
662 757 32 20 ett
710 755 62 22 lands
790 755 66 26 skola,
870 754 28 22 dä

80 787 26 20 är
124 785 37 21 det
178 785 48 21 icke
235 787 64 25 orätt,
309 791 34 16 om
352 785 197 27 omgestaltningen
558 785 74 22 skulle
640 785 40 21 ske
688 785 8 21 i
704 785 115 21 allehanda
827 783 74 28 syften

79 815 41 21 och
136 814 35 22 för
185 815 116 21 allehanda
317 815 101 22 ändamål
434 815 40 21 och
489 815 38 22 det
542 817 24 20 är
582 815 50 21 icke
643 817 58 19 orätt
712 821 33 15 om
756 815 144 21 skolmannen

82 845 8 21 i
106 845 108 21 allmänna
230 845 116 26 opinionen
361 845 72 22 skulle
449 845 123 26 nedsjunka
582 845 35 21 till
628 851 27 15 en
667 844 115 22 mekanisk
793 845 107 21 arbetare.

81 875 79 22 Skulle
182 875 61 21 detta
266 875 183 22 betraktelsesätt
464 875 67 21 vinna
545 875 103 22 alltmera
663 877 92 24 terräng
770 875 40 21 och
825 875 76 20 kunna

81 906 55 26 göra
155 905 34 26 sig
209 905 102 26 gällande
326 905 8 20 i
350 905 43 21 alla
408 905 49 22 sina
472 905 169 26 konsegvenser,
659 905 25 20 sä
698 904 68 22 borde
782 905 33 25 de,
831 910 44 15 som
893 903 8 22 i

81 934 40 21 ord
145 935 38 20 och
208 935 106 26 handling
333 935 48 21 visa
397 934 39 22 sitt
451 934 74 22 förakt
539 935 35 21 för
590 934 146 27 pedagogiskt
751 934 94 22 vetande
861 933 39 22 och

83 965 34 20 för
140 964 51 22 dess
214 966 185 25 representanter,
416 964 67 22 hafva
499 965 48 20 skäl
563 967 33 18 att
612 970 54 15 vara
681 964 94 21 belätna.
808 963 93 22 Utsädet

81 995 41 20 har
138 993 65 28 gifvit
219 993 73 22 skörd.
323 994 51 21 Men
394 994 62 22 hvem
474 1000 45 15 som
535 994 48 21 icke
598 993 7 22 i
622 994 68 21 sådan
706 993 106 22 händelse
828 993 73 22 skulle

82 1023 70 22 blifva
171 1023 57 28 nöjd,
249 1024 38 21 det
305 1025 26 20 är
346 1024 27 21 de
388 1024 62 27 barn,
467 1030 44 15 som
528 1024 82 21 besöka
626 1023 77 22 skolan
720 1024 38 21 och
776 1023 64 22 deras
856 1023 44 22 för-

82 1053 84 22 äldrar:
191 1054 48 21 med
263 1056 32 19 ett
317 1054 39 21 ord
379 1054 110 21 nationen.
521 1053 92 22 Skolans
637 1053 151 22 beskaffenhet
812 1054 65 21 beror
892 1053 9 21 i

84 1084 158 27 väsentligaste
265 1083 55 28 grad
343 1083 25 22 af
384 1084 100 21 lärarens
500 1083 157 22 beskaffenhet.
689 1083 50 22 Men
756 1083 71 22 finner
843 1083 57 22 skol-

82 1119 94 16 mannen
197 1113 34 28 sig
250 1114 117 21 betraktad
383 1114 38 21 och
438 1114 86 21 känner
539 1114 42 21 han
598 1113 34 27 sig
648 1113 122 22 behandlad
786 1114 71 21 säsom
874 1119 27 16 en

84 1143 114 22 mekanisk
215 1144 107 25 arbetare,
339 1144 24 21 sä
379 1143 57 22 skall
448 1143 60 22 detta
519 1143 182 22 betraktelsesätt
712 1143 70 21 blifva
792 1149 28 16 en
830 1143 69 27 mask,

83 1179 46 16 som
153 1175 60 20 tärer
237 1174 27 26 pä
280 1173 89 22 skolans
385 1173 80 22 lifsrot.
497 1173 75 22 Lifvet
588 1173 102 22 slocknar
705 1173 37 21 väl
757 1173 50 22 icke
823 1175 79 24 genast

84 1203 36 22 vid
144 1203 37 22 det
204 1202 70 23 första
295 1203 141 28 tandhugget.
468 1203 51 21 Men
533 1202 65 23 lifvet
614 1205 65 25 tynar
694 1202 26 21 af
732 1203 45 22 och
787 1202 115 22 krafterna

83 1235 79 19 mattas
179 1233 40 21 och
234 1232 64 23 lifvet
314 1233 102 21 slocknar
432 1233 111 27 slutligen,
560 1233 39 22 och
615 1233 61 21 detta
692 1233 52 21 sker
760 1232 46 22 lika
817 1233 84 27 säkert,

82 1269 46 15 som
153 1263 85 26 lampan
262 1263 102 21 slocknar
385 1264 8 20 i
413 1269 27 15 en
464 1263 64 27 kupa,
552 1262 99 22 derifrän
674 1262 70 22 luften
766 1264 134 26 utestänges.

84 1292 100 27 Aktning
206 1292 24 22 af
251 1293 116 21 samhället
390 1295 25 19 är
439 1292 110 27 nämligen
572 1292 43 22 den
638 1291 88 27 lifsluft,
743 1294 53 19 utan
811 1292 91 22 hvilken

82 1322 144 21 skolmannen
243 1322 49 22 icke
308 1322 7 20 i
332 1322 95 27 längden
443 1322 43 21 kan
502 1322 49 21 med
567 1322 115 26 framgång
692 1322 76 21 utöfva
779 1322 40 21 sitt
829 1322 72 21 mödo-

83 1358 83 15 samma
187 1352 39 21 och
247 1352 73 21 sinnet
340 1352 133 21 irriterande
496 1352 52 22 kall.
585 1351 51 22 Men
660 1358 26 14 en
710 1351 61 21 skola
794 1354 52 18 utan
868 1350 33 28 lif,

82 1387 28 16 en
135 1381 62 21 skola
220 1381 49 22 med
293 1382 78 26 lärare,
395 1382 40 21 hos
458 1382 77 20 hvilka
553 1385 49 18 tron
619 1381 28 26 pä
663 1381 37 21 det
714 1381 72 21 ideala
801 1381 7 21 i
824 1381 79 21 skolan

83 1410 75 22 blifvit
174 1410 135 27 undergräfd
329 1411 40 21 och
385 1417 45 15 som
447 1411 74 20 derför
536 1410 230 26 handtverksmässigt
782 1411 64 20 sköta
863 1411 40 20 sitt

84 1440 52 26 kall,
154 1446 26 15 en
197 1440 68 21 sädan
281 1440 63 21 skola
359 1442 26 19 är
400 1442 33 18 ett
448 1440 80 25 likhus,
546 1440 97 21 derifrän
660 1439 70 21 anden
746 1439 56 27 flytt.
835 1440 66 21 Emot

84 1470 62 21 detta
169 1470 56 20 onda
247 1469 74 28 hjelpa
339 1469 52 27 inga
406 1469 211 27 reglementeringar
633 1469 39 21 och
688 1468 50 28 inga
754 1469 148 27 visiteringar.

84 1499 146 22 Maskineriet
245 1499 71 22 hålles
332 1498 132 28 visserligen
481 1499 91 21 sålunda
582 1499 6 20 i
600 1499 64 27 gång.
687 1498 50 22 Men
750 1498 152 22 hufvudsaken

85 1530 27 26 på
136 1530 41 21 den
201 1529 89 27 andliga
311 1528 182 23 verksamhetens
517 1528 93 28 område,
628 1528 37 22 det
680 1528 103 22 lefvande
798 1528 106 22 intresset
