1092 1795
421 131 82 19 Toukok.
517 133 22 18 29
551 137 18 19 p.
819 135 54 20 1937

89 185 72 28 nägon
177 185 26 22 af
214 185 133 23 hithörande
371 191 112 22 personer.
513 186 76 23 Under
611 187 82 22 sädana
718 187 188 28 omständigheter

88 215 70 22 mäste
174 221 49 16 man
239 215 55 22 dock
309 216 68 28 nägot
392 216 68 22 tveka
475 218 33 20 att
522 216 124 23 framställa
660 223 28 16 en
703 217 81 22 allmän
800 217 103 27 begäran,

88 247 41 20 när
144 245 113 28 äsigterna
273 246 28 27 gå
316 247 25 21 sä
357 246 95 29 åtskiljs,
468 249 41 20 när
525 247 37 22 det
577 247 72 28 gäller
663 249 33 20 att
711 246 23 23 få
749 247 108 27 förslaget
872 249 32 20 ut-

89 275 60 22 fördt
163 275 8 22 i
187 282 27 16 en
229 275 62 28 form,
308 283 46 16 som
369 276 74 23 skulle
457 277 75 22 kunna
546 277 112 27 tillämpas
673 277 29 27 pä
724 277 121 22 bestående
860 277 44 22 för-

88 306 124 22 hällanden.
243 306 40 21 Om
299 306 119 22 ständerna
433 307 68 22 sedan
516 307 8 21 i
539 313 27 16 en
581 307 97 27 följande
694 307 60 22 kläm
772 307 89 22 anhälla
871 314 34 15 om

87 338 34 19 att
135 335 36 23 för
185 338 95 20 rösträtt
295 337 38 22 vid
348 337 37 21 val
401 337 35 21 till
458 337 102 27 borgare-
581 337 40 22 och
643 337 165 22 bondeständen
832 337 72 22 skulle

88 367 132 21 bestämmas
236 366 57 22 visst
307 367 176 27 inkomstbelopp
499 367 57 22 efter
571 367 61 22 vissa
647 367 97 27 grunder
752 367 39 22 och
800 369 32 20 att
840 367 65 22 dessa

88 397 164 27 bestämningar
267 397 68 22 mätte
350 397 7 21 i
373 396 24 22 L.
414 397 25 22 O.
455 397 58 27 ingä,
531 397 24 22 sä
570 399 26 20 är
612 397 60 22 detta
688 397 66 23 ocksä
764 399 53 20 utan
826 397 79 23 tvifvel

87 433 29 16 en
131 427 109 26 anhållan,
257 433 46 16 som
318 427 60 22 afser
393 428 141 27 aflägsnande
556 428 25 21 af
602 428 42 21 den
670 428 58 22 efter
753 428 49 21 mitt
825 428 79 22 förme-

88 457 71 22 nande
174 459 83 20 största
272 457 145 27 olägenheten
433 457 25 22 af
471 457 102 28 gällande
588 457 26 22 L.
630 457 33 27 O.,
680 458 41 21 den
745 457 111 28 nämligen
872 459 34 20 att

87 487 66 22 dessa
168 486 34 23 för
218 487 42 22 den
276 487 105 27 politiska
396 487 111 22 valrätten
522 487 40 23 isä
577 487 111 28 väsentlig
703 487 55 28 grad
768 487 136 22 inverkande

87 517 164 27 bestämningar
267 518 74 21 kunna
355 517 89 27 afgöras
453 523 76 22 genom
538 518 137 21 kommunala
683 518 77 22 beslut.
776 517 51 22 Men
836 518 69 22 ehuru

88 547 38 23 det
139 547 50 22 icke
204 547 37 22 vid
257 547 153 22 diskussionen
425 548 8 21 i
449 548 62 22 kväll
526 547 112 28 framgått,
664 549 26 21 sä
705 550 38 20 vet
766 548 84 22 enhvar
865 549 39 26 att,

87 578 29 23 dä
132 578 37 22 det
184 577 71 28 gäller
270 580 33 19 att
318 581 99 25 uppgöra
432 580 33 20 ett
480 579 97 28 verkligt
592 578 110 22 bestämdt
710 578 96 22 faktiskt
814 578 90 27 förslag,

88 609 7 21 i
111 609 61 22 detta
187 607 104 24 afseende
307 608 48 23 vidt
369 609 50 22 från
435 609 123 22 hvarandra
574 609 84 28 gående
666 609 84 28 äsigter
761 615 40 22 om,
812 609 26 27 pä
847 609 57 22 hvad

88 641 52 26 sätt,
160 639 4 22 i
180 639 90 22 hvilken
285 639 101 28 riktning
401 639 40 22 och
457 639 8 22 i
481 639 90 23 hvilken
596 639 155 28 utsträckning
774 639 64 22 dessa
861 639 43 22 för-

88 670 119 27 ändringar
223 669 63 22 skola
300 669 108 28 vidtagas,
425 671 54 26 göra
494 670 34 27 sig
543 669 103 28 gällande
654 670 28 26 på
692 669 60 22 olika
761 669 52 22 håll.
829 669 76 22 Under

89 700 82 21 sådana
185 699 154 22 förhållanden
355 702 25 19 är
395 699 38 22 det
445 699 25 28 ju
486 700 92 27 mycken
593 699 49 22 risk
657 699 35 22 för
699 701 33 20 att
741 706 33 15 om
786 699 119 22 ständerna

88 729 124 22 framställa
235 735 28 16 en
278 729 93 27 petition
387 729 39 22 och
441 731 133 26 regeringen
589 729 147 28 tillmötesgår
752 729 72 22 denna
839 729 65 28 begä-

89 766 40 16 ran
145 759 40 22 och
201 758 136 29 framlägger
351 759 136 28 proposition
503 761 6 20 i
527 760 74 27 saken,
614 760 162 27 propositionen
788 759 60 22 sedan
856 754 48 38 för-

88 791 76 21 kastas
180 788 25 23 af
217 789 120 23 ständerna
352 790 55 22 eller
423 791 33 20 att
471 791 72 27 någon
558 789 90 28 enighet
658 790 8 21 i
675 790 60 22 detta
743 789 104 23 afseende
856 789 49 23 icke

89 821 44 21 kan
148 820 85 22 vinnas.
264 820 51 21 Man
332 820 39 22 har
387 820 58 22 varit
459 820 8 22 i
483 820 89 22 tillfälle
587 822 33 20 att
636 820 60 22 förut
711 822 54 26 göra
780 826 82 16 samma
872 826 33 16 er-

89 850 107 23 farenhet,
213 850 29 22 då
256 850 133 28 regeringen
404 850 38 22 vid
459 853 55 20 1885
531 851 37 22 års
584 851 104 26 landtdag
714 851 49 22 med
786 850 120 28 anledning

88 880 26 22 af
127 887 27 15 en
170 880 95 28 tidigare
289 880 184 27 ständerpetition
498 880 106 22 framlade
627 881 136 27 proposition
783 881 34 21 till
832 879 72 23 förän-

89 911 91 27 dringar
204 910 136 23 beträffande
363 911 84 22 valrätt
468 911 36 22 till
526 911 188 26 borgareståndet.
752 911 152 28 Regeringens

89 941 134 28 proposition
239 941 127 27 godkändes
389 941 78 22 endast
489 941 26 22 af
534 941 189 28 borgareståndet,
747 941 86 22 hvilket
856 941 50 22 med

89 971 92 22 alldeles
197 971 126 28 obetydliga
338 971 155 28 förändringar
508 972 8 21 i
531 971 125 23 hufvudsak
671 971 117 28 godkände
808 971 97 27 proposi-

87 1001 82 27 tionen,
186 1001 69 22 under
271 1001 37 22 det
324 1003 33 20 att
371 1001 156 28 ridderskapet
541 1001 39 22 och
597 1001 64 22 adeln
676 1001 67 23 äfven
758 1001 52 22 idet
817 1003 88 20 väsent-

89 1031 45 27 liga
148 1031 116 28 godkände
279 1031 49 28 den,
344 1037 50 16 men
410 1032 26 21 så
450 1031 132 28 vidtgående
598 1031 156 28 förändringar
762 1031 112 28 företogos
882 1031 25 21 af

89 1063 84 25 preste-
188 1061 40 22 och
244 1061 171 28 bondestånden,
431 1063 33 20 att
480 1062 72 27 någon
567 1061 187 26 samstämmighet
771 1061 50 22 icke
831 1061 74 22 kunde

90 1091 85 22 komma
190 1091 35 22 till
241 1091 70 22 stånd.

160 1121 76 22 Under
247 1121 65 22 dessa
327 1121 188 28 omständigheter
530 1121 44 22 kan
589 1127 49 16 man
653 1122 68 22 tveka
746 1127 35 16 om
803 1121 101 28 lämplig-

89 1152 66 21 heten
172 1153 32 20 att
219 1151 50 22 från
285 1151 131 23 ständernas
432 1151 48 22 sida
495 1151 123 23 framställa
634 1158 27 15 en
677 1152 92 27 petition
794 1151 8 22 i
818 1152 24 22 så
866 1151 38 22 all-

89 1183 79 20 männa
183 1182 96 28 ordalag,
295 1184 34 19 att
344 1181 133 28 visserligen
493 1182 44 21 alla
552 1182 73 22 derom
641 1182 75 21 kunna
730 1181 78 22 förena
830 1182 35 27 sig
880 1182 25 21 så

89 1212 66 28 länge
171 1212 37 22 det
223 1213 78 21 endast
317 1212 71 27 gäller
403 1215 33 18 att
452 1211 89 28 angifva
556 1213 28 21 de
599 1212 102 27 punkter,
718 1212 7 21 i
742 1212 76 22 hvilka
826 1218 28 15 en
862 1211 43 22 för-

89 1243 95 26 ändring
199 1242 73 22 kunde
287 1243 86 21 komma
388 1242 9 22 i
411 1242 70 27 fråga,
497 1245 53 19 utan
565 1244 33 20 att
613 1242 89 27 angifva
718 1242 73 27 någon
806 1242 99 22 bestämd

88 1272 101 27 riktning
204 1271 35 22 för
254 1272 141 21 reformerna.
410 1272 12 21 I
437 1274 33 19 ett
485 1273 87 26 ärende,
589 1277 45 16 som
650 1272 25 21 af
681 1272 119 21 ständerna
811 1272 95 21 behand-

88 1301 44 22 lats
148 1302 37 21 vid
201 1301 71 22 denna
287 1301 112 28 landtdag,
416 1303 33 20 ett
465 1302 81 21 ärende
561 1307 45 16 som
622 1307 30 16 nu
660 1304 26 19 är
696 1301 112 28 afslutadt,
818 1301 87 22 betrak-

89 1331 51 21 tade
164 1331 118 22 ständerna
306 1331 78 27 frågan
406 1331 51 21 från
472 1337 27 15 en
515 1337 71 15 annan
602 1331 120 27 synpunkt,
746 1333 28 19 än
797 1337 29 15 nu
849 1330 56 22 före-

88 1361 47 22 slås
151 1360 25 22 af
188 1361 152 27 lagutskottet.
370 1361 35 21 Då
429 1360 38 22 det
489 1361 64 27 gälde
576 1360 167 22 framställande
766 1361 24 21 af
813 1360 92 28 petition

89 1391 94 22 rörande
198 1390 132 28 reglerande
345 1390 25 22 af
383 1390 147 28 språkfrågan
545 1391 7 21 i
568 1390 82 28 landet,
676 1390 100 28 afböjdes
799 1390 49 23 med
870 1390 36 22 be-

88 1421 111 20 stämdhet
215 1421 76 26 hvarje
307 1420 84 27 förslag
406 1427 33 14 om
456 1427 27 14 en
499 1421 91 25 petition
606 1421 7 20 i
628 1421 92 20 allmänt
730 1421 59 25 syfte
798 1427 33 14 om
840 1420 65 21 fram-

88 1449 110 22 ställande
214 1449 25 22 af
252 1449 67 27 nådig
334 1449 136 27 proposition
485 1449 7 21 i
509 1449 83 27 frågan,
618 1449 69 22 ehuru
713 1449 55 22 dock
783 1449 36 22 för
841 1449 65 22 fram-

90 1479 108 27 läggande
214 1478 25 22 af
252 1485 27 15 en
294 1478 68 28 nådig
377 1479 134 26 proposition
528 1479 55 21 hade
599 1479 85 21 kunnat
698 1479 79 21 vinnas
786 1479 90 27 ledning
884 1479 25 21 af

88 1509 29 22 de
133 1509 59 22 olika
207 1509 106 22 ståndens
328 1509 73 22 beslut
416 1509 37 22 vid
469 1509 161 27 behandlingen
646 1508 25 22 af
684 1509 98 27 ärendet,
791 1509 70 22 under
870 1509 37 22 det

89 1542 33 20 att
138 1540 7 21 i
162 1539 71 22 denna
248 1539 63 28 fråga
327 1539 126 28 egentligen
468 1539 57 22 intet
540 1543 65 18 annat
622 1539 120 28 föreligger
768 1541 28 20 än
817 1539 28 22 de
868 1539 39 22 all-

802 1581 33 18 122
