1092 1781
424 145 82 19 Toukok.
520 144 22 19 22
555 151 17 17 p.
823 144 55 24 1633

135 199 1 4 *
162 199 50 22 Den
228 201 28 19 25
272 199 128 22 November
418 202 56 19 1896
490 200 57 21 hölls
563 200 6 21 i
585 200 63 28 Lyon
664 206 28 15 en
708 200 137 22 antiemitisk
855 200 53 22 kon-

88 235 71 22 gress,
183 229 29 27 pä
237 229 90 22 hvilken
350 229 97 22 fattades
471 229 98 27 följande
590 229 111 28 enhälligä
717 229 83 22 beslut:
833 230 23 25 ,I
872 229 36 22 be

90 258 118 22 traktande
224 258 67 22 deraf
304 260 34 20 att
350 259 97 26 judarna
462 265 76 21 gynna
553 259 152 28 pornografisk
721 259 107 26 literatur,
837 261 33 19 att
880 259 28 21 de

89 288 69 21 infört
176 287 223 29 äktenskapsskilnad
415 288 6 21 i
438 288 128 27 Frankrike,
583 289 33 20 att
631 289 28 20 de
669 288 159 29 tillvägabragt
838 288 70 28 lagar,

90 324 48 15 som
154 324 76 21 gynna
245 318 67 21 ocker
328 318 41 21 och
385 317 65 26 stöld,
467 319 33 20 att
516 319 27 20 de
559 318 74 21 städee
649 319 38 20 äro
703 317 98 23 beredda
816 319 33 20 att
865 317 43 22 för-

89 347 55 22 räda
159 347 187 27 fäderneslandet,
363 347 56 22 skall
435 347 66 28 lagen
517 349 26 20 af
558 350 63 24 1791,
638 354 47 15 som
701 348 103 28 upptagit
812 348 97 27 judarna

90 378 7 21 i
113 377 113 28 borgerlig
241 377 144 28 gemenskap,
401 377 42 22 och
459 378 101 21 dekretet
575 378 27 21 af
616 380 64 24 1870,
690 384 47 16 som
750 378 115 22 förlänade
874 378 34 27 ju-

90 408 70 21 darna
181 407 7 21 i
212 407 76 28 Algier
304 407 119 28 fransyska
438 408 167 27 stadsborgares
621 408 139 28 rättigheter,
776 407 132 28 upphäfvas.

91 437 77 22 Under
190 437 107 22 afvaktan
320 438 34 20 att
374 437 61 21 detta
456 437 57 22 skall
536 438 46 25 ske,
603 437 63 22 skola
680 438 96 27 judarna
792 443 55 16 vara
862 438 47 20 ute-

90 467 74 22 slutna
182 466 48 22 frän
245 467 158 21 lefnadsbanor
418 466 72 23 säsom
506 467 78 26 lärare,
601 467 96 27 domare,
713 467 138 22 embetsmän
867 467 42 22 och

91 497 138 21 officerare*.

162 525 40 22 Att
224 527 32 20 ett
279 525 79 22 sädant
373 526 91 22 hatfullt
479 527 73 21 beslut
567 526 85 22 kunnat
667 526 108 26 enhälligt
791 526 67 21 fattas
875 526 34 22 för

91 555 68 28 nägra
184 555 105 22 mänader
304 556 68 21 sedan
387 555 7 22 i
410 556 130 27 Frankrike,
555 556 40 21 der
607 556 96 27 judarna
719 556 58 21 ända
792 556 69 21 sedan
876 561 33 16 re-

91 585 129 22 volutionen
243 585 90 28 ätnjutit
361 586 177 28 medborgerliga
560 586 139 28 rättigheter,
723 586 38 21 det
783 586 24 21 är
830 586 79 21 nästan

91 615 97 29 otroligt,
205 621 51 16 men
271 615 69 22 likväl
354 617 56 20 sant.
441 615 51 22 Men
508 616 69 21 mötet
592 615 57 22 hölls
665 616 26 21 af
704 615 149 22 antisemister
868 615 41 22 och

65 664 4 6 .
92 646 7 21 i
116 645 157 22 antisemitiskt
288 645 66 28 syfte.
386 645 44 22 Det
447 645 108 22 förklarar
571 645 74 22 saken.
677 646 50 21 Men
744 645 55 22 huru
812 645 98 22 förklara

90 675 200 22 antisemitismen?
321 675 62 22 Huru
407 675 98 22 förklara
528 677 31 20 ett
581 675 78 22 sädant
674 676 45 26 hat,
735 681 35 16 om
788 675 121 22 föremälen

92 705 35 22 för
142 706 63 21 hatet
220 711 54 16 vore
291 705 135 28 fullkomligt
442 705 105 27 menlösa,
559 705 118 28 oskyldiga
687 705 120 28 personer?
838 705 71 22 Märk-

91 735 41 29 ligt
157 736 25 21 är
205 737 33 19 att
260 735 259 28 nationalförsamlingen
545 735 71 22 under
641 735 91 22 franska
756 735 153 22 revolutionen

92 765 66 28 länge
181 765 96 22 tvekade
300 766 34 20 att
357 765 83 28 bevilja
463 765 44 22 alla
521 765 66 28 judar
603 765 198 28 medborgarerätt,
818 765 92 28 specielt

90 795 97 28 judarna
204 795 7 21 i
227 795 80 21 Elsass.
338 795 192 28 Representanten
546 795 35 22 för
597 795 60 22 detta
673 795 51 22 land
740 794 100 22 Rewbell
856 801 53 22 upp-

93 825 104 22 fordrade
220 825 7 20 i
246 824 67 28 öppet
328 825 52 21 bref
394 824 92 22 Camille
502 825 142 22 Desmoulins
660 827 33 19 att
708 825 55 27 sjelf
777 825 83 21 besöka
875 824 35 21 El-

91 861 55 16 sass.
180 855 42 21 Par
245 854 89 22 timmar
348 854 72 22 skulle
436 861 54 15 vara
506 855 132 28 tillräckliga
654 856 33 20 att
702 855 111 21 omvända
828 855 82 21 honom

92 885 49 22 från
164 885 43 20 den
231 884 73 22 falska
328 884 154 28 föreställning
505 884 71 23 såsom
593 891 34 16 om
643 885 96 27 judarna
754 891 54 15 vore
824 885 27 20 de
867 884 43 21 för-

92 915 96 27 tryckta,
204 914 76 22 hvilka
294 914 70 22 borde
379 914 89 22 befrias.
500 914 60 23 Hans
576 915 133 27 deltagande
725 914 72 22 skulle
813 915 97 21 tvärtom

92 945 74 21 vända
188 944 34 28 sig
242 944 34 22 till
293 945 73 21 denna
381 944 91 28 dugliga
488 945 41 21 och
545 945 148 22 arbetsamma
708 945 137 27 befolkning,
862 949 46 16 som

92 975 28 28 pä
135 975 37 21 det
189 974 197 28 förskräckligaste
401 975 45 21 sätt
461 975 42 22 blir
519 975 95 28 utsugad
629 974 26 22 af
668 981 28 15 en
712 981 64 22 grym
792 975 55 21 hord
859 973 50 22 afri-

92 1005 76 21 kaner.
198 1004 120 27 Mirabeau,
341 1010 48 16 som
412 1004 49 22 stod
486 1005 6 21 i
509 1005 134 22 förbindelse
659 1005 50 21 med
725 1005 73 21 Moses
814 1003 96 22 Mendel-

93 1035 55 21 sohn
163 1035 7 20 i
186 1034 82 27 Berlin,
285 1033 57 23 abb&
359 1034 107 28 Gregoire
482 1035 50 21 med
547 1035 61 26 flere,
624 1034 114 28 nödgades
746 1035 120 27 anstränga
876 1033 35 28 sig

94 1064 34 22 för
149 1064 96 27 judarna
268 1064 33 21 till
325 1064 51 21 dess
392 1064 116 22 Assemble
525 1064 153 22 Constituente
693 1065 114 27 onsdagen
823 1065 43 20 den
882 1066 27 19 27

92 1094 134 28 September
246 1097 54 19 1791
311 1094 132 21 tillerkände
454 1095 44 20 alla
507 1095 66 26 judar
584 1094 178 28 medborgerliga
772 1094 137 27 rättigheter.

92 1123 137 28 Dröjsmälet
244 1124 57 21 hade
317 1124 34 21 sin
366 1123 72 28 grund
454 1124 6 21 i
477 1125 27 20 de
520 1126 57 19 mest
587 1124 118 27 energiska
716 1123 195 22 motföreställnin-

92 1160 41 21 gar
149 1153 48 22 frän
213 1154 81 21 Elsass.
326 1153 29 21 Vi
371 1153 63 22 hotas
451 1155 23 20 af
490 1160 27 15 en
532 1160 30 21 ny
574 1153 137 28 landspläga,
721 1153 96 28 judarna
827 1153 84 28 begära

92 1183 126 28 borgerliga
241 1183 132 28 rättigheter
396 1183 6 21 i
426 1183 51 22 hela
499 1183 128 26 Frankrike,
647 1189 51 16 men
714 1184 21 21 vi
751 1183 63 22 skola
830 1183 79 21 under-

93 1213 63 22 kasta
172 1219 36 16 oss
225 1213 78 27 hvarje
318 1213 162 28 ansträngning
495 1213 35 22 för
545 1215 32 20 att
592 1213 84 22 bevara
693 1213 49 22 värt
753 1212 157 23 fädernesland

93 1243 34 22 för
143 1243 73 22 denna
231 1249 44 21 nya
290 1243 86 27 olycka.
408 1243 50 22 Men
474 1243 129 28 dröjsmälet
619 1243 154 22 förorsakades
789 1243 40 21 och
840 1243 71 21 märk-

93 1273 89 28 värdigt
203 1279 43 21 nog
262 1278 81 23 genom
359 1273 109 21 motständ
485 1274 25 20 af
524 1274 27 20 de
567 1273 69 22 sedan
652 1273 51 28 läng
719 1273 31 21 tid
766 1273 92 21 tillbaka
874 1279 36 15 na-

94 1302 145 22 turaliserade
256 1303 40 21 och
312 1302 54 28 högt
382 1303 81 21 aktade
474 1303 149 27 portugisiska
631 1303 96 27 judarna
738 1303 7 21 i
755 1302 66 22 södra
829 1302 82 22 Frank-

93 1332 47 22 rike
164 1333 6 21 i
192 1332 119 22 Bordeaux
326 1332 42 21 och
384 1332 113 28 Bayonne,
512 1332 76 22 hvilka
603 1333 49 21 icke
667 1332 53 22 ville
736 1332 108 22 likställas
861 1332 50 21 med

93 1362 200 27 Talmud-judarna
309 1362 7 20 i
332 1362 82 21 Elsass.

164 1392 46 20 Här
233 1392 68 20 hafva
318 1391 21 21 vi
356 1393 32 19 ett
404 1392 101 26 exempel
522 1398 25 14 ur
562 1392 113 25 historien,
691 1392 57 20 huru
765 1391 42 21 den
821 1391 90 27 judiska

93 1420 104 22 nationen
221 1420 5 20 i
251 1420 128 25 allmänhet,
396 1432 28 3 —
449 1420 124 27 naturligen
595 1420 71 22 finnes
682 1420 37 20 det
733 1420 26 27 ju
775 1420 79 27 många
870 1420 41 21 och

94 1450 82 21 vackra
191 1450 114 24 undantag
321 1461 28 2 —
365 1449 28 21 dä
408 1449 43 21 den
468 1449 41 21 fätt
525 1449 87 21 bosätta
627 1450 34 26 sig
677 1450 6 20 i
699 1450 32 20 ett
744 1449 59 26 land,
815 1449 97 21 förhällit

93 1479 35 28 sig
143 1479 40 21 der
198 1478 28 28 pä
242 1480 32 20 ett
289 1477 79 23 sådant
384 1479 44 21 sätt
444 1480 32 20 att
492 1478 44 21 den
551 1478 136 28 småningom
704 1478 61 28 gjrot
780 1478 34 28 sig
832 1478 25 22 af
866 1478 45 22 lan-

94 1509 48 21 dets
173 1509 85 21 kristna
280 1508 130 29 befolkning
433 1508 40 22 allt
496 1514 47 16 mer
561 1508 110 26 förhatad,
695 1508 24 22 sä
745 1508 109 27 förhatad,
879 1509 33 20 att

93 1541 16 20 t.
127 1545 34 16 ex.
183 1545 28 15 en
230 1538 24 22 sä
278 1538 107 22 frisinnad
408 1538 136 29 församling,
563 1545 46 15 som
629 1538 258 28 nationalförsamlingen
905 1538 7 22 i

808 1582 32 16 103
