1095 1773
331 217 310 28 Petitionsmemorial.

177 286 118 36 Prästest.
697 290 41 23 N:o
753 290 36 22 40.

295 591 46 19 Till
355 592 139 23 högvördiga
508 592 175 19 Presteständet.

181 660 37 19 Vid
230 660 39 23 fyra
281 660 110 23 landtdagar
402 661 33 17 har
446 660 66 23 frägan
524 665 28 13 om
564 656 106 27 utveckling
677 661 20 17 af
704 661 35 17 den
747 660 115 18 kommunala

113 689 135 23 själfstyrelsen
265 695 63 17 genom
345 689 84 18 bildande
446 689 21 18 af
483 691 26 16 ett
527 689 112 18 kommunalt
654 689 85 18 samhälle
751 689 65 17 mellan
828 689 34 17 den

115 718 80 22 primära
207 718 107 17 kommunen
327 717 31 18 och
371 718 202 22 folkrepresentationen
586 717 45 18 stätt
639 717 23 22 pä
670 717 140 23 dagordningen.
827 717 35 18 Re-

115 747 35 18 dan
166 747 20 17 är
201 747 44 18 1872
260 746 115 19 framstäldes
387 746 90 23 nämligen
490 746 7 17 i
509 746 148 23 borgareständet
669 748 26 16 ett
707 746 156 23 petitionsförslag

115 781 29 12 om
155 775 96 18 införande
263 776 21 17 af
295 775 86 22 länsting,
400 775 70 18 hvilket
482 775 45 18 dock
538 775 24 23 pä
573 775 59 23 grund
644 775 21 18 af
676 775 34 18 den
722 775 52 18 korta
785 775 28 16 tid
825 780 38 12 som

115 803 80 18 förflutit
213 803 55 18 sedan
286 804 33 17 den
337 809 36 18 nya
390 803 229 19 kommunalinstitutionen
636 803 85 22 infördes,
739 803 35 18 fick
786 803 77 18 förfalla.

114 832 94 18 Liknande
226 832 68 23 förslag
311 833 74 17 väcktes
397 832 30 18 vid
439 833 44 17 1877
496 832 29 18 års
536 833 88 21 landtdag
635 832 48 17 inom
695 832 125 21 ridderskapet
831 832 32 17 och

115 861 53 17 adeln
187 863 47 16 samt
251 861 138 22 presteständet,
406 861 61 18 hvilka
484 861 24 22 pä
522 861 129 22 lagutskottets
664 861 61 17 förord
737 861 20 17 af
768 860 96 17 ständerna

115 890 109 17 omfattades
242 889 7 17 i
266 890 47 17 form
329 890 21 17 af
366 890 84 18 anhällan
468 895 28 12 om
514 890 110 22 proposition
639 889 29 18 till
680 889 78 23 följande
769 889 94 22 landtdag.

117 918 59 17 Sedan
188 923 21 12 en
223 918 21 18 af
254 918 109 23 regeringen
374 918 7 18 i
393 918 63 22 början
468 919 20 17 af
498 918 44 18 1880
553 918 73 18 nedsatt
637 918 67 18 komit6
717 918 75 22 afgifvit
803 917 61 18 betän-

117 946 59 17 kande
194 946 6 17 i
219 948 65 20 ämnet,
296 946 105 18 utarbetadt
414 948 64 16 nästan
490 946 7 18 i
509 946 107 23 fullständig
628 946 185 18 öfverensstämmelse
825 946 40 17 med

118 974 35 18 den
169 975 77 17 svenska
258 974 54 23 lagen
324 980 28 12 om
364 974 82 23 länsting
458 975 41 17 med
509 975 94 22 undantag
615 975 20 17 af
645 974 137 23 bestämningen
794 978 29 13 om
833 973 32 19 val

116 1002 21 18 af
153 1003 115 18 medlemmar
284 1003 29 18 till
331 1003 60 18 första
407 1003 109 22 kammaren,
534 1003 88 18 förelades
639 1003 29 18 för
680 1003 44 18 1882
736 1003 29 17 ärs
777 1002 88 22 landtdag

117 1031 111 22 proposition
245 1032 41 17 med
304 1032 69 22 förslag
391 1031 30 18 till
439 1032 31 22 lag
487 1038 28 12 om
532 1032 93 18 införande
640 1032 21 18 af
671 1031 82 23 länsting
764 1031 7 18 i
782 1031 83 18 Finland.

117 1060 133 18 Sammansatta
262 1061 38 22 lag-
312 1060 33 18 och
357 1060 173 19 ekonomiutskottet
541 1060 101 22 tillstyrkte
653 1060 58 23 lagen,
720 1066 41 12 men
769 1060 97 18 ständerna

117 1088 103 18 förklarade
239 1089 29 23 sig
280 1089 54 18 bafva
347 1090 66 17 saknat
424 1089 28 17 tid
464 1091 28 16 att
504 1095 45 17 egna
560 1090 122 22 lagförslaget
694 1089 33 17 den
740 1089 127 23 omsorgsfulla

117 1117 87 23 pröfning
222 1118 99 17 detsamma
339 1118 58 18 skulle
414 1118 57 22 kräft,
482 1118 85 18 hvarföre
580 1118 30 17 det
622 1118 38 17 icke
672 1118 55 18 heller
737 1122 24 13 nu
773 1118 51 17 ledde
835 1117 31 17 till

118 1145 84 23 äsyftadt
214 1146 82 18 resultat.
320 1146 115 23 Regeringen
447 1146 78 18 tillsatte
538 1146 22 18 dä
573 1146 29 18 för
614 1146 57 18 andra
683 1146 71 23 gången
767 1151 21 13 en
800 1146 67 18 komitö

120 1174 21 17 är
159 1175 50 20 1883,
221 1174 73 18 hvilken
307 1174 113 18 omarbetade
431 1174 31 18 det
474 1175 49 18 förra
534 1175 120 23 lagförslaget
665 1175 23 22 pä
699 1174 61 24 grund
772 1175 20 17 af
803 1175 21 17 de
835 1179 31 13 an-

121 1202 117 23 märkningar
256 1203 61 18 hvilka
333 1204 57 17 under
401 1203 107 18 ständernas
520 1203 111 23 behandling
642 1204 59 22 gjorts
713 1205 38 15 mot
763 1203 104 21 detsamma,

119 1231 92 18 hvarefter
229 1237 23 17 ny
270 1232 112 22 proposition
400 1232 89 18 förelades
507 1233 97 17 ständerna
618 1233 49 20 1885,
681 1232 106 18 anslutande
799 1232 28 22 sig
839 1232 28 18 till

120 1260 90 18 komitens
222 1260 76 23 förslag.
321 1261 72 22 Frågan
405 1261 46 18 hade
463 1261 45 17 dock
521 1261 72 18 erhållit
605 1262 26 16 ett
642 1262 42 21 nytt
695 1260 82 23 uppslag,
789 1260 7 18 i
810 1260 28 18 det
846 1256 22 32 en

119 1288 93 18 minoritet
224 1288 6 18 i
243 1290 78 18 nämnda
333 1290 69 18 komitö
413 1290 55 22 yrkat
480 1291 28 16 att
516 1290 33 18 den
557 1290 124 18 förmedlande
688 1290 66 17 länken
762 1289 64 18 mellan
834 1289 33 18 den

118 1318 63 22 lägsta
197 1318 108 18 kommunen
321 1318 32 18 och
365 1318 204 23 folkrepresentationen
580 1318 55 18 borde
647 1318 57 18 blifva
715 1318 81 18 häradet.
820 1317 49 23 Lag-

119 1346 33 17 och
170 1346 173 18 ekonomiutskottet
361 1347 98 23 tillstyrkte
478 1347 44 18 dock
540 1348 46 22 ånyo
599 1352 21 12 en
632 1346 31 23 lag
675 1352 29 12 om
715 1346 83 22 länsting
810 1346 6 18 i
828 1348 40 16 när-

119 1377 58 15 maste
189 1375 187 19 öfverensstämmelse
388 1376 40 18 med
440 1376 140 23 propositionen,
592 1376 72 18 hvilken
677 1376 54 18 också
738 1375 103 23 godkändes
849 1375 21 18 af

119 1403 128 22 ridderskapet
258 1404 32 16 och
303 1404 53 18 adeln
368 1406 47 15 samt
427 1404 153 23 borgareständet,
593 1410 39 11 men
645 1404 22 17 dä
679 1406 68 20 präste-
760 1404 32 16 och
804 1404 65 16 bonde-

119 1431 77 18 ständen
214 1433 86 16 motsatte
317 1432 29 22 sig
364 1432 33 17 den
415 1437 36 17 nya
462 1432 132 22 institutionen,
610 1432 39 17 blef
660 1432 57 17 denna
729 1431 83 23 graflagd
824 1433 45 15 utan

120 1461 29 17 att
159 1460 59 17 väcka
230 1459 109 19 allmännare
352 1460 69 18 saknad
433 1460 6 18 i
451 1460 65 18 landet.
