<?xml version="1.0" encoding="UTF-8"?>
<alto xmlns="http://www.loc.gov/standards/alto/ns-v3#" xmlns:xlink="http://www.w3.org/1999/xlink" xmlns:xsi="http://www.w3.org/2001/XMLSchema-instance" xsi:schemaLocation="http://www.loc.gov/standards/alto/ns-v3# http://www.loc.gov/alto/v3/alto-3-0.xsd">
	<Description>
		<MeasurementUnit>pixel</MeasurementUnit>
		<sourceImageInformation>
			<fileName>/tmp/tess_j86mdh6__input.PNG</fileName>
		</sourceImageInformation>
		<OCRProcessing ID="OCR_0">
			<ocrProcessingStep>
				<processingSoftware>
					<softwareName>tesseract 5.3.4</softwareName>
				</processingSoftware>
			</ocrProcessingStep>
		</OCRProcessing>
	</Description>
	<Layout>
		<Page WIDTH="1092" HEIGHT="1798" PHYSICAL_IMG_NR="0" ID="page_0">
			<PrintSpace HPOS="0" VPOS="0" WIDTH="1092" HEIGHT="1798">
				<ComposedBlock ID="cblock_0" HPOS="417" VPOS="131" WIDTH="458" HEIGHT="22">
					<TextBlock ID="block_0" HPOS="417" VPOS="131" WIDTH="458" HEIGHT="22">
						<TextLine ID="line_0" HPOS="417" VPOS="131" WIDTH="458" HEIGHT="22">
							<String ID="string_0" HPOS="417" VPOS="131" WIDTH="83" HEIGHT="18" WC="0.92" CONTENT="Toukok."/><SP WIDTH="18" VPOS="131" HPOS="500"/>
							<String ID="string_1" HPOS="518" VPOS="132" WIDTH="22" HEIGHT="17" WC="0.96" CONTENT="28"/><SP WIDTH="12" VPOS="132" HPOS="540"/>
							<String ID="string_2" HPOS="552" VPOS="136" WIDTH="17" HEIGHT="17" WC="0.96" CONTENT="p."/><SP WIDTH="250" VPOS="136" HPOS="569"/>
							<String ID="string_3" HPOS="819" VPOS="133" WIDTH="56" HEIGHT="20" WC="0.96" CONTENT="1823"/>
						</TextLine>
					</TextBlock>
				</ComposedBlock>
				<ComposedBlock ID="cblock_1" HPOS="85" VPOS="185" WIDTH="828" HEIGHT="1382">
					<TextBlock ID="block_1" HPOS="85" VPOS="185" WIDTH="826" HEIGHT="1204">
						<TextLine ID="line_1" HPOS="85" VPOS="185" WIDTH="819" HEIGHT="30">
							<String ID="string_4" HPOS="85" VPOS="186" WIDTH="122" HEIGHT="24" WC="0.92" CONTENT="afvikande"/><SP WIDTH="15" VPOS="186" HPOS="207"/>
							<String ID="string_5" HPOS="222" VPOS="185" WIDTH="62" HEIGHT="29" WC="0.92" CONTENT="äsigt."/><SP WIDTH="31" VPOS="185" HPOS="284"/>
							<String ID="string_6" HPOS="315" VPOS="186" WIDTH="45" HEIGHT="28" WC="0.93" CONTENT="Jag"/><SP WIDTH="14" VPOS="186" HPOS="360"/>
							<String ID="string_7" HPOS="374" VPOS="185" WIDTH="70" HEIGHT="30" WC="0.96" CONTENT="ansåg"/><SP WIDTH="15" VPOS="185" HPOS="444"/>
							<String ID="string_8" HPOS="459" VPOS="186" WIDTH="111" HEIGHT="28" WC="0.96" CONTENT="nämligen"/><SP WIDTH="23" VPOS="186" HPOS="570"/>
							<String ID="string_9" HPOS="593" VPOS="187" WIDTH="33" HEIGHT="21" WC="0.93" CONTENT="att"/><SP WIDTH="24" VPOS="187" HPOS="626"/>
							<String ID="string_10" HPOS="650" VPOS="186" WIDTH="50" HEIGHT="22" WC="0.80" CONTENT="icke"/><SP WIDTH="23" VPOS="186" HPOS="700"/>
							<String ID="string_11" HPOS="723" VPOS="186" WIDTH="25" HEIGHT="22" WC="0.96" CONTENT="sä"/><SP WIDTH="21" VPOS="186" HPOS="748"/>
							<String ID="string_12" HPOS="769" VPOS="187" WIDTH="46" HEIGHT="20" WC="0.96" CONTENT="stor"/><SP WIDTH="23" VPOS="187" HPOS="815"/>
							<String ID="string_13" HPOS="838" VPOS="185" WIDTH="66" HEIGHT="23" WC="0.96" CONTENT="andel"/>
						</TextLine>
						<TextLine ID="line_2" HPOS="86" VPOS="216" WIDTH="819" HEIGHT="29">
							<String ID="string_14" HPOS="86" VPOS="217" WIDTH="68" HEIGHT="22" WC="0.95" CONTENT="borde"/><SP WIDTH="16" VPOS="217" HPOS="154"/>
							<String ID="string_15" HPOS="170" VPOS="216" WIDTH="71" HEIGHT="24" WC="0.96" CONTENT="under"/><SP WIDTH="16" VPOS="216" HPOS="241"/>
							<String ID="string_16" HPOS="257" VPOS="216" WIDTH="42" HEIGHT="22" WC="0.93" CONTENT="den"/><SP WIDTH="15" VPOS="216" HPOS="299"/>
							<String ID="string_17" HPOS="314" VPOS="216" WIDTH="134" HEIGHT="22" WC="0.96" CONTENT="kommande"/><SP WIDTH="16" VPOS="216" HPOS="448"/>
							<String ID="string_18" HPOS="464" VPOS="217" WIDTH="104" HEIGHT="27" WC="0.96" CONTENT="perioden"/><SP WIDTH="16" VPOS="217" HPOS="568"/>
							<String ID="string_19" HPOS="584" VPOS="216" WIDTH="89" HEIGHT="23" WC="0.96" CONTENT="anvisas"/><SP WIDTH="25" VPOS="216" HPOS="673"/>
							<String ID="string_20" HPOS="698" VPOS="216" WIDTH="29" HEIGHT="29" WC="0.93" CONTENT="pä"/><SP WIDTH="22" VPOS="216" HPOS="727"/>
							<String ID="string_21" HPOS="749" VPOS="216" WIDTH="156" HEIGHT="27" WC="0.60" CONTENT="hbankvinsten,"/>
						</TextLine>
						<TextLine ID="line_3" HPOS="86" VPOS="246" WIDTH="819" HEIGHT="27">
							<String ID="string_22" HPOS="86" VPOS="248" WIDTH="53" HEIGHT="21" WC="0.95" CONTENT="utan"/><SP WIDTH="16" VPOS="248" HPOS="139"/>
							<String ID="string_23" HPOS="155" VPOS="248" WIDTH="34" HEIGHT="20" WC="0.93" CONTENT="att"/><SP WIDTH="14" VPOS="248" HPOS="189"/>
							<String ID="string_24" HPOS="203" VPOS="246" WIDTH="156" HEIGHT="22" WC="0.91" CONTENT="vexelskatten"/><SP WIDTH="16" VPOS="246" HPOS="359"/>
							<String ID="string_25" HPOS="375" VPOS="246" WIDTH="69" HEIGHT="22" WC="0.93" CONTENT="borde"/><SP WIDTH="16" VPOS="246" HPOS="444"/>
							<String ID="string_26" HPOS="460" VPOS="246" WIDTH="96" HEIGHT="22" WC="0.92" CONTENT="kvarstä."/><SP WIDTH="16" VPOS="246" HPOS="556"/>
							<String ID="string_27" HPOS="572" VPOS="247" WIDTH="52" HEIGHT="21" WC="0.96" CONTENT="Men"/><SP WIDTH="14" VPOS="247" HPOS="624"/>
							<String ID="string_28" HPOS="638" VPOS="247" WIDTH="7" HEIGHT="21" WC="0.93" CONTENT="i"/><SP WIDTH="16" VPOS="247" HPOS="645"/>
							<String ID="string_29" HPOS="661" VPOS="246" WIDTH="112" HEIGHT="22" WC="0.92" CONTENT="anseende"/><SP WIDTH="15" VPOS="246" HPOS="773"/>
							<String ID="string_30" HPOS="788" VPOS="246" WIDTH="34" HEIGHT="21" WC="0.93" CONTENT="till"/><SP WIDTH="15" VPOS="246" HPOS="822"/>
							<String ID="string_31" HPOS="837" VPOS="246" WIDTH="68" HEIGHT="27" WC="0.92" CONTENT="omöj-"/>
						</TextLine>
						<TextLine ID="line_4" HPOS="86" VPOS="275" WIDTH="820" HEIGHT="30">
							<String ID="string_32" HPOS="86" VPOS="277" WIDTH="99" HEIGHT="28" WC="0.93" CONTENT="ligheten"/><SP WIDTH="15" VPOS="277" HPOS="185"/>
							<String ID="string_33" HPOS="200" VPOS="277" WIDTH="34" HEIGHT="21" WC="0.93" CONTENT="att"/><SP WIDTH="16" VPOS="277" HPOS="234"/>
							<String ID="string_34" HPOS="250" VPOS="275" WIDTH="117" HEIGHT="29" WC="0.92" CONTENT="uppehälla"/><SP WIDTH="15" VPOS="275" HPOS="367"/>
							<String ID="string_35" HPOS="382" VPOS="276" WIDTH="151" HEIGHT="22" WC="0.92" CONTENT="betänkandet"/><SP WIDTH="15" VPOS="276" HPOS="533"/>
							<String ID="string_36" HPOS="548" VPOS="277" WIDTH="42" HEIGHT="21" WC="0.96" CONTENT="och"/><SP WIDTH="16" VPOS="277" HPOS="590"/>
							<String ID="string_37" HPOS="606" VPOS="277" WIDTH="50" HEIGHT="21" WC="0.89" CONTENT="med"/><SP WIDTH="26" VPOS="277" HPOS="656"/>
							<String ID="string_38" HPOS="682" VPOS="276" WIDTH="120" HEIGHT="28" WC="0.89" CONTENT="anledning"/><SP WIDTH="22" VPOS="276" HPOS="802"/>
							<String ID="string_39" HPOS="824" VPOS="277" WIDTH="25" HEIGHT="20" WC="0.96" CONTENT="af"/><SP WIDTH="14" VPOS="277" HPOS="849"/>
							<String ID="string_40" HPOS="863" VPOS="276" WIDTH="43" HEIGHT="22" WC="0.96" CONTENT="den"/>
						</TextLine>
						<TextLine ID="line_5" HPOS="85" VPOS="305" WIDTH="820" HEIGHT="30">
							<String ID="string_41" HPOS="85" VPOS="306" WIDTH="145" HEIGHT="28" WC="0.91" CONTENT="omröstning,"/><SP WIDTH="16" VPOS="306" HPOS="230"/>
							<String ID="string_42" HPOS="246" VPOS="312" WIDTH="48" HEIGHT="16" WC="0.93" CONTENT="som"/><SP WIDTH="17" VPOS="312" HPOS="294"/>
							<String ID="string_43" HPOS="311" VPOS="306" WIDTH="126" HEIGHT="28" WC="0.92" CONTENT="försiggick,"/><SP WIDTH="17" VPOS="306" HPOS="437"/>
							<String ID="string_44" HPOS="454" VPOS="306" WIDTH="74" HEIGHT="22" WC="0.93" CONTENT="afstod"/><SP WIDTH="14" VPOS="306" HPOS="528"/>
							<String ID="string_45" HPOS="542" VPOS="307" WIDTH="41" HEIGHT="28" WC="0.93" CONTENT="jag"/><SP WIDTH="16" VPOS="307" HPOS="583"/>
							<String ID="string_46" HPOS="599" VPOS="305" WIDTH="48" HEIGHT="23" WC="0.93" CONTENT="frän"/><SP WIDTH="15" VPOS="305" HPOS="647"/>
							<String ID="string_47" HPOS="662" VPOS="308" WIDTH="33" HEIGHT="19" WC="0.93" CONTENT="att"/><SP WIDTH="15" VPOS="308" HPOS="695"/>
							<String ID="string_48" HPOS="710" VPOS="306" WIDTH="98" HEIGHT="22" WC="0.90" CONTENT="inlemna"/><SP WIDTH="21" VPOS="306" HPOS="808"/>
							<String ID="string_49" HPOS="829" VPOS="313" WIDTH="28" HEIGHT="15" WC="0.93" CONTENT="en"/><SP WIDTH="16" VPOS="313" HPOS="857"/>
							<String ID="string_50" HPOS="873" VPOS="312" WIDTH="32" HEIGHT="15" WC="0.93" CONTENT="re-"/>
						</TextLine>
						<TextLine ID="line_6" HPOS="85" VPOS="335" WIDTH="820" HEIGHT="29">
							<String ID="string_51" HPOS="85" VPOS="337" WIDTH="120" HEIGHT="26" WC="0.89" CONTENT="servation,"/><SP WIDTH="16" VPOS="337" HPOS="205"/>
							<String ID="string_52" HPOS="221" VPOS="336" WIDTH="90" HEIGHT="23" WC="0.96" CONTENT="hvilken"/><SP WIDTH="16" VPOS="336" HPOS="311"/>
							<String ID="string_53" HPOS="327" VPOS="335" WIDTH="67" HEIGHT="23" WC="0.96" CONTENT="också"/><SP WIDTH="14" VPOS="335" HPOS="394"/>
							<String ID="string_54" HPOS="408" VPOS="336" WIDTH="58" HEIGHT="22" WC="0.96" CONTENT="hade"/><SP WIDTH="16" VPOS="336" HPOS="466"/>
							<String ID="string_55" HPOS="482" VPOS="336" WIDTH="86" HEIGHT="22" WC="0.93" CONTENT="kunnat"/><SP WIDTH="15" VPOS="336" HPOS="568"/>
							<String ID="string_56" HPOS="583" VPOS="336" WIDTH="87" HEIGHT="22" WC="0.96" CONTENT="utdelas"/><SP WIDTH="16" VPOS="336" HPOS="670"/>
							<String ID="string_57" HPOS="686" VPOS="336" WIDTH="56" HEIGHT="22" WC="0.24" CONTENT="först"/><SP WIDTH="7" VPOS="336" HPOS="742"/>
							<String ID="string_58" HPOS="749" VPOS="336" WIDTH="62" HEIGHT="28" WC="0.36" CONTENT="långt"/><SP WIDTH="8" VPOS="336" HPOS="811"/>
							<String ID="string_59" HPOS="819" VPOS="341" WIDTH="86" HEIGHT="22" WC="0.96" CONTENT="senare,"/>
						</TextLine>
						<TextLine ID="line_7" HPOS="86" VPOS="366" WIDTH="820" HEIGHT="28">
							<String ID="string_60" HPOS="86" VPOS="367" WIDTH="68" HEIGHT="22" WC="0.92" CONTENT="likväl"/><SP WIDTH="17" VPOS="367" HPOS="154"/>
							<String ID="string_61" HPOS="171" VPOS="366" WIDTH="167" HEIGHT="23" WC="0.92" CONTENT="förbehällande"/><SP WIDTH="16" VPOS="366" HPOS="338"/>
							<String ID="string_62" HPOS="354" VPOS="367" WIDTH="45" HEIGHT="27" WC="0.96" CONTENT="mig"/><SP WIDTH="15" VPOS="367" HPOS="399"/>
							<String ID="string_63" HPOS="414" VPOS="368" WIDTH="33" HEIGHT="20" WC="0.96" CONTENT="att"/><SP WIDTH="16" VPOS="368" HPOS="447"/>
							<String ID="string_64" HPOS="463" VPOS="366" WIDTH="7" HEIGHT="22" WC="0.93" CONTENT="i"/><SP WIDTH="15" VPOS="366" HPOS="470"/>
							<String ID="string_65" HPOS="485" VPOS="367" WIDTH="88" HEIGHT="22" WC="0.96" CONTENT="ståndet"/><SP WIDTH="15" VPOS="367" HPOS="573"/>
							<String ID="string_66" HPOS="588" VPOS="366" WIDTH="117" HEIGHT="22" WC="0.96" CONTENT="framhålla"/><SP WIDTH="15" VPOS="366" HPOS="705"/>
							<String ID="string_67" HPOS="720" VPOS="366" WIDTH="73" HEIGHT="22" WC="0.96" CONTENT="denna"/><SP WIDTH="20" VPOS="366" HPOS="793"/>
							<String ID="string_68" HPOS="813" VPOS="367" WIDTH="44" HEIGHT="21" WC="0.93" CONTENT="min"/><SP WIDTH="16" VPOS="367" HPOS="857"/>
							<String ID="string_69" HPOS="873" VPOS="366" WIDTH="33" HEIGHT="23" WC="0.84" CONTENT="af-"/>
						</TextLine>
						<TextLine ID="line_8" HPOS="86" VPOS="396" WIDTH="820" HEIGHT="29">
							<String ID="string_70" HPOS="86" VPOS="397" WIDTH="96" HEIGHT="22" WC="0.91" CONTENT="vikande"/><SP WIDTH="16" VPOS="397" HPOS="182"/>
							<String ID="string_71" HPOS="198" VPOS="396" WIDTH="96" HEIGHT="29" WC="0.95" CONTENT="mening."/><SP WIDTH="31" VPOS="396" HPOS="294"/>
							<String ID="string_72" HPOS="325" VPOS="396" WIDTH="44" HEIGHT="29" WC="0.93" CONTENT="Jag"/><SP WIDTH="15" VPOS="396" HPOS="369"/>
							<String ID="string_73" HPOS="384" VPOS="397" WIDTH="68" HEIGHT="27" WC="0.93" CONTENT="hyser"/><SP WIDTH="11" VPOS="397" HPOS="452"/>
							<String ID="string_74" HPOS="463" VPOS="396" WIDTH="73" HEIGHT="22" WC="0.96" CONTENT="denna"/><SP WIDTH="8" VPOS="396" HPOS="536"/>
							<String ID="string_75" HPOS="544" VPOS="396" WIDTH="142" HEIGHT="29" WC="0.96" CONTENT="uppfattning"/><SP WIDTH="8" VPOS="396" HPOS="686"/>
							<String ID="string_76" HPOS="694" VPOS="403" WIDTH="36" HEIGHT="15" WC="0.93" CONTENT="om"/><SP WIDTH="10" VPOS="403" HPOS="730"/>
							<String ID="string_77" HPOS="740" VPOS="396" WIDTH="166" HEIGHT="29" WC="0.92" CONTENT="behöfligheten"/>
						</TextLine>
						<TextLine ID="line_9" HPOS="86" VPOS="426" WIDTH="820" HEIGHT="27">
							<String ID="string_78" HPOS="86" VPOS="427" WIDTH="27" HEIGHT="22" WC="0.93" CONTENT="af"/><SP WIDTH="13" VPOS="427" HPOS="113"/>
							<String ID="string_79" HPOS="126" VPOS="427" WIDTH="168" HEIGHT="22" WC="0.92" CONTENT="vexelskattens"/><SP WIDTH="15" VPOS="427" HPOS="294"/>
							<String ID="string_80" HPOS="309" VPOS="426" WIDTH="162" HEIGHT="27" WC="0.96" CONTENT="bibehållande,"/><SP WIDTH="16" VPOS="426" HPOS="471"/>
							<String ID="string_81" HPOS="487" VPOS="427" WIDTH="94" HEIGHT="22" WC="0.96" CONTENT="emedan"/><SP WIDTH="16" VPOS="427" HPOS="581"/>
							<String ID="string_82" HPOS="597" VPOS="427" WIDTH="43" HEIGHT="22" WC="0.96" CONTENT="den"/><SP WIDTH="15" VPOS="427" HPOS="640"/>
							<String ID="string_83" HPOS="655" VPOS="433" WIDTH="31" HEIGHT="16" WC="0.96" CONTENT="nu"/><SP WIDTH="22" VPOS="433" HPOS="686"/>
							<String ID="string_84" HPOS="708" VPOS="426" WIDTH="69" HEIGHT="22" WC="0.96" CONTENT="redan"/><SP WIDTH="26" VPOS="426" HPOS="777"/>
							<String ID="string_85" HPOS="803" VPOS="427" WIDTH="58" HEIGHT="21" WC="0.93" CONTENT="varit"/><SP WIDTH="14" VPOS="427" HPOS="861"/>
							<String ID="string_86" HPOS="875" VPOS="426" WIDTH="31" HEIGHT="22" WC="0.93" CONTENT="in-"/>
						</TextLine>
						<TextLine ID="line_10" HPOS="87" VPOS="457" WIDTH="819" HEIGHT="28">
							<String ID="string_87" HPOS="87" VPOS="457" WIDTH="50" HEIGHT="24" WC="0.96" CONTENT="förd"/><SP WIDTH="15" VPOS="457" HPOS="137"/>
							<String ID="string_88" HPOS="152" VPOS="457" WIDTH="43" HEIGHT="22" WC="0.93" CONTENT="och"/><SP WIDTH="15" VPOS="457" HPOS="195"/>
							<String ID="string_89" HPOS="210" VPOS="457" WIDTH="49" HEIGHT="22" WC="0.95" CONTENT="icke"/><SP WIDTH="16" VPOS="457" HPOS="259"/>
							<String ID="string_90" HPOS="275" VPOS="458" WIDTH="25" HEIGHT="21" WC="0.93" CONTENT="är"/><SP WIDTH="15" VPOS="458" HPOS="300"/>
							<String ID="string_91" HPOS="315" VPOS="457" WIDTH="149" HEIGHT="28" WC="0.96" CONTENT="betungande."/><SP WIDTH="32" VPOS="457" HPOS="464"/>
							<String ID="string_92" HPOS="496" VPOS="457" WIDTH="33" HEIGHT="22" WC="0.93" CONTENT="En"/><SP WIDTH="16" VPOS="457" HPOS="529"/>
							<String ID="string_93" HPOS="545" VPOS="457" WIDTH="136" HEIGHT="28" WC="0.95" CONTENT="granskning"/><SP WIDTH="15" VPOS="457" HPOS="681"/>
							<String ID="string_94" HPOS="696" VPOS="457" WIDTH="23" HEIGHT="22" WC="0.93" CONTENT="af"/><SP WIDTH="12" VPOS="457" HPOS="719"/>
							<String ID="string_95" HPOS="731" VPOS="457" WIDTH="175" HEIGHT="22" WC="0.92" CONTENT="statsräkenska-"/>
						</TextLine>
						<TextLine ID="line_11" HPOS="88" VPOS="487" WIDTH="819" HEIGHT="29">
							<String ID="string_96" HPOS="88" VPOS="494" WIDTH="76" HEIGHT="22" WC="0.96" CONTENT="perna,"/><SP WIDTH="23" VPOS="494" HPOS="164"/>
							<String ID="string_97" HPOS="187" VPOS="487" WIDTH="114" HEIGHT="28" WC="0.96" CONTENT="nämligen"/><SP WIDTH="25" VPOS="487" HPOS="301"/>
							<String ID="string_98" HPOS="326" VPOS="487" WIDTH="105" HEIGHT="22" WC="0.92" CONTENT="Finlands"/><SP WIDTH="26" VPOS="487" HPOS="431"/>
							<String ID="string_99" HPOS="457" VPOS="487" WIDTH="184" HEIGHT="27" WC="0.91" CONTENT="statsinkomster,"/><SP WIDTH="26" VPOS="487" HPOS="641"/>
							<String ID="string_100" HPOS="667" VPOS="487" WIDTH="73" HEIGHT="22" WC="0.91" CONTENT="såvidt"/><SP WIDTH="22" VPOS="487" HPOS="740"/>
							<String ID="string_101" HPOS="762" VPOS="487" WIDTH="28" HEIGHT="22" WC="0.93" CONTENT="de"/><SP WIDTH="23" VPOS="487" HPOS="790"/>
							<String ID="string_102" HPOS="813" VPOS="487" WIDTH="94" HEIGHT="22" WC="0.96" CONTENT="omfatta"/>
						</TextLine>
						<TextLine ID="line_12" HPOS="88" VPOS="517" WIDTH="819" HEIGHT="29">
							<String ID="string_103" HPOS="88" VPOS="518" WIDTH="113" HEIGHT="22" WC="0.92" CONTENT="allmänna"/><SP WIDTH="23" VPOS="518" HPOS="201"/>
							<String ID="string_104" HPOS="224" VPOS="517" WIDTH="140" HEIGHT="23" WC="0.92" CONTENT="statsfonden"/><SP WIDTH="23" VPOS="517" HPOS="364"/>
							<String ID="string_105" HPOS="387" VPOS="518" WIDTH="58" HEIGHT="21" WC="0.93" CONTENT="samt"/><SP WIDTH="26" VPOS="518" HPOS="445"/>
							<String ID="string_106" HPOS="471" VPOS="517" WIDTH="227" HEIGHT="29" WC="0.62" CONTENT="bevillningsfondens"/><SP WIDTH="22" VPOS="517" HPOS="698"/>
							<String ID="string_107" HPOS="720" VPOS="517" WIDTH="122" HEIGHT="23" WC="0.96" CONTENT="inkomster"/><SP WIDTH="23" VPOS="517" HPOS="842"/>
							<String ID="string_108" HPOS="865" VPOS="517" WIDTH="42" HEIGHT="22" WC="0.96" CONTENT="och"/>
						</TextLine>
						<TextLine ID="line_13" HPOS="89" VPOS="548" WIDTH="819" HEIGHT="29">
							<String ID="string_109" HPOS="89" VPOS="548" WIDTH="93" HEIGHT="29" WC="0.96" CONTENT="utgifter"/><SP WIDTH="16" VPOS="548" HPOS="182"/>
							<String ID="string_110" HPOS="198" VPOS="548" WIDTH="70" HEIGHT="22" WC="0.96" CONTENT="under"/><SP WIDTH="15" VPOS="548" HPOS="268"/>
							<String ID="string_111" HPOS="283" VPOS="548" WIDTH="38" HEIGHT="21" WC="0.93" CONTENT="det"/><SP WIDTH="16" VPOS="548" HPOS="321"/>
							<String ID="string_112" HPOS="337" VPOS="548" WIDTH="105" HEIGHT="22" WC="0.96" CONTENT="förflutna"/><SP WIDTH="15" VPOS="548" HPOS="442"/>
							<String ID="string_113" HPOS="457" VPOS="548" WIDTH="123" HEIGHT="27" WC="0.93" CONTENT="decenniet,"/><SP WIDTH="26" VPOS="548" HPOS="580"/>
							<String ID="string_114" HPOS="606" VPOS="548" WIDTH="74" HEIGHT="28" WC="0.92" CONTENT="gifver"/><SP WIDTH="23" VPOS="548" HPOS="680"/>
							<String ID="string_115" HPOS="703" VPOS="548" WIDTH="37" HEIGHT="21" WC="0.93" CONTENT="vid"/><SP WIDTH="23" VPOS="548" HPOS="740"/>
							<String ID="string_116" HPOS="763" VPOS="548" WIDTH="89" HEIGHT="21" WC="0.61" CONTENT="handen"/><SP WIDTH="23" VPOS="548" HPOS="852"/>
							<String ID="string_117" HPOS="875" VPOS="549" WIDTH="33" HEIGHT="20" WC="0.96" CONTENT="att"/>
						</TextLine>
						<TextLine ID="line_14" HPOS="87" VPOS="578" WIDTH="820" HEIGHT="28">
							<String ID="string_118" HPOS="87" VPOS="579" WIDTH="71" HEIGHT="22" WC="0.92" CONTENT="under"/><SP WIDTH="15" VPOS="579" HPOS="158"/>
							<String ID="string_119" HPOS="173" VPOS="578" WIDTH="106" HEIGHT="28" WC="0.92" CONTENT="perioden"/><SP WIDTH="17" VPOS="578" HPOS="279"/>
							<String ID="string_120" HPOS="296" VPOS="580" WIDTH="145" HEIGHT="20" WC="0.92" CONTENT="1886—1888"/><SP WIDTH="17" VPOS="580" HPOS="441"/>
							<String ID="string_121" HPOS="458" VPOS="578" WIDTH="70" HEIGHT="28" WC="0.96" CONTENT="enligt"/><SP WIDTH="10" VPOS="578" HPOS="528"/>
							<String ID="string_122" HPOS="538" VPOS="578" WIDTH="28" HEIGHT="22" WC="0.93" CONTENT="de"/><SP WIDTH="8" VPOS="578" HPOS="566"/>
							<String ID="string_123" HPOS="574" VPOS="578" WIDTH="111" HEIGHT="22" WC="0.91" CONTENT="afslutade"/><SP WIDTH="7" VPOS="578" HPOS="685"/>
							<String ID="string_124" HPOS="692" VPOS="578" WIDTH="158" HEIGHT="28" WC="0.92" CONTENT="räkenskaper,"/><SP WIDTH="9" VPOS="578" HPOS="850"/>
							<String ID="string_125" HPOS="859" VPOS="584" WIDTH="48" HEIGHT="16" WC="0.96" CONTENT="som"/>
						</TextLine>
						<TextLine ID="line_15" HPOS="87" VPOS="608" WIDTH="820" HEIGHT="28">
							<String ID="string_126" HPOS="87" VPOS="609" WIDTH="68" HEIGHT="22" WC="0.92" CONTENT="äfven"/><SP WIDTH="16" VPOS="609" HPOS="155"/>
							<String ID="string_127" HPOS="171" VPOS="609" WIDTH="177" HEIGHT="22" WC="0.92" CONTENT="statsutskottets"/><SP WIDTH="16" VPOS="609" HPOS="348"/>
							<String ID="string_128" HPOS="364" VPOS="608" WIDTH="141" HEIGHT="22" WC="0.92" CONTENT="betänkande"/><SP WIDTH="15" VPOS="608" HPOS="505"/>
							<String ID="string_129" HPOS="520" VPOS="608" WIDTH="7" HEIGHT="22" WC="0.95" CONTENT="i"/><SP WIDTH="16" VPOS="608" HPOS="527"/>
							<String ID="string_130" HPOS="543" VPOS="608" WIDTH="157" HEIGHT="28" WC="0.93" CONTENT="sammandrag"/><SP WIDTH="8" VPOS="608" HPOS="700"/>
							<String ID="string_131" HPOS="708" VPOS="608" WIDTH="119" HEIGHT="27" WC="0.91" CONTENT="meddelat,"/><SP WIDTH="10" VPOS="608" HPOS="827"/>
							<String ID="string_132" HPOS="837" VPOS="608" WIDTH="70" HEIGHT="22" WC="0.96" CONTENT="under"/>
						</TextLine>
						<TextLine ID="line_16" HPOS="87" VPOS="638" WIDTH="819" HEIGHT="30">
							<String ID="string_133" HPOS="87" VPOS="638" WIDTH="171" HEIGHT="30" WC="0.95" CONTENT="ifrågavarande"/><SP WIDTH="16" VPOS="638" HPOS="258"/>
							<String ID="string_134" HPOS="274" VPOS="638" WIDTH="77" HEIGHT="29" WC="0.96" CONTENT="period"/><SP WIDTH="16" VPOS="638" HPOS="351"/>
							<String ID="string_135" HPOS="367" VPOS="640" WIDTH="32" HEIGHT="20" WC="0.93" CONTENT="ett"/><SP WIDTH="22" VPOS="640" HPOS="399"/>
							<String ID="string_136" HPOS="421" VPOS="638" WIDTH="125" HEIGHT="23" WC="0.89" CONTENT="öfverskott"/><SP WIDTH="22" VPOS="638" HPOS="546"/>
							<String ID="string_137" HPOS="568" VPOS="638" WIDTH="100" HEIGHT="29" WC="0.96" CONTENT="uppstått"/><SP WIDTH="22" VPOS="638" HPOS="668"/>
							<String ID="string_138" HPOS="690" VPOS="638" WIDTH="26" HEIGHT="22" WC="0.96" CONTENT="af"/><SP WIDTH="21" VPOS="638" HPOS="716"/>
							<String ID="string_139" HPOS="737" VPOS="639" WIDTH="94" HEIGHT="27" WC="0.96" CONTENT="ungefär"/><SP WIDTH="23" VPOS="639" HPOS="831"/>
							<String ID="string_140" HPOS="854" VPOS="641" WIDTH="14" HEIGHT="19" WC="0.55" CONTENT="5"/><SP WIDTH="15" VPOS="641" HPOS="868"/>
							<String ID="string_141" HPOS="883" VPOS="639" WIDTH="23" HEIGHT="27" WC="0.72" CONTENT="!,"/>
						</TextLine>
						<TextLine ID="line_17" HPOS="89" VPOS="668" WIDTH="819" HEIGHT="29">
							<String ID="string_142" HPOS="89" VPOS="670" WIDTH="102" HEIGHT="27" WC="0.93" CONTENT="miljoner"/><SP WIDTH="15" VPOS="670" HPOS="191"/>
							<String ID="string_143" HPOS="206" VPOS="669" WIDTH="91" HEIGHT="28" WC="0.91" CONTENT="ärligen."/><SP WIDTH="33" VPOS="669" HPOS="297"/>
							<String ID="string_144" HPOS="330" VPOS="668" WIDTH="75" HEIGHT="22" WC="0.96" CONTENT="Under"/><SP WIDTH="14" VPOS="668" HPOS="405"/>
							<String ID="string_145" HPOS="419" VPOS="669" WIDTH="44" HEIGHT="21" WC="0.96" CONTENT="den"/><SP WIDTH="16" VPOS="669" HPOS="463"/>
							<String ID="string_146" HPOS="479" VPOS="669" WIDTH="99" HEIGHT="27" WC="0.93" CONTENT="följande"/><SP WIDTH="15" VPOS="669" HPOS="578"/>
							<String ID="string_147" HPOS="593" VPOS="668" WIDTH="106" HEIGHT="29" WC="0.91" CONTENT="perioden"/><SP WIDTH="12" VPOS="668" HPOS="699"/>
							<String ID="string_148" HPOS="711" VPOS="671" WIDTH="143" HEIGHT="19" WC="0.91" CONTENT="1889—1891"/><SP WIDTH="13" VPOS="671" HPOS="854"/>
							<String ID="string_149" HPOS="867" VPOS="675" WIDTH="41" HEIGHT="15" WC="0.96" CONTENT="var"/>
						</TextLine>
						<TextLine ID="line_18" HPOS="88" VPOS="698" WIDTH="820" HEIGHT="28">
							<String ID="string_150" HPOS="88" VPOS="700" WIDTH="62" HEIGHT="21" WC="0.93" CONTENT="detta"/><SP WIDTH="16" VPOS="700" HPOS="150"/>
							<String ID="string_151" HPOS="166" VPOS="699" WIDTH="125" HEIGHT="22" WC="0.68" CONTENT="öfverskott"/><SP WIDTH="25" VPOS="699" HPOS="291"/>
							<String ID="string_152" HPOS="316" VPOS="698" WIDTH="95" HEIGHT="28" WC="0.95" CONTENT="ungefär"/><SP WIDTH="24" VPOS="698" HPOS="411"/>
							<String ID="string_153" HPOS="435" VPOS="701" WIDTH="12" HEIGHT="19" WC="0.67" CONTENT="5"/><SP WIDTH="13" VPOS="701" HPOS="447"/>
							<String ID="string_154" HPOS="460" VPOS="700" WIDTH="23" HEIGHT="26" WC="0.67" CONTENT="&#39;/,"/><SP WIDTH="27" VPOS="700" HPOS="483"/>
							<String ID="string_155" HPOS="510" VPOS="699" WIDTH="109" HEIGHT="27" WC="0.93" CONTENT="miljoner,"/><SP WIDTH="24" VPOS="699" HPOS="619"/>
							<String ID="string_156" HPOS="643" VPOS="698" WIDTH="117" HEIGHT="22" WC="0.95" CONTENT="hvaremot"/><SP WIDTH="24" VPOS="698" HPOS="760"/>
							<String ID="string_157" HPOS="784" VPOS="698" WIDTH="124" HEIGHT="22" WC="0.96" CONTENT="detsamma"/>
						</TextLine>
						<TextLine ID="line_19" HPOS="90" VPOS="728" WIDTH="818" HEIGHT="29">
							<String ID="string_158" HPOS="90" VPOS="730" WIDTH="69" HEIGHT="21" WC="0.93" CONTENT="under"/><SP WIDTH="16" VPOS="730" HPOS="159"/>
							<String ID="string_159" HPOS="175" VPOS="728" WIDTH="105" HEIGHT="29" WC="0.93" CONTENT="perioden"/><SP WIDTH="18" VPOS="728" HPOS="280"/>
							<String ID="string_160" HPOS="298" VPOS="731" WIDTH="145" HEIGHT="19" WC="0.92" CONTENT="1892—1894"/><SP WIDTH="18" VPOS="731" HPOS="443"/>
							<String ID="string_161" HPOS="461" VPOS="729" WIDTH="103" HEIGHT="27" WC="0.96" CONTENT="utgjorde"/><SP WIDTH="16" VPOS="729" HPOS="564"/>
							<String ID="string_162" HPOS="580" VPOS="729" WIDTH="78" HEIGHT="21" WC="0.93" CONTENT="endast"/><SP WIDTH="28" VPOS="729" HPOS="658"/>
							<String ID="string_163" HPOS="686" VPOS="728" WIDTH="47" HEIGHT="29" WC="0.51" CONTENT="11!/,"/><SP WIDTH="17" VPOS="728" HPOS="733"/>
							<String ID="string_164" HPOS="750" VPOS="728" WIDTH="83" HEIGHT="28" WC="0.95" CONTENT="miljon."/><SP WIDTH="32" VPOS="728" HPOS="833"/>
							<String ID="string_165" HPOS="865" VPOS="728" WIDTH="43" HEIGHT="22" WC="0.95" CONTENT="För"/>
						</TextLine>
						<TextLine ID="line_20" HPOS="88" VPOS="758" WIDTH="822" HEIGHT="29">
							<String ID="string_166" HPOS="88" VPOS="758" WIDTH="151" HEIGHT="24" WC="0.92" CONTENT="innevarande"/><SP WIDTH="16" VPOS="758" HPOS="239"/>
							<String ID="string_167" HPOS="255" VPOS="758" WIDTH="24" HEIGHT="22" WC="0.93" CONTENT="är"/><SP WIDTH="16" VPOS="758" HPOS="279"/>
							<String ID="string_168" HPOS="295" VPOS="758" WIDTH="108" HEIGHT="22" WC="0.92" CONTENT="beräknar"/><SP WIDTH="16" VPOS="758" HPOS="403"/>
							<String ID="string_169" HPOS="419" VPOS="759" WIDTH="166" HEIGHT="22" WC="0.92" CONTENT="statsutskottet"/><SP WIDTH="22" VPOS="759" HPOS="585"/>
							<String ID="string_170" HPOS="607" VPOS="758" WIDTH="28" HEIGHT="29" WC="0.96" CONTENT="pä"/><SP WIDTH="23" VPOS="758" HPOS="635"/>
							<String ID="string_171" HPOS="658" VPOS="758" WIDTH="40" HEIGHT="22" WC="0.96" CONTENT="sid."/><SP WIDTH="26" VPOS="758" HPOS="698"/>
							<String ID="string_172" HPOS="724" VPOS="761" WIDTH="26" HEIGHT="19" WC="0.95" CONTENT="13"/><SP WIDTH="25" VPOS="761" HPOS="750"/>
							<String ID="string_173" HPOS="775" VPOS="759" WIDTH="41" HEIGHT="21" WC="0.95" CONTENT="och"/><SP WIDTH="25" VPOS="759" HPOS="816"/>
							<String ID="string_174" HPOS="841" VPOS="760" WIDTH="27" HEIGHT="20" WC="0.96" CONTENT="18"/><SP WIDTH="17" VPOS="760" HPOS="868"/>
							<String ID="string_175" HPOS="885" VPOS="758" WIDTH="25" HEIGHT="22" WC="0.96" CONTENT="af"/>
						</TextLine>
						<TextLine ID="line_21" HPOS="88" VPOS="788" WIDTH="820" HEIGHT="24">
							<String ID="string_176" HPOS="88" VPOS="790" WIDTH="62" HEIGHT="22" WC="0.93" CONTENT="detta"/><SP WIDTH="16" VPOS="790" HPOS="150"/>
							<String ID="string_177" HPOS="166" VPOS="788" WIDTH="141" HEIGHT="23" WC="0.90" CONTENT="betänkande"/><SP WIDTH="22" VPOS="788" HPOS="307"/>
							<String ID="string_178" HPOS="329" VPOS="788" WIDTH="151" HEIGHT="23" WC="0.90" CONTENT="inkomsterna"/><SP WIDTH="15" VPOS="788" HPOS="480"/>
							<String ID="string_179" HPOS="495" VPOS="789" WIDTH="7" HEIGHT="21" WC="0.95" CONTENT="i"/><SP WIDTH="23" VPOS="789" HPOS="502"/>
							<String ID="string_180" HPOS="525" VPOS="789" WIDTH="112" HEIGHT="22" WC="0.92" CONTENT="allmänna"/><SP WIDTH="23" VPOS="789" HPOS="637"/>
							<String ID="string_181" HPOS="660" VPOS="788" WIDTH="139" HEIGHT="22" WC="0.92" CONTENT="statsfonden"/><SP WIDTH="15" VPOS="788" HPOS="799"/>
							<String ID="string_182" HPOS="814" VPOS="788" WIDTH="42" HEIGHT="22" WC="0.93" CONTENT="och"/><SP WIDTH="15" VPOS="788" HPOS="856"/>
							<String ID="string_183" HPOS="871" VPOS="788" WIDTH="37" HEIGHT="22" WC="0.92" CONTENT="be-"/>
						</TextLine>
						<TextLine ID="line_22" HPOS="89" VPOS="818" WIDTH="819" HEIGHT="30">
							<String ID="string_184" HPOS="89" VPOS="819" WIDTH="210" HEIGHT="29" WC="0.92" CONTENT="villningsfonden"/><SP WIDTH="-9" VPOS="819" HPOS="299"/>
							<String ID="string_185" HPOS="290" VPOS="814" WIDTH="14" HEIGHT="38" WC="0.93" CONTENT="i"/><SP WIDTH="12" VPOS="814" HPOS="304"/>
							<String ID="string_186" HPOS="316" VPOS="818" WIDTH="67" HEIGHT="23" WC="0.93" CONTENT="rundt"/><SP WIDTH="15" VPOS="818" HPOS="383"/>
							<String ID="string_187" HPOS="398" VPOS="819" WIDTH="31" HEIGHT="21" WC="0.96" CONTENT="tal"/><SP WIDTH="25" VPOS="819" HPOS="429"/>
							<String ID="string_188" HPOS="454" VPOS="819" WIDTH="34" HEIGHT="21" WC="0.93" CONTENT="till"/><SP WIDTH="24" VPOS="819" HPOS="488"/>
							<String ID="string_189" HPOS="512" VPOS="821" WIDTH="131" HEIGHT="25" WC="0.92" CONTENT="49,850,000"/><SP WIDTH="24" VPOS="821" HPOS="643"/>
							<String ID="string_190" HPOS="667" VPOS="819" WIDTH="41" HEIGHT="21" WC="0.93" CONTENT="och"/><SP WIDTH="22" VPOS="819" HPOS="708"/>
							<String ID="string_191" HPOS="730" VPOS="818" WIDTH="123" HEIGHT="29" WC="0.92" CONTENT="utgifterna"/><SP WIDTH="22" VPOS="818" HPOS="853"/>
							<String ID="string_192" HPOS="875" VPOS="818" WIDTH="33" HEIGHT="23" WC="0.96" CONTENT="till"/>
						</TextLine>
						<TextLine ID="line_23" HPOS="89" VPOS="849" WIDTH="820" HEIGHT="29">
							<String ID="string_193" HPOS="89" VPOS="852" WIDTH="140" HEIGHT="25" WC="0.89" CONTENT="47,300,000,"/><SP WIDTH="16" VPOS="852" HPOS="229"/>
							<String ID="string_194" HPOS="245" VPOS="850" WIDTH="145" HEIGHT="28" WC="0.96" CONTENT="hvarigenom"/><SP WIDTH="16" VPOS="850" HPOS="390"/>
							<String ID="string_195" HPOS="406" VPOS="850" WIDTH="33" HEIGHT="21" WC="0.93" CONTENT="ett"/><SP WIDTH="14" VPOS="850" HPOS="439"/>
							<String ID="string_196" HPOS="453" VPOS="850" WIDTH="125" HEIGHT="22" WC="0.84" CONTENT="öfverskott"/><SP WIDTH="15" VPOS="850" HPOS="578"/>
							<String ID="string_197" HPOS="593" VPOS="849" WIDTH="26" HEIGHT="22" WC="0.96" CONTENT="af"/><SP WIDTH="13" VPOS="849" HPOS="619"/>
							<String ID="string_198" HPOS="632" VPOS="849" WIDTH="95" HEIGHT="28" WC="0.96" CONTENT="ungefär"/><SP WIDTH="17" VPOS="849" HPOS="727"/>
							<String ID="string_199" HPOS="744" VPOS="852" WIDTH="12" HEIGHT="19" WC="0.90" CONTENT="2"/><SP WIDTH="12" VPOS="852" HPOS="756"/>
							<String ID="string_200" HPOS="768" VPOS="850" WIDTH="25" HEIGHT="26" WC="0.86" CONTENT="!/,"/><SP WIDTH="13" VPOS="850" HPOS="793"/>
							<String ID="string_201" HPOS="806" VPOS="849" WIDTH="103" HEIGHT="28" WC="0.96" CONTENT="miljoner"/>
						</TextLine>
						<TextLine ID="line_24" HPOS="90" VPOS="878" WIDTH="817" HEIGHT="31">
							<String ID="string_202" HPOS="90" VPOS="880" WIDTH="152" HEIGHT="29" WC="0.92" CONTENT="uppkommer."/><SP WIDTH="31" VPOS="880" HPOS="242"/>
							<String ID="string_203" HPOS="273" VPOS="879" WIDTH="52" HEIGHT="22" WC="0.96" CONTENT="Men"/><SP WIDTH="22" VPOS="879" HPOS="325"/>
							<String ID="string_204" HPOS="347" VPOS="879" WIDTH="35" HEIGHT="22" WC="0.96" CONTENT="för"/><SP WIDTH="23" VPOS="879" HPOS="382"/>
							<String ID="string_205" HPOS="405" VPOS="878" WIDTH="43" HEIGHT="23" WC="0.92" CONTENT="den"/><SP WIDTH="25" VPOS="878" HPOS="448"/>
							<String ID="string_206" HPOS="473" VPOS="880" WIDTH="134" HEIGHT="22" WC="0.91" CONTENT="kommande"/><SP WIDTH="25" VPOS="880" HPOS="607"/>
							<String ID="string_207" HPOS="632" VPOS="879" WIDTH="105" HEIGHT="29" WC="0.91" CONTENT="perioden"/><SP WIDTH="25" VPOS="879" HPOS="737"/>
							<String ID="string_208" HPOS="762" VPOS="882" WIDTH="145" HEIGHT="20" WC="0.91" CONTENT="1898—1900"/>
						</TextLine>
						<TextLine ID="line_25" HPOS="90" VPOS="909" WIDTH="817" HEIGHT="30">
							<String ID="string_209" HPOS="90" VPOS="911" WIDTH="111" HEIGHT="22" WC="0.95" CONTENT="beräknar"/><SP WIDTH="15" VPOS="911" HPOS="201"/>
							<String ID="string_210" HPOS="216" VPOS="910" WIDTH="166" HEIGHT="22" WC="0.96" CONTENT="statsutskottet"/><SP WIDTH="15" VPOS="910" HPOS="382"/>
							<String ID="string_211" HPOS="397" VPOS="909" WIDTH="28" HEIGHT="29" WC="0.96" CONTENT="pä"/><SP WIDTH="15" VPOS="909" HPOS="425"/>
							<String ID="string_212" HPOS="440" VPOS="910" WIDTH="40" HEIGHT="22" WC="0.96" CONTENT="sid."/><SP WIDTH="18" VPOS="910" HPOS="480"/>
							<String ID="string_213" HPOS="498" VPOS="913" WIDTH="34" HEIGHT="24" WC="0.96" CONTENT="22,"/><SP WIDTH="17" VPOS="913" HPOS="532"/>
							<String ID="string_214" HPOS="549" VPOS="912" WIDTH="33" HEIGHT="20" WC="0.96" CONTENT="att"/><SP WIDTH="22" VPOS="912" HPOS="582"/>
							<String ID="string_215" HPOS="604" VPOS="916" WIDTH="28" HEIGHT="15" WC="0.96" CONTENT="en"/><SP WIDTH="23" VPOS="916" HPOS="632"/>
							<String ID="string_216" HPOS="655" VPOS="910" WIDTH="54" HEIGHT="22" WC="0.93" CONTENT="liten"/><SP WIDTH="24" VPOS="910" HPOS="709"/>
							<String ID="string_217" HPOS="733" VPOS="909" WIDTH="55" HEIGHT="22" WC="0.93" CONTENT="brist"/><SP WIDTH="22" VPOS="909" HPOS="788"/>
							<String ID="string_218" HPOS="810" VPOS="909" WIDTH="97" HEIGHT="30" WC="0.96" CONTENT="uppstår,"/>
						</TextLine>
						<TextLine ID="line_26" HPOS="88" VPOS="939" WIDTH="821" HEIGHT="30">
							<String ID="string_219" HPOS="88" VPOS="947" WIDTH="48" HEIGHT="16" WC="0.92" CONTENT="som"/><SP WIDTH="16" VPOS="947" HPOS="136"/>
							<String ID="string_220" HPOS="152" VPOS="940" WIDTH="129" HEIGHT="29" WC="0.92" CONTENT="lämpligast"/><SP WIDTH="15" VPOS="940" HPOS="281"/>
							<String ID="string_221" HPOS="296" VPOS="940" WIDTH="74" HEIGHT="22" WC="0.92" CONTENT="kunde"/><SP WIDTH="16" VPOS="940" HPOS="370"/>
							<String ID="string_222" HPOS="386" VPOS="940" WIDTH="67" HEIGHT="28" WC="0.92" CONTENT="fyllas"/><SP WIDTH="16" VPOS="940" HPOS="453"/>
							<String ID="string_223" HPOS="469" VPOS="946" WIDTH="80" HEIGHT="22" WC="0.96" CONTENT="genom"/><SP WIDTH="27" VPOS="946" HPOS="549"/>
							<String ID="string_224" HPOS="576" VPOS="941" WIDTH="156" HEIGHT="21" WC="0.94" CONTENT="motsvarande"/><SP WIDTH="16" VPOS="941" HPOS="732"/>
							<String ID="string_225" HPOS="748" VPOS="940" WIDTH="117" HEIGHT="28" WC="0.96" CONTENT="anvisning"/><SP WIDTH="15" VPOS="940" HPOS="865"/>
							<String ID="string_226" HPOS="880" VPOS="939" WIDTH="29" HEIGHT="29" WC="0.96" CONTENT="pä"/>
						</TextLine>
						<TextLine ID="line_27" HPOS="90" VPOS="970" WIDTH="819" HEIGHT="28">
							<String ID="string_227" HPOS="90" VPOS="971" WIDTH="154" HEIGHT="23" WC="0.90" CONTENT="bankvinsten."/><SP WIDTH="31" VPOS="971" HPOS="244"/>
							<String ID="string_228" HPOS="275" VPOS="970" WIDTH="84" HEIGHT="22" WC="0.94" CONTENT="Härvid"/><SP WIDTH="16" VPOS="970" HPOS="359"/>
							<String ID="string_229" HPOS="375" VPOS="971" WIDTH="24" HEIGHT="21" WC="0.96" CONTENT="är"/><SP WIDTH="16" VPOS="971" HPOS="399"/>
							<String ID="string_230" HPOS="415" VPOS="972" WIDTH="32" HEIGHT="20" WC="0.96" CONTENT="att"/><SP WIDTH="17" VPOS="972" HPOS="447"/>
							<String ID="string_231" HPOS="464" VPOS="971" WIDTH="80" HEIGHT="22" WC="0.90" CONTENT="beakta"/><SP WIDTH="33" VPOS="971" HPOS="544"/>
							<String ID="string_232" HPOS="577" VPOS="971" WIDTH="33" HEIGHT="21" WC="0.95" CONTENT="att"/><SP WIDTH="15" VPOS="971" HPOS="610"/>
							<String ID="string_233" HPOS="625" VPOS="971" WIDTH="7" HEIGHT="21" WC="0.95" CONTENT="i"/><SP WIDTH="23" VPOS="971" HPOS="632"/>
							<String ID="string_234" HPOS="655" VPOS="970" WIDTH="123" HEIGHT="22" WC="0.92" CONTENT="sistnämda"/><SP WIDTH="22" VPOS="970" HPOS="778"/>
							<String ID="string_235" HPOS="800" VPOS="970" WIDTH="109" HEIGHT="28" WC="0.91" CONTENT="öfversigt"/>
						</TextLine>
						<TextLine ID="line_28" HPOS="90" VPOS="1000" WIDTH="818" HEIGHT="29">
							<String ID="string_236" HPOS="90" VPOS="1002" WIDTH="34" HEIGHT="22" WC="0.95" CONTENT="för"/><SP WIDTH="16" VPOS="1002" HPOS="124"/>
							<String ID="string_237" HPOS="140" VPOS="1001" WIDTH="44" HEIGHT="22" WC="0.93" CONTENT="den"/><SP WIDTH="15" VPOS="1001" HPOS="184"/>
							<String ID="string_238" HPOS="199" VPOS="1001" WIDTH="134" HEIGHT="22" WC="0.93" CONTENT="kommande"/><SP WIDTH="16" VPOS="1001" HPOS="333"/>
							<String ID="string_239" HPOS="349" VPOS="1001" WIDTH="104" HEIGHT="28" WC="0.92" CONTENT="perioden"/><SP WIDTH="26" VPOS="1001" HPOS="453"/>
							<String ID="string_240" HPOS="479" VPOS="1001" WIDTH="53" HEIGHT="28" WC="0.93" CONTENT="inga"/><SP WIDTH="26" VPOS="1001" HPOS="532"/>
							<String ID="string_241" HPOS="558" VPOS="1000" WIDTH="174" HEIGHT="23" WC="0.92" CONTENT="extraordinarie"/><SP WIDTH="22" VPOS="1000" HPOS="732"/>
							<String ID="string_242" HPOS="754" VPOS="1001" WIDTH="93" HEIGHT="28" WC="0.93" CONTENT="utgifter"/><SP WIDTH="23" VPOS="1001" HPOS="847"/>
							<String ID="string_243" HPOS="870" VPOS="1001" WIDTH="38" HEIGHT="22" WC="0.91" CONTENT="äro"/>
						</TextLine>
						<TextLine ID="line_29" HPOS="89" VPOS="1030" WIDTH="820" HEIGHT="30">
							<String ID="string_244" HPOS="89" VPOS="1032" WIDTH="92" HEIGHT="28" WC="0.93" CONTENT="intagna"/><SP WIDTH="16" VPOS="1032" HPOS="181"/>
							<String ID="string_245" HPOS="197" VPOS="1031" WIDTH="7" HEIGHT="21" WC="0.93" CONTENT="i"/><SP WIDTH="16" VPOS="1031" HPOS="204"/>
							<String ID="string_246" HPOS="220" VPOS="1031" WIDTH="157" HEIGHT="28" WC="0.91" CONTENT="beräkningen."/><SP WIDTH="32" VPOS="1031" HPOS="377"/>
							<String ID="string_247" HPOS="409" VPOS="1030" WIDTH="72" HEIGHT="23" WC="0.93" CONTENT="Dessa"/><SP WIDTH="16" VPOS="1030" HPOS="481"/>
							<String ID="string_248" HPOS="497" VPOS="1031" WIDTH="70" HEIGHT="22" WC="0.92" CONTENT="bruka"/><SP WIDTH="15" VPOS="1031" HPOS="567"/>
							<String ID="string_249" HPOS="582" VPOS="1031" WIDTH="105" HEIGHT="28" WC="0.93" CONTENT="vanligen"/><SP WIDTH="16" VPOS="1031" HPOS="687"/>
							<String ID="string_250" HPOS="703" VPOS="1031" WIDTH="58" HEIGHT="27" WC="0.93" CONTENT="stiga"/><SP WIDTH="23" VPOS="1031" HPOS="761"/>
							<String ID="string_251" HPOS="784" VPOS="1031" WIDTH="33" HEIGHT="21" WC="0.93" CONTENT="till"/><SP WIDTH="23" VPOS="1031" HPOS="817"/>
							<String ID="string_252" HPOS="840" VPOS="1030" WIDTH="69" HEIGHT="28" WC="0.92" CONTENT="nägra"/>
						</TextLine>
						<TextLine ID="line_30" HPOS="91" VPOS="1060" WIDTH="817" HEIGHT="30">
							<String ID="string_253" HPOS="91" VPOS="1062" WIDTH="108" HEIGHT="27" WC="0.96" CONTENT="miljoner."/><SP WIDTH="31" VPOS="1062" HPOS="199"/>
							<String ID="string_254" HPOS="230" VPOS="1060" WIDTH="35" HEIGHT="23" WC="0.95" CONTENT="Nu"/><SP WIDTH="17" VPOS="1060" HPOS="265"/>
							<String ID="string_255" HPOS="282" VPOS="1062" WIDTH="44" HEIGHT="21" WC="0.96" CONTENT="kan"/><SP WIDTH="16" VPOS="1062" HPOS="326"/>
							<String ID="string_256" HPOS="342" VPOS="1067" WIDTH="51" HEIGHT="15" WC="0.96" CONTENT="man"/><SP WIDTH="16" VPOS="1067" HPOS="393"/>
							<String ID="string_257" HPOS="409" VPOS="1061" WIDTH="55" HEIGHT="22" WC="0.93" CONTENT="visst"/><SP WIDTH="15" VPOS="1061" HPOS="464"/>
							<String ID="string_258" HPOS="479" VPOS="1062" WIDTH="55" HEIGHT="28" WC="0.93" CONTENT="säga"/><SP WIDTH="15" VPOS="1062" HPOS="534"/>
							<String ID="string_259" HPOS="549" VPOS="1063" WIDTH="40" HEIGHT="25" WC="0.96" CONTENT="att,"/><SP WIDTH="16" VPOS="1063" HPOS="589"/>
							<String ID="string_260" HPOS="605" VPOS="1061" WIDTH="28" HEIGHT="21" WC="0.93" CONTENT="dä"/><SP WIDTH="15" VPOS="1061" HPOS="633"/>
							<String ID="string_261" HPOS="648" VPOS="1061" WIDTH="208" HEIGHT="21" WC="0.92" CONTENT="statsinkomsterna"/><SP WIDTH="15" VPOS="1061" HPOS="856"/>
							<String ID="string_262" HPOS="871" VPOS="1061" WIDTH="37" HEIGHT="21" WC="0.92" CONTENT="be-"/>
						</TextLine>
						<TextLine ID="line_31" HPOS="90" VPOS="1090" WIDTH="819" HEIGHT="30">
							<String ID="string_263" HPOS="90" VPOS="1092" WIDTH="82" HEIGHT="28" WC="0.93" CONTENT="tydligt"/><SP WIDTH="15" VPOS="1092" HPOS="172"/>
							<String ID="string_264" HPOS="187" VPOS="1092" WIDTH="93" HEIGHT="28" WC="0.92" CONTENT="stegras,"/><SP WIDTH="16" VPOS="1092" HPOS="280"/>
							<String ID="string_265" HPOS="296" VPOS="1091" WIDTH="72" HEIGHT="22" WC="0.96" CONTENT="finnas"/><SP WIDTH="16" VPOS="1091" HPOS="368"/>
							<String ID="string_266" HPOS="384" VPOS="1091" WIDTH="73" HEIGHT="22" WC="0.93" CONTENT="medel"/><SP WIDTH="14" VPOS="1091" HPOS="457"/>
							<String ID="string_267" HPOS="471" VPOS="1092" WIDTH="77" HEIGHT="28" WC="0.93" CONTENT="rikligt"/><SP WIDTH="15" VPOS="1092" HPOS="548"/>
							<String ID="string_268" HPOS="563" VPOS="1091" WIDTH="35" HEIGHT="23" WC="0.93" CONTENT="för"/><SP WIDTH="22" VPOS="1091" HPOS="598"/>
							<String ID="string_269" HPOS="620" VPOS="1091" WIDTH="89" HEIGHT="22" WC="0.93" CONTENT="handen"/><SP WIDTH="23" VPOS="1091" HPOS="709"/>
							<String ID="string_270" HPOS="732" VPOS="1092" WIDTH="33" HEIGHT="21" WC="0.93" CONTENT="att"/><SP WIDTH="22" VPOS="1092" HPOS="765"/>
							<String ID="string_271" HPOS="787" VPOS="1090" WIDTH="122" HEIGHT="23" WC="0.92" CONTENT="verkställa"/>
						</TextLine>
						<TextLine ID="line_32" HPOS="90" VPOS="1121" WIDTH="818" HEIGHT="29">
							<String ID="string_272" HPOS="90" VPOS="1122" WIDTH="75" HEIGHT="28" WC="0.96" CONTENT="dylika"/><SP WIDTH="10" VPOS="1122" HPOS="165"/>
							<String ID="string_273" HPOS="175" VPOS="1124" WIDTH="64" HEIGHT="20" WC="0.96" CONTENT="extra"/><SP WIDTH="8" VPOS="1124" HPOS="239"/>
							<String ID="string_274" HPOS="247" VPOS="1122" WIDTH="93" HEIGHT="28" WC="0.96" CONTENT="utgifter"/><SP WIDTH="7" VPOS="1122" HPOS="340"/>
							<String ID="string_275" HPOS="347" VPOS="1122" WIDTH="34" HEIGHT="21" WC="0.93" CONTENT="till"/><SP WIDTH="8" VPOS="1122" HPOS="381"/>
							<String ID="string_276" HPOS="389" VPOS="1122" WIDTH="153" HEIGHT="28" WC="0.93" CONTENT="hvarjehanda"/><SP WIDTH="7" VPOS="1122" HPOS="542"/>
							<String ID="string_277" HPOS="549" VPOS="1122" WIDTH="112" HEIGHT="22" WC="0.93" CONTENT="allmänna"/><SP WIDTH="8" VPOS="1122" HPOS="661"/>
							<String ID="string_278" HPOS="669" VPOS="1121" WIDTH="108" HEIGHT="26" WC="0.95" CONTENT="ändamål,"/><SP WIDTH="9" VPOS="1121" HPOS="777"/>
							<String ID="string_279" HPOS="786" VPOS="1122" WIDTH="122" HEIGHT="26" WC="0.96" CONTENT="hvaremot,"/>
						</TextLine>
						<TextLine ID="line_33" HPOS="90" VPOS="1152" WIDTH="819" HEIGHT="28">
							<String ID="string_280" HPOS="90" VPOS="1152" WIDTH="28" HEIGHT="22" WC="0.93" CONTENT="dä"/><SP WIDTH="15" VPOS="1152" HPOS="118"/>
							<String ID="string_281" HPOS="133" VPOS="1152" WIDTH="151" HEIGHT="22" WC="0.96" CONTENT="inkomsterna"/><SP WIDTH="15" VPOS="1152" HPOS="284"/>
							<String ID="string_282" HPOS="299" VPOS="1152" WIDTH="48" HEIGHT="22" WC="0.96" CONTENT="icke"/><SP WIDTH="16" VPOS="1152" HPOS="347"/>
							<String ID="string_283" HPOS="363" VPOS="1152" WIDTH="7" HEIGHT="22" WC="0.96" CONTENT="i"/><SP WIDTH="16" VPOS="1152" HPOS="370"/>
							<String ID="string_284" HPOS="386" VPOS="1152" WIDTH="69" HEIGHT="28" WC="0.96" CONTENT="högre"/><SP WIDTH="16" VPOS="1152" HPOS="455"/>
							<String ID="string_285" HPOS="471" VPOS="1152" WIDTH="55" HEIGHT="28" WC="0.93" CONTENT="grad"/><SP WIDTH="16" VPOS="1152" HPOS="526"/>
							<String ID="string_286" HPOS="542" VPOS="1152" WIDTH="140" HEIGHT="28" WC="0.69" CONTENT="öfverskjuta"/><SP WIDTH="22" VPOS="1152" HPOS="682"/>
							<String ID="string_287" HPOS="704" VPOS="1152" WIDTH="129" HEIGHT="28" WC="0.95" CONTENT="utgifterna,"/><SP WIDTH="25" VPOS="1152" HPOS="833"/>
							<String ID="string_288" HPOS="858" VPOS="1158" WIDTH="51" HEIGHT="16" WC="0.96" CONTENT="man"/>
						</TextLine>
						<TextLine ID="line_34" HPOS="92" VPOS="1182" WIDTH="818" HEIGHT="28">
							<String ID="string_289" HPOS="92" VPOS="1182" WIDTH="69" HEIGHT="22" WC="0.92" CONTENT="mäste"/><SP WIDTH="16" VPOS="1182" HPOS="161"/>
							<String ID="string_290" HPOS="177" VPOS="1182" WIDTH="120" HEIGHT="22" WC="0.89" CONTENT="inskränka"/><SP WIDTH="16" VPOS="1182" HPOS="297"/>
							<String ID="string_291" HPOS="313" VPOS="1182" WIDTH="65" HEIGHT="22" WC="0.96" CONTENT="dessa"/><SP WIDTH="24" VPOS="1182" HPOS="378"/>
							<String ID="string_292" HPOS="402" VPOS="1182" WIDTH="94" HEIGHT="28" WC="0.96" CONTENT="utgifter"/><SP WIDTH="20" VPOS="1182" HPOS="496"/>
							<String ID="string_293" HPOS="516" VPOS="1182" WIDTH="35" HEIGHT="22" WC="0.93" CONTENT="för"/><SP WIDTH="22" VPOS="1182" HPOS="551"/>
							<String ID="string_294" HPOS="573" VPOS="1182" WIDTH="109" HEIGHT="25" WC="0.92" CONTENT="ändamäl,"/><SP WIDTH="22" VPOS="1182" HPOS="682"/>
							<String ID="string_295" HPOS="704" VPOS="1188" WIDTH="48" HEIGHT="16" WC="0.93" CONTENT="som"/><SP WIDTH="23" VPOS="1188" HPOS="752"/>
							<String ID="string_296" HPOS="775" VPOS="1182" WIDTH="50" HEIGHT="22" WC="0.93" CONTENT="icke"/><SP WIDTH="23" VPOS="1182" HPOS="825"/>
							<String ID="string_297" HPOS="848" VPOS="1182" WIDTH="62" HEIGHT="22" WC="0.91" CONTENT="äroi"/>
						</TextLine>
						<TextLine ID="line_35" HPOS="90" VPOS="1212" WIDTH="818" HEIGHT="28">
							<String ID="string_298" HPOS="90" VPOS="1212" WIDTH="166" HEIGHT="28" WC="0.54" CONTENT="statsförslaget"/><SP WIDTH="15" VPOS="1212" HPOS="256"/>
							<String ID="string_299" HPOS="271" VPOS="1212" WIDTH="100" HEIGHT="22" WC="0.92" CONTENT="afsedda."/><SP WIDTH="31" VPOS="1212" HPOS="371"/>
							<String ID="string_300" HPOS="402" VPOS="1212" WIDTH="34" HEIGHT="22" WC="0.96" CONTENT="Fn"/><SP WIDTH="16" VPOS="1212" HPOS="436"/>
							<String ID="string_301" HPOS="452" VPOS="1212" WIDTH="37" HEIGHT="22" WC="0.93" CONTENT="del"/><SP WIDTH="15" VPOS="1212" HPOS="489"/>
							<String ID="string_302" HPOS="504" VPOS="1212" WIDTH="70" HEIGHT="22" WC="0.96" CONTENT="måste"/><SP WIDTH="16" VPOS="1212" HPOS="574"/>
							<String ID="string_303" HPOS="590" VPOS="1212" WIDTH="70" HEIGHT="22" WC="0.93" CONTENT="under"/><SP WIDTH="15" VPOS="1212" HPOS="660"/>
							<String ID="string_304" HPOS="675" VPOS="1212" WIDTH="79" HEIGHT="27" WC="0.96" CONTENT="hvarje"/><SP WIDTH="16" VPOS="1212" HPOS="754"/>
							<String ID="string_305" HPOS="770" VPOS="1212" WIDTH="138" HEIGHT="22" WC="0.95" CONTENT="förhållande"/>
						</TextLine>
						<TextLine ID="line_36" HPOS="92" VPOS="1242" WIDTH="819" HEIGHT="29">
							<String ID="string_306" HPOS="92" VPOS="1243" WIDTH="56" HEIGHT="22" WC="0.93" CONTENT="dock"/><SP WIDTH="17" VPOS="1243" HPOS="148"/>
							<String ID="string_307" HPOS="165" VPOS="1242" WIDTH="53" HEIGHT="29" WC="0.96" CONTENT="utgå"/><SP WIDTH="16" VPOS="1242" HPOS="218"/>
							<String ID="string_308" HPOS="234" VPOS="1243" WIDTH="41" HEIGHT="21" WC="0.96" CONTENT="och"/><SP WIDTH="16" VPOS="1243" HPOS="275"/>
							<String ID="string_309" HPOS="291" VPOS="1243" WIDTH="28" HEIGHT="21" WC="0.91" CONTENT="de"/><SP WIDTH="25" VPOS="1243" HPOS="319"/>
							<String ID="string_310" HPOS="344" VPOS="1242" WIDTH="73" HEIGHT="22" WC="0.96" CONTENT="siffror"/><SP WIDTH="14" VPOS="1242" HPOS="417"/>
							<String ID="string_311" HPOS="431" VPOS="1242" WIDTH="40" HEIGHT="29" WC="0.92" CONTENT="jag"/><SP WIDTH="20" VPOS="1242" HPOS="471"/>
							<String ID="string_312" HPOS="491" VPOS="1242" WIDTH="130" HEIGHT="22" WC="0.96" CONTENT="meddelade"/><SP WIDTH="16" VPOS="1242" HPOS="621"/>
							<String ID="string_313" HPOS="637" VPOS="1242" WIDTH="62" HEIGHT="28" WC="0.96" CONTENT="gifva"/><SP WIDTH="15" VPOS="1242" HPOS="699"/>
							<String ID="string_314" HPOS="714" VPOS="1242" WIDTH="36" HEIGHT="22" WC="0.93" CONTENT="vid"/><SP WIDTH="16" VPOS="1242" HPOS="750"/>
							<String ID="string_315" HPOS="766" VPOS="1242" WIDTH="89" HEIGHT="22" WC="0.96" CONTENT="handen"/><SP WIDTH="23" VPOS="1242" HPOS="855"/>
							<String ID="string_316" HPOS="878" VPOS="1244" WIDTH="33" HEIGHT="20" WC="0.96" CONTENT="att"/>
						</TextLine>
						<TextLine ID="line_37" HPOS="91" VPOS="1272" WIDTH="818" HEIGHT="28">
							<String ID="string_317" HPOS="91" VPOS="1272" WIDTH="151" HEIGHT="22" WC="0.38" CONTENT="Ofverhufvud"/><SP WIDTH="15" VPOS="1272" HPOS="242"/>
							<String ID="string_318" HPOS="257" VPOS="1272" WIDTH="25" HEIGHT="22" WC="0.93" CONTENT="sä"/><SP WIDTH="16" VPOS="1272" HPOS="282"/>
							<String ID="string_319" HPOS="298" VPOS="1272" WIDTH="80" HEIGHT="28" WC="0.96" CONTENT="många"/><SP WIDTH="15" VPOS="1272" HPOS="378"/>
							<String ID="string_320" HPOS="393" VPOS="1279" WIDTH="45" HEIGHT="21" WC="0.93" CONTENT="nya"/><SP WIDTH="15" VPOS="1279" HPOS="438"/>
							<String ID="string_321" HPOS="453" VPOS="1272" WIDTH="160" HEIGHT="22" WC="0.84" CONTENT="statsändamäl"/><SP WIDTH="14" VPOS="1272" HPOS="613"/>
							<String ID="string_322" HPOS="627" VPOS="1273" WIDTH="41" HEIGHT="20" WC="0.96" CONTENT="hos"/><SP WIDTH="16" VPOS="1273" HPOS="668"/>
							<String ID="string_323" HPOS="684" VPOS="1278" WIDTH="36" HEIGHT="16" WC="0.93" CONTENT="oss"/><SP WIDTH="10" VPOS="1278" HPOS="720"/>
							<String ID="string_324" HPOS="730" VPOS="1272" WIDTH="122" HEIGHT="22" WC="0.89" CONTENT="framträda"/><SP WIDTH="7" VPOS="1272" HPOS="852"/>
							<String ID="string_325" HPOS="859" VPOS="1278" WIDTH="50" HEIGHT="21" WC="0.92" CONTENT="poc-"/>
						</TextLine>
						<TextLine ID="line_38" HPOS="91" VPOS="1301" WIDTH="820" HEIGHT="29">
							<String ID="string_326" HPOS="91" VPOS="1302" WIDTH="73" HEIGHT="22" WC="0.96" CONTENT="kande"/><SP WIDTH="16" VPOS="1302" HPOS="164"/>
							<String ID="string_327" HPOS="180" VPOS="1302" WIDTH="27" HEIGHT="28" WC="0.96" CONTENT="pä"/><SP WIDTH="16" VPOS="1302" HPOS="207"/>
							<String ID="string_328" HPOS="223" VPOS="1303" WIDTH="32" HEIGHT="20" WC="0.93" CONTENT="att"/><SP WIDTH="16" VPOS="1303" HPOS="255"/>
							<String ID="string_329" HPOS="271" VPOS="1302" WIDTH="70" HEIGHT="21" WC="0.93" CONTENT="blifva"/><SP WIDTH="16" VPOS="1302" HPOS="341"/>
							<String ID="string_330" HPOS="357" VPOS="1302" WIDTH="175" HEIGHT="26" WC="0.84" CONTENT="tillfredsstälda,"/><SP WIDTH="16" VPOS="1302" HPOS="532"/>
							<String ID="string_331" HPOS="548" VPOS="1304" WIDTH="34" HEIGHT="19" WC="0.96" CONTENT="att"/><SP WIDTH="14" VPOS="1304" HPOS="582"/>
							<String ID="string_332" HPOS="596" VPOS="1302" WIDTH="69" HEIGHT="21" WC="0.93" CONTENT="redan"/><SP WIDTH="24" VPOS="1302" HPOS="665"/>
							<String ID="string_333" HPOS="689" VPOS="1302" WIDTH="81" HEIGHT="21" WC="0.93" CONTENT="nämda"/><SP WIDTH="16" VPOS="1302" HPOS="770"/>
							<String ID="string_334" HPOS="786" VPOS="1301" WIDTH="125" HEIGHT="22" WC="0.91" CONTENT="öfverskott"/>
						</TextLine>
						<TextLine ID="line_39" HPOS="90" VPOS="1331" WIDTH="821" HEIGHT="29">
							<String ID="string_335" HPOS="90" VPOS="1332" WIDTH="138" HEIGHT="28" WC="0.91" CONTENT="smäningom"/><SP WIDTH="17" VPOS="1332" HPOS="228"/>
							<String ID="string_336" HPOS="245" VPOS="1331" WIDTH="143" HEIGHT="22" WC="0.91" CONTENT="förminskats"/><SP WIDTH="16" VPOS="1331" HPOS="388"/>
							<String ID="string_337" HPOS="404" VPOS="1332" WIDTH="48" HEIGHT="26" WC="0.93" CONTENT="och,"/><SP WIDTH="16" VPOS="1332" HPOS="452"/>
							<String ID="string_338" HPOS="468" VPOS="1331" WIDTH="73" HEIGHT="22" WC="0.92" CONTENT="säsom"/><SP WIDTH="14" VPOS="1331" HPOS="541"/>
							<String ID="string_339" HPOS="555" VPOS="1332" WIDTH="40" HEIGHT="27" WC="0.93" CONTENT="jag"/><SP WIDTH="15" VPOS="1332" HPOS="595"/>
							<String ID="string_340" HPOS="610" VPOS="1331" WIDTH="102" HEIGHT="24" WC="0.92" CONTENT="nämnde,"/><SP WIDTH="22" VPOS="1331" HPOS="712"/>
							<String ID="string_341" HPOS="734" VPOS="1331" WIDTH="34" HEIGHT="22" WC="0.96" CONTENT="för"/><SP WIDTH="23" VPOS="1331" HPOS="768"/>
							<String ID="string_342" HPOS="791" VPOS="1331" WIDTH="43" HEIGHT="21" WC="0.93" CONTENT="den"/><SP WIDTH="16" VPOS="1331" HPOS="834"/>
							<String ID="string_343" HPOS="850" VPOS="1331" WIDTH="61" HEIGHT="22" WC="0.92" CONTENT="kom-"/>
						</TextLine>
						<TextLine ID="line_40" HPOS="92" VPOS="1361" WIDTH="497" HEIGHT="28">
							<String ID="string_344" HPOS="92" VPOS="1362" WIDTH="81" HEIGHT="21" WC="0.90" CONTENT="mande"/><SP WIDTH="16" VPOS="1362" HPOS="173"/>
							<String ID="string_345" HPOS="189" VPOS="1361" WIDTH="106" HEIGHT="28" WC="0.90" CONTENT="perioden"/><SP WIDTH="15" VPOS="1361" HPOS="295"/>
							<String ID="string_346" HPOS="310" VPOS="1362" WIDTH="41" HEIGHT="20" WC="0.92" CONTENT="alls"/><SP WIDTH="16" VPOS="1362" HPOS="351"/>
							<String ID="string_347" HPOS="367" VPOS="1361" WIDTH="50" HEIGHT="21" WC="0.92" CONTENT="icke"/><SP WIDTH="16" VPOS="1361" HPOS="417"/>
							<String ID="string_348" HPOS="433" VPOS="1361" WIDTH="156" HEIGHT="22" WC="0.92" CONTENT="förekommer."/>
						</TextLine>
					</TextBlock>
					<TextBlock ID="block_2" HPOS="90" VPOS="1390" WIDTH="823" HEIGHT="177">
						<TextLine ID="line_41" HPOS="163" VPOS="1390" WIDTH="748" HEIGHT="29">
							<String ID="string_349" HPOS="163" VPOS="1391" WIDTH="32" HEIGHT="21" WC="0.93" CONTENT="Pä"/><SP WIDTH="14" VPOS="1391" HPOS="195"/>
							<String ID="string_350" HPOS="209" VPOS="1392" WIDTH="73" HEIGHT="27" WC="0.96" CONTENT="grund"/><SP WIDTH="15" VPOS="1392" HPOS="282"/>
							<String ID="string_351" HPOS="297" VPOS="1392" WIDTH="26" HEIGHT="21" WC="0.96" CONTENT="af"/><SP WIDTH="14" VPOS="1392" HPOS="323"/>
							<String ID="string_352" HPOS="337" VPOS="1391" WIDTH="64" HEIGHT="21" WC="0.93" CONTENT="dessa"/><SP WIDTH="15" VPOS="1391" HPOS="401"/>
							<String ID="string_353" HPOS="416" VPOS="1391" WIDTH="148" HEIGHT="22" WC="0.91" CONTENT="betraktelser"/><SP WIDTH="16" VPOS="1391" HPOS="564"/>
							<String ID="string_354" HPOS="580" VPOS="1391" WIDTH="40" HEIGHT="21" WC="0.96" CONTENT="har"/><SP WIDTH="14" VPOS="1391" HPOS="620"/>
							<String ID="string_355" HPOS="634" VPOS="1391" WIDTH="40" HEIGHT="27" WC="0.96" CONTENT="jag"/><SP WIDTH="16" VPOS="1391" HPOS="674"/>
							<String ID="string_356" HPOS="690" VPOS="1390" WIDTH="33" HEIGHT="22" WC="0.96" CONTENT="för"/><SP WIDTH="9" VPOS="1390" HPOS="723"/>
							<String ID="string_357" HPOS="732" VPOS="1391" WIDTH="45" HEIGHT="21" WC="0.97" CONTENT="min"/><SP WIDTH="8" VPOS="1391" HPOS="777"/>
							<String ID="string_358" HPOS="785" VPOS="1390" WIDTH="37" HEIGHT="22" WC="0.93" CONTENT="del"/><SP WIDTH="15" VPOS="1390" HPOS="822"/>
							<String ID="string_359" HPOS="837" VPOS="1392" WIDTH="74" HEIGHT="20" WC="0.93" CONTENT="ansett"/>
						</TextLine>
						<TextLine ID="line_42" HPOS="90" VPOS="1420" WIDTH="821" HEIGHT="22">
							<String ID="string_360" HPOS="90" VPOS="1423" WIDTH="34" HEIGHT="19" WC="0.96" CONTENT="att"/><SP WIDTH="15" VPOS="1423" HPOS="124"/>
							<String ID="string_361" HPOS="139" VPOS="1421" WIDTH="39" HEIGHT="21" WC="0.97" CONTENT="det"/><SP WIDTH="15" VPOS="1421" HPOS="178"/>
							<String ID="string_362" HPOS="193" VPOS="1421" WIDTH="37" HEIGHT="20" WC="0.96" CONTENT="väl"/><SP WIDTH="16" VPOS="1421" HPOS="230"/>
							<String ID="string_363" HPOS="246" VPOS="1421" WIDTH="57" HEIGHT="20" WC="0.96" CONTENT="hade"/><SP WIDTH="16" VPOS="1421" HPOS="303"/>
							<String ID="string_364" HPOS="319" VPOS="1420" WIDTH="58" HEIGHT="22" WC="0.96" CONTENT="varit"/><SP WIDTH="14" VPOS="1420" HPOS="377"/>
							<String ID="string_365" HPOS="391" VPOS="1421" WIDTH="49" HEIGHT="20" WC="0.96" CONTENT="skäl"/><SP WIDTH="16" VPOS="1421" HPOS="440"/>
							<String ID="string_366" HPOS="456" VPOS="1422" WIDTH="33" HEIGHT="19" WC="0.93" CONTENT="att"/><SP WIDTH="11" VPOS="1422" HPOS="489"/>
							<String ID="string_367" HPOS="500" VPOS="1420" WIDTH="110" HEIGHT="22" WC="0.92" CONTENT="bibehälla"/><SP WIDTH="9" VPOS="1420" HPOS="610"/>
							<String ID="string_368" HPOS="619" VPOS="1420" WIDTH="161" HEIGHT="21" WC="0.92" CONTENT="vexelskatten."/><SP WIDTH="16" VPOS="1420" HPOS="780"/>
							<String ID="string_369" HPOS="796" VPOS="1420" WIDTH="39" HEIGHT="21" WC="0.96" CONTENT="Ett"/><SP WIDTH="8" VPOS="1420" HPOS="835"/>
							<String ID="string_370" HPOS="843" VPOS="1422" WIDTH="68" HEIGHT="19" WC="0.96" CONTENT="annat"/>
						</TextLine>
						<TextLine ID="line_43" HPOS="91" VPOS="1449" WIDTH="820" HEIGHT="28">
							<String ID="string_371" HPOS="91" VPOS="1451" WIDTH="49" HEIGHT="21" WC="0.96" CONTENT="skäl"/><SP WIDTH="16" VPOS="1451" HPOS="140"/>
							<String ID="string_372" HPOS="156" VPOS="1451" WIDTH="40" HEIGHT="20" WC="0.93" CONTENT="har"/><SP WIDTH="15" VPOS="1451" HPOS="196"/>
							<String ID="string_373" HPOS="211" VPOS="1450" WIDTH="54" HEIGHT="21" WC="0.96" CONTENT="flere"/><SP WIDTH="16" VPOS="1450" HPOS="265"/>
							<String ID="string_374" HPOS="281" VPOS="1449" WIDTH="83" HEIGHT="28" WC="0.95" CONTENT="gånger"/><SP WIDTH="16" VPOS="1449" HPOS="364"/>
							<String ID="string_375" HPOS="380" VPOS="1449" WIDTH="138" HEIGHT="27" WC="0.95" CONTENT="framhållits,"/><SP WIDTH="17" VPOS="1449" HPOS="518"/>
							<String ID="string_376" HPOS="535" VPOS="1450" WIDTH="37" HEIGHT="21" WC="0.96" CONTENT="det"/><SP WIDTH="15" VPOS="1450" HPOS="572"/>
							<String ID="string_377" HPOS="587" VPOS="1449" WIDTH="113" HEIGHT="28" WC="0.96" CONTENT="nämligen"/><SP WIDTH="16" VPOS="1449" HPOS="700"/>
							<String ID="string_378" HPOS="716" VPOS="1451" WIDTH="33" HEIGHT="20" WC="0.96" CONTENT="att"/><SP WIDTH="15" VPOS="1451" HPOS="749"/>
							<String ID="string_379" HPOS="764" VPOS="1455" WIDTH="52" HEIGHT="16" WC="0.92" CONTENT="man"/><SP WIDTH="11" VPOS="1455" HPOS="816"/>
							<String ID="string_380" HPOS="827" VPOS="1449" WIDTH="49" HEIGHT="22" WC="0.96" CONTENT="icke"/><SP WIDTH="11" VPOS="1449" HPOS="876"/>
							<String ID="string_381" HPOS="887" VPOS="1449" WIDTH="24" HEIGHT="22" WC="0.97" CONTENT="sä"/>
						</TextLine>
						<TextLine ID="line_44" HPOS="91" VPOS="1479" WIDTH="820" HEIGHT="29">
							<String ID="string_382" HPOS="91" VPOS="1486" WIDTH="58" HEIGHT="22" WC="0.89" CONTENT="noga"/><SP WIDTH="16" VPOS="1486" HPOS="149"/>
							<String ID="string_383" HPOS="165" VPOS="1486" WIDTH="48" HEIGHT="15" WC="0.92" CONTENT="som"/><SP WIDTH="16" VPOS="1486" HPOS="213"/>
							<String ID="string_384" HPOS="229" VPOS="1481" WIDTH="79" HEIGHT="20" WC="0.91" CONTENT="nästan"/><SP WIDTH="16" VPOS="1481" HPOS="308"/>
							<String ID="string_385" HPOS="324" VPOS="1479" WIDTH="58" HEIGHT="22" WC="0.92" CONTENT="ända"/><SP WIDTH="10" VPOS="1479" HPOS="382"/>
							<String ID="string_386" HPOS="392" VPOS="1479" WIDTH="34" HEIGHT="21" WC="0.96" CONTENT="till"/><SP WIDTH="8" VPOS="1479" HPOS="426"/>
							<String ID="string_387" HPOS="434" VPOS="1479" WIDTH="54" HEIGHT="21" WC="0.96" CONTENT="sista"/><SP WIDTH="8" VPOS="1479" HPOS="488"/>
							<String ID="string_388" HPOS="496" VPOS="1479" WIDTH="66" HEIGHT="28" WC="0.96" CONTENT="penni"/><SP WIDTH="8" VPOS="1479" HPOS="562"/>
							<String ID="string_389" HPOS="570" VPOS="1479" WIDTH="69" HEIGHT="22" WC="0.93" CONTENT="borde"/><SP WIDTH="9" VPOS="1479" HPOS="639"/>
							<String ID="string_390" HPOS="648" VPOS="1481" WIDTH="76" HEIGHT="25" WC="0.87" CONTENT="uttaga"/><SP WIDTH="11" VPOS="1481" HPOS="724"/>
							<String ID="string_391" HPOS="735" VPOS="1479" WIDTH="43" HEIGHT="20" WC="0.93" CONTENT="den"/><SP WIDTH="10" VPOS="1479" HPOS="778"/>
							<String ID="string_392" HPOS="788" VPOS="1479" WIDTH="123" HEIGHT="27" WC="0.92" CONTENT="disponibla"/>
						</TextLine>
						<TextLine ID="line_45" HPOS="92" VPOS="1509" WIDTH="821" HEIGHT="28">
							<String ID="string_393" HPOS="92" VPOS="1510" WIDTH="65" HEIGHT="26" WC="0.96" CONTENT="vinst,"/><SP WIDTH="16" VPOS="1510" HPOS="157"/>
							<String ID="string_394" HPOS="173" VPOS="1515" WIDTH="48" HEIGHT="16" WC="0.92" CONTENT="som"/><SP WIDTH="9" VPOS="1515" HPOS="221"/>
							<String ID="string_395" HPOS="230" VPOS="1509" WIDTH="87" HEIGHT="22" WC="0.96" CONTENT="banken"/><SP WIDTH="11" VPOS="1509" HPOS="317"/>
							<String ID="string_396" HPOS="328" VPOS="1509" WIDTH="70" HEIGHT="22" WC="0.93" CONTENT="under"/><SP WIDTH="9" VPOS="1509" HPOS="398"/>
							<String ID="string_397" HPOS="407" VPOS="1509" WIDTH="133" HEIGHT="28" WC="0.95" CONTENT="föregående"/><SP WIDTH="9" VPOS="1509" HPOS="540"/>
							<String ID="string_398" HPOS="549" VPOS="1509" WIDTH="23" HEIGHT="21" WC="0.96" CONTENT="är"/><SP WIDTH="8" VPOS="1509" HPOS="572"/>
							<String ID="string_399" HPOS="580" VPOS="1509" WIDTH="66" HEIGHT="28" WC="0.93" CONTENT="gjort,"/><SP WIDTH="9" VPOS="1509" HPOS="646"/>
							<String ID="string_400" HPOS="655" VPOS="1509" WIDTH="141" HEIGHT="21" WC="0.51" CONTENT="alidenstund"/><SP WIDTH="12" VPOS="1509" HPOS="796"/>
							<String ID="string_401" HPOS="808" VPOS="1509" WIDTH="105" HEIGHT="22" WC="0.96" CONTENT="nationen"/>
						</TextLine>
						<TextLine ID="line_46" HPOS="92" VPOS="1538" WIDTH="821" HEIGHT="29">
							<String ID="string_402" HPOS="92" VPOS="1540" WIDTH="40" HEIGHT="22" WC="0.96" CONTENT="har"/><SP WIDTH="15" VPOS="1540" HPOS="132"/>
							<String ID="string_403" HPOS="147" VPOS="1541" WIDTH="34" HEIGHT="20" WC="0.93" CONTENT="ett"/><SP WIDTH="14" VPOS="1541" HPOS="181"/>
							<String ID="string_404" HPOS="195" VPOS="1539" WIDTH="82" HEIGHT="28" WC="0.93" CONTENT="vigtigt"/><SP WIDTH="14" VPOS="1539" HPOS="277"/>
							<String ID="string_405" HPOS="291" VPOS="1539" WIDTH="94" HEIGHT="22" WC="0.93" CONTENT="intresse"/><SP WIDTH="16" VPOS="1539" HPOS="385"/>
							<String ID="string_406" HPOS="401" VPOS="1539" WIDTH="69" HEIGHT="26" WC="0.92" CONTENT="deraf,"/><SP WIDTH="17" VPOS="1539" HPOS="470"/>
							<String ID="string_407" HPOS="487" VPOS="1540" WIDTH="33" HEIGHT="21" WC="0.93" CONTENT="att"/><SP WIDTH="14" VPOS="1540" HPOS="520"/>
							<String ID="string_408" HPOS="534" VPOS="1539" WIDTH="187" HEIGHT="22" WC="0.91" CONTENT="nationalbanken"/><SP WIDTH="26" VPOS="1539" HPOS="721"/>
							<String ID="string_409" HPOS="747" VPOS="1539" WIDTH="25" HEIGHT="21" WC="0.91" CONTENT="är"/><SP WIDTH="23" VPOS="1539" HPOS="772"/>
							<String ID="string_410" HPOS="795" VPOS="1538" WIDTH="61" HEIGHT="23" WC="0.91" CONTENT="stark"/><SP WIDTH="23" VPOS="1538" HPOS="856"/>
							<String ID="string_411" HPOS="879" VPOS="1540" WIDTH="34" HEIGHT="20" WC="0.96" CONTENT="att"/>
						</TextLine>
					</TextBlock>
				</ComposedBlock>
			</PrintSpace>
		</Page>
	</Layout>
</alto>
