1092 1781
209 148 57 21 1564
512 146 85 18 Toukok.
612 148 21 16 19
645 151 17 17 p.

246 199 135 28 Yliopettaja
396 199 99 22 Kihlman:
526 200 45 26 Jag
592 200 81 21 önskar
688 202 57 24 veta,
762 201 41 19 när
818 199 78 27 frägan
913 205 33 16 om
962 199 34 27 ly-

175 229 77 22 delsen
275 229 25 21 af
323 231 26 20 18
373 228 12 29 &
409 229 6 21 i
432 229 107 21 Finlands
555 230 75 20 Banks
646 229 135 27 reglemente
797 229 98 21 kommer
911 230 33 20 att
959 229 38 21 be-

176 259 98 21 handlas.
291 258 40 22 Om
340 258 152 28 föreliggande
502 259 140 27 bestämning
652 258 135 28 godkännes,
799 258 41 21 har
851 264 48 16 man
911 258 86 22 kanske

177 288 128 22 försummat
320 292 34 18 att
369 290 60 26 yttra
445 288 35 28 sig
495 288 51 22 med
560 288 120 27 anledning
695 288 25 21 af
733 288 42 22 den
790 288 144 28 reservation,
951 294 45 16 som

174 318 148 22 förekommer
346 319 28 26 pä
392 324 50 21 pag.
459 320 93 20 12—17.
582 318 35 22 Dä
630 318 39 28 jag
684 318 53 22 ville
752 318 123 22 förbehälla
891 318 46 28 mig
951 320 45 20 rät-

175 348 72 27 tighet
270 350 33 19 att
325 351 61 24 yttra
407 348 45 27 mig
475 348 49 22 med
546 348 119 27 anledning
688 348 25 21 af
733 348 94 22 nämnda
850 348 147 27 reservation,

176 378 86 22 tilläter
282 378 39 27 jag
343 378 46 27 mig
411 377 70 28 fräga,
505 385 35 14 om
563 378 36 27 jag
614 384 29 15 nu
659 378 40 22 bör
714 380 54 24 göra
784 378 39 22 det
839 378 55 22 eller
909 384 35 16 om
959 378 39 22 det

177 408 44 20 kan
237 407 131 27 uppskjutas
383 408 35 21 till
434 408 78 27 längre
528 408 62 21 fram.

247 438 73 21 Herra
338 438 113 21 Puhemies:
482 438 61 21 Minä
559 438 89 21 ehdotin
663 439 47 20 että
725 437 132 28 kysymystä
871 437 125 27 ylimääräi-

175 469 62 20 sestä
260 467 131 22 tirehtöörin
414 468 84 22 virasta
521 467 62 22 ensin
602 467 164 27 käsiteltäisiin,
783 467 52 22 sillä
850 467 73 21 silloin
939 467 57 22 ensi-

176 497 87 21 mäinen
287 497 68 21 kohta
370 497 142 22 asetuksessa
528 497 80 22 sivulla
624 499 12 19 9
652 498 60 20 tulee
727 497 166 27 kysymykseen
907 497 23 27 ja
946 497 52 21 siitä

177 526 87 27 riippuu
287 527 132 22 vastalause.
450 527 41 21 Jos
514 529 59 19 tämä
596 527 136 21 ensimäinen
748 527 67 21 kohta
831 527 110 21 nimittäin
957 527 40 27 hy-

177 556 123 28 väksytään
317 557 147 21 valiokunnan
480 557 138 21 ehdotuksen
633 556 102 27 mukaan,
746 556 74 22 silloin
831 557 82 21 raukee
924 558 73 20 vasta-

177 586 68 22 lause.
274 586 73 22 Mutta
372 586 58 22 ehkä
453 592 27 15 on
503 586 117 22 kuitenkin
643 589 89 24 parasta
755 588 46 20 että
824 586 61 22 ensin
909 588 88 20 otetaan

192 616 155 22 äsiteltäväksi
363 616 250 22 setelinanto-oikeuden
629 618 119 24 perusteet.

248 658 73 21 Pankin
337 657 229 22 setelinanto-oikeuden
583 658 107 27 perusteet.

250 699 118 22 Keskustelu
375 708 4 13 :

247 735 134 27 Yliopettaja
397 736 98 21 Kihlman:
527 735 75 23 Säsom
622 735 88 22 ständet
725 736 77 27 finner,
819 738 26 19 är
860 736 137 22 utskottsbe-

175 764 123 23 tänkandet
313 764 103 28 vidfogad
433 772 26 15 en
475 766 137 21 reservation
627 764 25 22 af
670 766 120 21 utskottets
801 765 134 22 ordförande
945 766 52 21 herr

205 795 92 27 egelius.
328 795 11 21 I
362 795 71 21 denna
456 796 137 21 reservation
617 796 75 20 kunna
712 798 82 19 tvenne
810 796 62 21 delar
887 795 108 28 ätskiljas,

189 831 14 15 n
227 824 70 22 första
322 825 43 27 del,
389 831 44 15 som
458 824 103 22 omfattar
584 825 28 22 de
626 825 40 21 tvä
681 824 71 23 första
767 828 129 24 momenten,
913 825 40 21 och
969 832 27 15 en

189 854 56 22 ndra
268 854 43 27 del,
335 861 45 15 som
404 855 164 22 sammanfaller
588 855 48 22 med
652 854 38 22 det
706 855 70 28 tredje
792 857 124 20 momentet.
947 855 50 22 Den

184 885 62 21 första
268 885 65 21 delen
359 885 71 27 gäller
452 884 79 28 frågan
548 892 33 14 om
597 884 95 28 ändring
706 886 26 20 af
744 885 13 29 $
776 887 25 20 18
817 885 7 21 i
841 885 38 22 det
894 885 35 22 för
943 885 54 21 Fin-

185 915 55 21 ands
263 914 64 22 Bank
350 914 118 22 faststälda
490 915 152 27 reglementet.
672 914 78 22 Denna
766 915 12 29 &
794 915 41 21 har
851 915 97 27 följande
964 916 33 26 ly-

191 945 55 21 else:
279 944 121 28 ,Beloppet
423 944 26 22 af
464 946 100 21 bankens
579 945 133 27 utelöpande
728 946 73 21 sedlar
817 946 34 20 mä
867 946 49 21 med
932 945 65 27 högst

185 974 111 22 rettiofem
320 975 101 27 miljoner
444 975 61 22 mark
522 974 123 35 öfverstiga
660 974 51 22 dess
727 976 75 21 valuta
817 974 35 22 för
868 975 128 27 sedelutgif-

190 1004 103 27 ingsrätt,
317 1005 92 22 hvartill
431 1005 83 21 räknas
540 1005 19 27 ej
583 1006 57 20 blott
662 1005 100 22 bankens
786 1005 125 22 metalliska
931 1005 66 22 kassa

185 1036 57 20 emte
265 1034 84 27 -silfver,
371 1037 52 19 utan
447 1035 40 21 ock
511 1035 99 21 bankens
626 1034 107 36 ostridiga
748 1034 126 28 fordringar
889 1036 41 21 hos
946 1035 51 21 dess

173 1056 122 30 'htländska
318 1064 79 22 ombud
413 1066 56 20 samt
484 1065 88 21 banken
588 1065 119 27 tillhöriga,
724 1065 14 21 å
753 1064 118 22 utländskt
887 1065 111 27 myntslag

175 1093 96 27 lydande
291 1094 152 27 obligationer,
459 1094 115 27 kuponger
590 1094 40 21 och
645 1094 95 22 sedlar".
770 1094 154 22 Reservanten
939 1094 57 22 före-

177 1123 52 27 slår,
249 1126 33 20 att
297 1124 72 21 såsom
385 1124 75 22 valuta
475 1123 37 23 för
528 1124 231 27 sedelutgifningsrätt
775 1124 73 22 skulle
863 1124 82 22 räknas
963 1124 33 28 ,ej

175 1153 56 21 blott
247 1153 99 22 bankens
361 1154 126 21 metalliska
503 1154 67 22 kassa
577 1154 68 26 jemte
656 1154 103 26 prägladt
769 1154 69 22 finskt
848 1153 148 28 silfvermynt,

189 1184 39 20 tan
250 1184 40 20 ock
310 1183 100 22 bankens
433 1184 107 26 ostridiga
555 1183 126 27 fordringar
696 1184 39 21 hos
752 1184 51 21 dess
819 1184 120 21 utländska
954 1190 42 15 om-

190 1212 29 21 ud
235 1215 56 19 samt
306 1213 88 21 banken
410 1212 112 28 tillhöriga
538 1213 7 21 i
561 1213 100 21 utlandet
676 1213 114 22 betalbara
806 1213 99 27 vexlar*,
917 1220 19 16 o.
946 1220 17 15 s.
975 1220 21 15 v.

199 1242 71 22 likhet
286 1242 49 22 med
351 1242 143 28 paragrafens
510 1242 87 28 lydelse
612 1243 7 20 i
636 1243 152 27 reglementet.
819 1242 178 28 Hufvudsakliga

187 1271 106 23 kilnaden
317 1273 80 20 mellan
413 1272 42 22 den
471 1273 126 21 nuvarande
612 1272 101 27 lydelsen
730 1272 39 22 och
785 1273 43 22 den
844 1272 25 22 af
881 1279 115 16 reservan-

186 1307 27 15 en
229 1300 126 28 föreslagna
371 1304 26 19 är
412 1302 49 26 den,
478 1304 33 19 att
526 1302 131 27 ytterligare
674 1302 71 21 såsom
760 1302 75 22 valuta
847 1302 57 21 skall
914 1302 83 22 räknas

187 1330 70 20 ådana
278 1331 7 20 i
301 1331 100 21 utlandet
416 1331 114 21 betalbara
545 1331 83 26 vexlar,
646 1331 76 21 hvilka
738 1332 59 20 ännu
812 1331 70 21 finnas
898 1331 8 20 i
922 1331 73 21 direk-

185 1359 75 21 ionens
277 1358 94 28 portfölj.
402 1359 71 22 Dessa
489 1360 77 21 vexlar
582 1361 37 19 äro
635 1359 8 21 i
659 1359 80 27 sjelfva
754 1360 80 21 verket
849 1362 34 19 att
893 1360 103 22 betrakta

186 1388 60 22 åsom
271 1389 81 21 valuta.
384 1388 33 28 Ty
443 1388 27 22 de
493 1389 75 21 kunna
591 1390 40 20 när
650 1395 46 15 som
711 1388 59 23 helst
786 1389 89 22 skickas
895 1389 36 22 till
943 1390 52 21 ban-

191 1424 39 16 ens
246 1419 78 21 ombud
341 1418 7 22 i
364 1418 102 22 utlandet
481 1419 41 21 och
538 1418 25 22 så
578 1421 63 19 snart
656 1418 27 22 de
700 1420 37 20 äro
754 1418 133 23 öfversända
903 1419 34 22 till
953 1426 44 15 om-

189 1448 64 28 uden,
276 1449 127 21 krediteras
426 1449 88 22 banken
538 1448 34 22 för
590 1449 212 27 vexlarnas'belopp
819 1450 40 21 och
875 1449 28 22 då
917 1451 80 26 utgöra

175 1479 27 22 de
217 1479 102 22 bankens
335 1479 106 27 ostridiga
457 1479 126 27 fordringar
599 1479 39 22 hos
655 1479 50 22 dess
722 1479 119 22 utländska
851 1480 85 22 ombud.
952 1480 44 21 En-

173 1509 43 27 ligt.
239 1509 154 27 ordalydelsen
413 1510 7 20 i
443 1509 127 22 nuvarande
586 1510 136 27 reglemente
738 1512 38 20 äro
793 1510 123 22 emellertid
933 1510 64 22 dessa

174 1540 77 21 vexlar
273 1539 50 21 icke
347 1542 33 18 att
402 1540 83 21 räknas
510 1540 70 21 såsom
602 1540 81 26 valuta,
700 1540 25 21 så
740 1540 66 26 länge
822 1540 27 21 de
864 1540 87 22 befinna
962 1540 35 26 sig
