1092 1784
440 121 83 19 Toukok.
536 122 22 18 29
570 126 18 19 p.
831 122 56 22 1943

100 174 93 22 naiselle
216 174 118 23 luonteelle
355 175 23 28 ja
401 176 169 27 merkitykselle
585 176 229 34 eduskunnassamme,
829 176 24 27 ja
867 182 50 16 sen-

98 204 83 23 tähden
206 205 73 21 minun
305 207 78 25 täytyy
409 205 122 27 puolestani
556 205 120 22 kannattaa
700 206 95 21 asessori
812 206 106 21 Wenner-

99 233 98 23 ström'in
220 234 116 23 ehdotusta
359 236 46 20 että
427 238 40 24 nyt
489 235 65 22 esillä
572 236 94 21 olevista
688 235 99 27 ponsista
802 235 115 22 kokonaan

97 264 101 27 jätetään
213 264 48 26 pois
276 264 164 27 pappissäädyn
451 265 181 27 mainitseminen,
640 265 25 27 ja
675 267 47 19 että
732 265 40 21 siis
780 271 27 15 ne
818 264 99 23 reformi-

99 294 152 27 kysymykset,
275 293 56 28 joita
356 296 40 24 nyt
421 300 27 15 on
470 296 104 25 nostettu,
599 294 169 27 supistettaisiin
791 295 126 21 ainoastaan

100 323 83 22 muihin
207 323 117 28 säätyihin,
346 323 69 28 joissa
429 324 142 22 varmaankin
588 324 92 22 voidaan
696 324 75 27 löytää
787 324 77 27 sopiva
879 323 40 22 tila

99 353 63 22 niille
177 353 123 24 aineksille,
315 353 63 27 jotka
388 353 113 28 nykyjään
512 353 105 28 pyrkivät
628 353 151 23 eduskuntaan
790 353 127 22 osallisiksi.

171 383 75 28 Piispa
269 380 99 30 Räbergh:
399 383 44 28 Jag
466 383 56 23 hade
541 384 126 28 egentligen
682 384 50 22 icke
747 386 74 19 ämnat
837 384 82 27 begära

98 413 64 22 ordet
185 413 6 22 i
216 414 71 21 denna
303 413 70 28 fråga,
389 420 50 15 men
454 414 70 27 ansåg
539 415 45 26 mig
599 414 55 22 dock
670 414 52 21 böra
738 416 54 25 göra
807 414 61 21 detta
883 413 36 22 för

100 445 33 20 att
156 443 35 22 för
216 443 43 22 min
280 443 36 22 del
338 443 133 22 understöda
494 444 26 21 de
536 444 90 27 äsigter,
643 450 45 16 som
704 446 91 25 prosten
810 444 107 21 Wenner-

99 475 69 20 ström
191 473 40 22 har
253 474 86 21 uttalat.
372 473 100 22 Särskild
496 474 119 27 anledning
638 474 34 21 till
696 475 32 20 ett
751 473 113 22 uttalande
880 473 40 28 gaf

99 504 45 27 mig
167 503 112 27 professor
301 503 126 27 Danielson,
450 503 28 22 dä
497 504 42 21 han
555 504 67 21 bland
637 506 67 19 annat
718 503 94 22 nämnde
828 505 32 20 att
876 503 43 22 den

98 533 115 22 inhemska
235 533 133 27 regeringen
391 533 128 22 försummat
542 536 32 19 att
591 536 52 24 taga
658 533 7 22 i
681 533 123 22 beaktande
820 533 27 22 de
863 535 56 20 utta-

99 563 80 22 landen
202 563 51 22 från
276 562 81 23 folkets
381 563 53 28 sida,
451 569 45 15 som
516 563 69 28 gjorts
601 563 49 22 med
665 563 104 22 afseende
784 563 14 21 å
812 563 107 27 utvidgad

99 593 241 26 representationsrätt.
371 592 45 22 För
439 593 44 21 min
504 593 36 22 del
555 593 44 22 kan
613 593 38 28 jag
666 593 50 22 icke
731 593 116 22 instämma
862 593 7 21 i
886 595 33 19 ett

99 623 80 22 sädant
194 622 104 23 omdöme.
329 623 45 26 Jag
389 625 47 19 tror
451 625 33 19 att
500 623 42 22 den
556 623 116 22 inhemska
686 623 133 27 regeringen
830 622 89 23 härvid-

99 652 37 28 lag
159 653 40 21 har
222 652 91 22 handlat
335 653 85 26 ganska
443 653 64 21 klokt
529 653 39 21 och
584 653 86 27 riktigt.
701 652 45 22 Det
760 653 42 21 har
817 653 51 21 hört
883 653 36 21 till

99 682 42 22 den
164 682 116 22 inhemska
303 682 144 27 regeringens
470 682 144 28 grundsatser
637 685 33 19 att
693 683 87 25 bevara,
803 682 58 22 hvad
881 682 38 22 det

99 712 72 22 finska
195 712 70 22 folket
287 718 53 22 eger
364 712 39 22 och
427 719 24 15 se
473 712 35 22 till
532 715 32 19 att
580 713 60 21 detta
656 712 46 22 folk
718 712 35 22 mä
769 712 74 22 kunna
859 711 60 23 lefva

99 742 70 22 under
186 742 71 28 skydd
273 742 25 22 af
311 742 48 22 sina
375 743 62 26 lagar
452 742 40 22 och
508 743 70 21 under
593 742 129 28 ätnjutande
737 742 25 22 af
776 742 47 22 sina
838 742 79 22 förmä-

99 779 40 15 ner
163 775 56 19 samt
241 772 132 27 visserligen
393 772 50 22 icke
458 774 104 20 motsätta
577 772 35 28 sig
626 772 77 28 hvarje
718 772 135 28 utveckling,
869 778 49 16 men

98 802 56 22 söka
174 803 81 21 bevara
271 802 72 22 denna
357 802 128 27 utveckling
501 803 28 26 pä
544 802 106 22 historisk
666 802 77 27 grund,
752 802 40 21 och
800 802 47 27 just
857 802 61 22 detta

99 838 66 16 anser
177 832 40 27 jag
232 832 95 27 förtjena
342 831 38 23 det
395 834 82 20 största
493 832 147 22 erkännande.
671 832 43 22 Det
730 832 40 21 har
786 832 132 26 visserligen

99 863 61 26 sagts
184 865 38 21 att,
246 862 70 22 säsom
340 862 95 21 sakerna
457 868 29 16 nu
510 863 40 24 stä,
567 862 167 27 samhällslager
749 862 77 26 finnas,
842 862 76 21 hvilka

99 892 58 21 inom
173 891 253 28 folkrepresentationen
442 892 49 22 icke
507 892 74 22 kunna
596 894 54 25 göra
666 892 48 22 sina
724 892 136 27 önskningar
871 892 46 27 gäl-

100 922 71 21 lande.
202 921 45 23 För
271 922 44 21 min
338 921 35 22 del
396 925 47 18 tror
456 922 39 27 jag
510 923 49 21 icke
575 922 67 22 detta.
675 921 137 28 Visserligen
829 923 38 20 vet
879 922 39 27 jag

100 954 33 19 att
156 952 168 27 samhällslager
346 952 77 27 finnas,
447 959 46 14 som
508 953 50 21 icke
573 953 75 21 kunna
663 952 76 22 utöfva
754 951 120 28 inflytande
890 953 28 25 pä

99 983 37 21 val
158 982 36 22 till
217 982 212 27 representationen;
453 989 49 15 men
522 983 39 28 jag
579 985 25 19 är
622 982 52 22 fullt
689 981 131 28 öfvertygad
836 988 34 15 om
885 984 33 19 att

98 1012 127 28 ständerna,
242 1019 46 15 som
307 1014 156 25 representera
478 1013 38 21 det
530 1013 72 22 finska
616 1011 77 28 folket,
710 1012 75 22 städse
801 1013 52 20 sökt
867 1016 52 23 taga

100 1043 6 21 i
118 1043 123 22 beaktande
252 1042 66 23 äfven
329 1042 64 22 dessa
404 1043 74 27 lagers
488 1043 111 22 intressen
609 1043 39 22 och
660 1042 51 22 sökt
719 1042 134 27 tillmötesgä
862 1042 55 22 dem.

171 1072 76 23 Under
270 1073 42 22 den
335 1072 132 27 diskussion,
491 1079 45 16 som
554 1073 57 22 förts
628 1072 112 27 angäende
756 1072 64 22 dessa
836 1072 81 28 frägor,

100 1103 40 21 har
164 1103 44 27 mig
230 1101 45 23 ofta
293 1103 76 21 runnit
384 1103 8 21 i
407 1103 83 21 minnet
506 1103 90 27 äsigter,
613 1109 45 15 som
673 1103 63 26 längt
751 1101 60 23 förut
827 1103 91 21 uttalats

99 1132 40 21 och
163 1132 66 22 äfven
253 1132 65 22 hafva
341 1133 50 21 stöd
413 1132 8 21 i
437 1132 99 22 Herrans
552 1134 51 25 eget
618 1132 46 27 ord,
681 1132 109 27 nämligen
808 1132 41 21 den
865 1138 53 20 upp-

100 1162 103 27 fattning,
228 1163 32 20 att
283 1162 77 28 hvarje
381 1162 112 26 samhälle,
511 1162 78 22 liksom
606 1161 65 23 äfven
687 1162 99 21 Herrens
802 1161 73 27 kyrka
891 1162 28 26 pä

96 1192 80 26 jorden
192 1194 26 19 är
235 1194 32 19 att
283 1198 54 15 anse
352 1192 71 21 säsom
440 1198 27 15 en
483 1192 77 27 kropp,
576 1198 27 15 en
619 1192 116 27 organism,
745 1191 39 22 der
795 1191 37 21 väl
842 1191 76 27 hvarje

99 1222 43 21 lem
170 1222 39 21 har
233 1221 34 23 sin
292 1221 94 28 uppgift,
412 1228 49 15 men
484 1222 50 21 icke
556 1227 82 16 samma
653 1221 87 27 uppgift
755 1221 40 22 och
812 1221 19 27 ej
847 1221 72 21 heller

99 1257 84 16 samma
205 1250 126 28 inflytande,
354 1257 50 16 men
427 1252 40 20 der
489 1251 39 22 det
547 1251 62 22 helas
633 1250 87 23 trefnad
736 1252 40 20 och
790 1251 129 27 utveckling

99 1281 66 22 beror
186 1280 66 23 deraf
271 1283 34 20 att
328 1281 77 27 hvarje
423 1281 87 22 enskild
526 1282 42 21 lem
576 1281 91 34 fullgör
682 1281 35 22 sin
732 1280 93 35 uppgift.
855 1280 64 22 Allas

99 1311 89 27 uppgift
203 1313 26 19 är
243 1311 50 22 icke
309 1313 33 19 att
351 1311 94 22 herrska
455 1311 40 21 och
510 1311 50 21 leda
575 1310 7 22 i
598 1317 82 15 samma
694 1311 95 26 mening,
806 1316 49 16 men
863 1310 56 22 allas

100 1340 89 28 uppgift
211 1343 25 19 är
254 1343 33 19 att
302 1340 71 22 förstä
389 1341 34 21 sin
439 1341 7 21 i
462 1341 62 21 Guds
539 1340 81 22 tankar
635 1340 113 28 grundade
763 1340 100 22 ändamäl
879 1340 40 22 och

99 1371 56 21 söka
178 1370 56 28 fylla
257 1371 124 21 detsamma.
412 1371 45 26 Jag
479 1373 48 19 tror
550 1370 74 22 derför
647 1370 55 22 att
692 1366 15 36 i
720 1370 76 27 hvarje
813 1370 106 21 samhälle

100 1401 71 21 måste
194 1400 69 21 finnas
287 1400 174 26 samhällslager,
478 1406 45 16 som
539 1400 159 22 företrädesvis
714 1406 40 20 ega
770 1406 28 14 en
814 1399 106 27 styrande

100 1429 40 21 och
163 1428 94 22 ledande
279 1428 88 28 uppgift
390 1429 40 20 och
448 1428 69 22 andra
533 1434 51 21 som,
601 1428 65 22 äfven
682 1434 34 15 om
733 1428 27 21 de
775 1429 29 25 på
820 1428 39 21 sitt
875 1430 44 20 sätt

101 1457 76 23 utöfva
192 1457 120 27 inflytande
328 1458 29 26 på
373 1457 37 21 det
425 1458 56 23 hela,
498 1458 90 21 likvisst
603 1456 159 23 företrädesvis
778 1459 38 19 äro
827 1457 92 21 föremål

101 1488 34 21 för
150 1487 81 22 andras
246 1487 91 28 ledning
352 1487 40 21 och
407 1487 49 21 icke
473 1486 51 23 öfva
539 1492 81 16 samma
630 1486 136 28 mångsidiga
778 1486 141 22 verksamhet

100 1524 46 16 som
163 1517 33 23 de.
227 1517 71 23 Dessa
313 1517 187 27 omständigheter
515 1517 53 21 bero
583 1516 25 22 af
621 1516 41 22 den
678 1518 73 20 större
767 1516 56 22 eller
835 1516 84 22 mindre
