1700 1939
518 225 56 19 1610
821 222 84 19 Toukok,
919 223 52 21 21-p.

483 275 111 26 tinnössä;
619 277 62 20 tämä
703 276 129 21 ainoastaan
848 282 29 15 on
891 275 68 22 tullut
973 275 68 22 tähän
1064 275 136 22 mietintöön.
1232 276 76 21 Minun

486 307 81 26 täytyy
583 305 60 28 pitää
659 311 97 15 suurena
775 305 274 22 huomaamattomuutena
1064 305 47 21 että
1125 305 46 22 niin
1187 311 28 15 on
1230 305 77 28 tapah-

484 337 74 23 tunut,
577 336 70 19 mutta
662 334 82 22 vaikka
759 334 45 22 niin
820 334 67 22 onkin
903 334 140 28 tapahtunut,
1059 341 29 15 en
1103 334 128 22 mitenkään
1244 335 63 22 katso

485 365 49 21 että
549 364 96 22 voimme
661 365 61 20 tässä
737 364 84 21 muulla
837 365 83 21 tavalla
935 364 68 21 tehdä
1019 364 53 22 kuin
1087 364 103 22 käsitellä
1204 365 103 21 rautatie-

486 394 151 22 valiokunnan
660 393 288 29 yhteensovitusehdotusta
969 394 60 27 juuri
1051 394 148 22 semmoisena
1214 394 54 22 kuin
1283 400 25 16 se

485 431 38 16 on.
554 425 29 21 Ja
606 424 69 21 koska
699 424 89 21 kukaan
814 425 19 20 ei
851 424 34 21 ole
901 424 147 22 kannattanut
1063 424 121 22 ehdotusta
1198 425 47 21 että
1260 425 48 21 asia

484 453 134 29 jätettäisiin
634 453 47 22 ensi
697 454 112 22 istuntoon
824 453 111 29 pöydälle,
952 454 90 27 pyydän
1054 454 68 22 saada
1133 454 109 22 ilmoittaa
1252 455 55 21 ensi-

488 485 85 21 mäisen
589 490 88 22 ponnen
693 484 94 21 suhteen
802 485 47 20 että
864 490 39 15 sen
913 484 125 28 hyväksyn,
1050 485 71 21 mutta
1132 484 177 27 edellyttämällä

486 515 50 21 että
558 514 105 22 toisetkin
685 515 82 26 ponnet
790 514 85 22 tulevat
891 514 177 27 hyväksytyiksi,
1083 515 61 26 josta
1160 521 79 15 seuraa
1262 515 46 21 että

488 550 28 16 ne
531 544 70 26 rahat,
617 544 64 27 jotka
696 545 53 20 ovat
764 543 116 22 ehdotetut
895 543 160 28 käytettäviksi
1082 539 91 37 Kuopion
1196 544 112 22 Iisalmen

488 574 70 22 radan
573 573 185 26 rakentamiseen,
775 574 60 21 eivät
851 573 46 22 tule
912 573 70 22 siihen
999 574 142 28 käytetyiksi.
1168 575 45 21 Sen
1229 575 80 21 vuoksi

487 604 99 23 ehdotan
602 605 46 20 että
671 603 90 22 Oulun—
769 599 95 37 Tornion
883 604 112 21 rautatien
1009 604 299 22 rakennuskustannusarvio

488 634 146 22 koroitetaan.
666 633 63 22 Ehkä
754 640 29 15 on
798 633 138 29 tarpeellista
951 635 47 20 että
1013 634 100 21 mietintö
1129 635 75 28 tämän
1221 640 88 22 ponnen

488 665 95 21 suhteen
609 663 96 22 vieläkin
721 664 142 27 palautetaan
879 663 261 22 rautatievaliokuntaan.
1172 655 136 47 (Äänestys!)

560 694 123 21 Professori
708 693 86 22 Donner:
818 693 34 22 Dä
875 693 43 22 den
941 693 56 22 sista
1021 694 86 21 talaren
1130 694 82 22 uttalat
1226 694 35 28 sig
1276 694 33 21 till

489 723 87 22 förmän
600 723 34 22 för
657 724 43 21 den
722 723 29 28 pä
773 724 40 21 sid.
839 727 12 18 3
874 723 108 28 ingäende
1008 724 119 26 klämmen,
1153 724 39 22 ber
1213 724 41 28 jag
1277 725 33 21 att

489 754 106 22 särskildt
617 753 94 22 rörande
735 753 72 22 denna
831 753 22 22 få
875 754 107 21 anmärka
1005 756 32 19 att
1062 755 110 21 utskottet
1195 754 115 22 alldeles
1295 749 20 37 i

490 785 93 21 motsats
606 784 33 22 till
663 784 38 21 sitt
725 784 126 22 förfarande
867 785 7 20 i
891 783 62 28 fråga
978 790 35 15 om
1039 784 114 27 banlinjen
1180 784 47 22 från
1250 784 59 22 Kuo-

490 815 36 27 pio
542 814 33 21 till
591 814 83 22 Iisalmi
689 814 42 22 och
746 814 70 27 linjen
831 814 48 22 från
895 814 138 28 Helsingfors
1049 814 33 21 till
1099 814 65 22 Karis
1175 815 55 21 eller
1240 814 69 22 Gerk-

490 845 47 24 näs,
553 844 76 21 hvilka
645 844 109 21 hvardera
769 844 74 21 blifvit
853 844 123 22 omfattade
989 845 26 20 af
1024 844 37 21 två
1071 844 64 22 stånd
1146 845 42 21 och
1198 845 28 27 pä
1237 845 72 27 grund

489 874 71 25 deraf,
577 880 47 15 som
640 874 109 21 utskottet
764 875 72 27 säger,
852 874 55 22 böra
923 873 96 28 förfalla,
1032 874 132 21 formulerar
1175 876 32 19 ett
1219 874 89 29 förslag,

488 904 8 21 i
512 903 85 22 hvilket
613 904 38 21 det
666 904 87 27 intager
769 905 32 20 ett
812 903 114 22 uttalande
937 910 35 15 om
984 903 213 28 Uleäborg—Vaala
1207 905 102 27 jernväg,

490 939 48 16 som
562 934 25 21 af
603 934 44 21 alla
663 933 63 22 ständ
743 935 25 20 är
784 934 119 21 förkastad.
935 934 98 21 Formelt
1056 933 45 22 stär
1117 934 62 21 detta
1195 934 115 21 uttalande

489 963 34 22 till
540 963 84 22 förmån
641 963 34 22 för
691 963 214 28 Uleäborg—Vaala
920 963 73 22 banan
1010 963 140 28 fullständigt
1164 963 7 21 i
1188 964 54 21 strid
1260 964 49 21 med

489 993 45 22 alla
557 993 76 22 ständs
655 993 80 22 beslut.
767 993 42 22 För
832 993 68 28 öfrigt
923 993 149 22 förekommer
1097 993 41 22 här
1152 995 33 20 ett
1200 1000 110 15 samman-

487 1023 230 30 jemkningsförslag
717 1023 26 22 af
757 1023 130 26 uttalandet,
911 1023 108 22 huruvida
1035 1024 95 27 utsigter
1145 1023 71 22 finnas
1233 1023 34 22 för
1283 1029 27 16 en

490 1053 165 22 transitotrafik.
686 1037 8 48 —
701 1048 74 27 Äfven
791 1053 62 22 detta
868 1041 115 34 uttalande
998 1054 25 20 är
1038 1053 56 22 blott
1110 1053 26 22 af
1144 1053 37 22 två
1191 1053 63 22 stånd
1266 1059 44 16 om-

491 1082 88 23 fattadt.
610 1083 115 22 Utskottet
748 1083 39 22 har
811 1083 85 22 säledes
920 1083 33 21 till
969 1083 92 22 ständen
1078 1083 110 22 framstält
1204 1083 106 28 förslag
1297 1078 17 37 i

489 1113 67 21 dessa
579 1113 37 21 två
639 1113 102 28 punkter,
765 1119 46 16 som
836 1113 33 21 stä
885 1113 7 21 i
909 1113 130 28 fullständig
1062 1113 55 22 strid
1133 1113 50 21 med
1200 1113 51 22 dess
1268 1113 42 22 för-

492 1143 129 26 faringssätt
636 1143 6 21 i
659 1143 72 28 öfrigt.
764 1143 31 21 Pä
811 1143 69 28 grund
898 1143 67 21 häraf
977 1149 67 21 synes
1061 1143 37 21 det
1114 1143 51 28 mig,
1174 1149 48 15 som
1234 1143 76 22 ätmin-

488 1173 66 20 stone
570 1173 61 21 detta
647 1173 312 27 sammanjemkningsförslag
970 1172 69 22 mäste
1051 1173 95 21 förfalla.
1167 1172 121 29 (Aänestys
1296 1173 14 27 !)

564 1202 122 22 Professori
710 1203 134 20 Hermanson:
861 1202 41 21 Om
916 1203 40 27 jag
971 1202 49 21 icke
1035 1202 52 21 hört
1102 1202 97 28 oriktigt,
1216 1203 40 20 har
1271 1202 40 22 här

489 1232 78 26 yrkats
590 1233 33 20 att
647 1232 88 21 ständet
749 1232 73 21 skulle
839 1233 56 21 fatta
910 1232 73 21 beslut
999 1231 114 27 angäende
1129 1231 86 22 Torneä
1231 1232 78 21 banan.

491 1262 51 21 Men
556 1262 40 27 jag
611 1261 39 21 ber
665 1263 34 20 att
715 1261 22 21 fä
753 1262 103 21 fasthälla
872 1262 36 21 vid
925 1262 32 20 att
968 1261 72 21 denna
1051 1261 63 28 fräga
1125 1262 187 27 sammanhänger

491 1291 50 21 med
566 1291 27 21 de
617 1291 72 28 öfriga
712 1292 40 20 och
777 1293 32 19 att
833 1290 150 22 betänkandet
1005 1290 86 22 säledes
1107 1291 6 21 i
1130 1291 33 21 sin
1179 1291 76 21 helhet
1270 1290 40 22 bör

490 1320 179 22 äterremitteras.
701 1321 43 28 Jag
765 1321 39 22 vill
820 1322 49 21 icke
885 1322 98 27 upptaga
999 1321 98 21 ständets
1113 1320 32 22 tid
1160 1321 83 25 vidare,
1260 1326 50 16 men

491 1352 115 26 gentemot
621 1351 112 27 professor
749 1351 121 21 Danielson
885 1350 108 22 vidhäller
1007 1352 41 26 jag
1065 1351 44 21 min
1125 1350 63 28 äsigt.

562 1380 192 28 Tuomioprovasti
780 1381 161 26 Schwartzberg:
965 1380 59 22 Minä
1043 1380 105 22 tahtoisin
1164 1381 78 21 lausua
1258 1381 52 25 että,

491 1410 45 21 kun
558 1410 184 26 tuomioprovasti
765 1410 105 27 Hedberg
893 1415 68 15 sanoo
987 1411 46 19 että
1055 1410 194 26 yhteensovitusta
1265 1410 45 20 teh-

490 1439 75 21 täessä
589 1439 19 21 ei
624 1438 61 22 tulisi
703 1439 117 21 ollenkaan
835 1439 86 25 katsoa,
938 1438 53 22 mitä
1007 1439 63 21 kaksi
1086 1439 80 26 säätyä
1183 1444 29 16 on
1227 1439 84 27 päättä-

490 1470 41 26 nyt
554 1464 124 36 Helsingin
693 1464 150 36 Kirkniemen
866 1469 79 21 rataan
967 1468 96 26 nähden,
1088 1468 26 22 V.
1131 1468 57 22 J:ssä
1204 1469 107 21 sanotaan

489 1499 48 21 että
552 1498 169 27 yhteensovitus
737 1504 28 16 on
781 1498 97 26 tehtävä,
893 1498 64 28 jotta,
972 1498 36 28 jos
1025 1498 141 22 mahdollista
1182 1504 32 19 on,
1232 1499 79 21 saatai-

490 1528 42 22 isiin
554 1528 107 28 yhteinen
683 1528 144 28 säätypäätös
851 1528 102 22 toimeen.
985 1528 42 22 Siis
1043 1528 26 22 V.
1086 1528 37 22 J:n
1139 1528 97 22 mukaan
1251 1528 60 22 tulee

490 1559 215 27 [yhteensovituksen
728 1559 43 21 olla
790 1558 150 22 senkaltaisen
961 1559 46 21 että
1023 1558 80 28 säädyt
1118 1558 96 22 voisivat
1228 1558 83 28 yhteen

490 1588 137 28 päätökseen
651 1589 62 21 tulla.
745 1588 39 22 Jos
809 1590 41 26 nyt
864 1588 97 22 tehdään
977 1588 50 22 sillä
1042 1588 61 22 lailla
1119 1588 53 22 kuin
1187 1590 61 20 tässä
1264 1590 46 20 tuo-

491 1619 143 27 mioprovasti
657 1619 106 28 Hedberg
785 1619 66 25 esitti,
875 1618 45 22 niin
947 1625 24 15 se
987 1625 96 15 suoraan
1097 1619 60 28 viepi
1172 1619 71 21 siihen
1259 1619 54 21 ettei
