1095 1784
424 142 83 18 Toukok.
520 142 23 18 22
554 148 18 17 p.
817 145 55 20 1687

160 195 334 29 Sammanjemkningsförslaget
515 196 49 22 blef
584 195 25 23 af
629 196 26 22 R.
676 202 17 15 o.
709 196 44 22 A:n
769 196 135 28 godkändt
889 191 20 37 i

88 224 75 29 öfrigt,
179 228 60 19 utom

158 269 34 19 att
214 267 25 21 R.
263 273 18 15 o.
298 268 42 20 A:n
355 266 137 23 beträffande
507 267 13 29 $
537 270 26 19 78
581 274 60 15 mom.
657 270 12 18 3
687 267 87 22 vidblef
787 268 50 21 dess
853 267 51 22 tidi-

87 302 54 21 gare
156 296 85 22 fattade
257 297 73 21 beslut
344 297 8 20 i
368 297 71 21 denna
455 297 44 26 del;
514 300 57 18 samt

159 339 40 26 att,
215 337 166 23 vidkommande
396 337 13 29 &
425 339 36 27 82,
476 338 107 28 förslaget
598 338 127 28 godkändes
735 338 50 21 med
796 337 109 22 förbehåll

87 373 34 16 om
144 367 115 22 införande
279 367 26 22 af
317 369 33 20 ett
364 368 132 27 ytterligare
511 370 95 20 moment
620 368 25 21 af
659 368 95 27 följande
769 367 105 23 innehäll:

160 403 108 23 Kommun
278 409 54 17 vare
340 404 56 21 dock
404 404 102 27 obetaget
516 406 32 20 att
556 410 77 22 genom
642 404 73 21 beslut
722 403 39 23 vid
770 403 135 23 kommunal-

88 435 93 20 stämma
195 433 36 22 för
247 440 26 16 en
289 434 33 21 tid
338 434 24 21 af
374 433 43 22 fem
433 434 26 21 är
474 434 7 21 i
497 434 80 22 sänder
592 433 35 23 för
642 434 124 26 beräkning
776 434 25 21 af
809 434 96 21 inkomst

89 463 49 21 frän
159 463 229 28 jordbruksfastighet
410 463 112 23 fastställa
545 464 68 22 sädan
628 464 78 27 grund,
723 465 33 20 att
770 463 135 28 fastigheten

88 493 49 22 med
160 493 91 28 ledning
273 493 25 22 af
318 492 219 29 köpeafhandlingar,
558 494 162 27 jordlegoattal,
737 493 119 27 värdering
871 492 35 22 för

91 523 129 22 erhällande
236 524 25 21 af
273 524 38 21 län
321 523 51 22 frän
382 524 110 21 allmänna
502 524 259 27 penningeinrättningar
772 524 55 21 eller
837 523 69 22 andra

88 553 141 28 tillgängliga
245 554 159 27 upplysningar
418 554 132 27 uppskattas
566 554 35 22 till
616 554 40 22 sitt
666 553 159 27 kapitalvärde,
837 553 69 22 hvarä

88 586 53 19 utan
164 583 78 28 afdrag
265 583 34 22 för
321 584 119 22 intecknad
463 584 65 22 skuld
548 584 109 22 beräknas
673 586 14 19 4
703 590 57 20 proc.
776 584 72 21 såsom
864 583 41 21 den

88 614 115 21 skattbara
217 614 103 27 inkomst,
336 613 35 22 för
386 614 91 22 hvilken
492 614 146 28 fastighetens
654 616 67 25 ägare
736 614 55 22 eller
807 613 42 23 den
860 619 46 16 som

89 643 49 22 med
154 643 93 27 stadgad
262 644 88 21 äborätt
365 644 55 22 eller
436 644 70 27 enligt
521 643 149 23 arrendeaftal
686 643 49 22 med
750 644 85 21 kronan
845 644 60 20 inne-

88 674 42 21 har
144 674 134 26 lägenheten
294 674 58 21 skall
367 676 96 25 taxeras,
479 674 114 22 hvaremot
608 674 42 21 den
666 674 97 21 inkomst
774 676 66 24 ägare
851 673 56 22 eller

87 703 146 23 innehafvare
256 703 25 21 af
296 703 228 28 jordbruksfastighet
539 704 47 22 haft
601 704 24 21 af
638 704 91 26 kapital,
746 704 76 21 arbete
837 710 26 15 m.
880 709 26 15 m.

89 734 131 26 uppskattas
236 734 71 27 enligt
322 734 27 22 de
364 734 6 20 i
386 740 63 16 mom.
468 736 10 19 1
495 733 89 28 angifna
600 734 102 28 grunder.

163 769 82 22 Tillika
267 770 72 22 beslöt
360 769 24 23 R.
408 776 17 15 o.
446 770 42 21 A:n
503 772 33 20 att
550 770 89 28 inbjuda
655 769 144 23 medständen
815 771 32 20 att
863 774 44 16 om-

89 799 57 23 fatta
161 799 25 23 R.
202 805 19 16 o.
237 800 55 22 A:ns
307 806 30 16 nu
352 799 84 23 fattade
452 800 73 22 beslut
540 799 135 23 beträffande
691 800 13 28 &
720 802 34 20 82.

161 836 82 21 Härom
267 836 72 22 skulle
362 836 143 22 medständen
524 837 40 21 och
579 836 236 22 kommunalutskottet
829 841 78 21 genom

89 866 204 28 protokollsutdrag
307 866 147 22 underrättas.

713 896 21 17 In
746 895 66 18 fidem:

681 937 22 23 C.
721 937 118 22 Cronstedt.

163 986 121 23 Ritariston
305 987 25 28 ja
350 987 83 22 aatelin
447 987 150 28 ylläolevassa
611 986 241 29 pöytäkirjanotteessa
867 986 41 22 esi-

90 1017 58 28 tetty
164 1016 103 22 kutsumus
279 1017 73 28 pantiin
364 1016 88 28 pöydälle
463 1017 47 21 ensi
524 1017 119 22 istuntoon.

163 1089 98 22 Luettiin
275 1089 57 28 julki

163 1148 186 22 lakivaliokunnalta
366 1144 12 36 —
393 1149 68 22 tullut
489 1149 89 26 kirjelmä
600 1155 36 16 n:o
659 1151 28 19 94
718 1148 139 22 Toukokuun
881 1150 27 19 22

91 1179 61 28 p:ltä,
175 1179 62 27 jossa
261 1179 136 21 ilmoitettiin
419 1179 48 21 että
484 1179 75 22 kaikki
574 1179 81 27 säädyt
669 1179 70 21 olivat
754 1178 156 28 hyväksyneet

92 1207 150 23 valiokunnan
264 1208 106 21 laatiman
385 1208 308 27 yhteensovitusehdotuksen
707 1207 122 22 mietinnön
843 1213 36 16 n:o
896 1210 13 19 4

90 1237 105 28 johdosta
218 1237 148 22 armollisesta
389 1238 134 28 esityksestä
545 1243 36 16 n:o
606 1241 33 23 19,
662 1237 54 28 joka
736 1237 84 22 koskee
835 1237 75 22 uuden

92 1267 141 22 holhouslain
248 1267 180 28 hyväksymistä
418 1263 12 36 ;

164 1325 220 28 pankkivaliokunnalta
406 1326 68 22 tullut
497 1326 89 27 kirjoitus
609 1332 35 16 n:o
669 1329 27 19 53
719 1325 139 23 Toukokuun
881 1328 28 19 22

92 1355 61 29 p:ltä,
175 1356 63 28 jossa
260 1356 135 22 ilmoitettiin
417 1357 48 21 että
487 1356 75 22 kaikki
584 1355 81 28 säädyt
687 1357 53 20 ovat
755 1355 156 28 hyväksyneet

93 1385 151 23 valiokunnan
266 1385 121 23 mietinnön
402 1392 37 16 n:o
456 1389 12 18 3
485 1386 144 28 Längman'in
643 1385 268 28 testamenttirahastojen

93 1415 153 22 hoitamisesta
269 1416 25 26 ja
319 1416 67 21 niistä
408 1416 146 26 kertyneiden
579 1417 41 26 nyt
644 1415 155 27 käytettävinä
824 1415 87 21 olevien

93 1445 93 27 varojen
194 1444 153 27 jakamisesta,
356 1444 50 21 sillä
413 1445 149 21 muutoksella
570 1445 46 20 että
625 1444 170 27 kirjallisuuden
806 1443 105 22 seuroille

94 1474 138 28 palkintojen
267 1473 122 28 jakamista
426 1475 79 20 varten
543 1474 116 22 ehdotetut
689 1473 142 22 määrärahat
858 1475 53 20 ovat

93 1504 142 29 käytettävät
256 1503 148 28 palkinnoiksi
428 1503 144 29 kirjallisista,
596 1503 20 22 ei
639 1503 69 22 kuten
731 1503 130 22 valiokunta
881 1503 30 23 oli

94 1534 139 27 ehdottanut,
249 1533 211 28 kaunokirjallisista
474 1533 116 28 teoksista;
