<?xml version="1.0" encoding="UTF-8"?>
<alto xmlns="http://www.loc.gov/standards/alto/ns-v3#" xmlns:xlink="http://www.w3.org/1999/xlink" xmlns:xsi="http://www.w3.org/2001/XMLSchema-instance" xsi:schemaLocation="http://www.loc.gov/standards/alto/ns-v3# http://www.loc.gov/alto/v3/alto-3-0.xsd">
	<Description>
		<MeasurementUnit>pixel</MeasurementUnit>
		<sourceImageInformation>
			<fileName>/tmp/tess_m_yndlod_input.PNG</fileName>
		</sourceImageInformation>
		<OCRProcessing ID="OCR_0">
			<ocrProcessingStep>
				<processingSoftware>
					<softwareName>tesseract 5.3.4</softwareName>
				</processingSoftware>
			</ocrProcessingStep>
		</OCRProcessing>
	</Description>
	<Layout>
		<Page WIDTH="1095" HEIGHT="1786" PHYSICAL_IMG_NR="0" ID="page_0">
			<PrintSpace HPOS="0" VPOS="0" WIDTH="1095" HEIGHT="1786">
				<ComposedBlock ID="cblock_0" HPOS="224" VPOS="143" WIDTH="450" HEIGHT="23">
					<TextBlock ID="block_0" HPOS="224" VPOS="143" WIDTH="450" HEIGHT="23">
						<TextLine ID="line_0" HPOS="224" VPOS="143" WIDTH="450" HEIGHT="23">
							<String ID="string_0" HPOS="224" VPOS="147" WIDTH="55" HEIGHT="19" WC="0.95" CONTENT="1826"/><SP WIDTH="246" VPOS="147" HPOS="279"/>
							<String ID="string_1" HPOS="525" VPOS="143" WIDTH="83" HEIGHT="18" WC="0.92" CONTENT="Toukok."/><SP WIDTH="13" VPOS="143" HPOS="608"/>
							<String ID="string_2" HPOS="621" VPOS="144" WIDTH="23" HEIGHT="17" WC="0.96" CONTENT="28"/><SP WIDTH="12" VPOS="144" HPOS="644"/>
							<String ID="string_3" HPOS="656" VPOS="148" WIDTH="18" HEIGHT="17" WC="0.95" CONTENT="p."/>
						</TextLine>
					</TextBlock>
				</ComposedBlock>
				<ComposedBlock ID="cblock_1" HPOS="187" VPOS="197" WIDTH="823" HEIGHT="1368">
					<TextBlock ID="block_1" HPOS="191" VPOS="197" WIDTH="819" HEIGHT="409">
						<TextLine ID="line_1" HPOS="192" VPOS="197" WIDTH="817" HEIGHT="28">
							<String ID="string_4" HPOS="192" VPOS="198" WIDTH="69" HEIGHT="21" WC="0.93" CONTENT="borde"/><SP WIDTH="16" VPOS="198" HPOS="261"/>
							<String ID="string_5" HPOS="277" VPOS="197" WIDTH="127" HEIGHT="22" WC="0.92" CONTENT="forfarande"/><SP WIDTH="16" VPOS="197" HPOS="404"/>
							<String ID="string_6" HPOS="420" VPOS="197" WIDTH="127" HEIGHT="22" WC="0.91" CONTENT="bibehällas."/><SP WIDTH="32" VPOS="197" HPOS="547"/>
							<String ID="string_7" HPOS="579" VPOS="197" WIDTH="43" HEIGHT="28" WC="0.93" CONTENT="Jag"/><SP WIDTH="24" VPOS="197" HPOS="622"/>
							<String ID="string_8" HPOS="646" VPOS="197" WIDTH="124" HEIGHT="22" WC="0.91" CONTENT="föreställer"/><SP WIDTH="26" VPOS="197" HPOS="770"/>
							<String ID="string_9" HPOS="796" VPOS="197" WIDTH="45" HEIGHT="28" WC="0.96" CONTENT="mig"/><SP WIDTH="24" VPOS="197" HPOS="841"/>
							<String ID="string_10" HPOS="865" VPOS="199" WIDTH="32" HEIGHT="19" WC="0.92" CONTENT="att"/><SP WIDTH="25" VPOS="199" HPOS="897"/>
							<String ID="string_11" HPOS="922" VPOS="197" WIDTH="87" HEIGHT="22" WC="0.92" CONTENT="ständet"/>
						</TextLine>
						<TextLine ID="line_2" HPOS="192" VPOS="226" WIDTH="816" HEIGHT="29">
							<String ID="string_12" HPOS="192" VPOS="227" WIDTH="49" HEIGHT="22" WC="0.90" CONTENT="icke"/><SP WIDTH="16" VPOS="227" HPOS="241"/>
							<String ID="string_13" HPOS="257" VPOS="227" WIDTH="40" HEIGHT="21" WC="0.96" CONTENT="har"/><SP WIDTH="15" VPOS="227" HPOS="297"/>
							<String ID="string_14" HPOS="312" VPOS="227" WIDTH="48" HEIGHT="21" WC="0.96" CONTENT="skäl"/><SP WIDTH="16" VPOS="227" HPOS="360"/>
							<String ID="string_15" HPOS="376" VPOS="228" WIDTH="33" HEIGHT="20" WC="0.92" CONTENT="att"/><SP WIDTH="23" VPOS="228" HPOS="409"/>
							<String ID="string_16" HPOS="432" VPOS="227" WIDTH="69" HEIGHT="21" WC="0.92" CONTENT="ändra"/><SP WIDTH="16" VPOS="227" HPOS="501"/>
							<String ID="string_17" HPOS="517" VPOS="227" WIDTH="38" HEIGHT="21" WC="0.96" CONTENT="sitt"/><SP WIDTH="15" VPOS="227" HPOS="555"/>
							<String ID="string_18" HPOS="570" VPOS="227" WIDTH="74" HEIGHT="21" WC="0.96" CONTENT="beslut"/><SP WIDTH="19" VPOS="227" HPOS="644"/>
							<String ID="string_19" HPOS="663" VPOS="227" WIDTH="7" HEIGHT="20" WC="0.93" CONTENT="i"/><SP WIDTH="16" VPOS="227" HPOS="670"/>
							<String ID="string_20" HPOS="686" VPOS="227" WIDTH="106" HEIGHT="21" WC="0.90" CONTENT="afseende"/><SP WIDTH="16" VPOS="227" HPOS="792"/>
							<String ID="string_21" HPOS="808" VPOS="227" WIDTH="12" HEIGHT="20" WC="0.88" CONTENT="ä"/><SP WIDTH="23" VPOS="227" HPOS="820"/>
							<String ID="string_22" HPOS="843" VPOS="227" WIDTH="73" HEIGHT="21" WC="0.93" CONTENT="denna"/><SP WIDTH="23" VPOS="227" HPOS="916"/>
							<String ID="string_23" HPOS="939" VPOS="226" WIDTH="69" HEIGHT="29" WC="0.92" CONTENT="fräga."/>
						</TextLine>
						<TextLine ID="line_3" HPOS="192" VPOS="256" WIDTH="818" HEIGHT="29">
							<String ID="string_24" HPOS="192" VPOS="257" WIDTH="52" HEIGHT="21" WC="0.96" CONTENT="Men"/><SP WIDTH="16" VPOS="257" HPOS="244"/>
							<String ID="string_25" HPOS="260" VPOS="257" WIDTH="44" HEIGHT="27" WC="0.93" CONTENT="mig"/><SP WIDTH="15" VPOS="257" HPOS="304"/>
							<String ID="string_26" HPOS="319" VPOS="263" WIDTH="67" HEIGHT="20" WC="0.92" CONTENT="synes"/><SP WIDTH="16" VPOS="263" HPOS="386"/>
							<String ID="string_27" HPOS="402" VPOS="256" WIDTH="72" HEIGHT="21" WC="0.92" CONTENT="säsom"/><SP WIDTH="16" VPOS="256" HPOS="474"/>
							<String ID="string_28" HPOS="490" VPOS="263" WIDTH="35" HEIGHT="14" WC="0.92" CONTENT="om"/><SP WIDTH="18" VPOS="263" HPOS="525"/>
							<String ID="string_29" HPOS="543" VPOS="256" WIDTH="87" HEIGHT="21" WC="0.92" CONTENT="ständet"/><SP WIDTH="15" VPOS="256" HPOS="630"/>
							<String ID="string_30" HPOS="645" VPOS="256" WIDTH="71" HEIGHT="22" WC="0.96" CONTENT="skulle"/><SP WIDTH="16" VPOS="256" HPOS="716"/>
							<String ID="string_31" HPOS="732" VPOS="257" WIDTH="88" HEIGHT="21" WC="0.96" CONTENT="komma"/><SP WIDTH="17" VPOS="257" HPOS="820"/>
							<String ID="string_32" HPOS="837" VPOS="259" WIDTH="33" HEIGHT="19" WC="0.93" CONTENT="att"/><SP WIDTH="16" VPOS="259" HPOS="870"/>
							<String ID="string_33" HPOS="886" VPOS="256" WIDTH="78" HEIGHT="29" WC="0.93" CONTENT="frängä"/><SP WIDTH="7" VPOS="256" HPOS="964"/>
							<String ID="string_34" HPOS="971" VPOS="257" WIDTH="39" HEIGHT="21" WC="0.96" CONTENT="sitt"/>
						</TextLine>
						<TextLine ID="line_4" HPOS="191" VPOS="285" WIDTH="818" HEIGHT="29">
							<String ID="string_35" HPOS="191" VPOS="287" WIDTH="81" HEIGHT="24" WC="0.95" CONTENT="beslut,"/><SP WIDTH="16" VPOS="287" HPOS="272"/>
							<String ID="string_36" HPOS="288" VPOS="293" WIDTH="35" HEIGHT="15" WC="0.93" CONTENT="om"/><SP WIDTH="16" VPOS="293" HPOS="323"/>
							<String ID="string_37" HPOS="339" VPOS="285" WIDTH="88" HEIGHT="22" WC="0.91" CONTENT="ständet"/><SP WIDTH="19" VPOS="285" HPOS="427"/>
							<String ID="string_38" HPOS="446" VPOS="286" WIDTH="129" HEIGHT="28" WC="0.96" CONTENT="godkänner"/><SP WIDTH="16" VPOS="286" HPOS="575"/>
							<String ID="string_39" HPOS="591" VPOS="286" WIDTH="42" HEIGHT="21" WC="0.93" CONTENT="den"/><SP WIDTH="15" VPOS="286" HPOS="633"/>
							<String ID="string_40" HPOS="648" VPOS="286" WIDTH="153" HEIGHT="28" WC="0.92" CONTENT="föreliggande"/><SP WIDTH="15" VPOS="286" HPOS="801"/>
							<String ID="string_41" HPOS="816" VPOS="287" WIDTH="117" HEIGHT="21" WC="0.92" CONTENT="klämmen."/><SP WIDTH="32" VPOS="287" HPOS="933"/>
							<String ID="string_42" HPOS="965" VPOS="286" WIDTH="44" HEIGHT="22" WC="0.96" CONTENT="Det"/>
						</TextLine>
						<TextLine ID="line_5" HPOS="192" VPOS="315" WIDTH="817" HEIGHT="29">
							<String ID="string_43" HPOS="192" VPOS="317" WIDTH="25" HEIGHT="21" WC="0.96" CONTENT="är"/><SP WIDTH="16" VPOS="317" HPOS="217"/>
							<String ID="string_44" HPOS="233" VPOS="316" WIDTH="27" HEIGHT="28" WC="0.96" CONTENT="pä"/><SP WIDTH="16" VPOS="316" HPOS="260"/>
							<String ID="string_45" HPOS="276" VPOS="316" WIDTH="71" HEIGHT="21" WC="0.93" CONTENT="denna"/><SP WIDTH="16" VPOS="316" HPOS="347"/>
							<String ID="string_46" HPOS="363" VPOS="315" WIDTH="164" HEIGHT="27" WC="0.96" CONTENT="omständighet"/><SP WIDTH="12" VPOS="315" HPOS="527"/>
							<String ID="string_47" HPOS="539" VPOS="316" WIDTH="41" HEIGHT="27" WC="0.93" CONTENT="jag"/><SP WIDTH="15" VPOS="316" HPOS="580"/>
							<String ID="string_48" HPOS="595" VPOS="317" WIDTH="73" HEIGHT="20" WC="0.96" CONTENT="ansett"/><SP WIDTH="16" VPOS="317" HPOS="668"/>
							<String ID="string_49" HPOS="684" VPOS="316" WIDTH="44" HEIGHT="27" WC="0.93" CONTENT="mig"/><SP WIDTH="24" VPOS="316" HPOS="728"/>
							<String ID="string_50" HPOS="752" VPOS="316" WIDTH="54" HEIGHT="21" WC="0.95" CONTENT="böra"/><SP WIDTH="23" VPOS="316" HPOS="806"/>
							<String ID="string_51" HPOS="829" VPOS="316" WIDTH="59" HEIGHT="22" WC="0.93" CONTENT="fästa"/><SP WIDTH="22" VPOS="316" HPOS="888"/>
							<String ID="string_52" HPOS="910" VPOS="316" WIDTH="99" HEIGHT="21" WC="0.92" CONTENT="ständets"/>
						</TextLine>
						<TextLine ID="line_6" HPOS="193" VPOS="345" WIDTH="817" HEIGHT="29">
							<String ID="string_53" HPOS="193" VPOS="345" WIDTH="202" HEIGHT="29" WC="0.96" CONTENT="uppmärksamhet,"/><SP WIDTH="16" VPOS="345" HPOS="395"/>
							<String ID="string_54" HPOS="411" VPOS="345" WIDTH="80" HEIGHT="21" WC="0.96" CONTENT="medan"/><SP WIDTH="16" VPOS="345" HPOS="491"/>
							<String ID="string_55" HPOS="507" VPOS="346" WIDTH="38" HEIGHT="20" WC="0.96" CONTENT="det"/><SP WIDTH="15" VPOS="346" HPOS="545"/>
							<String ID="string_56" HPOS="560" VPOS="346" WIDTH="59" HEIGHT="20" WC="0.96" CONTENT="ännu"/><SP WIDTH="16" VPOS="346" HPOS="619"/>
							<String ID="string_57" HPOS="635" VPOS="346" WIDTH="24" HEIGHT="20" WC="0.96" CONTENT="är"/><SP WIDTH="16" VPOS="346" HPOS="659"/>
							<String ID="string_58" HPOS="675" VPOS="345" WIDTH="37" HEIGHT="21" WC="0.96" CONTENT="tid."/><SP WIDTH="31" VPOS="345" HPOS="712"/>
							<String ID="string_59" HPOS="743" VPOS="345" WIDTH="43" HEIGHT="28" WC="0.96" CONTENT="Jag"/><SP WIDTH="16" VPOS="345" HPOS="786"/>
							<String ID="string_60" HPOS="802" VPOS="346" WIDTH="35" HEIGHT="21" WC="0.96" CONTENT="för"/><SP WIDTH="15" VPOS="346" HPOS="837"/>
							<String ID="string_61" HPOS="852" VPOS="346" WIDTH="44" HEIGHT="21" WC="0.96" CONTENT="min"/><SP WIDTH="22" VPOS="346" HPOS="896"/>
							<String ID="string_62" HPOS="918" VPOS="345" WIDTH="35" HEIGHT="22" WC="0.96" CONTENT="del"/><SP WIDTH="16" VPOS="345" HPOS="953"/>
							<String ID="string_63" HPOS="969" VPOS="346" WIDTH="41" HEIGHT="21" WC="0.96" CONTENT="har"/>
						</TextLine>
						<TextLine ID="line_7" HPOS="192" VPOS="375" WIDTH="817" HEIGHT="28">
							<String ID="string_64" HPOS="192" VPOS="376" WIDTH="58" HEIGHT="21" WC="0.93" CONTENT="inom"/><SP WIDTH="16" VPOS="376" HPOS="250"/>
							<String ID="string_65" HPOS="266" VPOS="375" WIDTH="166" HEIGHT="22" WC="0.92" CONTENT="statsutskottet"/><SP WIDTH="24" VPOS="375" HPOS="432"/>
							<String ID="string_66" HPOS="456" VPOS="375" WIDTH="136" HEIGHT="21" WC="0.91" CONTENT="fortfarande"/><SP WIDTH="23" VPOS="375" HPOS="592"/>
							<String ID="string_67" HPOS="615" VPOS="376" WIDTH="163" HEIGHT="26" WC="0.92" CONTENT="representerat"/><SP WIDTH="23" VPOS="376" HPOS="778"/>
							<String ID="string_68" HPOS="801" VPOS="376" WIDTH="43" HEIGHT="21" WC="0.93" CONTENT="den"/><SP WIDTH="23" VPOS="376" HPOS="844"/>
							<String ID="string_69" HPOS="867" VPOS="375" WIDTH="87" HEIGHT="28" WC="0.92" CONTENT="äsigten"/><SP WIDTH="22" VPOS="375" HPOS="954"/>
							<String ID="string_70" HPOS="976" VPOS="377" WIDTH="33" HEIGHT="19" WC="0.96" CONTENT="att"/>
						</TextLine>
						<TextLine ID="line_8" HPOS="192" VPOS="404" WIDTH="817" HEIGHT="28">
							<String ID="string_71" HPOS="192" VPOS="405" WIDTH="155" HEIGHT="22" WC="0.92" CONTENT="vexelskatten"/><SP WIDTH="16" VPOS="405" HPOS="347"/>
							<String ID="string_72" HPOS="363" VPOS="405" WIDTH="40" HEIGHT="21" WC="0.93" CONTENT="bör"/><SP WIDTH="15" VPOS="405" HPOS="403"/>
							<String ID="string_73" HPOS="418" VPOS="404" WIDTH="121" HEIGHT="22" WC="0.96" CONTENT="bibehållas"/><SP WIDTH="16" VPOS="404" HPOS="539"/>
							<String ID="string_74" HPOS="555" VPOS="405" WIDTH="42" HEIGHT="21" WC="0.96" CONTENT="och"/><SP WIDTH="14" VPOS="405" HPOS="597"/>
							<String ID="string_75" HPOS="611" VPOS="405" WIDTH="39" HEIGHT="27" WC="0.96" CONTENT="jag"/><SP WIDTH="16" VPOS="405" HPOS="650"/>
							<String ID="string_76" HPOS="666" VPOS="406" WIDTH="25" HEIGHT="20" WC="0.92" CONTENT="är"/><SP WIDTH="20" VPOS="406" HPOS="691"/>
							<String ID="string_77" HPOS="711" VPOS="405" WIDTH="75" HEIGHT="21" WC="0.96" CONTENT="derför"/><SP WIDTH="24" VPOS="405" HPOS="786"/>
							<String ID="string_78" HPOS="810" VPOS="405" WIDTH="51" HEIGHT="22" WC="0.96" CONTENT="fullt"/><SP WIDTH="23" VPOS="405" HPOS="861"/>
							<String ID="string_79" HPOS="884" VPOS="405" WIDTH="125" HEIGHT="27" WC="0.96" CONTENT="berättigad"/>
						</TextLine>
						<TextLine ID="line_9" HPOS="191" VPOS="434" WIDTH="816" HEIGHT="29">
							<String ID="string_80" HPOS="191" VPOS="436" WIDTH="33" HEIGHT="22" WC="0.92" CONTENT="att"/><SP WIDTH="15" VPOS="436" HPOS="224"/>
							<String ID="string_81" HPOS="239" VPOS="436" WIDTH="49" HEIGHT="21" WC="0.92" CONTENT="icke"/><SP WIDTH="15" VPOS="436" HPOS="288"/>
							<String ID="string_82" HPOS="303" VPOS="434" WIDTH="119" HEIGHT="29" WC="0.93" CONTENT="godkänna"/><SP WIDTH="16" VPOS="434" HPOS="422"/>
							<String ID="string_83" HPOS="438" VPOS="434" WIDTH="42" HEIGHT="22" WC="0.95" CONTENT="den"/><SP WIDTH="16" VPOS="434" HPOS="480"/>
							<String ID="string_84" HPOS="496" VPOS="435" WIDTH="26" HEIGHT="21" WC="0.93" CONTENT="af"/><SP WIDTH="13" VPOS="435" HPOS="522"/>
							<String ID="string_85" HPOS="535" VPOS="435" WIDTH="165" HEIGHT="21" WC="0.92" CONTENT="statsutskottet"/><SP WIDTH="15" VPOS="435" HPOS="700"/>
							<String ID="string_86" HPOS="715" VPOS="435" WIDTH="40" HEIGHT="21" WC="0.93" CONTENT="här"/><SP WIDTH="9" VPOS="435" HPOS="755"/>
							<String ID="string_87" HPOS="764" VPOS="435" WIDTH="79" HEIGHT="28" WC="0.93" CONTENT="gjorda"/><SP WIDTH="8" VPOS="435" HPOS="843"/>
							<String ID="string_88" HPOS="851" VPOS="435" WIDTH="156" HEIGHT="27" WC="0.92" CONTENT="beräkningen."/>
						</TextLine>
						<TextLine ID="line_10" HPOS="191" VPOS="464" WIDTH="819" HEIGHT="29">
							<String ID="string_89" HPOS="191" VPOS="466" WIDTH="43" HEIGHT="27" WC="0.92" CONTENT="Jag"/><SP WIDTH="16" VPOS="466" HPOS="234"/>
							<String ID="string_90" HPOS="250" VPOS="464" WIDTH="93" HEIGHT="23" WC="0.91" CONTENT="föreslär"/><SP WIDTH="15" VPOS="464" HPOS="343"/>
							<String ID="string_91" HPOS="358" VPOS="466" WIDTH="33" HEIGHT="20" WC="0.93" CONTENT="att"/><SP WIDTH="23" VPOS="466" HPOS="391"/>
							<String ID="string_92" HPOS="414" VPOS="465" WIDTH="92" HEIGHT="21" WC="0.91" CONTENT="ärendet"/><SP WIDTH="24" VPOS="465" HPOS="506"/>
							<String ID="string_93" HPOS="530" VPOS="464" WIDTH="67" HEIGHT="22" WC="0.92" CONTENT="mätte"/><SP WIDTH="23" VPOS="464" HPOS="597"/>
							<String ID="string_94" HPOS="620" VPOS="464" WIDTH="134" HEIGHT="28" WC="0.91" CONTENT="bordläggas"/><SP WIDTH="21" VPOS="464" HPOS="754"/>
							<String ID="string_95" HPOS="775" VPOS="465" WIDTH="33" HEIGHT="21" WC="0.93" CONTENT="till"/><SP WIDTH="24" VPOS="465" HPOS="808"/>
							<String ID="string_96" HPOS="832" VPOS="465" WIDTH="178" HEIGHT="28" WC="0.92" CONTENT="morgondagens"/>
						</TextLine>
						<TextLine ID="line_11" HPOS="191" VPOS="494" WIDTH="817" HEIGHT="29">
							<String ID="string_97" HPOS="191" VPOS="496" WIDTH="97" HEIGHT="27" WC="0.91" CONTENT="plenum,"/><SP WIDTH="23" VPOS="496" HPOS="288"/>
							<String ID="string_98" HPOS="311" VPOS="494" WIDTH="24" HEIGHT="22" WC="0.96" CONTENT="sä"/><SP WIDTH="23" VPOS="494" HPOS="335"/>
							<String ID="string_99" HPOS="358" VPOS="496" WIDTH="33" HEIGHT="20" WC="0.93" CONTENT="att"/><SP WIDTH="23" VPOS="496" HPOS="391"/>
							<String ID="string_100" HPOS="414" VPOS="494" WIDTH="88" HEIGHT="22" WC="0.91" CONTENT="ständet"/><SP WIDTH="22" VPOS="494" HPOS="502"/>
							<String ID="string_101" HPOS="524" VPOS="494" WIDTH="36" HEIGHT="22" WC="0.92" CONTENT="mä"/><SP WIDTH="23" VPOS="494" HPOS="560"/>
							<String ID="string_102" HPOS="583" VPOS="494" WIDTH="22" HEIGHT="22" WC="0.90" CONTENT="fä"/><SP WIDTH="22" VPOS="494" HPOS="605"/>
							<String ID="string_103" HPOS="627" VPOS="494" WIDTH="88" HEIGHT="22" WC="0.92" CONTENT="tillfälle"/><SP WIDTH="25" VPOS="494" HPOS="715"/>
							<String ID="string_104" HPOS="740" VPOS="496" WIDTH="34" HEIGHT="20" WC="0.93" CONTENT="att"/><SP WIDTH="14" VPOS="496" HPOS="774"/>
							<String ID="string_105" HPOS="788" VPOS="501" WIDTH="83" HEIGHT="22" WC="0.91" CONTENT="nogare"/><SP WIDTH="16" VPOS="501" HPOS="871"/>
							<String ID="string_106" HPOS="887" VPOS="495" WIDTH="121" HEIGHT="26" WC="0.90" CONTENT="öfverväga"/>
						</TextLine>
						<TextLine ID="line_12" HPOS="192" VPOS="524" WIDTH="817" HEIGHT="28">
							<String ID="string_107" HPOS="192" VPOS="525" WIDTH="120" HEIGHT="21" WC="0.95" CONTENT="innehållet"/><SP WIDTH="25" VPOS="525" HPOS="312"/>
							<String ID="string_108" HPOS="337" VPOS="524" WIDTH="25" HEIGHT="22" WC="0.96" CONTENT="af"/><SP WIDTH="23" VPOS="524" HPOS="362"/>
							<String ID="string_109" HPOS="385" VPOS="524" WIDTH="73" HEIGHT="22" WC="0.93" CONTENT="denna"/><SP WIDTH="25" VPOS="524" HPOS="458"/>
							<String ID="string_110" HPOS="483" VPOS="524" WIDTH="66" HEIGHT="27" WC="0.96" CONTENT="kläm,"/><SP WIDTH="28" VPOS="524" HPOS="549"/>
							<String ID="string_111" HPOS="577" VPOS="530" WIDTH="47" HEIGHT="16" WC="0.92" CONTENT="som"/><SP WIDTH="24" VPOS="530" HPOS="624"/>
							<String ID="string_112" HPOS="648" VPOS="530" WIDTH="66" HEIGHT="22" WC="0.96" CONTENT="synes"/><SP WIDTH="24" VPOS="530" HPOS="714"/>
							<String ID="string_113" HPOS="738" VPOS="525" WIDTH="105" HEIGHT="21" WC="0.93" CONTENT="innebära"/><SP WIDTH="23" VPOS="525" HPOS="843"/>
							<String ID="string_114" HPOS="866" VPOS="527" WIDTH="33" HEIGHT="19" WC="0.93" CONTENT="att"/><SP WIDTH="23" VPOS="527" HPOS="899"/>
							<String ID="string_115" HPOS="922" VPOS="524" WIDTH="87" HEIGHT="22" WC="0.95" CONTENT="ståndet"/>
						</TextLine>
						<TextLine ID="line_13" HPOS="192" VPOS="554" WIDTH="817" HEIGHT="28">
							<String ID="string_116" HPOS="192" VPOS="555" WIDTH="56" HEIGHT="22" WC="0.95" CONTENT="skall"/><SP WIDTH="17" VPOS="555" HPOS="248"/>
							<String ID="string_117" HPOS="265" VPOS="554" WIDTH="76" HEIGHT="28" WC="0.96" CONTENT="frångå"/><SP WIDTH="16" VPOS="554" HPOS="341"/>
							<String ID="string_118" HPOS="357" VPOS="554" WIDTH="38" HEIGHT="21" WC="0.96" CONTENT="sitt"/><SP WIDTH="17" VPOS="554" HPOS="395"/>
							<String ID="string_119" HPOS="412" VPOS="554" WIDTH="59" HEIGHT="22" WC="0.96" CONTENT="förut"/><SP WIDTH="17" VPOS="554" HPOS="471"/>
							<String ID="string_120" HPOS="488" VPOS="554" WIDTH="86" HEIGHT="22" WC="0.95" CONTENT="fattade"/><SP WIDTH="15" VPOS="554" HPOS="574"/>
							<String ID="string_121" HPOS="589" VPOS="554" WIDTH="74" HEIGHT="22" WC="0.95" CONTENT="beslut"/><SP WIDTH="15" VPOS="554" HPOS="663"/>
							<String ID="string_122" HPOS="678" VPOS="560" WIDTH="36" HEIGHT="16" WC="0.93" CONTENT="om"/><SP WIDTH="16" VPOS="560" HPOS="714"/>
							<String ID="string_123" HPOS="730" VPOS="555" WIDTH="166" HEIGHT="22" WC="0.91" CONTENT="vexelskattens"/><SP WIDTH="16" VPOS="555" HPOS="896"/>
							<String ID="string_124" HPOS="912" VPOS="554" WIDTH="97" HEIGHT="22" WC="0.91" CONTENT="bibehål-"/>
						</TextLine>
						<TextLine ID="line_14" HPOS="191" VPOS="585" WIDTH="72" HEIGHT="21">
							<String ID="string_125" HPOS="191" VPOS="585" WIDTH="72" HEIGHT="21" WC="0.96" CONTENT="lande."/>
						</TextLine>
					</TextBlock>
					<TextBlock ID="block_2" HPOS="189" VPOS="613" WIDTH="820" HEIGHT="298">
						<TextLine ID="line_15" HPOS="262" VPOS="613" WIDTH="743" HEIGHT="29">
							<String ID="string_126" HPOS="262" VPOS="614" WIDTH="182" HEIGHT="28" WC="0.91" CONTENT="Lääninprovasti"/><SP WIDTH="22" VPOS="614" HPOS="444"/>
							<String ID="string_127" HPOS="466" VPOS="613" WIDTH="123" HEIGHT="22" WC="0.93" CONTENT="Johansson:"/><SP WIDTH="32" VPOS="613" HPOS="589"/>
							<String ID="string_128" HPOS="621" VPOS="613" WIDTH="59" HEIGHT="22" WC="0.91" CONTENT="Minä"/><SP WIDTH="23" VPOS="613" HPOS="680"/>
							<String ID="string_129" HPOS="703" VPOS="620" WIDTH="27" HEIGHT="16" WC="0.92" CONTENT="en"/><SP WIDTH="22" VPOS="620" HPOS="730"/>
							<String ID="string_130" HPOS="752" VPOS="614" WIDTH="54" HEIGHT="22" WC="0.92" CONTENT="usko"/><SP WIDTH="16" VPOS="614" HPOS="806"/>
							<String ID="string_131" HPOS="822" VPOS="615" WIDTH="47" HEIGHT="21" WC="0.95" CONTENT="että"/><SP WIDTH="15" VPOS="615" HPOS="869"/>
							<String ID="string_132" HPOS="884" VPOS="615" WIDTH="60" HEIGHT="21" WC="0.93" CONTENT="tässä"/><SP WIDTH="16" VPOS="615" HPOS="944"/>
							<String ID="string_133" HPOS="960" VPOS="615" WIDTH="45" HEIGHT="20" WC="0.91" CONTENT="sää-"/>
						</TextLine>
						<TextLine ID="line_16" HPOS="192" VPOS="644" WIDTH="816" HEIGHT="28">
							<String ID="string_134" HPOS="192" VPOS="645" WIDTH="67" HEIGHT="27" WC="0.91" CONTENT="dyssä"/><SP WIDTH="23" VPOS="645" HPOS="259"/>
							<String ID="string_135" HPOS="282" VPOS="644" WIDTH="111" HEIGHT="28" WC="0.91" CONTENT="mielipide"/><SP WIDTH="25" VPOS="644" HPOS="393"/>
							<String ID="string_136" HPOS="418" VPOS="650" WIDTH="28" HEIGHT="16" WC="0.92" CONTENT="on"/><SP WIDTH="23" VPOS="650" HPOS="446"/>
							<String ID="string_137" HPOS="469" VPOS="644" WIDTH="122" HEIGHT="22" WC="0.91" CONTENT="ensinkään"/><SP WIDTH="23" VPOS="644" HPOS="591"/>
							<String ID="string_138" HPOS="614" VPOS="646" WIDTH="135" HEIGHT="25" WC="0.91" CONTENT="muuttunut,"/><SP WIDTH="22" VPOS="646" HPOS="749"/>
							<String ID="string_139" HPOS="771" VPOS="645" WIDTH="54" HEIGHT="21" WC="0.93" CONTENT="mitä"/><SP WIDTH="14" VPOS="645" HPOS="825"/>
							<String ID="string_140" HPOS="839" VPOS="645" WIDTH="169" HEIGHT="21" WC="0.91" CONTENT="vekseliveroon"/>
						</TextLine>
						<TextLine ID="line_17" HPOS="192" VPOS="674" WIDTH="817" HEIGHT="28">
							<String ID="string_141" HPOS="192" VPOS="675" WIDTH="66" HEIGHT="26" WC="0.96" CONTENT="tulee,"/><SP WIDTH="16" VPOS="675" HPOS="258"/>
							<String ID="string_142" HPOS="274" VPOS="675" WIDTH="50" HEIGHT="21" WC="0.96" CONTENT="siitä"/><SP WIDTH="15" VPOS="675" HPOS="324"/>
							<String ID="string_143" HPOS="339" VPOS="674" WIDTH="45" HEIGHT="22" WC="0.96" CONTENT="kun"/><SP WIDTH="17" VPOS="674" HPOS="384"/>
							<String ID="string_144" HPOS="401" VPOS="675" WIDTH="61" HEIGHT="21" WC="0.96" CONTENT="tämä"/><SP WIDTH="15" VPOS="675" HPOS="462"/>
							<String ID="string_145" HPOS="477" VPOS="674" WIDTH="108" HEIGHT="28" WC="0.96" CONTENT="kysymys"/><SP WIDTH="16" VPOS="674" HPOS="585"/>
							<String ID="string_146" HPOS="601" VPOS="674" WIDTH="28" HEIGHT="22" WC="0.93" CONTENT="oli"/><SP WIDTH="12" VPOS="674" HPOS="629"/>
							<String ID="string_147" HPOS="641" VPOS="675" WIDTH="108" HEIGHT="27" WC="0.92" CONTENT="säädyssä"/><SP WIDTH="11" VPOS="675" HPOS="749"/>
							<String ID="string_148" HPOS="760" VPOS="675" WIDTH="101" HEIGHT="22" WC="0.96" CONTENT="viimeksi"/><SP WIDTH="12" VPOS="675" HPOS="861"/>
							<String ID="string_149" HPOS="873" VPOS="675" WIDTH="69" HEIGHT="26" WC="0.96" CONTENT="esillä,"/><SP WIDTH="9" VPOS="675" HPOS="942"/>
							<String ID="string_150" HPOS="951" VPOS="674" WIDTH="58" HEIGHT="22" WC="0.96" CONTENT="enkä"/>
						</TextLine>
						<TextLine ID="line_18" HPOS="191" VPOS="704" WIDTH="817" HEIGHT="28">
							<String ID="string_151" HPOS="191" VPOS="704" WIDTH="73" HEIGHT="22" WC="0.94" CONTENT="luulisi"/><SP WIDTH="24" VPOS="704" HPOS="264"/>
							<String ID="string_152" HPOS="288" VPOS="704" WIDTH="123" HEIGHT="22" WC="0.96" CONTENT="sentähden"/><SP WIDTH="23" VPOS="704" HPOS="411"/>
							<String ID="string_153" HPOS="434" VPOS="704" WIDTH="160" HEIGHT="28" WC="0.96" CONTENT="tarpeelliseksi"/><SP WIDTH="23" VPOS="704" HPOS="594"/>
							<String ID="string_154" HPOS="617" VPOS="704" WIDTH="72" HEIGHT="27" WC="0.96" CONTENT="jättää"/><SP WIDTH="23" VPOS="704" HPOS="689"/>
							<String ID="string_155" HPOS="712" VPOS="705" WIDTH="70" HEIGHT="21" WC="0.96" CONTENT="asiata"/><SP WIDTH="15" VPOS="705" HPOS="782"/>
							<String ID="string_156" HPOS="797" VPOS="705" WIDTH="136" HEIGHT="25" WC="0.96" CONTENT="huomiseen,"/><SP WIDTH="16" VPOS="705" HPOS="933"/>
							<String ID="string_157" HPOS="949" VPOS="711" WIDTH="59" HEIGHT="15" WC="0.96" CONTENT="vaan"/>
						</TextLine>
						<TextLine ID="line_19" HPOS="191" VPOS="734" WIDTH="817" HEIGHT="22">
							<String ID="string_158" HPOS="191" VPOS="735" WIDTH="50" HEIGHT="21" WC="0.96" CONTENT="olen"/><SP WIDTH="16" VPOS="735" HPOS="241"/>
							<String ID="string_159" HPOS="257" VPOS="734" WIDTH="78" HEIGHT="22" WC="0.96" CONTENT="valmis"/><SP WIDTH="16" VPOS="734" HPOS="335"/>
							<String ID="string_160" HPOS="351" VPOS="735" WIDTH="52" HEIGHT="21" WC="0.93" CONTENT="tänä"/><SP WIDTH="19" VPOS="735" HPOS="403"/>
							<String ID="string_161" HPOS="422" VPOS="734" WIDTH="95" HEIGHT="22" WC="0.92" CONTENT="ehtoona"/><SP WIDTH="19" VPOS="734" HPOS="517"/>
							<String ID="string_162" HPOS="536" VPOS="735" WIDTH="157" HEIGHT="21" WC="0.96" CONTENT="äänestämään"/><SP WIDTH="19" VPOS="735" HPOS="693"/>
							<String ID="string_163" HPOS="712" VPOS="734" WIDTH="156" HEIGHT="22" WC="0.96" CONTENT="ehdottomasti"/><SP WIDTH="20" VPOS="734" HPOS="868"/>
							<String ID="string_164" HPOS="888" VPOS="734" WIDTH="120" HEIGHT="22" WC="0.96" CONTENT="mietinnön"/>
						</TextLine>
						<TextLine ID="line_20" HPOS="190" VPOS="764" WIDTH="818" HEIGHT="28">
							<String ID="string_165" HPOS="190" VPOS="764" WIDTH="95" HEIGHT="22" WC="0.96" CONTENT="takaisin"/><SP WIDTH="23" VPOS="764" HPOS="285"/>
							<String ID="string_166" HPOS="308" VPOS="764" WIDTH="149" HEIGHT="28" WC="0.87" CONTENT="lykkäämistä"/><SP WIDTH="24" VPOS="764" HPOS="457"/>
							<String ID="string_167" HPOS="481" VPOS="764" WIDTH="228" HEIGHT="22" WC="0.87" CONTENT="valtiovaliokuntaan"/><SP WIDTH="23" VPOS="764" HPOS="709"/>
							<String ID="string_168" HPOS="732" VPOS="765" WIDTH="43" HEIGHT="21" WC="0.96" CONTENT="sitä"/><SP WIDTH="17" VPOS="765" HPOS="775"/>
							<String ID="string_169" HPOS="792" VPOS="766" WIDTH="77" HEIGHT="20" WC="0.96" CONTENT="varten"/><SP WIDTH="17" VPOS="766" HPOS="869"/>
							<String ID="string_170" HPOS="886" VPOS="766" WIDTH="47" HEIGHT="20" WC="0.96" CONTENT="että"/><SP WIDTH="15" VPOS="766" HPOS="933"/>
							<String ID="string_171" HPOS="948" VPOS="765" WIDTH="60" HEIGHT="21" WC="0.96" CONTENT="tämä"/>
						</TextLine>
						<TextLine ID="line_21" HPOS="190" VPOS="794" WIDTH="817" HEIGHT="28">
							<String ID="string_172" HPOS="190" VPOS="794" WIDTH="139" HEIGHT="22" WC="0.91" CONTENT="vekselivero"/><SP WIDTH="11" VPOS="794" HPOS="329"/>
							<String ID="string_173" HPOS="340" VPOS="796" WIDTH="90" HEIGHT="20" WC="0.96" CONTENT="otetaan"/><SP WIDTH="16" VPOS="796" HPOS="430"/>
							<String ID="string_174" HPOS="446" VPOS="794" WIDTH="75" HEIGHT="22" WC="0.95" CONTENT="siihen."/><SP WIDTH="21" VPOS="794" HPOS="521"/>
							<String ID="string_175" HPOS="542" VPOS="794" WIDTH="70" HEIGHT="22" WC="0.96" CONTENT="Tämä"/><SP WIDTH="12" VPOS="794" HPOS="612"/>
							<String ID="string_176" HPOS="624" VPOS="800" WIDTH="28" HEIGHT="16" WC="0.96" CONTENT="on"/><SP WIDTH="10" VPOS="800" HPOS="652"/>
							<String ID="string_177" HPOS="662" VPOS="794" WIDTH="171" HEIGHT="28" WC="0.96" CONTENT="pappissäädyn,"/><SP WIDTH="12" VPOS="794" HPOS="833"/>
							<String ID="string_178" HPOS="845" VPOS="796" WIDTH="68" HEIGHT="20" WC="0.96" CONTENT="kuten"/><SP WIDTH="11" VPOS="796" HPOS="913"/>
							<String ID="string_179" HPOS="924" VPOS="794" WIDTH="83" HEIGHT="25" WC="0.96" CONTENT="luulen,"/>
						</TextLine>
						<TextLine ID="line_22" HPOS="189" VPOS="824" WIDTH="818" HEIGHT="29">
							<String ID="string_180" HPOS="189" VPOS="824" WIDTH="101" HEIGHT="28" WC="0.96" CONTENT="yleisenä"/><SP WIDTH="23" VPOS="824" HPOS="290"/>
							<String ID="string_181" HPOS="313" VPOS="824" WIDTH="154" HEIGHT="27" WC="0.96" CONTENT="mielipiteenä,"/><SP WIDTH="22" VPOS="824" HPOS="467"/>
							<String ID="string_182" HPOS="489" VPOS="824" WIDTH="25" HEIGHT="28" WC="0.96" CONTENT="ja"/><SP WIDTH="16" VPOS="824" HPOS="514"/>
							<String ID="string_183" HPOS="530" VPOS="824" WIDTH="96" HEIGHT="22" WC="0.96" CONTENT="minusta"/><SP WIDTH="15" VPOS="824" HPOS="626"/>
							<String ID="string_184" HPOS="641" VPOS="824" WIDTH="52" HEIGHT="22" WC="0.93" CONTENT="näin"/><SP WIDTH="16" VPOS="824" HPOS="693"/>
							<String ID="string_185" HPOS="709" VPOS="824" WIDTH="157" HEIGHT="28" WC="0.92" CONTENT="valtiopäiväin"/><SP WIDTH="16" VPOS="824" HPOS="866"/>
							<String ID="string_186" HPOS="882" VPOS="825" WIDTH="90" HEIGHT="28" WC="0.96" CONTENT="lopussa"/><SP WIDTH="15" VPOS="825" HPOS="972"/>
							<String ID="string_187" HPOS="987" VPOS="825" WIDTH="20" HEIGHT="21" WC="0.96" CONTENT="ei"/>
						</TextLine>
						<TextLine ID="line_23" HPOS="190" VPOS="854" WIDTH="819" HEIGHT="28">
							<String ID="string_188" HPOS="190" VPOS="854" WIDTH="35" HEIGHT="22" WC="0.96" CONTENT="ole"/><SP WIDTH="24" VPOS="854" HPOS="225"/>
							<String ID="string_189" HPOS="249" VPOS="855" WIDTH="66" HEIGHT="27" WC="0.96" CONTENT="syytä"/><SP WIDTH="15" VPOS="855" HPOS="315"/>
							<String ID="string_190" HPOS="330" VPOS="854" WIDTH="103" HEIGHT="28" WC="0.96" CONTENT="pitkittää"/><SP WIDTH="16" VPOS="854" HPOS="433"/>
							<String ID="string_191" HPOS="449" VPOS="854" WIDTH="126" HEIGHT="21" WC="0.96" CONTENT="tämmöistä"/><SP WIDTH="16" VPOS="854" HPOS="575"/>
							<String ID="string_192" HPOS="591" VPOS="854" WIDTH="67" HEIGHT="27" WC="0.96" CONTENT="asiaa,"/><SP WIDTH="15" VPOS="854" HPOS="658"/>
							<String ID="string_193" HPOS="673" VPOS="854" WIDTH="55" HEIGHT="27" WC="0.96" CONTENT="joka"/><SP WIDTH="16" VPOS="854" HPOS="728"/>
							<String ID="string_194" HPOS="744" VPOS="860" WIDTH="28" HEIGHT="16" WC="0.96" CONTENT="on"/><SP WIDTH="15" VPOS="860" HPOS="772"/>
							<String ID="string_195" HPOS="787" VPOS="854" WIDTH="182" HEIGHT="28" WC="0.96" CONTENT="yksinkertainen"/><SP WIDTH="15" VPOS="854" HPOS="969"/>
							<String ID="string_196" HPOS="984" VPOS="856" WIDTH="25" HEIGHT="26" WC="0.96" CONTENT="ja"/>
						</TextLine>
						<TextLine ID="line_24" HPOS="191" VPOS="884" WIDTH="817" HEIGHT="27">
							<String ID="string_197" HPOS="191" VPOS="884" WIDTH="68" HEIGHT="25" WC="0.96" CONTENT="selvä,"/><SP WIDTH="24" VPOS="884" HPOS="259"/>
							<String ID="string_198" HPOS="283" VPOS="884" WIDTH="44" HEIGHT="21" WC="0.96" CONTENT="niin"/><SP WIDTH="24" VPOS="884" HPOS="327"/>
							<String ID="string_199" HPOS="351" VPOS="884" WIDTH="46" HEIGHT="21" WC="0.96" CONTENT="että"/><SP WIDTH="21" VPOS="884" HPOS="397"/>
							<String ID="string_200" HPOS="418" VPOS="884" WIDTH="110" HEIGHT="27" WC="0.96" CONTENT="pyytäisin"/><SP WIDTH="24" VPOS="884" HPOS="528"/>
							<String ID="string_201" HPOS="552" VPOS="890" WIDTH="95" HEIGHT="15" WC="0.96" CONTENT="suoraan"/><SP WIDTH="21" VPOS="890" HPOS="647"/>
							<String ID="string_202" HPOS="668" VPOS="884" WIDTH="121" HEIGHT="21" WC="0.96" CONTENT="mietinnön"/><SP WIDTH="15" VPOS="884" HPOS="789"/>
							<String ID="string_203" HPOS="804" VPOS="884" WIDTH="95" HEIGHT="22" WC="0.93" CONTENT="takaisin"/><SP WIDTH="16" VPOS="884" HPOS="899"/>
							<String ID="string_204" HPOS="915" VPOS="885" WIDTH="93" HEIGHT="21" WC="0.92" CONTENT="lähettä-"/>
						</TextLine>
					</TextBlock>
					<TextBlock ID="block_3" HPOS="187" VPOS="943" WIDTH="821" HEIGHT="622">
						<TextLine ID="line_25" HPOS="262" VPOS="943" WIDTH="745" HEIGHT="29">
							<String ID="string_205" HPOS="262" VPOS="943" WIDTH="123" HEIGHT="22" WC="0.96" CONTENT="Professori"/><SP WIDTH="14" VPOS="943" HPOS="385"/>
							<String ID="string_206" HPOS="399" VPOS="943" WIDTH="112" HEIGHT="27" WC="0.96" CONTENT="Runeberg:"/><SP WIDTH="17" VPOS="943" HPOS="511"/>
							<String ID="string_207" HPOS="528" VPOS="943" WIDTH="51" HEIGHT="22" WC="0.96" CONTENT="Man"/><SP WIDTH="13" VPOS="943" HPOS="579"/>
							<String ID="string_208" HPOS="592" VPOS="944" WIDTH="40" HEIGHT="21" WC="0.92" CONTENT="har"/><SP WIDTH="8" VPOS="944" HPOS="632"/>
							<String ID="string_209" HPOS="640" VPOS="943" WIDTH="61" HEIGHT="22" WC="0.92" CONTENT="svärt"/><SP WIDTH="8" VPOS="943" HPOS="701"/>
							<String ID="string_210" HPOS="709" VPOS="945" WIDTH="33" HEIGHT="20" WC="0.93" CONTENT="att"/><SP WIDTH="8" VPOS="945" HPOS="742"/>
							<String ID="string_211" HPOS="750" VPOS="943" WIDTH="68" HEIGHT="22" WC="0.93" CONTENT="förstä"/><SP WIDTH="9" VPOS="943" HPOS="818"/>
							<String ID="string_212" HPOS="827" VPOS="944" WIDTH="27" HEIGHT="21" WC="0.96" CONTENT="de"/><SP WIDTH="9" VPOS="944" HPOS="854"/>
							<String ID="string_213" HPOS="863" VPOS="944" WIDTH="144" HEIGHT="28" WC="0.96" CONTENT="synpunkter,"/>
						</TextLine>
						<TextLine ID="line_26" HPOS="190" VPOS="973" WIDTH="817" HEIGHT="26">
							<String ID="string_214" HPOS="190" VPOS="979" WIDTH="47" HEIGHT="16" WC="0.92" CONTENT="som"/><SP WIDTH="17" VPOS="979" HPOS="237"/>
							<String ID="string_215" HPOS="254" VPOS="973" WIDTH="46" HEIGHT="22" WC="0.91" CONTENT="ledt"/><SP WIDTH="15" VPOS="973" HPOS="300"/>
							<String ID="string_216" HPOS="315" VPOS="973" WIDTH="28" HEIGHT="21" WC="0.96" CONTENT="de"/><SP WIDTH="16" VPOS="973" HPOS="343"/>
							<String ID="string_217" HPOS="359" VPOS="973" WIDTH="145" HEIGHT="21" WC="0.96" CONTENT="medlemmar"/><SP WIDTH="16" VPOS="973" HPOS="504"/>
							<String ID="string_218" HPOS="520" VPOS="973" WIDTH="25" HEIGHT="22" WC="0.93" CONTENT="af"/><SP WIDTH="14" VPOS="973" HPOS="545"/>
							<String ID="string_219" HPOS="559" VPOS="973" WIDTH="172" HEIGHT="26" WC="0.91" CONTENT="statsutskottet,"/><SP WIDTH="9" VPOS="973" HPOS="731"/>
							<String ID="string_220" HPOS="740" VPOS="973" WIDTH="75" HEIGHT="22" WC="0.93" CONTENT="hvilka"/><SP WIDTH="11" VPOS="973" HPOS="815"/>
							<String ID="string_221" HPOS="826" VPOS="973" WIDTH="63" HEIGHT="22" WC="0.90" CONTENT="icke"/><SP WIDTH="-6" VPOS="973" HPOS="889"/>
							<String ID="string_222" HPOS="883" VPOS="969" WIDTH="9" HEIGHT="34" WC="0.93" CONTENT="i"/><SP WIDTH="7" VPOS="969" HPOS="892"/>
							<String ID="string_223" HPOS="899" VPOS="975" WIDTH="108" HEIGHT="20" WC="0.92" CONTENT="utskottet"/>
						</TextLine>
						<TextLine ID="line_27" HPOS="190" VPOS="1003" WIDTH="817" HEIGHT="27">
							<String ID="string_224" HPOS="190" VPOS="1003" WIDTH="61" HEIGHT="21" WC="0.93" CONTENT="velat"/><SP WIDTH="8" VPOS="1003" HPOS="251"/>
							<String ID="string_225" HPOS="259" VPOS="1003" WIDTH="124" HEIGHT="27" WC="0.92" CONTENT="framlägga"/><SP WIDTH="8" VPOS="1003" HPOS="383"/>
							<String ID="string_226" HPOS="391" VPOS="1003" WIDTH="143" HEIGHT="26" WC="0.96" CONTENT="reservation,"/><SP WIDTH="10" VPOS="1003" HPOS="534"/>
							<String ID="string_227" HPOS="544" VPOS="1009" WIDTH="51" HEIGHT="16" WC="0.97" CONTENT="men"/><SP WIDTH="8" VPOS="1009" HPOS="595"/>
							<String ID="string_228" HPOS="603" VPOS="1003" WIDTH="69" HEIGHT="21" WC="0.96" CONTENT="sedan"/><SP WIDTH="8" VPOS="1003" HPOS="672"/>
							<String ID="string_229" HPOS="680" VPOS="1003" WIDTH="7" HEIGHT="21" WC="0.93" CONTENT="i"/><SP WIDTH="9" VPOS="1003" HPOS="687"/>
							<String ID="string_230" HPOS="696" VPOS="1003" WIDTH="91" HEIGHT="22" WC="0.92" CONTENT="ständen"/><SP WIDTH="9" VPOS="1003" HPOS="787"/>
							<String ID="string_231" HPOS="796" VPOS="1003" WIDTH="89" HEIGHT="22" WC="0.92" CONTENT="försöka"/><SP WIDTH="7" VPOS="1003" HPOS="885"/>
							<String ID="string_232" HPOS="892" VPOS="1004" WIDTH="115" HEIGHT="21" WC="0.92" CONTENT="kullhäfva"/>
						</TextLine>
						<TextLine ID="line_28" HPOS="190" VPOS="1033" WIDTH="818" HEIGHT="28">
							<String ID="string_233" HPOS="190" VPOS="1033" WIDTH="119" HEIGHT="21" WC="0.92" CONTENT="utskottets"/><SP WIDTH="16" VPOS="1033" HPOS="309"/>
							<String ID="string_234" HPOS="325" VPOS="1033" WIDTH="90" HEIGHT="27" WC="0.95" CONTENT="förslag."/><SP WIDTH="32" VPOS="1033" HPOS="415"/>
							<String ID="string_235" HPOS="447" VPOS="1033" WIDTH="44" HEIGHT="20" WC="0.93" CONTENT="Det"/><SP WIDTH="16" VPOS="1033" HPOS="491"/>
							<String ID="string_236" HPOS="507" VPOS="1039" WIDTH="67" HEIGHT="20" WC="0.91" CONTENT="synes"/><SP WIDTH="16" VPOS="1039" HPOS="574"/>
							<String ID="string_237" HPOS="590" VPOS="1033" WIDTH="45" HEIGHT="27" WC="0.96" CONTENT="mig"/><SP WIDTH="15" VPOS="1033" HPOS="635"/>
							<String ID="string_238" HPOS="650" VPOS="1033" WIDTH="112" HEIGHT="28" WC="0.96" CONTENT="nämligen"/><SP WIDTH="16" VPOS="1033" HPOS="762"/>
							<String ID="string_239" HPOS="778" VPOS="1039" WIDTH="54" HEIGHT="16" WC="0.93" CONTENT="vara"/><SP WIDTH="11" VPOS="1039" HPOS="832"/>
							<String ID="string_240" HPOS="843" VPOS="1033" WIDTH="48" HEIGHT="22" WC="0.92" CONTENT="frän"/><SP WIDTH="12" VPOS="1033" HPOS="891"/>
							<String ID="string_241" HPOS="903" VPOS="1033" WIDTH="42" HEIGHT="22" WC="0.93" CONTENT="den"/><SP WIDTH="12" VPOS="1033" HPOS="945"/>
							<String ID="string_242" HPOS="957" VPOS="1040" WIDTH="51" HEIGHT="21" WC="0.90" CONTENT="syn-"/>
						</TextLine>
						<TextLine ID="line_29" HPOS="190" VPOS="1061" WIDTH="816" HEIGHT="29">
							<String ID="string_243" HPOS="190" VPOS="1063" WIDTH="99" HEIGHT="27" WC="0.88" CONTENT="punkten"/><SP WIDTH="25" VPOS="1063" HPOS="289"/>
							<String ID="string_244" HPOS="314" VPOS="1061" WIDTH="61" HEIGHT="22" WC="0.88" CONTENT="svärt"/><SP WIDTH="26" VPOS="1061" HPOS="375"/>
							<String ID="string_245" HPOS="401" VPOS="1063" WIDTH="33" HEIGHT="20" WC="0.93" CONTENT="att"/><SP WIDTH="26" VPOS="1063" HPOS="434"/>
							<String ID="string_246" HPOS="460" VPOS="1062" WIDTH="75" HEIGHT="25" WC="0.91" CONTENT="förstä,"/><SP WIDTH="17" VPOS="1062" HPOS="535"/>
							<String ID="string_247" HPOS="552" VPOS="1062" WIDTH="99" HEIGHT="27" WC="0.90" CONTENT="emedan,"/><SP WIDTH="26" VPOS="1062" HPOS="651"/>
							<String ID="string_248" HPOS="677" VPOS="1068" WIDTH="35" HEIGHT="15" WC="0.95" CONTENT="om"/><SP WIDTH="24" VPOS="1068" HPOS="712"/>
							<String ID="string_249" HPOS="736" VPOS="1069" WIDTH="28" HEIGHT="15" WC="0.96" CONTENT="en"/><SP WIDTH="22" VPOS="1069" HPOS="764"/>
							<String ID="string_250" HPOS="786" VPOS="1063" WIDTH="138" HEIGHT="22" WC="0.96" CONTENT="reservation"/><SP WIDTH="22" VPOS="1063" HPOS="924"/>
							<String ID="string_251" HPOS="946" VPOS="1063" WIDTH="60" HEIGHT="22" WC="0.94" CONTENT="inom"/>
						</TextLine>
						<TextLine ID="line_30" HPOS="190" VPOS="1091" WIDTH="817" HEIGHT="29">
							<String ID="string_252" HPOS="190" VPOS="1092" WIDTH="108" HEIGHT="22" WC="0.95" CONTENT="utskottet"/><SP WIDTH="22" VPOS="1092" HPOS="298"/>
							<String ID="string_253" HPOS="320" VPOS="1091" WIDTH="72" HEIGHT="22" WC="0.93" CONTENT="skulle"/><SP WIDTH="24" VPOS="1091" HPOS="392"/>
							<String ID="string_254" HPOS="416" VPOS="1091" WIDTH="67" HEIGHT="22" WC="0.95" CONTENT="hafva"/><SP WIDTH="24" VPOS="1091" HPOS="483"/>
							<String ID="string_255" HPOS="507" VPOS="1092" WIDTH="123" HEIGHT="28" WC="0.96" CONTENT="framlagts,"/><SP WIDTH="23" VPOS="1092" HPOS="630"/>
							<String ID="string_256" HPOS="653" VPOS="1091" WIDTH="109" HEIGHT="23" WC="0.96" CONTENT="utskottet"/><SP WIDTH="19" VPOS="1091" HPOS="762"/>
							<String ID="string_257" HPOS="781" VPOS="1092" WIDTH="28" HEIGHT="22" WC="0.96" CONTENT="dä"/><SP WIDTH="15" VPOS="1092" HPOS="809"/>
							<String ID="string_258" HPOS="824" VPOS="1093" WIDTH="57" HEIGHT="21" WC="0.0" CONTENT="varit"/><SP WIDTH="15" VPOS="1093" HPOS="881"/>
							<String ID="string_259" HPOS="896" VPOS="1093" WIDTH="7" HEIGHT="21" WC="0.0" CONTENT="i"/><SP WIDTH="16" VPOS="1093" HPOS="903"/>
							<String ID="string_260" HPOS="919" VPOS="1093" WIDTH="88" HEIGHT="22" WC="0.93" CONTENT="tillfälle"/>
						</TextLine>
						<TextLine ID="line_31" HPOS="189" VPOS="1121" WIDTH="818" HEIGHT="28">
							<String ID="string_261" HPOS="189" VPOS="1123" WIDTH="33" HEIGHT="20" WC="0.96" CONTENT="att"/><SP WIDTH="22" VPOS="1123" HPOS="222"/>
							<String ID="string_262" HPOS="244" VPOS="1121" WIDTH="78" HEIGHT="28" WC="0.96" CONTENT="belysa"/><SP WIDTH="23" VPOS="1121" HPOS="322"/>
							<String ID="string_263" HPOS="345" VPOS="1121" WIDTH="28" HEIGHT="21" WC="0.96" CONTENT="de"/><SP WIDTH="23" VPOS="1121" HPOS="373"/>
							<String ID="string_264" HPOS="396" VPOS="1121" WIDTH="144" HEIGHT="28" WC="0.96" CONTENT="synpunkter,"/><SP WIDTH="19" VPOS="1121" HPOS="540"/>
							<String ID="string_265" HPOS="559" VPOS="1128" WIDTH="48" HEIGHT="15" WC="0.93" CONTENT="som"/><SP WIDTH="18" VPOS="1128" HPOS="607"/>
							<String ID="string_266" HPOS="625" VPOS="1121" WIDTH="46" HEIGHT="22" WC="0.93" CONTENT="ledt"/><SP WIDTH="16" VPOS="1121" HPOS="671"/>
							<String ID="string_267" HPOS="687" VPOS="1123" WIDTH="108" HEIGHT="21" WC="0.96" CONTENT="utskottet"/><SP WIDTH="15" VPOS="1123" HPOS="795"/>
							<String ID="string_268" HPOS="810" VPOS="1122" WIDTH="34" HEIGHT="22" WC="0.96" CONTENT="till"/><SP WIDTH="16" VPOS="1122" HPOS="844"/>
							<String ID="string_269" HPOS="860" VPOS="1123" WIDTH="50" HEIGHT="21" WC="0.96" CONTENT="dess"/><SP WIDTH="16" VPOS="1123" HPOS="910"/>
							<String ID="string_270" HPOS="926" VPOS="1123" WIDTH="81" HEIGHT="21" WC="0.96" CONTENT="beslut."/>
						</TextLine>
						<TextLine ID="line_32" HPOS="189" VPOS="1151" WIDTH="818" HEIGHT="29">
							<String ID="string_271" HPOS="189" VPOS="1151" WIDTH="35" HEIGHT="22" WC="0.96" CONTENT="Nu"/><SP WIDTH="15" VPOS="1151" HPOS="224"/>
							<String ID="string_272" HPOS="239" VPOS="1151" WIDTH="41" HEIGHT="22" WC="0.96" CONTENT="har"/><SP WIDTH="15" VPOS="1151" HPOS="280"/>
							<String ID="string_273" HPOS="295" VPOS="1157" WIDTH="51" HEIGHT="16" WC="0.96" CONTENT="man"/><SP WIDTH="15" VPOS="1157" HPOS="346"/>
							<String ID="string_274" HPOS="361" VPOS="1151" WIDTH="61" HEIGHT="22" WC="0.96" CONTENT="svårt"/><SP WIDTH="16" VPOS="1151" HPOS="422"/>
							<String ID="string_275" HPOS="438" VPOS="1153" WIDTH="32" HEIGHT="19" WC="0.96" CONTENT="att"/><SP WIDTH="15" VPOS="1153" HPOS="470"/>
							<String ID="string_276" HPOS="485" VPOS="1151" WIDTH="24" HEIGHT="21" WC="0.96" CONTENT="så"/><SP WIDTH="16" VPOS="1151" HPOS="509"/>
							<String ID="string_277" HPOS="525" VPOS="1152" WIDTH="137" HEIGHT="21" WC="0.95" CONTENT="omedelbart"/><SP WIDTH="16" VPOS="1152" HPOS="662"/>
							<String ID="string_278" HPOS="678" VPOS="1152" WIDTH="75" HEIGHT="21" WC="0.96" CONTENT="kunna"/><SP WIDTH="15" VPOS="1152" HPOS="753"/>
							<String ID="string_279" HPOS="768" VPOS="1152" WIDTH="55" HEIGHT="27" WC="0.96" CONTENT="göra"/><SP WIDTH="16" VPOS="1152" HPOS="823"/>
							<String ID="string_280" HPOS="839" VPOS="1152" WIDTH="34" HEIGHT="21" WC="0.96" CONTENT="för"/><SP WIDTH="16" VPOS="1152" HPOS="873"/>
							<String ID="string_281" HPOS="889" VPOS="1153" WIDTH="34" HEIGHT="27" WC="0.96" CONTENT="sig"/><SP WIDTH="19" VPOS="1153" HPOS="923"/>
							<String ID="string_282" HPOS="942" VPOS="1152" WIDTH="65" HEIGHT="22" WC="0.95" CONTENT="klart."/>
						</TextLine>
						<TextLine ID="line_33" HPOS="188" VPOS="1181" WIDTH="818" HEIGHT="27">
							<String ID="string_283" HPOS="188" VPOS="1181" WIDTH="90" HEIGHT="21" WC="0.96" CONTENT="hvilken"/><SP WIDTH="24" VPOS="1181" HPOS="278"/>
							<String ID="string_284" HPOS="302" VPOS="1181" WIDTH="84" HEIGHT="27" WC="0.96" CONTENT="påföljd"/><SP WIDTH="23" VPOS="1181" HPOS="386"/>
							<String ID="string_285" HPOS="409" VPOS="1181" WIDTH="73" HEIGHT="21" WC="0.95" CONTENT="skulle"/><SP WIDTH="23" VPOS="1181" HPOS="482"/>
							<String ID="string_286" HPOS="505" VPOS="1181" WIDTH="90" HEIGHT="21" WC="0.96" CONTENT="inträffa"/><SP WIDTH="24" VPOS="1181" HPOS="595"/>
							<String ID="string_287" HPOS="619" VPOS="1181" WIDTH="34" HEIGHT="21" WC="0.96" CONTENT="för"/><SP WIDTH="16" VPOS="1181" HPOS="653"/>
							<String ID="string_288" HPOS="669" VPOS="1182" WIDTH="42" HEIGHT="20" WC="0.96" CONTENT="den"/><SP WIDTH="16" VPOS="1182" HPOS="711"/>
							<String ID="string_289" HPOS="727" VPOS="1182" WIDTH="106" HEIGHT="21" WC="0.96" CONTENT="händelse"/><SP WIDTH="23" VPOS="1182" HPOS="833"/>
							<String ID="string_290" HPOS="856" VPOS="1184" WIDTH="34" HEIGHT="19" WC="0.96" CONTENT="att"/><SP WIDTH="16" VPOS="1184" HPOS="890"/>
							<String ID="string_291" HPOS="906" VPOS="1182" WIDTH="60" HEIGHT="21" WC="0.96" CONTENT="detta"/><SP WIDTH="16" VPOS="1182" HPOS="966"/>
							<String ID="string_292" HPOS="982" VPOS="1182" WIDTH="24" HEIGHT="20" WC="0.96" CONTENT="så"/>
						</TextLine>
						<TextLine ID="line_34" HPOS="188" VPOS="1210" WIDTH="819" HEIGHT="28">
							<String ID="string_293" HPOS="188" VPOS="1212" WIDTH="51" HEIGHT="20" WC="0.96" CONTENT="sent"/><SP WIDTH="9" VPOS="1212" HPOS="239"/>
							<String ID="string_294" HPOS="248" VPOS="1210" WIDTH="80" HEIGHT="22" WC="0.96" CONTENT="väckta"/><SP WIDTH="9" VPOS="1210" HPOS="328"/>
							<String ID="string_295" HPOS="337" VPOS="1210" WIDTH="84" HEIGHT="28" WC="0.96" CONTENT="förslag"/><SP WIDTH="11" VPOS="1210" HPOS="421"/>
							<String ID="string_296" HPOS="432" VPOS="1210" WIDTH="71" HEIGHT="21" WC="0.96" CONTENT="skulle"/><SP WIDTH="12" VPOS="1210" HPOS="503"/>
							<String ID="string_297" HPOS="515" VPOS="1211" WIDTH="26" HEIGHT="21" WC="0.95" CONTENT="af"/><SP WIDTH="8" VPOS="1211" HPOS="541"/>
							<String ID="string_298" HPOS="549" VPOS="1210" WIDTH="87" HEIGHT="22" WC="0.96" CONTENT="ståndet"/><SP WIDTH="11" VPOS="1210" HPOS="636"/>
							<String ID="string_299" HPOS="647" VPOS="1210" WIDTH="136" HEIGHT="28" WC="0.95" CONTENT="godkännas."/><SP WIDTH="20" VPOS="1210" HPOS="783"/>
							<String ID="string_300" HPOS="803" VPOS="1211" WIDTH="9" HEIGHT="21" WC="0.96" CONTENT="I"/><SP WIDTH="10" VPOS="1211" HPOS="812"/>
							<String ID="string_301" HPOS="822" VPOS="1211" WIDTH="67" HEIGHT="27" WC="0.96" CONTENT="ingen"/><SP WIDTH="12" VPOS="1211" HPOS="889"/>
							<String ID="string_302" HPOS="901" VPOS="1211" WIDTH="106" HEIGHT="21" WC="0.96" CONTENT="händelse"/>
						</TextLine>
						<TextLine ID="line_35" HPOS="188" VPOS="1239" WIDTH="819" HEIGHT="28">
							<String ID="string_303" HPOS="188" VPOS="1240" WIDTH="40" HEIGHT="21" WC="0.96" CONTENT="bör"/><SP WIDTH="16" VPOS="1240" HPOS="228"/>
							<String ID="string_304" HPOS="244" VPOS="1239" WIDTH="161" HEIGHT="28" WC="0.95" CONTENT="bordläggning"/><SP WIDTH="19" VPOS="1239" HPOS="405"/>
							<String ID="string_305" HPOS="424" VPOS="1246" WIDTH="31" HEIGHT="15" WC="0.96" CONTENT="nu"/><SP WIDTH="15" VPOS="1246" HPOS="455"/>
							<String ID="string_306" HPOS="470" VPOS="1240" WIDTH="89" HEIGHT="21" WC="0.96" CONTENT="komma"/><SP WIDTH="15" VPOS="1240" HPOS="559"/>
							<String ID="string_307" HPOS="574" VPOS="1240" WIDTH="7" HEIGHT="21" WC="0.96" CONTENT="i"/><SP WIDTH="17" VPOS="1240" HPOS="581"/>
							<String ID="string_308" HPOS="598" VPOS="1240" WIDTH="68" HEIGHT="27" WC="0.96" CONTENT="fråga,"/><SP WIDTH="17" VPOS="1240" HPOS="666"/>
							<String ID="string_309" HPOS="683" VPOS="1240" WIDTH="48" HEIGHT="22" WC="0.96" CONTENT="ifall"/><SP WIDTH="17" VPOS="1240" HPOS="731"/>
							<String ID="string_310" HPOS="748" VPOS="1247" WIDTH="51" HEIGHT="15" WC="0.95" CONTENT="man"/><SP WIDTH="15" VPOS="1247" HPOS="799"/>
							<String ID="string_311" HPOS="814" VPOS="1240" WIDTH="33" HEIGHT="22" WC="0.96" CONTENT="als"/><SP WIDTH="16" VPOS="1240" HPOS="847"/>
							<String ID="string_312" HPOS="863" VPOS="1241" WIDTH="39" HEIGHT="21" WC="0.96" CONTENT="vill"/><SP WIDTH="16" VPOS="1241" HPOS="902"/>
							<String ID="string_313" HPOS="918" VPOS="1240" WIDTH="89" HEIGHT="22" WC="0.95" CONTENT="komma"/>
						</TextLine>
						<TextLine ID="line_36" HPOS="188" VPOS="1269" WIDTH="818" HEIGHT="29">
							<String ID="string_314" HPOS="188" VPOS="1270" WIDTH="34" HEIGHT="20" WC="0.95" CONTENT="till"/><SP WIDTH="16" VPOS="1270" HPOS="222"/>
							<String ID="string_315" HPOS="238" VPOS="1275" WIDTH="28" HEIGHT="15" WC="0.96" CONTENT="en"/><SP WIDTH="15" VPOS="1275" HPOS="266"/>
							<String ID="string_316" HPOS="281" VPOS="1269" WIDTH="88" HEIGHT="28" WC="0.96" CONTENT="lösning"/><SP WIDTH="15" VPOS="1269" HPOS="369"/>
							<String ID="string_317" HPOS="384" VPOS="1269" WIDTH="27" HEIGHT="21" WC="0.95" CONTENT="af"/><SP WIDTH="13" VPOS="1269" HPOS="411"/>
							<String ID="string_318" HPOS="424" VPOS="1269" WIDTH="71" HEIGHT="21" WC="0.96" CONTENT="denna"/><SP WIDTH="13" VPOS="1269" HPOS="495"/>
							<String ID="string_319" HPOS="508" VPOS="1269" WIDTH="69" HEIGHT="28" WC="0.96" CONTENT="fråga,"/><SP WIDTH="12" VPOS="1269" HPOS="577"/>
							<String ID="string_320" HPOS="589" VPOS="1276" WIDTH="46" HEIGHT="15" WC="0.96" CONTENT="som"/><SP WIDTH="14" VPOS="1276" HPOS="635"/>
							<String ID="string_321" HPOS="649" VPOS="1270" WIDTH="69" HEIGHT="21" WC="0.96" CONTENT="måste"/><SP WIDTH="10" VPOS="1270" HPOS="718"/>
							<String ID="string_322" HPOS="728" VPOS="1270" WIDTH="59" HEIGHT="22" WC="0.96" CONTENT="lösas"/><SP WIDTH="12" VPOS="1270" HPOS="787"/>
							<String ID="string_323" HPOS="799" VPOS="1270" WIDTH="48" HEIGHT="22" WC="0.92" CONTENT="före"/><SP WIDTH="12" VPOS="1270" HPOS="847"/>
							<String ID="string_324" HPOS="859" VPOS="1270" WIDTH="147" HEIGHT="28" WC="0.90" CONTENT="landtdagens"/>
						</TextLine>
						<TextLine ID="line_37" HPOS="188" VPOS="1299" WIDTH="818" HEIGHT="28">
							<String ID="string_325" HPOS="188" VPOS="1299" WIDTH="50" HEIGHT="21" WC="0.96" CONTENT="slut."/><SP WIDTH="25" VPOS="1299" HPOS="238"/>
							<String ID="string_326" HPOS="263" VPOS="1299" WIDTH="31" HEIGHT="21" WC="0.97" CONTENT="På"/><SP WIDTH="17" VPOS="1299" HPOS="294"/>
							<String ID="string_327" HPOS="311" VPOS="1305" WIDTH="27" HEIGHT="15" WC="0.96" CONTENT="en"/><SP WIDTH="15" VPOS="1305" HPOS="338"/>
							<String ID="string_328" HPOS="353" VPOS="1299" WIDTH="130" HEIGHT="27" WC="0.95" CONTENT="ytterligare"/><SP WIDTH="12" VPOS="1299" HPOS="483"/>
							<String ID="string_329" HPOS="495" VPOS="1299" WIDTH="162" HEIGHT="28" WC="0.93" CONTENT="bordläggning"/><SP WIDTH="11" VPOS="1299" HPOS="657"/>
							<String ID="string_330" HPOS="668" VPOS="1306" WIDTH="86" HEIGHT="15" WC="0.91" CONTENT="vunnes"/><SP WIDTH="9" VPOS="1306" HPOS="754"/>
							<String ID="string_331" HPOS="763" VPOS="1300" WIDTH="114" HEIGHT="26" WC="0.92" CONTENT="sjelffallet"/><SP WIDTH="8" VPOS="1300" HPOS="877"/>
							<String ID="string_332" HPOS="885" VPOS="1300" WIDTH="121" HEIGHT="27" WC="0.96" CONTENT="ingenting,"/>
						</TextLine>
						<TextLine ID="line_38" HPOS="188" VPOS="1328" WIDTH="818" HEIGHT="27">
							<String ID="string_333" HPOS="188" VPOS="1330" WIDTH="54" HEIGHT="19" WC="0.96" CONTENT="utan"/><SP WIDTH="16" VPOS="1330" HPOS="242"/>
							<String ID="string_334" HPOS="258" VPOS="1334" WIDTH="53" HEIGHT="15" WC="0.96" CONTENT="vore"/><SP WIDTH="16" VPOS="1334" HPOS="311"/>
							<String ID="string_335" HPOS="327" VPOS="1328" WIDTH="38" HEIGHT="20" WC="0.96" CONTENT="det"/><SP WIDTH="16" VPOS="1328" HPOS="365"/>
							<String ID="string_336" HPOS="381" VPOS="1328" WIDTH="28" HEIGHT="20" WC="0.96" CONTENT="då"/><SP WIDTH="15" VPOS="1328" HPOS="409"/>
							<String ID="string_337" HPOS="424" VPOS="1328" WIDTH="38" HEIGHT="20" WC="0.97" CONTENT="det"/><SP WIDTH="15" VPOS="1328" HPOS="462"/>
							<String ID="string_338" HPOS="477" VPOS="1328" WIDTH="81" HEIGHT="27" WC="0.95" CONTENT="riktiga"/><SP WIDTH="16" VPOS="1328" HPOS="558"/>
							<String ID="string_339" HPOS="574" VPOS="1330" WIDTH="33" HEIGHT="18" WC="0.96" CONTENT="att"/><SP WIDTH="16" VPOS="1330" HPOS="607"/>
							<String ID="string_340" HPOS="623" VPOS="1328" WIDTH="137" HEIGHT="21" WC="0.96" CONTENT="omedelbart"/><SP WIDTH="17" VPOS="1328" HPOS="760"/>
							<String ID="string_341" HPOS="777" VPOS="1328" WIDTH="86" HEIGHT="22" WC="0.96" CONTENT="besluta"/><SP WIDTH="10" VPOS="1328" HPOS="863"/>
							<String ID="string_342" HPOS="873" VPOS="1328" WIDTH="133" HEIGHT="26" WC="0.95" CONTENT="återremiss,"/>
						</TextLine>
						<TextLine ID="line_39" HPOS="188" VPOS="1357" WIDTH="819" HEIGHT="22">
							<String ID="string_343" HPOS="188" VPOS="1357" WIDTH="28" HEIGHT="21" WC="0.96" CONTENT="då"/><SP WIDTH="22" VPOS="1357" HPOS="216"/>
							<String ID="string_344" HPOS="238" VPOS="1357" WIDTH="165" HEIGHT="21" WC="0.96" CONTENT="statsutskottet"/><SP WIDTH="23" VPOS="1357" HPOS="403"/>
							<String ID="string_345" HPOS="426" VPOS="1358" WIDTH="59" HEIGHT="20" WC="0.96" CONTENT="ännu"/><SP WIDTH="24" VPOS="1358" HPOS="485"/>
							<String ID="string_346" HPOS="509" VPOS="1357" WIDTH="40" HEIGHT="21" WC="0.96" CONTENT="har"/><SP WIDTH="23" VPOS="1357" HPOS="549"/>
							<String ID="string_347" HPOS="572" VPOS="1357" WIDTH="31" HEIGHT="21" WC="0.95" CONTENT="tid"/><SP WIDTH="16" VPOS="1357" HPOS="603"/>
							<String ID="string_348" HPOS="619" VPOS="1359" WIDTH="33" HEIGHT="19" WC="0.96" CONTENT="att"/><SP WIDTH="16" VPOS="1359" HPOS="652"/>
							<String ID="string_349" HPOS="668" VPOS="1358" WIDTH="148" HEIGHT="20" WC="0.96" CONTENT="framkomma"/><SP WIDTH="15" VPOS="1358" HPOS="816"/>
							<String ID="string_350" HPOS="831" VPOS="1358" WIDTH="50" HEIGHT="20" WC="0.96" CONTENT="med"/><SP WIDTH="17" VPOS="1358" HPOS="881"/>
							<String ID="string_351" HPOS="898" VPOS="1358" WIDTH="109" HEIGHT="21" WC="0.96" CONTENT="definitivt"/>
						</TextLine>
						<TextLine ID="line_40" HPOS="188" VPOS="1386" WIDTH="819" HEIGHT="29">
							<String ID="string_352" HPOS="188" VPOS="1386" WIDTH="90" HEIGHT="29" WC="0.95" CONTENT="förslag."/><SP WIDTH="31" VPOS="1386" HPOS="278"/>
							<String ID="string_353" HPOS="309" VPOS="1386" WIDTH="51" HEIGHT="22" WC="0.96" CONTENT="Men"/><SP WIDTH="23" VPOS="1386" HPOS="360"/>
							<String ID="string_354" HPOS="383" VPOS="1392" WIDTH="48" HEIGHT="16" WC="0.93" CONTENT="som"/><SP WIDTH="15" VPOS="1392" HPOS="431"/>
							<String ID="string_355" HPOS="446" VPOS="1387" WIDTH="72" HEIGHT="28" WC="0.89" CONTENT="sagdt,"/><SP WIDTH="17" VPOS="1387" HPOS="518"/>
							<String ID="string_356" HPOS="535" VPOS="1386" WIDTH="8" HEIGHT="22" WC="0.96" CONTENT="i"/><SP WIDTH="16" VPOS="1386" HPOS="543"/>
							<String ID="string_357" HPOS="559" VPOS="1386" WIDTH="38" HEIGHT="22" WC="0.96" CONTENT="det"/><SP WIDTH="15" VPOS="1386" HPOS="597"/>
							<String ID="string_358" HPOS="612" VPOS="1386" WIDTH="68" HEIGHT="22" WC="0.96" CONTENT="skede"/><SP WIDTH="17" VPOS="1386" HPOS="680"/>
							<String ID="string_359" HPOS="697" VPOS="1386" WIDTH="78" HEIGHT="29" WC="0.96" CONTENT="frågan"/><SP WIDTH="14" VPOS="1386" HPOS="775"/>
							<String ID="string_360" HPOS="789" VPOS="1393" WIDTH="31" HEIGHT="16" WC="0.96" CONTENT="nu"/><SP WIDTH="16" VPOS="1393" HPOS="820"/>
							<String ID="string_361" HPOS="836" VPOS="1387" WIDTH="120" HEIGHT="28" WC="0.95" CONTENT="föreligger"/><SP WIDTH="16" VPOS="1387" HPOS="956"/>
							<String ID="string_362" HPOS="972" VPOS="1387" WIDTH="35" HEIGHT="22" WC="0.96" CONTENT="för"/>
						</TextLine>
						<TextLine ID="line_41" HPOS="187" VPOS="1416" WIDTH="821" HEIGHT="29">
							<String ID="string_363" HPOS="187" VPOS="1416" WIDTH="89" HEIGHT="22" WC="0.96" CONTENT="ståndet"/><SP WIDTH="23" VPOS="1416" HPOS="276"/>
							<String ID="string_364" HPOS="299" VPOS="1417" WIDTH="24" HEIGHT="21" WC="0.96" CONTENT="är"/><SP WIDTH="19" VPOS="1417" HPOS="323"/>
							<String ID="string_365" HPOS="342" VPOS="1417" WIDTH="43" HEIGHT="21" WC="0.96" CONTENT="den"/><SP WIDTH="16" VPOS="1417" HPOS="385"/>
							<String ID="string_366" HPOS="401" VPOS="1416" WIDTH="35" HEIGHT="22" WC="0.96" CONTENT="för"/><SP WIDTH="16" VPOS="1416" HPOS="436"/>
							<String ID="string_367" HPOS="452" VPOS="1417" WIDTH="45" HEIGHT="28" WC="0.96" CONTENT="mig"/><SP WIDTH="16" VPOS="1417" HPOS="497"/>
							<String ID="string_368" HPOS="513" VPOS="1416" WIDTH="132" HEIGHT="23" WC="0.96" CONTENT="åtminstone"/><SP WIDTH="16" VPOS="1416" HPOS="645"/>
							<String ID="string_369" HPOS="661" VPOS="1417" WIDTH="24" HEIGHT="21" WC="0.96" CONTENT="så"/><SP WIDTH="16" VPOS="1417" HPOS="685"/>
							<String ID="string_370" HPOS="701" VPOS="1417" WIDTH="155" HEIGHT="28" WC="0.95" CONTENT="ofullständigt"/><SP WIDTH="15" VPOS="1417" HPOS="856"/>
							<String ID="string_371" HPOS="871" VPOS="1418" WIDTH="86" HEIGHT="27" WC="0.95" CONTENT="utredd,"/><SP WIDTH="17" VPOS="1418" HPOS="957"/>
							<String ID="string_372" HPOS="974" VPOS="1419" WIDTH="34" HEIGHT="20" WC="0.96" CONTENT="att"/>
						</TextLine>
						<TextLine ID="line_42" HPOS="188" VPOS="1446" WIDTH="817" HEIGHT="31">
							<String ID="string_373" HPOS="188" VPOS="1453" WIDTH="51" HEIGHT="16" WC="0.96" CONTENT="man"/><SP WIDTH="16" VPOS="1453" HPOS="239"/>
							<String ID="string_374" HPOS="255" VPOS="1447" WIDTH="40" HEIGHT="22" WC="0.96" CONTENT="har"/><SP WIDTH="15" VPOS="1447" HPOS="295"/>
							<String ID="string_375" HPOS="310" VPOS="1448" WIDTH="81" HEIGHT="26" WC="0.96" CONTENT="ytterst"/><SP WIDTH="16" VPOS="1448" HPOS="391"/>
							<String ID="string_376" HPOS="407" VPOS="1446" WIDTH="61" HEIGHT="22" WC="0.96" CONTENT="svårt"/><SP WIDTH="10" VPOS="1446" HPOS="468"/>
							<String ID="string_377" HPOS="478" VPOS="1449" WIDTH="33" HEIGHT="19" WC="0.96" CONTENT="att"/><SP WIDTH="11" VPOS="1449" HPOS="511"/>
							<String ID="string_378" HPOS="522" VPOS="1446" WIDTH="78" HEIGHT="29" WC="0.96" CONTENT="frångå"/><SP WIDTH="11" VPOS="1446" HPOS="600"/>
							<String ID="string_379" HPOS="611" VPOS="1447" WIDTH="119" HEIGHT="22" WC="0.96" CONTENT="utskottets"/><SP WIDTH="12" VPOS="1447" HPOS="730"/>
							<String ID="string_380" HPOS="742" VPOS="1448" WIDTH="89" HEIGHT="28" WC="0.95" CONTENT="förslag,"/><SP WIDTH="12" VPOS="1448" HPOS="831"/>
							<String ID="string_381" HPOS="843" VPOS="1448" WIDTH="86" HEIGHT="22" WC="0.95" CONTENT="hvilket"/><SP WIDTH="10" VPOS="1448" HPOS="929"/>
							<String ID="string_382" HPOS="939" VPOS="1448" WIDTH="66" HEIGHT="29" WC="0.96" CONTENT="ingen"/>
						</TextLine>
						<TextLine ID="line_43" HPOS="187" VPOS="1477" WIDTH="819" HEIGHT="27">
							<String ID="string_383" HPOS="187" VPOS="1477" WIDTH="137" HEIGHT="21" WC="0.96" CONTENT="reservation"/><SP WIDTH="16" VPOS="1477" HPOS="324"/>
							<String ID="string_384" HPOS="340" VPOS="1477" WIDTH="70" HEIGHT="21" WC="0.95" CONTENT="finnes"/><SP WIDTH="11" VPOS="1477" HPOS="410"/>
							<String ID="string_385" HPOS="421" VPOS="1477" WIDTH="91" HEIGHT="27" WC="0.96" CONTENT="bifogad"/><SP WIDTH="12" VPOS="1477" HPOS="512"/>
							<String ID="string_386" HPOS="524" VPOS="1477" WIDTH="41" HEIGHT="21" WC="0.96" CONTENT="och"/><SP WIDTH="12" VPOS="1477" HPOS="565"/>
							<String ID="string_387" HPOS="577" VPOS="1477" WIDTH="40" HEIGHT="21" WC="0.96" CONTENT="der"/><SP WIDTH="7" VPOS="1477" HPOS="617"/>
							<String ID="string_388" HPOS="624" VPOS="1477" WIDTH="86" HEIGHT="22" WC="0.92" CONTENT="således"/><SP WIDTH="8" VPOS="1477" HPOS="710"/>
							<String ID="string_389" HPOS="718" VPOS="1477" WIDTH="99" HEIGHT="23" WC="0.91" CONTENT="hvarken"/><SP WIDTH="8" VPOS="1477" HPOS="817"/>
							<String ID="string_390" HPOS="825" VPOS="1480" WIDTH="181" HEIGHT="20" WC="0.92" CONTENT="reservanternas"/>
						</TextLine>
						<TextLine ID="line_44" HPOS="188" VPOS="1507" WIDTH="817" HEIGHT="29">
							<String ID="string_391" HPOS="188" VPOS="1507" WIDTH="55" HEIGHT="22" WC="0.96" CONTENT="eller"/><SP WIDTH="15" VPOS="1507" HPOS="243"/>
							<String ID="string_392" HPOS="258" VPOS="1508" WIDTH="121" HEIGHT="21" WC="0.96" CONTENT="utskottets"/><SP WIDTH="17" VPOS="1508" HPOS="379"/>
							<String ID="string_393" HPOS="396" VPOS="1507" WIDTH="142" HEIGHT="28" WC="0.96" CONTENT="uppfattning"/><SP WIDTH="16" VPOS="1507" HPOS="538"/>
							<String ID="string_394" HPOS="554" VPOS="1507" WIDTH="7" HEIGHT="21" WC="0.96" CONTENT="i"/><SP WIDTH="12" VPOS="1507" HPOS="561"/>
							<String ID="string_395" HPOS="573" VPOS="1508" WIDTH="71" HEIGHT="21" WC="0.96" CONTENT="denna"/><SP WIDTH="11" VPOS="1508" HPOS="644"/>
							<String ID="string_396" HPOS="655" VPOS="1508" WIDTH="105" HEIGHT="27" WC="0.95" CONTENT="speciella"/><SP WIDTH="11" VPOS="1508" HPOS="760"/>
							<String ID="string_397" HPOS="771" VPOS="1507" WIDTH="62" HEIGHT="29" WC="0.96" CONTENT="fråga"/><SP WIDTH="12" VPOS="1507" HPOS="833"/>
							<String ID="string_398" HPOS="845" VPOS="1508" WIDTH="70" HEIGHT="22" WC="0.96" CONTENT="finnes"/><SP WIDTH="12" VPOS="1508" HPOS="915"/>
							<String ID="string_399" HPOS="927" VPOS="1508" WIDTH="78" HEIGHT="28" WC="0.96" CONTENT="belyst."/>
						</TextLine>
						<TextLine ID="line_45" HPOS="187" VPOS="1537" WIDTH="819" HEIGHT="28">
							<String ID="string_400" HPOS="187" VPOS="1537" WIDTH="43" HEIGHT="22" WC="0.95" CONTENT="För"/><SP WIDTH="23" VPOS="1537" HPOS="230"/>
							<String ID="string_401" HPOS="253" VPOS="1543" WIDTH="57" HEIGHT="22" WC="0.95" CONTENT="egen"/><SP WIDTH="24" VPOS="1543" HPOS="310"/>
							<String ID="string_402" HPOS="334" VPOS="1537" WIDTH="36" HEIGHT="21" WC="0.96" CONTENT="del"/><SP WIDTH="24" VPOS="1537" HPOS="370"/>
							<String ID="string_403" HPOS="394" VPOS="1543" WIDTH="53" HEIGHT="16" WC="0.96" CONTENT="vore"/><SP WIDTH="22" VPOS="1543" HPOS="447"/>
							<String ID="string_404" HPOS="469" VPOS="1537" WIDTH="40" HEIGHT="28" WC="0.96" CONTENT="jag"/><SP WIDTH="24" VPOS="1537" HPOS="509"/>
							<String ID="string_405" HPOS="533" VPOS="1538" WIDTH="72" HEIGHT="26" WC="0.95" CONTENT="färdig"/><SP WIDTH="23" VPOS="1538" HPOS="605"/>
							<String ID="string_406" HPOS="628" VPOS="1539" WIDTH="33" HEIGHT="20" WC="0.95" CONTENT="att"/><SP WIDTH="15" VPOS="1539" HPOS="661"/>
							<String ID="string_407" HPOS="676" VPOS="1538" WIDTH="71" HEIGHT="21" WC="0.96" CONTENT="under"/><SP WIDTH="15" VPOS="1538" HPOS="747"/>
							<String ID="string_408" HPOS="762" VPOS="1538" WIDTH="124" HEIGHT="22" WC="0.96" CONTENT="beaktande"/><SP WIDTH="17" VPOS="1538" HPOS="886"/>
							<String ID="string_409" HPOS="903" VPOS="1539" WIDTH="25" HEIGHT="21" WC="0.95" CONTENT="af"/><SP WIDTH="13" VPOS="1539" HPOS="928"/>
							<String ID="string_410" HPOS="941" VPOS="1539" WIDTH="65" HEIGHT="21" WC="0.96" CONTENT="dessa"/>
						</TextLine>
					</TextBlock>
				</ComposedBlock>
			</PrintSpace>
		</Page>
	</Layout>
</alto>
