1092 1775
224 136 56 20 1742
526 134 83 18 Toukok.
621 134 23 17 24
657 139 16 17 p.

192 186 121 27 päätöksen
337 187 47 21 ensi
399 187 156 26 valtiopäiväin
572 187 165 27 palkkaetuihin
753 187 93 22 nähden.
879 188 56 22 Olisi
951 188 63 22 aina-

191 216 40 21 kin
254 216 58 27 hyvä
334 216 75 26 tietää,
426 216 62 21 miltä
507 216 104 22 kannalta
627 218 59 20 tämä
701 217 147 21 valiokunnan
863 217 102 22 lausunto
981 224 28 15 on

192 246 143 21 käsitettävä.

264 275 152 21 Kirkkoherra
439 276 107 26 Wegelius:
570 276 76 21 Koska
669 278 60 19 tässä
753 279 40 23 nyt
816 282 27 15 on
866 276 57 26 puhe
939 279 75 25 sääty-

192 305 81 21 talosta
294 305 23 26 ja
340 304 105 22 tulevista
468 305 169 27 valtiopäivistä,
654 305 86 27 pyydän
757 306 67 21 saada
839 306 103 21 ehdottaa
965 309 46 19 että

193 336 64 25 sääty
280 334 91 21 lausuisi
390 340 39 16 sen
445 335 157 26 toivomuksen,
620 335 53 21 ettei
690 341 45 21 sen,
750 334 53 28 joka
819 335 100 22 tulevilla
934 336 77 22 valtio-

193 364 90 26 päivillä
307 364 59 21 tulee
382 364 68 21 täällä
466 364 146 26 säätytalossa
627 364 110 26 pitämään
754 364 129 28 ravintolaa,
900 365 113 22 sallittaisi

192 395 84 25 pyytää
298 393 103 21 itselleen
424 394 98 21 oikeutta
545 394 124 21 anniskella
692 394 139 27 väkijuomia.
863 394 53 22 Että
939 397 75 25 sääty-

192 423 83 21 talossa
298 429 27 15 on
343 423 115 27 ravintola,
475 429 26 15 on
518 423 63 22 aivan
597 423 131 27 paikallaan,
745 424 52 21 sillä
812 424 101 21 ravintoa
929 425 85 27 säädyn

190 453 88 26 jäsenet
296 452 138 27 tarvitsevat,
452 455 69 19 mutta
536 453 153 27 päihdyttäviä
703 453 81 27 juomia
800 454 74 21 minun
890 454 124 22 mielestäni

193 482 69 22 täällä
284 482 21 22 ei
326 482 88 21 tarvita.
446 482 68 22 Tämä
530 482 144 22 ehdotukseni
690 483 83 21 kaiketi
790 485 79 20 tuntuu
885 484 68 27 hyvin
966 484 47 27 jyr-

193 512 62 22 kältä
275 512 22 27 ja
322 512 188 26 sopimattomalta,
528 514 68 20 mutta
611 512 82 22 tahdon
708 519 39 15 sen
764 513 179 26 puolustukseksi
961 514 52 21 mai-

193 542 47 21 nita
248 543 52 26 että,
310 542 68 21 kuten
387 542 183 22 sanomalehdistä
578 548 27 16 on
615 538 105 36 näkynyt,
732 538 162 36 Yhdysvaltojen
904 543 108 27 edustaja-

193 572 71 21 huone
287 578 28 15 on
337 572 80 27 tehnyt
434 572 145 22 samanlaisen
599 572 128 27 päätöksen,
745 572 52 21 mitä
814 574 73 20 tämän
904 573 109 28 edustaja-

192 602 100 21 huoneen
312 601 194 27 kokouspaikkaan
524 602 64 22 tulee.
620 602 34 21 En
671 602 121 21 sentähden
808 603 75 21 luulisi
899 605 47 20 että
961 603 52 22 Suo-

192 637 50 16 men
254 631 78 27 säädyt
349 631 138 22 saattaisivat
497 631 102 22 itselleen
610 632 84 26 häpeää
705 632 168 27 hyväksymällä
884 633 129 22 tämmöisen

194 661 142 22 ehdotuksen.

263 691 124 22 Professori
404 691 90 22 Donner:
526 691 43 28 Jag
584 691 113 22 förmodar
723 693 32 20 att
771 692 43 21 den
839 693 88 21 senaste
943 693 69 22 ärade

192 721 97 21 talarens
305 721 100 28 yrkande
420 721 50 21 icke
486 721 126 22 föranleder
627 721 34 21 till
676 721 67 28 något
760 721 79 22 beslut.
856 721 43 28 Jag
911 721 44 22 kan
963 722 51 22 icke

192 750 60 22 finna
267 750 72 29 någon
355 750 94 22 särskild
465 751 119 28 anledning
600 751 78 21 dertill.
695 751 51 22 Men
762 751 37 21 det
815 757 40 16 var
865 751 50 22 icke
926 752 86 26 härom,

192 786 48 16 som
254 781 40 28 jag
310 781 43 21 bad
369 782 33 20 att
419 780 21 22 få
454 782 61 26 yttra
536 781 51 28 mig,
611 782 54 20 utan
687 787 35 15 om
746 787 28 15 en
797 787 73 16 annan
893 782 47 26 sak,
963 788 48 17 som

192 810 132 22 åtminstone
340 811 44 20 kan
400 810 22 21 få
438 810 66 29 något
519 811 161 27 sammanhang
703 811 50 21 med
779 811 60 21 detta
863 811 148 28 betänkande,

192 846 48 15 som
254 840 40 28 jag
310 840 35 21 för
361 840 44 21 min
421 840 36 21 del
473 841 100 21 förordar
588 841 34 21 till
637 840 169 27 godkännande.
838 841 34 22 De
887 841 66 22 flesta
969 842 41 22 och

192 871 54 20 utan
262 870 79 21 tvifvel
357 870 44 20 alla
419 870 149 26 medlemmar,
584 876 47 15 som
648 870 93 28 deltagit
756 870 7 21 i
779 871 150 21 innevarande
940 871 70 21 landt-

192 899 50 27 dag,
259 899 63 21 torde
338 899 98 21 erkänna
451 901 33 19 att
500 900 42 21 den
558 899 150 26 arbetsbörda,
719 905 48 16 som
778 900 73 21 hvilar
861 900 27 28 pä
897 906 114 22 represen-

192 930 108 24 tanterna,
317 929 35 21 för
367 929 78 27 hvarje
460 929 59 27 gäng
534 929 104 27 tilltager.
670 928 45 22 Det
730 930 40 20 har
793 929 58 22 varit
866 930 6 20 i
889 930 121 27 synnerhet

192 958 70 22 under
278 958 72 22 denna
366 958 112 28 landtdag,
495 964 47 16 som
559 958 38 22 det
612 958 163 28 ansträngande
799 959 86 21 arbetet
900 960 60 27 gjort
975 960 35 27 sig

192 988 110 27 gällande,
318 988 41 21 och
375 988 6 21 i
393 989 72 27 nägon
474 988 49 21 män
532 988 121 28 belysande
663 988 34 21 för
705 988 148 22 förhällandet
861 990 38 20 äro
909 989 98 27 följande

192 1018 78 20 siffror.
302 1018 76 21 Under
396 1020 54 19 1891
467 1018 35 21 ärs
518 1018 106 27 landtdag
640 1018 141 21 framstäldes
797 1020 26 19 31
841 1019 166 27 propositioner,

191 1047 76 21 hvilka
293 1047 114 21 medförde
432 1047 45 21 lika
503 1047 79 28 många
607 1047 162 26 betänkanden,
794 1050 25 18 12
844 1048 69 22 andra
935 1048 74 28 frågor

192 1076 172 22 behandlades
356 1072 13 38 i
387 1077 161 21 betänkanden.
583 1080 25 18 10
632 1077 251 22 motionsbetänkanden
906 1078 103 28 afgåfvos

191 1106 41 22 och
244 1108 26 19 41
280 1106 270 28 petitionsbetänkanden;
559 1113 87 15 summa
657 1109 35 19 94.
708 1106 77 22 Under
795 1110 56 18 1894
858 1107 35 21 års
901 1108 109 28 landtdag

191 1136 103 28 utgjorde
311 1136 156 22 motsvarande
482 1136 73 22 siffror
570 1136 134 22 tillsamman
721 1139 27 19 98
775 1137 41 21 och
845 1137 70 21 under
938 1138 72 21 denna

190 1166 113 27 landtdag,
328 1165 72 22 såvidt
423 1166 38 21 det
484 1166 77 21 hittills
577 1167 24 20 är
617 1166 75 26 kändt,
708 1166 64 21 torde
788 1166 37 21 det
841 1167 168 30 sammanlagda

190 1195 85 22 antalet
289 1195 59 28 stiga
364 1195 33 22 till
418 1198 37 19 134
472 1196 55 21 eller
542 1196 84 21 kanske
649 1196 59 21 ännu
732 1196 75 27 högre.
844 1196 77 22 Redan
944 1197 65 21 dessa

190 1225 73 21 siffror
278 1225 138 27 ådagalägga
431 1227 33 19 att
479 1225 28 28 på
522 1231 85 16 samma
622 1225 32 21 tid
670 1226 32 20 ett
717 1225 24 22 så
757 1227 55 20 stort
828 1225 55 22 mått
898 1226 26 21 af
932 1226 77 21 arbete

190 1254 100 22 kommer
306 1254 27 27 pä
348 1254 257 27 ständsmedlemmarna,
622 1256 33 20 att
678 1255 43 26 det,
738 1261 36 15 om
790 1255 45 21 alla
851 1255 66 22 dessa
932 1256 75 21 betän-

190 1283 87 22 kanden
294 1284 96 21 fördelas
406 1283 28 28 pä
450 1284 50 21 hela
515 1284 60 21 tiden
591 1284 26 21 af
631 1286 12 19 4
660 1283 110 28 mänader,
787 1284 42 21 blir
846 1291 47 15 mer
904 1285 28 21 än
941 1286 32 20 ett
981 1285 28 27 pä

189 1313 78 26 hvarje
284 1314 49 26 dag.

259 1342 35 21 Då
310 1342 68 21 måste
395 1348 50 15 man
463 1342 73 27 fråga:
552 1342 71 21 finnes
639 1342 37 21 det
699 1342 52 28 inga
767 1343 72 20 medel
865 1344 33 20 att
913 1343 8 21 i
936 1343 73 28 någon

188 1371 50 22 män
254 1371 71 22 lindra
341 1371 71 22 denna
428 1371 149 22 arbetsbörda.
595 1371 46 22 Allt
657 1371 81 22 samlas
755 1372 113 21 dessutom
876 1374 46 20 mot
931 1373 75 21 slutet.

188 1401 50 22 Man
254 1401 74 22 kunde
344 1401 103 22 stundom
464 1401 68 28 fräga,
549 1401 109 22 huruvida
673 1401 48 22 icke
737 1403 33 20 ett
781 1402 55 21 eller
846 1404 68 20 annat
922 1403 85 22 utskott

188 1431 73 22 kunde
278 1431 22 22 fä
307 1431 170 22 betänkandena
487 1431 93 28 tidigare
588 1431 93 28 färdiga.
697 1431 69 22 Detta
774 1433 25 20 är
809 1431 60 23 svärt
878 1434 33 20 att
921 1432 84 29 afgöra.

186 1461 45 28 Jag
245 1463 46 20 tror
306 1463 33 20 att
355 1461 77 28 hvarje
448 1462 86 21 utskott
549 1461 100 22 försöker
665 1461 86 28 skynda
767 1461 27 29 pä
810 1461 23 23 sä
849 1463 90 27 mycket
956 1469 48 16 som

188 1491 93 29 möjligt,
298 1492 70 21 ehuru
384 1492 37 21 det
437 1491 70 22 mäste
524 1491 91 22 förväna
637 1493 34 20 att
686 1493 15 20 t.
718 1498 37 15 ex.
777 1493 229 28 jernvägsutskottets

187 1527 78 16 senare
282 1521 145 28 betänkande,
444 1528 48 15 som
508 1521 115 22 utdelades
645 1521 146 23 tillsammans
809 1523 49 21 med
875 1523 38 22 det
929 1523 77 27 första,
