1095 1781
218 139 56 19 1958
517 136 84 18 Toukok.
614 137 21 17 31
649 141 17 17 p.

186 189 191 26 Landtmarskalk,
393 192 57 19 samt
459 189 35 22 till
504 189 116 28 höglofiiga
630 189 163 26 Ridderskapet
803 190 40 21 och
854 189 72 22 Adeln
937 188 65 22 fram-

186 219 49 21 föra
250 219 32 21 sin
300 219 160 26 aktningstulla
475 218 199 27 afskedshelsning.

257 248 80 27 Många
351 248 41 22 och
407 248 86 27 viktiga
509 248 75 28 frågor
600 248 65 22 hafva
676 247 108 28 förelegat
795 248 64 22 äfven
872 248 61 21 detta
943 249 59 20 stän-

186 277 106 23 dermöte.
324 278 33 22 De
372 277 64 22 flesta
451 277 65 22 hafva
532 279 55 22 dock
603 278 74 22 blifvit
692 278 183 22 slutbehandlade
885 278 40 21 och
936 277 67 22 histo-

185 307 49 22 rien
258 308 57 21 skall
338 308 55 21 fälla
415 308 34 21 sin
472 307 48 22 dom
543 308 63 22 öfver
621 309 93 20 arbetet.
746 308 36 22 Uti
799 308 114 27 åtskilliga
929 307 75 27 frågor

186 337 67 22 hafva
267 337 143 28 meningarna
425 338 133 27 visserligen
573 338 57 21 varit
640 337 78 22 delade
728 339 40 20 och
779 338 133 27 brytningen
924 337 79 22 mellan

185 367 61 22 olika
268 367 85 22 åsikter
368 368 40 21 har
423 368 59 21 varit
497 368 68 27 skarp
581 374 49 21 nog,
647 374 47 15 men
711 367 61 22 detta
787 367 41 22 har
840 368 25 27 ju
881 367 35 22 sin
931 369 71 20 natur-

186 397 44 26 liga
246 397 123 27 förklaring
385 397 6 21 i
408 397 27 21 de
451 397 58 21 olika
525 397 68 22 vitala
608 397 110 22 intressen
735 397 27 22 de
778 397 71 21 skilda
860 397 92 22 stånden
964 397 39 21 och

186 427 27 21 de
228 427 59 21 olika
304 427 122 21 elementen
442 427 56 21 inom
515 427 109 22 desamma
640 427 48 21 haft
703 429 33 19 att
752 427 55 22 hvar
823 427 34 21 för
873 427 34 26 sig
917 427 85 21 beakta.

184 456 169 22 Presteståndet
376 459 46 19 tror
446 456 55 22 dock
524 458 33 20 att
579 457 107 22 kärleken
702 457 34 20 till
752 457 146 21 fosterlandet
913 457 46 21 ledt
974 462 27 16 en

186 487 54 20 hvar
263 486 69 22 under
348 487 91 21 arbetet.
470 487 48 21 Den
534 493 67 15 sanna
617 486 244 22 fosterlandskärleken
877 486 124 26 upphäfver

186 516 109 21 dessutom
319 516 29 21 all
370 516 70 21 osund
455 516 142 27 sjelfviskhet
612 517 28 26 på
656 522 80 15 samma
752 517 59 26 gång
827 516 41 21 den
887 518 64 25 utgör
966 516 38 21 det

184 546 49 21 inre
256 546 71 21 medel
350 546 41 21 och
413 546 80 27 vilkor,
517 552 45 15 som
585 545 73 28 gifver
678 545 66 28 kraft,
770 545 28 22 lif
811 546 39 21 och
866 546 98 21 innehåll
980 546 23 21 åt

185 577 54 20 våra
262 575 131 28 handlingar
415 576 40 21 och
478 576 260 27 samhällsinrättningar.
768 575 115 23 Jemförda
907 576 47 21 med
976 576 27 22 de

185 609 60 18 stora
270 605 194 22 kulturländernas
486 606 72 21 lemna
581 606 64 22 dessa
672 606 42 21 sist
729 606 94 21 nämnda
838 606 39 21 hos
893 612 36 17 oss
944 608 58 19 ännu

184 635 88 28 mycket
288 635 68 27 öfrigt
371 639 34 18 att
420 635 75 27 önska,
513 642 47 15 men
577 635 28 22 då
620 635 71 22 anden
707 636 106 21 berrskar
823 635 63 23 öfver
897 635 105 22 materien

184 666 41 21 och
240 665 81 27 skapar
337 665 34 27 sig
387 665 81 22 former
484 665 34 22 för
533 666 48 21 sina
597 665 156 28 lifsyttringar,
770 665 57 22 skall
841 666 42 21 ock
893 665 62 22 Guds
966 665 35 22 idé

185 695 49 22 med
257 695 37 21 det
316 695 72 22 finska
413 695 71 22 folket
499 695 56 22 dana
571 695 260 28 samhällsinrättniugar,
848 695 104 27 lämpliga
968 695 34 22 för

184 725 126 22 utförandet
325 724 25 22 af
363 725 51 21 dess
430 725 89 22 mission
536 725 6 21 i
559 725 187 27 mensklighetens
761 725 134 27 utveckling.

255 753 51 23 Men
322 755 91 22 emedan
428 755 30 21 all
474 761 54 16 sann
545 755 127 27 utveckling
687 754 120 23 innefattar
821 755 8 21 i
845 755 35 27 sig
895 755 43 21 den
953 755 49 21 har-

184 784 99 22 moniska
298 785 132 21 samverkan
445 784 26 22 af
483 791 27 16 en
526 784 97 23 måttfull
637 785 142 27 progression
795 785 40 21 och
845 791 28 15 en
885 784 56 22 sund
950 785 52 21 kon-

183 814 123 27 servatism,
322 814 41 21 har
378 814 174 28 Presteståndet,
573 817 73 25 troget
667 815 35 21 sin
717 814 25 22 af
755 814 49 22 Gud
820 814 114 27 förelagda
949 821 52 20 upp-

183 844 45 27 gift
246 844 3 21 i
265 844 100 27 kyrkans
388 844 40 21 och
444 844 155 22 fosterlandets
611 845 74 27 tjenst,
697 845 93 27 nödgats
801 844 67 22 också
879 845 7 20 i
898 844 104 22 afseende

183 874 14 21 å
212 873 260 28 samhällsutvecklingen
488 874 105 22 fasthälla
605 875 137 26 jemnvikten
754 874 80 21 mellan
845 874 64 21 dessa
920 876 82 20 tvänne

183 903 117 28 principer,
325 903 65 22 äfven
417 910 34 15 om
474 904 50 21 dess
548 904 141 27 uppfattning
704 904 49 22 icke
769 904 63 21 alltid
848 904 116 27 uppburits
980 903 24 22 af
1015 920 7 4 .

183 933 115 26 opinionen
314 933 35 22 för
365 933 76 27 dagen.
459 946 26 3 —
496 934 34 21 De
540 934 117 27 grundliga
668 934 94 22 insikter
773 934 39 21 och
823 934 42 21 den
876 933 125 22 vidsträkta

182 963 133 27 erfarenhet,
331 963 164 27 Ridderskapet
517 964 40 21 och
573 963 72 22 Adeln
669 963 69 22 under
761 963 94 28 tidigare
870 963 132 27 landtdagar

183 993 53 21 stält
260 993 34 21 till
310 993 130 21 ständernas
457 993 134 27 förfogande,
608 993 66 22 hafva
690 993 66 22 äfven
772 993 36 22 vid
825 993 61 22 detta
901 993 99 22 ständer-

182 1024 58 19 möte
264 1022 135 21 underlättat
421 1023 40 20 och
477 1023 124 27 päskyndat
617 1023 91 22 arbetet.
741 1023 163 26 Aktningsfullt
921 1023 78 21 erkän-

182 1058 40 15 ner
238 1052 168 21 Presteständet
422 1052 65 21 detta.

253 1081 124 27 Höglofiiga
392 1081 139 27 Ridderskap
548 1082 39 21 och
598 1081 67 22 Adel!
681 1081 122 22 Afskedets
815 1081 65 22 stund
892 1083 25 20 är
929 1081 72 22 tillika

182 1111 92 26 hoppets
291 1111 39 22 och
346 1111 95 21 minnets
457 1111 72 22 stund.
559 1111 85 22 Minnet
660 1111 24 22 af
697 1111 57 22 hvad
766 1111 49 22 värt
825 1111 52 21 land
877 1107 12 36 i
907 1112 91 27 statligt,

182 1141 138 21 ekonomiskt
343 1141 39 21 och
406 1141 107 22 kulturelt
529 1141 124 22 hänseende
669 1141 69 22 under
754 1141 37 22 det
807 1145 62 17 snart
885 1141 114 27 tillrygga-

182 1170 64 27 lagda
269 1170 72 22 seklet
364 1171 127 26 genomgått
514 1171 88 22 stärker
617 1173 49 19 tron
682 1171 28 26 pä
726 1171 41 21 och
782 1170 121 22 stadfäster
919 1171 80 26 hoppet

182 1206 34 15 om
232 1206 27 15 en
274 1199 111 28 lyckosam
412 1200 103 27 fortgång
531 1201 28 26 på
575 1201 41 21 den
632 1201 66 21 redan
714 1200 101 27 inslagna
831 1200 167 27 utvecklingens

181 1232 51 25 väg.
263 1229 85 22 Samma
370 1229 221 26 fosterlandskärlek,
615 1236 44 16 som
679 1230 37 22 vid
732 1230 50 22 vårt
797 1236 44 21 nya
855 1230 38 23 lifs
909 1236 90 21 morgon

182 1259 118 27 strängade
321 1259 105 23 skaldens
449 1260 49 26 lyra
520 1260 39 22 och
575 1260 7 22 i
598 1260 82 22 nödens
704 1260 40 21 och
767 1260 75 22 farans
858 1260 66 22 stund
940 1260 59 22 eldat

181 1289 35 21 till
239 1289 56 27 ädel,
318 1289 83 27 manlig
426 1290 75 27 bragd,
518 1290 40 21 har
573 1290 41 21 ock
629 1290 70 22 under
714 1290 73 21 mulna
803 1290 57 21 tider
875 1292 74 19 manat
964 1290 35 22 till

180 1318 106 27 tålmodig
308 1318 108 27 förbidan,
440 1319 40 20 och
502 1320 97 20 kommer
622 1322 58 18 ännu
695 1319 37 21 vid
748 1320 84 20 seklets
848 1320 127 20 aftonstund
991 1320 7 20 i

180 1347 91 21 dubbelt
287 1348 54 21 mått
357 1348 76 26 hvarje
448 1347 162 22 fosterländskt
625 1348 73 26 hjärta
713 1350 33 19 att
762 1349 95 25 vibrera,
874 1349 29 25 på
918 1354 80 15 samma

180 1377 59 27 gång
255 1376 37 22 det
308 1376 65 28 fylles
390 1377 24 21 af
428 1377 137 21 tacksamhet
580 1377 34 22 till
630 1377 84 24 honom,
732 1383 44 16 som
787 1380 49 25 styr
847 1377 87 22 folkens
942 1378 54 22 öden

180 1407 39 21 och
235 1413 45 16 som
296 1406 107 23 särskildt
419 1407 66 21 bållit
500 1407 34 22 sin
550 1407 116 27 hägnande
682 1407 133 23 fadershand
831 1409 62 21 öfver
909 1408 50 22 vårt
969 1408 29 27 på

180 1436 188 28 mensklighetens
385 1439 59 20 stora
460 1436 117 23 arbetsfält
593 1437 165 28 undanskymda
774 1437 53 23 folk.

252 1467 75 22 Under
351 1468 113 27 intrycket
489 1467 25 22 af
535 1468 64 22 dessa
623 1468 91 22 känslor
730 1468 81 22 sänder
830 1468 168 23 Presteståndet

180 1497 34 22 sin
240 1496 160 29 aktningsfulla
426 1498 194 27 afskedshelsning
642 1498 40 22 och
698 1498 100 22 anhåller
813 1500 33 20 att
861 1498 136 23 fortfarande

179 1527 23 22 få
224 1534 54 16 vara
292 1528 121 22 inneslutet
428 1528 8 21 i
451 1527 66 26 Eder,
534 1528 148 28 högvälborne
703 1529 52 22 herr
770 1528 72 23 Baron
858 1529 39 21 och
913 1529 82 22 Landt-
