1092 1745
363 177 308 28 Petitionsmemorial.

280 236 78 22 Prest.
375 237 29 20 st.
628 236 44 23 N:o
688 237 39 22 59.

258 407 54 22 Till
336 407 184 29 Högvördiga
543 408 223 21 Presteståndet.

207 462 123 23 Betydelsen
346 462 23 18 af
384 461 24 18 de
424 461 95 19 moderna
531 462 164 23 kulturspräkens
709 462 121 18 allmännare
842 465 42 15 stu-

138 491 53 18 dium
203 492 7 17 i
223 492 45 17 vårt
286 491 47 18 land
349 492 37 17 har
402 491 63 18 under
481 497 69 13 senare
568 491 105 18 årtionden
685 492 71 17 vunnit
770 492 35 17 allt
819 493 64 17 större

137 521 130 21 erkännande,
281 522 56 18 såväl
350 521 31 18 för
395 522 38 17 don
445 522 153 23 vetenskapliga
610 522 141 23 forskningens
765 527 51 18 egen
825 522 57 21 skull,

137 557 43 12 som
192 551 59 18 äfven
264 552 31 17 för
309 551 34 18 det
355 552 103 23 praktiska
471 552 65 23 syftet
548 554 30 16 att
591 552 77 18 utbilda
680 552 64 17 lärare
757 552 35 17 vid
804 552 78 18 landets

136 581 253 24 undervisningsanstalter
401 581 37 18 och
451 583 31 16 att
495 587 71 19 genom
579 587 24 12 en
614 587 55 12 mera
677 581 86 18 utbredd
771 581 112 18 kännedom

136 610 22 18 af
168 610 59 19 dessa
240 611 60 24 spräk
313 611 114 18 underlätta
440 611 133 18 förbindelsen
586 611 46 18 med
644 611 96 18 utlandet.
762 611 120 23 Isynnerhet

136 641 61 18 sedan
215 641 142 18 universitetet
376 642 63 17 erhöll
458 647 24 12 en
500 642 96 17 målsman
615 641 32 18 för
664 641 37 18 den
719 641 113 18 romaniska
845 641 37 18 och

135 671 126 23 germaniska
269 671 96 24 filologin,
373 673 51 16 samt
431 672 119 23 ytterligare
558 677 64 18 yngre
631 671 154 23 vetenkapsmän
794 671 6 18 i
808 677 74 12 samma

136 703 70 16 ämnen
219 701 71 18 vunnit
303 701 128 24 anställning,
443 701 37 18 har
489 701 38 18 den
536 701 114 24 utbildning
659 707 43 12 som
711 707 82 12 numera
801 701 7 17 i
818 701 64 17 denna

135 731 90 24 riktning
237 731 34 18 vid
283 731 142 18 universitetet
437 732 39 18 kan
489 732 85 18 erhällas
587 733 25 22 pä
625 731 201 24 anmärkningsvärdt
840 733 42 16 sätt

136 758 45 26 gätt
193 761 78 18 framät.

206 791 36 18 Ett
259 791 101 24 pätagligt
377 791 173 18 missförhällande
563 791 66 24 ligger
642 791 50 18 dock
706 791 46 20 deri,
767 793 30 16 att
810 791 71 18 medan

136 821 163 23 lektorstjänster
311 822 6 17 i
329 822 61 23 tyska
403 821 36 18 och
453 821 81 18 franska
546 821 85 23 spräken
643 821 62 18 redan
716 821 45 18 1883
770 821 110 18 inrättades

135 850 34 18 vid
181 850 78 19 landets
273 851 114 23 reallyceer,
399 851 170 23 undervisningen
581 851 7 18 i
600 851 72 18 nämda
685 851 60 22 spräk
754 851 34 17 vid
797 851 25 17 de
830 851 51 18 klas-

135 881 54 18 siska
205 881 93 23 lyceerna
315 881 37 18 och
369 881 170 24 normallyceerna
556 883 21 16 är
591 880 118 19 anförtrodd
722 881 20 17 åt
755 880 64 17 lärare
832 882 49 16 utan

136 916 75 12 samma
222 911 140 24 betryggande
376 911 96 24 ställning
485 912 48 17 eller
545 911 92 18 inkomst.
661 911 87 17 Läraren
761 910 6 17 i
780 911 60 22 tyska
853 911 28 16 ät-

135 941 68 23 njuter
218 941 32 18 för
267 941 22 17 12
307 941 154 18 veckotimmars
478 941 144 22 undervisning
640 941 51 22 1,600
704 941 66 16 marks
784 940 38 19 lön,
836 939 45 18 med

134 970 115 25 förhöjning
266 971 23 18 af
304 971 22 18 20
339 970 22 24 %
380 970 51 18 efter
448 971 40 18 fem
506 971 36 18 och
559 971 29 17 tio
602 971 32 17 års
646 970 147 23 tjänstgöring;
807 970 33 17 vid
854 969 26 18 af-

136 1000 48 18 sked
201 1000 44 19 frän
262 1000 89 23 tjänsten
368 1001 85 17 erhälles
470 1001 60 24 ingen
547 1001 89 23 pension.
661 1000 28 17 Pä
702 1005 76 12 samma
791 1001 42 16 sätt
845 1000 37 17 har

133 1030 79 19 läraren
230 1031 7 17 i
255 1031 82 18 franska
355 1030 32 18 för
405 1031 10 17 6
436 1031 153 18 veckotimmars
608 1030 144 23 undervisning
769 1031 35 16 800
820 1030 61 21 mark,

134 1061 67 18 hvilka
218 1061 52 18 efter
288 1061 40 18 fem
345 1061 37 18 och
399 1061 29 18 tio
447 1061 31 17 års
495 1061 63 23 tjänst
571 1060 57 23 höjas
641 1060 81 23 medi20
736 1061 22 23 %
771 1060 23 17 af
804 1059 34 18 det
850 1066 31 11 ur-

135 1092 117 23 sprungliga
269 1091 98 24 beloppet,
386 1091 51 18 dock
454 1093 48 16 utan
520 1093 41 16 rätt
573 1091 32 17 till
617 1090 89 23 pension.
731 1090 37 17 Väl
780 1090 37 17 har
830 1090 51 17 skol-

134 1121 106 23 styrelsen,
258 1121 25 18 dä
299 1120 80 19 tillfälle
396 1120 67 19 dertill
479 1122 79 22 yppats,
571 1120 79 18 försökt
663 1119 69 18 förena
745 1120 59 17 dessa
816 1120 65 23 bägge

133 1151 151 24 läraretjenster
301 1156 73 18 genom
390 1152 31 16 att
437 1150 68 18 därtill
517 1151 95 17 utnämna
624 1155 76 12 samma
712 1155 77 17 person.
816 1149 65 18 Total-

134 1180 113 25 aflöningen
259 1181 36 18 har
309 1181 83 18 sälunda
405 1181 31 17 för
446 1181 21 17 18
477 1180 236 23 undervisningstimmar
722 1180 59 23 stigit
788 1179 32 18 till
828 1180 53 20 2,400

134 1210 57 18 mark
203 1210 45 17 med
261 1211 55 16 förut
329 1209 72 19 nämda
413 1210 142 23 förhöjningar.
575 1209 59 18 Klart
647 1211 22 16 är
682 1209 56 21 dock,
752 1211 30 15 att
791 1210 22 17 sä
822 1209 59 22 länge

135 1239 72 18 nämda
220 1239 86 24 tjänster
319 1239 63 18 hållas
395 1239 112 18 oberoende
520 1239 23 18 af
552 1239 118 20 hvarandra,
683 1238 147 23 tillfälligheter
839 1238 43 17 ofta

134 1269 57 18 skola
203 1269 58 18 träda
273 1268 110 19 hindrande
396 1269 7 17 i
415 1271 67 21 vägen
494 1269 31 17 för
537 1275 25 11 en
574 1268 56 24 dylik
642 1267 126 18 förbindelse.
794 1263 32 22 Än
839 1267 42 24 vig-

133 1299 66 23 tigare
215 1301 27 18 är,
260 1301 31 15 att
307 1298 66 18 bättre
386 1298 119 18 förberedda
518 1299 36 17 och
568 1297 119 23 skickligare
700 1297 112 23 aspiranter
825 1297 55 17 skola

135 1329 76 20 saknas,
230 1330 22 16 så
268 1329 59 23 länge
345 1328 59 18 dessa
421 1328 145 23 lärareplatser,
584 1328 60 17 äfven
657 1333 32 12 om
702 1326 24 18 de
738 1327 86 22 förenas,
837 1326 43 18 icke

133 1359 102 23 berättiga
247 1359 143 18 innehafvaren
403 1358 32 18 till
447 1359 82 22 pension
543 1357 33 19 vid
590 1353 74 28 afgång
673 1357 43 18 från
725 1357 94 23 tjänsten.
839 1356 42 17 Och

135 1387 51 18 dock
198 1387 66 24 ligger
273 1387 104 23 synnerlig
385 1387 43 18 vikt
437 1386 66 23 därpå,
513 1388 30 16 att
552 1387 170 22 undervisningen
732 1387 6 16 i
746 1386 66 23 bägge
821 1385 59 17 dessa

134 1417 129 23 kulturspråk
279 1416 125 19 handhafves
421 1415 22 18 af
458 1421 99 18 personer,
570 1415 68 18 hvilka
650 1415 34 18 vid
697 1414 140 18 universitetet
850 1420 30 11 er-

134 1447 57 18 hållit
205 1447 38 18 den
254 1447 59 18 bästa
325 1446 114 23 utbildning
451 1446 37 17 hos
501 1451 34 12 oss
548 1446 39 17 kan
600 1445 63 18 ernås.
