1092 1781
231 159 56 19 1662
533 154 84 19 Toukok.
629 155 22 18 22
664 159 17 18 p.

200 209 7 21 i
223 209 71 21 större
309 208 153 29 utsträckning
478 209 28 21 än
522 209 50 21 dem
580 214 30 16 nu
625 209 25 20 är
665 208 130 28 medgifvet,
811 208 52 22 idka
886 209 85 27 näring,
996 208 24 21 sä

201 238 41 22 ock
257 238 61 22 bilda
333 237 230 29 religionssamfund*,
595 237 45 22 Det
655 238 25 21 är
695 237 86 22 således
797 238 48 22 icke
862 237 63 29 fråga
941 244 35 16 om
985 239 34 20 att

200 274 76 22 gynna
291 273 28 16 en
335 274 30 22 ny
381 267 127 28 bosättning
524 269 25 20 af
559 267 96 29 judarna
671 267 40 22 hos
727 274 36 15 oss
779 269 53 20 utan
848 268 79 21 endast
943 273 35 17 om
987 269 34 21 att

200 297 50 22 icke
265 297 54 29 göra
335 298 65 21 deras
416 297 47 28 lott,
480 297 75 22 hvilka
571 304 29 15 nu
616 297 88 22 befinna
720 298 34 28 sig
761 297 48 27 här,
821 297 124 29 onödigtvis
957 297 60 23 härd.

200 327 45 22 Det
260 329 25 20 är
300 327 49 22 icke
365 327 70 22 heller
452 327 62 28 fråga
529 334 36 15 om
581 329 34 20 att
630 327 81 22 bereda
725 328 97 27 judarna
837 334 28 16 en
873 327 147 29 ovilkorligen

200 357 96 28 tryggad
312 357 112 28 ställning,
441 360 54 19 utan
511 357 38 22 det
563 357 46 22 står
626 357 83 26 ,under
724 358 143 27 iakttagande
883 358 26 21 af
914 357 107 29 lämpliga

201 387 161 22 föreskrifter".
394 387 43 28 Jag
452 387 80 22 tänker
547 388 45 28 mig
608 387 145 28 möjligheten
779 387 25 22 af
817 389 40 26 att,
873 393 36 16 om
923 388 98 27 judarna

200 417 176 22 tillförsäkrades
391 418 45 21 rätt
451 419 33 20 att
499 417 28 22 bo
543 417 8 22 i
566 417 82 26 landet,
657 417 82 22 sådana
747 417 109 22 förbehåll
864 418 75 21 kunna
947 418 72 28 göras,

200 448 33 21 att
248 447 43 22 den
306 447 116 28 offentliga
438 447 91 22 makten
543 447 44 22 kan
603 447 87 28 ingripa
705 447 28 28 pä
748 449 33 20 ett
796 447 113 22 verksamt
925 448 45 21 sätt
985 447 34 22 till

200 476 50 22 värt
265 477 58 30 folks
338 477 131 28 skyddande
484 479 47 19 mot
546 477 85 26 sädant,
647 483 46 15 som
720 477 78 28 plägar
814 477 79 28 utgöra
909 477 40 22 sed
965 477 55 22 eller

200 507 54 21 osed
269 507 41 22 hos
323 506 102 28 judarna.
457 506 10 22 I
490 507 61 21 detta
574 507 107 22 afseende
696 506 40 22 ber
749 507 41 28 jag
805 508 33 20 att
864 507 22 22 fä
902 507 118 22 framhälla

200 535 69 29 nägra
284 536 139 28 stadganden
438 536 8 21 i
462 538 32 20 ett
510 536 84 29 förslag
609 536 33 21 till
657 536 38 29 lag
703 536 114 28 angäende
824 537 102 27 judarna,
933 537 86 22 hvilket

200 566 144 22 utarbetades
360 565 24 22 är
400 568 63 20 1882.
494 566 48 22 Der
556 566 149 22 förekommer
720 566 67 22 bland
809 569 78 20 annat:
920 566 101 26 ,Varder

198 595 55 28 jude
276 596 126 22 förvunnen
425 602 35 15 om
486 596 87 27 mened,
589 596 74 27 ocker,
674 595 124 29 bedrägeri,
815 596 154 29 förfalskning,
986 598 33 20 ut-

200 625 116 29 prängling
332 626 23 21 af
372 626 68 22 falskt
456 626 54 22 eller
525 626 152 28 underhaltigt
692 627 63 27 mynt
778 627 55 21 eller
855 628 68 20 annat
938 627 82 28 nesligt

200 656 67 26 brott,
282 655 58 22 skall
355 655 45 22 han
416 656 58 21 efter
490 656 112 22 utständet
617 656 66 22 straff
696 657 79 28 genast
790 656 28 29 pä
829 662 57 23 egen
894 656 124 22 bekostnad

201 692 26 15 ur
242 685 76 22 landet
333 685 153 22 bortsändas*.
518 686 82 22 Vidare
616 685 92 23 föreslås
724 686 49 21 der:
794 686 22 27 ,I
832 686 107 22 afseende
954 686 13 22 ä
981 688 38 20 nä-

199 716 61 28 rings
275 715 97 23 idkande
388 715 86 28 ätnjuta
488 716 66 27 judar
569 716 44 22 den
628 717 51 25 rätt,
695 722 48 16 som
759 716 34 21 för
801 716 69 22 andra
878 716 142 29 utländingar

199 745 71 22 finnes
286 745 142 29 medgifven;
445 745 57 22 dock
517 747 32 21 att
563 746 55 28 jude
633 745 50 22 icke
700 747 59 20 utom
784 746 43 22 den
849 746 113 24 kommun,
979 747 40 21 der

199 775 45 22 han
260 776 78 21 vunnit
353 776 45 21 rätt
414 777 33 20 att
472 776 75 24 vistas,
571 775 33 22 fär
627 775 104 28 uppköpa
753 776 267 28 landtmannaprodukter

200 805 55 22 eller
270 805 132 22 annorledes
418 805 74 22 drifva
517 805 102 22 handel".
651 805 82 22 Vidare
748 806 25 21 är
789 806 38 21 det
842 806 39 21 der
898 806 121 28 föreslaget

200 837 32 20 att
246 835 67 28 judar
329 836 20 27 ej
367 835 73 22 skulle
457 835 21 22 fä
494 835 69 22 vistas
583 835 1 22 i
601 836 68 21 andra
685 835 132 22 kommuner
832 837 29 20 än
877 836 82 22 sädana
970 842 47 15 som

200 865 84 22 lemnat
300 865 39 22 sitt
354 865 63 22 bifall
434 865 78 22 dertill.
543 865 44 22 Det
602 865 57 22 läter
688 865 67 22 tänka
779 866 34 27 sig
837 867 33 20 att
885 866 38 21 det
946 865 73 28 gifves

200 894 80 29 många
296 896 45 21 sätt
356 895 28 28 pä
400 895 76 22 hvilka
492 901 51 16 man
559 895 114 22 verksamt
688 895 44 22 kan
748 895 87 28 skydda
851 895 34 29 sig
893 898 46 19 mot
945 895 73 29 judar,

199 925 76 22 hvilka
291 925 87 22 erhållit
393 926 46 21 rätt
454 927 33 20 att
512 925 90 22 vistas
597 921 15 37 i
625 925 82 25 landet,
731 926 71 21 ehuru
829 926 26 21 de
878 926 49 21 icke
950 926 69 22 hafva

199 955 184 28 medborgarrätt.

270 985 34 22 En
319 991 73 16 annan
409 985 170 29 omständighet,
599 991 47 16 som
669 985 152 22 betänkandet
844 987 40 21 har
909 986 108 25 förbisett,

200 1016 24 21 är
240 1015 49 24 den,
306 1021 47 16 som
376 1015 128 22 framhålles
527 1015 28 28 på
579 1018 26 19 15
629 1015 63 22 sid.
686 1011 14 36 i
715 1016 172 21 reservationen.
919 1016 44 22 För
985 1017 33 20 att

197 1045 97 27 judarna
309 1045 64 22 skola
388 1045 75 22 kunna
480 1045 21 22 få
516 1052 28 15 en
559 1045 68 28 något
642 1045 24 22 så
681 1046 40 21 när
737 1046 86 28 dräglig
838 1046 89 22 tillvara
943 1047 25 21 är
978 1046 41 21 det

200 1074 66 22 också
280 1074 78 29 nödigt
374 1076 33 20 att
421 1074 69 29 några
505 1075 175 28 privaträttsliga
703 1076 139 28 stadganden
865 1076 101 22 utfärdas
981 1082 37 15 an-

199 1104 85 28 gående
300 1105 124 27 äktenskap
440 1105 72 22 såsom
529 1105 78 28 giltiga
622 1105 59 21 inför
695 1105 58 21 finsk
768 1106 43 27 lag,
828 1105 115 28 angående
959 1106 59 26 skyl-

200 1134 76 28 dighet
292 1134 35 22 för
342 1134 104 22 sterbhus
462 1136 58 20 efter
535 1135 82 22 aflidna
630 1135 67 27 judar
712 1136 33 20 att
760 1135 45 21 låta
820 1136 104 27 upprätta
935 1136 41 21 och
984 1135 35 21 till

200 1164 96 22 domstol
304 1164 98 22 inlemna
412 1164 330 28 bouppteckningsinstrument,
751 1164 116 28 angående
875 1164 144 28 förmyndare

199 1193 36 23 för
248 1194 67 27 judar
331 1200 18 15 o.
366 1200 16 15 s.
400 1200 20 15 v.
452 1193 44 23 Det
512 1195 25 20 är
552 1194 51 22 med
619 1194 70 22 andra
704 1194 39 21 ord
758 1194 8 22 i
782 1194 72 22 denna
870 1194 71 22 första
948 1201 70 15 reser-

198 1223 76 22 vation
290 1223 72 22 sävidt
375 1224 40 28 jag
431 1223 81 22 förstär
526 1224 49 21 icke
592 1223 62 28 fräga
670 1230 35 15 om
722 1224 121 28 nägonting
857 1225 68 21 annat
941 1225 28 21 än
985 1225 33 21 att

198 1253 66 22 ställa
280 1252 67 23 ocksä
355 1254 101 26 judarna
472 1254 70 21 under
557 1253 98 22 ordnade
667 1253 158 25 förhällanden,
835 1253 22 22 sä
865 1255 34 20 att
907 1254 27 21 de
942 1254 76 22 kunna

199 1283 49 21 föra
263 1289 28 15 en
308 1283 86 27 dräglig
409 1282 94 22 tillvara.
535 1283 50 22 Men
601 1283 38 21 det
655 1284 24 20 är
694 1283 121 27 ingalunda
827 1283 62 28 fråga
900 1283 76 22 derom
985 1285 33 20 att

198 1312 74 22 lemna
287 1312 49 22 värt
352 1312 108 22 samhälle
475 1312 128 27 skyddslöst
618 1314 47 19 mot
685 1312 102 27 judarna.
819 1312 46 22 Mot
888 1314 57 23 dem,
969 1319 48 15 som

198 1341 49 21 icke
263 1341 70 28 draga
348 1340 6 22 i
370 1340 141 22 betänkande
527 1342 33 20 att
575 1341 52 21 öfva
653 1340 93 22 härdhet
762 1343 46 20 mot
829 1342 104 26 judarna,
951 1342 67 21 äfven

199 1370 39 22 der
254 1370 68 22 sådan
338 1370 49 21 icke
403 1371 24 20 är
442 1370 26 22 af
489 1370 78 24 nöden,
585 1370 39 21 ber
637 1370 41 28 jag
693 1372 33 20 att
742 1370 23 21 få
779 1370 104 28 påminna
899 1377 42 18 om,
959 1371 58 21 hvad

198 1400 93 22 skriften
317 1399 127 23 innehåller.
476 1400 91 22 Samma
587 1399 71 25 skrift,
682 1406 47 16 som
760 1400 120 22 förkunnat
903 1401 66 21 straff
983 1401 35 21 för

196 1430 104 27 judarna,
316 1430 65 22 hotar
396 1429 66 23 ocksä
478 1430 57 24 dem,
552 1436 47 15 som
623 1430 50 22 med
696 1430 152 22 öfverdrifven
871 1430 94 23 härdhet
980 1431 37 21 be-

197 1460 83 22 handla
293 1460 103 28 judarna.

269 1490 102 22 Provasti
388 1490 97 22 Hellman:
501 1490 156 22 Valiokunnan
670 1490 108 28 jäsenenä
794 1491 20 21 ei
831 1491 76 22 minun
924 1491 93 22 tarvitse

198 1520 109 22 ilmoittaa
322 1521 48 21 että
384 1520 113 22 kannatan
513 1520 74 22 kaikin
594 1520 75 28 puolin
686 1520 120 23 mietinnön
822 1522 79 28 pontta
927 1522 26 28 ja
966 1523 51 20 teen

198 1556 40 16 sen
254 1550 50 22 siitä
320 1551 78 27 syystä
413 1551 46 21 että
475 1550 67 28 pidän
550 1550 110 22 oikeuden
668 1551 101 27 vapaasti
784 1551 69 21 saada
869 1551 99 27 palvella
980 1552 37 20 Ju-
