1092 1781
224 139 56 19 1796
525 136 82 18 Toukok.
620 137 24 17 25
656 141 17 17 p.

193 190 68 27 tajain
277 190 109 27 edustajat
401 190 116 27 jokaisena
532 196 85 15 vuonna
631 190 23 27 ja
670 189 37 22 kai
722 189 74 22 niiden
813 189 134 22 ensimäinen
964 190 46 21 teh-

194 222 51 19 tävä
271 220 48 21 olisi
341 219 59 27 juuri
423 220 82 26 ryhtyä
528 219 75 22 näihin
626 219 112 22 tärkeihin
762 219 161 28 kysymyksiin,
949 219 64 27 jotka

194 249 248 22 anomusehdotuksessa
465 252 50 18 ovat
536 249 105 21 mainitut.
672 249 60 21 Minä
756 249 88 27 pyydän
868 249 66 22 saada
957 249 54 21 kan-

193 281 75 20 nattaa
283 279 153 22 vastalauseen
453 281 82 24 pontta.

264 309 134 28 Yliopettaja
419 309 98 21 Kihlman:
538 309 51 21 Man
605 309 39 20 bör
660 309 6 21 i
682 309 166 21 reservationen
864 309 55 27 göra
934 309 78 21 ätskil-

193 339 42 21 nad
260 339 79 21 mellan
362 339 63 20 bisak
441 339 39 20 och
500 338 130 22 hufvudsak.
662 338 69 21 Bisak
746 340 26 19 är
788 339 173 27 bestämningen,
978 345 32 14 om

193 370 180 25 representanter
394 368 66 21 äfven
479 368 34 21 för
529 368 124 22 folkskolan
670 368 67 21 borde
753 368 87 27 deltaga
856 368 8 21 i
880 368 42 21 den
938 368 25 21 af
975 374 38 15 oss

193 398 126 27 föreslagna
335 398 102 22 komiten.
464 398 172 22 Hufvudtanken
652 398 7 21 i
675 398 121 27 petitionen
813 398 39 21 och
868 398 72 21 likasä
955 397 7 22 i
978 404 33 16 re-

193 429 140 21 servationen
349 430 25 19 är
390 428 42 22 den
449 430 38 24 att,
504 435 32 14 om
554 428 76 21 skolan
646 427 7 22 i
667 428 51 21 värt
728 427 52 22 land
790 427 58 22 skall
858 428 74 21 kunna
943 428 70 22 verka

193 458 50 22 med
266 457 122 28 framgång,
411 458 24 21 ät
458 458 157 27 skollärarene,
638 457 76 22 hvilka
738 460 66 25 egnat
825 458 39 21 sitt
879 457 29 23 lif
921 458 41 21 och
978 458 34 21 sin

193 489 142 21 verksamhet
350 488 23 21 ät
389 488 77 21 skolan
482 488 40 21 och
538 489 72 20 bättre
626 489 27 20 än
670 488 68 21 andra
754 487 66 22 hafva
835 487 126 22 erfarenhet
978 494 33 15 om

194 518 89 22 skolans
307 517 72 28 behof,
397 518 145 21 tillerkännes
557 520 45 19 rätt
618 519 33 20 att
666 517 76 22 utöfva
757 518 67 27 något
840 517 120 28 inflytande
975 518 39 21 vid

194 548 122 21 ordnandet
339 547 24 22 af
385 548 88 22 skolans
497 548 193 27 angelägenheter.
720 548 69 21 Detta
812 550 25 19 är
852 547 160 26 hufvudsaken,

193 581 34 19 att
249 578 111 27 nämligen
382 577 151 22 skollärarene
548 578 6 21 i
571 577 93 22 främsta
686 580 93 19 rummet
800 578 53 21 böra
869 584 40 21 ega
925 581 33 18 ett
973 578 40 21 ord

193 608 50 22 med
258 608 7 21 i
281 609 66 26 laget,
364 607 27 22 dä
407 608 38 21 det
460 608 71 27 gäller
546 607 111 22 ordnande
673 608 24 21 af
710 608 90 21 skolans
815 607 29 22 lif
850 608 39 21 och
900 608 112 22 verksam-

193 638 44 21 het.
258 637 44 22 Det
318 639 25 19 är
359 637 71 22 denna
446 638 73 26 tanke,
537 643 51 21 som,
604 637 44 21 kan
662 637 38 27 jag
716 639 60 26 säga,
792 637 59 22 varit
864 637 45 22 min
919 637 93 22 hufvud-

193 667 74 28 tanke,
291 667 44 22 min
357 667 100 22 innersta
480 667 129 27 lifsprincip,
634 666 35 22 för
690 667 91 22 hvilken
797 667 39 27 jag
851 667 90 27 kämpat
956 667 58 22 ända

194 697 67 22 sedan
279 699 63 25 1870,
360 697 27 21 dä
402 697 37 27 jag
454 697 48 22 blef
515 697 76 22 rektor
606 697 37 21 vid
659 697 96 21 svenska
770 697 176 27 normallyceum.
972 697 41 22 Att

195 728 24 21 sä
243 728 25 21 är
283 727 70 26 fallet,
370 726 68 27 derpä
454 727 43 21 kan
510 727 39 26 jag
565 727 123 26 framlägga
703 727 62 21 bevis
781 733 77 20 genom
875 727 27 22 de
917 727 96 22 uttalan-

193 757 43 22 den
251 757 8 20 i
275 763 81 15 samma
377 757 106 26 riktning,
504 757 74 21 hvilka
593 757 39 26 jag
647 756 111 21 särskilda
773 757 26 21 är
814 757 58 26 gjort
888 757 7 20 i
911 757 102 26 ärsprog-

193 793 117 16 rammena.
341 786 45 27 Jag
404 787 40 20 ber
459 788 38 24 att,
513 787 72 21 säsom
601 786 119 27 belysande
736 785 151 28 föreliggande
903 786 70 27 fräga,
990 786 24 22 fä

193 817 93 26 uppläsa
302 816 49 21 frän
367 817 185 26 ärsprogrammet
568 815 25 22 af
609 817 63 26 1874,
688 815 58 23 hvad
754 816 39 27 jag
803 816 68 21 redan
882 816 28 21 dä
920 817 8 21 i
939 817 71 21 denna

193 847 41 20 sak
257 846 84 21 tänkte.
375 845 56 27 ,Det
454 845 40 22 har
517 845 84 22 funnits
624 846 40 21 och
686 846 70 21 finnes
779 845 67 22 äfven
864 847 59 20 ännu
938 846 7 21 i
961 847 53 20 vårt

193 876 52 21 land
261 881 27 16 en
304 875 142 27 uppfattning
461 875 24 22 af
499 875 76 22 skolan
592 875 38 21 och
642 875 51 22 dess
704 875 159 28 förhållanden,
876 876 69 27 enligt
956 876 56 21 hvil-

193 905 45 22 ken
258 905 129 26 uppfostran
402 905 40 21 och
458 905 159 26 undervisning
632 905 92 22 alldeles
740 905 49 22 icke
805 907 38 19 äro
858 905 72 26 någon
946 905 66 22 konst

193 935 41 21 och
250 935 37 21 det
302 935 149 26 pedagogiska
466 935 104 21 vetandet
586 936 32 20 ett
634 934 51 28 föga
700 934 122 22 värdefullt
832 935 39 22 och
886 935 74 21 derför
970 935 42 21 lätt

193 964 119 27 umbärligt
328 965 39 20 och
384 965 6 20 i
407 964 39 21 fall
463 963 24 22 af
500 964 68 22 behof
581 965 42 21 lätt
638 964 139 22 förvärfvadt
792 964 100 23 vetande.
922 964 51 21 Men
989 963 26 22 af

193 994 62 21 detta
270 994 207 27 hufvudpåstående
493 994 53 27 följa
561 994 114 27 åtskilliga
688 994 137 27 korollarier,
836 994 120 27 nämligen:
967 993 46 22 För

194 1026 33 19 att
250 1024 91 22 bedöma
364 1024 89 21 skolans
469 1025 192 26 angelägenheter,
678 1023 111 22 erfordras
805 1024 49 21 icke
870 1024 72 27 något,
959 1030 55 16 vare

195 1053 34 28 sig
245 1054 28 26 på
288 1053 108 22 teoretisk
413 1054 55 21 eller
483 1054 102 26 praktisk
601 1055 43 26 väg
659 1053 139 22 förvärfvadt
814 1053 146 28 pedagogiskt
975 1059 38 16 ve-

194 1083 73 28 tande,
281 1083 30 28 ja,
328 1089 49 16 man
393 1084 44 21 kan
452 1086 53 19 utan
521 1084 119 21 detsamma
650 1089 54 16 anse
714 1084 36 27 sig
759 1083 92 28 lämplig
861 1083 40 22 och
911 1083 26 22 af
945 1083 67 22 andra

194 1113 97 22 befinnas
316 1113 96 28 skicklig
436 1116 33 19 att
488 1114 50 21 leda
553 1114 40 21 och
608 1113 130 27 omgestalta
754 1115 32 20 ett
802 1113 46 22 helt
863 1113 63 22 lands
942 1113 71 27 skola,

194 1143 141 22 alldenstund
355 1143 38 21 det
413 1143 149 27 pedagogiska
578 1143 100 27 vetande,
695 1149 45 16 som
756 1143 78 22 dervid
849 1143 103 28 möjligen
969 1143 42 21 kan

194 1172 69 22 blifva
285 1172 111 27 behöfligt,
413 1172 25 21 af
451 1179 28 15 en
495 1173 114 21 menniska
624 1173 48 21 med
689 1173 75 27 vanlig
779 1173 162 27 medborgerlig
957 1173 55 21 bild-

195 1203 60 26 ning,
272 1202 43 21 kan
332 1203 58 20 inom
406 1203 51 20 kort
472 1203 32 20 tid
519 1202 133 22 förvärfvas.
678 1203 43 20 Det
737 1203 69 20 finnes
823 1203 79 21 endast
912 1209 27 14 en
950 1203 63 20 klass

194 1233 25 21 af
232 1232 133 26 menniskor,
382 1238 44 16 som
443 1232 49 22 icke
508 1232 43 22 kan
568 1238 64 16 anses
648 1238 41 21 ega
704 1233 67 26 något
786 1233 98 21 omdöme
899 1232 8 22 i
923 1232 89 22 skolans

193 1262 192 27 angelägenheter.
417 1262 44 21 Det
484 1264 25 19 är
532 1262 42 22 den
597 1262 60 21 klass
681 1261 25 22 af
726 1262 132 26 menniskor,
882 1268 46 16 som
953 1262 59 27 gjort

193 1292 198 26 undervisningens
408 1292 40 20 sak
465 1292 33 21 till
514 1292 34 21 sin
564 1291 181 29 lefnadsuppgift,
762 1291 19 22 d.
792 1298 20 15 v.
824 1298 16 15 s.
851 1292 162 26 pedagogerna.

193 1322 71 20 Deras
286 1321 165 21 underordnade
470 1322 141 20 verksamhet
626 1323 40 25 gör
682 1322 47 20 dem
746 1322 126 26 oförmögna
888 1324 33 18 att
936 1327 24 15 se
977 1326 32 16 sa-

192 1350 71 22 kerna
277 1351 8 20 i
301 1353 61 19 stort.
393 1350 33 21 De
450 1350 65 22 hafva
539 1350 131 26 visserligen
694 1356 27 16 en
736 1350 140 27 benägenhet
891 1352 33 19 att
940 1350 71 21 tilltro

193 1380 34 27 sig
243 1382 32 19 ett
290 1380 97 21 omdöme
403 1380 7 20 i
425 1379 105 22 afseende
545 1380 13 20 å
569 1379 130 27 skolfrågor.
723 1379 51 22 Men
786 1380 60 21 detta
856 1382 26 19 är
893 1380 119 22 förmäten-

192 1410 44 22 het.
267 1410 40 22 Att
329 1410 96 22 deremot
449 1416 111 20 personer,
584 1416 45 15 som
648 1410 50 21 icke
714 1410 84 26 sysslat
812 1410 50 22 med
878 1410 132 27 skolfrågor,

193 1440 70 22 tilltro
286 1440 34 27 sig
339 1440 134 27 skicklighet
489 1443 33 19 att
537 1440 47 22 lösa
600 1440 115 28 desamma,
732 1440 38 22 det
786 1442 26 20 är
827 1440 49 22 icke
892 1440 120 22 förmäten-

193 1470 44 28 het,
253 1473 53 19 utan
323 1476 26 16 en
366 1470 115 28 sjelffallen
498 1470 46 22 sak.

265 1500 154 22 Skollärarena
442 1501 53 21 böra
518 1500 90 27 bringas
628 1500 36 22 till
687 1500 144 22 medvetande
846 1501 73 21 derom
936 1503 33 19 att
985 1501 27 21 de

193 1531 78 21 endast
294 1530 66 22 hafva
384 1534 31 18 att
439 1530 117 22 undervisa
571 1530 7 22 i
594 1530 26 22 de
640 1531 84 27 ämnen,
741 1530 57 22 efter
815 1531 26 21 de
857 1532 97 20 metoder
971 1531 41 21 och
