<?xml version="1.0" encoding="UTF-8"?>
<alto xmlns="http://www.loc.gov/standards/alto/ns-v3#" xmlns:xlink="http://www.w3.org/1999/xlink" xmlns:xsi="http://www.w3.org/2001/XMLSchema-instance" xsi:schemaLocation="http://www.loc.gov/standards/alto/ns-v3# http://www.loc.gov/alto/v3/alto-3-0.xsd">
	<Description>
		<MeasurementUnit>pixel</MeasurementUnit>
		<sourceImageInformation>
			<fileName>/tmp/tess_5iiftho8_input.PNG</fileName>
		</sourceImageInformation>
		<OCRProcessing ID="OCR_0">
			<ocrProcessingStep>
				<processingSoftware>
					<softwareName>tesseract 5.3.4</softwareName>
				</processingSoftware>
			</ocrProcessingStep>
		</OCRProcessing>
	</Description>
	<Layout>
		<Page WIDTH="1098" HEIGHT="1773" PHYSICAL_IMG_NR="0" ID="page_0">
			<PrintSpace HPOS="0" VPOS="0" WIDTH="1098" HEIGHT="1773">
				<ComposedBlock ID="cblock_0" HPOS="830" VPOS="170" WIDTH="10" HEIGHT="17">
					<TextBlock ID="block_0" HPOS="830" VPOS="170" WIDTH="10" HEIGHT="17">
						<TextLine ID="line_0" HPOS="830" VPOS="170" WIDTH="10" HEIGHT="17">
							<String ID="string_0" HPOS="830" VPOS="170" WIDTH="10" HEIGHT="17" WC="0.93" CONTENT="3"/>
						</TextLine>
					</TextBlock>
				</ComposedBlock>
				<ComposedBlock ID="cblock_1" HPOS="111" VPOS="221" WIDTH="753" HEIGHT="134">
					<TextBlock ID="block_1" HPOS="111" VPOS="221" WIDTH="753" HEIGHT="134">
						<TextLine ID="line_1" HPOS="179" VPOS="221" WIDTH="685" HEIGHT="28">
							<String ID="string_1" HPOS="179" VPOS="221" WIDTH="40" HEIGHT="18" WC="0.96" CONTENT="Den"/><SP WIDTH="18" VPOS="221" HPOS="219"/>
							<String ID="string_2" HPOS="237" VPOS="222" WIDTH="110" HEIGHT="23" WC="0.95" CONTENT="behandling"/><SP WIDTH="18" VPOS="222" HPOS="347"/>
							<String ID="string_3" HPOS="365" VPOS="228" WIDTH="38" HEIGHT="13" WC="0.94" CONTENT="som"/><SP WIDTH="17" VPOS="228" HPOS="403"/>
							<String ID="string_4" HPOS="420" VPOS="223" WIDTH="59" HEIGHT="18" WC="0.91" CONTENT="hittils"/><SP WIDTH="12" VPOS="223" HPOS="479"/>
							<String ID="string_5" HPOS="491" VPOS="224" WIDTH="32" HEIGHT="17" WC="0.96" CONTENT="hos"/><SP WIDTH="14" VPOS="224" HPOS="523"/>
							<String ID="string_6" HPOS="537" VPOS="225" WIDTH="101" HEIGHT="22" WC="0.96" CONTENT="ständerna,"/><SP WIDTH="13" VPOS="225" HPOS="638"/>
							<String ID="string_7" HPOS="651" VPOS="225" WIDTH="48" HEIGHT="18" WC="0.96" CONTENT="inom"/><SP WIDTH="12" VPOS="225" HPOS="699"/>
							<String ID="string_8" HPOS="711" VPOS="226" WIDTH="108" HEIGHT="23" WC="0.96" CONTENT="regeringen"/><SP WIDTH="12" VPOS="226" HPOS="819"/>
							<String ID="string_9" HPOS="831" VPOS="227" WIDTH="33" HEIGHT="17" WC="0.96" CONTENT="och"/>
						</TextLine>
						<TextLine ID="line_2" HPOS="112" VPOS="250" WIDTH="752" HEIGHT="25">
							<String ID="string_10" HPOS="112" VPOS="251" WIDTH="20" HEIGHT="16" WC="0.93" CONTENT="af"/><SP WIDTH="13" VPOS="251" HPOS="132"/>
							<String ID="string_11" HPOS="145" VPOS="250" WIDTH="89" HEIGHT="18" WC="0.93" CONTENT="komitéer"/><SP WIDTH="16" VPOS="250" HPOS="234"/>
							<String ID="string_12" HPOS="250" VPOS="253" WIDTH="64" HEIGHT="20" WC="0.89" CONTENT="egnats"/><SP WIDTH="17" VPOS="253" HPOS="314"/>
							<String ID="string_13" HPOS="331" VPOS="251" WIDTH="65" HEIGHT="23" WC="0.96" CONTENT="frågan"/><SP WIDTH="12" VPOS="251" HPOS="396"/>
							<String ID="string_14" HPOS="408" VPOS="257" WIDTH="28" HEIGHT="13" WC="0.93" CONTENT="om"/><SP WIDTH="12" VPOS="257" HPOS="436"/>
							<String ID="string_15" HPOS="448" VPOS="252" WIDTH="120" HEIGHT="23" WC="0.95" CONTENT="möjligheten"/><SP WIDTH="12" VPOS="252" HPOS="568"/>
							<String ID="string_16" HPOS="580" VPOS="253" WIDTH="22" HEIGHT="17" WC="0.97" CONTENT="af"/><SP WIDTH="10" VPOS="253" HPOS="602"/>
							<String ID="string_17" HPOS="612" VPOS="259" WIDTH="22" HEIGHT="12" WC="0.93" CONTENT="en"/><SP WIDTH="13" VPOS="259" HPOS="634"/>
							<String ID="string_18" HPOS="647" VPOS="253" WIDTH="50" HEIGHT="22" WC="0.96" CONTENT="dylik"/><SP WIDTH="12" VPOS="253" HPOS="697"/>
							<String ID="string_19" HPOS="709" VPOS="254" WIDTH="115" HEIGHT="18" WC="0.93" CONTENT="institutions"/><SP WIDTH="13" VPOS="254" HPOS="824"/>
							<String ID="string_20" HPOS="837" VPOS="255" WIDTH="27" HEIGHT="17" WC="0.92" CONTENT="in-"/>
						</TextLine>
						<TextLine ID="line_3" HPOS="112" VPOS="279" WIDTH="752" HEIGHT="26">
							<String ID="string_21" HPOS="112" VPOS="279" WIDTH="76" HEIGHT="18" WC="0.96" CONTENT="förande"/><SP WIDTH="18" VPOS="279" HPOS="188"/>
							<String ID="string_22" HPOS="206" VPOS="279" WIDTH="6" HEIGHT="17" WC="0.95" CONTENT="i"/><SP WIDTH="18" VPOS="279" HPOS="212"/>
							<String ID="string_23" HPOS="230" VPOS="279" WIDTH="82" HEIGHT="22" WC="0.93" CONTENT="Finland,"/><SP WIDTH="19" VPOS="279" HPOS="312"/>
							<String ID="string_24" HPOS="331" VPOS="279" WIDTH="87" HEIGHT="18" WC="0.96" CONTENT="särskildt"/><SP WIDTH="17" VPOS="279" HPOS="418"/>
							<String ID="string_25" HPOS="435" VPOS="281" WIDTH="40" HEIGHT="17" WC="0.96" CONTENT="med"/><SP WIDTH="16" VPOS="281" HPOS="475"/>
							<String ID="string_26" HPOS="491" VPOS="281" WIDTH="69" HEIGHT="22" WC="0.96" CONTENT="hänsyn"/><SP WIDTH="12" VPOS="281" HPOS="560"/>
							<String ID="string_27" HPOS="572" VPOS="281" WIDTH="29" HEIGHT="18" WC="0.93" CONTENT="till"/><SP WIDTH="13" VPOS="281" HPOS="601"/>
							<String ID="string_28" HPOS="614" VPOS="283" WIDTH="121" HEIGHT="20" WC="0.96" CONTENT="nyssnämnda"/><SP WIDTH="12" VPOS="283" HPOS="735"/>
							<String ID="string_29" HPOS="747" VPOS="283" WIDTH="117" HEIGHT="22" WC="0.96" CONTENT="synpunkter,"/>
						</TextLine>
						<TextLine ID="line_4" HPOS="111" VPOS="307" WIDTH="752" HEIGHT="24">
							<String ID="string_30" HPOS="111" VPOS="307" WIDTH="70" HEIGHT="18" WC="0.96" CONTENT="lämnar"/><SP WIDTH="13" VPOS="307" HPOS="181"/>
							<String ID="string_31" HPOS="194" VPOS="312" WIDTH="20" HEIGHT="13" WC="0.93" CONTENT="en"/><SP WIDTH="13" VPOS="312" HPOS="214"/>
							<String ID="string_32" HPOS="227" VPOS="308" WIDTH="90" HEIGHT="18" WC="0.81" CONTENT="värdefall"/><SP WIDTH="12" VPOS="308" HPOS="317"/>
							<String ID="string_33" HPOS="329" VPOS="309" WIDTH="96" HEIGHT="22" WC="0.96" CONTENT="belysning"/><SP WIDTH="12" VPOS="309" HPOS="425"/>
							<String ID="string_34" HPOS="437" VPOS="309" WIDTH="20" HEIGHT="17" WC="0.93" CONTENT="af"/><SP WIDTH="10" VPOS="309" HPOS="457"/>
							<String ID="string_35" HPOS="467" VPOS="311" WIDTH="67" HEIGHT="16" WC="0.96" CONTENT="ämnet."/><SP WIDTH="22" VPOS="311" HPOS="534"/>
							<String ID="string_36" HPOS="556" VPOS="310" WIDTH="24" HEIGHT="17" WC="0.96" CONTENT="Vi"/><SP WIDTH="12" VPOS="310" HPOS="580"/>
							<String ID="string_37" HPOS="592" VPOS="310" WIDTH="50" HEIGHT="17" WC="0.96" CONTENT="skola"/><SP WIDTH="12" VPOS="310" HPOS="642"/>
							<String ID="string_38" HPOS="654" VPOS="310" WIDTH="6" HEIGHT="17" WC="0.93" CONTENT="i"/><SP WIDTH="12" VPOS="310" HPOS="660"/>
							<String ID="string_39" HPOS="672" VPOS="311" WIDTH="73" HEIGHT="17" WC="0.96" CONTENT="korthet"/><SP WIDTH="12" VPOS="311" HPOS="745"/>
							<String ID="string_40" HPOS="757" VPOS="311" WIDTH="63" HEIGHT="18" WC="0.91" CONTENT="beröra"/><SP WIDTH="13" VPOS="311" HPOS="820"/>
							<String ID="string_41" HPOS="833" VPOS="317" WIDTH="30" HEIGHT="12" WC="0.92" CONTENT="en-"/>
						</TextLine>
						<TextLine ID="line_5" HPOS="112" VPOS="335" WIDTH="184" HEIGHT="20">
							<String ID="string_42" HPOS="112" VPOS="336" WIDTH="44" HEIGHT="17" WC="0.92" CONTENT="hvar"/><SP WIDTH="13" VPOS="336" HPOS="156"/>
							<String ID="string_43" HPOS="169" VPOS="336" WIDTH="20" HEIGHT="17" WC="0.93" CONTENT="af"/><SP WIDTH="11" VPOS="336" HPOS="189"/>
							<String ID="string_44" HPOS="200" VPOS="335" WIDTH="96" HEIGHT="20" WC="0.92" CONTENT="desamma."/>
						</TextLine>
					</TextBlock>
				</ComposedBlock>
				<ComposedBlock ID="cblock_2" HPOS="244" VPOS="507" WIDTH="494" HEIGHT="24">
					<TextBlock ID="block_2" HPOS="244" VPOS="507" WIDTH="494" HEIGHT="24">
						<TextLine ID="line_6" HPOS="244" VPOS="507" WIDTH="494" HEIGHT="24">
							<String ID="string_45" HPOS="244" VPOS="508" WIDTH="16" HEIGHT="17" WC="0.95" CONTENT="1."/><SP WIDTH="29" VPOS="508" HPOS="260"/>
							<String ID="string_46" HPOS="289" VPOS="507" WIDTH="50" HEIGHT="18" WC="0.96" CONTENT="Den"/><SP WIDTH="14" VPOS="507" HPOS="339"/>
							<String ID="string_47" HPOS="353" VPOS="507" WIDTH="70" HEIGHT="23" WC="0.96" CONTENT="högre"/><SP WIDTH="14" VPOS="507" HPOS="423"/>
							<String ID="string_48" HPOS="437" VPOS="508" WIDTH="149" HEIGHT="18" WC="0.93" CONTENT="kommunens"/><SP WIDTH="16" VPOS="508" HPOS="586"/>
							<String ID="string_49" HPOS="602" VPOS="508" WIDTH="136" HEIGHT="23" WC="0.92" CONTENT="omfattning."/>
						</TextLine>
					</TextBlock>
				</ComposedBlock>
				<ComposedBlock ID="cblock_3" HPOS="113" VPOS="567" WIDTH="759" HEIGHT="939">
					<TextBlock ID="block_3" HPOS="113" VPOS="567" WIDTH="758" HEIGHT="791">
						<TextLine ID="line_7" HPOS="181" VPOS="567" WIDTH="683" HEIGHT="25">
							<String ID="string_50" HPOS="181" VPOS="567" WIDTH="10" HEIGHT="18" WC="0.96" CONTENT="I"/><SP WIDTH="13" VPOS="567" HPOS="191"/>
							<String ID="string_51" HPOS="204" VPOS="567" WIDTH="75" HEIGHT="18" WC="0.95" CONTENT="främsta"/><SP WIDTH="11" VPOS="567" HPOS="279"/>
							<String ID="string_52" HPOS="290" VPOS="569" WIDTH="78" HEIGHT="16" WC="0.96" CONTENT="rummet"/><SP WIDTH="12" VPOS="569" HPOS="368"/>
							<String ID="string_53" HPOS="380" VPOS="568" WIDTH="33" HEIGHT="17" WC="0.96" CONTENT="har"/><SP WIDTH="11" VPOS="568" HPOS="413"/>
							<String ID="string_54" HPOS="424" VPOS="573" WIDTH="41" HEIGHT="12" WC="0.96" CONTENT="man"/><SP WIDTH="12" VPOS="573" HPOS="465"/>
							<String ID="string_55" HPOS="477" VPOS="568" WIDTH="30" HEIGHT="17" WC="0.96" CONTENT="till"/><SP WIDTH="13" VPOS="568" HPOS="507"/>
							<String ID="string_56" HPOS="520" VPOS="568" WIDTH="40" HEIGHT="18" WC="0.95" CONTENT="stöd"/><SP WIDTH="12" VPOS="568" HPOS="560"/>
							<String ID="string_57" HPOS="572" VPOS="568" WIDTH="28" HEIGHT="18" WC="0.93" CONTENT="för"/><SP WIDTH="12" VPOS="568" HPOS="600"/>
							<String ID="string_58" HPOS="612" VPOS="568" WIDTH="72" HEIGHT="18" WC="0.96" CONTENT="åsikten"/><SP WIDTH="8" VPOS="568" HPOS="684"/>
							<String ID="string_59" HPOS="692" VPOS="570" WIDTH="28" HEIGHT="16" WC="0.97" CONTENT="att"/><SP WIDTH="9" VPOS="570" HPOS="720"/>
							<String ID="string_60" HPOS="729" VPOS="569" WIDTH="34" HEIGHT="18" WC="0.96" CONTENT="den"/><SP WIDTH="9" VPOS="569" HPOS="763"/>
							<String ID="string_61" HPOS="772" VPOS="575" WIDTH="34" HEIGHT="17" WC="0.85" CONTENT="nya"/><SP WIDTH="9" VPOS="575" HPOS="806"/>
							<String ID="string_62" HPOS="815" VPOS="570" WIDTH="49" HEIGHT="17" WC="0.92" CONTENT="kom-"/>
						</TextLine>
						<TextLine ID="line_8" HPOS="114" VPOS="596" WIDTH="751" HEIGHT="23">
							<String ID="string_63" HPOS="114" VPOS="601" WIDTH="65" HEIGHT="13" WC="0.92" CONTENT="munen"/><SP WIDTH="12" VPOS="601" HPOS="179"/>
							<String ID="string_64" HPOS="191" VPOS="596" WIDTH="54" HEIGHT="17" WC="0.93" CONTENT="borde"/><SP WIDTH="13" VPOS="596" HPOS="245"/>
							<String ID="string_65" HPOS="258" VPOS="596" WIDTH="75" HEIGHT="17" WC="0.91" CONTENT="omfatta"/><SP WIDTH="12" VPOS="596" HPOS="333"/>
							<String ID="string_66" HPOS="345" VPOS="597" WIDTH="49" HEIGHT="16" WC="0.93" CONTENT="länet"/><SP WIDTH="12" VPOS="597" HPOS="394"/>
							<String ID="string_67" HPOS="406" VPOS="596" WIDTH="31" HEIGHT="17" WC="0.93" CONTENT="och"/><SP WIDTH="14" VPOS="596" HPOS="437"/>
							<String ID="string_68" HPOS="451" VPOS="596" WIDTH="38" HEIGHT="18" WC="0.92" CONTENT="icke"/><SP WIDTH="12" VPOS="596" HPOS="489"/>
							<String ID="string_69" HPOS="501" VPOS="597" WIDTH="76" HEIGHT="17" WC="0.92" CONTENT="häradet"/><SP WIDTH="11" VPOS="597" HPOS="577"/>
							<String ID="string_70" HPOS="588" VPOS="597" WIDTH="42" HEIGHT="17" WC="0.93" CONTENT="sökt"/><SP WIDTH="12" VPOS="597" HPOS="630"/>
							<String ID="string_71" HPOS="642" VPOS="597" WIDTH="101" HEIGHT="22" WC="0.92" CONTENT="framhälla,"/><SP WIDTH="9" VPOS="597" HPOS="743"/>
							<String ID="string_72" HPOS="752" VPOS="599" WIDTH="28" HEIGHT="16" WC="0.92" CONTENT="att"/><SP WIDTH="8" VPOS="599" HPOS="780"/>
							<String ID="string_73" HPOS="788" VPOS="599" WIDTH="77" HEIGHT="17" WC="0.92" CONTENT="häradet"/>
						</TextLine>
						<TextLine ID="line_9" HPOS="113" VPOS="624" WIDTH="753" HEIGHT="24">
							<String ID="string_74" HPOS="113" VPOS="624" WIDTH="6" HEIGHT="18" WC="0.96" CONTENT="i"/><SP WIDTH="13" VPOS="624" HPOS="119"/>
							<String ID="string_75" HPOS="132" VPOS="625" WIDTH="79" HEIGHT="18" WC="0.93" CONTENT="Finland"/><SP WIDTH="12" VPOS="625" HPOS="211"/>
							<String ID="string_76" HPOS="223" VPOS="625" WIDTH="80" HEIGHT="18" WC="0.93" CONTENT="hvarken"/><SP WIDTH="12" VPOS="625" HPOS="303"/>
							<String ID="string_77" HPOS="315" VPOS="625" WIDTH="70" HEIGHT="17" WC="0.96" CONTENT="fordom"/><SP WIDTH="12" VPOS="625" HPOS="385"/>
							<String ID="string_78" HPOS="397" VPOS="625" WIDTH="70" HEIGHT="22" WC="0.96" CONTENT="utgjort"/><SP WIDTH="12" VPOS="625" HPOS="467"/>
							<String ID="string_79" HPOS="479" VPOS="625" WIDTH="44" HEIGHT="18" WC="0.96" CONTENT="eller"/><SP WIDTH="11" VPOS="625" HPOS="523"/>
							<String ID="string_80" HPOS="534" VPOS="625" WIDTH="29" HEIGHT="18" WC="0.96" CONTENT="för"/><SP WIDTH="12" VPOS="625" HPOS="563"/>
							<String ID="string_81" HPOS="575" VPOS="625" WIDTH="112" HEIGHT="18" WC="0.96" CONTENT="närvarande"/><SP WIDTH="8" VPOS="625" HPOS="687"/>
							<String ID="string_82" HPOS="695" VPOS="627" WIDTH="55" HEIGHT="21" WC="0.92" CONTENT="utgör"/><SP WIDTH="8" VPOS="627" HPOS="750"/>
							<String ID="string_83" HPOS="758" VPOS="628" WIDTH="27" HEIGHT="16" WC="0.92" CONTENT="ett"/><SP WIDTH="8" VPOS="628" HPOS="785"/>
							<String ID="string_84" HPOS="793" VPOS="627" WIDTH="73" HEIGHT="18" WC="0.96" CONTENT="område"/>
						</TextLine>
						<TextLine ID="line_10" HPOS="114" VPOS="651" WIDTH="751" HEIGHT="26">
							<String ID="string_85" HPOS="114" VPOS="654" WIDTH="28" HEIGHT="17" WC="0.91" CONTENT="för"/><SP WIDTH="17" VPOS="654" HPOS="142"/>
							<String ID="string_86" HPOS="159" VPOS="653" WIDTH="198" HEIGHT="23" WC="0.90" CONTENT="förvaltningsärenden"/><SP WIDTH="18" VPOS="653" HPOS="357"/>
							<String ID="string_87" HPOS="375" VPOS="653" WIDTH="43" HEIGHT="18" WC="0.91" CONTENT="eller"/><SP WIDTH="18" VPOS="653" HPOS="418"/>
							<String ID="string_88" HPOS="436" VPOS="651" WIDTH="134" HEIGHT="25" WC="0.77" CONTENT="gemensämma"/><SP WIDTH="17" VPOS="651" HPOS="570"/>
							<String ID="string_89" HPOS="587" VPOS="654" WIDTH="90" HEIGHT="18" WC="0.96" CONTENT="intressen"/><SP WIDTH="18" VPOS="654" HPOS="677"/>
							<String ID="string_90" HPOS="695" VPOS="655" WIDTH="21" HEIGHT="17" WC="0.97" CONTENT="af"/><SP WIDTH="11" VPOS="655" HPOS="716"/>
							<String ID="string_91" HPOS="727" VPOS="655" WIDTH="30" HEIGHT="17" WC="0.97" CONTENT="det"/><SP WIDTH="12" VPOS="655" HPOS="757"/>
							<String ID="string_92" HPOS="769" VPOS="655" WIDTH="46" HEIGHT="22" WC="0.96" CONTENT="slag,"/><SP WIDTH="13" VPOS="655" HPOS="815"/>
							<String ID="string_93" HPOS="828" VPOS="661" WIDTH="37" HEIGHT="12" WC="0.96" CONTENT="som"/>
						</TextLine>
						<TextLine ID="line_11" HPOS="113" VPOS="681" WIDTH="752" HEIGHT="25">
							<String ID="string_94" HPOS="113" VPOS="682" WIDTH="50" HEIGHT="18" WC="0.96" CONTENT="bilda"/><SP WIDTH="12" VPOS="682" HPOS="163"/>
							<String ID="string_95" HPOS="175" VPOS="681" WIDTH="96" HEIGHT="19" WC="0.96" CONTENT="föremålet"/><SP WIDTH="11" VPOS="681" HPOS="271"/>
							<String ID="string_96" HPOS="282" VPOS="682" WIDTH="29" HEIGHT="18" WC="0.93" CONTENT="för"/><SP WIDTH="11" VPOS="682" HPOS="311"/>
							<String ID="string_97" HPOS="322" VPOS="681" WIDTH="11" HEIGHT="19" WC="0.92" CONTENT="å"/><SP WIDTH="12" VPOS="681" HPOS="333"/>
							<String ID="string_98" HPOS="345" VPOS="687" WIDTH="34" HEIGHT="13" WC="0.95" CONTENT="ena"/><SP WIDTH="12" VPOS="687" HPOS="379"/>
							<String ID="string_99" HPOS="391" VPOS="681" WIDTH="52" HEIGHT="19" WC="0.96" CONTENT="sidan"/><SP WIDTH="12" VPOS="681" HPOS="443"/>
							<String ID="string_100" HPOS="455" VPOS="683" WIDTH="121" HEIGHT="21" WC="0.93" CONTENT="kommunens,"/><SP WIDTH="14" VPOS="683" HPOS="576"/>
							<String ID="string_101" HPOS="590" VPOS="683" WIDTH="10" HEIGHT="17" WC="0.91" CONTENT="å"/><SP WIDTH="13" VPOS="683" HPOS="600"/>
							<String ID="string_102" HPOS="613" VPOS="682" WIDTH="33" HEIGHT="18" WC="0.96" CONTENT="den"/><SP WIDTH="13" VPOS="682" HPOS="646"/>
							<String ID="string_103" HPOS="659" VPOS="683" WIDTH="55" HEIGHT="17" WC="0.93" CONTENT="andra"/><SP WIDTH="11" VPOS="683" HPOS="714"/>
							<String ID="string_104" HPOS="725" VPOS="683" WIDTH="140" HEIGHT="23" WC="0.93" CONTENT="länestyrelsens"/>
						</TextLine>
						<TextLine ID="line_12" HPOS="114" VPOS="710" WIDTH="751" HEIGHT="24">
							<String ID="string_105" HPOS="114" VPOS="710" WIDTH="114" HEIGHT="19" WC="0.95" CONTENT="omvårdnad."/><SP WIDTH="24" VPOS="710" HPOS="228"/>
							<String ID="string_106" HPOS="252" VPOS="711" WIDTH="70" HEIGHT="17" WC="0.89" CONTENT="Endast"/><SP WIDTH="19" VPOS="711" HPOS="322"/>
							<String ID="string_107" HPOS="341" VPOS="711" WIDTH="61" HEIGHT="22" WC="0.96" CONTENT="frågor"/><SP WIDTH="17" VPOS="711" HPOS="402"/>
							<String ID="string_108" HPOS="419" VPOS="711" WIDTH="76" HEIGHT="17" WC="0.93" CONTENT="rörande"/><SP WIDTH="18" VPOS="711" HPOS="495"/>
							<String ID="string_109" HPOS="513" VPOS="711" WIDTH="139" HEIGHT="23" WC="0.90" CONTENT="vägabyggnad,"/><SP WIDTH="19" VPOS="711" HPOS="652"/>
							<String ID="string_110" HPOS="671" VPOS="711" WIDTH="144" HEIGHT="23" WC="0.91" CONTENT="skjutshällning"/><SP WIDTH="17" VPOS="711" HPOS="815"/>
							<String ID="string_111" HPOS="832" VPOS="712" WIDTH="33" HEIGHT="18" WC="0.96" CONTENT="och"/>
						</TextLine>
						<TextLine ID="line_13" HPOS="113" VPOS="739" WIDTH="752" HEIGHT="24">
							<String ID="string_112" HPOS="113" VPOS="740" WIDTH="139" HEIGHT="22" WC="0.91" CONTENT="kronouppbörd"/><SP WIDTH="12" VPOS="740" HPOS="252"/>
							<String ID="string_113" HPOS="264" VPOS="740" WIDTH="87" HEIGHT="17" WC="0.91" CONTENT="hänförde"/><SP WIDTH="13" VPOS="740" HPOS="351"/>
							<String ID="string_114" HPOS="364" VPOS="739" WIDTH="29" HEIGHT="23" WC="0.96" CONTENT="sig"/><SP WIDTH="12" VPOS="739" HPOS="393"/>
							<String ID="string_115" HPOS="405" VPOS="739" WIDTH="28" HEIGHT="19" WC="0.96" CONTENT="till"/><SP WIDTH="12" VPOS="739" HPOS="433"/>
							<String ID="string_116" HPOS="445" VPOS="740" WIDTH="80" HEIGHT="21" WC="0.96" CONTENT="häradet,"/><SP WIDTH="12" VPOS="740" HPOS="525"/>
							<String ID="string_117" HPOS="537" VPOS="743" WIDTH="45" HEIGHT="15" WC="0.96" CONTENT="utan"/><SP WIDTH="13" VPOS="743" HPOS="582"/>
							<String ID="string_118" HPOS="595" VPOS="742" WIDTH="28" HEIGHT="16" WC="0.96" CONTENT="att"/><SP WIDTH="12" VPOS="742" HPOS="623"/>
							<String ID="string_119" HPOS="635" VPOS="740" WIDTH="106" HEIGHT="22" WC="0.95" CONTENT="därigenom"/><SP WIDTH="12" VPOS="740" HPOS="741"/>
							<String ID="string_120" HPOS="753" VPOS="740" WIDTH="59" HEIGHT="23" WC="0.93" CONTENT="någon"/><SP WIDTH="13" VPOS="740" HPOS="812"/>
							<String ID="string_121" HPOS="825" VPOS="742" WIDTH="40" HEIGHT="16" WC="0.92" CONTENT="när-"/>
						</TextLine>
						<TextLine ID="line_14" HPOS="114" VPOS="768" WIDTH="754" HEIGHT="23">
							<String ID="string_122" HPOS="114" VPOS="773" WIDTH="49" HEIGHT="13" WC="0.94" CONTENT="mare"/><SP WIDTH="17" VPOS="773" HPOS="163"/>
							<String ID="string_123" HPOS="180" VPOS="768" WIDTH="110" HEIGHT="22" WC="0.96" CONTENT="gemenskap"/><SP WIDTH="18" VPOS="768" HPOS="290"/>
							<String ID="string_124" HPOS="308" VPOS="768" WIDTH="67" HEIGHT="18" WC="0.96" CONTENT="mellan"/><SP WIDTH="17" VPOS="768" HPOS="375"/>
							<String ID="string_125" HPOS="392" VPOS="768" WIDTH="86" HEIGHT="18" WC="0.96" CONTENT="häradets"/><SP WIDTH="17" VPOS="768" HPOS="478"/>
							<String ID="string_126" HPOS="495" VPOS="769" WIDTH="105" HEIGHT="17" WC="0.93" CONTENT="kommuner"/><SP WIDTH="19" VPOS="769" HPOS="600"/>
							<String ID="string_127" HPOS="619" VPOS="769" WIDTH="44" HEIGHT="22" WC="0.92" CONTENT="egde"/><SP WIDTH="17" VPOS="769" HPOS="663"/>
							<String ID="string_128" HPOS="680" VPOS="774" WIDTH="39" HEIGHT="12" WC="0.96" CONTENT="rum"/><SP WIDTH="20" VPOS="774" HPOS="719"/>
							<String ID="string_129" HPOS="739" VPOS="770" WIDTH="42" HEIGHT="17" WC="0.87" CONTENT="eller"/><SP WIDTH="12" VPOS="770" HPOS="781"/>
							<String ID="string_130" HPOS="793" VPOS="774" WIDTH="41" HEIGHT="13" WC="0.96" CONTENT="vore"/><SP WIDTH="13" VPOS="774" HPOS="834"/>
							<String ID="string_131" HPOS="847" VPOS="769" WIDTH="21" HEIGHT="18" WC="0.96" CONTENT="af"/>
						</TextLine>
						<TextLine ID="line_15" HPOS="114" VPOS="796" WIDTH="752" HEIGHT="24">
							<String ID="string_132" HPOS="114" VPOS="798" WIDTH="64" HEIGHT="16" WC="0.95" CONTENT="nöden."/><SP WIDTH="24" VPOS="798" HPOS="178"/>
							<String ID="string_133" HPOS="202" VPOS="797" WIDTH="28" HEIGHT="18" WC="0.90" CONTENT="Em"/><SP WIDTH="18" VPOS="797" HPOS="230"/>
							<String ID="string_134" HPOS="248" VPOS="798" WIDTH="20" HEIGHT="16" WC="0.96" CONTENT="af"/><SP WIDTH="16" VPOS="798" HPOS="268"/>
							<String ID="string_135" HPOS="284" VPOS="797" WIDTH="21" HEIGHT="17" WC="0.96" CONTENT="de"/><SP WIDTH="11" VPOS="797" HPOS="305"/>
							<String ID="string_136" HPOS="316" VPOS="796" WIDTH="100" HEIGHT="24" WC="0.93" CONTENT="viktigaste"/><SP WIDTH="13" VPOS="796" HPOS="416"/>
							<String ID="string_137" HPOS="429" VPOS="797" WIDTH="177" HEIGHT="23" WC="0.92" CONTENT="förutsättningarna"/><SP WIDTH="12" VPOS="797" HPOS="606"/>
							<String ID="string_138" HPOS="618" VPOS="797" WIDTH="29" HEIGHT="18" WC="0.96" CONTENT="för"/><SP WIDTH="13" VPOS="797" HPOS="647"/>
							<String ID="string_139" HPOS="660" VPOS="802" WIDTH="20" HEIGHT="13" WC="0.96" CONTENT="en"/><SP WIDTH="13" VPOS="802" HPOS="680"/>
							<String ID="string_140" HPOS="693" VPOS="798" WIDTH="56" HEIGHT="18" WC="0.96" CONTENT="sådan"/><SP WIDTH="13" VPOS="798" HPOS="749"/>
							<String ID="string_141" HPOS="762" VPOS="797" WIDTH="104" HEIGHT="19" WC="0.96" CONTENT="institution"/>
						</TextLine>
						<TextLine ID="line_16" HPOS="115" VPOS="826" WIDTH="752" HEIGHT="23">
							<String ID="string_142" HPOS="115" VPOS="830" WIDTH="38" HEIGHT="13" WC="0.92" CONTENT="som"/><SP WIDTH="17" VPOS="830" HPOS="153"/>
							<String ID="string_143" HPOS="170" VPOS="826" WIDTH="181" HEIGHT="22" WC="0.91" CONTENT="häradsförvaltning"/><SP WIDTH="17" VPOS="826" HPOS="351"/>
							<String ID="string_144" HPOS="368" VPOS="826" WIDTH="88" HEIGHT="17" WC="0.96" CONTENT="saknades"/><SP WIDTH="18" VPOS="826" HPOS="456"/>
							<String ID="string_145" HPOS="474" VPOS="826" WIDTH="66" HEIGHT="21" WC="0.96" CONTENT="därför,"/><SP WIDTH="13" VPOS="826" HPOS="540"/>
							<String ID="string_146" HPOS="553" VPOS="826" WIDTH="93" HEIGHT="22" WC="0.96" CONTENT="nämligen"/><SP WIDTH="12" VPOS="826" HPOS="646"/>
							<String ID="string_147" HPOS="658" VPOS="827" WIDTH="29" HEIGHT="17" WC="0.96" CONTENT="att"/><SP WIDTH="11" VPOS="827" HPOS="687"/>
							<String ID="string_148" HPOS="698" VPOS="826" WIDTH="61" HEIGHT="18" WC="0.93" CONTENT="kunna"/><SP WIDTH="13" VPOS="826" HPOS="759"/>
							<String ID="string_149" HPOS="772" VPOS="827" WIDTH="95" HEIGHT="22" WC="0.91" CONTENT="öfvertaga"/>
						</TextLine>
						<TextLine ID="line_17" HPOS="115" VPOS="854" WIDTH="752" HEIGHT="23">
							<String ID="string_150" HPOS="115" VPOS="854" WIDTH="109" HEIGHT="21" WC="0.96" CONTENT="funktioner,"/><SP WIDTH="18" VPOS="854" HPOS="224"/>
							<String ID="string_151" HPOS="242" VPOS="854" WIDTH="63" HEIGHT="18" WC="0.96" CONTENT="hvilka"/><SP WIDTH="17" VPOS="854" HPOS="305"/>
							<String ID="string_152" HPOS="322" VPOS="854" WIDTH="49" HEIGHT="18" WC="0.93" CONTENT="förut"/><SP WIDTH="18" VPOS="854" HPOS="371"/>
							<String ID="string_153" HPOS="389" VPOS="854" WIDTH="11" HEIGHT="17" WC="0.92" CONTENT="å"/><SP WIDTH="18" VPOS="854" HPOS="400"/>
							<String ID="string_154" HPOS="418" VPOS="854" WIDTH="158" HEIGHT="22" WC="0.94" CONTENT="statstjänstemän"/><SP WIDTH="12" VPOS="854" HPOS="576"/>
							<String ID="string_155" HPOS="588" VPOS="854" WIDTH="104" HEIGHT="18" WC="0.95" CONTENT="ankommit."/><SP WIDTH="24" VPOS="854" HPOS="692"/>
							<String ID="string_156" HPOS="716" VPOS="855" WIDTH="39" HEIGHT="17" WC="0.95" CONTENT="Den"/><SP WIDTH="12" VPOS="855" HPOS="755"/>
							<String ID="string_157" HPOS="767" VPOS="860" WIDTH="35" HEIGHT="17" WC="0.93" CONTENT="nya"/><SP WIDTH="13" VPOS="860" HPOS="802"/>
							<String ID="string_158" HPOS="815" VPOS="855" WIDTH="52" HEIGHT="18" WC="0.91" CONTENT="insti-"/>
						</TextLine>
						<TextLine ID="line_18" HPOS="115" VPOS="882" WIDTH="753" HEIGHT="25">
							<String ID="string_159" HPOS="115" VPOS="882" WIDTH="82" HEIGHT="19" WC="0.91" CONTENT="tutionen"/><SP WIDTH="18" VPOS="882" HPOS="197"/>
							<String ID="string_160" HPOS="215" VPOS="882" WIDTH="63" HEIGHT="23" WC="0.92" CONTENT="afsåge"/><SP WIDTH="17" VPOS="882" HPOS="278"/>
							<String ID="string_161" HPOS="295" VPOS="882" WIDTH="87" HEIGHT="23" WC="0.92" CONTENT="därjemte"/><SP WIDTH="17" VPOS="882" HPOS="382"/>
							<String ID="string_162" HPOS="399" VPOS="885" WIDTH="28" HEIGHT="15" WC="0.95" CONTENT="att"/><SP WIDTH="18" VPOS="885" HPOS="427"/>
							<String ID="string_163" HPOS="445" VPOS="882" WIDTH="28" HEIGHT="18" WC="0.96" CONTENT="för"/><SP WIDTH="15" VPOS="882" HPOS="473"/>
							<String ID="string_164" HPOS="488" VPOS="883" WIDTH="94" HEIGHT="18" WC="0.96" CONTENT="kulturens"/><SP WIDTH="12" VPOS="883" HPOS="582"/>
							<String ID="string_165" HPOS="594" VPOS="882" WIDTH="79" HEIGHT="25" WC="0.96" CONTENT="höjande"/><SP WIDTH="12" VPOS="882" HPOS="673"/>
							<String ID="string_166" HPOS="685" VPOS="883" WIDTH="7" HEIGHT="17" WC="0.96" CONTENT="i"/><SP WIDTH="12" VPOS="883" HPOS="692"/>
							<String ID="string_167" HPOS="704" VPOS="883" WIDTH="48" HEIGHT="18" WC="0.96" CONTENT="olika"/><SP WIDTH="12" VPOS="883" HPOS="752"/>
							<String ID="string_168" HPOS="764" VPOS="884" WIDTH="104" HEIGHT="22" WC="0.95" CONTENT="riktningar"/>
						</TextLine>
						<TextLine ID="line_19" HPOS="115" VPOS="911" WIDTH="753" HEIGHT="23">
							<String ID="string_169" HPOS="115" VPOS="911" WIDTH="125" HEIGHT="18" WC="0.96" CONTENT="åstadkomma"/><SP WIDTH="12" VPOS="911" HPOS="240"/>
							<String ID="string_170" HPOS="252" VPOS="911" WIDTH="89" HEIGHT="18" WC="0.96" CONTENT="anstalter"/><SP WIDTH="12" VPOS="911" HPOS="341"/>
							<String ID="string_171" HPOS="353" VPOS="911" WIDTH="34" HEIGHT="18" WC="0.96" CONTENT="och"/><SP WIDTH="11" VPOS="911" HPOS="387"/>
							<String ID="string_172" HPOS="398" VPOS="911" WIDTH="76" HEIGHT="22" WC="0.96" CONTENT="vidtaga"/><SP WIDTH="12" VPOS="911" HPOS="474"/>
							<String ID="string_173" HPOS="486" VPOS="911" WIDTH="86" HEIGHT="22" WC="0.93" CONTENT="åtgärder"/><SP WIDTH="12" VPOS="911" HPOS="572"/>
							<String ID="string_174" HPOS="584" VPOS="911" WIDTH="72" HEIGHT="18" WC="0.92" CONTENT="utöfver"/><SP WIDTH="12" VPOS="911" HPOS="656"/>
							<String ID="string_175" HPOS="668" VPOS="911" WIDTH="46" HEIGHT="18" WC="0.96" CONTENT="hvad"/><SP WIDTH="12" VPOS="911" HPOS="714"/>
							<String ID="string_176" HPOS="726" VPOS="911" WIDTH="7" HEIGHT="18" WC="0.96" CONTENT="i"/><SP WIDTH="13" VPOS="911" HPOS="733"/>
							<String ID="string_177" HPOS="746" VPOS="911" WIDTH="65" HEIGHT="18" WC="0.96" CONTENT="sådant"/><SP WIDTH="9" VPOS="911" HPOS="811"/>
							<String ID="string_178" HPOS="820" VPOS="913" WIDTH="48" HEIGHT="21" WC="0.96" CONTENT="syfte"/>
						</TextLine>
						<TextLine ID="line_20" HPOS="116" VPOS="939" WIDTH="753" HEIGHT="23">
							<String ID="string_179" HPOS="116" VPOS="939" WIDTH="89" HEIGHT="23" WC="0.91" CONTENT="tillgjorts"/><SP WIDTH="18" VPOS="939" HPOS="205"/>
							<String ID="string_180" HPOS="223" VPOS="939" WIDTH="21" HEIGHT="18" WC="0.92" CONTENT="af"/><SP WIDTH="15" VPOS="939" HPOS="244"/>
							<String ID="string_181" HPOS="259" VPOS="939" WIDTH="196" HEIGHT="23" WC="0.91" CONTENT="statsmyndigheterna"/><SP WIDTH="19" VPOS="939" HPOS="455"/>
							<String ID="string_182" HPOS="474" VPOS="940" WIDTH="43" HEIGHT="17" WC="0.96" CONTENT="eller"/><SP WIDTH="18" VPOS="940" HPOS="517"/>
							<String ID="string_183" HPOS="535" VPOS="940" WIDTH="22" HEIGHT="17" WC="0.96" CONTENT="de"/><SP WIDTH="19" VPOS="940" HPOS="557"/>
							<String ID="string_184" HPOS="576" VPOS="939" WIDTH="82" HEIGHT="19" WC="0.96" CONTENT="enskilda"/><SP WIDTH="16" VPOS="939" HPOS="658"/>
							<String ID="string_185" HPOS="674" VPOS="940" WIDTH="134" HEIGHT="18" WC="0.96" CONTENT="kommunerna."/><SP WIDTH="25" VPOS="940" HPOS="808"/>
							<String ID="string_186" HPOS="833" VPOS="941" WIDTH="36" HEIGHT="18" WC="0.96" CONTENT="Det"/>
						</TextLine>
						<TextLine ID="line_21" HPOS="114" VPOS="968" WIDTH="755" HEIGHT="23">
							<String ID="string_187" HPOS="114" VPOS="968" WIDTH="61" HEIGHT="18" WC="0.93" CONTENT="kunde"/><SP WIDTH="13" VPOS="968" HPOS="175"/>
							<String ID="string_188" HPOS="188" VPOS="969" WIDTH="78" HEIGHT="22" WC="0.89" CONTENT="antagas"/><SP WIDTH="12" VPOS="969" HPOS="266"/>
							<String ID="string_189" HPOS="278" VPOS="970" WIDTH="28" HEIGHT="15" WC="0.96" CONTENT="att"/><SP WIDTH="13" VPOS="970" HPOS="306"/>
							<String ID="string_190" HPOS="319" VPOS="968" WIDTH="75" HEIGHT="18" WC="0.96" CONTENT="sålunda"/><SP WIDTH="11" VPOS="968" HPOS="394"/>
							<String ID="string_191" HPOS="405" VPOS="973" WIDTH="64" HEIGHT="18" WC="0.92" CONTENT="genom"/><SP WIDTH="13" VPOS="973" HPOS="469"/>
							<String ID="string_192" HPOS="482" VPOS="968" WIDTH="113" HEIGHT="23" WC="0.91" CONTENT="länstingens"/><SP WIDTH="13" VPOS="968" HPOS="595"/>
							<String ID="string_193" HPOS="608" VPOS="969" WIDTH="72" HEIGHT="22" WC="0.96" CONTENT="försorg"/><SP WIDTH="12" VPOS="969" HPOS="680"/>
							<String ID="string_194" HPOS="692" VPOS="969" WIDTH="93" HEIGHT="18" WC="0.96" CONTENT="efterhand"/><SP WIDTH="12" VPOS="969" HPOS="785"/>
							<String ID="string_195" HPOS="797" VPOS="969" WIDTH="72" HEIGHT="18" WC="0.94" CONTENT="komme"/>
						</TextLine>
						<TextLine ID="line_22" HPOS="116" VPOS="997" WIDTH="752" HEIGHT="22">
							<String ID="string_196" HPOS="116" VPOS="999" WIDTH="28" HEIGHT="16" WC="0.96" CONTENT="att"/><SP WIDTH="17" VPOS="999" HPOS="144"/>
							<String ID="string_197" HPOS="161" VPOS="997" WIDTH="79" HEIGHT="18" WC="0.96" CONTENT="inrättas"/><SP WIDTH="18" VPOS="997" HPOS="240"/>
							<String ID="string_198" HPOS="258" VPOS="1002" WIDTH="22" HEIGHT="13" WC="0.96" CONTENT="en"/><SP WIDTH="18" VPOS="1002" HPOS="280"/>
							<String ID="string_199" HPOS="298" VPOS="997" WIDTH="32" HEIGHT="17" WC="0.96" CONTENT="och"/><SP WIDTH="13" VPOS="997" HPOS="330"/>
							<String ID="string_200" HPOS="343" VPOS="1002" WIDTH="59" HEIGHT="13" WC="0.93" CONTENT="annan"/><SP WIDTH="12" VPOS="1002" HPOS="402"/>
							<String ID="string_201" HPOS="414" VPOS="997" WIDTH="184" HEIGHT="22" WC="0.90" CONTENT="fortsättningsskola"/><SP WIDTH="12" VPOS="997" HPOS="598"/>
							<String ID="string_202" HPOS="610" VPOS="997" WIDTH="74" HEIGHT="18" WC="0.91" CONTENT="utöfver"/><SP WIDTH="11" VPOS="997" HPOS="684"/>
							<String ID="string_203" HPOS="695" VPOS="997" WIDTH="113" HEIGHT="18" WC="0.96" CONTENT="folkskolans"/><SP WIDTH="12" VPOS="997" HPOS="808"/>
							<String ID="string_204" HPOS="820" VPOS="998" WIDTH="48" HEIGHT="21" WC="0.96" CONTENT="kurs,"/>
						</TextLine>
						<TextLine ID="line_23" HPOS="115" VPOS="1025" WIDTH="754" HEIGHT="23">
							<String ID="string_205" HPOS="115" VPOS="1025" WIDTH="117" HEIGHT="18" WC="0.89" CONTENT="landtbruks-"/><SP WIDTH="16" VPOS="1025" HPOS="232"/>
							<String ID="string_206" HPOS="248" VPOS="1026" WIDTH="32" HEIGHT="17" WC="0.93" CONTENT="och"/><SP WIDTH="12" VPOS="1026" HPOS="280"/>
							<String ID="string_207" HPOS="292" VPOS="1025" WIDTH="113" HEIGHT="23" WC="0.90" CONTENT="slöjdskolor,"/><SP WIDTH="13" VPOS="1025" HPOS="405"/>
							<String ID="string_208" HPOS="418" VPOS="1025" WIDTH="75" HEIGHT="23" WC="0.96" CONTENT="sjukhus"/><SP WIDTH="13" VPOS="1025" HPOS="493"/>
							<String ID="string_209" HPOS="506" VPOS="1027" WIDTH="32" HEIGHT="16" WC="0.96" CONTENT="och"/><SP WIDTH="13" VPOS="1027" HPOS="538"/>
							<String ID="string_210" HPOS="551" VPOS="1029" WIDTH="55" HEIGHT="15" WC="0.96" CONTENT="annat"/><SP WIDTH="14" VPOS="1029" HPOS="606"/>
							<String ID="string_211" HPOS="620" VPOS="1026" WIDTH="62" HEIGHT="22" WC="0.87" CONTENT="dylikt."/><SP WIDTH="24" VPOS="1026" HPOS="682"/>
							<String ID="string_212" HPOS="706" VPOS="1027" WIDTH="43" HEIGHT="17" WC="0.96" CONTENT="Men"/><SP WIDTH="11" VPOS="1027" HPOS="749"/>
							<String ID="string_213" HPOS="760" VPOS="1031" WIDTH="23" HEIGHT="13" WC="0.93" CONTENT="en"/><SP WIDTH="11" VPOS="1031" HPOS="783"/>
							<String ID="string_214" HPOS="794" VPOS="1026" WIDTH="75" HEIGHT="18" WC="0.92" CONTENT="härads-"/>
						</TextLine>
						<TextLine ID="line_24" HPOS="116" VPOS="1054" WIDTH="752" HEIGHT="23">
							<String ID="string_215" HPOS="116" VPOS="1055" WIDTH="142" HEIGHT="22" WC="0.96" CONTENT="representation"/><SP WIDTH="16" VPOS="1055" HPOS="258"/>
							<String ID="string_216" HPOS="274" VPOS="1055" WIDTH="60" HEIGHT="17" WC="0.96" CONTENT="skulle"/><SP WIDTH="11" VPOS="1055" HPOS="334"/>
							<String ID="string_217" HPOS="345" VPOS="1054" WIDTH="8" HEIGHT="17" WC="0.96" CONTENT="i"/><SP WIDTH="12" VPOS="1054" HPOS="353"/>
							<String ID="string_218" HPOS="365" VPOS="1055" WIDTH="22" HEIGHT="17" WC="0.96" CONTENT="de"/><SP WIDTH="11" VPOS="1055" HPOS="387"/>
							<String ID="string_219" HPOS="398" VPOS="1054" WIDTH="53" HEIGHT="18" WC="0.96" CONTENT="flesta"/><SP WIDTH="13" VPOS="1054" HPOS="451"/>
							<String ID="string_220" HPOS="464" VPOS="1054" WIDTH="33" HEIGHT="17" WC="0.96" CONTENT="fall"/><SP WIDTH="12" VPOS="1054" HPOS="497"/>
							<String ID="string_221" HPOS="509" VPOS="1055" WIDTH="57" HEIGHT="17" WC="0.96" CONTENT="sakna"/><SP WIDTH="12" VPOS="1055" HPOS="566"/>
							<String ID="string_222" HPOS="578" VPOS="1054" WIDTH="58" HEIGHT="18" WC="0.95" CONTENT="medel"/><SP WIDTH="12" VPOS="1054" HPOS="636"/>
							<String ID="string_223" HPOS="648" VPOS="1055" WIDTH="29" HEIGHT="17" WC="0.96" CONTENT="till"/><SP WIDTH="13" VPOS="1055" HPOS="677"/>
							<String ID="string_224" HPOS="690" VPOS="1055" WIDTH="68" HEIGHT="17" WC="0.93" CONTENT="sådana"/><SP WIDTH="12" VPOS="1055" HPOS="758"/>
							<String ID="string_225" HPOS="770" VPOS="1055" WIDTH="98" HEIGHT="17" WC="0.90" CONTENT="inrättnin-"/>
						</TextLine>
						<TextLine ID="line_25" HPOS="116" VPOS="1083" WIDTH="752" HEIGHT="23">
							<String ID="string_226" HPOS="116" VPOS="1088" WIDTH="42" HEIGHT="17" WC="0.93" CONTENT="gars"/><SP WIDTH="18" VPOS="1088" HPOS="158"/>
							<String ID="string_227" HPOS="176" VPOS="1083" WIDTH="164" HEIGHT="22" WC="0.91" CONTENT="åstadkommande,"/><SP WIDTH="19" VPOS="1083" HPOS="340"/>
							<String ID="string_228" HPOS="359" VPOS="1083" WIDTH="22" HEIGHT="18" WC="0.96" CONTENT="då"/><SP WIDTH="18" VPOS="1083" HPOS="381"/>
							<String ID="string_229" HPOS="399" VPOS="1083" WIDTH="76" HEIGHT="18" WC="0.96" CONTENT="häradet"/><SP WIDTH="18" VPOS="1083" HPOS="475"/>
							<String ID="string_230" HPOS="493" VPOS="1083" WIDTH="57" HEIGHT="18" WC="0.96" CONTENT="såsom"/><SP WIDTH="20" VPOS="1083" HPOS="550"/>
							<String ID="string_231" HPOS="570" VPOS="1083" WIDTH="112" HEIGHT="18" WC="0.95" CONTENT="omfattande"/><SP WIDTH="13" VPOS="1083" HPOS="682"/>
							<String ID="string_232" HPOS="695" VPOS="1089" WIDTH="21" HEIGHT="12" WC="0.96" CONTENT="en"/><SP WIDTH="13" VPOS="1089" HPOS="716"/>
							<String ID="string_233" HPOS="729" VPOS="1083" WIDTH="69" HEIGHT="18" WC="0.96" CONTENT="mindre"/><SP WIDTH="12" VPOS="1083" HPOS="798"/>
							<String ID="string_234" HPOS="810" VPOS="1089" WIDTH="58" HEIGHT="17" WC="0.96" CONTENT="grupp"/>
						</TextLine>
						<TextLine ID="line_26" HPOS="116" VPOS="1111" WIDTH="755" HEIGHT="23">
							<String ID="string_235" HPOS="116" VPOS="1112" WIDTH="106" HEIGHT="17" WC="0.96" CONTENT="kommuner"/><SP WIDTH="17" VPOS="1112" HPOS="222"/>
							<String ID="string_236" HPOS="239" VPOS="1117" WIDTH="42" HEIGHT="12" WC="0.96" CONTENT="vore"/><SP WIDTH="17" VPOS="1117" HPOS="281"/>
							<String ID="string_237" HPOS="298" VPOS="1112" WIDTH="30" HEIGHT="17" WC="0.96" CONTENT="för"/><SP WIDTH="18" VPOS="1112" HPOS="328"/>
							<String ID="string_238" HPOS="346" VPOS="1113" WIDTH="53" HEIGHT="21" WC="0.96" CONTENT="svagt"/><SP WIDTH="17" VPOS="1113" HPOS="399"/>
							<String ID="string_239" HPOS="416" VPOS="1113" WIDTH="28" HEIGHT="16" WC="0.96" CONTENT="att"/><SP WIDTH="11" VPOS="1113" HPOS="444"/>
							<String ID="string_240" HPOS="455" VPOS="1111" WIDTH="82" HEIGHT="23" WC="0.96" CONTENT="uppbära"/><SP WIDTH="12" VPOS="1111" HPOS="537"/>
							<String ID="string_241" HPOS="549" VPOS="1112" WIDTH="95" HEIGHT="21" WC="0.95" CONTENT="desamma,"/><SP WIDTH="13" VPOS="1112" HPOS="644"/>
							<String ID="string_242" HPOS="657" VPOS="1111" WIDTH="95" HEIGHT="18" WC="0.96" CONTENT="hvaremot"/><SP WIDTH="11" VPOS="1111" HPOS="752"/>
							<String ID="string_243" HPOS="763" VPOS="1112" WIDTH="50" HEIGHT="17" WC="0.95" CONTENT="länet"/><SP WIDTH="13" VPOS="1112" HPOS="813"/>
							<String ID="string_244" HPOS="826" VPOS="1111" WIDTH="45" HEIGHT="18" WC="0.95" CONTENT="eller"/>
						</TextLine>
						<TextLine ID="line_27" HPOS="117" VPOS="1139" WIDTH="753" HEIGHT="24">
							<String ID="string_245" HPOS="117" VPOS="1139" WIDTH="177" HEIGHT="24" WC="0.90" CONTENT="länstingsområdet,"/><SP WIDTH="19" VPOS="1139" HPOS="294"/>
							<String ID="string_246" HPOS="313" VPOS="1140" WIDTH="61" HEIGHT="17" WC="0.96" CONTENT="därest"/><SP WIDTH="17" VPOS="1140" HPOS="374"/>
							<String ID="string_247" HPOS="391" VPOS="1139" WIDTH="51" HEIGHT="19" WC="0.93" CONTENT="länet"/><SP WIDTH="17" VPOS="1139" HPOS="442"/>
							<String ID="string_248" HPOS="459" VPOS="1140" WIDTH="60" HEIGHT="17" WC="0.92" CONTENT="blefve"/><SP WIDTH="18" VPOS="1140" HPOS="519"/>
							<String ID="string_249" HPOS="537" VPOS="1140" WIDTH="67" HEIGHT="20" WC="0.91" CONTENT="deladt,"/><SP WIDTH="18" VPOS="1140" HPOS="604"/>
							<String ID="string_250" HPOS="622" VPOS="1140" WIDTH="30" HEIGHT="18" WC="0.96" CONTENT="väl"/><SP WIDTH="18" VPOS="1140" HPOS="652"/>
							<String ID="string_251" HPOS="670" VPOS="1140" WIDTH="84" HEIGHT="18" WC="0.93" CONTENT="mäktade"/><SP WIDTH="18" VPOS="1140" HPOS="754"/>
							<String ID="string_252" HPOS="772" VPOS="1140" WIDTH="98" HEIGHT="23" WC="0.93" CONTENT="tillgodose"/>
						</TextLine>
						<TextLine ID="line_28" HPOS="117" VPOS="1168" WIDTH="753" HEIGHT="22">
							<String ID="string_253" HPOS="117" VPOS="1168" WIDTH="62" HEIGHT="22" WC="0.96" CONTENT="dylika"/><SP WIDTH="16" VPOS="1168" HPOS="179"/>
							<String ID="string_254" HPOS="195" VPOS="1169" WIDTH="95" HEIGHT="17" WC="0.92" CONTENT="intressen."/><SP WIDTH="24" VPOS="1169" HPOS="290"/>
							<String ID="string_255" HPOS="314" VPOS="1169" WIDTH="37" HEIGHT="18" WC="0.96" CONTENT="Det"/><SP WIDTH="12" VPOS="1169" HPOS="351"/>
							<String ID="string_256" HPOS="363" VPOS="1173" WIDTH="42" HEIGHT="13" WC="0.95" CONTENT="vore"/><SP WIDTH="12" VPOS="1173" HPOS="405"/>
							<String ID="string_257" HPOS="417" VPOS="1169" WIDTH="72" HEIGHT="17" WC="0.96" CONTENT="därföre"/><SP WIDTH="13" VPOS="1169" HPOS="489"/>
							<String ID="string_258" HPOS="502" VPOS="1169" WIDTH="92" HEIGHT="17" WC="0.95" CONTENT="sannolikt"/><SP WIDTH="12" VPOS="1169" HPOS="594"/>
							<String ID="string_259" HPOS="606" VPOS="1170" WIDTH="30" HEIGHT="16" WC="0.96" CONTENT="att"/><SP WIDTH="12" VPOS="1170" HPOS="636"/>
							<String ID="string_260" HPOS="648" VPOS="1170" WIDTH="27" HEIGHT="16" WC="0.93" CONTENT="ett"/><SP WIDTH="11" VPOS="1170" HPOS="675"/>
							<String ID="string_261" HPOS="686" VPOS="1169" WIDTH="95" HEIGHT="18" WC="0.92" CONTENT="häradsvis"/><SP WIDTH="13" VPOS="1169" HPOS="781"/>
							<String ID="string_262" HPOS="794" VPOS="1169" WIDTH="76" HEIGHT="18" WC="0.92" CONTENT="ordnadt"/>
						</TextLine>
						<TextLine ID="line_29" HPOS="117" VPOS="1197" WIDTH="752" HEIGHT="23">
							<String ID="string_263" HPOS="117" VPOS="1197" WIDTH="183" HEIGHT="23" WC="0.91" CONTENT="själfstyrelseorgan,"/><SP WIDTH="19" VPOS="1197" HPOS="300"/>
							<String ID="string_264" HPOS="319" VPOS="1198" WIDTH="29" HEIGHT="17" WC="0.96" CONTENT="för"/><SP WIDTH="17" VPOS="1198" HPOS="348"/>
							<String ID="string_265" HPOS="365" VPOS="1199" WIDTH="29" HEIGHT="16" WC="0.96" CONTENT="att"/><SP WIDTH="17" VPOS="1199" HPOS="394"/>
							<String ID="string_266" HPOS="411" VPOS="1197" WIDTH="45" HEIGHT="18" WC="0.96" CONTENT="dock"/><SP WIDTH="15" VPOS="1197" HPOS="456"/>
							<String ID="string_267" HPOS="471" VPOS="1197" WIDTH="62" HEIGHT="18" WC="0.96" CONTENT="lämna"/><SP WIDTH="18" VPOS="1197" HPOS="533"/>
							<String ID="string_268" HPOS="551" VPOS="1197" WIDTH="57" HEIGHT="23" WC="0.94" CONTENT="några"/><SP WIDTH="12" VPOS="1197" HPOS="608"/>
							<String ID="string_269" HPOS="620" VPOS="1197" WIDTH="43" HEIGHT="22" WC="0.96" CONTENT="spår"/><SP WIDTH="12" VPOS="1197" HPOS="663"/>
							<String ID="string_270" HPOS="675" VPOS="1197" WIDTH="21" HEIGHT="18" WC="0.96" CONTENT="af"/><SP WIDTH="10" VPOS="1197" HPOS="696"/>
							<String ID="string_271" HPOS="706" VPOS="1197" WIDTH="28" HEIGHT="18" WC="0.92" CONTENT="sin"/><SP WIDTH="13" VPOS="1197" HPOS="734"/>
							<String ID="string_272" HPOS="747" VPOS="1197" WIDTH="122" HEIGHT="21" WC="0.90" CONTENT="värksamhet,"/>
						</TextLine>
						<TextLine ID="line_30" HPOS="118" VPOS="1225" WIDTH="752" HEIGHT="23">
							<String ID="string_273" HPOS="118" VPOS="1227" WIDTH="58" HEIGHT="17" WC="0.96" CONTENT="skulle"/><SP WIDTH="12" VPOS="1227" HPOS="176"/>
							<String ID="string_274" HPOS="188" VPOS="1227" WIDTH="56" HEIGHT="21" WC="0.96" CONTENT="draga"/><SP WIDTH="12" VPOS="1227" HPOS="244"/>
							<String ID="string_275" HPOS="256" VPOS="1225" WIDTH="28" HEIGHT="18" WC="0.96" CONTENT="till"/><SP WIDTH="13" VPOS="1225" HPOS="284"/>
							<String ID="string_276" HPOS="297" VPOS="1225" WIDTH="29" HEIGHT="23" WC="0.96" CONTENT="sig"/><SP WIDTH="13" VPOS="1225" HPOS="326"/>
							<String ID="string_277" HPOS="339" VPOS="1226" WIDTH="22" HEIGHT="17" WC="0.97" CONTENT="de"/><SP WIDTH="12" VPOS="1226" HPOS="361"/>
							<String ID="string_278" HPOS="373" VPOS="1225" WIDTH="92" HEIGHT="23" WC="0.96" CONTENT="uppgifter"/><SP WIDTH="15" VPOS="1225" HPOS="465"/>
							<String ID="string_279" HPOS="480" VPOS="1225" WIDTH="61" HEIGHT="18" WC="0.96" CONTENT="hvilka"/><SP WIDTH="13" VPOS="1225" HPOS="541"/>
							<String ID="string_280" HPOS="554" VPOS="1225" WIDTH="103" HEIGHT="23" WC="0.96" CONTENT="egentligen"/><SP WIDTH="12" VPOS="1225" HPOS="657"/>
							<String ID="string_281" HPOS="669" VPOS="1225" WIDTH="74" HEIGHT="18" WC="0.68" CONTENT="tillhöra"/><SP WIDTH="11" VPOS="1225" HPOS="743"/>
							<String ID="string_282" HPOS="754" VPOS="1226" WIDTH="116" HEIGHT="17" WC="0.95" CONTENT="kommunen."/>
						</TextLine>
						<TextLine ID="line_31" HPOS="117" VPOS="1253" WIDTH="754" HEIGHT="24">
							<String ID="string_283" HPOS="117" VPOS="1255" WIDTH="41" HEIGHT="18" WC="0.96" CONTENT="Men"/><SP WIDTH="18" VPOS="1255" HPOS="158"/>
							<String ID="string_284" HPOS="176" VPOS="1255" WIDTH="68" HEIGHT="22" WC="0.96" CONTENT="följden"/><SP WIDTH="17" VPOS="1255" HPOS="244"/>
							<String ID="string_285" HPOS="261" VPOS="1254" WIDTH="53" HEIGHT="17" WC="0.93" CONTENT="häraf"/><SP WIDTH="16" VPOS="1254" HPOS="314"/>
							<String ID="string_286" HPOS="330" VPOS="1253" WIDTH="63" HEIGHT="19" WC="0.91" CONTENT="blefve"/><SP WIDTH="17" VPOS="1253" HPOS="393"/>
							<String ID="string_287" HPOS="410" VPOS="1256" WIDTH="27" HEIGHT="15" WC="0.91" CONTENT="ett"/><SP WIDTH="17" VPOS="1256" HPOS="437"/>
							<String ID="string_288" HPOS="454" VPOS="1253" WIDTH="121" HEIGHT="23" WC="0.91" CONTENT="försvagande"/><SP WIDTH="18" VPOS="1253" HPOS="575"/>
							<String ID="string_289" HPOS="593" VPOS="1254" WIDTH="32" HEIGHT="17" WC="0.97" CONTENT="och"/><SP WIDTH="17" VPOS="1254" HPOS="625"/>
							<String ID="string_290" HPOS="642" VPOS="1254" WIDTH="154" HEIGHT="22" WC="0.88" CONTENT="undertryckande"/><SP WIDTH="13" VPOS="1254" HPOS="796"/>
							<String ID="string_291" HPOS="809" VPOS="1255" WIDTH="20" HEIGHT="16" WC="0.96" CONTENT="af"/><SP WIDTH="11" VPOS="1255" HPOS="829"/>
							<String ID="string_292" HPOS="840" VPOS="1254" WIDTH="31" HEIGHT="17" WC="0.95" CONTENT="det"/>
						</TextLine>
						<TextLine ID="line_32" HPOS="117" VPOS="1281" WIDTH="753" HEIGHT="23">
							<String ID="string_293" HPOS="117" VPOS="1283" WIDTH="115" HEIGHT="18" WC="0.95" CONTENT="kommunala"/><SP WIDTH="18" VPOS="1283" HPOS="232"/>
							<String ID="string_294" HPOS="250" VPOS="1282" WIDTH="56" HEIGHT="22" WC="0.95" CONTENT="lifvet,"/><SP WIDTH="13" VPOS="1282" HPOS="306"/>
							<String ID="string_295" HPOS="319" VPOS="1288" WIDTH="38" HEIGHT="12" WC="0.96" CONTENT="som"/><SP WIDTH="12" VPOS="1288" HPOS="357"/>
							<String ID="string_296" HPOS="369" VPOS="1282" WIDTH="55" HEIGHT="18" WC="0.93" CONTENT="redan"/><SP WIDTH="13" VPOS="1282" HPOS="424"/>
							<String ID="string_297" HPOS="437" VPOS="1282" WIDTH="68" HEIGHT="22" WC="0.90" CONTENT="begynt"/><SP WIDTH="12" VPOS="1282" HPOS="505"/>
							<String ID="string_298" HPOS="517" VPOS="1282" WIDTH="23" HEIGHT="22" WC="0.93" CONTENT="på"/><SP WIDTH="13" VPOS="1282" HPOS="540"/>
							<String ID="string_299" HPOS="553" VPOS="1281" WIDTH="171" HEIGHT="19" WC="0.91" CONTENT="tillfredsställande"/><SP WIDTH="12" VPOS="1281" HPOS="724"/>
							<String ID="string_300" HPOS="736" VPOS="1283" WIDTH="37" HEIGHT="17" WC="0.96" CONTENT="sätt"/><SP WIDTH="12" VPOS="1283" HPOS="773"/>
							<String ID="string_301" HPOS="785" VPOS="1282" WIDTH="85" HEIGHT="18" WC="0.96" CONTENT="utveckla"/>
						</TextLine>
						<TextLine ID="line_33" HPOS="118" VPOS="1310" WIDTH="751" HEIGHT="24">
							<String ID="string_302" HPOS="118" VPOS="1312" WIDTH="32" HEIGHT="22" WC="0.96" CONTENT="sig."/><SP WIDTH="24" VPOS="1312" HPOS="150"/>
							<String ID="string_303" HPOS="174" VPOS="1312" WIDTH="28" HEIGHT="17" WC="0.87" CONTENT="En"/><SP WIDTH="18" VPOS="1312" HPOS="202"/>
							<String ID="string_304" HPOS="220" VPOS="1311" WIDTH="185" HEIGHT="23" WC="0.87" CONTENT="länerepresentation"/><SP WIDTH="18" VPOS="1311" HPOS="405"/>
							<String ID="string_305" HPOS="423" VPOS="1311" WIDTH="76" HEIGHT="17" WC="0.92" CONTENT="behöfde"/><SP WIDTH="13" VPOS="1311" HPOS="499"/>
							<String ID="string_306" HPOS="512" VPOS="1311" WIDTH="82" HEIGHT="18" WC="0.96" CONTENT="däremot"/><SP WIDTH="11" VPOS="1311" HPOS="594"/>
							<String ID="string_307" HPOS="605" VPOS="1311" WIDTH="40" HEIGHT="17" WC="0.93" CONTENT="icke"/><SP WIDTH="12" VPOS="1311" HPOS="645"/>
							<String ID="string_308" HPOS="657" VPOS="1311" WIDTH="85" HEIGHT="17" WC="0.92" CONTENT="inkräkta"/><SP WIDTH="12" VPOS="1311" HPOS="742"/>
							<String ID="string_309" HPOS="754" VPOS="1310" WIDTH="24" HEIGHT="22" WC="0.93" CONTENT="på"/><SP WIDTH="12" VPOS="1310" HPOS="778"/>
							<String ID="string_310" HPOS="790" VPOS="1311" WIDTH="79" HEIGHT="17" WC="0.89" CONTENT="kommu-"/>
						</TextLine>
						<TextLine ID="line_34" HPOS="118" VPOS="1340" WIDTH="196" HEIGHT="18">
							<String ID="string_311" HPOS="118" VPOS="1346" WIDTH="64" HEIGHT="12" WC="0.91" CONTENT="nernas"/><SP WIDTH="12" VPOS="1346" HPOS="182"/>
							<String ID="string_312" HPOS="194" VPOS="1340" WIDTH="120" HEIGHT="18" WC="0.92" CONTENT="värksamhet."/>
						</TextLine>
					</TextBlock>
					<TextBlock ID="block_4" HPOS="118" VPOS="1368" WIDTH="754" HEIGHT="138">
						<TextLine ID="line_35" HPOS="185" VPOS="1368" WIDTH="686" HEIGHT="22">
							<String ID="string_313" HPOS="185" VPOS="1369" WIDTH="42" HEIGHT="18" WC="0.95" CONTENT="Med"/><SP WIDTH="18" VPOS="1369" HPOS="227"/>
							<String ID="string_314" HPOS="245" VPOS="1368" WIDTH="83" HEIGHT="18" WC="0.93" CONTENT="afseende"/><SP WIDTH="19" VPOS="1368" HPOS="328"/>
							<String ID="string_315" HPOS="347" VPOS="1368" WIDTH="10" HEIGHT="18" WC="0.92" CONTENT="å"/><SP WIDTH="17" VPOS="1368" HPOS="357"/>
							<String ID="string_316" HPOS="374" VPOS="1368" WIDTH="55" HEIGHT="18" WC="0.96" CONTENT="andra"/><SP WIDTH="18" VPOS="1368" HPOS="429"/>
							<String ID="string_317" HPOS="447" VPOS="1368" WIDTH="73" HEIGHT="18" WC="0.96" CONTENT="länders"/><SP WIDTH="19" VPOS="1368" HPOS="520"/>
							<String ID="string_318" HPOS="539" VPOS="1368" WIDTH="123" HEIGHT="22" WC="0.95" CONTENT="organisation"/><SP WIDTH="18" VPOS="1368" HPOS="662"/>
							<String ID="string_319" HPOS="680" VPOS="1368" WIDTH="6" HEIGHT="17" WC="0.96" CONTENT="i"/><SP WIDTH="17" VPOS="1368" HPOS="686"/>
							<String ID="string_320" HPOS="703" VPOS="1368" WIDTH="51" HEIGHT="17" WC="0.96" CONTENT="detta"/><SP WIDTH="16" VPOS="1368" HPOS="754"/>
							<String ID="string_321" HPOS="770" VPOS="1368" WIDTH="101" HEIGHT="17" WC="0.96" CONTENT="hänseende"/>
						</TextLine>
						<TextLine ID="line_36" HPOS="118" VPOS="1396" WIDTH="753" HEIGHT="22">
							<String ID="string_322" HPOS="118" VPOS="1398" WIDTH="33" HEIGHT="18" WC="0.96" CONTENT="har"/><SP WIDTH="12" VPOS="1398" HPOS="151"/>
							<String ID="string_323" HPOS="163" VPOS="1398" WIDTH="61" HEIGHT="18" WC="0.96" CONTENT="vidare"/><SP WIDTH="12" VPOS="1398" HPOS="224"/>
							<String ID="string_324" HPOS="236" VPOS="1397" WIDTH="77" HEIGHT="21" WC="0.96" CONTENT="anförts,"/><SP WIDTH="13" VPOS="1397" HPOS="313"/>
							<String ID="string_325" HPOS="326" VPOS="1400" WIDTH="28" HEIGHT="14" WC="0.93" CONTENT="att"/><SP WIDTH="10" VPOS="1400" HPOS="354"/>
							<String ID="string_326" HPOS="364" VPOS="1396" WIDTH="133" HEIGHT="18" WC="0.91" CONTENT="mellanlänkar"/><SP WIDTH="12" VPOS="1396" HPOS="497"/>
							<String ID="string_327" HPOS="509" VPOS="1397" WIDTH="67" HEIGHT="17" WC="0.91" CONTENT="mellan"/><SP WIDTH="12" VPOS="1397" HPOS="576"/>
							<String ID="string_328" HPOS="588" VPOS="1396" WIDTH="111" HEIGHT="18" WC="0.91" CONTENT="kommunal-"/><SP WIDTH="13" VPOS="1396" HPOS="699"/>
							<String ID="string_329" HPOS="712" VPOS="1397" WIDTH="32" HEIGHT="16" WC="0.93" CONTENT="och"/><SP WIDTH="12" VPOS="1397" HPOS="744"/>
							<String ID="string_330" HPOS="756" VPOS="1396" WIDTH="115" HEIGHT="22" WC="0.91" CONTENT="provinsför-"/>
						</TextLine>
						<TextLine ID="line_37" HPOS="118" VPOS="1424" WIDTH="754" HEIGHT="24">
							<String ID="string_331" HPOS="118" VPOS="1426" WIDTH="83" HEIGHT="22" WC="0.92" CONTENT="valtning"/><SP WIDTH="12" VPOS="1426" HPOS="201"/>
							<String ID="string_332" HPOS="213" VPOS="1426" WIDTH="62" HEIGHT="18" WC="0.93" CONTENT="blifvit"/><SP WIDTH="11" VPOS="1426" HPOS="275"/>
							<String ID="string_333" HPOS="286" VPOS="1425" WIDTH="93" HEIGHT="18" WC="0.96" CONTENT="inrättade"/><SP WIDTH="12" VPOS="1425" HPOS="379"/>
							<String ID="string_334" HPOS="391" VPOS="1425" WIDTH="63" HEIGHT="18" WC="0.96" CONTENT="endast"/><SP WIDTH="12" VPOS="1425" HPOS="454"/>
							<String ID="string_335" HPOS="466" VPOS="1424" WIDTH="37" HEIGHT="22" WC="0.96" CONTENT="där,"/><SP WIDTH="19" VPOS="1424" HPOS="503"/>
							<String ID="string_336" HPOS="522" VPOS="1424" WIDTH="74" HEIGHT="18" WC="0.95" CONTENT="hvarest"/><SP WIDTH="12" VPOS="1424" HPOS="596"/>
							<String ID="string_337" HPOS="608" VPOS="1424" WIDTH="129" HEIGHT="18" WC="0.63" CONTENT="kommunerna"/><SP WIDTH="12" VPOS="1424" HPOS="737"/>
							<String ID="string_338" HPOS="749" VPOS="1426" WIDTH="31" HEIGHT="16" WC="0.96" CONTENT="äro"/><SP WIDTH="13" VPOS="1426" HPOS="780"/>
							<String ID="string_339" HPOS="793" VPOS="1425" WIDTH="28" HEIGHT="17" WC="0.96" CONTENT="för"/><SP WIDTH="12" VPOS="1425" HPOS="821"/>
							<String ID="string_340" HPOS="833" VPOS="1424" WIDTH="39" HEIGHT="18" WC="0.96" CONTENT="små"/>
						</TextLine>
						<TextLine ID="line_38" HPOS="118" VPOS="1452" WIDTH="753" HEIGHT="24">
							<String ID="string_341" HPOS="118" VPOS="1456" WIDTH="28" HEIGHT="16" WC="0.96" CONTENT="att"/><SP WIDTH="17" VPOS="1456" HPOS="146"/>
							<String ID="string_342" HPOS="163" VPOS="1454" WIDTH="83" HEIGHT="22" WC="0.93" CONTENT="uppbära"/><SP WIDTH="17" VPOS="1454" HPOS="246"/>
							<String ID="string_343" HPOS="263" VPOS="1453" WIDTH="187" HEIGHT="23" WC="0.91" CONTENT="själfförvaltningens"/><SP WIDTH="13" VPOS="1453" HPOS="450"/>
							<String ID="string_344" HPOS="463" VPOS="1452" WIDTH="50" HEIGHT="18" WC="0.96" CONTENT="olika"/><SP WIDTH="11" VPOS="1452" HPOS="513"/>
							<String ID="string_345" HPOS="524" VPOS="1452" WIDTH="94" HEIGHT="23" WC="0.96" CONTENT="uppgifter"/><SP WIDTH="13" VPOS="1452" HPOS="618"/>
							<String ID="string_346" HPOS="631" VPOS="1454" WIDTH="47" HEIGHT="15" WC="0.96" CONTENT="samt"/><SP WIDTH="12" VPOS="1454" HPOS="678"/>
							<String ID="string_347" HPOS="690" VPOS="1452" WIDTH="60" HEIGHT="18" WC="0.95" CONTENT="tillika"/><SP WIDTH="12" VPOS="1452" HPOS="750"/>
							<String ID="string_348" HPOS="762" VPOS="1452" WIDTH="53" HEIGHT="18" WC="0.96" CONTENT="länen"/><SP WIDTH="13" VPOS="1452" HPOS="815"/>
							<String ID="string_349" HPOS="828" VPOS="1452" WIDTH="43" HEIGHT="18" WC="0.95" CONTENT="eller"/>
						</TextLine>
						<TextLine ID="line_39" HPOS="118" VPOS="1480" WIDTH="754" HEIGHT="26">
							<String ID="string_350" HPOS="118" VPOS="1482" WIDTH="117" HEIGHT="24" WC="0.95" CONTENT="provinserna"/><SP WIDTH="13" VPOS="1482" HPOS="235"/>
							<String ID="string_351" HPOS="248" VPOS="1482" WIDTH="20" HEIGHT="18" WC="0.96" CONTENT="så"/><SP WIDTH="12" VPOS="1482" HPOS="268"/>
							<String ID="string_352" HPOS="280" VPOS="1484" WIDTH="55" HEIGHT="20" WC="0.95" CONTENT="stora,"/><SP WIDTH="12" VPOS="1484" HPOS="335"/>
							<String ID="string_353" HPOS="347" VPOS="1484" WIDTH="28" HEIGHT="15" WC="0.96" CONTENT="att"/><SP WIDTH="13" VPOS="1484" HPOS="375"/>
							<String ID="string_354" HPOS="388" VPOS="1481" WIDTH="51" HEIGHT="18" WC="0.93" CONTENT="deras"/><SP WIDTH="12" VPOS="1481" HPOS="439"/>
							<String ID="string_355" HPOS="451" VPOS="1481" WIDTH="182" HEIGHT="23" WC="0.90" CONTENT="förvaltningsorgan"/><SP WIDTH="13" VPOS="1481" HPOS="633"/>
							<String ID="string_356" HPOS="646" VPOS="1480" WIDTH="40" HEIGHT="18" WC="0.96" CONTENT="icke"/><SP WIDTH="12" VPOS="1480" HPOS="686"/>
							<String ID="string_357" HPOS="698" VPOS="1481" WIDTH="99" HEIGHT="22" WC="0.96" CONTENT="lämpligen"/><SP WIDTH="13" VPOS="1481" HPOS="797"/>
							<String ID="string_358" HPOS="810" VPOS="1480" WIDTH="62" HEIGHT="18" WC="0.96" CONTENT="kunna"/>
						</TextLine>
					</TextBlock>
				</ComposedBlock>
				<GraphicalElement ID="cblock_4" HPOS="1091" VPOS="0" WIDTH="7" HEIGHT="477"></GraphicalElement >
			</PrintSpace>
		</Page>
	</Layout>
</alto>
