1095 1781
419 141 82 19 Toukok.
515 142 22 17 22
549 147 18 18 p.
726 146 5 4 x
813 145 56 19 1669

82 198 34 19 att
139 194 83 29 afgifva
245 195 40 21 och
309 195 106 21 särskildt
438 195 90 21 emedan
544 196 7 21 i
567 195 72 22 denna
665 194 64 28 fråga
751 195 92 27 misstag
858 196 42 20 lätt

83 226 75 21 kunna
180 226 73 26 begås.
284 225 44 27 Jag
351 226 39 20 ber
414 225 55 21 blott
495 227 32 20 att
549 226 23 20 få
595 228 79 18 nämna
696 226 76 26 några,
789 231 46 15 som
850 226 50 20 icke

82 256 67 20 borde
172 254 23 22 få
218 255 92 21 kvarstå
332 255 135 21 oanmärkta.
498 255 32 21 På
547 261 48 21 pag.
616 257 12 19 5
645 255 70 21 första
731 255 88 27 stycket
835 255 63 21 heter

83 285 47 23 det:
149 284 43 28 ,På
209 286 44 20 sätt
269 284 66 22 äfven
351 284 7 21 i
374 284 213 28 petitionsförslaget
609 284 94 27 anföres,
720 284 40 22 har
776 284 42 22 den
833 290 67 16 nuva-

82 314 74 25 rande,
173 314 34 21 för
231 313 128 28 utgifvande
376 313 24 21 af
413 314 137 22 kommunala
565 314 124 27 odlingslån
705 314 97 27 afsedda,
820 314 80 22 fonden

83 344 103 22 inrättats
203 344 28 26 på
246 344 72 26 grund
334 343 24 21 af
371 344 49 22 nåd.
438 344 65 26 kung.
520 344 41 22 den
580 346 27 19 14
621 344 43 26 Maj
684 345 62 26 1890,
758 344 142 27 hvarigenom

83 374 49 22 från
156 374 74 26 fattig-
255 373 39 21 och
310 373 197 22 arbetshusfonden
523 374 35 21 till
574 374 147 22 statsverkets
736 374 164 26 utläningsfond

83 403 137 23 öfverfördes
244 405 116 25 2,000,000
384 404 62 21 mark
462 404 79 21 hvaraf
555 405 94 26 400,000
667 404 62 21 mark
745 403 155 23 reserverades

83 434 35 22 för
135 433 128 28 utgifvande
274 433 25 21 af
311 434 36 21 län
362 434 24 20 ät
402 433 99 22 enskilde
514 434 116 28 jordegare
646 434 40 20 och
701 434 127 22 återstoden
844 435 55 20 etc."

83 464 78 22 Denna
182 463 87 27 uppgift
285 465 24 20 är
325 463 49 21 icke
390 463 91 22 alldeles
497 464 75 27 riktig.
599 464 67 21 Först
681 464 39 21 och
737 464 79 21 främst
830 463 70 22 finnes

83 494 38 22 det
145 494 41 21 alls
209 494 49 21 icke
281 494 72 28 någon
376 493 68 22 sådan
464 493 50 22 fond
530 493 34 22 för
579 493 129 28 utgifvande
724 493 25 21 af
762 494 138 21 kommunala

82 524 131 27 odlingslän.
251 523 44 22 Det
318 524 70 21 finnes
409 526 32 19 ett
465 524 65 21 konto
553 524 69 22 under
645 524 110 21 allmänna
778 524 122 27 utlänings-

83 554 86 26 fonden,
186 560 49 15 men
259 554 48 22 icke
323 554 71 26 någon
410 554 98 21 särskild
523 554 58 22 fond.
612 554 52 21 Icke
681 554 41 22 den
741 555 26 20 14
782 554 42 26 Maj
844 555 55 20 1890

83 586 52 20 utan
151 584 73 26 redan,
240 586 41 19 när
297 584 147 21 statsverkets
459 584 165 27 utläningsfond
640 584 122 21 inrättades
773 596 29 3 —
813 584 37 20 det
860 590 41 16 var

82 614 70 27 enligt
175 614 147 27 kungörelsen
345 613 25 21 af
390 613 42 22 den
458 616 25 18 11
507 613 46 22 Juli
580 615 53 20 1887
651 626 29 3 —
696 614 138 21 öfverfördes
849 613 51 22 frän

83 644 75 27 fattig-
174 644 40 21 och
230 643 198 22 arbetshusfonden
444 643 49 21 icke
509 645 116 26 2,000,000
641 644 62 21 mark
719 646 52 19 utan
783 645 116 26 2,400,000

83 674 68 21 mark.
178 673 68 22 Först
261 679 77 21 genom
350 673 147 27 kungörelsen
516 673 25 21 af
549 674 42 21 den
604 675 25 19 14
641 673 43 28 Maj
695 672 74 23 blefvo
782 675 117 25 2,000,000

84 703 62 22 mark
168 703 114 21 bestämda
305 706 32 18 att
353 703 111 22 användas
487 703 35 21 för
545 703 123 27 odlingslän
691 703 24 21 ät
739 704 160 21 kommunerna.

83 733 44 22 Det
143 733 62 21 heter
221 733 111 26 nämligen
348 733 7 20 i
371 732 160 27 författningen
552 733 24 21 af
590 733 41 21 den
649 735 25 19 11
691 733 47 21 Juli
757 735 54 19 1887
828 735 33 19 att
876 733 26 21 af

84 763 26 22 de
127 764 116 26 2,400,000
260 763 70 26 mark,
346 769 45 15 som
408 762 92 22 sälunda
516 762 122 23 öfverföras
655 763 49 20 frän
720 762 74 28 fattig-
810 763 40 21 och
866 769 34 14 ar-

83 792 184 23 betshusfondens
293 792 126 27 tillgångar,
437 793 34 21 mä
494 793 65 27 högst
573 794 96 25 400,000
685 793 111 21 användas
813 793 34 20 till
863 793 37 21 län

83 823 24 22 ät
122 823 163 21 handtverkare
307 823 39 20 och
367 822 77 22 idkare
460 822 25 21 af
498 822 41 22 den
555 822 84 22 mindre
655 823 116 26 industrin,
788 823 113 21 hvaremot

85 854 116 26 2,000,000
218 853 59 21 afses
293 854 32 19 att
341 853 82 20 lemnas
440 853 24 20 ät
475 852 185 28 jordlägenheter.
683 852 78 21 Denna
776 853 124 26 förvexling

83 885 26 19 är
131 883 88 26 mycket
243 883 42 20 lätt
308 882 124 27 förklarlig,
456 889 48 14 men
529 885 24 19 är
569 883 55 21 dock
639 883 50 20 icke
705 882 24 21 af
741 883 71 26 någon
828 885 72 18 större

84 913 139 27 betydenhet.

154 942 51 21 Men
221 942 125 21 sedermera
361 941 146 22 förekommer
523 943 40 20 här
579 943 32 20 ett
626 944 67 19 annat
708 941 30 22 fel
750 942 54 21 eller
816 944 84 19 rättare

84 978 27 16 en
126 972 63 26 brist,
207 978 45 15 som
265 972 38 27 jag
319 978 65 15 anser
400 978 53 16 vara
469 971 25 21 af
507 975 72 18 större
594 971 121 28 betydelse,
732 972 41 21 den
790 971 110 27 nämligen

83 1004 32 19 att
132 1002 109 21 utskottet
262 1001 121 22 underlätit
399 1004 32 19 att
447 1001 106 28 redogöra
569 1001 34 22 för
618 1001 103 22 tillvaron
737 1001 25 21 af
775 1003 33 20 ett
823 1001 77 28 anslag

83 1031 25 21 af
128 1031 49 22 icke
200 1031 85 21 mindre
308 1033 28 19 än
356 1033 123 25 2,000,000,
496 1032 86 21 hvilket
597 1031 24 21 af
634 1030 265 23 öfverskottsstatsmedel

84 1061 108 22 användts
218 1061 35 21 till
275 1060 111 27 räntefria
409 1061 38 22 län
470 1061 28 26 pä
515 1063 27 19 20
559 1061 25 21 är
600 1061 22 21 ät
637 1061 156 21 kommunerna
808 1061 35 21 till
858 1061 42 21 bil-

84 1091 70 22 dande
178 1091 24 21 af
223 1090 169 28 odlingsfonder,
416 1091 55 21 dock
488 1091 47 21 med
551 1091 128 27 skyldighet
693 1090 36 22 för
744 1091 156 21 kommunerna

83 1123 32 20 att
131 1127 94 15 ansvara
240 1120 35 21 för
290 1121 77 21 länens
384 1121 167 26 återbetalning.
582 1121 113 22 Utskottet
711 1123 91 19 nämner
817 1121 81 21 visser-

83 1151 59 27 ligen
159 1151 5 20 j
182 1151 142 26 förbigående
348 1157 48 21 pag.
420 1152 12 19 9
450 1151 55 21 sista
527 1151 97 26 stycket:
651 1151 44 26 ,uti
719 1150 105 22 fonderna
847 1150 52 27 ingå

83 1181 56 21 dock
162 1180 64 22 äfven
251 1181 83 26 belopp,
358 1187 45 15 som
427 1180 49 21 icke
499 1181 100 21 erhällits
622 1179 25 22 af
665 1180 169 27 ifrägavarande
849 1179 50 22 frän

83 1211 74 26 fattig-
182 1211 38 21 och
245 1210 196 22 arbetshusfonden
468 1210 126 22 öfverförda
609 1210 76 27 medel,
702 1214 52 17 utan
771 1210 45 21 ofta
831 1211 68 20 redan

83 1241 93 26 tidigare
193 1240 24 21 af
231 1243 72 18 staten
326 1240 34 21 för
376 1240 188 27 odlingsäodamäl
580 1240 100 21 erhållits
696 1239 133 22 räntefritt*.
861 1240 37 21 Sä-

83 1270 61 21 ledes
170 1270 77 27 tyckes
263 1270 109 21 utskottet
387 1269 66 22 hafva
468 1270 48 21 haft
531 1270 70 27 nägon
618 1270 122 21 kännedom
757 1276 31 15 om
806 1269 64 22 dessa
886 1271 12 19 2

83 1300 105 26 miljoner.
219 1299 50 22 Men
293 1300 27 21 dä
343 1300 109 21 utskottet
467 1300 7 20 i
489 1299 149 22 betänkandet
661 1300 82 21 Jemnat
765 1306 27 15 en
809 1299 24 21 sä
849 1299 49 21 full-

83 1329 88 27 ständig
200 1329 141 27 redogörelse
371 1329 35 21 för
437 1329 35 22 det
497 1335 41 15 ena
563 1329 158 26 statsanslaget
745 1329 13 21 å
785 1330 113 26 1,600,000

83 1359 67 24 mark,
176 1359 24 21 sä
224 1359 55 21 hade
295 1359 37 21 det
347 1359 36 22 väl
399 1359 59 21 varit
473 1359 48 21 skäl
539 1362 33 19 att
587 1358 65 22 äfven
668 1359 71 21 lemna
756 1365 26 15 en
799 1358 100 21 fullstäp-

83 1389 75 26 digare
180 1389 140 26 redogörelse
344 1391 27 19 än
394 1389 56 21 blott
473 1395 26 15 en
523 1389 121 27 antydning
660 1395 33 15 om
710 1389 102 21 tillvaron
829 1389 24 20 af
867 1391 33 19 ett

83 1419 66 19 annat
172 1418 77 26 anslag
272 1418 24 20 af
314 1418 49 20 icke
379 1417 85 21 mindre
479 1420 28 18 än
523 1420 12 18 2
552 1418 99 25 miljoner
667 1417 34 21 för
718 1423 80 15 samma
814 1418 83 25 vigtiga

83 1447 107 27 ändamål,
214 1447 58 21 helst
295 1447 60 21 detta
371 1447 77 26 anslag
464 1446 74 22 blifvit
553 1448 7 20 i
575 1446 235 26 finansexpeditionens
827 1447 71 21 berät-

83 1477 70 22 telser
168 1476 37 22 vid
228 1476 133 28 föregäende
376 1476 130 28 landtdagar
522 1476 123 22 omnämndt
661 1476 39 22 och
716 1475 66 23 äfven
797 1476 6 21 i
820 1476 79 21 finans-

83 1507 165 29 expeditionens
271 1514 29 14 nu
323 1506 101 22 utdelade
448 1507 120 21 berättelse
588 1506 35 22 för
641 1508 151 20 1894—1896.
824 1506 76 22 Under

82 1538 106 22 rubriken
213 1537 124 28 ,Atgärder
360 1538 35 20 till
417 1536 93 28 höjande
533 1536 23 22 af
577 1537 109 21 allmänna
702 1536 146 28 välståndet",
865 1543 33 15 om
