1092 1778
223 149 55 18 1636
524 146 82 18 Toukok.
619 147 22 16 22
654 151 17 17 p.

190 199 67 27 tyska
279 199 82 22 folkets
385 200 40 25 tro,
449 199 65 22 seder
532 200 41 21 och
588 199 64 26 bruk,
669 199 85 22 hvilket
771 199 46 22 folk
834 199 99 22 försonat
947 205 61 22 gam-

191 229 44 21 mal
253 229 107 22 orättvisa
376 228 41 23 och
433 229 82 21 skänkt
523 229 96 27 judarna
630 228 142 23 menniskans
783 229 41 22 och
836 229 172 27 medborgarens

190 258 137 28 rättigheter.
358 258 41 22 Att
417 258 73 22 denna
506 259 68 27 pietet
590 258 140 28 fullständigt
745 259 82 21 saknas
842 259 41 21 hos
899 264 28 16 en
937 258 36 22 del
985 259 26 21 af

191 288 42 23 den
256 288 67 28 tyska
347 288 166 22 kommersiella
536 289 40 21 och
592 288 91 22 literära
697 288 158 27 judendomen,
872 288 37 21 det
925 289 25 21 är
965 288 44 22 den

190 318 113 28 egentliga
319 318 102 28 grunden
435 318 34 21 till
485 318 43 22 den
543 318 129 22 nuvarande
683 318 158 27 passionerade
852 318 157 28 förbittringen

179 342 2 33 |
191 348 70 22 under
276 354 67 15 namn
359 348 26 21 af
398 347 176 23 antisemitism".

262 377 68 22 Detta
351 378 24 20 är
391 377 85 22 således
491 378 7 20 i
515 377 113 28 Tyskland
645 377 118 22 resultatet
778 378 66 21 deraf
857 379 33 20 att
907 384 50 15 man
973 378 36 21 be-

190 407 65 28 viljat
273 407 96 27 judarna
385 407 177 28 medborgerliga
577 408 138 27 rättigheter.
748 407 126 22 Resultatet
890 409 24 20 är
930 408 79 20 antise-

190 437 89 26 mitism,
295 437 72 21 denna
383 437 38 21 råa
436 437 157 28 passionerade
609 437 95 22 hatfulla
720 437 91 29 rörelse,
828 437 91 22 hvilken
930 437 78 22 under-

190 467 103 22 stundom
316 467 7 21 i
347 467 60 21 vissa
427 467 78 22 länder
520 468 15 21 t.
552 473 34 16 ex.
603 467 7 22 i
626 467 118 27 Ryssland,
760 467 7 22 i
784 467 119 26 Österrike,
920 473 40 22 ger
975 467 34 28 sig

189 497 44 21 luft
248 497 7 21 i
270 496 90 27 blodiga
377 493 140 42 förföljelser.
550 497 71 21 Hvem
638 497 72 21 skulle
726 497 36 21 väl
778 497 70 21 önska
864 499 33 19 att
908 503 28 16 en
947 497 62 27 dylik

179 555 1 4 |
189 526 84 22 rörelse
288 526 73 22 skulle
378 526 79 34 uppstå
472 527 7 21 i
494 526 49 22 vårt
558 527 71 21 land?

261 555 98 22 Härmed
383 556 40 21 har
443 557 41 27 jag
506 562 81 22 genom
613 556 118 22 historiska
746 556 62 22 fakta
824 556 123 22 illustrerat
963 556 44 26 det,

180 592 59 16 |som
262 586 109 21 utskottet
392 586 27 27 pä
434 593 51 21 pag.
503 589 26 19 10
545 586 41 21 och
604 589 25 18 11
646 586 7 21 i
669 587 89 20 korthet
774 586 88 21 uttalar.
895 573 115 35 Utskottet

190 617 74 26 säger:
298 615 120 26 ,Deremot
433 616 40 21 har
489 616 38 21 det
543 617 63 26 synts
621 616 127 22 Utskottets
761 616 112 27 majoritet
884 616 126 27 betänkligt

189 647 34 20 att
239 645 113 28 medgifva
366 645 67 28 judar
448 645 57 22 finsk
521 645 184 28 medborgarrätt.
736 645 163 22 Erfarenheten
915 645 49 22 frän
982 645 28 22 de

189 675 83 26 länder,
289 675 40 22 der
345 675 110 22 mosaiska
471 675 173 22 trosbekännare
660 675 86 27 ätnjuta
763 681 28 16 en
802 675 50 22 med
863 675 72 28 öfriga
946 676 61 21 inne-

190 705 81 21 vänare
292 704 127 28 jembördig
441 705 112 28 ställning,
570 705 73 34 gifver
658 705 112 27 nämligen
786 705 168 27 otvifvelaktigt
971 705 36 21 vid

190 734 87 22 handen
301 736 32 20 att
355 734 96 27 judarne
474 734 71 29 aldrig
568 734 24 22 sä
615 734 181 22 sammansmälta
813 734 49 22 med
879 734 43 22 den
938 734 72 28 öfriga

179 765 1 6 |
190 764 165 28 befolkningen,
375 765 33 20 att
424 764 28 21 de
467 764 73 22 skulle
556 764 103 22 betrakta
674 764 34 28 sig
724 764 71 22 säsom
813 764 50 21 med
880 764 131 22 densamma

179 772 2 52 |
195 794 132 21 sotidarinka.
359 793 107 21 Tvärtom
490 794 25 20 är
538 800 50 15 man
613 794 80 20 nästan
708 794 64 21 öfver
788 794 46 26 allt,
850 794 40 21 der
906 800 28 15 en
949 794 60 22 talri-

191 823 52 21 kare
257 823 76 27 judisk
348 823 131 27 befolkning
493 823 77 26 finnes,
587 824 7 21 i
609 823 89 21 tillfälle
714 825 33 20 att
763 811 129 34 konstatera
903 824 106 21 hurusom

188 852 103 28 judarne,
314 853 7 21 i
337 853 38 21 det
391 852 27 22 de
433 853 51 21 med
501 852 198 23 kännetecknande
714 853 80 28 seghet
810 853 41 22 och
867 853 141 27 hänsynslös-

193 882 38 21 het
255 882 98 28 fullfölja
375 882 48 22 sina
442 888 58 22 egna
515 883 116 25 intressen,
648 882 35 22 för
698 883 34 27 sig
749 883 161 27 monopolisera
925 883 85 28 vigtiga

189 912 172 28 näringsgrenar
377 914 58 20 samt
450 915 82 25 utsuga
548 913 41 21 och
606 912 114 28 förtrycka
736 912 37 22 det
789 913 53 27 folk,
860 912 6 22 i
877 912 66 22 hvars
955 913 54 21 midt

189 942 28 21 de
240 942 89 22 nedsatt
345 942 40 28 sig.
417 942 48 22 Och
480 942 67 22 äfven
563 948 36 16 om
615 942 26 22 af
654 942 139 22 härvarande
807 943 75 27 judar,
898 943 7 21 i
921 942 87 22 betrak-

179 992 1 9 |
189 972 68 21 tande
279 972 26 21 af
325 972 66 22 deras
413 972 64 28 ringa
495 972 67 26 antal,
580 972 68 28 nägot
663 972 121 28 väsentligt
800 978 50 16 men
867 972 34 22 för
917 972 43 22 den
978 972 31 22 in-

189 1002 93 21 hemska
300 1002 159 28 befolkningen
474 1002 33 21 till
523 1008 28 16 en
567 1002 78 28 början
660 1002 49 21 icke
724 1008 54 16 vore
794 1004 34 20 att
840 1003 84 25 befara,
935 1002 74 22 skulle

189 1032 57 21 dock
269 1033 54 20 utan
345 1032 86 26 tvifvel,
454 1032 7 20 i
484 1032 112 22 anseende
613 1032 33 21 till
662 1032 43 21 den
719 1032 91 27 judiska
825 1032 182 22 nationalitetens

189 1063 60 20 stora
272 1061 166 27 produktivitet,
463 1061 146 22 förhällandet
631 1062 8 21 i
663 1062 119 21 framtiden
799 1062 69 21 blifva
884 1063 32 20 ett
932 1064 75 24 annat,

189 1090 150 28 synnerligast
361 1097 48 15 som
432 1091 38 21 det
493 1091 69 21 mäste
585 1093 94 26 antagas
702 1092 33 20 att
755 1091 102 27 judarne,
874 1097 36 16 om
927 1091 27 21 de
969 1091 41 22 här

189 1120 84 22 erhölle
297 1120 178 28 medborgerliga
490 1121 132 27 rättigheter
638 1121 41 21 och
696 1120 130 29 fullständig
841 1121 165 28 näringafrihet,

189 1150 72 21 skulle
284 1150 103 27 begagna
403 1150 34 28 sig
452 1150 67 21 deraf
532 1150 34 22 för
582 1152 32 20 att
629 1150 139 28 smäningom
783 1150 33 22 slä
831 1151 71 21 under
916 1151 35 27 sig
967 1151 42 21 den

190 1180 85 21 mindre
297 1179 98 22 handeln
417 1180 42 21 och
482 1180 104 21 särskildt
609 1180 167 26 landthandeln,
792 1180 85 22 hvilket
891 1181 26 26 ju
933 1180 75 22 blefve

179 1209 50 22 |allt
244 1210 69 21 annat
328 1210 28 21 än
371 1209 258 28 välsignelsebringande
645 1210 35 21 för
697 1209 159 29 befolkningen
871 1210 28 28 pä
911 1210 97 22 landet".

261 1239 91 22 Säledes
375 1239 48 22 icke
446 1239 57 22 finsk
527 1239 176 28 medborgarrätt
726 1239 22 22 ät
770 1240 139 21 härvarande
932 1240 75 27 judar!

190 1269 42 21 Om
256 1269 121 28 Tyskland,
399 1275 48 16 som
463 1270 7 21 i
486 1269 139 22 ekonomiskt
641 1270 42 21 och
698 1269 108 22 kulturelt
822 1270 127 21 hänseende
964 1269 45 22 stär

190 1298 25 22 sä
240 1299 89 27 mycket
345 1299 69 27 högre
429 1300 29 21 än
473 1299 50 22 värt
537 1299 59 27 land,
612 1299 49 22 icke
678 1299 90 22 förmätt
783 1299 81 22 motstä
879 1306 28 15 en
922 1299 87 28 skadlig

190 1328 113 27 infiytelse
326 1328 25 21 af
373 1329 37 20 det
431 1329 91 26 judiska
545 1329 127 25 elementet,
696 1329 58 21 huru
777 1329 57 21 skall
852 1329 37 21 väl
905 1330 61 21 detta
981 1329 28 22 dä

190 1357 69 22 blifva
283 1357 87 28 möjligt
387 1357 33 21 för
436 1357 49 22 värt
499 1357 73 22 finska
588 1357 63 21 folk?
681 1358 45 21 När
742 1358 75 21 derför
832 1360 176 25 reservanterna,

189 1392 47 16 som
260 1387 161 21 undertecknat
445 1387 165 22 reservationen
627 1393 35 15 n:o
678 1389 20 24 2,
714 1388 55 27 säga
785 1389 33 20 att
833 1387 86 22 landets
935 1394 72 22 repre-

179 1418 123 33 |sentanter
326 1416 54 22 böra
401 1417 25 26 ju
450 1417 45 21 förr
511 1417 50 21 dess
577 1417 69 21 hellre
662 1405 75 33 skrida
752 1417 34 22 till
802 1418 106 27 angifven
923 1417 84 29 ätgärd,

189 1445 24 22 sä
228 1447 67 27 säger
308 1446 41 34 jag
364 1446 6 21 i
388 1448 91 20 motsats
491 1446 83 22 härtill:
591 1446 29 22 Ju
631 1452 79 17 senare
720 1447 51 22 dess
782 1448 84 21 bättre!
891 1448 29 21 Ju
931 1448 77 28 längre

189 1476 22 21 vi
231 1476 75 22 kunna
322 1476 54 28 göra
393 1476 108 22 motständ
518 1478 46 20 mot
580 1476 72 22 denna
668 1478 133 26 pretension,
818 1478 50 21 dess
884 1478 77 28 längre
976 1478 32 22 tid

189 1506 84 22 lemnas
295 1506 37 22 det
347 1506 72 22 finska
435 1506 70 22 folket
521 1508 32 20 att
569 1506 71 22 samla
655 1507 60 22 kraft
730 1508 7 21 i
753 1508 141 22 ekonomiskt
909 1508 41 22 och
961 1508 46 22 kul-

188 1536 68 22 turelt
277 1536 128 22 hänseende
427 1536 35 22 för
485 1538 33 20 att
541 1536 37 22 det
598 1537 56 21 skall
672 1537 74 22 kunna
762 1538 54 28 göra
832 1540 32 19 ett
879 1538 129 28 tillräckligt
