1700 1931
522 217 56 19 1614
851 213 82 19 'Poukok.
947 214 20 17 21
983 218 16 18 p.

490 267 81 27 säädyt
593 266 87 23 tulivat.
711 266 64 28 Syyt,
789 266 71 28 joihin
881 268 67 20 nämä
971 267 128 22 molemmat
1122 269 98 20 suunnat
1242 267 69 22 mieli-

490 296 101 28 piteensä
615 296 130 28 perustivat,
771 302 29 16 on
822 296 151 22 valiokunnan
988 296 143 22 mietinnössä
1146 296 91 22 selvästi
1253 296 56 23 esiin

490 327 64 21 tuotu
570 326 51 22 eikä
635 326 93 21 tarvitse
744 326 75 22 minun
835 326 65 22 niistä
915 332 40 16 sen
970 326 109 28 enempää
1094 326 82 27 puhua.
1207 326 52 23 Kun
1273 326 39 23 sit-

489 357 39 21 ten
550 355 159 28 äänestyksien
731 356 85 26 kautta,
838 356 70 27 joissa
930 356 47 27 pois
999 357 70 27 pantu
1089 355 62 28 lippu
1166 356 99 26 ratkaisi,
1281 356 29 23 oli

491 386 81 27 päästy
588 386 68 21 tähän
672 385 123 27 tulokseen,
809 386 55 27 joka
879 386 76 27 näkyy
966 386 150 29 mietinnössä,
1125 386 115 21 katsottiin
1248 386 62 22 kum-

491 415 84 22 minkin
605 415 128 21 molemmin
764 416 75 27 puolin
870 415 111 28 sopivaksi
1006 416 73 26 jättää
1099 416 128 21 vastalause
1250 416 59 22 teke-

492 446 76 20 mättä.
599 445 121 21 Katsottiin
742 445 113 22 tärkeäksi
871 445 53 22 ettei
940 445 52 21 näin
1007 445 203 22 arkaluontoisessa
1225 446 87 22 asiassa

491 475 94 27 pantaisi
604 475 97 21 toimeen
717 475 128 21 semmoista
856 474 137 28 menettelyä
1003 475 53 21 kuin
1067 475 67 21 viime
1145 475 166 27 valtiopäivillä.

490 504 28 21 Ja
541 504 46 22 kun
610 504 67 22 sitten
701 504 149 22 tarkastettiin
873 504 127 22 molemmin
1017 504 75 28 puolin
1108 504 202 28 asetusehdotusta,

490 534 100 22 niinkuin
613 540 24 15 se
661 534 29 22 oli
707 534 159 22 muodostunut
881 534 178 25 valiokunnassa,
1076 534 132 22 huomattiin
1224 536 46 20 että
1286 541 23 15 se

490 563 116 22 kuitenkin
621 563 81 22 saattoi
716 564 63 26 joten
795 564 69 22 kuten
879 564 120 28 tyydyttää
1014 564 119 28 molempia
1148 564 81 27 puolia.
1250 564 61 22 Minä

490 593 124 22 sentähden
638 593 168 22 kehoittamalla
823 593 142 22 kehoittaisin
981 594 79 27 säätyä
1076 594 170 27 hyväksymään
1262 600 47 16 ase-

490 622 177 23 tusehdotuksen
690 622 118 23 sellaisena
831 624 53 21 kuin
907 630 24 15 se
954 624 41 26 nyt
1012 629 28 15 on
1059 623 150 22 valiokunnan
1225 623 85 23 mietin-

490 652 73 22 nössä.
594 653 54 21 Asia
671 659 29 15 on
715 652 54 22 siksi
785 653 182 22 arkaluontoinen
983 653 54 21 ettei
1052 659 25 15 se
1093 653 109 22 suinkaan
1218 659 93 22 parane,

488 682 36 27 jos
548 688 39 15 sen
609 682 171 22 käsittelemistä
802 683 58 21 vielä
875 682 132 22 etemmäksi
1021 683 123 27 jatketaan.
1175 682 133 28 Muutokset,

488 711 70 28 joissa
573 718 29 15 on
618 712 100 28 poikettu
729 712 148 22 armollisesta
886 713 141 27 esityksestä,
1035 714 53 20 ovat
1099 714 104 21 verraten
1213 713 96 28 vähäpä-

490 741 64 23 töisiä
577 742 90 21 eivätkä
689 742 134 22 luullakseni
846 744 63 20 saata
931 742 115 22 vaikuttaa
1061 743 43 21 sitä
1120 743 54 21 ettei
1188 743 62 21 tämä
1264 742 45 22 laki

490 771 51 22 saisi
564 772 123 21 armollista
709 772 146 22 vahvistusta.
887 772 113 22 Katsoisin
1023 772 74 22 varsin
1119 772 129 22 suotavaksi
1263 773 49 21 että

490 802 64 27 sääty
569 803 42 26 nyt
625 801 131 28 hyväksyisi
771 802 139 22 ehdotuksen
925 802 147 21 semmoisena
1089 802 53 21 kuin
1157 808 25 15 se
1198 808 34 16 on.
1257 802 55 27 (Hy-

490 831 125 28 väksytään
624 827 111 36 huutoja!)

561 861 124 21 Professori
704 861 134 22 Hermanson:
869 861 43 22 För
928 862 45 21 min
989 861 35 22 del
1040 861 72 22 skulle
1127 862 40 27 jag
1182 868 55 15 vara
1247 861 26 22 af
1281 867 28 16 en

489 897 74 16 annan
586 890 58 29 äsigt
664 892 28 20 än
708 891 113 28 professor
835 891 114 22 Forsman.
980 891 11 22 I
1006 891 73 22 denna
1094 891 38 28 lag
1147 891 71 22 finnes
1234 891 75 22 ätskil-

490 920 48 28 ligt,
561 926 48 17 som
623 921 40 28 jag
678 921 49 22 icke
743 921 44 22 kan
803 927 53 16 anse
872 928 54 15 vara
942 921 245 22 öfverensstämmande
1202 922 52 21 med
1270 921 40 22 det

489 951 64 20 rätta.
585 950 44 28 Jag
651 951 26 21 är
700 951 51 21 fullt
774 951 134 28 öfvertygad
931 957 36 15 om
991 951 43 22 den
1057 951 76 25 saken,
1154 953 34 19 att
1203 951 105 22 Finlands

490 980 90 22 ständer
595 980 54 22 böra
665 980 54 28 göra
735 981 47 26 allt,
797 981 60 22 hvad
872 987 48 16 som
936 982 25 20 är
977 981 88 28 möjligt
1080 981 35 21 för
1130 982 34 20 att
1173 981 136 28 tillmötesgä

490 1010 27 21 de
533 1009 142 29 önskningar,
691 1016 48 16 som
755 1011 48 22 frän
819 1011 64 28 ryskt
898 1010 44 22 häll
958 1011 122 28 uppställas
1096 1011 7 21 i
1119 1011 40 21 fall
1170 1011 83 22 sädana
1260 1017 48 16 som

490 1040 72 26 dessa,
585 1040 42 23 och
651 1041 33 20 att
706 1040 105 22 Finlands
828 1041 90 21 ständer
933 1041 38 21 äro
988 1041 102 28 skyldige
1106 1042 33 19 att
1154 1041 66 21 ställa
1236 1041 24 21 sä
1274 1041 35 22 till

490 1071 33 20 att
546 1069 242 26 försvarsanstalterna,
811 1070 72 23 sävidt
901 1070 28 21 de
944 1070 71 22 finnas
1030 1071 60 21 inom
1105 1070 102 27 Finland,
1223 1070 89 28 ätnjuta

490 1099 40 22 allt
556 1099 38 22 det
617 1100 78 27 skydd,
714 1106 48 15 som
778 1101 25 20 är
818 1100 87 28 möjligt
921 1101 32 20 att
968 1101 63 27 gifva
1046 1101 58 21 dem.
1136 1100 50 22 Men
1202 1107 36 15 om
1242 1095 14 38 i
1277 1102 32 20 ett

490 1129 79 22 sädant
592 1129 84 28 förslag
697 1136 47 15 som
761 1130 61 21 detta
837 1130 72 22 finnes
925 1130 86 25 sädant,
1027 1136 48 15 som
1091 1129 81 22 strider
1186 1131 47 20 mot
1248 1130 59 21 hvad

490 1159 35 22 för
540 1165 36 16 oss
593 1159 103 22 framstär
711 1159 73 22 säsom
799 1161 51 24 rätt,
866 1159 25 23 sä
905 1159 70 22 hafva
985 1159 120 22 ständerna
1115 1160 71 27 enligt
1196 1160 45 21 min
1252 1159 57 29 äsigt

489 1189 49 22 icke
561 1190 45 21 rätt
628 1191 33 20 att
681 1189 76 22 bifalla
773 1190 80 21 dertill.
884 1189 43 28 Jag
943 1189 104 22 förvånar
1063 1190 44 27 mig
1123 1189 42 22 alls
1180 1189 50 22 icke
1245 1189 64 22 öfver

489 1220 33 20 att
538 1225 52 16 man
605 1219 49 22 icke
670 1219 59 22 varit
743 1219 84 22 beredd
843 1221 32 20 att
891 1219 118 28 godkänna
1024 1219 131 22 ständernas
1171 1219 37 22 vid
1220 1221 89 20 senaste

489 1249 107 28 landtdag
619 1249 86 21 fattade
731 1249 74 22 beslut
824 1250 8 20 i
855 1249 43 22 alla
914 1249 68 25 delar,
999 1250 24 26 ty
1039 1249 6 21 i
1061 1249 110 27 ätskilliga
1187 1249 122 22 afseenden

489 1285 53 15 voro
567 1279 28 21 de
618 1279 24 21 sä
658 1278 114 26 affattade,
788 1280 33 19 att
836 1279 43 21 den
895 1278 51 21 med
962 1278 52 21 vära
1029 1277 155 23 förhällanden
1198 1278 51 21 icke
1265 1279 43 21 för-

489 1310 79 26 trogne
583 1309 75 21 kunde
674 1308 69 27 draga
759 1308 42 21 den
817 1308 98 26 slutsats,
931 1309 33 20 att
980 1314 51 15 man
1047 1308 20 27 ej
1084 1308 41 21 här
1140 1313 54 17 vore
1210 1308 53 27 böjd
1275 1308 33 21 för

490 1339 33 20 att
545 1338 74 21 lemna
635 1337 236 22 försvarsanstalterna
886 1338 38 21 det
939 1337 72 27 skydd
1027 1338 26 21 af
1066 1338 139 27 strafflagen,
1221 1343 47 16 som
1284 1339 25 20 är

490 1367 141 28 erforderligt
654 1367 41 22 och
719 1367 50 21 med
783 1368 60 21 rätta
859 1367 43 22 kan
918 1367 94 28 begäras
1028 1367 27 21 af
1068 1367 43 21 den
1126 1367 72 22 finska
1213 1367 94 28 lagstift-

489 1397 88 26 ningen.
609 1397 157 26 Lagutskottet
781 1397 77 26 vidtog
873 1397 38 20 vid
927 1397 54 20 sista
997 1397 161 20 ständermötet
1174 1397 42 20 den
1230 1396 78 27 ätgärd

490 1427 32 20 att
542 1425 103 21 nedsätta
661 1425 179 21 straffminimum
856 1425 6 21 i
879 1425 121 21 allmänhet
1016 1425 6 21 i
1038 1425 75 21 stället
1129 1425 35 21 för
1180 1426 38 25 att,
1235 1425 72 21 säsom

489 1455 110 22 utskottet
615 1455 70 28 enligt
701 1455 44 21 min
761 1455 67 21 tanke
845 1455 57 21 hade
918 1455 50 21 bort
983 1454 61 29 göra,
1060 1455 67 28 skilja
1142 1455 22 21 ät
1180 1455 28 22 de
1218 1454 90 22 svärare

489 1485 69 22 fallen
581 1485 48 21 frän
653 1485 27 21 de
698 1485 125 28 lindrigare.
855 1484 63 22 Hade
934 1485 108 22 utskottet
1057 1485 38 21 det
1110 1485 67 28 gjort,
1194 1485 27 22 dä
1236 1485 72 21 skulle

488 1516 50 21 icke
562 1514 43 22 den
628 1514 74 26 tanke,
723 1521 47 15 som
785 1515 40 27 jag
841 1514 104 28 antydde,
961 1514 68 22 hafva
1045 1514 85 22 kunnat
1146 1515 85 28 uppstä.
1263 1514 45 22 Min

490 1545 116 23 förmodan
629 1546 24 20 är
676 1546 40 26 att,
739 1551 36 15 om
799 1551 52 15 man
871 1545 72 21 skulle
959 1545 68 22 hafva
1042 1544 116 22 bibehällit
1174 1546 27 21 de
1217 1546 91 27 stränga

489 1575 298 26 ansvarsbestämmelserna,
812 1581 50 15 men
879 1575 74 28 tillagt
968 1575 141 28 bestämning
1125 1575 75 22 derom
1216 1577 40 24 att,
1272 1581 36 15 om

489 1606 106 27 handling
612 1605 87 27 begätts
715 1605 24 22 af
753 1605 124 28 uppenbart
893 1604 114 23 oförständ
1023 1605 54 22 eller
1093 1605 26 21 af
1131 1606 115 26 uppenbar
1258 1605 51 22 obe-
