1095 1778
420 129 84 18 Toukok.
517 130 22 17 22
553 135 16 17 p.
812 133 54 20 1667

83 183 26 22 af
123 189 27 16 en
166 183 69 28 högre
258 183 106 22 kommun
388 184 50 21 med
462 183 161 28 myndigheter,
649 190 47 15 som
721 184 71 22 skulle
815 185 88 21 träda
886 179 20 37 i

83 212 173 29 länestyrelsens
271 213 71 27 ställe,
360 213 40 22 har
415 215 54 20 utan
484 213 80 22 tvifvel
580 213 34 22 sin
637 214 72 27 grund
732 214 47 21 deri
800 215 34 20 att
850 221 51 14 man

84 243 84 21 fruktat
183 242 35 22 för
233 243 137 22 tillkomsten
385 243 26 21 af
424 249 44 22 nya
484 243 193 28 smä-guvernörer
687 243 55 22 eller
749 243 152 29 kronofogdar

83 272 55 21 eller
153 272 58 22 hvad
228 273 27 21 de
271 279 30 15 nu
326 271 80 23 mände
421 273 58 25 heta,
496 279 48 15 som
560 273 71 22 skulle
647 273 76 28 intaga
738 279 86 16 samma
839 273 62 22 ställ-

83 302 54 27 ning
152 302 33 21 till
201 302 167 27 kommunerna,
385 308 47 15 som
449 302 161 27 länestyrelsen
635 309 30 15 nu
688 303 41 21 och
752 303 76 21 hvilka
850 303 52 21 med

83 331 112 22 bristande
211 331 165 22 sakkännedom
387 332 41 21 och
437 331 161 23 administrativ
606 332 211 28 sjelftillräcklighet
829 333 72 21 skulle

82 360 105 22 inblanda
202 361 35 28 sig
255 361 3 21 i
275 361 170 22 kommunernas
461 360 142 29 ätgöranden.
619 362 79 21 Denna
714 362 87 21 misstro
810 362 24 21 är
842 362 57 22 dock

83 390 127 28 pätagligen
225 391 146 27 oberättigad.
402 391 34 27 Ty
450 391 47 27 just
512 391 103 22 tillvaron
631 391 25 21 af
670 397 27 16 en
706 392 136 26 myndighet,
850 391 50 21 icke

83 420 141 21 uteslutande
241 420 109 22 beroende
366 419 26 22 af
404 421 142 27 tjenstemän,
562 422 54 20 utan
626 427 28 14 en
663 421 138 28 myndighet,
810 421 90 21 hvilken

83 449 51 22 med
150 449 123 22 tillkallade
295 450 185 27 förtroendemän,
506 450 65 22 valde
594 451 26 20 af
640 451 166 25 kommunerna,
830 450 71 21 skulle

83 479 78 28 afgöra
177 479 44 22 alla
237 479 75 28 dylika
337 479 176 22 administrativa
536 479 79 28 frägor,
641 486 52 15 vore
719 480 36 21 väl
778 480 6 21 i
809 481 93 20 främsta

83 511 96 20 rummet
195 509 71 28 egnad
283 511 32 19 att
331 509 100 28 aflägsna
447 509 42 22 den
506 509 93 26 misstro,
616 515 47 16 som
674 510 58 21 inom
742 509 158 28 befolkningen

84 539 119 22 förefinnes
219 541 113 26 gentemot
348 539 69 28 högre
432 539 175 22 administrativa
623 539 162 28 myndigheter.

155 569 109 28 Slutligen
280 569 94 28 utpekar
390 569 114 26 utskottet,
521 571 32 20 att
575 575 80 22 genom
678 569 137 22 tillkomsten
830 569 26 22 af
869 575 28 16 en

85 599 60 28 dylik
161 599 68 28 högre
252 599 106 22 kommun
381 599 50 22 med
454 599 50 22 dess
530 599 160 28 myndigheter,
715 599 90 22 hvilken
828 599 72 22 skulle

83 629 80 28 utgöra
179 635 28 16 en
231 628 248 29 förvaltningsdomstol,
502 629 71 22 skulle
591 635 50 16 man
656 629 150 27 undanskjuta
822 628 78 29 frägan

84 665 36 15 om
137 665 27 15 en
180 659 79 28 högsta
275 658 248 29 förvaltningsdomstol,
541 665 47 16 som
605 659 56 21 dock
676 658 28 28 pä
720 658 79 28 mänga
815 658 43 22 häll
867 665 32 15 er-

84 689 84 21 kännes
185 695 54 15 vara
254 689 118 27 högeligen
388 689 25 21 af
426 689 79 21 nöden.
536 689 43 27 Jag
602 689 43 21 kan
661 689 49 21 icke
725 689 48 21 inse
788 690 68 20 annat
871 689 29 20 än

85 720 32 20 att
133 718 37 21 det
186 719 104 21 motsatta
306 717 148 23 förhällandet
470 717 69 23 mäste
554 718 95 22 inträffa.
681 718 34 27 Ty
731 724 35 15 om
788 724 28 15 en
831 717 69 29 högre

84 748 106 22 kommun
206 748 99 22 bildades
322 748 49 21 med
388 748 75 27 dylika
479 748 162 28 myndigheter,
665 754 47 15 som
737 749 97 26 upptaga
858 747 43 22 för-

84 778 210 28 valtningsärenden
310 778 40 22 och
367 778 93 21 sälunda
474 778 75 28 intaga
565 784 28 16 en
619 777 152 22 förmedlande
792 777 106 28 ställning

86 808 80 22 mellan
182 808 27 21 de
225 808 96 28 primära
336 808 160 21 kommunerna
521 808 42 22 och
579 807 193 28 länestyrelserna,
788 807 25 22 sä
828 806 73 23 skulle

85 838 62 21 detta
162 837 137 22 förhällande
314 837 48 22 helt
377 838 75 21 säkert
476 837 115 28 päskynda
613 837 194 29 nödvändigheten
828 837 26 21 af
868 838 33 20 att

85 868 81 22 inrätta
182 874 27 15 en
225 868 79 27 högsta
327 867 284 29 förvaltningsmyndighet,
634 874 48 15 som
706 868 102 27 afgjorde
831 866 69 22 hithö-

85 898 70 22 rande
170 897 112 22 tvistemäl
298 898 41 21 och
356 897 80 28 frägor.

156 927 109 29 Slutligen
288 928 82 21 uttalar
385 928 34 27 sig
435 928 108 21 utskottet
556 928 70 27 jemte
642 927 121 28 afböjande
779 927 25 21 af
817 927 83 27 sjelfva

85 957 212 29 petitionsförslaget
312 957 90 26 derhän,
429 959 33 19 att
484 958 37 20 det
544 958 67 26 hyser
634 957 148 28 förhoppning
808 963 35 15 om
868 958 33 20 att

85 988 111 27 styrelsen
211 987 48 22 icke
275 987 57 22 skall
349 987 115 22 underlåta
479 989 32 19 att
526 988 6 20 i
549 988 70 21 sinom
635 987 31 21 tid
682 992 57 22 egna
755 988 66 20 äfven
837 986 61 22 detta

86 1017 84 28 vigtiga
190 1018 65 20 ämne
272 1017 66 27 nödig
360 1017 203 27 uppmärksamhet,
579 1017 49 21 med
645 1016 69 22 andra
730 1017 47 24 ord,
793 1016 108 22 utskottet

85 1046 70 22 håller
170 1047 48 21 före
234 1048 32 20 att
282 1047 38 21 det
342 1047 26 21 är
391 1052 28 16 en
430 1047 169 27 angelägenhet,
615 1046 22 22 åt
652 1046 85 22 hvilket
753 1046 37 21 det
805 1046 96 22 skänker

86 1076 40 22 allt
141 1076 141 22 erkännande
298 1076 41 21 och
355 1076 84 27 hoppas
455 1077 32 20 att
503 1076 66 22 äfven
590 1076 131 28 regeringen
737 1075 57 22 skall
809 1075 91 27 vidtaga

85 1106 103 28 åtgärder
204 1106 35 22 för
254 1108 33 19 att
296 1105 118 22 förbereda
436 1105 115 28 lösningen
573 1105 26 22 af
612 1106 134 21 densamma.
778 1105 50 22 Men
844 1105 57 21 ändå

86 1142 65 15 anser
166 1136 108 21 utskottet
295 1137 33 20 att
350 1136 119 21 ständerna
493 1135 48 22 från
563 1135 33 22 sin
620 1135 47 22 sida
683 1135 48 22 icke
747 1135 69 21 borde
831 1134 70 22 uttala

85 1165 72 28 någon
173 1165 84 22 önskan
273 1172 36 15 om
325 1167 33 20 att
374 1164 77 29 frågan
467 1165 174 22 underkastades
656 1165 76 21 vidare
749 1164 151 27 bearbetning.

86 1195 79 22 Denna
180 1195 132 22 konklusion
327 1201 67 22 synes
405 1195 47 28 mig
459 1195 143 28 temmeligen
616 1194 108 28 underlig.
741 1194 46 22 Och
802 1195 48 27 just
858 1193 43 22 den

86 1225 37 25 tid,
141 1225 27 21 då
184 1231 51 15 man
250 1231 47 16 mer
312 1225 29 22 än
363 1225 71 21 under
459 1225 68 21 andra
550 1225 57 21 tider
630 1225 50 20 med
696 1223 24 22 så
736 1225 56 21 stort
807 1224 94 21 intresse

86 1254 50 22 sökt
161 1255 54 27 göra
231 1255 103 27 gällande
355 1254 194 28 nödvändigheten
572 1254 26 21 af
618 1254 43 21 den
683 1254 143 21 kommunala
840 1253 61 27 sjelf-

86 1284 121 27 styrelsens
223 1284 133 27 utveckling,
373 1283 114 22 förefaller
497 1284 38 21 det
545 1290 48 15 mer
601 1284 28 21 än
644 1283 153 28 besynnerligt
805 1284 33 21 att
849 1289 52 15 man

86 1313 39 22 vill
140 1313 141 22 tillbakavisa
296 1319 27 16 en
339 1313 136 28 uppmaning
490 1313 34 22 till
539 1313 132 28 regeringen
687 1314 33 20 att
735 1313 44 21 låta
794 1312 107 22 bearbeta

88 1343 82 28 frågan,
196 1349 47 16 som
258 1344 7 21 i
288 1343 78 28 hvarje
383 1343 39 22 fall
437 1343 57 22 ändå
509 1343 72 22 skulle
597 1345 52 25 taga
665 1343 33 21 sin
713 1342 102 28 rundliga
830 1341 32 22 tid
878 1342 26 21 af

86 1373 67 22 minst
169 1375 33 19 ett
217 1373 137 25 decennium,
363 1372 67 22 innan
441 1373 43 21 den
499 1373 74 21 kunde
589 1373 88 21 komma
685 1372 34 21 till
727 1372 72 27 någon
807 1371 93 28 lösning.

157 1402 43 27 Jag
215 1403 40 20 har
271 1402 60 21 velat
346 1403 51 19 med
412 1402 66 21 dessa
494 1402 22 21 få
531 1402 40 21 ord
586 1402 78 26 belysa
687 1402 49 25 den,
757 1401 73 21 såsom
856 1401 45 25 mig

86 1437 74 21 synes,
176 1431 90 27 mycket
281 1430 105 22 haltande
401 1430 142 28 bevisföring,
560 1436 47 16 som
623 1430 109 22 utskottet
747 1430 66 26 gifvit
829 1428 72 22 försin

86 1460 121 28 afböjande
222 1460 121 22 resolution
360 1460 41 21 och
418 1459 89 22 förenar
522 1460 45 27 mig
583 1459 35 22 för
633 1459 68 29 öfrigt
716 1460 7 20 i
739 1460 49 26 den,
805 1464 47 16 som
862 1459 39 27 jag

86 1491 69 21 redan
178 1490 102 27 nämnde,
297 1489 160 28 förtjenstfulla
473 1489 163 28 framställning
653 1490 170 21 reservanterna
833 1488 68 22 hafva

86 1520 96 29 afgifvit.
