1092 1781
423 124 82 18 Toukok.
519 126 22 16 25
553 130 17 17 p.
818 128 57 20 1777

84 179 121 21 raastuvan
221 178 124 22 oikeuksiin
359 179 25 27 ja
400 178 150 22 kihlakunnan
566 178 130 27 oikeuksiin,
710 179 45 22 niin
767 180 76 21 minun
854 179 52 22 mie-

84 207 81 23 lestäni
188 208 21 22 ei
231 208 77 22 tämän
336 208 272 28 asianajajayhdistyksen
630 208 74 28 pitäisi
728 209 87 22 ulottua
830 209 76 21 niihin.

84 237 80 22 Näissä
187 238 170 22 alioikeuksissa
380 238 91 27 ajetaan
489 238 62 22 usein
567 238 73 28 pieniä
655 238 85 26 asioita,
755 239 57 27 joita
828 240 79 20 varten

84 267 157 28 lainoppineen
256 267 141 28 asianajajan
412 267 123 22 ottaminen
549 268 60 21 tulisi
625 267 53 22 liian
694 268 103 22 kalliiksi.
821 268 86 22 Tämän

84 296 216 22 asetusehdotuksen
324 297 156 21 ensimäisessä
503 297 119 28 pykälässä
645 297 121 22 säädetään
790 298 47 21 että
860 298 46 21 kui-

85 326 77 22 tenkin
177 332 29 16 on
221 326 168 22 lautamiehellä
404 326 53 28 lupa
473 327 50 27 ajaa
539 326 172 25 lainhuudatus-,
721 327 115 27 kiinnitys-
852 327 55 22 sekä

85 356 70 22 muita
170 356 144 22 senkaltaisia
331 356 78 22 asioita
425 356 56 22 siinä
496 357 138 25 oikeudessa,
648 357 69 27 jonka
738 357 109 27 jäsenenä
862 357 44 22 hän

85 392 35 16 on.
152 386 139 22 Samallaisia
315 386 79 22 asioita
417 386 53 22 kuin
486 388 59 20 tässä
561 386 109 26 mainitut,
684 386 64 28 joilla
763 387 85 27 tietysti
862 389 44 20 tar-

86 416 112 22 koitetaan
222 416 79 22 asioita
327 416 152 23 kihlakunnan
502 417 144 26 oikeuksissa,
670 422 28 17 on
726 417 102 28 myöskin
844 417 62 22 usein

86 447 128 27 ajettavana
245 448 122 20 raastuvan
397 446 146 27 oikeuksissa,
568 447 110 21 nimittäin
704 447 202 27 lainhuudatuksia,

85 476 144 28 kiinnityksiä
250 477 23 27 ja
298 477 69 21 muita
391 476 149 27 senlaatuisia,
562 478 24 26 ja
608 476 80 23 näiden
712 477 194 22 tämänkaltaisten

84 506 71 22 asiain
178 506 121 28 ajamiseen
323 507 21 21 ei
367 506 76 22 minun
469 506 124 22 mielestäni
608 506 108 22 suinkaan
731 507 82 21 tarvita
828 508 77 21 suurta

85 536 117 28 lainoppia.
234 536 130 22 Sentähden
379 536 114 22 rohkenen
510 537 58 21 minä
583 536 105 22 ehdottaa
706 538 46 20 että
767 538 59 20 tästä
837 536 68 28 pykä-

84 566 58 22 lästä
148 566 132 28 jätettäisiin
289 566 49 28 pois
349 568 76 20 sanat:
439 566 87 26 ,niiden
535 566 142 28 kaupunkien
684 568 120 20 raastuvan
816 567 89 21 oikeuk-

85 596 63 27 sissa,
170 596 69 28 joissa
262 602 29 16 on
314 596 285 28 asianajajayhdistyksiä*,
624 596 54 22 ettei
698 596 208 22 välttämättömästi

85 626 118 21 tarvittaisi
233 626 164 28 lainoppinutta
422 626 137 28 asianajajaa
585 626 198 21 valtuusmieheksi
808 626 98 21 kaikissa

86 656 92 21 asioissa
193 657 121 20 raastuvan
330 655 144 22 oikeuksissa.

157 685 204 28 Tuomiokapitulin
384 685 95 22 asessori
501 685 157 22 Wennerström:
682 685 9 22 1
714 685 70 22 likhet
800 685 49 22 med
866 691 40 22 par

85 715 69 22 andra
178 715 134 28 föregäende
335 715 71 22 talare
429 715 40 22 har
493 715 66 22 äfven
582 715 40 22 hos
646 715 45 28 mig
713 715 73 22 denna
800 715 108 28 paragraf

85 745 68 22 väckt
176 745 83 22 dubier.
292 745 10 21 I
325 745 134 28 paragrafen
484 745 91 22 föreslås
591 747 33 20 att
639 745 72 22 såsom
728 745 127 28 fullmäktig
871 744 35 22 mä

85 776 21 27 ej
118 781 73 16 annan
201 775 131 27 godkännas
348 775 29 22 än
392 775 96 21 medlem
504 775 25 22 af
542 775 218 28 sakförareförening
775 775 42 21 och
832 775 73 21 denna

85 805 158 22 bestämmelse
268 805 71 28 gäller
364 805 104 21 senatens
492 805 246 27 justitiedepartemont,
765 805 83 21 hofrätt
864 805 41 21 och

85 835 152 28 rådstugurätt
252 835 7 20 i
275 834 28 22 de
327 835 82 26 städer,
433 835 40 21 der
495 834 217 28 sakförareförening
728 834 76 21 finnes.
836 834 10 22 I
862 833 43 22 alla

86 865 66 20 dessa
175 871 30 14 nu
225 865 97 20 nämnda
337 865 70 20 rätter
422 864 71 21 måste
509 864 59 27 förty
584 870 27 15 en
627 863 69 22 sådan
709 864 67 27 jurist
791 864 114 21 användas

85 900 48 15 som
150 894 134 27 fullmäktig,
296 893 91 22 hvilken
397 895 25 20 är
433 893 95 22 medlem
539 894 26 21 af
572 893 225 28 sakförareförening.
814 893 91 22 Således

86 929 54 16 vore
163 923 69 28 enligt
255 924 73 21 denna
345 923 141 28 bestämning
502 924 67 21 äfven
584 929 28 16 en
627 923 69 22 sådan
710 923 105 28 juridiskt
830 923 75 22 bildad

86 959 81 22 person
190 953 119 28 förbjuden
333 955 34 20 att
389 959 48 16 som
461 953 126 28 fullmäktig
610 953 117 28 uppträda,
750 953 91 22 hvilken
855 953 50 22 icke

86 983 65 22 råkar
174 989 54 16 vara
251 983 96 22 medlem
364 983 7 22 i
387 983 246 28 sakförareföreningen
656 983 28 28 på
704 983 94 28 platsen.
828 982 78 23 Redan

86 1013 62 22 detta
172 1013 113 22 förefaller
311 1013 46 28 mig
380 1019 55 16 vara
457 1019 29 15 en
508 1013 114 28 obillighet
645 1013 41 22 och
702 1013 40 28 gör
758 1013 38 22 det
811 1013 34 22 för
861 1013 45 28 mig

85 1043 50 22 icke
158 1043 88 28 möjligt
270 1045 33 20 att
318 1043 76 22 kunna
409 1043 119 28 godkänna
543 1043 140 28 paragrafen.
714 1043 50 22 Men
780 1043 38 21 det
833 1043 72 26 gifves

86 1073 67 22 också
177 1079 28 15 en
228 1079 73 16 annan
325 1073 119 28 synpunkt,
461 1079 47 16 som
532 1073 40 28 gör
592 1073 38 21 det
645 1073 35 21 för
695 1073 46 27 mig
756 1073 102 28 omöjligt
873 1074 33 20 att

86 1103 85 22 skänka
195 1103 50 21 mitt
270 1103 64 22 bifall
356 1103 34 21 till
413 1103 126 28 antagande
553 1103 26 21 af
592 1103 73 21 denna
680 1103 110 27 paragraf.
821 1103 45 21 Det
881 1103 25 21 är

86 1133 44 21 den
153 1132 194 28 omständigheten
370 1133 33 20 att
424 1133 41 27 jag
487 1138 65 16 anser
576 1132 38 21 det
628 1138 56 15 vara
699 1137 29 16 en
743 1132 115 28 obillighet
873 1133 33 20 att

87 1162 104 27 förbjuda
207 1168 27 15 en
250 1162 37 21 väl
302 1162 59 22 känd
377 1168 81 21 person
475 1163 32 20 att
523 1168 53 16 vara
592 1161 127 28 fullmäktig
735 1162 35 21 för
785 1167 28 16 en
825 1167 81 20 annan,

86 1191 137 28 exempelvis
239 1192 6 21 i
261 1192 208 28 rådstugurätterna
484 1192 8 21 i
507 1191 145 28 Helsingfors,
668 1191 85 28 Viborg
776 1191 42 22 och
838 1191 67 26 Vasa,

87 1221 39 22 der
149 1221 244 29 sakförareföreningar
416 1221 77 22 finnas.
525 1221 51 22 Man
600 1221 40 22 har
656 1222 50 27 sagt
720 1223 34 20 att
770 1221 70 28 syftet
855 1221 50 21 med

86 1251 72 22 denna
181 1251 37 28 lag
241 1257 54 16 vore
318 1253 34 20 att
376 1251 123 28 förebygga
523 1251 155 22 användandet
702 1251 26 21 af
741 1250 83 23 sådana
838 1251 67 21 advo-

87 1281 70 26 kater,
173 1287 48 16 som
236 1281 49 22 icke
302 1281 98 28 förtjena
415 1281 62 22 detta
492 1287 73 18 namn,
582 1286 47 17 som
645 1280 49 22 icke
718 1280 126 29 egentligen
867 1281 38 21 äro

86 1311 8 20 i
109 1310 64 23 stånd
189 1312 33 20 att
238 1311 74 21 utföra
328 1310 51 27 mål,
395 1311 51 21 dem
462 1311 28 21 de
506 1310 68 29 åtagit
584 1311 42 27 sig.
652 1310 51 21 Man
713 1311 65 27 säger
789 1312 33 19 att
832 1310 74 21 denna

86 1340 49 29 lags
159 1341 44 21 udd
229 1341 128 28 egentligen
372 1341 85 21 vänder
472 1341 35 27 sig
523 1343 45 19 mot
584 1341 70 21 dessa.
686 1339 41 22 Om
744 1340 61 21 detta
820 1341 24 20 är
860 1339 46 28 syf-

86 1370 92 22 temålet
193 1370 51 21 med
259 1371 74 27 lagen,
349 1369 25 23 så
389 1370 39 22 nås
444 1371 62 21 detta
521 1369 103 29 syftemål
639 1369 57 27 icke,
712 1369 141 22 alldenstund
868 1369 38 22 det

86 1400 58 21 dock
165 1406 53 15 vore
238 1400 81 21 tillåtet
343 1400 36 21 för
393 1406 86 15 samma
495 1405 105 21 personer
615 1405 47 15 som
678 1406 30 14 nu
724 1401 33 19 att
772 1399 75 21 utföra
863 1398 43 22 mål

87 1429 37 21 vid
147 1428 152 28 rådstugurätt
314 1429 8 21 i
337 1428 83 22 sådana
445 1428 82 26 städer,
543 1428 39 21 der
596 1428 246 27 sakförareföreningar
856 1428 50 21 icke

85 1458 79 21 finnas.
195 1458 80 21 Likaså
299 1458 36 21 vid
360 1457 150 22 häradsrätter
527 1457 27 28 på
568 1457 82 27 landet,
667 1456 24 22 så
706 1456 66 28 länge
787 1457 27 21 de
830 1457 26 21 af
869 1463 36 15 ve-

87 1487 138 23 derbörande
251 1488 90 21 domare
357 1487 49 22 icke
423 1487 115 27 förbjudas
553 1488 34 20 att
602 1487 6 21 i
624 1486 112 29 egenskap
752 1486 26 22 af
791 1486 115 22 sakförare

87 1518 114 28 uppträda.
233 1517 135 29 Syftemälet
391 1516 38 22 nås
453 1517 64 21 alltså
539 1516 55 28 icke,
611 1516 41 22 och
674 1516 40 29 jag
729 1522 65 16 anser
810 1516 35 22 för
861 1516 44 22 min

800 1558 33 18 112
