1103 1784
164 114 54 22 1608
338 120 209 22 Talonpoikaissääty
560 120 53 18 1877.
637 121 26 17 24
675 124 18 17 p.
706 120 99 17 Marrask.

231 188 213 28 Landtdagsmannen
459 188 166 28 Svedberg:
648 188 32 21 Dä
695 188 73 26 frägan
785 194 33 15 om
831 187 100 27 miljonen
943 194 38 14 var

163 217 51 26 före,
229 217 106 27 päyrkade
357 217 203 27 landtdagsmannen
583 216 54 22 Keto
660 217 79 25 endast,
759 216 68 21 sävidt
841 216 35 27 jag
891 216 88 25 minnes,

164 247 30 20 att
214 245 39 21 den
269 245 68 21 skulle
353 247 82 25 uttagas
450 245 26 28 pä
491 252 25 14 en
533 245 60 28 gäng,
608 245 95 27 emedan,
719 252 33 14 om
768 245 35 21 det
818 244 78 22 skedde
912 244 69 22 under

164 275 12 20 5
199 274 33 21 ärs
253 274 36 25 tid,
312 274 35 21 det
370 274 69 21 kunde
461 274 70 21 hända
545 276 30 19 att
589 274 69 28 nägon
674 273 123 28 lycksökare
813 274 68 20 skulle
895 274 85 20 komma

163 302 53 22 fram
239 303 48 21 med
308 304 30 20 ett
360 302 99 22 liknande
481 302 83 28 förslag.
593 302 93 22 Dermed
708 302 107 27 äsyftades
839 302 46 21 icke
910 302 69 28 nägon

164 331 94 22 bestämd
274 338 82 21 person,
371 332 68 20 ehuru
453 338 48 15 man
516 331 104 22 indirekte
635 332 41 20 kan
691 331 84 27 inlägga
789 332 7 20 i
811 330 65 22 orden
892 330 41 22 den
946 331 34 21 be-

164 360 102 27 tydelsen.
289 360 83 27 Frägan
387 360 64 27 gäller
466 360 81 21 säledes
563 367 33 14 om
607 360 41 21 han
659 360 32 21 för
702 360 56 21 detta
767 360 104 21 indirekta
882 359 98 27 yttrande

164 389 40 21 kan
220 388 61 22 fällas
295 388 32 22 till
342 395 81 15 ansvar.
451 388 41 28 Jag
507 395 62 15 anser
584 388 50 22 visst
649 391 30 19 att
693 390 159 20 reservanterna
868 395 49 14 voro
929 388 7 20 i
947 388 31 21 sin

163 417 53 21 fulla
238 419 41 19 rätt
300 419 31 19 att
352 424 106 14 reservera
474 418 37 26 sig,
527 417 88 22 emedan
630 417 64 21 orden
710 418 62 20 äfven
788 417 71 21 kunde
875 417 106 27 uppfattas

164 445 139 28 annorlunda,
323 452 49 15 men
388 445 27 22 dä
429 445 72 27 frägan
517 446 52 27 tagit
583 452 26 15 en
625 445 23 21 sä
663 445 113 22 vidsträckt
791 445 145 27 utsträckning
951 447 30 19 att

164 481 50 14 man
236 474 89 28 päyrkat
346 474 167 28 tilllämpningen
533 474 21 21 af
569 474 26 21 46
612 475 12 26 &
639 475 7 20 i
660 473 23 22 L.
698 474 24 21 O.
738 474 22 21 sä
775 473 64 22 borde
855 480 48 15 man
919 474 62 21 hafva

164 503 51 21 reda
237 502 26 29 pä
285 503 56 21 huru
363 503 52 21 hans
438 503 36 21 ord
497 503 50 21 föllo
565 503 37 27 sig.
632 503 41 26 Jag
688 504 34 20 vet
737 505 30 19 att
781 503 36 21 det
832 502 45 22 icke
893 503 37 20 hör
946 502 36 25 hit,

165 532 54 21 hvad
239 531 126 28 anklagaren
384 532 7 20 i
409 531 82 22 ständet
508 534 70 25 yttrat,
594 538 49 15 men
658 531 32 22 för
704 531 77 22 sakens
796 531 85 21 rättvisa
895 531 87 21 bedöm-

164 560 78 22 mande
257 560 66 21 mäste
337 567 50 14 man
403 563 46 18 veta
465 567 33 15 om
513 560 204 28 landtdagsmannen
732 560 55 21 Keto
803 560 53 21 varit
870 560 42 21 den
927 559 55 22 enda

165 596 45 15 som
233 589 70 27 begått
325 596 27 15 en
375 589 39 21 slik
435 589 104 22 förseelse.
569 589 32 22 Då
623 589 96 21 framstår
738 589 40 21 den
793 589 65 21 redan
875 588 107 29 påpekade

166 618 188 27 omständigheten,
377 620 30 19 att
428 618 203 28 landtdagsmannen
654 618 109 21 Meurman
786 618 67 27 enligt
867 618 44 21 min
929 617 54 28 åsigt

164 647 78 28 förgått
263 648 32 26 sig
318 647 85 27 mycket
424 647 83 22 svårare
530 649 26 19 än
571 647 204 28 landtdagsmannen
791 646 60 22 Keto.
880 646 49 22 Han
945 647 39 20 har

166 682 35 15 om
216 682 100 21 personer
330 675 46 22 från
392 676 25 21 de
433 676 65 27 öfriga
513 676 88 21 stånden
616 675 46 22 fällt
676 675 119 26 omdömen,
812 682 45 15 som
877 682 49 15 man
936 675 48 21 icke

165 705 41 20 kan
230 704 55 27 gilla,
301 706 54 19 samt
373 711 35 14 om
423 706 29 20 ett
467 705 80 21 utskott
561 707 65 24 yttrat
640 707 30 18 att
684 704 36 21 det
734 705 87 20 handlat
835 705 8 20 i
858 704 125 21 brännvins-

166 736 137 25 patronernas
317 733 89 22 intresse
421 733 51 21 eller
487 733 64 28 något
565 733 80 26 sådant,
660 739 45 15 som
720 733 34 28 jag
769 733 47 21 icke
827 739 57 16 mera
895 733 22 21 så
928 739 55 21 noga

166 762 89 25 minnes,
278 762 79 27 alltnog
380 762 35 21 det
436 762 37 21 har
488 763 55 20 varit
557 761 80 22 direkta
653 762 157 27 beskyllningar
825 764 44 19 mot
883 761 101 22 ståndens

166 791 175 21 förtroendemän.
371 790 32 21 Då
425 791 53 21 hade
493 791 36 21 det
544 791 53 21 varit
611 791 45 20 skäl
671 793 30 19 att
715 790 94 27 tillämpa
823 791 27 20 46
866 791 12 26 $
893 791 7 20 i
914 790 23 21 L.
953 790 30 27 O,

166 826 49 15 men
236 820 36 27 jag
294 819 37 22 har
350 819 47 22 icke
413 819 54 21 velat
483 823 90 24 upptaga
588 819 71 27 saken,
674 819 87 22 emedan
778 819 52 21 hvar
845 819 39 21 och
899 825 26 15 en
941 819 41 21 kan

166 848 72 22 förifra
259 848 37 28 sig.
327 848 43 21 Vill
386 854 49 15 man
449 848 70 21 derför
534 855 49 14 vara
598 848 78 27 rättvis,
692 848 22 21 sä
728 848 38 21 har
780 854 55 20 man,
851 848 26 21 dä
892 847 92 28 beskyll-

166 877 78 28 ningen
268 877 74 21 endast
365 883 36 15 var
421 876 98 27 indirekt,
539 877 58 21 desto
613 879 65 19 större
693 877 45 21 skäl
753 879 30 19 att
797 876 43 22 läta
855 877 73 27 frägan
942 876 42 22 för-

166 906 51 22 falla
239 906 39 21 och
299 906 123 27 isynnerhet
445 906 64 21 borde
530 906 100 21 Finlands
649 906 136 21 Bondeständ
800 906 46 20 icke
861 906 66 21 tilläta
942 905 40 21 den

166 941 40 15 ene
225 936 31 20 att
275 934 136 22 obestraffadt
429 934 53 28 begä
495 934 117 27 förseelser,
628 941 48 14 men
692 935 93 21 deremot
799 934 50 22 fälla
864 940 27 16 en
906 941 77 15 annan.

166 963 63 22 Detta
251 964 40 20 kan
313 964 35 27 jag
363 963 46 22 icke
424 963 118 27 godkänna,
558 966 22 25 ty
594 964 36 27 jag
645 963 36 21 vill
697 966 29 19 att
741 964 79 21 enhvar
835 963 52 22 skall
902 963 82 27 ätnjuta

166 992 44 22 lika
233 993 91 21 rättvisa.
353 991 33 22 Då
408 998 48 15 man
479 992 82 22 således
581 992 46 22 icke
649 992 81 21 förfarit
751 994 81 26 strängt
853 994 44 19 mot
918 991 66 22 andra

166 1020 210 22 ständsmedlemmar
398 1020 70 26 heller,
491 1020 23 22 sä
534 1021 96 21 kommer
649 1021 35 27 jag
706 1023 30 19 att
750 1023 55 19 rösta
820 1021 33 21 för
867 1022 30 20 att
910 1020 75 28 frägan

167 1050 54 20 skall
243 1050 88 26 förfalla,
351 1056 48 15 men
414 1050 35 26 jag
463 1050 38 21 har
515 1050 110 27 ingenting
640 1051 56 19 emot
711 1049 54 21 hvad
780 1049 204 28 landtdagsmannen

167 1078 110 21 Meurman
299 1080 65 24 yttrat
385 1084 34 15 om
442 1078 39 22 den
505 1078 93 28 aktning,
620 1084 44 15 som
683 1078 236 21 ständsmedlemmarne
935 1078 51 21 böra

167 1108 45 20 visa
227 1107 123 25 hvarandra,
366 1109 49 18 utan
431 1106 123 28 godkänner
568 1107 35 21 det
618 1106 132 28 fullkomligt.

235 1164 113 21 Edusmies
391 1164 118 21 Avellan:
530 1164 59 21 Minä
604 1164 115 21 todellakin
734 1164 128 26 ihmettelen,
877 1164 51 21 mitä
939 1170 46 15 var-

166 1196 36 18 ten
223 1193 64 20 tähän
302 1193 71 20 asiaan
389 1198 27 14 on
432 1194 83 19 ruvettu
531 1192 144 22 sekottamaan
690 1192 127 28 semmoista,
831 1192 50 27 joka
896 1199 27 15 on
938 1192 47 22 sille

166 1221 50 21 ihan
238 1220 93 22 vierasta.
360 1220 38 21 Jos
413 1220 50 28 joku
479 1221 90 27 erehdys
584 1220 27 22 tai
627 1220 56 21 rikos
698 1221 107 27 tapahtuu,
821 1221 43 21 niin
880 1222 19 20 ei
914 1227 23 15 se
952 1220 34 22 ole

167 1249 47 21 sillä
235 1248 136 28 puolustettu,
394 1251 42 19 että
450 1249 121 21 semmoista
586 1255 27 15 on
629 1249 105 21 ennenkin
750 1250 131 26 tapahtunut.
910 1249 75 27 Hyvin

166 1277 105 21 tavallista
285 1277 58 27 kyllä
359 1284 33 19 on,
407 1279 42 19 että
465 1278 42 20 kun
523 1278 80 27 jotakin
619 1278 128 20 moitittavaa
761 1279 109 26 tapahtuu,
881 1278 44 20 niin
936 1278 50 21 koe-

167 1308 69 19 tetaan
252 1306 118 21 tämmöistä
384 1306 132 27 puolustusta
532 1306 90 26 käyttää,
638 1308 67 18 mutta
719 1306 54 21 siinä
787 1306 78 25 tilassa,
879 1306 57 27 jossa
951 1313 34 14 me

167 1334 62 20 täällä
245 1334 95 26 olemme,
356 1334 19 20 ei
391 1334 73 19 minun
479 1334 128 21 luullakseni
622 1334 64 26 sopisi
702 1334 89 25 odottaa,
807 1335 42 20 että
864 1334 121 21 semmoista

166 1361 173 28 puolustustapaa
361 1361 147 27 käytettäisiin.
538 1361 75 21 Minun
634 1363 74 25 täytyy
727 1361 147 22 kummastella
889 1364 42 19 tätä
946 1363 40 20 sitä

167 1391 118 26 enemmän,
306 1389 52 22 kuin
381 1389 54 27 sitte,
449 1389 43 22 kun
509 1390 99 27 säädyssä
622 1390 21 27 jo
659 1397 27 14 on
701 1391 139 27 muistutettu,
855 1391 49 21 ettei
919 1391 66 22 koske

166 1419 78 26 asiaan,
265 1419 33 27 jos
319 1418 52 27 joku
394 1425 51 14 muu
465 1418 48 21 olisi
528 1421 42 19 tätä
585 1425 69 15 ennen
670 1419 132 28 langettanut
815 1420 82 27 jonkun
913 1426 72 21 sanan,

166 1447 50 28 joka
233 1447 19 22 ei
268 1447 47 21 olisi
330 1447 53 22 ollut
398 1447 48 21 ihan
461 1447 125 28 paikallaan,
602 1447 54 22 vielä
670 1448 84 21 sittekin
771 1455 26 14 on
813 1455 71 15 samaa
900 1449 85 28 puolus-

166 1478 96 26 tustapaa
285 1476 100 28 käytetty.
414 1475 63 22 Tämä
499 1476 181 22 kummastukseni
703 1483 78 16 nousee
803 1477 181 22 korkeimmilleen

166 1505 53 28 siitä,
241 1507 42 20 että
305 1505 88 22 samalla
415 1505 51 21 kuin
491 1505 112 22 viimeinen
627 1506 85 27 puhuja,
727 1506 49 27 joka
791 1507 98 27 myöskin
904 1507 81 21 seurasi
