1098 1773
277 122 210 21 Talonpoikaissääty
500 122 56 18 1877.
580 123 23 16 18
614 126 20 17 p.
646 122 77 18 Lokak.
856 116 53 20 1117

86 190 54 22 efter
162 197 26 15 en
212 190 40 26 god
276 191 52 21 häst.
358 190 49 22 Men
431 191 36 22 allt
490 192 56 21 detta
569 192 64 26 stiger
653 191 31 21 till
704 192 26 20 30
746 191 45 27 lisp.
807 191 49 26 vigt,
871 190 39 22 och

87 220 73 26 hvarje
175 220 103 26 förnuftig
294 220 109 20 menniska
419 220 80 26 förstår,
515 223 29 18 ati
560 227 25 14 en
602 220 104 27 hastighet
720 220 21 21 af
756 220 36 20 mil
805 220 7 20 i
823 220 86 20 timmen

87 248 47 21 med
159 250 29 20 ett
208 248 76 21 sådant
302 249 42 20 lass
362 251 23 19 är
405 249 32 21 för
456 248 83 28 mycket
562 250 37 20 och
616 249 22 21 så
654 249 31 21 till
700 248 103 28 sägandes
818 248 92 28 djurplå-

86 278 50 26 geri.
166 277 41 27 Jag
226 278 87 20 föreslår
332 278 69 20 derför
423 278 13 20 8
458 278 92 20 minuter
564 278 26 27 pä
606 280 89 23 versten,
710 277 26 21 dä
751 277 53 21 föret
820 278 22 20 är
854 276 57 28 godt,

87 308 54 18 samt
161 306 12 20 9
194 306 26 20 då
238 306 35 21 det
288 308 24 18 är
326 306 71 27 dåligt.
426 306 76 21 Likaså
517 313 62 14 anser
592 307 36 27 jag
643 306 35 20 det
693 305 95 28 lämpligt
803 308 29 18 att
846 306 64 26 tiden,

87 334 28 22 då
129 341 25 14 en
172 341 74 21 person
264 335 69 21 färdas
349 335 118 21 bestämdes
482 335 31 21 till
535 336 5 20 7
558 336 91 20 minuter
664 337 89 19 versten.

156 392 138 21 Edusmiehet
319 392 137 22 Montonen
480 393 21 27 ja
527 392 100 22 Mäkelä
651 392 131 27 yhdistyivät
804 392 106 21 edusmies

86 420 125 22 Dunckerin
227 421 133 21 lausuntoon.

154 477 214 28 Landtdagsmannen
391 478 72 21 Keto:
494 478 41 27 Jag
557 478 69 21 skulle
648 478 84 21 förorda
747 478 112 21 utskottets
874 478 36 21 be-

87 506 105 22 tänkande
213 507 49 21 med
285 507 40 21 den
350 507 127 27 förändring,
498 510 29 18 att
549 507 131 26 hastigheten
698 506 70 22 skulle
784 506 126 22 bestämmas

86 536 32 20 till
140 536 27 21 70
188 536 93 21 minuter
300 542 38 21 per
358 536 42 24 mil,
415 538 60 25 samt,
491 538 37 18 när
543 536 14 21 2
572 536 113 20 fullvuxna
700 542 100 20 personer
816 535 94 27 begagna

88 570 80 15 samma
184 565 51 25 häst,
252 565 26 20 90
294 565 95 21 minuter.

155 621 213 25 Landtdagsmannen
384 621 85 22 Malm:
493 622 39 21 Om
547 628 36 20 nu,
599 622 68 20 såsom
684 628 48 14 man
748 622 37 21 har
795 621 113 27 föreslagit,

86 650 143 28 hvarjehanda
252 650 72 28 tillägg
347 650 30 22 till
401 651 12 27 $
435 650 69 22 skulle
527 651 84 21 komma
632 653 31 18 att
678 652 66 24 göras,
759 651 46 20 icke
820 650 90 22 allenast

86 686 34 14 om
144 679 94 21 menföre
260 682 50 18 utan
334 680 61 20 äfven
416 686 35 14 om
471 679 73 28 backig
562 681 40 25 väg
617 680 38 20 och
671 679 57 27 dälig
743 681 46 25 väg,
803 679 22 21 sä
840 679 68 21 skulle

87 708 35 27 jag
137 708 63 20 ocksä
215 708 90 26 förorda,
316 708 55 21 hvad
387 708 203 27 landtdagsmannen
607 707 97 22 Olofsson
720 710 65 24 yttrat
800 707 108 27 angäende

86 736 62 28 länga
167 736 116 27 skjutshäll.
312 737 31 27 Ty
363 737 62 27 ingen
442 737 40 20 kan
499 737 97 26 bestrida,
612 739 29 19 att
657 743 33 14 om
707 737 40 20 den
764 736 87 21 resande
866 736 42 21 fär-

86 766 37 20 das
146 765 48 21 med
216 772 79 14 samma
311 766 111 26 hastighet,
437 766 22 20 sä
475 766 39 20 blir
529 766 35 20 det
583 766 3 19 i
601 772 79 14 samma
696 765 48 20 män
761 771 57 15 mera
835 765 74 21 betun-

86 794 69 27 gande
170 800 33 14 om
220 793 134 28 skjutshället
369 796 22 19 är
405 794 77 28 längre.
507 793 45 22 Och
568 794 34 20 det
616 793 69 21 finnes
700 794 31 20 till
746 794 39 20 och
801 794 47 20 med
860 793 49 27 2!/,

86 822 48 21 mils
156 822 62 28 länga
240 823 116 27 skjutshäll.
385 823 41 27 Jag
448 823 68 21 skulle
538 823 82 21 säledes
643 822 81 25 föreslä,
740 825 29 18 att
786 822 8 20 i
809 822 99 21 händelse

86 852 105 20 afständet
214 852 75 20 mellan
312 852 145 26 gästgifverier
479 852 124 26 öfverstiger
625 852 11 20 2
658 851 41 27 mil,
719 852 23 20 sä
757 851 68 21 skulle
840 851 68 21 farten

86 879 94 22 minskas
195 880 30 21 till
242 881 26 20 90
284 881 93 21 minuter
392 881 25 27 pä
433 880 70 21 milen.
533 880 10 21 I
558 880 63 28 öfrigt
641 880 85 21 förenar
746 880 36 27 jag
801 880 43 27 mig
860 879 46 22 med

86 909 204 28 landtdagsmannen
306 909 105 22 Duncker.

154 967 113 20 Edusmies
287 967 100 21 Wärri:
417 966 78 21 Kaikki
509 966 219 28 talonpoikaissäädyn
744 966 91 21 tekemät
851 966 57 27 paik-

87 995 101 21 kaamiset
210 996 61 20 tähän
294 995 103 28 pykälään
418 995 91 21 lienevät
524 995 51 27 yhtä
590 997 146 25 tarpeettomat
750 994 50 21 kuin
818 995 90 20 muihin-

86 1024 42 21 kin.
157 1024 69 21 Mutta
250 1024 137 21 velvollisuus
410 1024 62 21 vaatii
493 1024 140 25 kumminkin,
648 1025 42 19 että
706 1023 116 21 koetamme
839 1029 69 22 paras-

85 1055 83 18 tamme.
198 1053 113 21 Edusmies
333 1053 100 21 Duncker
453 1053 92 26 ehdoitti,
568 1055 42 18 että
632 1052 98 21 huonolla
751 1052 70 21 kelillä
837 1052 71 21 vauhti

86 1081 180 22 vähennettäisiin.
296 1081 58 21 Minä
375 1082 77 20 tahdon
476 1082 135 21 huomauttaa
632 1081 66 20 mihin
718 1081 190 20 ristiriitaisuuteen

86 1110 108 27 tultaisiin,
218 1122 28 3 —
268 1111 32 26 jos
322 1110 147 21 määrättäisiin
494 1110 83 20 huonon
595 1110 55 20 kelin
671 1109 75 20 aikana
763 1109 109 21 vauhdiksi
895 1110 12 20 9

86 1139 113 21 minuuttia
215 1139 91 21 virstalle
322 1151 28 3 —
365 1145 35 15 sen
418 1139 136 26 määräyksen
570 1138 82 26 kanssa,
663 1138 49 26 joka
727 1144 70 16 sanoo,
813 1138 48 20 ettei
872 1144 36 14 saa

86 1168 86 20 hevosta
195 1168 103 20 turmella.
328 1167 51 21 Sillä
398 1174 33 14 me
447 1168 112 20 tiedämme
575 1166 80 22 niinkin
672 1167 83 20 huonoa
771 1166 54 20 keliä
841 1166 68 27 löyty-

86 1198 48 23 vän,
155 1196 50 21 ettei
226 1196 87 21 hevosta
331 1196 155 21 turmelematta
501 1196 34 21 voi
550 1195 117 22 kuormalla
684 1194 74 22 kulkea
776 1195 132 27 penikulmaa

86 1225 158 21 kahdessakaan
268 1226 101 20 tunnissa.
399 1225 52 21 Siitä
469 1227 71 24 syystä
559 1231 26 15 en
601 1225 58 21 katso
674 1224 111 27 sopivaksi,
801 1226 42 19 että
858 1224 51 21 huo-

87 1254 56 21 nolla
165 1254 71 20 kelillä
254 1254 105 21 sallittava
374 1254 71 20 vauhti
461 1254 147 20 määrättäisiin
625 1253 82 21 vissiksi
722 1252 100 21 tunniksi.
851 1252 59 21 Minä

86 1282 140 26 ehdoittaisin,
248 1284 41 19 että
304 1282 48 26 yksi
367 1282 64 21 henki
445 1288 36 15 saa
497 1283 44 26 ajaa
555 1283 27 20 80
598 1282 125 20 minuutissa
738 1281 135 27 penikulman
888 1282 21 26 ja

86 1311 60 21 kaksi
161 1311 81 21 henkeä
258 1312 73 20 90:ssä.

155 1368 113 21 Edusmies
290 1368 173 26 Hegerström:
494 1368 32 21 On
550 1368 100 26 lausuttu,
672 1369 42 19 että
737 1368 47 26 yksi
808 1367 52 20 mies
875 1366 35 21 voi

86 1397 76 26 painaa
184 1403 71 13 saman
276 1403 73 13 verran
365 1396 50 20 kuin
433 1397 104 25 kaksikin;
554 1397 39 19 sitä
608 1402 26 13 en
652 1396 32 20 voi
700 1396 93 25 käsittää,
808 1395 46 21 sillä
870 1396 40 20 sel-

87 1426 39 19 vää
148 1424 73 25 lienee,
244 1426 41 19 että
307 1424 59 20 kaksi
386 1425 75 26 painaa
481 1424 82 24 enempi
584 1424 51 20 kuin
651 1424 46 25 yksi
714 1423 105 20 varsinkin
836 1423 32 27 jos
883 1429 27 14 ne

87 1452 95 22 erikseen
204 1455 47 19 ovat
269 1453 51 27 yhtä
335 1452 83 21 raskaat
433 1455 50 18 tuon
499 1452 70 27 yhden
586 1452 82 21 kanssa.
698 1451 56 21 Kuin
770 1453 70 19 sattuu
856 1450 54 28 kyy-

87 1482 111 21 dittäväksi
214 1482 57 21 esim.
289 1482 60 20 kaksi
365 1482 78 25 miestä,
457 1482 58 26 jotka
531 1480 110 28 kumpikin
656 1480 99 27 painavat
771 1480 25 20 12
810 1480 100 20 leiviskää

86 1512 21 26 ja
129 1511 51 21 kuin
205 1511 65 21 siihen
295 1510 55 22 vielä
371 1510 56 22 tulee
450 1510 119 27 kyytimies,
592 1509 44 21 niin
660 1516 26 14 on
710 1510 87 20 kuorma
815 1508 95 28 jotenkin
