1111 1784
196 139 54 21 1668
377 145 209 21 Talonpoikaissääty
599 144 54 18 1877.
674 144 27 17 80
713 148 19 17 p.
744 144 101 17 Marrask.

196 213 43 27 just
254 212 66 26 detta,
334 220 48 13 men
397 211 28 21 dä
439 220 49 13 man
503 212 68 21 kunde
586 212 65 21 tänka
665 212 37 27 sig,
712 214 32 18 att
757 214 16 18 t.
787 218 32 14 ex.
834 210 54 22 midt
902 212 8 20 i
925 218 90 14 somma-

195 248 38 14 ren
260 248 26 14 en
310 243 91 19 trumma
422 240 67 22 skulle
509 239 27 30 gä
557 240 76 22 sönder
654 240 40 21 och
715 242 83 25 ägaren,
813 239 65 21 ehuru
893 238 85 29 tillsagd
993 239 22 21 af

196 269 206 28 kronobetjeningen,
417 268 65 22 likväl
497 268 67 23 skulle
578 268 87 22 tredska
679 271 33 19 att
726 275 98 22 reparera
838 268 47 26 den,
894 267 57 23 hvad
965 275 50 14 vore

196 297 28 22 dä
246 298 126 28 naturligare
393 299 26 20 än
441 300 32 19 att
493 298 41 21 den
555 297 123 29 försumlige
699 296 67 22 skulle
786 296 24 22 få
832 296 73 29 plikta.
934 296 81 22 Landt-

196 326 142 29 dagsmannen
349 326 103 22 Gadolins
462 326 136 28 anmärkning
608 326 117 28 förtjenade
735 326 17 28 ej
764 325 66 22 heller
840 325 63 28 nägot
910 325 105 27 afseende,

196 355 30 21 då
246 356 162 27 entreprenören
429 355 23 28 ju
473 355 61 21 alltid
555 357 23 19 är
592 358 33 18 att
641 362 60 14 anses
716 354 68 22 såsom
799 354 41 22 den
855 353 161 29 vägbyggnads-

197 384 103 28 skyldige.
328 383 67 23 Hvad
416 383 59 21 tiden
495 384 35 21 för
543 383 98 22 böternas
656 383 115 28 uttagande
786 382 127 28 beträffade,
923 382 24 22 sä
960 382 55 22 hade

195 412 104 22 utskottet
320 412 108 22 förändrat
442 412 48 22 nåd.
504 413 166 28 propositionens
685 412 13 20 2
713 412 66 28 dagar
792 411 33 22 till
840 412 20 25 4,
872 412 88 21 emedan
975 410 41 23 den

197 440 248 29 vägbyggnadsskyldige
466 441 46 21 ofta
533 441 70 21 kunde
623 440 65 22 hafva
708 440 49 29 läng
778 442 41 27 väg
833 440 33 21 till
880 440 136 21 länsmannen

197 469 35 21 för
246 472 33 19 att
292 468 72 22 betala
378 469 57 22 hvad
450 469 68 22 denne
532 469 86 29 nedlagt
647 469 13 21 pä
673 469 115 28 landsväga
798 468 160 28 förbättringen,
967 476 50 14 men

197 501 33 19 att
252 498 69 22 denna
342 498 33 21 tid
392 498 67 21 skulle
474 498 117 22 utsträckas
605 477 41 43 tal
655 499 26 20 14
696 497 65 28 dagar
775 505 50 14 vore
840 497 117 21 detsamma
972 504 44 14 som

197 529 33 19 att
251 530 126 26 uppmuntra
398 526 165 28 värdslösheten,
584 526 28 22 dä
631 526 53 22 hvar
697 526 41 22 och
752 534 26 13 en
793 526 54 22 skall
862 529 50 19 veta
925 528 38 19 när
977 533 39 21 syn

196 555 101 22 förrättas
320 558 55 19 samt
394 563 35 15 om
443 555 53 22 hans
510 558 42 26 väg
566 555 28 22 dä
608 558 23 19 är
645 556 8 20 i
668 555 61 22 skick
744 555 51 21 eller
808 555 54 22 icke.
891 555 75 21 Hafva
979 562 37 14 an-

195 584 134 29 märkningar
351 584 35 22 vid
408 592 65 21 synen
488 584 71 22 blifvit
573 584 78 29 gjorde,
661 584 24 21 sä
700 584 54 22 hade
769 584 41 21 den
825 584 122 28 försumlige
962 586 54 19 ännu

196 614 13 20 8
232 614 75 27 dagars
329 613 32 22 tid
383 616 32 19 att
436 614 48 27 laga
498 614 32 20 sin
545 616 40 26 väg
599 613 41 21 och
655 612 68 23 denna
737 612 32 22 tid
785 613 64 21 borde
865 620 50 14 vara
929 612 87 22 alldeles

194 641 121 29 tillräcklig.

266 699 111 22 Edusmies
397 700 166 21 Riihimäki
577 700 45 21 teki
637 708 71 13 saman
723 699 153 22 muistutuksen
891 699 50 21 kuin
956 700 60 20 edus-

196 728 52 21 mies
272 728 98 28 Gadolin,
392 728 48 21 eikä
462 728 72 22 voinut
551 728 108 29 hyväksyä
673 728 103 22 edusmies
791 728 29 21 H.
834 728 95 22 Jaatisen
944 728 72 21 ehdoi-

195 759 63 24 tusta,
282 757 48 21 sillä
351 756 160 22 urakkamiehet
531 757 125 21 tavallisesti
677 757 67 22 olivat
763 756 83 29 köyhää
860 757 85 26 kansaa,
959 756 58 28 joilla

196 786 60 20 usein
271 786 19 21 ei
305 786 52 21 ollut
372 785 142 22 hevostakaan
529 785 47 21 eikä
590 785 65 22 heillä
668 786 94 21 urakalla
776 786 55 28 juuri
841 786 52 21 ollut
908 787 109 19 enemmän

198 814 50 21 kuin
270 814 71 28 yhden
356 814 57 21 talon
428 815 36 20 tie.
492 813 51 22 Kun
558 815 36 21 siis
609 814 57 22 rikos
680 814 29 21 oli
724 822 64 17 sama,
803 814 44 21 niin
860 814 73 28 pitäisi
947 815 70 27 myös-

197 842 37 22 kin
250 842 66 22 sakko
331 843 82 21 oleman
428 850 59 14 sama
500 842 74 22 taikka
589 842 84 22 ainakin
687 843 72 28 pitäisi
774 850 22 14 se
812 844 149 20 määrättämän
972 843 44 21 tien

196 872 104 28 pituuden
315 872 28 21 eli
357 872 123 21 manttaalin
495 871 96 22 mukaan.

265 929 215 28 Landtdagsmannen
494 928 130 22 Eklund:
644 928 214 29 Landtdagsmannen
873 928 91 22 Avellan
979 928 38 21 har

196 957 104 28 anmärkt,
316 961 33 18 att
364 959 11 26 $
391 957 67 22 skulle
473 957 44 22 lida
531 957 23 22 af
568 965 26 14 en
609 957 118 29 otydlighet
740 957 40 22 och
795 958 35 27 jag
844 957 117 29 medgifver
975 957 42 22 vis-

197 987 97 28 serligen,
310 989 33 19 att
363 986 41 22 den
426 986 71 21 kunde
518 993 51 15 vara
583 986 110 29 tydligare,
708 993 48 14 men
770 987 21 27 jag
820 989 44 18 tror
878 989 32 18 att
924 985 34 28 de,
972 993 45 14 som

197 1015 85 22 komma
304 1018 33 19 att
356 1015 96 28 tillämpa
466 1015 127 26 densamma,
607 1015 48 21 icke
670 1014 59 22 skola
742 989 119 58 missförstå
876 1015 46 21 den.
951 1014 67 22 Hvad

196 1043 107 29 plikterna
326 1043 136 26 vidkommer,
484 1043 24 21 så
529 1045 36 20 äro
586 1043 27 22 de
635 1045 66 20 större
721 1044 33 20 för
768 1045 163 26 entreprenören
945 1043 73 21 derför

196 1075 32 18 att
248 1072 41 21 han
304 1072 42 21 kan
360 1072 65 21 hafva
440 1079 24 14 en
480 1072 35 21 hel
530 1072 108 21 kommuns
653 1074 64 25 vägar
731 1071 29 29 på
774 1072 139 28 entreprenad
927 1071 41 22 och
979 1071 44 29 all-

196 1100 59 22 deles
270 1100 115 21 försumma
400 1099 60 22 deras
475 1100 91 28 lagning,
577 1100 25 21 så
616 1103 32 19 att
662 1100 45 21 folk
723 1100 69 22 kunna
807 1101 62 28 bryta
882 1100 80 21 nackar
977 1099 40 22 och

196 1129 40 21 ben
259 1129 29 28 på
302 1130 32 27 sig
348 1129 40 21 och
403 1129 28 21 då
445 1131 23 19 är
484 1136 24 14 en
524 1129 55 29 plikt
593 1129 23 21 af
631 1129 41 21 200
687 1129 47 21 icke
749 1129 35 21 för
798 1129 91 28 mycket.
918 1129 43 21 Om
976 1128 41 21 den

196 1157 96 22 enskilde
307 1157 250 28 vägbyggnadsskyldige
571 1157 116 22 uraktlåter
701 1158 32 20 sin
748 1157 128 29 skyldighet,
890 1157 24 22 så
927 1157 34 21 får
975 1157 43 21 han

195 1186 69 28 plikta
280 1187 12 21 6
307 1186 36 21 mk
358 1186 40 21 och
413 1188 161 26 entreprenören
589 1185 102 22 likaledes
705 1186 8 21 i
727 1193 80 14 samma
814 1187 128 28 proportion,
953 1185 24 22 så
986 1188 32 19 att

196 1222 35 13 om
255 1217 41 19 han
318 1217 16 18 t.
355 1222 32 13 ex.
402 1214 38 22 har
454 1215 28 28 på
497 1215 137 28 entreprenad
649 1217 78 19 tvänne
742 1215 117 28 vägalotter
874 1214 39 21 och
928 1215 89 20 försum-

196 1251 46 13 mar
264 1243 62 22 deras
348 1243 91 28 lagning,
460 1243 54 21 skall
535 1243 42 22 han
593 1243 70 28 plikta
680 1244 25 21 12
720 1243 36 21 mk
771 1251 18 13 o.
804 1251 16 14 s.
835 1251 19 14 v.
883 1243 134 28 Landtdags-

195 1279 90 14 mannen
300 1271 82 22 Wärris
397 1271 139 28 anmärkning
550 1279 33 14 om
601 1272 60 27 »laga
675 1271 83 22 förfall»
776 1272 101 28 förtjenar
891 1271 48 22 icke
954 1271 64 28 något

196 1300 107 27 afseende,
318 1300 89 21 emedan
428 1300 105 21 allmänna
553 1301 62 27 lagen
635 1300 65 21 redan
722 1300 86 28 stadgar
828 1301 79 20 härom.
936 1299 81 22 Landt-

195 1328 143 27 dagsmannen
353 1328 58 21 Keto
426 1329 45 20 åter
485 1328 39 21 har
538 1329 57 20 velat
609 1330 52 25 göra
675 1329 36 20 det
725 1329 75 27 tillägg
811 1329 8 20 i
832 1330 16 25 8,
858 1331 32 18 att
900 1328 37 21 två
945 1330 73 19 nämn-

196 1355 76 22 demän
304 1355 37 23 vid
370 1363 38 21 syn
440 1356 65 21 borde
537 1359 93 23 närvara,
655 1363 48 14 men
733 1364 48 13 man
810 1357 40 21 bör
877 1356 141 28 ihågkomma,

195 1387 33 18 att
252 1385 22 21 vi
298 1384 66 23 hafva
390 1391 26 15 en
440 1385 72 28 kunglig
551 1384 126 22 instruktion
701 1385 34 21 för
758 1385 175 28 landshöfdingar
954 1385 23 21 af
995 1384 23 22 år

196 1413 62 27 1734,
280 1413 38 22 der
333 1413 60 22 detta
421 1413 118 29 stadgande
568 1413 65 22 redan
661 1413 116 22 förefinnes
806 1413 41 23 och
875 1421 45 15 som
949 1413 69 23 denna

195 1442 128 22 instruktion
338 1450 76 21 genom
428 1442 139 22 förevarande
582 1443 216 28 författningsförslag
812 1443 48 22 icke
876 1443 77 22 blifver
962 1451 56 22 upp-

196 1471 85 27 häfven,
296 1471 24 22 sä
333 1471 67 29 gäller
415 1471 41 22 den
470 1474 60 19 ännu.
554 1471 113 23 Utskottet
681 1471 38 22 har
733 1471 65 23 ocksä
812 1472 111 22 förändrat
937 1473 80 28 ingres-

196 1508 37 14 sen
255 1501 33 21 till
310 1501 239 28 författningsförslaget
569 1501 42 28 just
633 1501 34 21 för
689 1504 32 19 att
739 1501 69 22 denna
822 1501 126 28 författning
963 1504 55 19 ännu

196 1531 23 21 är
242 1529 104 29 gällande.
375 1529 42 30 Jag
439 1530 41 22 kan
501 1529 71 23 derför
594 1530 49 22 icke
665 1533 64 19 annat
748 1533 26 20 än
789 1538 49 14 anse
853 1533 33 20 att
901 1530 26 22 de
943 1531 74 29 lappar
