1111 1789
249 140 210 21 Talonpoikaissääty
472 141 52 18 1877.
549 142 24 17 27
585 145 19 17 p.
617 141 99 17 Marrask.
840 135 55 22 1615

78 209 27 28 pä
127 209 71 28 dylika
220 210 75 21 ställen
318 210 90 27 anlägga
420 211 113 26 jernvägar
548 210 65 27 enligt
635 211 75 21 sädant
724 213 85 24 system,
824 212 29 19 att
869 211 26 21 de

78 238 60 21 täcka
165 238 204 21 trafikkostnaderna
388 241 54 19 samt
464 239 57 27 gifva
546 239 68 27 någon
630 239 50 21 liten
698 240 60 21 vinst.
789 239 106 22 Utskottet

77 267 38 21 har
129 267 65 21 likväl
208 267 47 21 icke
270 267 7 20 i
292 268 35 20 sitt
342 268 49 21 sista
407 267 133 22 betänkande
556 267 47 28 följt
611 267 60 22 dessa
679 268 110 28 principer,
804 273 45 16 som
859 267 36 28 jag

77 301 62 16 anser
162 302 49 14 vara
233 295 135 22 obestridlida
386 297 40 20 och
448 296 139 27 nödvändiga,
603 303 33 14 om
652 303 49 14 man
717 297 47 20 med
781 297 64 25 utsigt
861 303 35 14 om

76 323 110 28 framgång
211 323 37 22 vill
266 325 88 26 anlägga
382 330 26 15 en
430 325 94 26 jernväg.
554 324 115 22 Uttskottet
684 325 37 21 har
735 324 114 28 föreslagit,
865 327 31 18 att

75 353 115 27 jernvägen
206 352 68 21 skulle
289 353 26 27 gå
330 353 47 20 från
390 353 141 21 Tammerfors
546 359 75 21 genom
636 353 55 28 glest
706 353 96 22 bebodda
817 353 79 21 trakter

77 381 39 21 och
139 381 68 28 dragit
228 382 39 20 den
289 381 32 22 till
337 382 83 25 trakter,
436 381 38 22 der
497 381 148 28 befolkningen
662 384 23 19 är
699 384 57 19 ännu
771 381 81 28 glesare
867 384 26 19 än

77 410 98 27 omkring
189 410 108 27 Näsijärvi.
320 410 42 27 Jag
376 412 43 19 tror
433 410 53 26 icke,
502 413 30 18 att
546 410 47 21 med
609 411 99 21 afseende
724 411 49 21 derå
788 417 48 14 man
852 410 41 21 kan

75 439 64 21 hafva
160 439 55 28 hopp
238 445 34 15 om
295 441 30 19 att
347 439 69 21 denna
438 439 54 21 bana
514 439 53 22 skall
582 439 88 22 rendera
686 446 38 15 ens
736 439 63 27 något
814 439 23 21 så
852 441 43 23 när,

75 468 82 21 hvilket
178 468 64 21 likväl
262 470 23 19 är
300 468 129 28 nödvändigt
450 469 33 20 för
498 471 29 19 att
542 468 40 21 den
602 468 46 22 icke
663 468 69 21 skulle
747 468 65 21 blifva
827 468 70 22 alltför

76 497 116 27 tryckande
206 496 32 22 för
253 496 82 22 landets
347 497 103 21 ekonomi.
481 497 39 21 Om
536 497 82 21 ståndet
632 497 68 21 skulle
716 497 81 22 besluta
813 498 29 20 att
857 504 39 14 un-

77 525 38 21 der
134 526 25 20 de
175 526 12 20 5
203 525 140 29 nästföljande
359 526 49 22 åren
430 526 70 28 bygga
515 526 68 26 någon
598 526 93 28 jernväg,
706 526 22 21 så
744 526 41 21 kan
799 526 36 27 jag
849 526 47 20 icke

77 554 112 28 godkänna
205 554 237 27 utskottsbetänkandet,
458 557 50 19 utan
525 555 35 21 vill
570 555 35 27 jag
615 555 83 21 förorda
708 555 48 21 herr
765 554 131 28 Lagerborgs

75 584 134 20 reservation.
239 583 47 21 Den
312 584 21 20 af
357 584 76 20 honom
451 584 119 27 föreslagna
588 584 68 21 banan
673 584 69 20 skulle
758 584 63 20 näml.
837 583 59 21 kom-

77 618 34 15 ma
126 614 30 19 att
171 612 25 28 gå
211 618 75 22 genom
296 612 26 21 de
333 612 84 28 tidigast
427 612 130 21 kultiverade
566 612 39 21 och
615 614 62 19 tätast
686 612 112 22 befolkade
809 612 86 21 delarne

77 640 21 22 af
113 641 72 21 landet
206 641 40 21 och
260 641 69 21 skulle
339 640 81 22 således
435 643 57 19 ännu
508 642 103 26 hastigare
626 640 98 22 utveckla
739 641 100 27 odlingen
856 641 39 21 och

77 669 121 28 derigenom
214 670 62 21 äfven
293 670 56 26 gifva
364 672 66 19 större
446 670 125 28 afkastning.
594 669 75 22 Dertill
684 670 95 21 kommer
794 672 62 23 ännu,
865 671 30 19 att

77 698 41 22 den
134 700 50 20 nära
204 698 60 22 berör
297 699 126 21 Österbottens
444 698 74 28 städer,
539 705 45 15 som
599 698 48 22 med
663 698 89 22 bibanor
766 698 71 22 kunde
853 698 43 21 för-

77 734 50 14 enas
141 727 49 22 med
206 727 74 28 sjelfva
295 727 158 22 hufvudbanan.
476 727 72 22 Skalle
557 728 94 21 deremot
661 727 70 21 banan
743 727 76 28 dragas
829 729 66 19 öster-

77 756 52 21 eller
153 758 103 20 vesterom
277 756 110 28 Näsijärvi,
402 756 24 21 så
448 756 69 22 skulle
540 757 60 21 dessa
621 756 70 21 städer
705 756 84 22 komma
805 758 30 19 att
849 756 46 21 föra

77 787 29 19 ett
120 785 93 27 tynande
228 785 29 21 lif.
281 784 30 22 På
326 785 60 21 dessa
397 785 80 27 ganska
492 784 165 23 beaktansvärda
672 785 92 27 grunder
779 791 62 15 anser
853 785 42 27 jag,

77 816 30 20 att
121 814 69 21 banan
205 814 47 21 icke
267 814 38 21 bör
315 814 26 28 gå
356 814 69 22 alltför
439 814 59 28 långt
512 814 46 22 från
574 814 81 21 kusten.

144 872 145 22 Puhemiehen
304 872 156 22 ehdoituksesta
471 872 63 28 päätti
544 874 59 26 sääty
614 874 44 25 nyt,
668 873 42 20 että
722 872 111 21 mietinnöt
843 871 52 21 koh-

77 902 74 21 dittain
175 902 46 20 olisi
243 901 137 28 läpikäytävä,
392 901 64 27 jonka
473 901 72 21 vuoksi
560 902 88 26 jätettyä
663 900 137 22 alkulauseen
816 901 79 21 toistai-

77 930 55 21 seksi
148 930 97 22 esiteltiin
268 931 5 20 1
290 930 149 28 päämomentti
454 930 137 21 mietinnössä
605 930 39 21 N:o
661 930 11 20 1
688 930 21 27 ja
724 935 37 15 sen

438 988 12 20 1
466 988 68 20 kohta.

144 1040 138 21 Edusmiehet
297 1039 172 27 Riihimäki,
484 1038 226 29 Kumpulainen
725 1039 21 27 ja
757 1038 138 22 Puhakka

77 1069 139 27 hyväksyivät
231 1068 89 22 kohdan.

145 1120 213 28 Landtdagsmannen
374 1120 119 20 Aschan
508 1119 100 22 förenade
619 1119 32 27 sig
661 1118 49 22 med
724 1118 171 28 landtdagsman-

77 1154 41 16 nen
135 1149 127 21 Strähle.

145 1206 112 21 Edusmies
272 1206 144 21 Karlstedt
443 1206 20 21 ei
471 1206 73 20 voinut
551 1204 108 28 hyväksyä
673 1204 127 28 Jyväskylän
812 1200 84 38 —Niko-

77 1234 166 28 lainkaupungin
259 1237 57 19 rataa
331 1236 73 26 syystä
419 1236 42 20 että
475 1234 89 21 tällaiset
579 1233 180 21 rinnakkaisradat
774 1233 55 21 eivät
844 1233 51 21 kan-

78 1266 55 24 nata,
148 1263 43 21 kun
207 1265 108 19 anastavat
329 1263 104 22 toisiltaan
448 1263 118 21 liikenteen.

147 1314 212 28 Landtdagsmannen
381 1314 77 22 Keto
480 1314 111 27 godkände
616 1313 100 28 punkten,
739 1312 106 22 anseende
861 1312 35 22 det

77 1350 30 15 nu
122 1350 50 15 vara
194 1344 85 27 mycket
293 1344 167 27 fägnesammare
473 1345 29 19 att
517 1343 81 21 besluta
613 1349 33 14 om
657 1342 138 27 jernvägarna
810 1337 19 38 än
837 1342 13 20 i
860 1341 35 21 vä-

78 1379 40 20 ras,
133 1373 65 21 sedan
213 1378 49 15 man
278 1372 62 21 nämil.
363 1372 38 21 fått
416 1374 48 19 veta
480 1372 35 20 det
529 1370 181 22 tillfredställande
726 1370 93 27 resultat,
834 1370 62 20 hvar-

77 1402 32 19 till
124 1401 41 21 den
177 1402 32 19 för
224 1400 84 27 frågans
323 1400 113 27 utredning
452 1400 94 22 nedsatta
561 1400 92 21 komitön
669 1399 93 21 kommit.

147 1452 112 21 Edusmies
273 1451 89 21 Laari
376 1450 104 27 hyväksyi
496 1450 89 21 kohdan.

147 1504 113 21 Edusmies
270 1504 20 21 A
298 1502 98 22 vellan
407 1502 105 21 muistutti
520 1501 106 21 edusmies
633 1500 134 26 Karlstedtia,
775 1502 43 20 että
825 1500 70 22 hänen

79 1532 180 23 muistutuksensa
274 1532 55 22 tosin
344 1532 20 21 ei
379 1532 53 21 ollut
446 1532 92 27 perätön,
551 1532 68 20 mutta
639 1530 47 21 sillä
703 1530 20 22 ei
738 1529 53 22 ollut
811 1530 84 21 sanottu
