1095 1778
290 135 212 21 Talonpoikaissääty
514 135 54 18 1877.
593 134 23 19 18
627 140 20 16 p.
659 135 80 17 Lokak.
868 128 54 21 1109

107 204 25 21 12
154 204 7 20 i
183 203 110 22 månaden.
323 203 185 23 Sammanträdena
531 207 34 18 äro
589 204 121 27 visserligen
730 211 27 14 nu
773 204 83 27 längre;
873 210 48 15 men

105 233 40 20 den
169 239 44 15 som
237 233 44 20 vill
304 235 50 25 göra
377 233 35 21 det
431 233 64 21 borde
515 233 58 21 häraf
592 234 82 20 kunna
692 233 61 23 sluta,
775 235 30 18 att
826 233 34 26 jag
875 233 47 20 icke

105 265 51 18 utan
176 261 42 22 skäl
239 261 78 22 lemnat
332 262 255 27 diskussionsprotokollet
603 262 30 21 för
649 262 64 26 några
729 262 73 26 dagars
818 267 104 15 samman-

105 290 72 21 träden
198 291 117 20 oöfversatt.
337 303 25 2 —
374 291 58 20 Eller
447 297 61 14 anser
522 297 48 14 man
587 291 84 25 kanske,
687 293 29 18 att
730 291 36 26 jag
780 296 70 15 ensam
867 290 55 21 skall

105 319 69 22 utföra
196 319 80 21 arbetet
298 319 32 21 för
352 319 138 28 landtdagens
512 319 64 22 första
594 319 81 24 mänad,
695 319 26 20 dä
739 318 80 21 arbetet
833 318 38 21 har
886 319 36 20 det

105 348 91 27 omfång,
204 350 29 19 att
247 348 69 21 dertill
331 348 119 21 sedermera
466 348 39 21 den
522 348 65 21 andra
602 348 38 21 och
655 348 66 26 tredje
733 347 109 27 månaden,
855 347 67 21 under

105 376 108 22 enahanda
235 376 222 28 arbetsförhällanden,
479 380 54 18 samt
555 377 39 21 den
614 376 67 28 fjerde
699 376 102 22 mänaden
818 376 103 20 användts

105 406 34 21 två
162 406 90 21 notarier
275 406 39 21 och
336 413 34 15 nu,
394 406 84 22 oaktadt
496 406 79 21 arbetet
592 406 46 21 icke
657 405 123 26 öfverstiger
794 404 127 22 åtminstone

105 435 35 21 det
155 435 31 21 för
201 435 42 27 Maj
259 435 83 26 mänad,
358 435 106 21 användas
480 437 30 19 tre
525 435 106 21 notarier?
655 434 39 21 Vid
706 435 74 20 sädant
790 434 131 21 förhällande

105 465 22 20 är
149 464 18 27 ej
184 463 32 22 för
232 464 84 26 mycket
331 464 99 25 fordradt,
445 466 29 18 att
489 465 29 20 ett
533 466 64 18 annat
612 463 157 21 notariearvode
784 462 129 21 utanordnas

105 493 31 20 för
158 492 139 27 landtdagens
319 493 64 20 första
401 492 76 21 månad
498 492 31 21 till
545 492 114 27 ersättning
674 493 21 20 ät
709 492 40 21 den
765 498 45 14 som
826 491 96 21 kommer

105 524 30 19 att
156 521 111 22 öfversätta
290 521 255 27 diskussionsprotokollet
568 521 32 21 för
621 521 5 20 i
647 520 150 28 frägavarande
817 526 103 15 samman-

104 550 80 26 träden,
203 551 86 25 hvilket,
309 551 5 20 i
334 550 105 21 anseende
455 551 30 20 till
503 550 35 21 det
553 550 77 21 dubbla
646 549 76 26 arbete,
737 549 63 22 första
816 549 104 21 mänaden

105 580 35 27 gaf
154 580 49 27 mig,
219 579 68 22 blifvit
302 579 119 21 oöfversatt.

517 637 57 21 Med
591 637 118 26 fullkomlig
724 636 130 28 högaktning

567 695 26 21 A.
610 694 67 22 Henr.
697 695 121 25 Snellman,

540 736 13 16 1.
571 735 16 17 d.
607 734 64 18 notarie
688 734 7 17 i
712 734 135 18 Bondeständet,

172 787 78 21 Tämän
265 788 96 26 johdosta
377 787 67 21 lausui

173 844 112 22 Edusmies
310 845 110 25 Brusila,
444 845 49 21 ettei
518 845 40 21 hän
584 844 33 21 voi
641 844 87 21 käsittää
751 845 57 20 asian
831 845 89 21 suhteen

105 876 73 19 muuta
200 874 50 21 kuin
274 876 42 19 että
338 881 29 20 se,
388 874 48 27 joka
459 877 55 18 ottaa
536 874 80 27 jonkun
637 875 51 25 työn
706 873 144 26 tehdäksensä,
866 874 55 27 pitää

104 903 72 21 huolta
192 909 35 15 sen
245 904 155 27 täyttämisestä.

173 967 212 27 Landtdagsmannen
398 966 63 21 Keto
473 967 99 21 förenade
583 967 31 26 sig
625 967 48 20 med
683 966 138 28 landtdagsm.
831 966 91 21 Brusila.

906 1010 13 17 +

172 1029 112 21 Edusmies
309 1029 139 22 Meurman:
479 1029 57 22 Minä
560 1029 108 27 hyväksyn
695 1029 95 26 myöskin
814 1029 106 21 edusmies

103 1058 98 21 Brusilan
218 1058 125 27 lausunnon,
357 1058 132 21 kumminkin
505 1059 46 20 sillä
566 1058 175 25 muistutuksella,
757 1060 41 19 että
810 1059 43 19 kun
866 1060 54 18 tämä

103 1087 48 26 yksi
165 1087 80 21 notario
262 1087 87 25 otettiin,
364 1087 43 20 niin
424 1087 39 21 hän
480 1087 18 21 ei
514 1088 88 26 tiennyt,
618 1088 41 19 että
674 1088 55 19 tämä
744 1093 128 14 suomennos
883 1086 37 28 piti

105 1116 67 20 hänen
188 1116 100 26 työkseen
304 1116 61 26 tulla;
381 1116 69 20 silloin
467 1116 18 20 ei
501 1115 52 21 ollut
570 1116 54 20 vielä
638 1116 75 20 asiasta
729 1116 76 20 mitään
822 1117 98 25 päätetty.

172 1179 112 21 Edusmies
299 1179 172 27 Hegerström:
495 1179 76 21 Saman
587 1178 155 21 muistutuksen
757 1178 102 27 johdosta,
871 1178 50 20 mitä

105 1208 105 21 edusmies
226 1208 109 20 Meurman
352 1210 37 24 nyt
404 1208 49 26 teki,
469 1208 56 20 minä
541 1208 116 27 puolestani
669 1207 61 27 pidän
742 1207 180 27 kohtuuttomana,

105 1239 42 19 että
168 1236 145 22 Snellmanilta
332 1236 108 22 vaaditaan
458 1238 109 20 enemmän
584 1236 50 21 kuin
650 1236 41 21 hän
707 1242 27 15 on
749 1236 74 20 voinut
837 1237 84 25 täyttää.

105 1265 71 21 Koska
191 1266 138 20 semmoiseen
346 1266 76 26 työhön
440 1272 26 14 on
481 1266 122 26 jälestäpäin
619 1266 92 19 havaittu
727 1265 107 27 useampia
844 1264 78 21 miehiä

105 1295 130 24 tarvittavan,
251 1294 46 20 olisi
312 1296 56 18 tämä
383 1296 35 24 työ
434 1294 35 20 siis
485 1294 82 21 tehtävä
582 1294 117 21 erinäisellä
714 1293 109 21 maksulla.

173 1357 111 21 Edusmies
307 1357 131 21 Heikkilä:
469 1357 40 20 Sen
532 1356 91 21 mukaan
646 1356 51 20 kuin
716 1356 57 20 minä
788 1356 74 20 käsitin
878 1358 44 18 tätä

104 1387 117 25 kirjoitusta
238 1386 117 23 luettaessa,
372 1388 40 24 näy
471 1385 53 26 siltä,
539 1385 50 20 kuin
607 1385 45 20 olisi
668 1385 80 20 notario
759 1384 106 21 Snellman
877 1385 44 20 teh-

104 1417 39 23 nyt
158 1415 111 19 enemmän
284 1414 51 20 kuin
351 1414 83 20 häneltä
450 1414 45 19 olisi
511 1414 73 19 oikeus
600 1413 71 20 vaatia.
697 1413 131 20 Sananlasku
843 1419 78 13 sanoo:

107 1442 101 26 »työmies
231 1448 26 14 on
281 1442 115 26 palkkansa
418 1442 131 19 ansainnuts.
581 1440 72 21 Silloin
677 1441 50 19 kuin
751 1440 107 21 Snellman
882 1441 39 20 tuli

105 1470 119 28 notarioksi,
247 1470 19 20 ei
288 1470 53 21 ollut
363 1470 93 26 tiettynä,
479 1471 41 19 että
542 1469 125 28 pöytäkirjat
689 1469 64 21 olivat
769 1468 153 26 käännettävät,

105 1500 54 27 josta
176 1501 72 25 syystä
263 1499 57 21 minä
336 1499 61 27 pidän
414 1498 179 28 sopimattomana,
608 1500 41 19 että
665 1498 62 21 häntä
742 1498 109 21 vaaditaan
868 1500 54 24 täyt-

106 1530 82 20 tämään
204 1530 58 19 tuota
277 1528 141 27 ylimääräistä
433 1529 62 25 työtä.
