1103 1781
190 134 55 20 1468
368 139 209 21 Talonpoikaissääty
590 140 54 17 1877.
658 139 22 17 13
691 144 19 16 p.
723 138 100 18 Marrask.

189 209 68 20 täisiin
280 208 231 27 rangaistuslaitoksiin,
530 208 52 21 kuin
604 208 83 21 läänien
709 208 145 25 vankeuksiin,
875 207 21 27 ja
913 206 94 27 yhdistyi

189 237 35 21 siis
240 237 106 21 edusmies
359 236 121 22 Liukkosen
496 237 80 21 kanssa.

257 293 199 28 Landtdagsmanen
467 293 119 28 Langön
598 293 129 26 förmenade,
735 295 30 20 att
773 293 26 22 de
809 293 119 28 föreslagna
938 293 69 22 straff-

189 323 166 27 inrättningarne
378 325 51 18 utan
444 322 73 21 tvifvel
538 329 43 20 nog
595 323 84 20 komme
697 324 31 19 att
743 322 96 27 uppfylla
855 323 35 20 sitt
904 322 105 25 ändamäl,

188 357 50 15 men
257 351 35 21 vid
315 351 116 21 reformens
454 351 164 28 genomförande
641 351 64 21 borde
728 351 65 28 enligt
816 351 90 21 talarens
921 351 87 27 mening

190 380 119 21 varsamhet
330 379 103 28 iakttagas
458 380 37 21 och
517 379 76 22 folkets
621 379 112 28 tillgångar
755 381 59 26 tagas
836 380 8 20 i
865 379 145 26 betraktande,

189 409 81 21 hvadan
286 409 41 20 han
343 409 77 27 gillade
435 409 111 21 utskottets
562 408 139 22 betänkande.

256 465 113 22 Edusmies
383 465 210 28 Hegerström:
605 465 100 28 Useampi
713 466 80 27 puhuja
801 473 27 14 on
837 466 98 27 kiittänyt
944 465 64 22 valio-

188 495 87 20 kunnan
298 495 65 21 tointa
385 495 21 27 ja
428 496 97 23 sanonut,
548 496 41 20 että
611 501 22 14 se
654 501 27 14 on
705 494 65 27 hyvin
786 495 114 21 edustanut
914 494 93 21 Suomen

189 523 83 27 köyhää
294 523 83 27 kansaa,
401 525 67 19 mutta
490 523 39 21 sitä
552 523 80 21 vastoin
655 523 108 21 moittinut
784 523 127 22 hallituksen
936 523 73 21 tointa.

188 551 129 22 Valiokunta
331 553 45 20 taas
391 551 78 28 kiittää,
484 553 43 20 että
541 551 127 22 hallituksen
683 552 59 21 toimi
753 558 27 15 on
796 552 53 21 ollut
859 552 82 21 erittäin
952 552 55 26 hyvä

188 581 21 26 ja
223 580 126 27 ylistettävä.
378 579 59 22 Minä
452 587 26 14 en
493 582 107 26 ymmärrä
617 580 64 21 miten
697 582 56 19 tämä
767 581 54 27 sopii
837 580 83 27 yhteen.
950 580 59 21 Minä

189 615 26 15 en
238 608 151 22 likimainkaan
411 609 34 21 voi
460 609 109 27 hyväksyä
592 609 83 21 kaikkia
690 609 52 21 niitä
757 609 187 28 rahamääräyksiä,
958 609 50 28 joita

189 637 123 22 valiokunta
334 644 28 14 on
385 638 104 27 esittänyt,
511 640 67 19 mutta
599 637 74 22 luulen
696 637 97 28 vieläkin,
816 640 41 19 että
879 638 73 21 suurin
968 645 40 19 syy

190 666 141 21 valiokunnan
352 666 137 21 mietinnössä
511 673 26 14 on
560 673 28 19 se,
604 667 56 20 ett'ei
681 667 33 20 ole
729 668 127 26 myönnetty
870 667 72 26 rahoja
957 666 51 22 Hel-

188 695 68 27 singin
280 695 240 27 rangaistuslaitokseen,
542 696 21 27 ja
583 695 87 21 luulisin
685 696 104 26 myöskin,
805 698 42 19 että
862 697 70 19 nämät
947 697 61 20 muut

187 726 87 25 tarpeet,
289 724 33 27 jos
337 723 74 27 säädyt
426 724 104 21 lainaavat
545 724 236 27 myötävaikutuksensa
796 724 148 25 hallitukselle,
959 724 49 21 tuli-

189 753 53 21 sivat
256 752 127 22 hallituksen
400 753 85 21 varoilla
508 752 210 28 toimeenpantaviksi
735 753 39 21 sitä
789 755 85 25 myöten
890 753 51 21 kuin
957 753 52 21 niitä

188 781 147 21 tarvitaankin.
364 781 59 22 Minä
447 781 133 22 edelleenkin
603 781 98 22 tahtoisin
723 783 100 26 myöntää
845 788 43 15 nuo
910 784 100 24 summat,

189 810 51 21 mitä
256 817 26 14 on
298 810 104 27 pyydetty
416 810 112 28 Helsingin
544 811 20 26 ja
578 811 72 21 Turun
669 810 271 22 kuritushuonelaitoksille.
970 811 39 21 Jos

189 840 72 19 nämät
275 838 119 26 kielletään,
409 839 44 20 niin
462 845 26 14 on
498 839 110 28 pelättävä,
622 841 41 20 että
675 839 122 21 hallituskin
808 839 63 28 jättää
881 846 27 15 ne
918 839 91 27 sikseen,

187 867 22 27 ja
227 869 56 19 tämä
297 869 44 19 taas
357 867 46 21 olisi
419 867 64 27 hyvin
498 868 66 21 ikävä.
594 868 97 21 Muutoin
706 867 101 28 yhdistyn
823 868 106 21 edusmies
944 867 63 22 Liuk-

187 895 67 22 kosen
270 896 81 21 kanssa.

257 953 204 29 Landtdagsmanen,
470 954 148 21 Gadolin:
634 954 70 22 Ocksä
710 955 36 28 jag
754 955 69 26 hyllar
836 961 80 15 samma
927 955 83 27 äsigter,

189 989 44 15 som
260 983 204 27 landtdagsmännen
490 983 80 22 Strähle
594 983 39 22 och
661 983 108 28 Svedberg
793 983 62 22 hafva
877 986 70 25 yttrat.
976 983 33 22 Dä

189 1011 130 28 fängvärden
338 1012 59 21 alltid
419 1012 79 21 tillhört
518 1015 74 24 staten,
607 1012 41 21 kan
670 1013 35 27 jag
728 1013 19 27 ej
762 1013 67 26 finna,
843 1013 84 21 hvarför
942 1014 67 20 staten

187 1047 30 14 nu
232 1041 46 20 icke
298 1040 69 22 skulle
390 1041 87 22 bekosta
492 1041 26 21 de
533 1041 128 28 byggnader,
677 1047 45 15 som
738 1041 69 22 dertill
823 1041 106 22 behöfvas.
958 1041 50 22 Man

189 1071 41 24 vet,
246 1071 30 20 att
291 1071 78 20 statens
384 1069 116 22 inkomster
515 1070 23 21 är
552 1070 32 21 för
595 1070 23 21 år
628 1070 61 21 hafva
700 1070 62 27 stigit.
787 1069 50 22 Man
847 1069 69 22 skulle
927 1069 82 23 således

187 1098 70 27 tycka,
272 1100 30 19 att
318 1097 32 22 till
365 1105 26 14 en
407 1098 65 21 sädan
488 1099 66 27 vigtig
573 1099 44 27 sak,
632 1105 44 14 som
693 1099 76 26 denna,
785 1101 66 19 staten
867 1099 65 21 borde
947 1099 63 21 hafva

189 1127 56 27 gjort
260 1127 141 27 besparingar.
431 1127 44 21 Och
498 1127 40 21 kan
562 1127 37 22 allt
620 1127 47 21 icke
689 1127 36 21 ske
741 1127 27 28 pä
783 1134 25 14 en
824 1127 62 28 gång,
898 1127 23 21 så
936 1129 23 20 är
974 1127 35 22 det

189 1156 18 26 ej
230 1155 66 22 heller
318 1155 67 28 nägon
401 1155 23 21 sä
446 1155 132 22 brädskande
594 1156 44 21 sak.
666 1155 114 22 Dessutom
796 1162 62 15 anser
872 1157 41 26 jag,
928 1159 30 18 att
974 1156 35 21 be-

188 1183 89 28 villning
298 1184 46 21 icke
368 1185 22 19 är
405 1185 37 20 här
464 1185 26 27 pä
506 1185 31 20 sin
559 1185 59 27 plats,
634 1185 38 20 ock
688 1184 35 21 det
738 1185 41 20 kan
795 1185 46 21 icke
856 1185 66 21 heller
937 1185 73 26 nekas,

189 1214 30 19 att
232 1212 101 21 Finlands
347 1213 44 20 folk
408 1213 52 21 varit
476 1213 89 27 benäget
580 1216 30 18 att
625 1213 56 27 gifva
694 1213 73 28 anslag
774 1213 32 21 till
821 1213 81 22 förmän
918 1213 32 22 för
964 1213 45 21 fän-

187 1241 164 27 gelseväsendet.
379 1241 42 28 Jag
435 1241 124 28 godkänner
574 1242 110 22 utskottets
698 1241 133 23 betänkande
842 1242 39 22 och
891 1249 61 15 anser
968 1242 39 21 den

187 1270 119 27 föreslagna
321 1276 96 14 summan
434 1277 49 14 vara
493 1270 35 21 det
539 1271 72 26 högsta
623 1270 80 28 belopp,
713 1277 46 14 som
769 1270 42 22 kan
828 1272 84 20 komma
913 1266 17 37 i
945 1271 64 27 fräga.

256 1326 88 20 Yleisen
367 1326 136 21 keskustelun
520 1327 62 21 tähän
606 1328 107 25 päätyttyä
729 1328 99 20 ruvettiin
845 1328 109 20 mietintöä
968 1330 42 18 tar-

187 1353 125 21 kastamaan
327 1354 123 25 kohdittain,
465 1354 74 27 jolloin
555 1355 99 20 esitettiin

542 1441 18 25 a)
590 1440 69 22 kohta.

255 1497 112 22 Edusmies
397 1497 201 23 Grundström
626 1499 68 21 katsoi
715 1499 56 22 koko
794 1500 83 22 kohdan
893 1502 112 27 tarpeetto-

187 1526 73 22 maksi.
