1098 1764
279 119 212 22 Talonpoikaissääty
502 121 55 18 1877.
581 121 23 18 16
616 126 20 16 p.
649 121 80 17 Lokak.
853 114 55 22 1073

85 188 45 22 olisi
149 188 150 27 täydellisesti
306 188 222 28 ;epäkäytännöllistä»
540 189 88 21 merkitä
638 189 142 28 päiväkirjaan
791 189 58 21 millä
860 191 47 19 tun-

85 217 51 21 nilla
151 217 127 27 matkustaja
293 217 167 22 kestikievarista
474 218 75 27 lähtee,
560 218 42 20 niin
618 224 23 15 se
656 217 75 21 minun
747 217 118 22 mielestäni
880 223 27 15 on

86 246 69 25 varsin
170 245 77 28 helppo
262 246 49 20 asia.

153 302 215 28 Landtdagsmannen
391 302 86 22 Malm
499 303 100 21 förenade
614 302 32 28 sig
661 302 48 21 med
722 301 187 22 kommunalrådet

84 330 112 22 Meurman
212 333 55 19 samt
281 331 98 27 föreslog,
394 331 32 21 till
442 331 135 21 undvikande
592 331 22 21 af
628 331 27 21 de
671 330 110 28 vidlyftiga
797 330 111 22 beräknin-

83 366 39 20 gar.
144 360 39 21 och
201 359 60 22 deraf
270 358 133 29 "uppstäende
421 360 135 21 trakasserier
571 360 26 21 de
612 359 124 28 skjutsande
751 358 97 27 emellan,
862 366 47 14 som

84 388 42 21 den
149 388 22 22 af
192 388 26 21 hr
233 388 64 22 Cleve
311 388 120 28 föreslagna
446 388 143 28 beräkningen
605 388 22 21 af
641 388 84 21 timmar
739 388 53 21 skall
808 387 101 26 medföra,

85 417 94 27 följande
194 417 148 27 formulering:
363 418 53 21 »den
432 418 52 27 häst,
499 424 45 15 som
560 418 55 27 gjort
629 417 32 21 sin
677 416 64 22 första
757 416 68 28 skjuts
840 416 27 28 pä
882 423 26 15 en

85 446 80 22 distans
181 446 22 21 af
218 452 26 15 en
261 446 37 21 mil
313 446 52 22 eller
380 446 111 28 derunder,
507 447 101 20 behöfver
622 446 47 21 icke
684 446 51 28 utgä
749 446 66 20 innan
827 446 25 20 12
862 446 47 21 tim-

84 482 46 14 mar
153 474 89 22 förflutit
264 476 65 21 sedan
349 476 41 20 den
405 476 39 21 sist
458 475 87 27 utgått»
575 475 94 21 Sålunda
684 474 69 22 skulle
767 474 142 28 skjutsnings-

84 506 81 25 tungan
182 504 28 21 bli
225 504 86 27 mycket
325 504 94 28 jemnare
434 504 94 21 fördelad
543 504 26 28 pä
580 504 102 21 hästarne.
704 503 63 22 Hvad
777 503 132 22 distanserna

86 533 119 24 beträffade,
220 533 100 21 förenade
336 533 31 28 sig
383 532 80 22 talaren
479 534 31 20 uti
525 533 48 21 herr
588 533 75 21 Cleves
677 533 136 21 reservation.

153 589 214 28 Landtdagsmannen
375 590 120 21 Stråhle:
504 590 76 22 Denna
587 591 12 27 $
605 592 24 19 är
635 597 26 14 en
670 590 22 21 af
698 589 26 22 de
729 590 109 27 vigtigaste
846 590 7 20 i
861 590 48 21 hela

85 619 105 27 förslaget.
213 618 50 22 Man
278 619 37 20 vill
330 619 38 21 här
383 619 97 21 ähvälfva
494 620 40 20 den
550 619 228 27 skjutsningsskyldige
789 621 30 18 att
828 618 82 28 skjutsa

85 649 13 19 2
121 648 79 27 gånger
215 648 7 20 i
237 647 85 28 dygnet.
351 648 41 27 Jag
407 654 67 20 anser,
490 650 30 19 att
534 648 71 21 denna
619 647 121 28 skyldighet
754 647 70 21 blefve
840 647 70 21 alltför

85 676 142 27 betungande.
256 675 42 22 Det
313 676 62 21 beror
389 677 54 20 dock
458 677 62 21 äfven
536 677 26 27 pä
577 677 131 26 hastigheten
724 676 40 21 och
779 675 40 22 den
835 675 74 28 tyngd,

84 711 46 15 som
149 705 54 21 skall
217 705 116 22 framföras.
356 704 67 23 Dessa
437 707 36 19 äro
489 707 78 20 tvenne
581 706 62 27 högst
658 705 78 27 vigtiga
750 705 98 26 faktorer,
863 711 46 14 som

85 734 122 26 bestämma,
220 734 53 21 hvad
289 734 36 21 för
337 733 87 22 resultat
439 734 69 21 denna
524 734 97 27 paragraf
636 733 54 22 skall
704 733 76 21 lemna.
810 733 41 27 Jag
866 735 44 19 tror

85 763 7 20 i
115 762 120 25 allmänhet,
254 764 29 19 att
298 769 49 14 man
362 762 47 22 icke
425 763 70 21 träffar
510 763 36 21 det
560 763 82 27 riktiga,
657 762 95 21 hvarken
767 761 27 22 då
809 768 49 15 man
873 761 36 22 be-

84 793 101 19 stämmer
207 791 26 21 15
251 793 56 19 verst
322 791 70 21 såsom
407 792 124 25 maximum,
546 791 52 21 eller
613 797 34 15 om
663 791 36 20 det
714 790 76 21 blifver
806 791 25 20 10
847 792 62 23 verst,

85 822 22 24 ty
124 819 35 21 det
174 821 23 19 är
211 819 120 28 egentligen
347 820 26 27 på
388 820 26 21 de
429 820 50 21 sista
495 822 86 24 verster,
597 826 44 15 som
654 825 27 15 en
696 820 47 20 häst
753 819 41 21 kan
805 820 103 21 uttröttas.

85 848 31 21 På
138 854 27 15 en
188 848 38 21 mil
249 849 40 20 kan
312 848 36 21 det
362 848 47 22 icke
424 849 43 26 ske,
483 855 48 15 men
547 848 34 21 väl
596 848 26 27 på
638 848 26 21 15
680 850 62 19 verst.
771 847 51 21 Man
838 847 71 22 kunde

84 877 72 21 derför
179 883 43 22 nog
243 877 116 21 bestämma
380 877 34 21 två
434 877 111 27 skjutser
540 872 12 37 i
561 877 85 27 dygnet,
661 883 35 15 om
711 877 53 20 blott
780 878 67 25 vägen
862 876 47 22 icke

84 905 125 28 öfverstiger
233 906 62 29 12'/,
318 908 61 24 verst,
402 906 57 21 detta
481 906 63 21 äfven
565 905 75 26 derför,
664 907 30 19 att
709 905 36 21 det
760 905 68 21 skulle
845 905 65 20 blifva

86 934 84 27 mycket
190 941 57 15 mera
263 934 115 28 tryckande
394 935 32 20 för
439 934 161 28 jordbrukaren,
616 941 34 14 om
666 935 41 20 han
723 934 53 21 blott
790 933 54 21 skall
859 935 51 25 göra

85 970 26 14 en
127 963 68 27 skjuts
210 963 7 21 i
232 963 85 27 dygnet.
347 963 48 22 Med
411 963 100 21 afseende
527 963 50 21 härå
591 965 44 19 tror
649 963 35 27 jag
699 963 36 21 det
750 969 50 15 vara
814 962 95 21 ståndets

85 992 121 27 skyldighet
228 994 29 19 att
279 992 42 21 lika
346 992 33 21 väl
397 998 23 15 se
434 992 159 27 jordbrukaren,
609 998 46 14 som
670 992 53 21 hans
738 991 47 22 häst
799 991 33 21 till
847 991 61 27 godo.

83 1020 43 28 Jag
148 1020 69 22 skulle
240 1021 82 21 derföre
345 1020 82 27 föreslå,
449 1022 29 20 att
502 1021 62 26 121/,
580 1022 56 20 verst
651 1020 119 26 bestämdes
785 1019 68 22 såsom
867 1020 42 21 den

85 1049 82 28 längsta
184 1049 122 28 vägalängd,
323 1056 45 14 som
384 1056 26 15 en
426 1050 46 20 häst
486 1050 90 21 behöfde
591 1050 80 26 skjutsa
679 1049 34 21 två
722 1048 188 28 gånger
805 1044 13 37 i
827 1048 83 28 dygnet.

85 1078 25 28 Ej
134 1078 67 22 heller
215 1081 44 18 tror
272 1079 41 27 jag,
328 1078 68 21 såsom
411 1078 207 28 landtdagsmannen
634 1077 71 28 Malm,
720 1080 30 19 att
766 1077 143 27 beräkningen

86 1108 22 20 af
122 1109 30 19 ett
168 1108 51 20 visst
233 1107 57 21 antal
307 1107 84 21 timmar
405 1107 33 21 för
447 1107 130 28 skjutsernas
585 1107 77 28 afgång
671 1114 49 14 vore
728 1107 23 21 så
759 1106 54 27 svår,
822 1108 30 19 att
860 1112 49 15 man

85 1136 47 21 icke
147 1136 72 21 kunde
235 1138 109 26 acceptera
358 1136 100 27 förslaget
474 1136 77 21 derom.

155 1193 112 22 Edusmies
283 1193 152 25 Puhakka
456 1193 104 28 hyväksyi
579 1194 38 20 hra
632 1193 79 21 Cleven
728 1193 144 22 vastalauseen
888 1194 22 26 ja

87 1222 66 21 katsoi
169 1228 37 15 sen
222 1222 65 26 hyvin
303 1222 83 27 käyvän
401 1222 95 26 laatuun,
511 1224 42 20 että
568 1222 142 28 päiväkirjaan
720 1222 133 28 kirjoitetaan
862 1222 48 21 mil-

85 1251 44 21 loin
146 1249 182 23 matkustavainen
344 1250 167 22 kestikievarista
526 1250 74 22 lähtee.

155 1308 113 21 Edusmies
281 1307 170 22 Riihimäki
466 1308 38 28 piti
519 1308 131 22 haitallisena
658 1308 98 21 sellaisen
765 1308 146 27 määräyksen,

85 1337 51 21 ettei
159 1336 86 28 yhdellä
267 1336 107 24 hevosella
396 1337 99 21 tarvitsisi
510 1336 63 22 tehdä
588 1337 43 21 kun
647 1337 76 20 kerran
739 1336 172 22 vuorokaudessa

87 1366 79 26 kyytiä,
181 1365 48 21 sillä
243 1364 116 28 ensiksikin
375 1365 90 22 monasti
481 1365 34 21 voi
530 1367 74 25 sattua,
619 1367 43 19 että
673 1371 29 15 on
710 1365 116 21 lähemmäs
835 1372 76 14 vuoro-

87 1394 61 21 kausi
169 1394 92 21 kulunut
276 1394 53 22 siitä,
343 1394 44 20 kun
403 1395 95 19 hevonen
514 1400 27 14 on
558 1394 63 20 viime
636 1394 80 25 kyydin
734 1394 74 24 tehnyt
822 1394 21 26 ja
858 1396 52 19 mat-

87 1422 84 27 kustaja
191 1428 36 15 saa
245 1422 48 21 sitte
308 1421 110 22 kuitenkin
433 1422 81 26 jonkun
530 1422 76 20 tunnin
621 1422 28 21 tai
665 1421 45 28 pari
726 1421 90 26 odottaa,
832 1428 79 15 ennen-

88 1450 51 21 kuin
155 1450 41 21 hän
211 1452 57 19 vasta
280 1445 79 38 pääsee
374 1449 124 22 lähtemään.
521 1449 52 21 Mitä
580 1450 92 20 hevosen
681 1449 158 28 rääkkäykseen
848 1449 63 28 tulee,

87 1478 20 22 ei
121 1479 82 28 puhuja
217 1480 92 27 sanonut
323 1478 165 29 kysymyksessä
502 1478 75 21 olevan
592 1478 117 22 momentin
719 1474 101 37 ensinkään
835 1478 75 23 siihen

87 1508 79 28 aihetta
189 1510 97 25 antavan,
305 1507 67 22 siihen
387 1507 44 22 kun
447 1508 19 21 ei
481 1507 34 22 ole
530 1509 69 26 syynä
613 1507 44 21 niin
673 1507 86 22 matkan
774 1507 78 28 pituus,
863 1507 49 22 kun

820 1547 22 18 68
