1095 1781
175 130 54 21 1108
365 134 209 22 Talonpoikaissääty
587 134 54 18 1877.
666 134 24 16 18
702 139 18 16 p.
732 134 77 17 Lokak.
832 142 5 4 +

242 204 104 21 Esiteltiin
371 204 79 26 säädyn
477 204 80 20 entisen
581 204 93 20 notarion
699 202 139 22 varatuomari
861 202 130 22 Snellmanin

174 233 80 27 säädyn
269 232 114 22 sihteerille
398 235 84 19 antama
496 233 48 20 näin
561 232 94 21 kuuluva
671 232 106 27 kirjoitus:

208 320 148 22 Sekreteraren
372 320 33 20 vid
422 320 157 21 Bondeständet
594 320 55 21 Herr
664 318 246 28 Prokuratorsadjointen
926 319 39 21 och

420 348 202 22 Hofrättsassessorn
635 348 113 27 Krogerus.

243 406 12 22 I
273 406 115 28 anledning
406 406 21 21 af
446 406 57 21 Eder
520 406 128 28 uppfordran
664 408 29 19 att
709 405 63 21 varda
788 406 85 27 upplyst
888 412 33 15 om
938 412 55 15 orsa-

175 436 66 21 kerna
263 436 68 21 dertill
350 438 30 18 att
397 435 35 28 jag
450 436 77 20 lemnat
545 434 255 28 diskussionsprotokollet
816 435 32 21 för
862 434 132 22 Bondestän-

176 465 45 21 dets
243 465 42 21 fem
308 466 82 20 senaste
408 464 169 21 sammanträden
596 464 7 20 i
621 464 90 20 förlidne
726 464 41 26 maj
784 463 76 22 mänad
875 464 118 25 oöfversatt,

177 494 32 21 fär
223 494 36 27 jag
274 496 49 18 äran
339 493 102 21 meddela.

243 522 10 21 I
275 522 159 22 Bondeständet
455 522 38 21 har
515 522 35 20 vid
568 521 69 22 denna
656 521 106 28 landtdag,
780 522 41 21 den
839 521 65 22 första
920 521 72 21 dervid

175 552 131 27 stenografer
330 552 22 20 af
376 551 82 21 ständet
482 551 109 25 användts,
615 550 140 28 praktiserats,
773 553 30 19 att
825 550 168 28 stenografernes

176 580 234 28 diskussionsprotokoll
428 580 23 20 af
471 580 94 21 notarien
587 580 46 20 icke
654 579 89 21 allenast
763 580 115 26 genomgäs
896 582 51 18 utan
963 579 30 21 äf-

176 616 40 14 ven
238 609 31 21 till
293 609 64 21 andra
380 608 84 28 spräket
485 609 126 21 öfversättes.
641 608 72 21 Säsom
737 615 25 14 en
781 608 91 22 notaries
888 608 105 28 egentliga

176 638 71 21 arbete
269 637 38 22 bör
328 637 32 21 väl
376 637 52 22 dock
444 643 61 15 anses
521 639 30 20 att
565 637 74 21 endast
654 637 71 21 affatta
740 637 125 28 protokollet
877 637 60 21 öfver
951 637 42 21 för-

176 667 158 26 handlingarne,
355 666 29 21 lät
406 673 49 14 vara
472 666 26 28 pä
518 666 53 21 bäda
588 666 95 27 spräken,
701 666 38 21 och
755 666 74 21 endast
844 666 149 28 korrigerande

176 695 103 28 genomgä
302 695 262 28 diskussionsprotokollet.
594 695 33 21 Nu
646 695 38 20 har
701 695 116 21 emellertid
834 701 74 22 genom
926 695 67 22 öfver-

176 725 118 26 sättningen
318 725 21 20 af
362 724 56 21 detta
440 724 128 21 sistnämnda
591 723 88 22 ähvälfts
697 725 95 20 notarien
811 725 29 20 ett
855 724 77 27 arbete,
947 731 45 14 som

176 755 55 26 gjort
252 753 140 22 anställandet
413 753 21 21 af
456 753 36 21 allt
512 753 51 22 flere
586 753 92 21 notarier
698 753 104 27 behöfligt.
833 753 10 20 I
861 753 37 21 fall
919 753 74 22 endast

176 782 103 28 protokoll
298 782 58 21 öfver
373 782 185 27 förhandlingarne
573 782 25 27 pä
615 781 52 21 bäda
682 781 89 28 spräken
787 781 68 22 skulle
871 783 56 20 föras
939 785 54 18 samt

176 811 256 28 diskussionsprotokollet
451 811 21 20 af
488 811 93 21 notarien
598 811 73 21 endast
686 811 117 26 korrigeras
818 813 50 19 utan
884 811 109 21 öfversätt-

176 841 58 26 ning,
253 841 68 21 skulle
340 847 26 14 en
385 840 80 21 notarie
480 840 33 21 väl
528 840 77 21 hunnit
619 839 47 22 med
682 841 85 20 arbetet.
797 840 74 21 Under
886 840 107 21 förutsätt-

176 871 52 26 ning
246 870 21 21 af
285 869 56 22 detta
356 869 129 22 förhällande
502 869 97 27 gvarstod
614 869 41 28 jag,
670 869 67 21 säsom
754 869 54 21 enda
824 870 86 26 notarie,
924 869 68 21 landt-

175 899 80 26 dagens
275 899 64 21 första
360 898 36 21 tid.
425 897 70 22 Sedan
511 898 83 21 ständet
609 898 115 21 emellertid
740 898 112 27 förbjudits
867 900 29 19 att
911 898 82 21 besluta

175 935 33 13 om
225 927 116 28 ordningen
358 927 32 21 för
404 927 217 27 protokollsföringen,
635 927 90 27 yrkades
741 927 45 21 frän
800 927 140 28 vederbörligt
951 927 41 21 häll

176 959 29 18 att
226 956 77 27 jemväl
326 956 167 27 stenografernes
515 956 234 27 diskussionsprotokoll
770 956 64 21 borde
854 956 22 21 af
897 956 94 21 notarien

175 985 128 21 öfversättas.
332 984 130 28 Härigenom
481 985 41 21 fick
543 985 35 28 jag
593 984 44 21 från
653 985 64 20 första
733 985 103 21 månaden
852 985 93 21 eftersatt
961 992 31 14 ar-

174 1014 54 25 bete,
243 1021 44 14 som
303 1014 35 27 jag
352 1014 7 21 i
375 1014 72 27 början
463 1014 20 21 af
497 1014 46 27 juni
559 1013 80 26 mänad,
652 1015 53 20 efter
716 1014 166 27 inhändigandet
893 1014 20 21 af
924 1017 68 18 steno-

174 1044 107 26 grafernes
304 1043 40 21 alla
366 1043 109 27 protokoll,
494 1044 51 20 fann
564 1049 49 15 vara
633 1043 94 27 omöjligt
747 1046 30 18 att
798 1043 121 26 effektuera,
941 1045 50 19 utan

175 1075 30 18 att
224 1072 63 27 derpä
302 1072 96 21 använda
413 1072 13 20 2
442 1073 12 20 ä
469 1073 12 19 3
497 1071 110 22 månaders
622 1074 59 19 extra
697 1072 133 27 oupphörligt
845 1072 76 21 arbete.
950 1072 42 21 Det

174 1101 67 27 öfriga
262 1101 121 21 utarbetade
398 1101 35 27 jag
446 1101 63 20 likväl
523 1101 137 27 fullständigt,
675 1107 48 14 men
739 1101 97 21 lemnade
852 1101 139 21 diskussions-

174 1130 126 27 protokollet
320 1130 32 21 för
371 1129 25 22 de
412 1130 40 20 fem
469 1129 50 22 sista
534 1129 101 28 dagarnes
650 1130 170 21 sammanträden
835 1130 8 21 i
857 1129 42 28 Maj
917 1130 74 21 mänad

175 1159 118 20 oöfversatt.
323 1158 129 21 Protokollet
473 1159 59 20 öfver
553 1158 185 27 förhandlingarne
761 1161 23 18 är
802 1158 63 21 likväl
885 1159 32 20 för
932 1159 59 20 dessa

175 1187 23 21 sä
213 1187 34 21 väl
262 1193 44 15 som
322 1188 32 20 för
368 1187 126 27 föregäende
509 1187 167 21 sammanträden
693 1187 132 27 fullständigt
839 1187 85 26 utfördt,
939 1187 53 22 lika-

175 1223 44 14 som
236 1216 63 21 ocksä
314 1215 256 28 diskussionsprotokollet
585 1216 110 21 öfversatts
709 1216 32 20 för
757 1216 46 21 hela
814 1216 40 21 den
866 1216 125 27 föregäende

174 1245 64 20 tiden.
259 1257 28 2 —
311 1244 80 21 Endast
416 1244 40 21 den
479 1245 150 26 öfversättning
651 1245 21 20 af
695 1245 241 27 diskussionsprotokoll,
957 1245 35 27 jag

175 1273 106 26 verkstält,
302 1273 85 27 belöper
404 1273 32 26 sig
451 1273 31 20 till
497 1273 42 20 215
555 1273 41 20 ark.
625 1273 60 20 Efter
700 1273 115 28 beräkning
830 1274 21 20 af
866 1274 12 20 8
894 1274 58 20 mark
969 1280 23 21 pr

175 1302 36 21 ark
235 1301 49 28 (den
307 1302 121 27 ersättning,
452 1301 93 22 ständets
566 1302 55 21 förre
641 1301 88 21 kanslist
744 1302 66 21 erhöll
831 1302 33 21 för
878 1303 22 19 af
913 1303 78 20 honom

175 1330 68 20 utförd
259 1329 272 27 landtdagsöfversättning)
546 1329 88 21 erhölles
649 1330 33 19 för
697 1330 63 26 sagde
776 1330 66 20 arktal
856 1331 60 24 1,720
927 1330 64 21 mark.

174 1357 45 21 Min
247 1357 93 26 aflöning
365 1357 32 20 för
424 1357 45 26 fyra
496 1357 99 21 mänader
618 1357 94 26 utgjorde
735 1358 61 25 2,400
819 1358 65 20 mark.
914 1358 77 21 Resten

175 1386 40 20 680
238 1386 59 20 mark
320 1387 62 25 utgör
402 1385 88 21 sälunda
508 1386 115 26 ersättning
640 1386 32 20 för
690 1385 46 21 mitt
754 1385 104 27 egentliga
874 1386 70 21 arbete
960 1386 31 21 sä-

174 1420 46 15 som
236 1414 80 21 notarie
332 1414 18 21 d.
367 1421 18 13 v.
401 1420 15 14 s.
431 1414 280 28 förhandlingsprotokollets
726 1414 87 22 förande
828 1415 26 27 pä
870 1415 53 21 bäda
935 1415 57 27 sprä-

174 1443 40 21 ken
238 1443 33 21 för
288 1444 26 20 30
333 1443 167 21 sammanträden
520 1443 107 21 äfvensom
643 1443 131 29 korrigering
788 1444 22 20 af
824 1444 167 26 stenografernes

175 1472 234 28 diskussionsprotokoll
432 1472 32 20 för
486 1478 79 14 samma
588 1472 56 21 antal
663 1472 177 22 sammanträden.
854 1486 28 2 —
896 1473 37 20 Till
951 1473 39 21 den

176 1501 25 20 16
217 1500 100 22 Februari
333 1500 73 27 höllos,
420 1500 75 21 medan
511 1501 35 27 jag
562 1508 36 14 var
613 1501 53 20 enda
682 1501 85 26 notarie,
779 1502 25 20 12
815 1502 175 21 sammanträden.
1004 1500 3 2 '

174 1530 36 21 Nu
232 1530 67 20 hällas
322 1530 46 20 med
392 1531 30 19 tre
443 1530 91 20 notarier
553 1531 30 19 tre
605 1530 168 21 sammanträden
788 1530 7 20 i
811 1530 79 21 veckan
907 1530 19 21 d.
942 1538 17 13 v.
976 1537 15 15 s.
