1100 1784
176 139 56 21 1314
365 144 210 22 Talonpoikaissääty
588 144 55 18 1877.
667 144 24 17 31
702 148 20 17 p.
734 144 78 18 Lokak.

245 213 153 21 Vastalauseen
420 213 79 21 tekivät
521 213 132 21 edusmiehet
673 213 164 26 Hassinen,
853 213 146 21 Puhakka

175 242 22 27 ja
211 241 230 22 Hannikainen.

244 298 222 29 Landtdagsmannen
486 299 182 21 Hollm6rus:
691 299 33 21 Då
740 299 31 21 uti
786 299 57 21 detta
858 298 62 22 stånd
935 299 64 27 ingen

175 329 45 20 röst
241 328 44 27 höjt
306 329 33 26 sig
360 328 47 21 från
431 328 25 21 de
475 328 89 21 svenska
584 327 176 22 medlemmarnes
778 328 46 21 sida
838 329 58 20 emot
910 327 26 22 de
951 327 49 22 fullt

176 357 130 28 berättigade
328 357 90 27 anspråk
440 356 27 29 pä
488 356 69 21 finska
577 356 76 27 skolor,
668 363 44 14 som
729 357 31 20 uti
775 357 84 21 ståndet
874 357 72 27 gjorts,
960 357 40 20 och

176 393 50 14 man
248 385 83 22 således
353 386 22 21 af
395 385 50 22 fullt
467 385 66 28 hjerta
555 386 38 21 har
615 385 110 27 medgifvit
748 385 42 27 allt,
808 386 36 27 jag
858 386 33 21 för
906 386 43 21 min
966 385 34 22 del

176 417 68 19 röstar
265 415 61 21 äfven
346 421 66 21 gerna
432 414 34 22 för
485 417 30 18 att
529 415 100 21 Finlands
644 415 44 20 folk
703 414 35 21 mä
753 414 79 21 erhålla
846 414 69 22 finska
930 414 71 21 skolor

176 444 23 21 sä
214 443 77 28 mänga
306 450 45 15 som
368 444 88 27 möjligt,
471 443 24 21 sä
510 443 66 22 mäste
590 443 35 28 jag
640 443 85 28 inlägga
740 443 44 22 min
799 444 129 21 reservation
944 445 57 20 emot

177 473 36 22 det
233 473 21 20 af
276 472 83 22 ståndet
379 473 79 21 fattade
481 473 75 26 beslut,
577 475 30 19 att
629 472 88 27 indraga
740 473 40 21 den
799 473 91 21 svenska
905 473 95 28 parallel-

177 502 136 27 afdelningen
336 501 7 21 i
365 495 54 34 Åbo,
442 504 30 19 att
491 501 110 22 förvandla
616 501 142 28 Björneborgs
774 501 127 28 fyrklassiga
916 501 84 27 lyceum

177 531 32 21 till
230 530 64 22 finskt
312 531 109 21 äfvensom
437 530 31 22 S:t
482 530 87 22 Michels
585 531 91 26 lyceum,
691 537 46 15 som
752 531 53 21 efter
820 530 36 22 det
870 530 84 28 Kuopio
970 531 32 27 ly-

178 567 61 14 ceum
255 559 146 27 förfinskades,
417 566 37 15 var
470 559 36 22 det
521 560 54 21 enda
590 559 132 22 återstående
738 559 91 22 svenska
843 560 85 27 lyceum
943 560 8 20 i
966 560 36 20 det

178 589 46 20 inre
246 589 21 20 af
289 588 77 26 landet,
389 588 82 22 hvadan
487 588 82 21 således
584 588 41 22 alla
639 589 27 20 de
680 588 145 27 medborgare,
839 595 45 14 som
900 589 66 20 önska
982 588 20 21 åt

178 618 46 21 sina
246 617 52 22 barn
320 617 157 28 undervisning.
495 617 26 28 på
543 617 90 22 svenska
654 619 36 19 äro
710 619 96 26 tvungna
821 619 29 20 att
865 617 73 22 skicka
952 617 48 22 dem

178 647 55 20 ända
255 646 32 22 till
309 646 26 22 de
350 646 60 27 långt
424 646 95 27 aflägsna
533 646 106 22 kusterna.
668 646 41 27 Jag
725 647 36 20 vill
776 646 84 28 inlägga
875 647 44 20 min
935 653 66 15 reser-

179 676 71 20 vation
264 677 45 19 mot
324 675 62 21 dessa
401 674 58 22 delar
473 675 22 21 af
509 674 94 23 ståndets
617 675 76 27 beslut,
708 674 89 22 emedan
809 682 48 14 man
868 675 38 21 har
916 674 85 22 beslutit

178 704 140 28 indragandet
341 704 40 21 och
402 704 142 21 förändrande
566 704 21 21 af
607 704 61 21 dessa
682 704 73 27 lyceer
769 704 65 21 innan
851 704 35 21 det
901 704 54 22 visat
969 704 32 27 sig

179 740 49 14 vara
244 740 26 14 en
286 733 65 21 sådan
366 733 53 21 brist
433 733 26 28 på
475 733 76 26 elever,
566 736 29 18 att
610 733 61 21 dessa
685 733 48 21 icke
748 733 68 21 skulle
832 733 106 22 behöfvas.

246 791 215 27 Landtdagsmannen
477 790 86 22 Malm
579 790 97 22 anmälde
692 791 128 21 reservation
837 793 56 20 emot
908 790 94 23 ståndets

180 821 69 29 beslut
263 821 7 20 i
286 820 40 22 den
343 820 34 21 del
392 826 45 17 som
453 820 35 22 det
504 820 87 21 berörde
607 819 139 28 indragandet
761 820 21 21 af
797 820 91 21 svenska
902 820 100 28 lyceerna

178 850 8 20 i
201 850 47 22 Åbo
265 850 39 20 och
318 849 138 28 Björneborg.

248 906 214 29 Landtdagsmannen
479 907 110 21 Gadolin
627 907 100 21 förenade
743 907 32 28 sig
790 907 30 21 uti
830 907 172 28 landtdagsman-

180 943 40 15 nen
237 936 103 22 Hollméri
355 936 136 21 reservation.

248 993 106 28 Tehdystä
373 994 120 27 pyynnöstä
508 993 63 28 päätti
587 995 65 25 sääty,
667 995 42 19 että
724 992 141 22 edusmiesten
882 992 119 23 Liukkosen

178 1024 22 27 ja
221 1023 101 21 Taskisen
344 1023 104 21 esittämät
470 1023 132 27 pöytäkirjan
624 1023 65 20 otteet
710 1022 86 22 saisivat
818 1024 83 19 seurata
922 1023 79 26 säädyn

180 1053 94 27 päätöstä
289 1051 155 22 valiokuntaan.

249 1189 138 25 Ilmoitettiin,
402 1190 42 20 että
459 1189 80 27 säädyn
552 1188 250 28 keskustelupöytäkirjat
812 1190 12 20 5
836 1190 90 27 päivälta
935 1189 68 22 Loka-

180 1218 67 22 kuuta
268 1218 50 21 sekä
338 1218 69 21 edeltä
422 1220 41 19 että
478 1218 83 27 jälkeen
576 1218 78 27 puolen
669 1218 76 27 päivän
761 1218 64 21 olivat
839 1218 98 28 pöydälle
953 1225 51 21 pan-

180 1247 60 21 tuina
255 1247 80 27 säädyn
351 1246 182 22 tarkastettaviksi.

248 1377 94 21 Luettiin
362 1377 61 21 kaksi
437 1376 132 22 Ritaristosta
583 1378 21 27 ja
619 1377 108 28 Aatelista,
744 1377 69 22 kolme
828 1377 177 29 Pappissäädystä

180 1406 21 27 ja
216 1406 46 27 yksi
278 1406 197 27 Porvarissäädystä
490 1406 85 21 tullutta
590 1406 132 28 pöytäkirjan
738 1408 70 25 otetta,
823 1407 57 27 jotka
896 1407 55 21 eivät
966 1414 38 14 an-

180 1437 71 19 taneet
273 1435 77 22 aihetta
373 1434 120 22 mihinkään
516 1435 97 28 toimeen,
636 1441 53 16 vaan
710 1435 83 22 olisivat
808 1437 99 27 pantavat
922 1436 80 27 säädyn

180 1464 120 28 asiakirjain
315 1464 114 28 joukkoon.
