1103 1784
187 128 55 22 1488
364 133 211 21 Talonpoikaissääty
586 134 55 18 1877.
664 134 24 16 15
700 138 19 16 p.
732 133 105 17 Marrask.

189 203 42 20 kan
246 203 41 26 jag,
302 203 47 20 icke
364 203 117 26 godkänna,
497 202 88 21 emedan
601 203 36 26 jag
651 208 62 15 anser
728 202 35 21 det
778 208 50 15 vara
842 202 7 20 i
864 202 74 27 högsta
953 202 51 27 grad

187 231 97 27 ensidigt,
299 233 30 19 att
347 231 112 21 ständerna
475 230 68 22 skulle
558 231 125 27 petitionera
697 237 35 14 om
748 230 130 27 indragande
893 231 22 20 af
929 230 77 26 skolor,

187 259 71 22 hvilka
280 259 63 21 hafva
365 259 121 27 tillräckligt
507 259 75 22 elever.
611 259 42 21 Det
668 265 49 15 vore
732 259 83 21 mindre
831 258 121 22 välbetänkt
966 259 39 21 och

187 288 69 21 skulle
279 288 66 21 vittna
366 294 34 15 om
422 287 133 28 fiendtlighet
571 290 44 19 mot
631 287 35 22 det
680 287 62 28 spräk
758 294 46 15 som
818 287 7 21 i
840 287 74 21 skolan
931 287 75 28 begag-

187 323 43 15 nas.
260 316 41 28 Jag
322 317 39 21 har
383 318 64 20 röstat
469 317 39 20 och
530 318 67 19 röstar
618 315 35 22 för
666 316 69 21 finska
749 315 77 27 skolor,
841 316 39 21 der
893 316 26 21 de
935 318 35 19 äro
985 317 22 20 af

187 345 99 22 behofvet
307 345 116 28 päkallade,
445 351 49 15 men
517 352 34 14 om
575 345 158 21 förhällandena
748 345 6 20 i
770 345 84 27 Kuopio
869 347 36 19 äro
920 345 86 22 sädana,

187 376 30 19 att
234 381 48 14 man
298 380 58 15 mera
371 374 95 21 kommer
481 376 30 19 att
525 373 64 22 anlita
605 374 40 21 den
661 373 67 22 finska
744 373 224 26 fruntimmersskolan,
983 373 23 21 sä

187 405 24 19 är
225 403 48 21 med
289 403 117 21 detsamma
420 403 41 20 den
477 403 90 21 svenska
582 402 232 21 fruntimmersskolans
830 402 102 21 dödsdom
944 402 63 21 skrif-

188 439 39 14 ven
241 433 51 20 utan
307 434 30 19 att
352 431 111 22 ständerna
478 431 89 22 behöfva
579 431 72 21 derom
667 431 129 28 petitionera.
819 430 50 22 Man
885 431 37 21 har
937 431 69 21 säsom

188 461 45 21 skäl
247 463 44 18 mot
306 461 40 20 den
363 460 91 21 svenska
468 460 74 21 skolan
558 460 73 26 anfört,
642 461 30 20 att
687 459 35 22 det
737 459 47 22 icke
799 459 68 22 finnes
882 459 124 28 penningar,

188 496 48 15 men
260 489 56 21 detta
338 490 23 20 är
383 491 29 19 ett
434 489 102 28 svepskäl,
554 488 27 22 dä
595 488 114 22 ständerna
724 489 44 27 just
782 490 36 19 äro
834 488 125 21 församlade
975 489 31 19 för

188 520 31 19 att
240 517 94 22 anskaffa
355 517 85 22 sådana.
468 518 38 21 Att
527 517 73 22 skolor
615 519 35 19 äro
665 517 135 26 nödvändiga
815 517 63 21 hafva
892 516 41 22 alla
948 516 59 21 med-

187 547 61 26 gifvit
270 547 39 20 och
330 547 6 20 i
359 547 39 20 och
414 546 47 21 med
483 546 122 27 detsamma,
620 547 31 20 att
665 545 35 22 det
715 545 46 22 icke
776 547 24 19 är
814 545 45 22 skäl
874 548 30 19 att
919 545 87 28 indraga

188 575 69 28 nägon
272 575 60 21 skola
346 575 65 21 innan
428 574 39 21 den
484 575 53 20 visat
551 575 32 26 sig
599 581 49 14 vara
663 574 130 27 öfverflödig.

256 632 213 28 Landtdagsmannen
484 631 156 22 Hollmörus:
666 631 77 22 Skolan
754 633 24 20 är
788 631 40 22 den
839 632 67 27 grund
919 631 26 28 pä
955 631 52 21 hvil-

189 661 41 21 ken
253 661 98 21 kulturen
374 661 54 21 skall
451 661 79 27 byggas
553 661 38 21 och
610 661 63 20 härur
687 661 52 20 skall
756 661 41 20 den
814 660 127 28 naturenligt
956 667 51 20 upp-

189 689 100 22 blomstra
307 690 40 20 och
362 690 41 20 den
418 689 68 21 finska
501 690 85 20 talande
602 689 62 21 delen
680 689 21 21 af
713 689 46 21 värt
773 688 45 22 folk
833 689 38 21 har
885 688 123 28 obestridlig

188 720 42 20 rätt
241 720 29 20 att
284 718 34 21 för
330 719 47 21 sina
393 718 57 27 barn,
465 718 54 21 både
535 718 80 21 döttrar
629 718 38 21 och
682 719 68 25 söner,
760 718 22 20 få
796 718 76 27 skolor,
888 718 37 21 der
941 718 26 20 de
981 717 26 28 pä

189 747 35 21 sitt
239 749 48 25 eget
302 747 62 28 spräk
379 747 21 21 fä
414 747 94 21 inhemta
524 746 95 27 bildning
634 746 40 22 och
689 746 78 22 allmän
782 746 103 28 kunskap.
908 746 48 22 Men
973 753 34 14 om

188 782 49 15 man
252 776 33 21 för
300 778 30 19 att
344 776 52 22 ernä
410 776 57 21 detta
482 776 42 21 mäl
538 775 95 21 försöker
644 775 148 21 underminera
802 775 42 21 den
853 774 91 22 svenska
955 775 52 21 bild-

189 804 79 27 ningen
290 805 7 20 i
318 805 74 21 landet
414 804 49 22 med
483 804 40 21 den
540 807 55 18 stora
610 804 115 27 betydelse,
740 811 45 14 som
801 804 40 21 den
858 804 67 21 under
939 804 70 21 sekler

188 833 46 21 haft
255 833 38 21 och
317 834 47 21 med
388 833 26 21 de
435 833 91 27 härrliga
547 833 80 21 skatter
647 833 41 21 den
703 833 123 26 innehåller,
841 839 76 20 genom
932 835 30 19 att
976 833 32 20 in-

189 861 65 28 draga
276 862 51 22 eller
348 862 101 21 förfinska
472 869 20 13 n.
514 869 17 14 v.
553 862 88 21 svenska
659 861 76 28 skolor,
750 868 45 14 som
812 862 62 21 hafva
888 861 121 28 tillräckligt

189 890 71 22 elever
274 891 40 21 och
328 890 82 22 säledes
425 893 105 19 motsvara
545 890 104 26 behofvet,
664 890 23 21 sä
702 897 60 15 anser
776 891 36 27 jag
827 891 32 21 för
873 890 43 21 min
928 890 40 27 del,
979 893 30 19 att

189 920 36 21 det
246 919 93 22 hvarken
362 919 54 22 skall
431 926 50 15 vara
496 919 113 22 ständerna
624 919 31 22 till
670 919 139 22 berömmelse
825 919 51 22 eller
889 919 73 21 landet
977 919 30 21 till

189 948 69 27 nägon
274 955 52 15 sann
343 948 82 22 bätnad.
454 948 36 21 Ett
505 947 68 28 dylikt
588 948 119 21 förfarande
723 955 49 14 vore
788 949 116 20 detsamma
918 954 45 15 som
980 951 29 18 att

189 977 53 21 rifva
264 977 40 22 ned
328 979 30 20 ett
379 977 41 21 hus
434 984 45 15 som
495 979 23 20 är
533 977 129 27 nödvändigt
676 977 39 21 och
731 983 45 15 som
792 979 116 20 motsvarar
922 977 36 21 sitt
973 978 35 19 än-

190 1005 75 27 damäl,
289 1006 53 22 blott
364 1006 70 21 derför
456 1008 30 19 att
512 1012 49 15 man
577 1006 54 21 skall
645 1006 21 21 fä
681 1005 70 29 bygga
766 1008 29 19 ett
810 1009 64 18 annat
888 1005 26 28 pä
929 1012 80 15 samma

189 1035 66 25 ställe,
278 1035 67 21 ehuru
361 1035 35 21 det
411 1041 42 21 nog
467 1035 68 21 finnes
551 1035 54 27 plats
620 1035 92 21 bredvid.
743 1035 49 21 Man
808 1035 38 21 har
860 1036 47 26 sagt
921 1037 30 19 att
965 1041 44 14 me-

189 1063 34 22 del
237 1063 47 22 icke
299 1063 75 22 finnes.
404 1065 46 20 Den
465 1063 127 28 föregående
607 1064 79 21 talaren
702 1064 38 21 har
754 1064 65 21 redan
834 1063 94 28 påpekat,
943 1065 30 20 att
988 1064 20 20 vi

189 1092 73 21 kunna
276 1094 50 26 göra
342 1092 142 28 uppoffringar
498 1099 77 20 genom
590 1095 30 18 att
635 1091 60 28 åtaga
710 1098 34 15 oss
754 1092 122 27 bevillning.
895 1091 114 22 Dessutom

189 1122 44 20 tror
254 1120 40 28 jag,
310 1123 30 19 att
360 1122 124 26 regeringen
500 1121 37 21 har
552 1120 69 22 medel
636 1127 43 21 nog
695 1123 29 19 att
739 1120 32 22 till
786 1127 27 15 en
830 1121 72 27 början
918 1121 91 27 afhjelpa

189 1149 26 21 de
230 1151 75 19 största
321 1149 103 22 bristerna
438 1150 109 26 härvidlag
562 1152 50 18 utan
628 1151 30 19 att
672 1156 48 14 man
737 1150 101 20 behöfver
846 1150 88 26 indraga
944 1150 65 26 några

189 1178 89 20 svenska
293 1178 76 21 skolor.
398 1178 49 21 Man
463 1179 38 20 har
510 1181 53 25 sagt,
577 1180 30 19 att
621 1178 36 21 det
670 1178 70 21 finnes
755 1180 30 19 ett
798 1178 104 22 motstånd
914 1180 44 19 mot
968 1178 40 21 den

189 1206 66 21 finska
278 1206 129 28 bildningen,
422 1212 49 15 men
492 1207 36 27 jag
549 1212 62 16 anser
633 1206 35 21 det
685 1213 48 15 vara
748 1212 27 15 en
790 1206 109 28 ogrundad
915 1206 94 28 hypotes.

188 1234 107 22 Motstånd
317 1234 70 22 finnes
404 1234 47 22 icke
465 1238 46 19 mot
525 1235 36 21 det
574 1234 69 22 finska
658 1234 77 22 folkets
750 1234 168 22 framskridande
933 1235 7 21 i
956 1235 53 21 bild-

189 1263 57 27 ning,
267 1269 49 15 men
336 1264 36 20 det
392 1263 85 27 uppstår
491 1264 53 20 först
558 1263 33 26 då,
605 1265 38 19 när
658 1270 49 14 man
723 1264 95 21 försöker
832 1266 49 25 göra
897 1266 54 19 orätt
966 1266 44 18 mot

189 1291 36 21 det
246 1292 90 21 svenska
347 1292 89 27 språket.
465 1291 50 22 Man
531 1292 38 21 har
583 1294 52 25 sagt,
650 1294 30 19 att
698 1292 4 20 i
716 1292 84 28 Kuopio
816 1292 193 22 fruntimmerskola

189 1320 41 21 alla
252 1320 74 21 kunna
347 1320 69 21 finska
435 1320 90 26 språket.
555 1320 149 20 Förhållandet
718 1322 24 18 är
756 1320 104 21 måhända
875 1321 28 27 så,
918 1326 50 16 men
983 1321 26 20 de

189 1347 72 21 kunna
282 1348 63 20 äfven
364 1348 90 20 svenska
469 1348 85 27 språket
568 1348 40 20 och
624 1348 71 27 troligt
709 1350 23 18 är
746 1350 31 19 att
791 1349 105 20 svenskan
911 1350 23 18 är
949 1348 60 21 deras

188 1376 134 21 modersmål.
343 1376 73 28 Enligt
433 1376 117 21 «Statistisk
565 1372 105 32 Öfversigt
685 1376 59 22 öfver
758 1376 251 22 elementarläroverkens

189 1404 93 22 tillstånd
300 1405 40 21 och
356 1405 133 21 verksamhet
502 1404 95 22 läseären
611 1405 123 21 1875—76»
752 1412 37 14 var
804 1405 127 22 elevantalet
945 1405 34 28 69,
989 1406 21 20 af

189 1433 71 21 hvilka
284 1434 26 20 56
332 1433 51 21 eller
404 1435 66 20 större
493 1433 63 22 delen
577 1440 36 15 var
635 1434 83 22 hemma
738 1434 47 21 från
800 1434 84 28 Kuopio
900 1434 52 22 stad.
981 1434 29 22 Af

189 1462 61 21 dessa
265 1462 27 21 69
307 1468 51 15 voro
372 1462 28 22 46
417 1462 49 22 barn
481 1462 33 22 till
529 1462 130 22 embetsmän
674 1463 7 21 i
696 1463 74 22 staden
785 1463 53 22 eller
852 1464 26 28 på
893 1463 77 25 landet,
983 1464 26 20 14

189 1491 31 21 till
242 1490 139 22 handelsmän
399 1492 39 20 och
452 1491 143 28 fabriksegare
609 1492 8 21 i
632 1492 81 26 staden,
728 1493 12 20 5
756 1492 32 21 till
800 1492 153 22 handtverkare
970 1493 39 21 och

189 1520 57 28 lägre
261 1520 88 28 borgare
364 1520 8 21 i
386 1520 81 26 staden,
483 1521 11 20 1
510 1520 32 22 till
557 1520 67 28 öfriga
638 1520 114 28 stadsboer,
768 1522 12 20 2
794 1521 31 21 till
837 1521 173 29 ständspersoner
