1109 1778
255 133 210 22 Talonpoikaissääty
477 135 54 17 1877.
557 135 24 17 10
593 138 19 18 p.
624 134 101 18 Marrask.
843 127 55 21 1435

79 202 43 22 niin
138 203 75 22 tulivat
227 205 70 20 tämän
313 204 150 22 komissioonin
479 204 72 28 palkat
566 204 109 22 tekemään
693 204 73 27 15,000
781 203 48 26 mk.,
845 209 54 15 vaan

79 238 27 15 ne
128 232 114 28 selitykset,
265 233 64 21 mitkä
351 239 22 15 se
394 233 31 21 sai
439 234 98 27 toimeen,
553 235 48 19 ovat
615 232 118 28 jotensakin
749 232 148 28 puuttuvaiset.

79 260 44 28 Nyt
142 267 27 15 on
189 261 122 21 valiokunta
326 262 104 26 esittänyt,
445 264 42 19 että
502 262 61 20 sinne
577 261 128 21 laitettaisiin
721 261 54 21 vielä
790 260 108 28 suurempi

78 289 143 27 komissiooni,
243 289 49 28 joka
313 290 72 21 tutkisi
400 290 71 21 kaikki
486 290 87 21 tilukset
587 290 21 27 ja
623 290 48 21 olot.
701 290 58 20 Minä
773 295 27 15 en
816 288 83 22 kuiten-

79 318 54 22 kaan
155 318 73 28 käsitä,
250 318 93 22 mitenkä
358 320 55 20 tämä
432 319 39 21 itse
486 319 141 27 käytännössä
642 318 53 21 voisi
710 318 42 21 olla
766 317 134 22 mahdollista

79 347 160 26 maakunnassa,
261 347 56 28 jossa
339 348 20 20 ei
374 348 33 21 ole
422 348 51 21 teitä
487 348 47 21 eikä
549 348 72 26 muita,
635 348 52 27 jotta
701 348 122 20 semmoiset
835 346 64 21 isom-

78 377 44 20 mat
144 375 141 22 virkakunnat
306 377 111 27 pääsisivät
439 376 189 22 kulkemaankaan.
657 376 27 21 Ja
708 376 45 21 kun
774 375 125 22 tämmöisen

79 404 151 22 komissioonin
245 405 72 27 palkat
331 405 93 22 tulisivat
436 405 135 22 maksamaan
581 405 147 28 jonkunlaisen
739 411 105 19 summan,
854 404 44 21 niin

78 440 27 15 ne
120 435 66 25 verot,
200 433 66 22 mitkä
281 435 54 20 tästä
349 436 80 20 maasta
444 434 86 28 tulevat,
542 435 56 21 eivät
611 434 126 21 sataankaan
749 436 91 19 vuoteen
852 433 47 21 kor-

79 463 51 21 vaisi
146 464 42 20 tätä
203 463 94 21 maksua.
326 462 52 22 Olisi
393 463 70 28 paljon
479 464 140 27 sopivampaa,
635 464 42 20 että
691 462 80 28 isojako
787 462 112 28 pantaisiin

79 491 91 22 toimeen
193 491 45 21 niin
258 492 49 27 pian
323 491 51 22 kuin
389 492 134 22 mahdollista
537 499 28 14 on
580 492 21 27 ja
615 492 43 21 kun
674 491 139 28 ylimittausta
827 497 27 14 on
869 490 32 28 pi-

79 520 63 27 detty,
165 520 45 21 niin
232 521 86 21 hallitus
341 521 94 21 esittelisi
455 521 102 28 säädyille
572 527 38 16 sen
625 521 106 26 esityksen
747 519 51 22 kuin
813 519 87 22 mittarit

79 551 49 20 ovat
144 551 100 20 antaneet
257 550 21 27 ja
293 556 94 15 samassa
409 550 95 21 esittelisi
527 550 80 21 kuinka
621 551 72 20 monta
708 548 149 28 tynnyrinalaa
872 554 27 15 on

78 579 91 27 pantava
192 578 144 22 manttaalille.
365 579 63 21 Tämä
450 579 19 21 ei
492 579 151 21 komissioonin
665 578 72 21 kautta
762 577 138 22 milloinkaan

78 607 44 21 tule
137 607 95 28 tolkulle,
248 613 53 16 vaan
317 609 79 26 syntyy
411 607 48 22 siitä
473 607 66 28 tyhjiä
554 607 159 22 kustannuksia.

148 665 213 28 Landtdagsmannen
384 665 131 22 Eklund:
545 665 41 28 Jag
607 671 61 16 anser
683 665 35 21 det
732 664 47 21 icke
795 670 49 15 vara
858 663 43 21 för-

80 693 100 29 delaktigt
202 694 32 20 för
256 694 117 21 socknarne
396 701 34 15 om
452 694 169 22 tunnelandtalet
639 700 29 14 nu
691 693 124 21 bestämdes.
858 691 42 22 Det

80 722 68 22 skulle
170 723 73 21 kunna
265 723 74 27 hända,
362 724 30 21 att
407 723 113 22 ständerna
535 723 69 22 skulle
619 722 41 22 öka
675 722 57 22 detta
746 721 63 22 antal.
838 720 61 22 Hvad

79 751 36 21 det
134 752 21 20 af
169 751 205 28 landtdagsmannen
388 752 137 27 Hegerström
540 751 130 22 framställda
684 751 100 27 förslaget
799 750 102 26 beträffar,

79 779 23 22 sä
123 782 36 19 äro
181 779 160 22 förhällandena
359 782 57 19 ännu
431 780 46 22 icke
493 780 23 21 sä
531 779 131 27 utvecklade,
677 781 29 20 att
721 780 35 21 det
771 785 49 16 vore
835 778 66 22 utför-

80 808 50 21 bart.
160 809 38 20 Att
219 809 142 21 kostnaderna
383 809 32 22 för
436 809 167 22 kommissionen
625 809 72 21 kunna
720 815 49 14 vara
791 807 72 28 dryga,
878 808 23 19 är

80 837 82 28 möjligt
176 843 48 22 nog,
239 844 49 15 men
304 838 27 21 dä
346 837 41 22 den
402 837 79 22 kanske
496 838 52 21 först
563 838 53 21 efter
630 837 83 21 hundra
728 837 23 20 är
766 836 95 21 kommer
871 837 30 19 att

79 866 160 28 sammanträda,
255 866 22 21 sä
292 867 63 20 hafva
370 867 81 21 tiderna
466 867 27 21 dä
508 866 65 22 redan
587 866 104 27 betydligt
705 865 124 22 förändrats.

147 923 214 28 Landtdagsmannen
377 924 170 27 Svedberg:
585 923 42 28 Jag
641 929 68 22 anser,
725 924 30 20 att
765 922 70 21 denna
845 922 56 21 kläm

80 953 38 20 bör
140 952 121 21 bibehållas.
290 953 42 21 Det
354 955 23 19 är
399 959 27 15 en
445 953 43 28 sak,
507 959 46 14 som
572 955 23 18 är
610 955 59 18 utom
684 951 37 22 allt
735 951 80 26 tvifvel,
830 952 30 20 att
874 950 27 21 dä

80 981 127 22 kommande
229 982 85 21 ständer
335 982 73 27 pröfva
431 981 69 22 denna
521 981 64 28 fräga,
609 981 64 28 ingen
696 981 21 21 af
735 987 33 14 oss
783 979 54 22 skall
852 986 49 15 vara

80 1011 136 20 närvarande.
245 1009 42 23 Det
310 1011 95 21 kommer
427 1013 29 19 att
477 1010 85 27 förflyta
585 1010 78 21 kanske
680 1009 83 22 hundra
785 1009 28 27 är,
836 1009 65 20 innan

80 1039 57 22 detta
154 1039 106 22 storskifle
275 1040 97 21 kommer
387 1041 29 20 att
431 1039 122 22 verkställas
575 1039 39 21 och
635 1038 70 22 derför
719 1040 23 19 är
757 1037 36 22 det
807 1037 94 22 nödvän-

80 1067 50 29 digt,
152 1069 30 21 att
197 1068 66 21 innan
283 1068 57 21 detta
361 1068 84 28 slutliga
460 1068 115 28 afgörande
590 1068 110 27 företages,
715 1067 112 21 ständerna
842 1066 59 21 skola

80 1096 79 22 erhålla
174 1104 27 14 en
216 1104 110 21 noggrann
341 1097 157 27 undersökning
513 1097 32 21 för
560 1098 31 20 att
604 1097 72 21 kunna
691 1096 68 27 stödja
774 1096 33 26 sig
820 1094 27 28 pä
862 1094 39 22 och

80 1126 32 21 för
134 1127 30 20 att
186 1126 122 21 säkerställa
323 1126 61 21 dessa
399 1126 136 22 sockneboer.
565 1126 38 21 Att
617 1132 30 14 nu
663 1124 112 22 verkställa
789 1123 112 27 storskifte,

81 1161 49 15 vore
146 1155 78 27 nyttigt
238 1154 94 22 hvarken
347 1155 33 21 för
395 1154 71 22 landet
481 1154 52 22 eller
547 1154 62 22 desse
624 1153 135 22 sockenboer.
788 1152 50 22 Icke
852 1152 47 22 hel-

80 1184 32 21 ler
132 1183 83 28 påkalla
237 1183 272 27 jordbruksförhällandena
531 1183 38 21 der
590 1183 64 27 något
669 1182 111 26 storskifte,
796 1183 23 25 ty
835 1181 26 21 dä
876 1180 26 28 pä

80 1214 30 20 ett
131 1212 80 22 mantal
233 1212 42 22 kan
297 1212 84 22 komma
405 1212 74 27 12,000
502 1212 117 22 tunneland
641 1212 53 27 jord,
713 1210 22 22 sä
750 1210 101 22 behöfves
866 1210 35 21 det

80 1241 46 21 icke
146 1241 24 22 sä
184 1248 123 21 noggranna
322 1243 91 26 gränser.
442 1241 33 21 Då
491 1241 69 22 dertill
575 1240 102 26 kommer,
685 1242 30 20 att
729 1240 81 21 kronan
825 1245 76 21 genom

80 1270 40 21 den
143 1270 148 28 provisionella
314 1270 135 28 afrösningen
468 1270 96 21 kommer
579 1272 29 19 att
623 1270 21 20 fä
659 1272 56 18 stora
729 1269 82 27 skogar,
826 1268 24 21 sä
864 1268 39 20 har

80 1299 19 27 ej
115 1299 67 21 heller
196 1299 81 21 kronan
292 1298 71 29 någon
378 1299 67 21 fördel
459 1299 22 21 af
495 1301 30 19 att
539 1298 22 22 få
571 1298 115 22 storskiftet
696 1297 128 22 verkställät.
849 1296 52 22 Der-

80 1328 33 21 för
133 1330 23 19 är
178 1328 35 21 det
235 1328 46 21 bäst
295 1330 30 19 att
339 1328 65 21 saken
419 1328 81 22 lemnas
515 1328 31 21 till
562 1327 112 22 framtiden
690 1327 39 21 och
744 1328 30 20 att
788 1332 26 15 en
825 1325 77 21 under-

80 1357 90 27 sökning
184 1357 53 21 först
252 1356 127 22 verkställes.
408 1357 63 21 Hvad
486 1356 97 22 beträffar
598 1356 203 27 landtdagsmännen
819 1354 83 21 Grund-

80 1387 76 19 ströms
176 1386 40 20 och
238 1385 110 22 Keränens
370 1386 84 27 förslag,
476 1386 23 21 så
521 1391 61 21 passa
604 1385 26 21 de
655 1385 47 21 icke
724 1384 7 20 i
754 1384 70 21 denna
840 1383 62 25 kläm,

81 1415 51 19 utan
154 1414 38 20 bör
213 1420 49 14 man
282 1414 52 20 först
352 1414 51 20 fatta
417 1414 70 20 beslut
502 1414 72 19 härom
590 1414 39 19 och
645 1414 52 19 först
711 1413 65 19 sedan
792 1418 34 13 om
842 1411 60 20 deras

80 1440 83 28 förslag.

149 1498 113 22 Edusmies
283 1498 216 27 Karvosenoja
514 1497 74 27 katsoi,
605 1498 42 20 että
661 1496 141 22 edusmiesten
819 1494 83 22 Grund-

81 1528 87 21 strömin
191 1528 21 27 ja
234 1527 94 22 Keräsen
351 1527 128 22 ehdoittama
493 1526 65 27 lisäys
573 1526 66 28 hyvin
653 1525 64 28 sopisi
732 1525 63 21 tähän
811 1524 92 22 kohtaan
