1098 1767
174 124 54 21 1046
379 128 209 22 Talonpoikaissääty
600 128 56 18 1877.
680 129 23 16 13
715 133 19 16 p.
746 128 77 17 Lokak.

172 198 39 21 Jos
234 198 103 21 rettelöitä
357 200 84 25 syntyy,
462 198 43 20 niin
529 197 57 27 kyllä
608 197 94 26 seikkoja
723 197 79 26 löytyy.
818 196 57 27 joilla
893 202 27 15 ne
939 196 56 27 pois-

172 229 77 19 tetaan.

241 282 114 22 Edusmies
370 282 95 22 Mäkelä
499 282 93 27 puolusti
609 282 112 26 niinikään,
730 283 42 20 että
782 288 50 14 sana
845 281 148 21 «kihlakunta»

173 314 123 18 muutetaan
314 312 85 20 sanaksi
416 311 170 27 «käräjäkunta».
615 310 83 27 Puhuja
714 310 91 21 mainitsi
824 310 116 20 muutamia
955 310 40 20 esi-

173 340 107 27 merkkejä
292 340 187 24 kotiseudultansa,
489 340 62 20 missä
570 339 28 21 oli
616 339 54 21 ollut
685 338 136 22 kaikenlaisia
836 338 108 26 rettelöitä,
960 338 35 20 sil-

173 369 42 21 loin
232 370 49 19 kuin
299 368 152 27 kyytilahkona
465 368 29 21 oli
509 368 53 21 ollut
577 368 128 26 kihlakunta,
720 368 44 26 jota
780 367 79 21 vastoin
876 367 120 21 vähemmät

173 398 117 26 kyytipiirit
313 397 64 21 olivat
401 399 122 24 näyttäneet
547 397 99 21 olevansa
672 396 69 28 paljoa
766 395 229 22 tarkoituksenmaukai-

174 427 84 26 sempia.

241 483 113 20 Edusmies
374 482 160 22 Hartonen
552 482 92 27 yhdistyi
665 483 105 20 edusmies
788 481 147 22 Hannikaisen
951 481 46 21 lau-

174 513 96 20 suntoon.
300 511 85 27 Puhuja
401 511 58 21 väitti
477 511 106 21 edusmies
599 510 131 21 Meurmania
747 512 91 24 vastaan,
853 510 49 21 ettei
925 516 72 14 maan-

174 542 61 19 teistä
250 540 33 21 ole
297 540 57 27 juuri
371 542 73 18 muuta
460 540 78 27 hyötvä
555 539 112 21 liikenteen
684 539 84 27 jaloissa
784 539 92 26 olijoille,
892 539 51 20 kuin
954 539 43 20 että

174 575 35 14 saa
231 569 74 20 niitten
328 569 161 26 voimassapitoa
512 568 116 21 kustantaa.
659 567 82 27 Puhuja
763 567 65 21 tahtoi
852 567 54 21 vielä
924 567 72 20 lisäksi

173 597 143 25 huomauttaa,
331 598 42 19 että
389 596 27 21 oli
432 597 94 20 tahdottu
542 596 64 21 saada
621 596 158 27 kyytirasitusta
794 596 90 27 jaetuksi
903 595 44 20 niin
967 597 30 19 ta-

173 625 81 22 saisesti
275 625 50 21 kuin
348 625 137 21 mahdollista.
505 627 67 19 mutta
593 628 37 23 nyt
650 626 85 25 näyttää
750 625 43 20 asia
808 624 76 21 olevan
900 624 96 27 päinvas-

173 654 78 25 tainen,
265 654 51 21 kuin
333 660 26 15 on
377 653 92 22 vaadittu
489 653 141 27 kyytilahoksi
649 653 141 27 käräjäkunta.
822 653 82 27 Puhuja
917 652 80 27 hyväk-

173 682 33 27 syi
222 683 141 20 edusmiesten
380 682 127 27 Svedbergin
525 683 20 26 ja
560 681 132 22 Hannuksen
708 682 152 21 vastalauseen.

242 739 213 28 Landtdagsmannen
472 739 136 21 Strähle:
639 739 41 21 Det
696 739 252 28 hufvudäskädningssätt
958 741 39 20 och

174 769 35 21 det
223 769 50 27 mäl,
289 769 29 20 till
335 768 80 21 hvilket
430 768 83 21 ständet
527 768 80 21 försökt
622 769 90 26 komma,
727 768 37 21 har
780 768 53 21 varit
848 775 25 14 en
884 769 57 26 jemn
956 769 41 20 för-

174 797 87 27 delning
284 797 44 21 utaf
350 797 217 27 skjutsningstungan.
597 796 48 21 Man
666 797 37 20 har
725 797 79 21 försökt
828 797 85 21 komma
928 797 69 21 härtill

174 826 46 21 dels
234 826 129 27 derigenom.
380 828 29 18 att
424 825 43 21 helt
482 825 40 21 och
538 825 63 21 hållet
616 825 74 27 aflyfta
701 826 147 27 skjutsningen
859 826 46 21 från
917 826 81 27 jorden,

173 855 45 20 dels
234 856 30 19 att
279 854 21 21 fä
316 860 27 14 en
357 854 32 21 fix
405 854 71 25 sädan,
492 854 45 21 dels
553 857 29 18 att
598 854 64 27 draga
677 860 25 15 en
720 861 69 14 massa
804 855 138 26 inrättningar
958 855 39 20 och

173 883 105 21 individer
294 883 5 20 i
310 889 81 14 samma
407 883 33 26 dy,
451 883 37 20 der
506 883 39 20 den
564 883 172 27 oprivilegierade
750 883 74 26 jorden
840 883 66 21 hittils
922 883 77 21 vältrar

173 912 39 27 sig.
242 911 48 21 Med
312 913 31 20 ett
364 911 37 21 ord
425 913 46 25 sagt
494 911 189 28 hufvudprincipen
708 911 36 21 har
760 911 59 25 varit,
833 914 30 19 att
878 912 50 21 lätta
942 914 56 19 samt

174 940 144 21 ästadkomma
339 946 24 15 en
385 940 94 27 jemnare
504 939 120 28 fördelning
647 940 21 20 af
683 940 69 21 denna
769 940 70 21 börda.
869 940 48 21 Men
933 943 65 18 tvärt-

174 974 57 16 emot
255 969 54 21 hvad
333 975 48 14 man
404 969 57 20 förut
479 969 82 26 äsyftat,
580 969 35 20 vill
638 975 48 14 man
707 975 29 14 nu
758 969 61 28 lägga
835 969 31 21 till
881 969 68 28 grand
965 970 33 20 för

174 998 149 27 skjutsningen
346 997 40 21 den
411 997 96 22 enskilde
530 997 135 21 kommunen.
696 997 47 21 Man
766 998 38 21 har
822 998 115 21 framhållit
956 999 40 20 den

174 1026 190 28 omständigheten,
373 1029 30 18 att
418 1026 39 21 den
475 1026 95 21 enskilda
586 1027 128 20 kommunen
729 1033 58 15 mera
803 1027 68 21 skulle
886 1027 113 21 intressera

174 1057 32 26 sig
228 1057 30 19 att
279 1055 21 21 få
321 1055 70 21 denna
413 1058 66 24 tunga
501 1055 23 21 sä
546 1055 38 21 lätt
602 1061 44 15 som
663 1055 81 27 möjligt
759 1057 25 19 än
798 1055 52 22 flera
866 1055 132 26 kommuner,

175 1091 34 14 om
233 1084 25 21 de
281 1090 49 15 vore
353 1084 120 21 solidariskt
495 1084 110 27 ansvarige
628 1083 132 22 derutinnan.
790 1083 62 22 Hvad
871 1091 26 14 en
914 1084 83 21 enskild

174 1113 101 21 kommun
300 1112 41 21 kan
363 1114 50 25 göra
434 1113 33 20 för
490 1115 30 18 att
542 1113 48 20 med
609 1112 67 21 bättre
692 1112 41 27 pris
749 1113 84 20 komma
848 1113 45 20 frän
910 1113 87 24 affären,

176 1144 33 18 vet
228 1141 35 27 jag
284 1141 26 27 ej
339 1140 46 21 Den
403 1140 64 21 mäste
483 1141 85 20 komma
583 1141 30 20 till
629 1141 57 26 hjelp
702 1141 46 20 med
766 1141 62 27 nägra
844 1142 68 20 medel
928 1142 69 19 antin-

174 1175 40 20 gen
231 1170 118 26 penningar
371 1169 51 20 eller
444 1171 69 23 annat,
529 1175 49 14 men
594 1169 59 21 alltid
669 1169 66 21 mäste
750 1169 36 21 det
802 1169 63 21 blifva
881 1172 29 18 ett
926 1171 71 20 minus

174 1198 34 20 för
222 1197 46 21 den.
284 1197 42 27 Jag
348 1198 39 19 kan
403 1197 82 21 säledes
500 1198 47 21 icke
562 1197 72 26 förstä,
649 1198 53 20 huru
720 1204 48 14 man
785 1198 37 21 har
836 1198 60 21 tänkt
910 1199 32 26 sig
956 1198 41 21 den

175 1226 72 25 saken,
262 1226 18 26 ej
305 1226 66 21 heller
393 1225 40 21 kan
457 1226 34 27 jag
513 1229 37 22 tro,
566 1229 29 18 att
618 1226 27 21 de
666 1228 163 25 entreprenörer,
848 1233 45 14 som
914 1227 85 20 komma

174 1257 30 18 att
220 1254 59 27 ätaga
295 1254 32 27 sig
341 1254 94 27 skjutsen
451 1255 7 19 i
473 1257 31 18 ett
512 1254 71 25 härad,
591 1254 69 21 skulle
676 1255 25 26 gå
717 1257 58 18 utom
791 1255 135 28 kommunen,
934 1257 23 24 ty
964 1255 37 27 jag

175 1286 49 22 tror,
239 1285 29 18 att
283 1283 72 27 hvarje
365 1283 101 20 kommun
474 1282 54 21 skall
538 1282 89 27 erbjuda
637 1282 66 21 sädan
713 1284 58 19 inom
783 1283 37 27 sig.
846 1283 76 21 Derför
938 1290 62 15 anser

174 1312 36 25 jag
232 1311 56 20 detta
311 1314 155 18 resonnement,
487 1313 30 17 att
536 1311 41 19 den
598 1311 96 20 enskilda
710 1311 128 20 kommunen
854 1311 68 20 skulle
938 1311 62 21 hafva

174 1338 89 26 lättnad,
278 1339 46 20 icke
340 1338 95 25 hällbart;
452 1344 47 14 men
517 1338 34 21 väl
566 1339 40 19 kan
618 1338 36 20 det
664 1338 73 26 hända,
748 1341 29 18 att
788 1338 211 28 skjutsningstungan

176 1367 7 20 i
200 1372 26 15 en
242 1366 81 21 enskild
340 1366 100 21 kommun
457 1368 22 19 är
494 1366 85 28 mycket
594 1368 65 20 större
674 1368 27 19 än
717 1367 30 21 uti
762 1368 146 27 grannskapet.
936 1366 65 23 Dess-

175 1398 58 18 utom
258 1396 41 20 kan
322 1396 36 20 det
377 1395 75 26 hända,
468 1397 29 19 att
513 1395 79 21 antalet
615 1395 45 21 utaf
682 1395 27 21 de
724 1395 112 28 olyckliga,
851 1402 45 15 som
915 1396 84 22 komma

173 1424 7 20 i
196 1424 56 21 detta
267 1424 62 26 byke,
345 1426 24 18 är
383 1425 66 20 större
469 1424 2 20 i
487 1430 25 14 en
537 1424 101 20 kommun
653 1426 26 18 än
695 1424 7 20 i
716 1430 27 15 en
759 1431 77 20 annan;
852 1425 36 21 det
902 1426 40 20 kan
959 1426 41 20 fin-

177 1459 39 15 nas
230 1452 55 22 flera
306 1452 98 26 fabriker,
420 1452 52 21 bruk
488 1459 18 14 o.
521 1458 15 15 s.
553 1459 18 14 v.
592 1452 1 21 i
608 1458 27 15 en
651 1452 101 22 kommun
768 1455 26 19 än
810 1454 6 20 i
832 1460 25 15 en
871 1460 68 15 annan
951 1454 48 21 med

176 1481 86 21 likadan
282 1481 165 27 hällskjutsning
461 1482 40 20 och
517 1481 26 21 dä
559 1481 41 21 blir
614 1485 80 24 tungan
710 1484 66 19 större
787 1482 7 21 i
805 1482 41 21 den
856 1489 74 15 senare
941 1482 60 22 kom-
