1109 1767
176 123 54 21 1090
380 128 210 21 Talonpoikaissääty
602 129 55 16 1877.
682 129 23 16 16
717 133 18 16 p.
748 128 76 17 Lokak.

175 199 23 19 är
220 198 84 20 dermed
326 199 93 19 vunnet?
448 197 27 21 Jo
498 198 36 20 det
554 199 30 19 att
599 197 21 20 vi
636 198 56 19 ännu
708 196 109 22 årtionden
833 196 20 21 få
868 196 80 28 skjutsa
964 196 33 21 för

176 227 11 20 1
209 226 59 20 mark
292 226 69 20 milen.
391 225 41 27 Jag
454 227 23 19 är
498 225 123 27 öfvertygad
645 232 33 14 om
697 227 29 19 att
742 225 190 27 förslagsmakaren
948 225 50 27 sjelf

175 254 66 21 måste
264 254 112 27 medgifva,
398 257 30 18 att
449 254 124 27 regeringen
588 254 47 21 icke
651 254 53 20 skall
719 254 111 27 godkänna
846 254 100 27 förslaget
961 260 34 15 om

175 284 13 20 2
210 283 59 21 mark
292 283 32 21 för
346 284 34 20 två
402 289 100 21 personer
520 283 38 21 och
576 283 10 21 1
604 283 58 20 mark
678 282 26 21 60
720 283 41 26 p:ni
778 282 32 22 för
826 289 25 14 en
867 289 76 21 person
960 288 39 22 per

175 312 42 25 mil,
240 315 22 23 ty
285 312 36 20 det
342 311 76 21 strider
439 314 43 18 mot
498 312 26 20 de
540 312 104 27 principer
659 318 44 14 som
719 318 47 14 man
783 311 66 22 hittils
864 311 52 27 följt.
945 311 52 21 Icke

176 340 65 22 heller
253 340 53 21 skall
321 341 123 26 regeringen
462 341 26 25 gå
503 340 21 20 in
540 340 26 27 pä
582 343 30 18 att
626 339 130 28 skjutslegan
773 341 6 20 i
795 340 44 21 stad
856 340 39 21 och
911 340 26 28 på
952 340 46 21 lan-

175 370 36 20 det
235 369 39 21 blir
297 369 128 21 densamma.
456 368 38 22 Om
518 369 20 21 vi
560 369 70 21 derför
650 368 87 22 omfatta
749 369 162 27 landtdagsman
926 368 72 22 Meur-

175 404 60 15 mans
250 398 84 27 förslag,
349 398 23 20 sä
387 397 138 28 omöjliggöra
539 398 20 20 vi
575 398 72 27 hvarje
657 398 83 27 lösning
749 398 21 20 af
777 398 79 27 frägan.
878 398 41 27 Jag
927 397 70 21 skulle

175 427 70 21 derför
267 427 6 20 i
297 426 66 21 likhet
382 426 47 21 med
451 426 203 28 landtdagsmannen
678 426 53 21 Keto
748 433 105 21 uppmana
868 426 84 22 ständet
966 428 32 20 att

175 462 54 20 noga
252 455 90 21 betänka
363 455 70 21 denna
455 456 44 24 sak,
521 456 23 20 sä
566 457 29 19 att
611 456 19 20 vi
646 455 46 21 icke
708 455 58 21 skola
782 455 89 21 behöfva
886 456 65 26 ångra
966 457 31 19 ett

175 484 74 24 beslut,
266 484 73 21 hvaraf
354 483 53 21 både
424 484 20 20 vi
459 484 38 20 och
514 484 49 20 våra
579 484 51 20 barn
646 483 85 22 komme
746 486 30 19 att
791 484 62 20 hafva
867 484 70 21 skada.

244 541 213 27 Landtdagsmannen
475 540 189 22 Hollmörus:
681 540 32 21 Då
728 542 34 26 jag
778 541 64 21 redan
857 541 7 20 i
875 541 43 20 min
930 548 65 14 reser-

175 570 70 21 vation
267 569 75 21 uttalat
363 570 57 20 mina
436 570 82 26 äsigter,
534 569 36 21 vill
585 570 35 26 jag
636 569 52 21 blott
703 570 100 26 päminna
818 570 83 20 ständet
916 577 33 14 om
966 574 30 18 att

175 598 53 22 1867
247 598 33 21 ärs
296 598 84 21 ständer
395 598 64 20 redan
476 598 110 21 förordade
604 599 9 19 1
632 598 56 20 mark
706 598 26 21 50
748 599 41 25 p:ni
805 604 37 22 per
857 598 36 21 mil
909 600 25 26 pä
950 599 46 21 lan-

174 628 35 20 det
231 628 38 20 och
290 628 12 20 2
318 627 59 21 mark
393 627 44 20 frän
454 627 44 20 stad
515 629 54 19 samt
581 629 29 19 att
626 627 68 20 under
710 627 53 21 1872
780 628 33 20 ärs
828 626 100 28 landtdag
942 628 54 21 Bor-

173 662 59 20 gare-
248 656 38 20 och
303 655 163 21 Bondeständen
480 656 62 20 afläto
559 662 25 14 en
601 655 87 27 petition
702 662 33 14 om
746 655 141 28 skjutslegans
898 656 98 28 höjande,

174 684 78 26 hvarpä
267 690 29 14 nu
312 684 46 27 följt
374 684 68 20 denna
458 690 42 20 nya
514 684 134 27 proposition.
677 684 48 20 Men
742 684 59 20 häraf
816 690 63 21 synes
894 686 102 26 tydligen,

173 714 31 20 att
225 712 103 27 styrelsen
352 713 38 20 har
412 712 84 27 inslagit
518 714 29 19 ett
570 714 46 25 nytt
630 714 85 25 system,
732 713 106 27 nemligen
853 715 31 19 att
898 714 96 22 hushälla

173 743 57 19 ännu
253 748 57 14 mera
326 743 26 19 än
368 740 126 28 föregäende
510 741 91 24 ständer,
616 743 22 25 ty
652 741 5 20 i
673 742 155 26 propositionen
844 744 22 18 är
881 742 113 28 föreslaget

174 770 27 20 14
224 770 43 26 pni
288 770 33 20 för
344 772 88 18 versten.
459 769 41 27 Jag
516 776 61 14 anser
592 770 75 24 derför,
683 772 29 18 att
728 770 35 20 det
778 770 146 27 förnuftigaste
939 772 56 20 hade

174 799 52 21 varit
241 800 29 19 att
285 799 46 20 icke
347 798 116 21 bestämma
478 804 25 14 en
520 798 62 21 altför
596 798 42 27 hög
653 798 51 27 lega,
719 801 51 19 utan
786 801 13 18 t.
815 805 32 15 ex.
869 800 5 19 1
892 800 59 21 mark
966 801 28 21 50

172 828 44 26 p:ni
232 827 32 21 för
278 827 65 21 milen
358 827 12 21 &
385 827 72 21 landet
472 827 39 20 och
526 827 13 20 2
555 827 60 21 mark
630 827 45 20 frän
691 828 52 20 stad.
772 827 34 21 Dä
820 828 54 21 hade
890 829 34 21 det
941 830 53 20 varit

172 856 86 26 mycket
278 856 112 26 sannolikt,
413 858 29 19 att
464 855 103 27 styrelsen
588 855 68 21 skulle
679 856 61 20 hafva
762 856 93 27 godkänt
870 858 124 21 ständernas

172 884 83 27 förslag.
285 884 49 21 Men
356 884 26 21 dä
398 884 176 26 Borgareständet
589 884 64 21 redan
670 884 81 22 förenat
766 885 32 27 sig
813 892 33 14 om
864 886 10 20 1
891 887 59 20 mark
966 887 27 21 60

172 913 70 27 penni,
257 913 23 21 sä
295 913 84 27 frängär
394 913 35 27 jag
445 912 45 22 mitt
505 913 78 27 förslag
599 913 38 22 och
652 913 84 21 förenar
751 913 43 27 mig
810 914 48 21 med
872 914 122 29 landtdags-

172 948 91 14 mannen
278 941 114 27 Svedberg.

238 998 114 22 Edusmies
372 998 140 22 Puhakka
529 999 87 21 vastusti
632 999 44 26 sitä,
694 1001 41 19 että
750 1000 179 28 Porvarissäädyn
944 1003 49 25 pää-

171 1027 74 21 töksen
260 1027 97 27 johdosta
371 1027 206 27 Talonpoikaissääty
594 1028 91 26 luopuisi
697 1028 190 26 aikomuksestaan,
898 1030 42 20 eikä
951 1030 41 21 itse

170 1056 151 21 kumminkaan
345 1056 97 21 tahtonut
464 1058 101 25 peräytyä
587 1056 106 21 edusmies
713 1056 133 23 Meurmanin
861 1058 133 27 esityksestä,

168 1084 65 28 jonka
256 1085 39 20 hän
318 1084 70 21 kaikin
411 1084 73 28 puolin
507 1085 108 27 hyväksyi.
646 1084 40 21 Siis
708 1086 47 20 olisi
771 1093 52 14 vaan
840 1087 88 26 tehtävä,
941 1088 52 20 mitä

170 1115 108 19 omatunto
294 1113 20 27 ja
329 1113 100 27 yhteinen
446 1115 34 19 etu
498 1114 68 25 vaatii,
581 1114 124 21 huolimatta
720 1115 52 25 siitä,
788 1115 32 27 jos
832 1114 159 30 Porvarissääty

169 1148 26 15 on
209 1142 99 21 katsonut
322 1148 38 15 sen
377 1142 159 21 kohtuulliseksi
553 1143 27 20 tai
596 1142 24 21 ei.

237 1198 112 22 Edusmies
372 1198 163 22 Meurman:
551 1199 27 21 Se
594 1206 26 14 on
637 1200 152 21 kummallinen
804 1201 122 27 hätähuuto,
941 1202 51 26 joka

168 1233 38 21 nyt
229 1234 27 14 on
279 1229 92 19 nostettu
394 1230 55 18 tässä
467 1228 105 26 säädyssä,
588 1229 49 20 ettei
653 1229 49 20 nim.
718 1229 85 21 millään
819 1232 85 19 muotoa
920 1234 70 17 ruvet-

168 1256 47 21 taisi
238 1258 127 25 pyytämään
384 1256 45 25 sitä,
444 1257 51 20 mitä
509 1257 89 26 puhujat
612 1257 39 21 itse
667 1257 162 21 kohtuulliseksi
844 1258 102 27 katsovat,
960 1260 31 20 ai-

168 1284 63 21 nakin
248 1287 124 23 muutamat,
387 1284 65 21 koska
466 1285 27 20 he
509 1287 48 19 ovat
572 1285 144 26 ilmoittaneet,
731 1288 41 19 että
788 1287 26 20 he
825 1287 96 21 muutoin
930 1294 60 14 suos-

168 1313 85 19 tuisivat
269 1313 72 19 minun
358 1313 133 25 esitykseeni.
514 1314 33 19 On
563 1316 60 18 tuotu
638 1314 52 20 esiin
706 1315 55 24 syitä
775 1315 32 25 jos
817 1315 93 26 joitakin,
921 1321 67 15 muun

168 1346 89 20 muassa,
272 1340 50 21 ettei
337 1340 85 21 hallitus
438 1341 122 26 hyväksyisi
575 1343 48 19 tätä.
649 1341 84 21 Meidän
748 1344 75 24 täytyy
839 1343 79 26 tietysti
933 1344 56 26 pitää

167 1368 89 21 silmällä
277 1368 73 27 joskus
372 1369 51 21 mitä
445 1368 85 22 hallitus
546 1370 110 21 mahtanee
672 1370 62 21 tehdä
750 1371 42 20 tahi
808 1371 25 27 ei,
849 1374 67 18 mutta
931 1372 58 21 minä

166 1404 26 14 en
216 1399 110 25 ymmärrä,
350 1399 42 19 että
414 1397 83 21 meidän
520 1404 36 14 sen
570 1398 76 21 tähden
662 1399 67 27 pitäisi
745 1400 109 21 katsoman
870 1401 56 21 asiaa
941 1401 50 21 siltä

166 1426 106 26 kannalta,
286 1428 42 19 että
344 1426 75 27 säädyt
432 1427 21 27 ja
469 1426 84 22 hallitus
570 1427 82 22 olisivat
666 1428 65 21 muka
742 1429 58 21 kaksi
812 1422 110 39 vihollista,
932 1430 55 27 jotka

167 1456 113 20 kumoavat
301 1456 72 20 toinen
396 1455 91 21 toisensa
502 1456 136 28 mielipiteitä.
667 1456 93 22 Hallitus
776 1458 61 21 aivan
853 1465 99 15 varmaan
968 1460 19 20 ei

165 1484 63 22 tahdo
252 1484 102 21 koroittaa
375 1484 123 28 kyytirahaa
521 1485 61 21 aivan
603 1492 99 15 suuressa
724 1489 110 22 määrässä,
857 1490 73 25 syystä
944 1490 44 20 että

165 1514 67 27 postin
258 1513 158 27 kuljettaminen
439 1514 20 26 ja
482 1514 149 22 virkamiesten
654 1515 61 21 kulut
738 1516 79 21 tulevat
838 1517 150 26 kalliimmiksi,
