1100 1742
228 117 35 32 496
495 120 93 23 Borgarest.
600 120 44 18 1885.
668 119 23 19 30
703 119 51 19 Mars.

205 190 94 21 varande
314 188 214 28 petitionsmemoria]
542 190 53 20 utan
611 188 107 25 afseende;
735 189 39 21 och
789 189 69 21 skulle
868 190 33 21 till
912 190 53 28 följd
975 191 68 22 häraf.

206 218 63 23 äfven
284 218 41 21 den
340 216 24 22 af
378 216 107 22 utskottet
499 216 122 27 föreslagna
638 222 75 15 senare
731 216 108 23 klämmen
854 218 48 22 icke
917 219 33 21 till
965 220 70 26 någon

206 247 73 21 vidare
294 245 77 27 åtgärd
386 244 48 22 från
449 245 96 21 ståndets
560 245 47 21 sida
621 244 116 22 föranleda.

276 348 42 21 Till
332 346 132 27 behandling
478 346 95 26 företogs
584 346 107 21 allmänna
701 345 205 24 besvärsutskottets
918 348 118 27 bordlagda

207 375 136 23 betänkande
359 381 36 14 n:o
410 375 20 25 5,
445 374 50 21 med
509 374 116 26 anledning
641 374 24 21 af
678 375 31 20 ett
723 375 33 20 till
771 375 177 26 borgareståndet
962 376 73 21 inlem-

207 404 52 22 nadt
274 403 214 28 petitionsmemorial
503 402 110 27 angående
628 401 158 28 öfverflyttning
796 403 22 21 af
826 404 54 25 gods
890 404 8 21 i
910 404 31 21 S:t
951 405 84 20 Peters-

207 434 55 25 burg
282 432 48 21 från
352 431 56 21 finsk
431 430 32 21 till
486 431 50 26 rysk
552 431 90 26 jernväg
660 431 40 20 och
718 432 99 20 tvärtom.
852 432 51 21 Med
922 433 113 26 anledning

207 461 63 21 häraf
282 459 86 28 yttrade
383 459 33 26 sig
430 459 93 27 följande
537 459 78 21 talare:

276 500 56 21 Herr
354 499 111 26 Hoving:
489 498 112 21 Utskottet
619 498 40 21 har
677 498 30 21 uti
723 498 37 21 sitt
775 499 137 22 betänkande
927 499 107 22 bekräftat

207 530 34 19 att
254 529 25 20 de
291 527 200 22 missförhållanden
503 526 120 26 förefinnas,
631 526 72 21 hvilka
710 527 38 26 jag
755 527 32 20 uti
794 527 48 21 mitt
853 528 181 25 petitionsmemo-

208 557 40 21 rial
266 555 111 28 angående
395 554 159 27 öfverflyttning
576 555 23 20 af
619 555 53 26 gods
690 555 7 20 i
716 555 31 20 S:t
765 555 130 27 Petersburg
916 556 48 21 från
979 556 54 22 finsk

208 585 33 21 till
256 585 49 26 rysk
318 585 90 26 jernväg
426 583 40 21 och
481 584 93 19 tvärtom
589 583 39 20 har
653 583 121 21 framhållit.
805 583 112 22 Utskottet
935 585 99 26 upplyser

208 613 56 21 dock
279 614 32 19 att
325 613 89 20 senaten
429 611 44 21 står
488 611 7 20 i
510 611 93 26 begrepp
619 612 32 19 att
665 613 50 24 taga
729 611 75 26 frågan
818 612 70 21 under
901 613 38 20 sitt
948 613 87 26 slutliga

208 641 116 26 afgörande
339 640 41 21 och
395 645 63 15 anser
473 641 38 24 att,
527 639 28 21 då
571 639 113 26 styrelsens
702 639 188 27 uppmärksamhet
904 641 66 21 redan
986 641 48 21 blif-

208 670 32 24 vit
254 669 42 21 fäst
311 669 27 26 på
358 669 70 20 denna
443 667 66 26 fråga,
525 667 33 21 för
572 667 133 21 närvarande
731 667 48 22 skäl
802 667 34 22 för
862 669 115 21 ständerna
1002 671 32 19 att

208 697 73 22 skrida
296 697 32 21 till
343 696 106 21 särskilda
463 695 102 27 åtgärder
579 696 7 20 i
601 695 70 21 denna
686 695 37 21 sak
738 696 19 26 ej
772 695 121 22 förefinnas.
923 697 111 22 Utskottet

209 728 61 24 säger
285 725 84 21 vidare:
392 724 22 21 "I
433 724 41 21 den
492 723 57 22 fasta
567 723 116 26 tillförsigt,
701 725 32 20 att
752 725 103 26 styrelsen
870 725 7 20 i
892 725 70 21 denna
976 725 58 21 svår-

208 755 57 20 lösta
278 753 39 22 sak
332 753 55 21 skall
402 754 51 25 göra
468 752 45 27 allt,
529 758 46 15 som
590 754 63 24 göras
668 752 48 25 kan,
732 752 40 21 har
786 753 71 20 derför
867 753 105 21 utskottet
982 755 51 20 äran

209 781 85 27 föreslå,
309 783 33 20 att
356 781 84 21 landets
455 780 115 26 höglofliga
585 780 87 21 ständer
685 780 33 21 för
733 780 69 21 denna
815 781 58 26 gång
887 781 67 21 måtte
964 781 70 22 lemna

210 810 139 21 förevarande
371 809 212 26 petitionsmemorial
605 809 52 20 utan
679 808 116 21 afseende".
824 809 50 21 Mitt
888 810 146 26 petitionsme-

210 839 76 26 myprial
300 838 38 26 går
353 837 56 21 dock
423 837 73 26 längre
511 839 28 18 än
555 837 36 20 det
606 843 46 14 som
667 837 139 21 innefattades
816 837 7 21 i
833 837 201 27 köpmannamötets

210 867 6 20 i
232 867 80 25 Viborg
327 866 24 20 år
368 865 55 21 1883
438 865 33 21 till
486 867 88 19 senaten
589 865 118 21 inlemnade
726 865 100 26 ansökan,
847 866 46 20 deri
908 866 36 21 det
959 866 75 21 endast

210 901 38 15 var
262 894 60 27 fråga
337 900 35 14 om
388 893 150 26 transitogods,
557 899 46 15 som
622 892 69 22 skulle
709 892 59 22 öfver
782 893 105 27 Ryssland
902 894 85 21 komma
1001 894 33 21 till

210 923 90 21 Finland
315 922 52 21 eller
382 923 99 19 tvärtom.
511 921 50 21 Mitt
579 921 209 27 petitionsmemorial
806 922 101 21 omfattar
926 922 60 22 äfven
1002 922 32 21 så-

210 951 52 21 dant
277 951 59 26 gods,
352 956 47 14 som
414 950 68 20 skulle
497 949 48 21 från
560 949 107 27 Ryssland
681 949 26 27 gå
721 950 34 20 till
770 950 91 21 Finland
872 950 52 21 eller
935 952 99 20 tvärtom.

210 980 76 21 Denna
308 978 35 22 del
362 978 23 21 af
401 978 75 26 frågan
495 978 92 21 affärdar
606 977 105 21 utskottet
730 978 48 20 med
795 978 94 27 följande
905 979 48 21 ord:
976 979 57 21 "Den

209 1008 78 20 mellan
301 1006 91 22 Finland
409 1006 39 21 och
467 1006 106 26 Ryssland
591 1005 109 27 befintliga
717 1006 131 26 tullgränsen
867 1007 167 27 nödvändiggör,

210 1037 32 20 att
257 1036 42 20 alla
313 1041 70 19 varor,
399 1040 45 15 som
459 1034 28 27 på
499 1034 91 27 jernväg
607 1034 58 21 föras
683 1034 59 21 öfver
760 1034 69 22 denna
843 1036 70 26 gräns,
929 1035 105 21 underka-

210 1066 44 19 stas
269 1070 27 15 en
310 1064 42 20 viss
367 1063 130 26 behandling
511 1063 8 20 i
535 1062 32 22 S:t
582 1062 134 26 Petersburg,
732 1062 72 22 dervid
819 1069 133 21 varuegaren
966 1064 68 21 måste

210 1092 176 27 representeras".
425 1091 42 27 Jag
492 1091 79 21 förstår
597 1091 18 27 ej
641 1090 56 22 hvad
722 1091 42 21 den
789 1092 191 26 omständigheten,
1002 1094 32 19 att

210 1126 131 20 varuegaren
366 1119 68 21 måste
459 1121 159 25 representeras
640 1119 36 21 vid
694 1119 41 21 den
756 1119 135 27 behandling,
914 1126 46 15 som
982 1126 52 20 upp-

209 1148 67 27 gifves
298 1148 69 21 måsta
389 1148 99 26 försiggå,
510 1148 89 20 hindrar
620 1149 38 24 att,
682 1147 54 21 efter
758 1148 35 21 det
815 1148 70 21 denna
906 1148 129 27 behandling

209 1176 117 28 försiggått,
340 1176 204 27 jernvägsstyrelsen
563 1176 68 20 skulle
651 1176 118 26 ombesörja
787 1182 75 15 varans
878 1176 156 28 öfverflyttning

209 1206 33 20 till
257 1205 63 27 ryska
336 1204 133 27 bangården;
489 1204 128 21 åtminstone
637 1210 51 15 vore
702 1204 36 21 det
753 1204 7 20 i
775 1204 102 22 handelns
891 1205 90 21 intresse
996 1206 39 20 och

209 1234 34 22 till
257 1235 79 19 största
351 1232 83 22 lättnad
449 1232 34 22 för
497 1238 124 21 varuegare.
650 1232 34 21 Då
699 1232 104 22 utskottet
818 1233 74 21 vidare
906 1235 88 19 nämner
1004 1234 32 20 att

209 1268 78 20 genom
301 1261 153 27 petitionärens
477 1260 130 22 medverkan
629 1260 114 27 styrelsens
765 1261 188 27 uppmärksamhet
970 1262 66 20 redan

210 1290 70 21 blifvit
294 1290 42 21 fäst
350 1289 38 21 vid
403 1289 70 21 denna
487 1289 67 26 fråga,
571 1294 61 22 synes
652 1289 37 21 det
703 1289 43 26 mig
760 1295 46 15 som
820 1290 70 21 skulle
905 1290 59 22 detta
979 1291 57 20 utta-

210 1318 63 21 lande
287 1319 77 25 utgöra
380 1319 31 20 ett
429 1317 95 21 indirekt
545 1317 91 21 klander
657 1319 45 19 mot
723 1318 43 26 mig
788 1318 32 20 för
838 1319 33 20 att
886 1318 38 27 jag
938 1318 98 27 upptagit

209 1346 126 22 ständernas
350 1346 93 26 dyrbara
457 1346 32 23 tid
504 1346 49 20 med
571 1352 27 14 en
615 1346 97 26 petition,
736 1352 45 15 som
799 1352 76 20 genom
894 1352 26 16 en
934 1346 103 28 korpora-

209 1375 47 22 tion
270 1374 66 22 redan
355 1374 70 22 blifvit
447 1374 39 21 hos
509 1374 104 26 styrelsen
635 1374 132 22 framhållen.
795 1374 41 27 Jag
858 1375 37 21 vill
914 1376 45 20 mot
977 1375 59 21 detta

209 1403 109 25 anmärka,
335 1404 33 19 att
379 1403 38 27 jag
435 1408 64 15 anser
521 1405 32 18 att
575 1402 84 21 landets
682 1404 175 25 representanter,
880 1409 75 21 genom
973 1403 63 21 hvars

210 1431 130 23 medverkan
355 1431 143 26 jernvägarne
516 1431 33 20 till
567 1432 80 19 största
667 1431 60 20 delen
746 1431 128 26 tillkommit,
893 1434 37 18 äro
948 1432 88 20 berätti-

209 1460 55 27 gade
279 1461 32 19 att
329 1459 69 21 uttala
417 1459 26 20 de
463 1459 138 26 önskningar,
620 1465 46 14 som
684 1459 48 20 med
747 1459 98 22 afseende
860 1459 13 21 å
885 1459 151 28 jernvägarnes

209 1487 143 24 trafikerande
375 1487 122 22 förefinnas.
527 1487 63 21 Hvad
613 1487 66 21 skildt
701 1485 69 24 denna
791 1487 37 22 sak
851 1487 137 26 vidkommer,
1012 1487 25 22 så

209 1517 68 21 måste
290 1516 37 27 jag
342 1521 52 16 anse
409 1515 38 22 det
463 1521 46 16 mer
523 1517 29 20 än
567 1515 123 26 önskvärdt,
709 1517 33 19 att
757 1521 24 16 en
797 1516 66 21 sådan
879 1516 158 21 öfverenskom-
