1095 1725
212 118 42 33 440
480 120 94 22 Berjarast.
586 119 44 19 1885.
639 115 43 33 ::17...
688 115 50 33 Mars.

194 190 84 20 till.det
294 201 2 3 :
303 188 151 27 ursprungliga
477 187 86 27 förslag,
583 182 48 37 som:
640 182 75 37 blifvit
727 188 118 26 uppgjordt.
859 188 24 22 af
896 189 38 22 den
945 182 80 37 :dertill

194 218 91 22 utsedda
303 216 98 22 komitén
419 216 40 21 och
474 216 89 20 sålunda
577 222 26 14 ur
617 215 110 27 förslaget,
743 216 80 20 sådant
833 216 38 21 det
885 216 68 23 finnes
967 217 56 21 inta-

195 248 36 25 get
244 246 8 21 i
266 246 78 26 nådiga
369 244 156 30 propositionen,
541 244 130 20 utmönstrat
687 249 25 15 -en
728 244 34 20 del
777 244 84 22 mindre
875 245 101 27 lämpliga
985 245 37 21 be-

195 274 131 26 nämningar.
378 272 50 21 Äfven
442 272 36 20 vid
492 271 117 21 affattande
624 271 24 21 af
659 271 68 21 första
741 272 128 26 paragrafen
884 273 40 21 har
938 272 84 22 utskot-

196 304 32 20 tet
242 302 49 21 sökt
305 301 75 27 återgå
394 300 33 21 till
442 300 36 21 det
492 300 150 26 ursprungliga
655 299 112 27 förslagets
781 300 125 27 redaktion;
919 300 60 22 detta
988 301 34 21 för

196 332 33 23 att
247 330 84 26 angifva
349 328 82 27 längd-,
445 330 33 25 yt-
492 328 41 21 och
548 327 153 28 rymdmåttens
716 330 57 19 samt
786 328 149 27 vigtenhetens
950 329 71 21 inbör-

197 358 37 21 des
248 358 161 25 sammanhang.
438 356 42 21 Det
494 362 62 20 synes
570 356 44 26 mig
629 355 23 21 af
665 356 109 26 synnerlig:
785 357 52 26 vigt,
851 358 35 20 att
897 357 60 21 detta
966 363 55 16 sam-

196 386 106 26 manhang
320 385 79 27 tydligt
417 384 40 21 och
476 384 58 20 klart
552 384 130 20 framhälles.
711 384 42 21 För
775 386 32 19 att
824 385 124 27 ytterligare
965 385 57 21 klar-

196 416 52 25 göra
263 415 124 23 detsamma,
403 412 67 21 skulle
482 412 38 27 jag
534 412 79 20 föreslå
627 413 33 19 att
679 412 3 20 i
705 412 4 21 2
724 418 64 15 mom.
796 412 55 22 efter
861 413 66 21 orden
938 413 83 27 *vigten

197 442 32 22 af*
238 442 65 21 orden
314 442 39 21 *en
360 442 49 20 liter
417 440 60 21 eller*
489 440 69 21 skulle
565 440 96 21 insättas.
679 440 93 21 Sälunda
779 441 69 21 skulle
861 442 59 20 detta
927 447 64 15 mom.
999 441 23 21 fä

197 470 93 27 följande
303 470 90 26 lydelse:
409 468 101 22 *enheten
528 468 34 21 för
575 468 44 26 vigt
635 470 24 18 är
673 468 148 26 kilogrammet
836 469 70 21 afsedt
921 471 32 19 att
966 471 56 20 mot-

198 504 62 15 svara
276 498 72 27 vigten
367 497 23 21 af
403 503 27 15 en
444 496 48 22 liter
507 496 51 21 eller
576 497 58 25 '/1,0so
649 496 134 22 kubikmeter
798 497 134 21 destilleradt
946 499 75 19 vatten

197 526 36 21 vid
248 532 26 15 en
288 526 131 27 temperatur
433 526 16 23 +
461 524 25 22 49
505 524 66 26 enligt
586 524 81 21 Celsius
681 525 154 21 termometer".
851 525 93 21 Härmed
952 525 72 21 skulle

197 554 28 27 pä
240 556 31 20 ett
286 554 106 26 äskädligt
407 554 43 20 sätt
464 552 122 22 framhällas
595 552 36 21 det
638 552 101 22 inbördes
746 553 174 28 sammanhanget
930 554 90 21 emellan

196 583 48 21 icke
258 583 56 21 blott
329 583 150 25 kilogrammet
494 581 40 21 och
548 583 89 22 metern,
652 582 53 20 utan
720 581 64 28 också
798 582 79 21 mellan
884 582 136 26 vigtenheten

198 611 39 21 och
256 611 160 26 grundenheten
431 609 33 21 för
480 609 150 27 rymdmätten,
649 609 69 21 litern.
748 609 93 22 Afvensä
855 610 69 21 skulle
938 610 85 27 härige-

197 645 50 15 nom
262 639 37 21 det
312 639 43 21 mäl
370 639 77 20 lättare
461 637 89 27 uppnäs,
566 643 46 15 som
625 637 107 21 utskottet
747 638 76 21 önskat
838 644 77 21 genom
929 639 32 20 sin
976 645 47 14 om-

197 667 137 26 formulering
349 666 24 21 af
385 666 126 27 paragrafen
526 666 70 25 vinna,
612 666 105 25 nemligen
731 665 163 22 framhällandet
908 668 32 19 att
949 667 72 26 vigten

199 695 23 21 af
242 701 26 15 en
290 701 51 15 vara
362 694 95 27 uttryckt
474 694 8 21 i
500 693 106 26 kilogram
621 693 42 22 kan
678 694 105 21 beräknas
797 700 26 15 ur
839 695 48 20 dess
901 695 71 26 volym
986 696 36 20 ut-

198 723 71 27 tryckt
283 724 7 20 i
304 724 49 20 liter
368 728 77 21 genom
460 728 26 15 en
501 721 63 22 enkel
578 722 165 27 multiplikation
758 723 48 20 med
821 723 37 21 det
873 723 36 25 tal,
925 729 45 15 som
984 729 37 15 an-

198 751 67 27 gifver
279 757 77 15 varans
371 750 101 27 specifika
486 750 51 26 vigt.
567 750 41 26 Jag
623 756 62 15 anser
701 752 31 19 att
747 752 31 19 ett
792 751 77 21 sådant
885 753 137 19 omnämnan-

199 780 26 21 de
250 779 24 21 af
295 779 150 27 rymdenheten
470 778 66 21 redan
559 778 7 21 i
587 778 68 21 första
675 779 126 26 paragrafen
819 779 69 22 skulle
902 779 56 26 gifva
972 779 51 21 hela

199 809 99 25 systemet
313 814 26 15 en
354 809 69 19 större
437 806 140 27 äskädlighet.
768 813 12 9 i

267 836 56 20 Herr
339 835 159 21 Gummerus:
521 835 11 20 1
547 836 90 19 motsats
652 835 33 20 till
700 835 50 20 herr
761 835 93 21 Neovius
866 841 63 15 anser
939 836 37 26 jag
988 837 34 20 att

198 864 106 20 utskottet
318 863 47 21 icke
381 862 71 22 anfört
466 862 86 22 talande
568 862 47 21 skäl
630 862 34 21 för
675 862 129 27 ätergängen
815 863 34 21 till
861 863 104 21 komitens
977 864 44 21 för-

200 892 52 26 slag,
272 893 50 19 utan
341 897 64 15 anser
417 891 38 26 jag
469 892 33 20 att
516 890 42 22 den
573 890 116 27 kejserliga
704 891 159 27 propositionen
879 893 24 19 är
917 894 32 18 att
964 892 58 21 före-

200 920 66 26 draga
280 920 7 20 i
302 919 102 21 afseende
419 919 13 21 &
447 919 105 24 enkelhet,
568 918 86 21 klarhet
669 918 39 22 och
722 919 80 21 renhet.
827 919 46 22 När
885 922 137 25 metersyste-

200 950 44 19 met
258 948 83 26 engäng
355 947 86 26 införes,
457 949 24 18 är
496 947 37 21 det
547 947 58 20 klart
619 948 31 20 att
662 947 36 21 det
709 947 64 21 ocksä
784 947 78 21 blifver
872 948 74 26 kändt,
957 948 66 22 hvar-

200 976 33 21 för
252 976 36 21 det
306 978 24 18 är
349 976 88 26 onödigt
455 976 31 20 att
504 975 31 21 uti
552 981 25 15 en
594 975 124 27 förordning
733 976 65 20 sädan
813 982 46 17 som
876 976 68 21 denna
959 977 61 26 börja

200 1004 88 26 utlägga
300 1005 115 26 systemets
431 1003 152 21 beskaffenhet.
610 1003 43 21 För
665 1003 65 27 öfrigt
741 1004 68 20 skulle
818 1004 38 26 jag
868 1004 51 27 vilja
931 1004 88 27 päpeka,

200 1032 54 22 hvad
271 1032 11 28 $
299 1033 11 20 1
325 1032 139 26 vidkommer,
479 1033 32 19 att
527 1032 144 26 stiliseringen
686 1032 46 21 icke
747 1034 24 19 är
785 1032 84 27 lyckad.
897 1033 45 21 Der
949 1033 73 26 ingår,

200 1060 67 27 enligt
281 1060 55 21 hvad
349 1060 38 26 jag
403 1066 68 20 anser,
487 1066 26 15 en
529 1061 46 19 stor
589 1060 139 27 tvetydighet.
757 1060 43 22 Der
819 1060 46 22 stär
885 1062 32 20 att
930 1061 92 21 enheten

200 1088 34 22 för
248 1090 70 25 vigten
334 1090 25 19 är
373 1088 150 26 kilogrammet
533 1088 71 21 afsedt
618 1090 33 19 att
662 1090 106 20 motsvara
782 1089 72 26 vigten
869 1089 24 21 af
908 1090 60 26 !/1,000
983 1090 39 20 ku-

200 1117 105 21 bikmeter
323 1116 136 22 destilleradt
476 1118 73 19 vatten
568 1116 36 21 vid
623 1122 26 15 en
668 1118 130 25 temperatur
812 1117 24 21 af
850 1117 26 26 +
893 1117 26 22 49
936 1118 87 22 celsius.

200 1145 43 22 Det
257 1147 24 19 är
296 1145 57 21 klart
368 1146 32 19 att
415 1145 112 26 meningen
542 1146 25 19 är
582 1146 32 19 att
628 1145 37 21 det
679 1147 24 19 är
718 1146 70 26 vigten
804 1145 23 21 af
840 1146 59 26 !/1,000
911 1146 110 22 kubikme-

200 1175 34 20 ter
249 1173 134 22 destilleradt
398 1175 72 19 vatten
486 1173 22 21 af
523 1173 27 26 +
565 1171 29 23 49
610 1173 77 21 celsius
701 1175 136 25 temperatur.
866 1175 42 26 Jag
922 1174 102 22 förordar

200 1202 72 21 derför
290 1201 170 27 propositionens
478 1201 108 27 paragraf,
602 1207 49 16 men
666 1208 34 15 om
715 1202 85 21 ständet
810 1202 60 21 ändä
885 1204 88 25 antager
987 1205 36 20 ut-

200 1230 98 25 skottets,
313 1230 25 21 sä
353 1229 69 22 skulle
436 1229 37 27 jag
489 1230 67 21 önska
572 1231 32 20 att
618 1230 70 21 denna
703 1231 95 26 ändring,
813 1237 47 14 som
871 1231 38 26 jag
921 1231 102 27 påpekat,

200 1258 69 21 skulle
284 1259 70 25 göras.
773 1275 2 2 .

268 1286 55 21 Herr
339 1286 130 27 Eneberg:
492 1286 42 27 Jag
549 1286 43 21 kan
608 1286 46 21 icke
668 1287 59 26 värja
741 1287 42 26 mig
794 1287 33 21 för
839 1287 41 21 den
891 1287 85 26 tanken,
987 1289 34 20 att

199 1315 105 20 utskottet
318 1315 36 20 vid
369 1314 156 27 behandlingen
541 1314 23 21 af
579 1315 70 20 denna
664 1315 129 26 proposition
808 1315 86 22 förfarit
905 1316 59 21 såväl
976 1317 45 20 mot

199 1343 55 21 hvad
273 1349 45 14 som
337 1343 39 20 hos
396 1343 114 20 ständerna
528 1343 140 20 härförinnan
686 1343 55 21 varit
760 1343 86 27 vanligt,
866 1349 45 16 som
931 1344 64 21 också
1012 1344 8 21 i

199 1371 54 21 strid
269 1373 44 18 mot
327 1371 241 26 landtdagsordningen.
602 1371 34 20 Dä
651 1371 124 27 regeringen
791 1372 78 21 önskar
880 1373 94 21 inhemta
988 1374 33 20 ett

198 1399 111 22 utlåtande
327 1399 24 21 af
364 1399 122 25 ständerna,
506 1399 24 21 så
547 1405 64 15 anser
623 1399 38 26 jag
677 1400 35 21 det
727 1400 66 21 strida
808 1400 46 21 icke
869 1401 92 21 allenast
975 1402 48 20 mot

198 1427 72 26 vanlig
288 1427 175 26 grannlagenhet,
481 1429 52 19 utan
552 1427 66 21 också.
636 1429 44 19 mot
699 1428 40 26 god
759 1429 90 26 ordning
863 1429 40 20 och
917 1429 106 26 slutligen

198 1457 45 20 mot
258 1455 27 22 75
300 1455 11 27 $
326 1456 7 20 i
349 1455 233 27 landtdagsordningen
598 1457 32 19 att
645 1456 104 21 utskottet
764 1457 68 26 ingått
843 1457 7 20 i
862 1463 27 15 en
899 1457 121 27 detaljerad

198 1484 129 27 granskning
343 1483 39 21 och
397 1483 127 22 formulerat
542 1486 31 19 ett
589 1486 48 25 nytt
655 1484 123 27 lagförslag.
811 1485 74 26 Enligt
903 1486 41 21 min
963 1486 59 26 åsigt

197 1512 55 22 hade
269 1512 115 21 utskottets
400 1512 165 26 anmärkningar
580 1512 64 21 bordt
659 1518 52 15 vara
721 1512 100 23 affattade
833 1513 7 22 i
852 1513 55 22 form
919 1513 23 22 af
951 1513 74 22 kläm-
