1100 1775
14 18 1056 39 VA

207 166 44 31 488
476 168 96 23 Borgarest.
583 168 45 19 1885.
643 168 23 18 20
678 168 52 18 Mars.

260 239 32 20 1:0
322 233 164 31 Lagutskottets
504 236 136 23 betänkande
655 236 40 21 N:o
711 236 13 21 3
732 236 118 26 -angäende
866 237 116 27 ändringar
997 238 27 22 af

189 267 38 21 och
245 266 76 26 tillägg
335 266 35 20 till
386 264 107 22 särskilda
509 264 132 26 stadganden
657 264 7 20 i
680 264 206 27 värnepligtslagen;

258 295 35 21 2:0
320 300 84 15 samma
424 293 96 22 utskotts
541 292 135 22 betänkande
697 292 40 22 N:o
760 293 14 21 4
796 299 35 15 om
854 294 121 26 antagande
998 295 25 21 af

191 322 97 27 strafflag
303 322 32 21 för
350 321 71 21 finska
433 321 120 25 militären;

258 352 34 20 3:0
315 350 109 21 allmänna
446 348 207 22 besvärsutskottets
673 348 133 22 betänkande
821 350 42 22 N:o
878 351 14 21 6
907 350 113 26 angående

164 399 3 3 .
189 379 126 27 utvidgning
331 378 23 21 af
369 378 41 20 den
425 377 152 21 kombinerade
593 377 50 20 kur-
659 377 39 20 och
713 377 162 23 värdanstalten
890 379 11 21 &
908 378 110 27 Fagernäs

189 408 98 20 hemman
303 406 58 22 invid
377 406 95 27 Kuopio;

259 436 34 20 4:0
315 440 84 16 samma
413 433 94 22 utskotts
522 432 136 22 betänkande
673 432 39 22 N:o
728 434 13 20 7
757 439 34 15 om
807 435 121 21 ordnandet
943 435 23 21 af
979 441 40 15 un-

191 464 149 26 dervisningen
357 462 6 20 i
380 461 121 28 gymnastik
516 461 35 21 vid
567 461 84 21 landets
667 461 105 21 läroverk.

259 548 42 20 Vid
323 546 53 22 härä
395 546 67 21 skedd
481 545 153 27 föredragning
650 545 23 21 af
686 546 109 21 allmänna
810 546 207 23 besvärsutskottets

190 576 135 21 betänkande
348 574 40 22 N:o
408 575 19 24 4,
443 574 111 27 angäende
569 574 42 21 den
626 574 157 27 värnepligtiga
798 575 120 22 militärens
934 576 83 27 sedliga

190 604 157 25 förhällanden,
362 603 85 27 yttrade
460 603 35 26 sig
511 602 95 27 följande
621 602 78 21 talare:

259 633 56 20 Herr
336 631 127 22 Neovius:
482 631 41 25 Jag
542 630 39 21 har
596 630 76 26 begärt
686 630 62 21 ordet
763 631 46 21 icke
824 631 34 22 för
873 634 32 19 att
919 633 97 21 bestrida

191 661 36 20 det
250 659 121 22 önskvärda
394 659 76 25 deruti,
493 660 32 19 att
548 659 43 20 alla
610 658 87 27 möjliga
712 658 101 27 åtgärder
829 660 66 21 måtte
910 661 105 26 vidtagas,

190 689 73 20 hvilka
283 689 28 26 på
328 689 33 20 ett
377 687 108 22 verksamt
501 688 44 21 sätt
559 692 63 15 anses
637 686 71 21 kunna
723 687 89 26 bidraga
827 688 33 21 till
877 689 102 26 höjandet
993 689 24 21 af

191 717 132 26 sedligheten
343 716 58 21 inom
416 715 38 21 vår
469 715 112 21 inhemska
595 714 86 26 militär,
697 715 18 26 ej
732 715 68 21 heller
815 715 34 22 för
863 719 33 18 att
911 717 53 21 söka
979 717 37 22 be-

191 745 52 25 visa,
266 747 31 18 att
319 745 32 20 alt
371 744 56 20 inom
445 743 123 21 densamma
583 749 50 14 vore
649 743 6 20 i
672 743 35 20 det
721 743 142 22 utmärktaste
879 745 67 26 skick,
962 745 54 22 eller

191 775 32 19 att
245 773 54 21 intet
321 773 34 20 för
373 771 146 27 befrämjande
535 771 24 21 af
572 771 133 26 sedligheten
720 772 61 21 stode
797 774 32 19 att
843 775 64 24 göra;
923 775 91 20 tvärtom

190 807 65 15 anser
267 801 45 26 jag,
328 802 40 24 att,
385 800 47 21 med
448 799 103 22 afseende
567 799 13 21 å
595 799 40 21 den
651 799 147 27 föreliggande
809 800 88 27 frågans
908 801 107 22 allmänna

191 829 110 27 betydelse
324 829 40 21 och
380 828 51 26 vigt,
446 828 47 21 icke
508 834 43 20 nog
566 827 195 27 uppmärksamhet,
777 828 39 21 och
831 829 60 21 detta
905 829 8 21 i
928 836 88 21 synner-

190 858 37 21 het
247 857 48 22 frän
317 857 93 21 befälets
433 856 53 25 sida,
509 856 42 21 kan
575 861 65 21 egnas
656 856 131 26 sedligheten
803 857 57 21 inom
877 857 51 22 vära
943 858 73 21 aktiva

190 888 89 25 trupper
301 885 39 22 och
363 891 100 15 reserven
486 884 37 21 vid
546 884 49 21 dess
618 885 77 20 möten.
725 884 43 21 Det
782 887 24 19 är
821 886 120 26 egentligen
958 888 58 20 emot

191 915 40 21 den
254 914 23 21 af
297 913 168 28 petitionärerne
487 912 130 21 framhällna
640 912 141 27 anledningen
800 914 33 20 till
849 914 64 21 deras
928 916 87 25 uppträ-

191 943 69 21 dande
279 942 38 22 och
341 942 68 20 delvis
428 943 57 19 emot
501 941 36 21 det
553 942 49 24 sätt,
618 940 28 26 pä
661 940 80 22 hvilket
756 941 25 21 de
797 942 119 22 statistiska
931 943 84 27 uppgif-

190 973 61 19 terna
273 970 24 22 af
317 970 106 21 utskottet
445 969 72 21 blifvit
531 968 100 22 använda
645 968 34 21 för
692 969 87 27 frägans
795 969 118 28 belysning,
925 971 38 27 jag
977 973 37 19 ön-

191 1000 65 20 skade
278 1001 57 25 yttra
358 998 67 26 några
448 998 46 20 ord.
517 1009 27 3 —
568 997 41 21 Vid
633 998 173 25 genomläsandet
828 998 23 22 af
872 1000 143 25 petitionerna

188 1027 71 22 finner
280 1033 55 20 man,
358 1028 33 27 att
413 1026 26 21 de
460 1026 67 20 ärade
546 1025 177 27 petitionärernes
739 1027 146 26 uppträdande
901 1028 55 20 varit
970 1028 45 20 för-

186 1056 77 21 -anledt
277 1055 24 21 af
314 1055 95 21 oroande
424 1054 76 27 rykten
516 1060 34 14 om
566 1054 28 20 fel
611 1054 39 20 och
666 1054 73 26 olater,
756 1054 72 22 hvilka
842 1055 81 21 inrotat
935 1056 32 26 sig
975 1056 39 21 hos

189 1084 115 26 militären,
323 1083 110 21 äfvensom
449 1082 24 21 af
486 1082 133 26 graverande
636 1082 169 27 anmärkningar,
821 1089 46 15 som
883 1084 6 20 i
904 1084 111 26 ätskilliga

189 1112 108 26 tidningar
323 1111 68 27 gjorts
414 1112 44 19 mot
481 1110 26 21 de
526 1110 87 26 sedliga
635 1110 162 22 förhållandena
819 1112 57 21 inom
899 1112 118 27 militären,

189 1140 74 22 hvilka
277 1140 166 26 anmärkningar
458 1138 47 22 icke
520 1138 71 22 blifvit
606 1138 129 27 vederlagda
750 1139 38 21 och
804 1140 90 21 sälunda
909 1141 105 26 gvarlem-

190 1171 37 19 nat
247 1170 36 20 det
297 1168 91 27 intryck,
404 1169 31 20 att
451 1167 36 21 det
503 1167 6 21 i
526 1167 59 21 detta
601 1166 121 23 hänseende
737 1167 110 28 verkligen
863 1168 45 22 står
923 1169 95 27 sorgligt.

189 1198 40 21 till.
259 1197 42 27 Jag
322 1197 52 20 ville
396 1196 33 21 till
451 1195 54 28 följd
528 1195 65 21 häraf
614 1195 119 27 framhälla,
757 1198 32 19 att
808 1197 44 20 lika
867 1197 24 21 sä
905 1197 48 21 litet
968 1203 45 15 som

190 1226 72 27 dylika
283 1225 76 27 rykten
382 1224 39 21 och
444 1223 168 28 anmärkningar
631 1224 48 21 med
697 1223 36 28 fog
748 1223 71 22 kunna
834 1225 95 21 tilldelas
944 1225 70 27 någon

189 1254 115 22 bevisande
326 1253 67 26 kraft,
412 1252 61 21 äfven
491 1259 33 14 om
541 1253 27 20 de
583 1251 105 22 förblifvit
702 1252 151 27 ovederlagda,
869 1253 44 22 lika
928 1253 24 22 så
965 1254 49 21 litet

189 1283 61 21 torde
273 1281 172 27 vederläggande
466 1280 91 22 artiklar
572 1281 72 20 kunna
659 1280 32 21 till
707 1280 72 27 fyllest
794 1281 65 27 lugna
875 1282 26 21 de
916 1288 25 15 en
957 1282 58 27 gång

189 1311 120 28 uppväckta
323 1309 131 27 farhägorna
469 1309 34 21 för
518 1309 201 21 missförhållanden
735 1309 6 21 i
757 1310 91 21 nämnda
863 1309 107 22 afseende.
985 1323 28 2 —

189 1339 44 22 Det
247 1341 25 19 är
287 1339 77 21 endast
378 1344 27 17 en
419 1343 57 21 noga
491 1337 161 26 undersökning
667 1343 35 15 om
717 1337 26 21 de
759 1338 82 27 sedliga
852 1338 163 22 förhållandena

189 1368 57 21 inom
269 1367 38 21 vår
328 1367 86 26 militär,
437 1372 46 15 som
503 1366 42 21 kan
560 1365 83 27 afgöra,
658 1365 104 22 buruvida
777 1366 124 21 densamma
915 1367 7 21 i
937 1366 78 27 sjelfva

182 1396 82 22 .verket
279 1395 44 22 står
338 1395 28 27 på
382 1401 26 15 en
422 1394 61 27 lägre
499 1393 131 28 ståndpunkt
645 1393 7 21 i
667 1393 78 28 sedligt
760 1394 121 22 hänseende
891 1397 26 19 än
929 1395 87 22 landets

190 1424 69 27 öfriga
280 1423 96 27 manliga
398 1422 124 26 befolkning
545 1423 57 20 inom
624 1422 149 21 motsvarande
795 1423 164 27 samhällslager
974 1423 39 22 och

181 1459 90 17 samma
293 1452 67 21 ålder.
390 1451 45 27 Mig
457 1457 64 21 synes
544 1450 79 26 derför,
639 1452 31 19 att
685 1457 26 14 en
726 1451 97 21 starkare
839 1450 152 29 färgläggning
1006 1452 7 21 i

189 1481 72 22 mörkt
282 1480 23 21 af
324 1480 93 21 nämnda
439 1479 157 26 förhållanden,
620 1479 46 20 icke
680 1478 42 21 kan
738 1485 62 16 anses
817 1474 123 35 motiverad.
948 1480 66 21 innan

189 1516 26 15 en
235 1509 65 22 sådan
316 1508 160 26 undersökning
491 1507 120 26 företagits.
627 1519 27 3 —
670 1506 181 23 Petitionärernes
866 1505 152 30 uppträdande

188 1538 40 21 har
251 1537 54 22 dock
323 1536 48 21 haft
386 1537 37 20 det
437 1536 57 27 goda
509 1536 48 21 med
573 1535 40 27 sig,
629 1537 32 19 att
676 1535 75 28 början
765 1536 32 21 till
813 1542 26 15 en
855 1536 66 21 sådan
937 1537 78 21 under-

189 1567 90 25 sökning
301 1565 73 21 blifvit
396 1565 57 26 lagd.
483 1564 42 27 Jag
547 1564 91 21 betonar
663 1564 48 21 med
727 1563 32 22 flit
774 1565 107 26 uttrycket
896 1564 80 27 början,
991 1567 25 25 ty
