1100 1739
357 120 95 21 Borgarest.
463 119 43 19 1885.
530 120 18 18 12
560 120 52 19 Mars.
839 122 34 19 431

68 191 64 20 -mera
145 187 36 22 må
188 187 67 21 sådan
266 187 61 25 fråga
335 187 49 20 icke
394 187 74 20 kunna
478 187 84 26 väckas,
571 188 23 21 så
602 188 64 21 framt
674 189 40 20 den
723 189 18 26 ej
750 190 146 22 omedelbarki-

68 223 44 20 igen
126 215 120 22 föranledes
261 214 23 21 af
297 215 31 20 ett
343 215 58 20 inom
416 215 65 26 något
495 215 63 20 stånd
572 215 80 22 fattadt
664 215 72 22 beslut
751 217 51 21 eller
817 224 25 15 en
855 222 41 17 un-

70 245 40 21 der
121 243 133 26 'landtdagen
269 242 100 21 inträffad
383 242 119 26 händelse",
518 243 39 20 och
572 243 37 21 det
624 245 24 19 är
660 244 44 26 just
719 245 49 20 med
782 246 114 26 anledning

66 273 30 21 -af
108 270 191 27 borgareständets
314 276 29 14 nu
357 269 83 22 fattade
455 270 75 26 beslut,
546 277 46 14 som
606 271 56 21 Herr
676 272 99 26 Högman
790 273 105 22 framstält

66 301 44 20 -sitt
122 299 88 26 förslag.

141 327 56 20 Herr
211 325 144 22 Molander:
374 325 44 21 För
432 326 44 20 min
491 326 35 21 del
540 332 64 15 anser
616 327 37 26 jag
665 329 32 19 att
712 327 26 21 de
753 328 56 21 bäda
824 329 70 21 saker-

67 361 39 20 na,
115 361 46 14 som
176 354 38 21 här
230 355 36 19 äro
281 354 7 20 i
303 353 66 26 fråga,
382 353 18 26 ej
416 353 64 21 hafva
494 354 65 26 något
574 356 66 19 annat
655 355 158 28 sammanhang,
824 359 27 18 än
862 359 33 19 att

67 383 80 26 frågan
166 388 34 15 om
214 381 123 27 bysättning
351 381 61 26 ingår
426 381 8 20 i
448 381 63 21 båda.
540 382 44 20 För
598 384 71 19 resten
684 385 36 18 vet
732 383 37 26 jag
783 385 20 25 ej
819 390 34 15 om
864 389 30 16 en

71 411 67 20 sädan
161 410 89 26 petition
270 409 117 25 muntligen
409 409 43 20 kan
477 409 135 26 framställas,
636 410 27 21 dä
678 411 35 20 det
727 411 35 20 väl
777 413 118 25 egentligen

68 439 44 20 bör
134 438 37 21 ske
193 437 125 26 skriftligen.
348 437 42 25 Jag
412 442 63 16 anser
493 437 70 20 derför
578 439 32 19 att
624 438 66 26 något
705 438 99 22 afseende
820 440 18 26 ej
852 440 43 20 bör

69 466 70 21 fästas
154 466 35 20 vid
204 466 49 20 herr
267 465 109 26 Högmans
391 464 87 26 förslag.

142 494 71 21 Sedan
228 492 146 22 diskussionen
389 492 89 21 härmed
492 492 114 21 förklarats
622 493 97 25 afslutad,
730 494 70 21 beslöt
810 495 84 21 ståndet

71 524 33 19 att
118 522 71 21 lemna
202 522 49 20 herr
266 521 109 25 Högmans
390 520 161 26 ifrågavarande
566 520 78 27 förslag
658 523 51 19 utan
725 522 104 21 afseende.

140 550 56 20 Herr
210 549 121 21 talmannen
345 548 127 21 meddelade
490 548 58 25 härå,
564 550 32 19 att
610 549 28 21 då
652 549 42 21 han
709 550 92 26 vägrade
816 552 32 19 att
861 550 33 21 till

72 578 132 25 omröstning
218 578 94 25 upptaga
327 576 36 21 det
378 576 23 20 af
415 576 49 20 herr
479 576 97 26 Högman
591 577 36 20 vid
642 579 83 19 senaste
739 578 86 26 plenum
838 578 57 26 gjor-

72 606 28 21 da
121 606 102 25 förslaget
245 611 34 14 om
298 606 33 19 att
348 604 86 20 ståndet
450 604 67 20 skulle
532 604 88 26 inbjuda
635 605 25 21 de
676 606 67 26 öfriga
757 606 90 20 stånden
862 608 32 19 att

67 634 78 21 förena
164 634 32 25 sig
214 639 34 15 om
266 632 188 26 borgareständets
470 632 70 20 beslut
554 632 7 20 i
576 632 74 26 frågan
666 639 33 15 om
714 634 158 20 normalskolan
886 634 8 20 i

71 662 139 24 Tavastehus,
222 660 80 22 skedde
317 660 42 26 det,
368 660 90 21 emedan
472 660 43 20 han
530 660 73 20 dervid
618 660 108 27 uppfattat
736 663 31 19 att
777 662 49 20 herr
836 662 57 26 Hög-

68 696 65 14 -mans
150 689 96 27 yrkande
260 688 46 26 gått
321 690 24 18 ut
360 688 67 26 derpä
442 689 32 19 att
489 688 85 20 ståndet
588 688 68 21 skulle
671 695 107 20 uppmana
792 690 101 20 vederbö-

68 718 69 20 rande
147 717 88 21 'utskott
250 718 31 19 att
295 716 8 20 i
317 716 141 20 förenämnda
472 716 120 20 hänseende
610 716 88 26 inbjuda
712 717 27 21 de
754 717 68 26 öfriga
836 718 58 20 stån-

67 746 55 25 :den;
138 751 49 15 men
202 744 27 21 då
243 744 48 21 herr
305 744 125 20 talmannen
446 743 53 21 efter
514 744 177 21 sammanträdets
706 745 42 20 slut
762 745 69 21 blifvit
841 751 52 21 upp-

71 774 43 26 lyst
132 779 35 15 'om
181 773 114 25 :meningen
317 772 49 20 med
389 772 50 20 herr
457 772 109 25 Högmans
580 772 161 26 ifrågavarande
756 773 84 26 förslag,
856 779 37 15 an-

71 802 39 26 såg
124 802 44 20 han
182 801 32 26 sig
229 806 28 15 nu
272 800 53 20 böra
339 800 33 20 till
394 800 96 20 ståndets
510 799 115 27 afgörande
647 800 128 22 öfverlemna
792 801 101 26 förslaget

67 830 45 20 -och
124 829 133 27 uppmanade
268 828 56 26 förty
335 828 50 20 herr
394 828 99 25 Högman
506 829 31 19 att
544 829 97 20 närmare
649 828 114 21 formulera
770 829 122 21 detsamma.

138 857 36 20 Då
189 856 115 21 -emellertid
319 856 49 20 herr
384 856 115 25 Högman
514 855 52 21 härå
580 856 142 26 tillkännagaf
730 858 32 19 att
771 857 43 21 han
824 857 70 21 afstod

68 886 50 20 från
136 885 38 21 sitt
189 884 61 21 ofvan
266 884 93 26 äntydda
373 883 87 27 förslag,
476 883 122 21 föranledde
614 884 116 21 detsamma
746 885 18 26 ej
779 884 113 27 till:nägon

69 913 76 21 vidare
161 912 74 26 åtgärd
250 912 46 20 från
311 912 98 20 ständets
422 911 54 21 sida.

141 996 119 25 Föredrogs
277 995 174 20 statsutskottets
469 995 119 26 bordlagda
602 995 135 21 betänkande
752 996 39 21 N:o
807 996 14 21 5
835 996 7 20 i
856 1002 36 15 an-

72 1024 88 26 ledning
174 1024 23 21 af
210 1023 58 21 Hans
283 1023 120 26 Kejserliga
418 1023 112 26 Majestäts
545 1023 78 26 nådiga
638 1024 132 25 proposition
785 1024 108 26 angäentäe

70 1052 170 27 jordskatternas
250 1051 7 20 i
267 1051 90 26 Viborgs
372 1051 36 20 län
423 1051 128 26 erläggande
566 1050 53 21 efter
633 1051 41 20 den
688 1057 47 20 nya,
745 1057 88 16 numera
840 1052 54 21 slut-
914 1055 3 2 '

68 1080 66 21 förda
148 1079 184 26 skattläggningen
347 1079 7 20 i
370 1079 66 20 länet.

141 1107 35 21 Då
196 1107 116 21 emellertid
335 1107 70 20 denna
423 1106 61 27 fråga
499 1107 52 26 egde
566 1107 152 26 sammanhang
732 1107 48 20 med
794 1107 100 27 förslaget

70 1142 38 15 om
126 1135 112 21 införande
255 1135 22 20 af
293 1134 99 21 metriskt
411 1134 55 21 mått
484 1135 40 20 och
539 1135 46 26 vigt
598 1136 55 19 samt
668 1135 108 26 angående
791 1135 103 21 särskilda

73 1165 94 20 räntors-
181 1163 41 21 och
233 1162 167 27 :skattebelopps
416 1162 128 27 erläggande
546 1158 5 36 :
559 1162 54 21 efter
631 1162 75 21 sädant
720 1163 54 20 mått
789 1163 39 20 och
842 1163 51 26 vigt,

68 1191 75 22 -beslöt
153 1191 85 20 ståndet
246 1192 31 19 att
284 1190 173 21 statsutskottets
464 1190 137 21 förenämnde
609 1190 136 21 betänkande
754 1191 69 20 skulle
829 1192 66 25 ytter-

68 1220 71 26 "ligare
161 1219 126 26 'bordläggas
308 1219 33 20 till
363 1218 51 21 dess
435 1218 217 21 :ekonomiutskottets
672 1219 34 20 till
727 1220 62 19 nästa
810 1219 84 26 plenum

72 1247 120 26 bordlagda
205 1246 134 21 betänkande
353 1247 8 20 i
376 1246 61 26 fråga
452 1252 35 15 om
501 1246 99 21 metriskt
613 1246 55 21 mått
682 1246 40 21 och
737 1247 44 25 vigt
795 1247 69 21 blifvit
874 1247 22 20 af

74 1275 86 22 ståndet
174 1274 136 23 behandladt.

142 1359 118 26 Föredrogs
275 1358 107 21 allmänna
396 1357 205 22 besvärsutskottets
610 1357 140 22 'betänkande
764 1358 40 21 N:o
819 1359 13 20 3
847 1358 49 21 med

71 1387 119 26 anledning
204 1387 23 20 af
239 1388 73 19 trenne
327 1386 33 20 till
382 1381 147 36 bondeståndet
539 1381 125 36 :inlemnade
673 1385 222 27 petitionsförslag
863 1381 35 36 om

72 1415 123 21 inrättande
216 1414 24 21 af
252 1420 26 15 en
292 1412 145 27 finskspråkig
450 1412 198 27 :paralleläfdelning
662 1413 36 20 vid
715 1408 97 35 Mustiala
824 1408 72 35 lavdt-

69 1443 166 25 -bruksinstitut;
250 1441 40 22 och
300 1441 138 27 -yttrade:sig
451 1436 47 37 "med
508 1436 119 37 :anledning
639 1436 65 37 'häraf
718 1436 94 37 följande
820 1441 75 22 talare:

86 1480 3 4 +
139 1470 59 21 Herr
212 1469 131 21 Rönbäck:
366 1469 44 20 Det
425 1469 8 20 i
442 1473 36 16 nu
492 1468 404 29 föröliggande'petitionsmemorial
868 1464 32 37 ut-

69 1498 77 22 talade
156 1496 187 27 :6nskningsmälet
348 1501 74 22 synes
436 1496 44 26 mig
486 1496 56 20 :ieke
556 1496 115 26 lämpligen
679 1496 60 20 'böra
746 1497 83 25 utgöra
835 1496 62 21 'före-
