1100 1739
360 120 93 22 Borgarest.
465 119 44 19 1885.
532 119 22 19 26
566 119 49 19 Febr.
845 120 34 18 359

72 192 33 20 vit
126 188 121 29 uppgifven.
278 187 75 21 Skulle
374 186 153 27 författningen
545 187 78 21 strikte
642 188 67 26 följas,
725 187 68 22 borde
808 188 27 21 då
849 188 54 21 intet

73 217 102 23 afseende
196 216 67 21 fästas
284 215 29 26 på
334 215 67 26 något
422 215 24 21 af
462 215 62 21 dessa
537 215 96 21 vittnens
647 215 133 21 berättelser.
809 216 94 21 Författ-

74 244 165 28 ningsförslaget
253 243 57 21 afser
323 243 42 25 väl,
381 244 32 19 att
428 243 28 20 då
469 243 64 26 ingen
548 243 93 21 särskild
656 243 109 26 angifvare
780 245 24 19 är
819 243 83 28 uppgif-

74 281 48 18 ven,
141 272 123 26 angifvaren
286 271 102 26 möjligen
409 270 43 21 kan
473 277 52 14 vara
546 270 79 27 någon.
640 271 66 21 bland
728 271 63 21 dessa
812 272 90 21 vittnen.

75 302 51 20 Men
141 300 40 21 här
195 299 67 21 finnes
274 299 26 27 ju
314 298 62 22 äfven
392 298 40 21 den
448 298 167 26 bestämningen,
627 301 32 19 att
669 299 76 21 vittnet
759 300 8 20 i
781 300 73 26 hvarje
864 300 39 20 fall

74 329 58 21 skall
146 334 51 15 vara
213 327 93 27 ojäfvigt,
319 327 40 21 och
371 326 89 21 sålunda
474 326 85 21 komme
574 327 37 20 det
627 327 54 21 dock
696 327 61 21 alltid
768 329 32 20 att
812 328 51 21 bero
874 328 28 26 på

74 357 101 27 pröfning
188 355 105 21 huruvida
309 356 31 19 ett
354 354 68 22 vittne
437 354 55 21 skall
506 360 61 16 anses
583 355 89 26 ojäfvigt
687 355 51 21 eller
752 355 55 22 icke.
829 356 11 21 I
854 362 48 21 pra-

74 383 33 23 xis
129 385 40 20 har
190 384 36 20 det
241 383 62 21 äfven
321 382 103 26 gestaltat
439 383 31 26 sig
485 382 29 26 så,
530 382 40 22 och
585 382 73 22 derför
673 389 62 15 anser
747 384 38 26 jag
800 384 35 21 det
850 390 52 15 vara

75 414 25 20 så
121 412 85 27 mycket
227 417 59 15 mera
309 410 47 21 skäl
374 412 33 19 att
421 410 62 22 dessa
498 410 39 21 ord
552 410 51 27 ,och
618 410 93 22 särskild
725 412 110 25 angifvare
849 418 53 20 upp-

75 441 70 21 trädt*
153 440 57 26 utgå.
232 440 43 20 För
287 438 65 26 öfrigt
363 438 68 21 skulle
443 439 43 26 jag,
498 439 67 20 ehuru
577 439 38 26 jag
630 439 35 21 väl
679 441 45 19 tror
739 441 33 19 att
785 440 117 20 utskottets

74 468 190 28 uppmärksamhet
275 466 64 22 äfven
350 466 62 27 eljest
422 466 69 22 skulle
505 472 65 21 egnas
585 466 68 26 deråt,
669 467 65 21 likväl
751 468 51 26 vilja
819 467 83 27 påpeka

76 497 41 21 den
133 495 184 27 omständigheten
332 496 39 24 att,
383 494 28 21 då
424 495 8 20 i
447 495 26 21 de
484 494 128 26 föregående
623 495 280 27 bränvinsförfattningarna

76 532 26 14 en
117 525 44 21 viss
175 524 32 21 tid
221 523 70 21 blifvit
306 524 70 19 utsatt
389 522 34 21 för
437 522 62 22 deras
513 522 99 27 gällande
627 522 64 26 kraft,
707 523 71 26 någon
793 524 67 20 sådan
870 524 32 20 tid

75 553 47 21 icke
137 552 67 21 finnes
218 553 67 19 utsatt
300 551 8 20 i
323 551 60 21 detta
397 551 86 26 förslag.

145 580 56 21 Herr
216 579 179 26 Heimberger:
411 578 11 21 I
436 578 153 27 förordningen
605 584 35 16 om
655 579 136 27 tillverkning
807 579 22 21 af
838 579 64 21 brän-

76 610 42 24 vin,
135 608 12 27 8
164 608 32 25 18,
222 608 4 21 2
245 613 64 15 mom.
324 607 61 21 heter
404 607 45 20 det:
472 607 130 26 ,Enahanda
625 608 44 20 rätt
689 607 33 21 till
741 607 122 21 äterfäende
881 607 23 21 af

75 635 206 27 tillverkningsskatt
303 634 118 27 medgifves
437 635 78 26 jemväl
529 635 34 21 för
577 635 38 21 det
629 635 101 21 kannetal
745 636 96 25 bränvin,
857 641 46 15 som

76 664 117 26 bevisligen
207 663 105 21 användts
327 663 33 21 till
376 663 116 26 beredning
507 663 23 21 af
542 663 76 25 ättika,
634 663 133 26 chloroform,
779 664 81 20 chloral
873 664 29 20 el-

77 694 31 20 ler
123 692 76 21 aeter*.
229 692 43 20 Det
286 691 109 21 förefaller
410 691 43 26 mig
467 691 145 26 besynnerligt
627 693 38 24 att,
682 691 27 21 då
723 698 50 14 man
788 691 75 21 tänker
875 691 28 27 pä

75 721 84 21 sådana
172 720 117 26 produkter
304 719 23 21 af
340 719 55 27 sprit
409 724 46 15 som
470 719 134 25 chloroform,
620 719 80 21 chloral
716 720 40 20 och
765 721 64 24 aeter,
841 720 62 20 hvar-

76 749 35 21 till
125 749 63 26 högst
204 747 118 27 obetydligt
337 747 55 27 sprit
406 747 61 21 torde
483 747 114 26 användas,
609 753 50 15 man
670 747 27 21 då
711 748 8 20 i
734 748 60 21 detta
804 747 99 22 afseende

77 777 47 21 icke
146 776 63 21 tänkt
230 776 27 27 på
275 782 26 15 en
317 775 68 21 sådan
400 775 120 26 betydande
535 775 78 21 artikel
627 781 47 16 som
688 775 102 27 spritlack
806 776 39 21 och
862 775 41 21 fer-

77 806 70 20 nissor
164 805 33 20 för
215 804 125 21 industriela
358 803 71 26 behof,
445 803 81 26 hvaraf,
541 803 69 21 såsom
623 804 38 26 jag
675 804 49 21 hört
739 803 117 28 uppgifvas,
872 806 31 19 ett

78 835 102 25 gvantum
198 833 23 20 af
237 832 56 21 ända
311 831 33 22 till
361 831 92 26 100,000
470 831 83 21 kannor
567 831 82 26 årligen
663 832 105 21 inhemtas
783 832 33 21 till
830 831 73 22 landet

77 861 77 22 endast
175 861 34 20 för
230 859 249 27 träförädlingsarbeten.
508 859 65 22 Utom
593 860 48 20 dess
660 860 39 21 har
714 860 82 26 spriten
811 860 92 20 använd-

77 890 51 25 ning
143 889 33 21 för
191 888 168 21 målarfernissor
374 887 41 21 och
429 887 78 26 lacker,
516 887 40 21 och
571 887 165 27 tillverkningen
748 888 23 21 af
779 888 72 26 dylika
861 888 42 21 lac-

77 917 39 22 ker
134 917 40 21 har
192 917 55 20 varit
261 917 45 20 helt
322 916 40 21 och
377 915 66 22 hållet
459 916 86 26 omöjlig
559 915 45 26 här,
621 916 89 21 emedan
725 916 42 21 den
782 916 71 21 dertill
867 915 36 22 be-

77 945 80 26 höfliga
179 945 79 26 spriten
280 945 7 20 i
309 944 48 21 vårt
376 944 51 21 land
445 945 25 20 är
484 943 147 22 underkastad
646 950 26 15 en
687 944 95 26 betydlig
796 943 64 26 skatt,
875 944 28 21 då

77 974 43 21 den
134 973 8 21 i
157 973 103 27 Ryssland
275 972 40 21 och
330 972 99 21 utlandet
445 974 24 19 är
483 971 105 22 skattefri.
611 972 41 26 Jag
667 972 36 21 vill
718 972 71 21 derför
803 974 52 24 göra
869 974 34 19 ut-

78 1002 82 21 skottet
181 1001 160 27 uppmärksamt
363 1000 29 27 på
414 1000 70 21 denna
505 1000 165 26 omständighet,
685 1000 24 21 så
731 1001 33 20 att
782 1000 37 21 det
837 1000 66 21 måtte

77 1031 51 25 taga
142 1030 8 20 i
165 1029 159 26 öfvervägande,
339 1028 107 21 huruvida
468 1028 36 21 det
522 1028 46 21 icke
583 1034 52 15 vore
650 1028 46 21 skäl
711 1029 32 20 att
757 1028 80 21 bereda
851 1028 52 27 möj-

78 1057 67 27 lighet
159 1057 33 21 för
207 1057 40 27 den
261 1056 164 26 ifrågavarande
441 1056 165 26 tillverkningen
621 1056 58 21 inom
694 1057 79 20 landet.

147 1086 56 20 Herr
218 1085 111 26 Öhberg:
345 1085 42 25 Jag
403 1085 95 20 ansluter
512 1085 44 25 mig
571 1086 78 19 nästan
663 1085 7 20 i
684 1085 42 20 allo
742 1085 32 20 till
789 1084 55 21 hvad
855 1084 49 21 herr

78 1113 77 22 Heikel
169 1115 66 25 yttrat
251 1113 39 21 och
306 1113 38 20 ber
359 1113 56 20 blott
430 1112 22 21 få
466 1114 52 25 göra
533 1114 32 19 ett
579 1113 48 20 litet
642 1113 80 26 tillägg.
745 1113 11 20 I
766 1118 29 15 nu
805 1112 98 26 gällande

77 1141 227 26 bränvinsförfattning
326 1141 69 20 under
417 1140 92 21 artikeln
529 1147 34 14 om
582 1140 125 27 försäljning
722 1140 23 21 af
758 1141 90 20 bränvin
862 1140 42 21 för-

78 1169 77 27 bjudes
176 1169 135 21 utlemnande
334 1169 24 20 af
378 1169 91 20 bränvin
484 1169 23 20 åt
521 1169 61 20 barn.
613 1169 38 20 Ett
667 1169 75 20 sådant
757 1168 78 21 förbud
849 1168 54 21 före-

78 1197 97 22 kommer
185 1197 47 21 icke
246 1198 8 20 i
269 1197 41 21 den
325 1197 79 26 nådiga
419 1197 161 26 propositionen
595 1197 41 20 och
648 1197 37 26 jag
699 1198 36 20 vet
749 1197 53 25 icke,
819 1196 86 21 hvilken

76 1225 95 22 orsaken
192 1225 42 21 kan
255 1231 52 15 vara
328 1225 34 21 till
380 1226 33 20 att
428 1225 37 21 det
480 1225 39 20 har
533 1225 71 20 blifvit
619 1225 138 21 utelemnadt.
787 1225 10 20 1
812 1225 93 26 regerin-

78 1260 52 20 gens
145 1253 79 27 förslag
238 1253 33 22 till
285 1254 87 21 senaste
386 1253 103 27 landtdag
504 1259 38 15 var
557 1253 36 20 det
609 1253 64 21 ocksä
688 1255 58 19 ännu
755 1253 108 26 förbjudet
873 1254 33 19 att

78 1281 108 22 utskänka
200 1281 89 22 bränvin
304 1281 23 21 ät
342 1281 61 21 barn.
421 1281 31 21 Ar
467 1281 113 21 bränvinet
595 1287 28 15 en
637 1281 70 26 vädlig
722 1287 57 20 vara,
791 1281 40 21 och
843 1281 62 21 hvem

77 1310 108 21 erkänner
207 1310 46 21 icke
275 1312 33 19 att
326 1309 37 21 det
378 1309 24 21 sä
417 1311 30 24 är,
464 1309 24 21 sä
502 1309 40 21 bör
556 1315 50 15 man
621 1309 47 21 icke
683 1309 70 21 lemna
767 1309 37 21 det
818 1309 8 20 i
840 1309 65 21 barns

79 1338 89 21 händer.
190 1338 41 26 Jag
245 1338 68 21 skulle
328 1337 73 22 derför
416 1337 68 21 önska
499 1339 32 19 att
546 1339 31 19 ett
588 1337 79 21 förbud
681 1338 7 20 i
703 1338 60 21 detta
773 1337 54 27 syfte
837 1337 68 21 skulle

78 1367 52 26 ingä
144 1367 7 20 i
166 1366 41 21 den
221 1367 40 26 lag,
277 1372 46 15 som
338 1372 30 14 nu
383 1365 40 21 här
437 1365 97 22 kommer
549 1367 32 19 att
596 1367 96 25 antagas.

149 1395 55 20 Herr
219 1394 203 27 Neppenström:
446 1394 43 21 Det
503 1393 40 21 har
557 1393 68 22 redan
639 1393 72 22 blifvit
724 1393 34 22 för
772 1393 85 27 mycket
872 1399 34 16 or-

79 1423 53 21 dadt
154 1423 7 21 i
183 1422 69 22 denna
269 1397 65 57 fråga
356 1422 34 21 för
412 1423 33 20 att
460 1422 38 26 jag
516 1422 69 21 skulle
603 1422 51 27 vilja
671 1422 123 27 ytterligare
812 1424 94 24 upptaga

78 1451 98 21 ståndets
197 1451 38 21 tid.
263 1451 42 26 Jag
323 1450 38 21 vill
376 1450 56 21 blott
447 1450 112 21 framhålla
574 1450 102 21 hurusom
688 1450 38 26 jag
740 1456 62 15 anser
817 1450 89 21 hufvud-

79 1480 73 26 vigten
174 1479 31 21 uti
227 1478 178 26 bränvinsfrågan
422 1478 57 26 ligga
501 1479 8 20 i
523 1478 215 27 försäljningsrätten,
754 1478 89 21 emedan
857 1484 50 15 man

77 1507 39 21 väl
129 1507 48 21 icke
194 1507 43 21 kan
255 1507 67 21 tänka
337 1507 33 26 sig
385 1508 32 20 att
432 1506 118 26 någonting
564 1506 117 26 tillverkas,
697 1512 46 16 som
757 1506 47 22 icke
819 1505 43 23 kan
876 1506 31 21 af-
