1100 1786
224 157 34 18 410
491 156 94 24 Borgarest.
596 155 45 20 1885.
664 156 10 18 7
688 156 50 19 Mars.

199 224 82 22 fästade
303 224 36 22 vid
361 224 129 20 densamma.
519 223 39 21 Att
576 230 30 15 nu
624 224 72 26 tvinga
715 224 62 21 dessa
790 224 72 21 lärare
877 226 33 19 att
924 224 101 27 uppgifva

199 253 33 21 sin
246 252 100 26 ställning
361 252 36 20 vid
412 252 82 25 skolan,
502 251 69 21 skulle
583 252 38 26 jag
636 258 50 14 anse
700 258 51 15 vara
766 258 27 15 en
802 252 109 26 verkligen
922 252 103 22 obetänkt

199 281 81 26 åtgärd,
295 282 23 25 ty
333 280 67 26 derpå
414 280 70 20 blefve
499 280 122 20 läroverket
636 280 72 21 säkert
723 280 91 21 lidande.
836 292 14 3 —
859 280 45 21 Her
919 280 55 21 Lille
985 281 40 20 har

199 309 66 21 redan
286 310 67 25 yttrat
376 309 107 25 gentemot
501 307 50 21 herr
567 307 109 26 Sundvall,
692 309 32 20 att
738 308 240 27 pedagogieprofessorn
993 309 31 20 in-

199 337 92 26 galunda
313 338 24 19 är
359 335 123 26 nödvändig
503 335 33 22 för
558 335 109 21 danandet
685 336 23 21 af
720 336 109 21 utmärkta
845 337 75 25 lärare,
937 337 40 20 och
992 338 33 20 att

199 371 50 14 man
270 365 7 20 i
299 365 26 20 de
347 363 167 22 skandinaviska
531 363 103 22 länderna
651 363 47 22 icke
716 366 35 19 vet
769 364 23 21 af
804 365 155 26 normallyceer
974 365 50 21 eller

198 392 256 27 pedagogieprofessurer.
477 391 71 22 Också
565 392 45 20 min
628 392 56 26 åsigt
698 394 29 23 är,
743 393 32 20 att
790 399 50 14 man
854 393 40 20 hos
909 399 34 14 oss
958 393 66 21 allde-

199 421 31 20 les
244 421 142 21 öfverskattat
400 420 124 27 betydelsen
539 419 59 22 såväl
612 420 24 21 af
648 420 27 21 de
689 420 58 21 förra
762 426 45 15 som
823 420 24 21 af
860 421 27 20 de
897 427 75 15 senare
984 421 40 21 ock

200 449 58 21 detta
274 448 172 22 öfverskattande
461 448 118 26 berättigar
594 448 116 27 ingalunda
724 450 32 19 att
770 448 62 21 kasta
848 449 49 20 bort
907 449 117 26 penningar

195 478 11 20 i
228 477 91 21 onödan.
336 488 25 3 —
378 476 44 21 Sist
444 477 40 20 och
502 476 100 26 slutligen
622 477 36 20 vill
671 477 36 26 jag
721 476 99 21 bekräfta
835 477 56 20 hvad
907 477 49 21 herr
970 477 53 22 Lille

200 505 75 25 anfört,
291 505 106 26 nemligen
420 505 32 20 att
470 504 196 27 underhandlingar
680 511 45 14 som
740 505 48 20 bäst
802 505 56 26 pågå
874 505 90 21 emellan
979 505 44 27 kej-

200 533 76 26 serliga
297 534 88 20 senaten
408 532 40 21 och
470 533 103 26 styrelsen
595 533 33 20 för
646 533 37 20 det
701 532 67 21 finska
786 533 238 22 elementarläroverket

199 561 110 21 härstädes
325 567 34 15 om
374 561 60 21 detta
448 561 109 20 läroverks
572 561 150 26 öfvertagande
737 561 23 20 af
772 562 78 24 staten,
861 567 48 15 men
919 563 33 19 att
962 561 61 22 dessa

199 589 194 26 underhandlingar
410 591 58 18 ännu
486 589 18 26 ej
524 589 44 20 ledt
587 589 32 20 till
634 589 66 26 något
716 589 90 21 önskadt
821 589 97 25 resultat,
934 589 88 21 emedan

200 617 85 21 skolans
304 617 108 21 direktion
430 617 67 26 enligt
515 616 83 28 uppgift
621 616 103 27 uppställt
745 616 78 22 sådana
844 617 127 26 fordringar,
991 619 32 19 att

199 646 124 26 regeringen
337 646 19 26 ej
372 645 82 21 kunnat
469 645 49 26 ingå
533 645 28 26 på
576 645 69 21 dessa.
676 645 38 21 Om
730 645 84 21 ståndet
828 652 31 14 nu
874 646 67 20 under
953 652 26 14 en
994 646 28 21 el-

199 674 32 20 ler
248 680 70 14 annan
332 673 56 22 form
404 673 68 21 skulle
487 675 73 19 votera
576 673 36 21 det
627 672 69 22 finska
710 673 160 27 normallyceets
885 673 137 27 hitflyttning,

199 702 67 20 skulle
289 702 58 20 detta
370 701 76 21 endast
467 707 69 20 gagna
558 701 103 26 styrelsen
679 701 32 21 för
729 702 239 21 elementarläroverket
983 702 40 21 och

200 730 99 26 möjligen
322 729 110 21 föranleda
452 729 122 21 densamma
592 731 33 19 att
638 729 123 27 ytterligare
776 731 72 25 stegra
862 730 46 21 sina
923 730 99 27 anspråk.

200 758 42 26 Jag
259 758 36 20 vill
314 758 17 26 ej
348 759 94 25 upptaga
457 758 96 20 ståndets
568 758 32 20 tid
616 757 48 21 med
678 758 73 20 vidare
766 758 137 26 anföranden,
918 760 53 19 utan
986 764 36 16 an-

200 786 66 21 håller
282 788 31 18 att
328 786 21 20 få
363 786 131 20 understöda
508 786 106 26 yrkandet
629 785 28 27 på
671 786 136 20 förkastande
823 786 23 21 af
854 786 116 21 utskottets
980 786 43 22 för-

200 815 45 25 slag
260 816 55 19 samt
329 814 121 26 antagande
465 814 23 20 af
501 815 172 20 reservanternes
688 814 63 20 kläm.
774 814 39 21 Om
824 814 50 21 herr
883 814 87 21 Heikels
980 814 42 21 för-

200 843 45 26 slag
259 842 42 21 kan
313 842 38 27 jag
366 842 18 26 ej
400 842 75 21 förena
490 842 43 26 mig
547 842 23 20 af
584 842 36 21 det
635 842 52 25 skäl,
699 844 31 18 att
745 842 61 21 äfven
822 842 60 22 detta
893 843 89 20 innebär
992 844 31 20 ett

200 871 55 26 slags
270 870 40 21 lätt
324 870 142 27 påtryckning
480 870 28 26 på
522 870 131 26 regeringen,
665 870 85 21 hvilken
760 870 68 21 under
838 871 132 21 närvarande
981 871 42 21 för-

200 898 112 21 hållanden
328 899 18 26 ej
361 898 44 21 kan
420 904 61 15 anses
496 904 51 15 vara
562 898 92 27 lämplig.

269 927 54 20 Herr
341 927 123 20 Neovius:
488 926 71 21 Sedan
578 927 26 20 de
623 928 77 19 tvänne
715 926 51 21 sista
781 927 94 21 talarene
891 927 81 21 bemött
987 927 36 21 det

200 954 195 27 hufvudsakligaste
413 955 32 20 uti
460 955 26 20 de
500 954 129 27 föregående
643 954 128 27 yrkandena,
787 961 63 14 anser
862 955 38 26 jag
915 955 18 26 ej
948 955 74 26 nödigt

200 985 32 19 att
246 983 32 20 till
293 983 155 26 skärskådning
463 985 50 24 taga
528 983 76 26 frågan
619 983 6 20 i
640 983 49 20 hela
704 983 47 20 dess
766 983 55 25 vidd,
833 985 52 19 utan
900 983 37 21 vill
948 983 74 21 endast

199 1011 55 21 fästa
276 1011 214 26 uppmärksamheten
512 1011 35 20 vid
570 1011 67 26 några
659 1011 185 26 omständigheter,
864 1017 45 15 som
927 1013 57 19 ännu
1003 1012 18 26 ej

200 1039 69 21 blifvit
287 1039 137 21 framhållna.
454 1039 48 21 Den
519 1039 68 21 första
602 1041 24 18 är
642 1039 47 25 den,
705 1041 32 18 att
751 1039 151 27 skolstyrelsen
917 1039 67 22 redan
999 1039 24 21 är

202 1067 54 22 1880
270 1067 7 21 i
297 1068 36 21 sitt
352 1067 147 27 underdåniga
514 1067 112 21 utlåtande
641 1067 48 21 med
704 1067 113 26 anledning
833 1067 23 21 af
869 1067 154 22 skolkomiténs

200 1096 133 21 betänkande
355 1095 65 27 ansåg
443 1096 41 21 den
506 1095 121 27 föreslagna
648 1095 157 27 förflyttningen
824 1095 23 22 af
864 1096 159 21 normalskolan

199 1124 48 21 från
266 1124 130 21 Tavastehus
419 1124 33 21 till
471 1124 132 26 Helsingfors
619 1124 18 26 ej
654 1123 54 22 blott
723 1123 86 28 alldeles
825 1124 130 27 öfverflödig,
972 1126 51 19 utan

200 1152 61 21 äfven
278 1152 88 21 förenad
385 1152 49 21 med
449 1152 137 27 svårigheter,
602 1154 56 19 samt
673 1151 64 27 ansåg
752 1152 102 27 derjemte
869 1154 31 19 att
916 1159 25 15 en
957 1153 66 20 sådan

199 1181 132 26 förflyttning
345 1181 69 21 skulle
429 1181 89 25 menligt
532 1180 89 21 inverka
636 1180 28 26 på
678 1181 77 25 lyceets
770 1181 141 21 verksamhet.
936 1181 40 25 Jag
986 1187 38 15 an-

200 1215 34 15 ser
256 1211 31 18 att
309 1209 59 21 detta
387 1208 110 22 utlåtande
516 1208 23 21 af
557 1208 158 27 skolstyrelsen,
731 1214 45 15 som
791 1208 35 21 vid
842 1208 47 22 dess
904 1208 120 27 afgifvande

199 1237 115 26 ingalunda
336 1237 71 20 kunde
429 1237 59 20 ledas
511 1237 23 20 af
554 1237 67 26 några
646 1236 67 21 andra
737 1236 173 22 betraktelsesätt
934 1239 28 18 än
987 1239 37 18 ön-

200 1265 52 20 skan
274 1266 33 19 att
328 1265 108 26 verkligen
459 1265 53 21 söka
530 1271 71 20 gagna
620 1265 149 26 inrättningen,
784 1265 7 20 i
806 1265 70 21 denna
890 1265 60 26 fråga
964 1267 24 19 är
1003 1265 23 21 af

200 1293 106 27 synnerlig
323 1293 52 26 vigt.
406 1293 94 21 Oaktadt
519 1293 76 26 frågan
610 1293 66 21 sedan
692 1293 47 20 dess
755 1293 107 26 åtskilliga
876 1293 78 27 gånger
970 1293 54 27 ånyo

200 1321 115 28 uppdykat,
331 1321 104 22 vidhåller
457 1321 153 27 skolstyrelsen
628 1321 131 21 fortfarande
777 1321 69 21 denna
861 1322 32 20 sin
908 1321 60 27 åsigt,
985 1321 40 22 och

199 1350 21 20 vi
237 1349 72 22 känna
328 1351 32 20 att
375 1350 7 20 i
397 1349 149 27 ridderskapet
562 1349 40 22 och
618 1349 63 22 adeln
696 1349 142 22 ordföranden
852 1350 8 20 i
874 1349 150 28 skolöfversty-

199 1378 75 26 relsen,
285 1378 34 21 vid
334 1378 86 26 frågans
435 1378 135 26 debattering
585 1378 59 21 inom
659 1377 90 26 ståndet,
760 1377 132 22 fortfarande
906 1378 119 27 uppträdde

199 1407 8 20 i
228 1412 81 15 samma
330 1406 102 27 riktning.
462 1406 43 21 Det
523 1406 68 21 måste
610 1406 83 21 således
711 1405 108 27 verkligen
835 1413 50 14 vara
899 1407 66 26 något
979 1413 46 15 som

199 1435 55 21 ifrån
276 1436 47 19 rent
341 1434 132 27 pedagogisk
492 1434 109 27 synpunkt
615 1434 56 21 talar
690 1436 57 19 emot
765 1440 25 15 en
805 1434 66 21 sådan
886 1435 139 26 förflyttning.

234 1469 26 15 en
275 1469 70 15 annan
360 1463 47 20 sida
422 1463 39 21 har
476 1463 39 20 här
530 1463 23 20 af
566 1463 108 26 åtskilliga
689 1463 67 20 talare
770 1463 127 21 framhållits
912 1463 42 21 den
967 1465 59 19 stora

200 1493 60 25 nytta
274 1490 225 22 lärarekandidaterne
510 1490 70 22 skulle
590 1490 64 22 hafva
668 1490 22 21 af
699 1492 31 20 att
740 1490 144 27 inrättningen
894 1490 132 28 förflyttades

200 1519 33 21 till
240 1518 140 27 Helsingfors.
399 1519 42 21 Det
456 1519 39 21 har
509 1518 129 22 framhållits
649 1521 32 19 att
691 1518 26 21 de
727 1518 7 22 i
745 1519 75 21 sådant
829 1519 38 21 fall
877 1519 67 21 skulle
954 1519 73 22 kunna

200 1547 130 22 fortfarande
353 1553 54 21 egna
426 1547 32 27 sig
476 1547 23 21 åt
518 1547 36 21 det
569 1546 160 28 vetenskapliga
745 1547 84 26 studiet,
845 1547 81 22 besöka
940 1548 86 22 föreläs-
