1100 1739
370 124 94 23 Borgarest.
473 124 44 18 1885.
541 124 22 19 24
575 123 52 19 Mars.
843 124 34 19 549

66 198 40 26 jer.
130 196 55 21 Kort
200 194 55 22 efter
269 193 131 21 afslutandet
414 193 23 21 af
452 193 55 21 1882
522 194 34 21 ärs
571 194 105 27 landtdag
690 194 52 22 eller
760 194 4 21 i
781 193 119 22 December

68 224 79 23 månad
162 223 93 21 nämnda
271 222 23 20 är
308 222 86 26 ingingo
410 222 179 22 Villmanstrands:
603 223 83 21 boarne
701 222 49 22 med
765 228 26 15 en
808 222 91 27 petition

68 254 34 21 till
116 252 125 27 regeringen
256 256 34 16 om
305 252 33 19 att
353 250 70 21 denna
437 250 80 21 bibana
531 250 67 22 mätte
612 252 84 20 utföras
711 251 34 21 för
754 252 81 20 statens
850 250 49 21 räk-

69 283 58 25 ning,
143 280 89 22 emedan
247 279 28 21 dä
289 284 58 16 mera
361 278 49 22 icke
427 278 67 27 utsigt
511 278 110 22 förefanns
640 282 33 19 att
687 280 22 20 få
724 280 41 20 den
779 278 120 22 utförd:sä-

69 317 47 15 som
130 310 70 26 privat
214 308 88 26 företag.
325 307 76 21 Denna
415 307 92 27 petition
522 308 61 21 torde
598 308 63 21 äfven
676 308 65 21 hafva
753 308 56 20 varit
823 307 76 27 åtföljd

70 340 23 20 af
107 344 27 16 en
152 338 23 20 af
192 337 67 24 dessa,
278 336 27 26 pä
324 342 75 14 senare
417 336 57 20 tider
488 336 45 20 lika
547 336 92 27 vanliga,
656 342 46 16 som
716 336 183 26 beklagansvärda

70 366 149 28 deputationer
233 365 34 21 till
283 364 56 21 vissa
353 364 53 26 högt
421 366 101 25 uppsatta
536 370 111 21 personer,
662 365 73 21 hvilka
744 364 63 27 bragt
816 370 46 15 mer
871 366 28 19 än

70 402 26 15 en
110 395 62 27 fräga
189 394 8 21 i
215 393 88 27 oriktigt
321 392 55 28 spär.
410 392 131 22 Ständernas
559 394 94 26 petition
671 400 34 14 om
723 393 128 21 subvention
865 392 34 22 för

69 422 249 24 Villmanstrandsbanan
333 421 83 21 förevar
431 421 33 21 till
479 421 130 27 behandling
624 422 8 20 i
647 424 89 19 senaten
755 422 3 20 i
771 422 43 26 Maj
836 421 62 21 1883.

69 452 82 22 Dervid
165 450 125 23 förordades
305 449 48 21 utaf
365 451 89 19 senaten
473 450 41 20 den
533 450 23 21 af
569 450 117 22 ständerna
700 450 93 26 begärda
808 449 91 22 subven-

69 481 81 25 tionen,
170 479 40 22 och
227 478 70 22 tillika
314 478 82 21 beslöts
414 480 33 19 att
464 478 62 22 äfven
545 479 65 21 linien
630 474 86 36 Pulsa—
731 474 168 36 Willmanstrand

70 510 70 21 skulle
161 507 158 23 instrumentalt
341 506 139 22 undersökas.
513 507 35 21 Då
573 507 21 21 h.
621 514 33 14 ex.
681 508 218 26 generalguvernören

70 538 91 21 insände
175 538 98 20 senatens
287 535 147 27 underdåniga
448 535 127 21 hemställan
590 536 34 21 till
640 536 32 21 S:t
690 536 135 26 Petersburg,
842 535 59 26 afgaf

70 566 44 22 han
129 566 7 21 i
154 565 75 27 frågan
248 566 31 19 ett
296 564 67 20 skildt
381 564 117 26 utlåtande,
515 564 45 21 deri
575 564 42 21 han
633 565 97 21 uttalade
746 566 32 19 att
792 564 43 21 han
849 564 50 20 med

70 595 83 27 hänsyn
172 594 33 21 till
223 594 40 20 den
283 592 122 27 obetydliga
423 592 91 27 längden
533 592 22 22 af
569 592 180 22 Villmanstrands
769 593 70 20 banan
858 592 40 21 och

71 624 27 21 de
112 624 8 20 i
135 622 53 28 följd
203 621 60 23 deraf
276 620 172 28 uppkommande
463 621 163 27 svårigheterna
644 622 36 20 vid
698 622 49 20 dess
765 621 134 21 administra-

71 652 46 21 tion
133 651 72 26 ansåg,
221 652 31 20 att
267 649 66 27 sagda
347 649 80 21 bibana
441 649 69 21 skulle
524 650 80 26 byggas
619 650 46 21 helt
681 650 39 21 och
730 650 67 21 hållet
805 650 34 21 för
849 649 50 21 kro-

71 687 54 15 nans
135 680 97 26 räkning.
253 678 68 21 Innan
331 678 301 22 ministerstatssekreteraren
643 679 99 26 föredrog
753 679 59 21 detta
819 678 80 21 ärende

71 709 33 22 för
116 709 59 21 Hans
187 708 106 27 Majestät,
301 707 96 21 önskade
408 707 43 21 han
461 707 96 27 inhemta
568 709 101 20 senatens
679 708 100 27 yttrande
789 707 110 26 angående

71 738 61 21 detta
150 737 229 26 generalguvernörens
396 735 86 27 förslag.
507 735 96 22 Ärendet
615 736 98 21 förekom
728 735 92 22 derför
811 730 15 37 i
839 735 60 27 April

73 766 56 21 1884
150 766 33 21 till
206 771 28 20 ny
259 764 129 27 behandling
413 764 7 21 i
443 766 95 25 senaten,
560 765 40 20 och
622 765 70 21 beslöt
712 766 88 20 senaten
825 763 74 22 dervid

72 795 103 26 enhälligt
189 795 32 20 att
239 793 69 21 banan
327 792 69 22 skulle
414 793 83 20 utföras
514 793 34 21 för
566 795 83 19 statens
667 793 96 27 räkning.
793 793 106 26 Menings-

72 823 147 27 skiljaktighet
233 821 92 27 uppstod
339 821 76 21 endast
430 821 80 26 derom,
530 821 106 22 huruvida
654 822 93 21 bibanan
765 821 68 22 borde
847 821 52 26 utgå

71 852 48 21 från
134 852 65 21 Pulsa
213 851 50 21 eller
279 850 79 21 Simola
373 850 40 21 och
428 850 106 21 huruvida
549 850 41 21 den
601 850 69 21 skulle
680 850 79 27 byggas
770 850 62 21 smal-
848 849 51 22 eller

72 880 131 27 bredspårig,
221 885 48 15 men
284 879 7 20 i
305 878 122 21 hufvudsak
446 885 51 14 voro
517 879 42 21 alla
577 885 56 15 ense.
665 879 74 21 Såsom
754 879 45 20 skäl
814 878 33 21 för
862 878 37 21 ba-

71 915 55 15 nans
140 908 113 22 utförande
271 907 49 21 med
339 907 125 22 statsmedel
483 907 99 21 anfördes
600 909 33 19 att
649 908 40 21 den
708 908 18 27 ej
742 913 88 15 numera
844 907 55 20 hade

72 938 67 26 utsigt
154 939 33 19 att
201 937 84 20 komma
299 936 33 21 till
347 935 64 22 stånd
425 941 77 21 genom
517 936 70 26 privat
604 935 173 28 företagsamhet,
793 937 32 20 att
840 935 59 21 kost-

72 967 71 20 naden
157 965 33 22 för
204 966 197 25 trupptransporter
415 965 34 20 till
463 964 37 21 det
514 965 88 20 dåmera
616 964 99 22 beslutna
728 965 126 26 lägermötet
863 963 37 21 vid

72 994 168 22 Villmanstrand
256 993 69 21 skulle
341 993 95 21 minskas
451 993 41 21 och
509 993 106 26 allmogen
630 993 79 21 befrias
726 993 47 21 från
787 992 113 27 olägenhe-

72 1025 36 20 ten
134 1025 32 19 att
187 1022 67 21 under
275 1021 101 22 brådaste
398 1021 133 22 arbetstiden
553 1021 121 28 ombesörja
696 1022 69 21 denna
790 1022 110 25 transport

72 1053 57 20 samt
151 1053 32 19 att
205 1051 70 20 banan
294 1050 70 21 såsom
383 1050 142 21 förbindande
544 1050 159 21 Saimavattnen
719 1051 49 20 med
783 1050 117 27 jernvägen

72 1080 76 25 skulle,
159 1079 70 21 såsom
244 1078 61 22 äfven
321 1079 23 21 af
356 1079 117 21 ständerna
488 1079 134 26 framhållits,
638 1085 52 15 vara
704 1079 23 21 af
735 1078 117 21 vidsträckt
862 1078 38 21 all-

73 1110 61 20 mänt
157 1114 62 21 gagn.
252 1107 111 21 Huruvida
384 1107 67 27 några
473 1107 68 21 andra
561 1107 48 21 skäl
627 1107 76 21 härvid
720 1107 123 27 ytterligare
865 1106 35 21 må

72 1137 65 22 hafva
151 1136 129 26 medverkat,
295 1138 25 19 är
336 1136 97 27 omöjligt
453 1138 32 19 att
502 1138 59 24 veta;
578 1136 130 21 åtminstone
721 1136 93 26 framgår
829 1135 36 21 det
880 1135 19 27 ej

73 1166 23 21 af
110 1166 161 26 handlingarna,
290 1165 17 26 ej
327 1165 69 21 heller
414 1165 43 21 kan
472 1171 49 14 man
537 1164 36 21 vid
587 1164 78 22 sådant
679 1164 132 22 förhållande
826 1164 75 26 afgöra

73 1195 106 20 huruvida
189 1194 26 21 de
228 1193 169 28 sidoinflytelser,
413 1199 46 16 som
474 1193 101 27 möjligen
589 1193 75 27 gjorde
679 1193 31 27 sig
724 1193 105 26 gällande,
845 1192 56 21 varit

74 1223 22 22 af
109 1223 67 21 sådan
191 1224 40 23 art,
247 1224 31 19 att
293 1223 109 20 desamma
417 1222 18 27 ej
455 1228 77 21 genom
552 1224 31 19 ett
604 1222 49 26 fast,
672 1222 60 27 lojalt
752 1221 148 28 uppträdande

72 1252 48 22 från
136 1251 135 27 regeringens
285 1251 47 21 sida
346 1251 85 21 kunnat
446 1250 82 22 häfvas.

142 1280 134 22 Beträftande
290 1280 128 21 ständernas
433 1280 112 20 uttalande
560 1279 74 21 derom
649 1281 32 19 att
695 1280 70 20 banan
777 1279 47 21 icke
833 1278 68 22 borde

73 1309 81 27 byggas
168 1309 49 21 med
231 1308 130 26 statsmedel,
376 1308 111 21 framhölls
503 1310 32 19 att
549 1308 117 21 ständerna
681 1308 55 27 gjort
751 1308 59 21 detta
820 1308 37 20 sitt
867 1308 34 20 ut-

73 1337 87 22 talande
174 1338 68 21 under
256 1337 154 26 förutsättning
425 1338 33 20 att
472 1337 71 21 banan
558 1336 71 22 kunde
642 1336 86 22 komma
742 1337 32 21 till
789 1336 63 21 stånd
865 1342 36 20 ge-

73 1372 51 15 nom
142 1366 70 28 privat
233 1366 165 26 företagsamhet
412 1367 56 19 samt
483 1367 32 19 att
525 1365 143 27 lägerplatsen
685 1366 34 20 vid
734 1364 168 22 Villmanstrand

74 1394 28 22 då
117 1396 57 20 ännu
189 1394 47 22 icke
250 1401 39 14 var
302 1394 105 22 bestämd.
437 1394 34 21 Då
485 1394 51 26 inga
550 1393 112 22 finansiela
677 1394 129 26 svårigheter
821 1393 34 21 för
864 1393 38 21 ba-

73 1430 54 15 nans
142 1423 112 22 utförande
268 1423 49 21 med
333 1422 120 22 öfverskott
467 1422 24 22 af
504 1422 124 22 statsmedel
643 1422 130 26 förefunnos,
789 1421 114 22 förordade

74 1452 78 26 derför,
168 1452 69 21 såsom
253 1452 66 26 sagdt,
336 1453 89 20 senaten
441 1453 33 19 att
488 1451 72 21 banan
575 1450 70 22 skulle
659 1451 45 21 helt
720 1451 39 21 och
769 1451 66 21 hållet
845 1450 57 21 utfö-

74 1486 35 15 ras
124 1481 33 21 för
172 1482 81 20 statens
267 1480 98 27 räkning.
396 1480 77 26 Någon
488 1480 116 26 anledning
618 1480 35 20 till
667 1480 73 26 längre
754 1478 93 28 uppskof
860 1478 43 22 för-

74 1510 101 20 menades
194 1509 47 21 icke
259 1508 122 27 förefinnas,
402 1510 52 20 enär
472 1508 117 22 ständerna
603 1508 109 21 allaredan
726 1508 79 21 uttalat
819 1508 33 26 sig
866 1507 37 21 be-

74 1537 105 22 träffande
197 1538 70 20 denna
284 1538 57 21 bana
359 1537 40 21 och
415 1537 72 21 derför
501 1537 48 21 icke
568 1536 67 27 något
653 1537 86 26 intrång
757 1536 68 21 skulle
843 1536 38 21 ske
895 1536 8 20 i
