1103 1739
365 118 92 22 Borgarest.
469 118 44 18 1885.
536 118 18 18 17
566 118 52 19 Mars.
848 118 34 18 465

78 192 125 26 derigenom
222 187 67 21 blifva
305 186 135 21 förfalskadt.
469 186 65 20 Detta
550 185 125 21 framhålles
690 186 62 20 äfven
768 186 6 20 i
791 186 114 21 utskottets

79 217 134 26 motivering.

150 245 69 23 Sedan
237 242 150 22 diskussionen
406 242 52 21 härå
475 241 115 22 förklarats
606 241 99 26 afslutad,
722 241 44 21 blef
780 242 41 21 den
836 242 22 20 af
871 243 34 19 ut-

79 276 83 21 skottet
176 272 75 28 gjorda
265 270 170 26 anmärkningen
449 270 33 20 till
497 270 11 27 $
521 270 13 21 2
550 269 23 21 af
586 269 85 21 ståndet
686 269 106 27 godkänd.

71 305 4 8 :
149 306 122 23 Utskottets
287 304 142 26 anmärkning
444 304 33 21 till
499 304 5 27 $
518 304 15 20 4
547 303 125 27 godkändes
687 305 52 19 utan
754 303 127 22 diskussion.

151 341 15 27 $
181 341 13 19 5
208 338 127 23 föranledde
350 338 94 26 följande
458 337 130 21 diskussion:

150 375 55 21 Herr
223 373 125 26 Högman:
375 372 42 26 Jag
435 377 62 15 anser
514 371 48 21 icke
580 371 48 21 skäl
646 371 114 21 förefinnas
775 374 33 19 att
822 373 85 21 absolut

81 404 75 26 tvinga
174 401 143 23 allmänheten
335 401 32 20 att
385 400 98 26 begagna
500 400 103 20 mätband
622 400 76 20 endast
712 400 24 21 af
748 400 48 26 stål,
811 401 94 25 emedan,

82 432 67 26 enligt
163 430 115 22 utskottets
293 428 61 26 åsigt,
371 428 68 21 andra
453 428 97 21 metaller
564 434 52 15 vore
631 428 32 21 till
677 428 101 21 mätband
786 428 119 28 olämpliga.

82 461 34 22 Då
131 460 37 22 det
186 460 8 20 i
211 456 127 30 paragrafen
354 456 102 22 särskildt
472 458 124 20 omnämnes
611 458 33 19 att
659 456 6 20 i
681 456 117 22 "allmänna
813 457 93 21 rörelsen

82 489 35 22 må
139 488 76 22 sådant
235 485 92 26 redskap
350 484 56 22 dock
424 484 47 22 icke
490 485 76 27 nytjas,
589 484 24 21 så
632 484 63 22 framt
713 485 18 27 ej
751 487 100 25 parterna
869 487 36 19 äro

82 518 74 21 derom
174 514 113 26 öfverens*,
307 519 63 15 anser
386 513 38 27 jag
442 513 36 21 det
496 519 52 15 vara
562 512 90 27 onödigt
666 514 32 20 att
712 513 74 27 intaga
800 513 60 22 detta
873 520 33 20 yr-

81 546 78 21 kande.

151 573 55 21 Herr
226 570 112 26 Hoving:
369 570 43 21 Det
429 576 38 14 var
484 569 47 21 icke
550 570 80 20 alledes
649 569 56 21 klart
723 570 58 21 inom
795 570 112 26 utskottet,

81 601 107 22 huruvida
205 600 70 21 denna
292 598 136 26 bestämning
444 604 38 14 var
500 599 32 20 ett
546 598 90 26 misstag
650 598 51 22 eller
715 598 49 21 med
778 598 33 22 flit
825 599 81 21 ditsatt.

83 630 42 22 Det
143 628 107 22 förefaller
267 626 56 22 dock
338 626 70 22 såsom
423 632 52 15 vore
490 626 36 21 det
540 632 26 15 en
581 626 152 26 misskrifning,
749 626 27 22 då
791 632 74 16 senare
880 627 27 27 på

98 664 33 21 ag.
150 658 28 21 23
195 656 143 22 förekommer
353 654 66 22 bland
434 654 60 26 mått,
510 660 45 15 som
570 654 62 21 skola
644 654 98 27 justeras,
758 655 112 21 *mätband
885 655 23 21 af

81 686 62 22 stäl*.
172 685 33 22 Då
220 684 89 22 sålunda
323 683 34 21 till
371 683 115 27 stämpling
500 683 48 21 icke
562 683 87 21 komma
666 683 7 20 i
691 683 60 26 fråga
770 683 66 23 andra
854 685 53 21 mät-

83 715 59 21 band
160 714 22 21 af
197 713 72 21 metall
287 714 28 19 än
331 711 81 22 sådana
428 711 22 21 af
464 711 48 26 stål,
528 711 94 21 infördes
636 711 149 27 förändringen
799 712 8 21 i
822 712 11 27 $
848 713 20 25 5,
883 712 24 21 sä

81 743 88 27 mycket
185 741 66 22 hellre
270 746 47 15 som
331 740 38 21 det
383 740 125 21 förutsattes
523 741 33 19 att
570 740 50 26 inga
635 740 66 21 andra
716 740 101 21 mätband
832 742 28 19 än
874 740 33 21 så-

83 772 58 21 dana
155 771 22 20 af
194 770 40 21 stål
249 770 7 20 i
271 768 114 27 praktiken
401 768 68 21 skulle
485 767 138 22 förekomma.
640 768 42 21 För
697 774 53 21 egen
764 768 35 21 del
813 770 45 19 tror
870 769 37 26 jag

83 802 34 19 att
131 800 62 26 ingen
208 804 70 15 annan
293 797 74 21 metall
382 797 82 26 lämpar
478 797 32 26 sig
524 796 34 21 för
573 796 61 21 detta
648 796 104 21 ändamål.

107 835 4 4 +
153 827 54 21 Herr
226 826 153 25 Malmgren:
405 825 42 21 Till
466 825 37 21 det
522 824 22 21 af
560 825 51 20 herr
630 825 84 27 Hoving
732 825 89 21 anförda
838 825 69 22 skälet

83 857 34 21 för
131 855 116 22 utskottets
261 853 122 22 förfarande
399 853 7 21 i
420 853 75 26 frågan
510 853 38 21 ber
560 853 38 27 jag
612 853 22 20 få
649 853 87 26 tillägga
750 853 42 26 det,
801 855 32 19 att
845 853 62 22 äfven

84 885 8 21 i
106 884 90 22 svenska
210 882 153 26 författningen
379 881 76 22 endast
470 881 102 21 mätband
587 881 23 21 af
624 881 41 21 stål
679 881 87 21 tillåtas.

153 913 54 20 Herr
228 911 148 21 Wasenius:
406 910 42 26 Jag
467 909 54 22 skall
539 909 27 22 be
588 911 32 19 att
635 909 22 22 få
670 910 89 27 upplysa
774 915 40 20 om,
830 911 32 20 att
876 911 32 20 uti

84 941 107 22 komiténs
205 939 134 22 betänkande
355 939 11 26 &
381 938 14 21 5
411 938 45 21 står
470 937 144 28 uttryckligen
630 939 32 20 att
675 938 104 21 mätband
793 938 55 21 skall
856 944 52 15 vara

85 968 139 27 förfärdigadt
239 968 23 21 af
275 967 47 21 stål.

153 1003 12 27 8
179 1003 13 21 5
207 1001 45 22 blef
264 1001 53 22 härä
332 1001 23 21 af
368 1000 86 21 ståndet
469 1000 101 27 godkänd
585 1000 67 27 enligt
665 1000 115 21 utskottets
794 1000 84 27 förslag.

153 1031 121 22 Utskottets
289 1029 142 26 anmärkning
445 1029 34 20 till
501 1029 4 26 8
520 1029 14 20 9
548 1028 125 22 föranledde
680 1029 93 26 följande
781 1028 125 22 diskussion:

154 1059 54 22 Herr
222 1058 115 27 Nyberg:
360 1058 43 26 Jag
417 1057 69 21 skulle
502 1063 50 14 anse
567 1058 33 19 att
614 1057 42 20 den
670 1057 129 26 förändring,
814 1063 46 14 som
874 1059 33 19 ut-

85 1089 83 21 skottet
178 1087 113 26 föreslagit,
307 1088 24 19 är
346 1086 88 21 alldeles
450 1085 84 26 onödig.
564 1085 143 26 Regeringens
722 1085 79 26 förslag
816 1085 91 22 "hälften

85 1118 69 20 större
169 1115 37 22 än"
224 1115 61 21 torde
303 1114 48 21 icke
370 1114 28 27 på
416 1113 66 27 något
500 1115 44 19 sätt
561 1113 74 21 kunna
652 1113 128 22 missförstås
795 1113 23 21 af
828 1113 77 27 någon,

85 1151 47 15 som
150 1145 42 20 kan
211 1143 90 22 svenska
321 1142 94 27 språket.
450 1141 39 22 Om
508 1142 60 21 detta
582 1141 86 28 uttryck
683 1141 64 22 också
761 1142 8 21 i
783 1141 80 27 dagligt
877 1142 31 21 tal

85 1173 107 27 begagnas
204 1172 33 21 för
247 1174 32 19 att
286 1171 101 27 uttrycka
394 1170 124 28 någonting,
526 1176 47 15 som
580 1171 25 20 är
613 1169 88 22 dubbelt
708 1172 75 24 större,
792 1169 24 22 så
822 1170 43 21 kan
872 1170 36 21 det

86 1202 128 21 åtminstone
228 1200 47 21 icke
289 1199 131 21 missförstås
439 1199 7 21 i
465 1199 59 21 detta
543 1199 159 26 sammanbang,
718 1198 39 21 och
772 1198 34 27 jag
820 1197 89 22 föreslår

86 1230 71 23 derför
171 1231 32 19 att
216 1229 135 26 regeringens
365 1227 81 27 förslag
460 1227 67 22 måtte
542 1227 124 21 bibehållas.

155 1257 55 22 Herr
224 1257 127 26 Högman:
366 1256 42 26 Jag
422 1256 39 21 ber
476 1257 32 19 att
522 1255 22 21 få
558 1255 75 21 förena
648 1255 42 27 mig
705 1255 49 21 med
760 1255 50 21 herr
817 1255 91 27 Nyberg.

86 1287 43 22 Till
148 1286 39 22 och
204 1286 48 21 med
270 1285 36 21 vid
321 1284 181 27 undervisningen
517 1284 7 20 i
539 1283 109 21 aritmetik
662 1284 106 26 begagnas
783 1283 80 21 sådana
877 1286 32 18 ut-

86 1316 63 26 tryck
163 1314 79 22 hälften
257 1315 75 24 större,
348 1318 27 16 en
389 1312 104 28 fjerdedel
507 1313 69 20 större
592 1312 53 21 eller
658 1312 82 21 mindre
756 1317 19 15 o.
787 1317 16 15 s.
811 1318 19 14 v.
839 1312 24 21 så
878 1314 32 19 att

87 1344 55 21 intet
157 1343 45 21 skäl
215 1342 113 22 förefinnes
343 1342 33 20 att
390 1340 103 28 förändra
508 1340 136 26 regeringens
658 1340 138 27 proposition.

157 1371 54 21 Herr
225 1370 154 26 Malmgren:
395 1369 70 21 Äfven
478 1369 37 26 jag
529 1368 40 21 har
583 1368 7 21 i
604 1368 106 21 utskottet
724 1368 56 21 varit
794 1368 23 21 af
830 1374 81 16 samma

87 1400 56 26 äsigt
165 1406 44 14 som
232 1399 26 21 de
275 1398 129 26 föregäende
426 1398 102 24 talarene,
547 1403 50 15 men
612 1396 36 22 det
662 1396 108 28 upplystes
784 1396 8 20 i
806 1396 105 22 utskottet

87 1430 33 20 att
135 1427 159 27 ifrägavarande
311 1426 76 26 uttyck
402 1426 72 20 kunde
488 1425 78 21 förstäs
582 1424 63 22 äfven
659 1424 137 26 annorlunda,
813 1424 51 22 eller
878 1424 33 22 sä-

88 1463 46 15 som
149 1456 104 21 utskottet
267 1454 112 28 uppgifvit,
395 1454 41 21 och
452 1453 71 21 derför
537 1453 71 21 beslöt
623 1453 31 26 sig
669 1452 110 26 utskottet,
788 1454 32 20 att
834 1452 78 22 föreslå

88 1484 109 28 uttrycket
212 1484 45 23 1/2
272 1484 55 26 gång
343 1482 24 21 sä
381 1484 52 24 stor,
449 1488 47 15 som
506 1482 47 20 icke
564 1482 82 21 lemnar
658 1477 37 39 rum
710 1481 31 21 för
750 1481 94 26 ringaste
852 1481 59 21 miss-

87 1513 98 21 förständ
199 1512 51 22 eller
266 1510 141 28 tvetydighet.

787 1548 23 18 30
