1100 1742
351 129 94 29 Borgarest.
456 125 44 29 1885.
524 134 17 20 12
553 125 47 29 Febr.
837 137 34 18 321

65 214 14 16 någon,
110 202 76 33 del
201 204 110 27 beviljats.
336 204 43 26 Jag
392 203 41 29 har
448 203 43 28 mig
506 198 191 33 bekant
601 194 42 45 att
653 194 46 45 den
720 204 55 27 stad,
799 199 45 35 jag,
864 198 17 11 ha

64 206 39 55 m
156 202 128 64 ratanlasn
299 232 78 29 vid
350 227 27 39 en
393 231 95 31 ansökan
502 225 42 32 fick
559 232 37 21 det
612 234 80 26 svaret,
707 234 48 28 atta
776 204 122 60 jns

67 260 35 32 väl
119 262 37 25 var
171 260 124 26 motiverad,
311 266 48 14 men
376 261 32 19 att
423 259 27 21 de
464 259 82 29 anslag,
566 266 45 21 som
630 266 53 24 voro.
694 259 99 29 afsedda
803 259 39 33 för
855 262 41 30 än-

65 277 101 45 damålet,
182 288 55 22 hade
251 288 54 26 tagit
320 287 50 26 slut.
400 284 32 24 En
448 293 69 24 annan
534 287 60 28 gång
605 283 131 33 gjordes
706 279 32 42 en
747 286 95 34 ansökan
857 290 35 25 om

64 320 33 20 ett
112 317 83 27 auslag,
210 315 81 29 hvilket
309 316 62 27 ocksä
378 315 224 30 skolöfverstyrelsen
612 312 119 33 godkände
747 315 33 22 till
797 311 39 38 det
855 316 35 33 be-

64 344 59 31 lopp,
143 351 41 24 som
200 342 196 31 stadsfullmäktige
410 342 91 26 anhållit
516 349 46 26 om,
576 349 49 17 men
641 338 31 34 då
691 343 76 29 frågan
783 339 108 37 afgjordeg

64 374 8 21 i
91 371 96 32 sepaten,
213 370 42 30 fick
276 372 76 20 staden
376 371 76 30 endast
476 377 25 18 en
520 370 106 27 fjerdedel
646 371 23 22 af
686 371 140 32 beloppet.
848 372 44 27 Detta

65 398 70 32 torde,
146 400 81 31 liksom
242 400 7 21 i
264 399 68 25 första
347 398 68 27 fallet,
431 399 72 21 berott
518 399 66 28 derpä
598 400 34 22 att
646 399 27 26 de
688 398 78 29 medel,
782 406 45 21 som
839 406 51 22 voro

64 424 92 35 aisedda
170 426 36 26 för.
219 427 111 26 städernas
346 427 126 29 folkskolor,
488 426 46 22 icke
550 422 74 31 räckte
634 427 35 27 till
679 426 34 22 att
727 428 92 26 utbetala
833 418 61 42 detta

64 454 88 32 belopp,
174 456 67 27 eburu
261 456 120 28 detsamma
402 455 28 27 på
452 454 60 30 långt
527 456 39 20 när
580 454 55 27 icke,
643 455 49 26 stod
708 456 7 20 i
726 456 70 28 något
807 446 83 43 förhål-

64 483 65 24 lande
144 484 33 27 till
191 484 29 28 de
234 483 81 27 bidrag,
335 489 42 15 som
390 483 69 30 andra
476 483 72 25 städer
559 481 85 28 åtnjuta
658 482 34 22 för
703 483 48 25 sina
765 480 124 36 folkskolor.

64 509 41 31 Då
114 513 41 27 det
170 518 54 16 vore
242 510 94 29 önskligt
353 512 37 26 att
410 511 75 27 hvarje
500 510 57 29 stad
578 510 72 24 skulle
669 510 22 22 få
708 510 47 32 sina
774 511 90 27 kostnad

64 536 113 33 bestridda
191 540 8 21 i
206 539 101 30 ungefär
317 545 83 20 samma
414 538 142 29 förhållande,
579 537 71 30 skulle
666 539 38 27 jag
721 538 114 30 hemställa
850 540 38 30 hos

63 566 169 32 statsutskoftet,
252 567 107 28 huruvida
377 567 46 21 icke
443 567 33 21 ett
490 568 68 20 större
577 566 79 30 belopp
679 569 26 19 än
728 568 37 20 det
780 568 39 20 här
829 568 61 27 före-

64 596 78 28 slagna
156 595 70 28 skulle
240 595 71 27 kunna
326 597 106 26 upptagas
447 594 33 22 för
496 596 61 20 nästa
576 592 71 24 treärs
666 595 81 27 period.
784 596 46 21 Den
854 596 35 20 nä-

64 625 62 27 diga
132 618 159 38 propositionen
307 622 96 29 föreslår
424 623 107 26 nemligen
554 622 49 26 fem,
626 623 31 21 tio
676 623 40 25 och
732 623 79 21 femton
826 626 63 25 tusen

64 653 63 21 mark
142 652 70 21 såsom
228 652 75 26 tillägg
317 650 34 22 för
367 651 51 21 åren
435 651 62 25 1886,
514 650 54 22 1887
585 651 39 21 och
642 650 60 27 1888,
719 657 48 15 men
783 652 59 21 detta
852 658 37 15 an-

65 681 47 27 slag
127 678 67 24 borde
210 679 58 27 höjas
283 679 33 28 till
332 681 31 19 ett
378 679 67 27 högre
461 679 83 26 belopp.
891 703 2 6 ,

134 708 79 22 Vidare
228 707 36 21 vill
276 707 38 27 jag
329 707 84 27 påpeka
428 713 27 15 en
474 713 69 15 annan
558 707 68 27 fråga,
650 713 46 16 som
719 708 39 20 har
780 708 60 27 ryckt
858 699 32 39 ett

63 739 49 25 steg
128 733 97 29 närmare
241 736 31 20 sin
288 736 90 26 lösning,
398 735 106 26 nemligen
524 741 33 15 om
576 735 84 21 lärates
679 736 39 25 och
733 736 157 28 lärarinnors
878 729 15 39 i

64 765 102 21 städerna
180 764 155 27 pensionering,
350 765 32 19 ett
397 763 167 27 önskningsmål,
584 770 33 14 om
638 764 63 27 hvars
720 764 168 27 tillgodoseende

64 791 179 29 borgareståndet
264 791 57 21 förut
343 791 97 21 anbållit.
470 791 74 27 Enligt
567 791 165 26 ifrågavarande
755 790 133 30 proposition

64 821 95 26 föreslås,
171 821 32 20 att
218 820 68 21 lärare
301 820 40 20 och
356 819 121 29 lärarinnor
491 819 8 21 i
514 820 101 20 städerna
631 819 76 27 skulle,
727 820 76 21 liksom
819 820 76 31 lärare,

64 849 40 25 och
119 849 120 28 lärarinnor
253 847 26 27 pä
294 848 80 24 landet,
389 847 86 21 komma
490 847 6 21 i
513 847 125 27 åtnjutande
653 847 23 21 af
689 848 96 26 pension.
814 848 74 28 Ehuru

64 883 54 22 man
129 875 69 23 skulle
214 876 61 27 tycka
290 877 32 20 att
337 876 37 21 det
389 875 47 22 icke
451 875 67 21 borde
534 882 51 15 vara
603 875 71 28 någon
693 875 84 22 skilnad
797 876 91 25 emellan

64 905 71 26 lärare
151 905 38 21 och
205 904 118 21 lärarinnor
337 904 8 21 i
360 903 102 22 städerna
478 903 38 22 och
532 904 27 26 på
574 904 80 26 landet,
678 904 39 21 och
732 906 33 27 att
780 905 26 20 de
822 902 65 25 borde

64 933 48 25 med
125 933 104 27 afseende
252 933 12 20 å
281 932 179 27 pensioneringen
484 937 51 16 vara
557 931 109 26 likstälda,
688 932 26 22 så
736 931 90 24 föreslås
848 929 40 27 här

64 959 190 32 dock
130 955 38 40 att
182 959 72 32 hvarje
268 960 47 21 stad
332 959 70 22 skulle
421 966 52 15 vara
492 959 85 29 skyldig
597 961 33 20 att
648 960 32 21 till
700 960 150 27 pensionering
866 960 24 22 af

63 989 71 23 lärare
150 989 39 21 och
204 989 119 20 lärarinnor
337 988 96 21 inbetala
448 988 14 21 5
477 989 89 25 procent
588 987 23 22 af
634 988 36 21 det
684 988 85 27 belopp,
789 989 27 21 de
832 985 56 25 efter

63 1015 79 29 uttjent
157 1017 57 26 antal
234 1016 20 21 år
262 1016 90 22 komme
368 1018 32 20 att
416 1016 88 27 åtnjuta.
534 1015 106 27 Beloppet
657 1018 24 19 är
700 1016 125 27 visserligen
840 1017 47 22 icke

63 1046 62 27 stört,
141 1045 75 26 endast
228 1045 77 25 13,000
317 1044 61 23 mark
392 1044 34 21 för
442 1044 43 21 alla
500 1044 73 21 städer
588 1043 149 27 tillsammans,
754 1051 47 15 men
813 1045 27 20 då
848 1045 40 27 det

63 1080 29 19 nu
107 1073 68 27 enligt
189 1073 42 22 min
245 1072 138 29 uppfattning
398 1072 47 22 icke
461 1072 67 21 borde
545 1078 50 19 vara
610 1072 70 27 någon
696 1071 85 22 skilnad
796 1073 91 23 emellan

63 1099 113 24 städernas
184 1101 38 22 och
230 1099 228 29 landskommunernas
467 1100 179 28 lärarepersonal,
662 1100 24 21 så
702 1100 69 21 skulle
784 1101 38 26 jag
836 1098 60 29 vilja"

63 1128 121 28 hemställa,
207 1135 34 15 om
256 1135 47 15 man
318 1129 48 21 icke
382 1129 71 28 kunde
472 1134 52 15 anse
544 1129 47 20 dem
611 1135 52 14 vara
681 1128 44 21 lika
747 1128 140 28 berättigade,

63 1158 25 21 så
102 1157 33 27 att
150 1157 36 22 det
200 1157 81 26 bidrag,
297 1163 46 15 som
358 1163 29 14 nu
402 1157 69 26 enligt
486 1157 40 20 den
542 1156 78 27 nådiga
632 1157 160 26 propositionen
804 1157 83 23 fordras

62 1185 25 22 af
92 1182 114 29 städerna,
222 1185 69 21 kunde
307 1185 114 21 undvaras.
451 1185 42 26 Jag
516 1184 96 21 anhåller
634 1186 32 19 att
688 1185 59 20 detta
767 1185 46 21 mitt
832 1184 56 23 utta-

62 1214 64 21 lande.
142 1213 65 27 måtte
219 1213 22 21 få
256 1213 74 28 åtfölja
345 1213 104 21 remissen
468 1213 34 20 till
521 1213 111 20 utskottet.
755 1233 2 2 .

114 1266 2 2 =
132 1241 60 24 Herr
209 1241 127 29 Högman:
365 1240 35 22 Då
422 1241 70 21 denna
515 1241 132 27 proposition
668 1241 79 26 jemväl
770 1241 117 29 innehåller

62 1270 82 29 förslag
164 1275 33 15 om
213 1266 150 30 förändringar
382 1269 39 21 och
441 1269 129 26 förbättring
593 1269 24 25 af
638 1269 188 22 folkskolelärares
848 1269 39 22 och

62 1296 131 24 lärarinnors
208 1297 138 22 ekonomiska
361 1297 109 26 ställning,
487 1297 97 21 anhäller
596 1297 39 26 jag
650 1299 32 19 att
697 1297 35 21 vid
748 1297 49 22 dess
812 1298 75 21 remiss

62 1327 33 21 till
112 1326 80 27 utskott
206 1325 23 22 fä
244 1325 77 22 betona
343 1325 8 21 i
365 1325 57 22 huru
437 1325 43 26 hög
495 1325 53 27 grad
564 1325 121 26 nödvändig
708 1331 27 15 en
758 1325 68 28 sädan
844 1325 43 22 för-

62 1355 95 26 bättring
172 1354 68 26 måste.
255 1360 63 20 anses
332 1360 59 15 vara.
422 1353 10 21 I
450 1353 161 27 propositionen
635 1355 130 25 omnämnes,
789 1354 37 21 att
839 1354 7 21 i
861 1355 26 21 de

61 1383 67 29 högre
142 1382 147 22 folkskolorna
304 1382 27 27 pä
346 1382 75 21 landet
437 1382 70 25 lönen,
530 1381 125 22 oberäknad
674 1388 46 15 rum
741 1382 38 21 och
795 1383 47 25 ved,
864 1385 24 21 är

61 1411 85 27 mycket
157 1408 131 28 varierande,
305 1410 47 21 frän
363 1411 15 20 2
394 1410 60 25 mark
466 1410 26 21 61
509 1410 63 26 penni
583 1409 33 22 till
636 1410 6 21 3
658 1409 60 22 mark
732 1410 29 21 45
776 1410 62 27 penni
852 1416 39 21 om.

96 1437 31 5 gen
144 1438 40 28 för
201 1439 78 30 lärare,
302 1441 56 18 samt
378 1437 34 22 för
435 1438 121 21 lärarinnor
577 1437 49 28 frän
646 1438 14 21 2
675 1437 61 22 mark
751 1437 32 22 till
806 1439 7 20 2
827 1439 61 25 mark

126 1464 37 29 noi
174 1473 35 20 om
225 1463 79 30 dagen,
316 1466 39 21 och
371 1467 32 20 att
417 1466 43 28 den
476 1466 70 27 lägsta
562 1465 63 31 lönen
634 1459 109 41 betydligt
754 1466 142 27 understiger,

62 1491 145 25 medellönen.,
233 1494 32 29 En
280 1495 72 26 vanlig
367 1494 118 26 daglönare
500 1493 40 22 har
558 1493 92 32 sålunda
668 1500 25 16 en
712 1494 76 23 större
797 1493 100 33 inkömpt.

220 1521 57 22 antal
293 1522 165 21 folskolelärare
474 1522 40 21 och
532 1521 128 26 lärarinnor,
684 1522 39 21 och
739 1522 54 21 dock
811 1523 23 20 är
850 1523 38 26 jag

797 1561 22 17 21
