1098 1795
227 152 33 43 148
497 167 93 23 Borgarest.
604 167 44 19 1885.
672 167 10 18 2
695 155 45 30 Febr.

203 243 41 21 gen
260 244 26 15 en
304 237 68 21 sådan
391 236 78 21 reform
487 236 24 21 af
527 237 106 21 särskilda
654 236 45 21 skäl
719 236 18 27 ej
756 236 34 21 för
808 237 132 22 närvarande
954 237 79 25 ifråga-

202 266 92 21 komma.
325 265 43 22 Vid
387 265 131 26 hofrätterne
537 265 39 21 och
596 265 84 21 landets
700 265 75 26 högsta
793 265 94 22 domstol
908 272 51 15 vore
981 266 51 21 den-

203 301 81 15 samma
298 295 97 20 deremot
412 293 156 27 otvifvelaktigt
584 293 22 22 af
620 294 50 26 vigt,
688 293 38 21 och
736 293 68 22 skulle
814 294 66 21 verka
890 295 32 20 att
932 296 100 25 parterne

202 323 83 21 mindre
302 323 45 21 ofta
367 324 27 19 än
414 328 27 15 nu
461 322 22 21 af
501 321 110 22 oförstånd
627 322 40 21 och
682 322 176 27 processlystnad,
874 323 33 20 till
922 323 64 21 mehn
1001 323 31 21 äf-

203 358 41 15 ven
258 351 33 21 för
306 352 32 25 sig
354 350 81 27 sjelfva,
455 351 68 20 skulle
542 351 131 20 underkasta
692 350 164 21 öfverrätternes
876 351 100 27 pröfning
994 350 38 23 do-

203 385 51 20 mar,
270 380 7 20 i
292 379 74 22 hvilka
381 379 69 26 någon
466 379 92 26 ändring
571 379 48 21 icke
634 385 37 15 ens
686 380 24 19 är
724 379 98 21 tänkbar.
844 380 39 20 Att
898 379 41 22 den
954 386 76 21 genom

202 408 112 27 kejserliga
329 408 153 26 förordningen
499 408 40 20 den
555 408 28 21 24
598 407 104 22 Februari
719 408 53 21 1873
783 408 121 21 utsträckta
917 410 71 19 rätten
999 410 32 20 att

203 437 84 20 biträda
302 438 77 25 parten
394 436 48 20 med
457 436 176 26 fullmäktigskap
648 436 7 20 i
671 436 203 26 anmärkningsvärd
888 437 53 25 grad
956 437 75 21 verkat

204 466 31 20 att
254 465 69 21 målen
343 465 7 20 i
369 464 155 21 öfverrätterna
543 464 94 26 tilltagit,
657 464 61 20 torde
737 464 18 26 ej
775 464 66 21 heller
863 464 73 22 kunna
958 465 72 21 nekas.

204 493 81 21 Genom
301 495 32 19 att
349 492 89 22 sålunda
453 492 130 22 åtminstone
598 493 6 20 i
620 492 70 27 någon
705 492 47 21 mån
776 493 68 21 ordna
859 493 172 22 sakförareverk-

203 522 109 21 samheten
327 522 37 20 vid
380 521 153 21 öfverrätterne
553 521 72 21 kunde
644 521 62 21 äfven
724 521 106 26 åtskilliga
846 522 67 20 andra
927 522 104 21 reformer

202 551 36 20 vid
253 551 67 25 dessa,
333 556 46 15 som
395 550 114 21 förutsätta
521 550 104 26 juridiskt
640 549 90 25 bildade,
743 549 160 21 auktoriserade
914 550 115 26 sakförare,

202 579 134 27 genomföras
356 578 44 21 och.
414 578 101 21 särskildt
533 578 41 21 den
594 578 152 21 öfverdomstol
764 578 66 26 enligt
849 578 26 21 K.
898 578 24 21 F.
942 578 41 21 den
1004 579 26 21 19

202 595 90 34 Januari
309 608 56 20 1802
380 607 161 21 tillkommande
557 608 44 20 rätt
619 608 33 33 att
670 606 80 21 inkalla
768 609 99 24 parterne
882 607 33 21 till
930 607 100 27 muntligt

203 636 75 21 förhör
293 636 109 26 praktiskt
417 636 113 26 tillämpas.

272 665 51 21 Rätt
339 664 33 20 till
387 664 64 21 friare
466 664 160 26 bevispröfning
640 663 34 21 för
689 664 99 20 domaren
803 670 51 15 vore
870 664 61 21 äfven
942 666 31 19 ett
983 666 47 25 steg

202 693 84 26 framåt,
302 699 47 15 som
364 694 52 19 utan
431 692 107 26 svårighet
554 692 72 21 kunde
641 694 91 24 uttagas.
754 692 47 21 Den
816 692 70 27 legala
901 692 129 22 bevisteorin

203 722 39 20 har
264 728 89 14 numera
376 721 75 21 endast
474 721 27 25 få,
525 727 35 15 om
583 721 70 26 någon
676 720 124 22 försvarare.
830 721 10 20 I
862 720 74 28 sjelfva
955 721 75 21 verket

203 750 64 21 hafva
282 750 73 26 lagens
372 749 133 21 aritmetiska
520 750 160 25 bestämningar
700 755 33 15 om
752 749 136 21 bevismåttet
906 750 67 26 knapt
987 756 42 20 nog

203 778 103 27 någonsin
327 778 50 21 fullt
396 778 122 26 tillämpats,
539 778 86 20 hvarför
640 778 62 20 deras
718 778 159 21 utmönstrande
896 778 48 21 icke
963 778 66 23 borde

203 814 51 14 vara
276 807 128 21 outförbart.
434 806 94 21 Härmed
552 806 68 21 skulle
643 806 164 26 sammanhänga
831 807 157 21 inskränkande
1009 807 22 21 af

202 836 150 26 vittnesjäfven
368 835 40 21 och
430 835 123 27 isynnerhet
573 835 32 25 de,
626 841 45 15 som
691 835 49 21 bero
760 835 27 26 på
806 835 115 27 slägtskap.
952 836 77 21 Likaså

203 864 71 21 kunde
290 865 102 20 domaren
407 864 7 20 i
429 864 60 26 fråga
505 870 34 14 om
556 863 134 21 bedömande
705 863 22 21 af
740 864 221 26 ersättningsanspråk
972 864 57 21 med-

203 893 68 26 gifvas
293 895 70 18 större
385 892 64 21 frihet
471 892 36 21 vid
528 892 181 26 uppskattningen
732 892 22 20 af
778 892 139 21 skadeständs
944 892 84 27 belopp,

203 928 35 15 om
257 921 39 21 ock
315 921 48 20 icke
379 921 120 26 tillförlitlig
514 921 112 26 bevisning
642 920 130 21 omedelbart
788 927 34 14 om
838 921 74 26 sjelfva
928 921 102 26 beloppet

203 950 82 21 kunnat
304 950 81 25 vinnas,
407 949 39 21 och
465 949 102 21 domaren
587 949 57 26 förty
663 949 135 26 bemyndigas
818 952 32 18 att
866 949 116 21 bestämma
997 955 32 16 er-

203 979 204 26 sättningssumman
430 977 54 22 efter
506 977 157 27 öfvervägande
686 977 22 21 af
728 977 41 21 alla
792 977 27 27 på
837 977 66 22 saken
922 978 107 21 verkande

204 1007 188 26 omständigheter.
425 1007 41 26 Till
484 1006 89 27 ledning
592 1006 75 21 härvid
686 1006 65 21 borde
770 1006 101 21 domaren
890 1006 39 21 ock
949 1007 6 20 i
974 1007 55 20 vissa
1054 1032 2 2 :

203 1036 37 21 fall
255 1035 139 21 tillerkännas
410 1035 129 26 befogenhet
555 1036 33 19 att
602 1035 124 20 införskaffa
741 1035 64 26 nödig
815 1035 127 26 upplysning
952 1041 77 21 genom

203 1064 144 27 sakkunniges
363 1051 109 38 hörande,
480 1069 34 16 om
529 1063 78 21 sådant
622 1063 67 21 finnes
704 1059 140 42 erforderligt.

273 1080 75 34 Redan
364 1093 62 26 länge
441 1093 39 20 har
496 1092 22 21 af
532 1092 84 21 landets
628 1090 112 23 affärsmäh
750 1092 164 27 anmärkningar
924 1091 105 28 försports

203 1121 103 27 deröfver,
323 1123 32 19 att
372 1121 27 21 dä
414 1121 41 21 den
466 1121 120 21 rättslärde
602 1121 101 21 domaren
718 1121 66 20 sällan
800 1121 51 21 eller
863 1121 68 27 aldrig
941 1121 88 21 besitter

204 1156 147 21 noggrannare
367 1150 121 21 kännedom
504 1156 35 15 om
555 1150 151 25 handelsbruk,
725 1150 201 26 handelsbokföring
945 1150 39 21 och
1003 1156 26 15 en

204 1180 77 26 mängd
300 1179 22 21 af
339 1179 155 21 handelsnatur
512 1178 109 22 beroende
644 1178 184 26 omständigheter,
847 1178 38 21 full
903 1179 84 26 garanti
1010 1179 19 26 ej

203 1208 68 22 finnes
286 1208 7 21 i
309 1208 156 21 domstolarnes
480 1207 124 21 nuvarande
620 1207 189 26 sammansättning
824 1207 34 21 för
873 1209 31 19 ett
918 1207 49 21 fullt
976 1209 54 19 rätt-

203 1238 42 20 vist
260 1236 133 22 bedömande
409 1236 22 21 af
445 1236 160 21 handelssaker.
636 1236 40 21 Vid
693 1236 65 20 andra
773 1236 107 21 allmänna
894 1235 68 22 finska
977 1236 52 26 köp-

204 1267 146 19 mannamötet
365 1265 7 20 i
387 1265 81 26 Viborg
483 1264 62 26 1883,
562 1265 38 20 der
616 1264 70 21 denna
700 1264 59 26 fräga
773 1264 61 21 äfven
849 1264 83 22 förevar
952 1265 32 21 till
999 1264 31 21 di-

204 1294 104 26 skussion,
324 1294 97 20 uttalade
437 1294 32 26 sig
483 1295 69 19 mötet
567 1293 33 21 för
615 1293 131 21 inrättandet
761 1292 23 22 af
797 1293 205 21 handelsdomstolar
1017 1293 13 21 &

204 1323 73 26 hvarje
292 1322 133 27 betydligare
440 1322 148 26 handelsplats
602 1324 56 18 samt
676 1324 32 18 att
726 1321 98 21 behofvet
842 1322 23 20 af
882 1322 148 21 handelsdom-

203 1352 67 21 stolar
285 1351 118 21 tillsvidare
417 1351 67 20 mätte
499 1350 106 27 afhjelpas
620 1350 90 21 sälunda
725 1352 31 19 att
770 1350 206 21 rädstufvurätterne
994 1350 36 21 vid

204 1380 173 27 handläggandet
395 1379 23 21 af
435 1379 108 21 tvistemål
561 1379 49 20 utaf
626 1379 171 26 handelsrättslig
815 1380 69 24 natur,
904 1379 54 21 efter
977 1385 53 20 egen

204 1409 99 26 pröfning
318 1408 24 21 af
355 1408 76 21 mälets
446 1407 154 26 beskaffenhet,
617 1407 68 21 skulle
697 1407 141 26 komplettera
852 1407 32 26 sig
894 1407 48 22 med
952 1409 78 20 tvenne

205 1437 23 21 af
241 1437 188 26 handelsförening
443 1437 64 20 valda
523 1436 98 21 bisittare
636 1436 49 21 med
700 1438 92 24 rösträtt,
808 1436 40 21 och
864 1438 32 19 att
911 1436 33 21 för
958 1436 73 27 dylika

205 1466 43 21 mä]
265 1465 258 27 rättegängsproceduren
542 1465 67 20 mätte
628 1465 113 20 förkortas.
774 1465 70 26 Nägot
866 1465 76 20 hinder
963 1465 68 20 borde

204 1495 47 22 icke
266 1495 67 21 heller
347 1496 60 19 möta
422 1494 113 26 förslagets
551 1499 75 16 senare
642 1493 40 26 del,
698 1493 89 21 sälunda
802 1496 32 18 att
852 1493 26 21 de
898 1493 133 27 sakkunnige

205 1529 128 22 personerne
349 1523 75 26 skulle,
441 1522 91 21 likasom
547 1522 34 21 för
596 1522 132 21 närvarande
743 1522 7 21 i
764 1522 135 27 sjörättsmäl,
915 1522 7 21 i
937 1522 94 21 domsto-

205 1553 45 20 lens
266 1551 184 27 öfverläggningar
465 1551 87 26 deltaga
568 1551 39 21 och
624 1552 32 19 att
670 1551 62 20 deras
754 1551 108 21 utlätande
880 1551 66 21 borde
960 1551 8 21 i
981 1557 51 22 pro-

204 1581 92 22 tokollet
310 1580 125 21 antecknas.
451 1592 27 3 —
