1103 1742
224 118 42 32 500
494 124 93 23 Borgarest.
600 124 42 18 1885.
665 124 22 18 20
701 124 51 19 Mars.

206 192 154 23 obehandlade.
394 192 42 26 Jag
453 192 110 26 påpekade
578 192 56 20 dock
649 192 52 26 sjelf,
718 194 32 19 att
765 192 62 22 äfven
842 199 26 15 en
885 199 71 15 annan
971 196 63 25 utväg

206 222 72 21 dertill
296 220 111 28 förefanns
425 222 27 19 än
470 220 36 20 det
525 220 23 20 af
560 220 44 26 mig
618 220 124 21 framstälda
756 220 109 28 förslaget,
881 222 106 26 nemligen
1001 224 33 20 ut-

205 252 68 24 vägen
288 251 33 19 att
335 248 143 26 lagutskottet
493 248 93 26 begärde
600 250 33 18 att
647 248 21 20 få
683 248 107 21 förstärka
804 249 38 26 sig.
872 249 42 27 Jag
929 250 105 22 erkänner

205 278 72 26 vigten
292 277 23 21 af
328 277 26 21 de
371 276 153 26 invändningar
540 282 34 15 om
589 276 137 26 tidsutdrägt,
742 282 45 15 som
802 277 68 27 gjorts
885 279 46 19 mot
938 280 31 19 ett
977 284 56 16 ome-

205 306 84 21 delbart
297 305 71 21 beslut
376 304 23 21 af
405 304 85 21 ståndet
498 310 34 15 om
540 304 66 20 skildt
613 304 94 21 utskotts
716 304 139 27 tillsättande,
862 306 39 26 och
908 306 69 21 skulle
985 306 47 22 der-

205 334 35 21 för
253 340 66 20 gerna
331 333 56 21 afstå
401 332 47 22 från
463 332 37 21 det
514 332 96 27 yrkande
622 332 38 26 jag
674 332 8 20 i
689 332 60 21 detta
758 332 99 22 afseende
865 334 141 26 gjorde,
950 328 10 37 i
968 334 36 26 fall
1013 335 18 26 ej

205 362 50 21 flere
277 362 139 20 medlemmar
437 361 7 20 i
466 360 86 21 ståndet
570 360 127 21 understödt
715 360 124 22 detsamma.
873 362 43 21 För
931 368 52 20 egen
998 362 35 21 del

205 392 39 24 gör
255 390 38 27 jag
307 390 36 20 det
359 388 56 22 dock
430 389 7 20 i
451 388 144 27 förhoppning
610 390 33 19 att
654 388 146 26 lagutskottet,
808 390 225 27 uppmärksamgjordt

205 418 28 27 på
247 417 150 25 förhållandet,
413 417 55 21 skall
482 419 50 23 taga
546 416 92 21 initiativ
652 416 8 20 i
674 416 73 24 saken,
762 416 40 21 och
817 418 39 20 ber
868 418 37 26 jag
915 418 70 21 derför
996 424 35 15 en-

206 447 55 25 dast,
276 448 32 18 att
323 446 27 20 de
361 445 23 21 af
396 445 50 21 herr
460 444 114 22 Lindblom
583 444 40 21 och
631 444 43 26 mig
681 446 71 20 senast
760 445 74 27 gjorda
842 445 189 28 framställningar-

205 481 33 19 ne,
258 475 41 20 den
317 480 41 15 ena
377 473 81 26 gående
472 474 24 20 ut
511 473 27 26 på
553 472 133 22 tillsättande
701 472 23 21 af
737 474 31 20 ett
783 473 102 21 särskildt
899 474 85 21 utskott
998 474 33 22 för

204 503 32 21 till
252 502 141 27 lagutskottet
408 501 115 21 hänvisade
538 501 201 27 petitionsärenden,
755 501 41 21 den
811 502 69 20 andra
890 502 27 26 på
928 502 103 22 förstärkt

204 531 119 26 lagutskott
345 530 68 21 måtte
431 529 74 27 åtfölja
522 529 108 25 remissen,
648 528 34 21 för
701 531 32 19 att
751 529 24 21 af
791 530 142 26 lagutskottet
947 533 61 25 tagas
1023 531 6 20 i

205 558 147 22 betraktande.

274 587 55 21 Herr
352 586 192 26 Schybergson:
574 586 41 25 Jag
634 585 91 26 begärde
744 586 60 20 ordet
822 586 33 20 för
874 588 32 19 att
921 586 108 27 korrigera

205 616 49 21 herr
269 614 108 22 Grönviks
390 614 84 27 uppgift
488 620 35 14 om
538 615 33 19 att
586 614 54 20 intet
654 613 23 21 af
691 614 25 20 de
731 614 35 20 vid
776 614 144 21 innevarande
927 614 102 27 landtdag

204 643 120 22 inlemnade
338 642 188 27 petitionsförslag,
542 648 46 14 som
603 641 88 21 väcktes
705 642 60 20 äfven
781 642 36 20 vid
831 645 84 19 senaste
926 642 103 28 landtdag

205 678 48 16 men
268 672 27 20 då
310 671 47 21 icke
372 670 72 21 hunno
459 670 168 25 slutbehandlas,
642 676 30 14 nu
687 670 67 20 skulle
770 670 63 21 hafva
848 672 49 19 rönt
912 672 31 20 ett
957 671 71 21 bättre

205 701 46 21 öde.
281 694 136 26 Åtminstone
438 700 24 19 är
483 700 118 19 motsatsen
620 698 59 20 fallet
701 698 48 20 med
770 698 104 26 förslaget
891 704 34 16 om
940 698 88 22 konces-

204 728 120 26 sionslagen
338 727 34 21 för
384 727 120 26 jernvägar,
519 726 83 21 hvilket
616 726 18 26 ej
651 726 69 20 blifvit
734 726 130 21 behandladt
879 726 22 22 af
909 727 118 26 lagutskot-

204 758 32 20 tet
249 756 36 21 vid
303 757 86 20 senaste
403 755 101 25 landtdag
520 754 46 26 och,
586 754 66 26 enligt
666 754 55 21 hvad
736 754 70 21 blifvit
819 755 92 26 upplyst,
927 755 18 27 ej
961 755 66 21 heller

203 785 38 21 vid
255 785 70 21 denna
339 783 103 26 landtdag
457 784 57 19 ännu
529 782 57 21 varit
599 782 45 21 före
659 782 7 20 i
681 782 111 21 utskottet.

272 812 56 21 Herr
343 811 123 21 Grönvik:
488 811 42 26 Jag
548 811 87 26 medger
654 812 31 19 att
700 810 65 27 något
780 810 75 22 sådant
870 811 156 27 undantagsfall

204 842 49 20 herr
269 840 147 27 Schybergson
431 839 75 26 antydt
521 839 44 21 kan
579 838 121 22 förefinnas.
722 839 41 26 Jag
777 839 85 26 yttrade
877 839 64 21 också
951 840 76 21 endast

204 871 32 20 att
251 869 26 20 de
293 868 120 27 petitioner,
429 873 45 15 som
488 867 88 21 väcktes
591 867 37 20 vid
642 868 84 19 senaste
740 867 103 26 landtdag
858 867 40 22 och
913 867 28 21 då
955 867 19 27 ej
990 867 36 22 be-

203 897 124 26 handlades,
342 902 49 15 men
413 901 29 15 nu
460 895 55 27 ånyo
537 895 130 21 remitterats
682 895 32 20 till
729 895 147 26 lagutskottet,
892 901 50 16 vore
957 895 23 22 af
993 898 33 19 ut-

203 926 82 21 skottet
300 923 183 26 slutbehandlade,
499 923 70 21 såvidt
581 923 37 26 jag
633 923 54 21 hade
701 923 43 26 mig
759 923 85 22 bekant.

271 953 34 21 Då
319 953 64 26 ingen
397 952 69 21 talare
480 952 74 21 vidare
569 951 95 22 önskade
678 953 58 25 yttra
750 952 37 26 sig,
796 951 123 28 uppstäldes
933 952 92 27 följande

201 980 287 28 omröstningsproposition
479 976 12 36 :

271 1009 41 26 De,
330 1015 46 15 som
393 1007 66 22 önska
475 1008 107 21 remittera
604 1007 164 27 ifrägavarande
782 1007 115 28 lagförslag
911 1008 32 21 till
957 1008 68 27 lagut-

200 1038 81 26 skottet,
297 1039 57 20 rösta
367 1037 34 26 ja;
417 1037 31 25 de,
464 1037 34 20 det
512 1035 44 22 icke
571 1035 72 26 önska,
659 1037 57 20 rösta
730 1035 46 28 nej;

269 1066 75 21 vinner
359 1065 40 26 nej,
414 1065 39 20 har
468 1064 172 27 borgareståndet
652 1063 85 22 beslutit
752 1066 28 19 att
790 1065 88 21 tillsätta
888 1066 27 19 ett
924 1063 103 23 särskildt

202 1095 78 22 utskott
294 1094 35 26 för
344 1094 47 21 dess
406 1093 119 26 beredning.

271 1122 164 27 Propositionen
460 1121 129 22 besvarades
610 1121 50 21 med
682 1121 155 26 öfvervägande
857 1121 29 27 ja,
909 1121 40 21 och
971 1121 55 21 hade

202 1152 85 21 ståndet
305 1151 82 21 således
406 1150 88 21 beslutit
509 1151 34 20 att
557 1149 110 22 remittera
681 1149 143 27 föreliggande
839 1149 78 27 nådiga
930 1149 96 27 proposi-

201 1181 48 20 tion
263 1179 33 22 till
313 1178 153 27 lagutskottet;
481 1178 41 21 och
538 1178 70 21 skulle
622 1177 102 27 derjemte
740 1178 26 21 de
781 1178 22 21 af
816 1178 74 21 herrar
905 1177 120 28 Chydenius

201 1209 42 21 och
257 1207 114 22 Lindblom
385 1207 8 20 i
408 1207 67 21 saken
490 1206 82 27 afgifna
586 1206 115 27 yttranden
716 1206 73 27 åtfölja
802 1206 109 21 remissen.

270 1292 115 27 Upplästes
403 1291 34 21 till
451 1291 107 27 justering
577 1291 40 21 och
634 1291 124 26 godkändes
776 1297 27 16 en
821 1291 106 27 utgående
942 1292 83 27 expedi-

201 1321 52 26 tion,
268 1320 133 22 beträffande
416 1319 97 32 ståndets
527 1321 73 20 senast
614 1319 81 22 fattade
709 1319 76 22 beslut.

269 1405 119 26 Föredrogs
407 1404 41 21 och
466 1404 149 21 remitterades
633 1405 52 20 utan
703 1403 71 27 någon
791 1403 121 23 diskussion
930 1405 34 21 till
981 1406 44 26 lag-

201 1434 40 22 och
255 1433 207 22 ekonomiutskottet
475 1433 61 20 Hans
551 1432 118 27 Kejserliga
684 1432 111 27 Majestäts
804 1433 79 26 nådiga
894 1433 131 27 proposition

200 1463 41 21 N:e
257 1463 35 24 37,
305 1461 51 22 med
369 1461 128 22 alternativa
511 1461 80 26 förslag
606 1461 33 21 till
654 1461 79 26 lydelse
746 1461 33 21 för
789 1461 104 31 särskilda
903 1461 123 27 paragrafer

200 1492 8 21 i
222 1491 38 22 det
274 1490 117 21 ständerna
403 1489 110 27 förelagda
527 1489 103 26 förslaget
645 1489 33 21 till
692 1489 98 27 skogslag
808 1489 35 22 för
861 1489 164 22 storfurstendö-

200 1521 45 20 met
259 1518 98 22 Finland.
