1100 1781
209 156 35 34 360
469 160 99 26 Bofgimbst:.
573 160 46 22 1888:
643 162 28 20 305
677 164 50 18 Pains

187 233 77 22 sättas.
294 233 41 26 Jag
354 231 70 21 skulle
438 230 72 22 derför
523 231 34 21 för
571 231 44 21 min
631 231 99 21 enskilda
744 232 35 21 del:
793 232 57 22 helst
865 239 24 16 se
903 235 35 20 att
950 234 74 20 stad&-

187 262 155 20 kommunerna
366 260 69 20 skulle
457 259 80 21 erhålla
559 265 81 15 samma
658 259 104 27 rättighet
778 262 32 19 att
824 261 120 21 bestämma
959 262 61 21 öfver

186 289 154 27 försäljningen
363 294 47 14 som
432 287 223 21 landskommunerna.
685 286 37 22 Uti
742 287 12 27 $
772 288 20 26 6,
812 288 39 22 der
874 290 36 20 det
931 290 90 26 stadgas

189 324 34 14 om
245 316 195 26 minutförsäljning
462 315 39 21 och
520 315 146 26 utskänkning
684 315 8 21 i
707 316 55 26 stad,
778 318 61 24 säges
854 318 54 20 visst
922 319 32 19 att
969 318 49 20 råd-

188 346 146 20 husstämman
357 344 40 20 bör
419 343 119 21 tillkomma
560 343 104 26 rättighet
683 344 32 20 att
733 345 58 25 yttra
809 345 33 26 sig
856 345 8 21 i
878 345 81 27 frågan.
989 340 31 26 Åt

188 373 139 25 magistraten
346 372 97 20 deremot
458 371 140 21 öfverlemnas
616 370 75 27 sjelfva
705 372 131 27 rättigheten
852 374 33 20 att
899 373 119 21 bestämma

188 400 82 22 antalet
285 400 39 22 och
339 400 136 26 placeringen
490 399 23 21 af
525 398 255 26 utskänkningsställena.
805 400 45 22 Äro
865 407 29 15 nu
906 402 112 26 magistra-

188 430 37 20 ten
241 428 39 21 och
295 427 194 26 stadsfullmäktige
505 433 63 15 oense
583 428 8 20 i
605 427 82 26 frågan,
699 427 141 22 öfverlemnas
855 429 42 21 den
911 430 33 20 till
959 430 59 20 läne-

188 456 114 27 styrelsens
324 455 125 27 afgörande.
479 455 125 21 Emellertid
627 455 62 20 heter
711 455 36 21 det
764 456 8 20 i
790 462 65 15 mom.
870 458 14 20 2
899 457 23 21 af
935 463 82 15 samma

188 484 106 28 paragraf,
310 485 32 19 att
365 483 153 26 länestyrelsen
539 482 35 21 må
597 482 56 22 dock
671 482 48 22 icke
733 483 120 22 bestämma
868 484 50 22 flere
933 485 84 27 försälj-

188 512 139 26 ningsställen
350 513 28 19 än
400 511 55 21 hvad
477 511 100 25 antingen
595 511 139 26 magistraten
754 512 263 28 eller-stadsfullmäktige

188 540 64 21 hafva
267 540 99 20 bestämt.
397 540 32 20 De
443 539 126 25 rättigheter
584 538 194 27 stadsfullmäktige
792 540 65 20 alltså
872 540 8 20 i
895 540 69 22 denna
979 547 37 20 pa-

188 568 74 26 ragraf
276 568 121 26 egentligen
411 566 139 22 tillerkännes
565 572 63 15 anser
641 567 38 26 jag
693 567 101 21 reducera
809 568 33 26 sig
858 568 32 21 till
901 568 51 21 noll.
974 569 42 27 Jag

188 596 69 21 skulle
280 596 71 20 derför
373 595 34 20 för
428 595 43 21 min
490 594 34 21 del
543 594 40 21 och
598 594 29 26 på
644 594 98 27 uppdrag
756 595 24 21 af
792 596 58 20 mina
864 596 84 21 valmän
963 596 53 27 yrka

188 624 28 27 på
237 625 32 19 att
291 624 154 20 kommunerna
467 622 7 21 i
496 622 48 21 stad
562 622 56 26 finge
637 628 82 15 samma
732 624 104 26 rättighet
851 626 33 19 att
899 625 67 20 ordna
981 631 35 15 om

188 651 261 26 bränvinsförsäljningen,
475 656 46 15 som
546 650 66 21 redan
638 650 131 22 tillkommer
793 652 222 22 landskommunerna.

188 680 43 26 Jag
245 680 39 20 har
298 680 24 20 så
336 678 86 27 mycket
437 680 68 19 större
521 678 114 26 anledning
650 678 77 26 dertill,
739 685 45 15 som
797 680 37 26 jag
848 680 35 21 för
896 681 56 20 visso
963 680 53 22 kän-

188 714 38 15 ner
242 710 31 18 att
288 708 26 20 de
329 707 98 26 skadliga
441 706 158 26 verkningarna
614 706 23 21 af
650 706 267 23 bränvinskonsumtionen
931 708 29 27 på
970 709 46 21 lan-

189 736 36 20 det
240 736 33 20 för
286 736 64 26 ingen
366 735 35 21 del
416 735 41 20 kan
471 735 102 26 jemföras
587 734 50 21 med
653 734 26 20 de
694 734 7 20 i
715 735 107 21 städerna.

257 764 34 20 Då
306 764 63 26 ingen
385 763 68 21 talare
467 763 73 20 vidare
556 762 95 21 önskade
666 764 58 24 yttra
739 763 37 26 sig,
784 763 133 22 förklarades
932 764 84 22 diskus-

189 792 73 20 sionen
278 791 103 25 afslutad;
398 790 39 21 och
452 790 70 21 beslöt
537 790 85 21 ståndet
637 792 32 19 att
685 790 40 21 den
740 791 78 26 nådiga
832 792 162 26 propositionen
1008 793 8 21 i

189 820 99 20 afseende
310 820 13 20 å
345 818 101 28 pröfning
467 818 24 21 af
511 818 41 21 den
571 818 46 21 deri
631 818 121 26 föreslagna
766 818 197 23 bränvinsskattens
978 826 37 15 an-

188 848 108 26 vändning
311 848 40 20 och
366 847 79 26 belopp
459 846 69 21 skulle
542 846 122 21 remitteras
679 846 33 21 till
727 847 165 26 statsutskottet,
904 848 112 22 hvaremot

188 876 34 20 till
244 876 98 20 ärendets
364 875 118 26 beredning
503 875 7 20 i
533 874 65 26 öfrigt
616 874 161 27 propositionen
791 875 69 21 skulle
876 876 140 22 öfverlemnas

188 903 32 21 till
244 903 212 25 ekonomiutskottet,
475 903 33 20 till
530 902 82 21 hvilket
635 902 131 21 sistnämnda
787 903 84 21 utskott
893 904 77 27 utdrag
989 911 27 14 ur

188 932 131 26 protokollet
334 931 60 21 öfver
409 931 40 20 den
463 931 58 21 inom
540 930 85 21 ståndet
642 930 77 21 härvid
736 930 113 22 förefallna
867 932 148 22 diskussionen

187 960 78 26 jemväl
286 959 69 21 skulle
377 959 8 20 i
407 959 68 21 sinom
497 958 32 21 tid
548 958 148 26 öfversändas;
719 958 54 21 dock
792 960 32 20 att
839 960 101 21 remissen
954 960 63 22 deraf

188 988 48 20 icke
250 987 119 27 uppehölls.

256 1071 121 26 Föredrogs
392 1071 60 21 Hans
466 1070 119 27 Kejserliga
600 1070 113 27 Majestäts
731 1071 35 20 vid
784 1071 127 27 föregående
929 1072 86 26 plenum

189 1099 118 27 bordlagda
328 1099 79 26 nådiga
425 1099 131 27 proposition
575 1099 40 21 N:o
631 1099 34 25 35,
682 1098 108 27 angående
807 1100 83 22 inlösen
908 1100 24 21 af
948 1100 66 22 dona-

188 1128 137 26 tionsgodsen
347 1128 7 20 i
373 1127 91 26 Viborgs
483 1127 39 21 och
541 1127 32 21 S:t
592 1127 89 21 Michels
699 1127 41 26 län,
756 1129 54 19 samt
832 1128 7 20 i
854 1129 160 26 sammanhang,

190 1156 85 20 dermed
296 1162 26 14 en
344 1155 24 21 af
381 1154 219 28 finansexpeditionen
615 1155 7 21 i
637 1155 113 27 kejserliga
764 1157 88 19 senaten
867 1156 98 27 afgifven,
981 1157 33 21 till

190 1184 84 21 ståndet
296 1184 122 20 inkommen
443 1184 113 20 berättelse
575 1189 34 15 om
628 1183 127 27 fortgången
774 1183 22 21 af
809 1184 211 27 donationsgodsens-

189 1212 82 20 inlösen
289 1212 108 20 äfvensom
415 1213 31 19 ett
464 1212 33 20 till
511 1212 60 20 Hans
586 1211 120 27 Kejserliga
721 1212 99 26 Majestät
834 1212 88 27 afgifvet
937 1213 77 21 under-

190 1240 72 26 dånigt
277 1240 111 20 utlåtande
402 1240 54 20 ifrån
467 1239 170 21 kommissionen
644 1239 33 21 för
687 1239 167 23 verkställandet
866 1240 22 22 af
897 1241 118 21 undersök-

190 1268 50 26 ning
258 1268 48 20 utaf
322 1268 26 20 de
364 1268 187 26 omständigheter,
567 1273 46 15 som
627 1267 74 21 kunna
715 1268 65 20 verka
794 1269 90 26 menligt
898 1269 27 26 på
940 1269 75 21 åboer-

190 1302 37 15 nes
242 1296 12 21 å
266 1296 26 21 de
306 1296 80 21 inlösta
396 1296 282 26 donationslägenhenterna
689 1295 137 22 ekonomiska
836 1297 107 26 ställning.
958 1297 57 21 Här-

189 1324 35 21 vid
239 1324 103 26 begärdes
358 1324 61 20 ordet
434 1324 23 20 af

258 1352 49 21 herr
321 1352 152 26 Nummelin,
489 1358 45 14 som
553 1352 96 26 yttrade:
672 1352 47 20 Den
737 1352 144 26 kommission,
897 1358 45 16 som
957 1353 58 21 varit

188 1380 78 22 tillsatt
279 1380 34 21 för
327 1380 186 26 undersökningen
528 1380 24 20 af
560 1379 234 22 donationsböndernas
805 1380 139 21 ekonomiska
954 1381 60 21 ställ-

188 1409 57 26 ning,
260 1408 40 21 har
321 1408 80 21 uttalat
419 1408 32 26 sig
469 1408 33 21 för
517 1408 148 26 önskligheten
681 1408 23 20 af
716 1410 32 19 att
762 1408 80 22 inrätta
856 1414 163 21 gemensamma.

189 1437 51 21 eller
255 1436 24 21 så
293 1436 85 21 kallade
393 1436 137 21 kommunala
545 1436 85 26 skogar.
657 1435 72 27 Något
743 1436 98 22 afseende
855 1437 36 21 vid
901 1437 59 21 detta
970 1437 45 21 för-

189 1466 45 26 slag
248 1465 40 21 har
303 1464 118 22 emellertid
436 1464 47 21 icke
498 1464 71 20 blifvit
583 1464 82 20 fästadt
679 1464 54 21 efter
747 1464 36 21 det
793 1464 136 27 landboerne,
940 1465 74 21 hvilka

188 1493 70 22 blifvit
269 1493 7 21 i
288 1492 65 22 saken
363 1492 75 26 hörda,
446 1494 91 19 motsatt
544 1492 32 26 sig
584 1492 112 21 bildandet
706 1492 23 21 af
738 1492 80 21 sådana
828 1493 84 27 skogar.
928 1493 32 21 De
967 1498 51 16 mo-:

188 1522 37 25 tiv,
234 1527 46 15 som
287 1520 165 22 kommissionen
463 1520 118 21 framhållit
591 1520 34 21 för
633 1520 73 26 saken,
715 1526 61 21 synas
785 1521 43 26 mig
836 1521 118 21 emellertid
960 1527 55 15 vara

188 1550 24 20 så'
230 1549 92 25 talande,
338 1550 33 20 att
389 1548 108 22 desamma
514 1548 48 21 icke
576 1548 54 21 böra
644 1548 81 21 lemnas
740 1548 44 22 helt
799 1549 40 21 och.
854 1549 65 21 hållet
934 1548 84 23 obeak-
