1100 1745
348 119 92 22 Borgarest.
452 119 44 18 1885.
519 118 22 19 26
554 118 46 19 Febr.
831 120 33 18 371

61 190 34 23 för
110 187 121 31 insättning
245 186 7 21 i
270 186 158 26 postsparbank
443 186 68 21 mätte
524 186 110 21 bortfalla.
663 186 41 26 Jag
718 187 39 20 har
772 187 47 21 icke
832 188 55 21 kun-

62 219 38 22 nat
118 217 72 20 känna
204 215 43 25 mig
261 213 126 32 öfvertygad
401 219 34 15 om
450 215 32 19 att
497 220 26 15 en
538 213 68 21 sådan
621 213 134 32 bestämning
770 221 50 15 vore
834 216 53 21 nöd-

62 245 86 25 vändig.
178 241 105 22 Särskildt
300 247 63 15 anser
378 241 38 27 jag
430 241 116 22 utskottets
562 241 135 27 motivering:
721 242 38 27 ,dä
774 243 70 26 nägon
858 243 28 26 pä

62 267 122 41 erfarenhet
204 269 101 32 grundad
324 269 140 26 öfvertygelse
486 275 35 16 om
540 269 171 32 obehöfligheten
721 259 29 32 af
763 267 64 45 sagde
841 277 44 15 ma-

62 300 51 22 ximi
128 298 157 25 bestämningar
300 297 7 20 i
322 297 60 21 detta
397 297 50 21 land
462 299 56 19 ännu
532 297 47 21 icke
594 297 83 21 kunnat
690 297 93 27 vinnas*,
793 300 92 19 tvärtom

62 332 51 27 vara
128 328 32 20 ett
174 325 47 21 skäl
235 325 32 21 för
282 326 33 19 att
329 331 49 14 man
393 325 47 21 icke
455 325 67 21 borde
535 325 74 26 intaga
618 325 70 26 nägon
698 311 86 44 maximi
794 327 91 49 =

62 355 51 26 ning
136 354 32 21 till
190 359 26 15 en
238 353 81 26 början.
350 353 39 21 Ser
407 359 48 14 man
474 355 32 19 att
521 359 25 15 en
562 353 67 20 sädan
644 353 41 21 blir
699 354 186 27 nödvändig,
847 349 42 36 kan

63 383 36 23 det
120 387 53 16 vara
194 381 32 21 tid
243 381 113 20 framdeles
374 382 33 19 att
421 381 69 20 införa
505 381 129 21 densamma.
664 381 174 27 Anmärkningen
853 385 32 19 att

63 411 27 22 de
111 409 47 22 smä
178 409 187 31 poststationerna
378 409 101 26 möjligen
496 409 28 20 dä
542 409 47 20 icke
608 409 68 20 skulle
690 409 73 21 kunna
777 411 107 20 användas

62 438 34 21 till
111 437 156 28 postsparbank
281 442 63 15 anser
356 437 38 26 jag
408 443 51 14 vara
473 437 82 21 mindre
570 437 128 26 betydande.
727 437 42 26 Jag
783 440 51 23 tror,
845 439 39 24 att,

63 466 28 24 då
104 471 52 16 man
173 465 43 21 kan
234 465 95 20 ombetro
347 464 161 22 föreständarne
523 465 23 20 af
559 464 81 21 sådana
654 465 152 26 poststationer
821 454 63 38 depo-

63 494 89 22 sitioner
172 492 124 28 uppgäende
314 492 32 21 till
364 494 63 19 tusen
442 493 67 25 mark,
525 499 49 14 man
590 493 65 20 ocksä
669 493 43 20 kan
726 493 95 22 anförtro
836 494 51 22 dem

63 523 69 20 större
154 527 98 15 summor.
267 531 28 4 —
309 519 48 22 Mot
375 520 50 21 herr
439 509 125 32 Lindbloms
579 520 117 21 anförande
711 523 32 18 att
758 527 25 14 en
799 521 85 22 domare

62 550 73 21 kunde
156 549 79 20 insätta
256 548 153 26 bördeskilling
428 548 7 21 i
453 548 191 27 postsparbanken,
659 549 36 20 vill
711 549 37 26 jag
769 549 69 21 erinra
852 551 32 19 att

62 578 43 21 han
127 577 48 21 icke
192 576 33 21 fär
242 576 95 21 förränta
354 576 180 26 bördeskillingen
549 576 40 21 och
604 576 42 21 kan
661 576 82 21 säledes
757 577 47 20 icke
819 577 65 21 heller

62 606 81 21 insätta
158 605 40 20 den
212 604 28 26 pä
254 604 192 26 postsparbanken.

132 633 56 20 Herr
201 632 106 26 Nybom:
330 632 42 26 Jag
387 632 49 21 ville
452 634 56 19 emot
523 632 41 21 den
576 634 85 19 senaste
672 633 65 20 ärade
751 633 81 21 talaren
847 639 37 15 an-

62 661 82 25 märka,
160 662 32 19 att
206 666 35 15 om
255 665 49 15 man
319 659 46 21 icke
381 660 55 21 inför
451 660 65 26 nägot
531 661 121 24 maximum,
668 661 23 20 sä
705 660 71 21 kunde
789 661 36 21 det
836 661 48 20 med

63 689 145 26 reglementet,
223 688 75 20 sädant
313 688 36 20 det
364 688 40 20 här
418 690 24 19 är
456 688 114 26 föreslaget
586 690 32 19 att
632 688 55 27 lyda,
702 688 85 21 inträffa
802 691 32 18 att
847 689 37 20 ka-

63 717 105 26 pitalister
189 715 70 21 kunde
281 715 63 21 kasta
366 716 22 21 in
410 716 8 20 i
436 716 185 26 postsparbanken
639 716 28 26 pä
684 722 38 20 par
738 718 32 19 tre
784 717 100 20 mänader

63 745 86 32 mycket
163 745 57 20 stora
235 744 191 26 peningesummor,
441 744 125 26 uppgäende
582 744 32 21 till
630 744 172 21 hundratusende
807 745 23 26 ja
838 745 46 20 mil-

60 773 69 27 joner.
159 772 42 20 Det
215 773 24 19 är
253 771 67 21 kändt
335 773 33 19 att
382 772 238 26 penningemarknaden
635 772 67 21 under
716 772 59 21 tiden
785 773 47 20 frän
842 773 43 21 De-

63 801 85 22 cember
165 800 33 21 till
216 799 57 22 Mars
291 801 24 19 är
333 799 82 27 ganska
430 800 40 21 full
491 800 40 21 och
548 800 78 26 mänga
643 800 133 26 kapitalister
789 807 51 14 vore
858 801 27 20 dä

62 829 71 26 nöjda,
150 834 34 15 om
199 828 26 21 de
239 827 28 27 pä
281 829 68 19 större
364 827 79 28 belopp
458 828 71 21 kunde
542 828 22 21 få
579 834 26 15 en
620 828 24 21 sä
658 828 42 26 god
715 830 62 19 ränta
791 834 45 15 som
844 828 40 27 3%

62 857 8 20 i
84 857 72 20 stället
170 856 32 20 för
218 857 32 19 att
264 855 62 21 deras
340 856 104 26 peningar
458 856 62 26 eljest
534 856 69 20 skulle
617 856 57 26 ligga
688 856 88 20 alldeles
791 857 94 20 oförrän-

62 884 57 22 tade.
138 883 30 22 Af
180 883 60 21 detta
254 883 39 21 och
301 883 68 21 andra
384 883 53 26 skäl,
446 890 46 14 som
503 884 7 20 i
517 884 147 20 betänkandet
671 883 128 27 framhållas,
808 884 38 21 har
854 886 31 19 ett

64 912 115 22 maximum
193 912 33 20 för
240 911 142 26 insättningar
396 912 83 20 införts.
508 912 42 26 Jag
564 912 37 20 vill
616 912 88 26 tillägga
718 913 32 19 att
765 912 36 21 det
812 914 24 18 är
847 912 38 21 all-

66 940 57 21 deles
138 939 128 27 nödvändigt
280 940 33 20 att
324 945 77 20 genom
416 940 70 20 denna
500 940 85 20 maximi
600 940 134 26 bestämning
747 940 58 26 gifva
811 940 75 25 inrätt-

65 969 78 26 ningen
158 968 46 21 dess
219 967 108 21 karaktär.
357 967 189 27 Postsparbanken
561 968 55 21 skall
630 974 50 15 vara
696 974 25 15 en
728 968 118 27 inrättning
852 968 33 21 för

66 998 32 19 att
112 996 67 21 samla
197 995 26 21 de
238 995 52 21 allra
304 995 80 21 minsta
398 1001 101 20 summor,
514 996 72 21 hvilka
601 996 61 26 eljest
676 996 48 21 icke
739 996 66 21 skulle
819 996 67 21 blifva

65 1024 125 27 besparade,
209 1024 50 20 eller
276 1023 86 21 komme
380 1023 158 27 produktionen
554 1024 40 21 och
609 1024 67 20 andra
690 1024 84 26 nyttiga
788 1024 98 21 ändamål

66 1052 33 21 till
113 1052 63 26 godo.
204 1052 11 20 I
230 1051 75 21 sådant
319 1051 38 21 fall
372 1053 25 19 är
412 1054 62 18 tusen
489 1051 61 21 mark
565 1054 31 19 ett
610 1052 88 21 alldeles
713 1052 123 27 tillräckligt
849 1052 37 21 be-

66 1081 56 26 lopp.
153 1080 113 20 Dessutom
283 1079 33 21 fär
330 1085 50 15 man
394 1079 48 21 icke
456 1080 67 21 heller
537 1079 27 27 gä
578 1079 34 21 för
627 1080 59 26 längt
700 1080 24 21 af
737 1080 36 21 det
787 1080 51 26 skäl,
854 1081 32 20 att

66 1110 82 19 statens
163 1107 82 26 garanti
259 1107 47 21 icke
321 1107 35 21 mä
370 1110 62 24 tagas
447 1108 7 20 i
470 1107 92 27 anspräk
575 1107 33 21 för
624 1107 66 21 andra
705 1108 98 21 ändamäl
813 1110 26 19 än
850 1108 37 21 det

66 1136 7 21 i
91 1135 159 28 propositionen
268 1135 95 21 afsedda.
396 1136 50 21 Med
465 1136 113 25 anledning
596 1137 21 19 at
635 1136 56 20 hvad
708 1136 49 21 herr
771 1136 116 27 Ignatius
876 1131 16 37 i

66 1163 152 26 sammanhang
236 1163 87 21 härmed
339 1165 117 24 omnämnt,
472 1165 32 19 att
522 1164 106 26 nemligen
646 1170 27 14 en
693 1163 194 27 straffbestämning

66 1192 8 21 i
88 1192 60 20 detta
162 1191 97 21 afseende
273 1191 68 21 borde
355 1191 95 26 föresläs,
466 1192 38 21 ber
516 1191 38 27 jag
569 1191 21 21 fä
605 1192 88 21 hänvisa
707 1192 34 21 till
755 1192 26 21 de
795 1192 93 26 grunder

67 1220 40 21 och
121 1219 111 28 principer,
248 1219 72 21 hvilka
335 1219 24 21 af
371 1220 108 21 utskottet
493 1219 69 22 blifvit
576 1220 74 26 följda.
680 1220 42 21 Det
737 1220 39 21 har
783 1220 105 25 nemligen

66 1248 47 21 icke
128 1247 56 22 velat
198 1247 77 21 föreslä
289 1247 72 26 nägot,
378 1253 46 15 som
438 1248 48 21 icke
500 1247 70 22 direkt
584 1248 116 21 inverkade
718 1248 28 26 pä
763 1247 125 27 garantifrä-

66 1282 52 21 gan:
145 1275 72 22 Skulle
232 1275 81 21 säledes
327 1275 57 21 hvad
399 1275 107 22 utskottet
520 1275 90 22 föreslär
617 1276 29 20 ha
655 1276 33 21 till
698 1276 52 27 följd
760 1275 128 27 behöflighe-

66 1307 38 18 ten
122 1304 23 20 af
161 1303 112 26 ändringar
291 1304 7 20 i
316 1304 146 25 reglementet,
481 1304 23 20 sä
520 1306 24 18 är
559 1304 60 20 detta
634 1310 26 14 en
675 1303 45 26 sak,
736 1310 45 14 som
796 1304 92 26 regerin-

66 1338 41 20 gen
124 1332 34 20 för
176 1332 31 20 sin
223 1331 33 21 del
270 1331 40 21 har
324 1333 33 19 att
372 1331 80 21 beakta
467 1332 39 20 och
521 1338 46 14 som
582 1332 48 20 icke
644 1332 39 20 hör
698 1332 39 20 hit.
767 1331 28 21 Af
808 1337 80 15 samma

67 1360 47 20 skäl
128 1360 39 20 har
181 1359 104 21 utskottet
299 1359 48 21 icke
361 1360 68 20 heller
444 1360 73 20 berört
538 1359 6 27 &
560 1360 33 25 10,
610 1360 89 20 emedan
714 1360 37 20 det
765 1360 122 26 stadgande,

67 1394 45 15 som
127 1388 45 20 deri
186 1387 66 27 ingär,
270 1387 47 21 icke
335 1387 100 21 inverkar
449 1388 29 26 pä
492 1387 166 27 garantifrägan.
687 1388 63 20 Hvad
764 1388 125 20 reservatio-

67 1422 42 15 nen
126 1415 100 21 beträffar
244 1416 37 20 ber
297 1416 38 26 jag
352 1416 125 26 ytterligare
495 1416 23 20 få
534 1417 58 25 yttra
610 1416 66 26 några
695 1416 46 20 ord.
773 1416 10 20 I
799 1415 26 21 15
840 1415 12 27 $
868 1415 23 21 af

66 1444 138 26 reglementet
218 1443 147 25 förekommer,
382 1443 70 21 säsom
468 1444 124 20 omnämndt
606 1444 76 25 blifvit,
694 1450 25 14 en
734 1443 109 21 föreskrift
857 1444 32 20 att

67 1472 84 22 medlen
166 1471 59 22 skola
239 1472 94 26 placeras
348 1472 8 21 i
371 1471 158 22 räntebärande
544 1472 148 26 obligationer,
707 1472 21 20 d.
743 1478 20 14 v.
778 1477 23 20 s.,
817 1470 73 22 skuld-

67 1500 145 25 förbindelser,
230 1500 80 21 hvilket
327 1500 41 21 här
386 1500 44 21 lika
448 1500 35 21 väl
500 1500 83 21 kunnat
602 1500 108 21 användas
724 1505 47 16 som
785 1499 36 21 det
834 1500 56 20 mot-
