1100 1720
224 175 35 18 376
492 174 92 22 Borgarest.
594 174 46 18 1885.
663 174 22 18 26
697 174 48 18 Febr.

202 243 125 21 kommuner
341 244 39 18 äro
395 241 58 21 blott
467 241 138 27 Helsingfors,
621 236 48 26 Åbo
684 241 41 21 och
739 241 67 27 några
820 242 68 22 andra
903 242 23 22 af
939 243 27 21 de
976 244 56 20 stör-

201 276 24 16 re
240 270 101 21 städerna
355 270 8 20 i
379 269 81 21 landet.
488 269 74 26 Enligt
576 269 50 21 herr
640 269 96 27 Nyboms
752 269 39 21 och
807 270 69 26 öfriga
886 272 144 20 reservanters

201 298 80 26 förslag
296 298 69 20 skulle
382 297 82 21 således
479 297 8 20 i
502 297 156 21 statskontoret
672 297 118 21 förvaltade
804 298 140 27 besparingar
954 298 76 22 endast

202 326 86 21 komma
306 326 26 20 de
351 326 71 20 större
440 325 100 20 städerna
558 325 33 20 till
609 325 63 26 godo,
688 330 48 15 men
751 325 47 21 icke
813 326 37 20 det
864 328 60 19 stora
938 326 93 22 flertalet

202 354 23 21 af
238 354 156 20 kommunerna
408 353 8 20 i
430 352 79 26 landet,
524 352 73 21 hvilka
611 353 8 20 i
634 353 117 20 allmänhet
764 353 47 21 icke
825 353 69 22 förstå
908 354 32 26 sig
954 354 28 27 på
997 355 33 20 att

202 384 95 24 upptaga
311 382 35 20 lån
363 380 13 21 &
391 380 113 21 utfärdade
520 380 148 26 obligationer.

272 409 69 21 Sedan
361 408 149 21 diskussionen
528 408 90 21 härmed
635 408 115 21 förklarats
767 409 99 26 afslutad,
886 410 70 21 beslöt
970 410 59 21 stån-

202 437 37 21 det
253 437 48 20 med
317 436 156 26 öfvervägande
488 436 109 26 pluralitet
612 435 115 27 godkänna
741 436 42 21 den
797 437 7 20 i
814 437 146 21 betänkandet
970 437 59 26 ingå-

202 465 54 21 ende
271 464 168 26 bestämningen,
456 465 32 19 att
503 469 96 15 summan
615 463 24 21 af
651 464 170 26 insättningarna
828 465 29 26 på
866 471 26 15 en
900 465 129 27 sparbanks-

202 493 44 21 bok
260 493 47 20 icke
321 492 57 26 finge
394 491 115 26 öfverstiga
525 492 63 25 1,000
602 491 68 21 mark.

270 520 138 21 Beträffande
420 519 36 21 det
466 519 7 20 i
484 519 116 21 utskottets
611 519 135 21 betänkande
757 521 95 20 uttalade
860 521 168 26 önskningsmål,

202 550 39 24 att,
252 548 45 21 ifall
309 549 26 20 de
346 549 7 19 i
362 548 42 20 den
412 547 112 21 tillernade
532 547 136 26 sparbanken
675 547 80 21 insatta
761 548 83 21 medlen
853 548 84 21 komme
948 550 32 19 att
990 549 39 20 sti-

202 583 27 20 ga
247 577 33 20 till
297 576 110 27 betydliga
425 575 84 26 belopp,
528 575 70 26 någon
614 575 35 20 del
664 575 61 21 deraf
735 575 71 21 kunde
820 576 86 21 utlånas
921 577 32 20 till
967 576 61 21 kom-

201 611 75 14 muner
290 604 33 21 för
339 603 156 26 befrämjandet
509 603 23 20 af
545 603 163 26 allmännyttiga
721 603 104 26 ändamål,
840 603 124 22 framstälde
978 604 52 21 herr

201 633 122 20 talmannen
338 631 34 22 till
387 631 97 20 ståndets
498 631 132 20 besvarande
644 631 94 26 följande
746 632 282 27 omröstningsproposition:

269 659 40 26 De,
322 659 71 21 hvilka
411 659 71 20 såsom
496 657 206 27 kontraproposition
721 658 33 21 till
771 658 108 22 utskottets
899 659 129 22 betänkande

202 687 65 22 önska
286 689 77 24 antaga
381 687 49 20 herr
449 685 93 28 Nyboms
560 686 9 20 i
587 686 54 20 hans
656 685 138 22 betänkandet
807 687 112 26 vidfogade
933 694 95 14 reserva-

202 716 44 21 tion
266 715 93 21 uttalade
380 714 86 27 förslag,
490 715 30 20 att
541 714 166 27 ifrågavarande
725 714 159 27 önskningsmål
903 715 19 26 ej
935 715 54 21 skall
1004 716 24 25 af

202 744 115 21 ständerna
331 742 85 26 uttalas,
431 743 57 20 rösta
498 742 36 26 ja;
551 742 32 25 de,
598 742 34 20 det
647 741 44 22 icke
706 742 71 26 önska,
792 744 57 19 rösta
864 743 44 26 nej;

269 771 74 21 vinner
358 770 40 27 nej,
414 769 92 22 kommer
521 770 33 20 det
569 770 24 25 af
608 769 50 21 herr
678 769 110 22 Wasenius
802 771 115 25 förordade
926 771 102 26 förslaget

202 801 30 20 att
246 799 119 26 uppställus
380 799 70 20 såsom
466 797 206 27 kontraproposition
686 798 32 20 till
732 798 108 21 utskottets
856 799 133 20 betänkande.

291 827 12 21 å
325 827 71 21 denna
417 826 133 27 proposition
571 826 129 21 besvarades
722 827 49 20 med
791 827 28 21 29
839 827 23 26 ja
884 827 40 21 och
943 827 26 21 18
984 827 42 26 nej,

202 856 54 20 hade
274 855 86 21 ståndet
379 854 89 21 sålunda
487 854 87 20 beslutit
590 855 32 19 att
636 854 51 20 herr
701 854 94 26 Nyboms
811 855 131 21 reservation
957 855 69 21 skulle

201 883 116 27 uppställas
340 882 70 21 såsom
432 882 212 26 kontraproposition
667 884 57 18 emot
742 882 116 21 utskottets
880 882 146 26 betänkande;

202 912 50 21 derå
266 911 50 21 herr
331 910 123 21 talmannen
469 910 124 26 ytterligare
608 910 123 20 framstälde
746 910 92 26 följande
852 911 144 26 proposition:

271 938 40 26 De,
322 944 46 15 som
378 937 80 27 jemväl
473 937 33 21 uti
520 944 30 14 nu
564 937 165 26 ifrågavarande
744 938 96 25 afseende
851 938 115 27 obetingadt
974 938 52 27 god-

202 967 70 21 känna
287 966 109 21 utskottets
412 965 136 25 betänkande,
564 966 58 20 rösta
634 966 36 26 ja;

269 995 74 20 vinner
357 994 41 26 nej,
414 994 39 20 har
467 994 84 20 ståndet
565 993 85 26 förenat
667 993 33 27 sig
718 999 33 15 om
768 993 49 21 herr
834 993 94 27 Nyboms
945 994 31 21 till
993 996 34 19 ut-

202 1022 204 23 skottsbetänkandet
420 1022 75 26 fogade
509 1022 134 20 reservation.

269 1052 76 20 Denna
367 1050 132 27 proposition
521 1050 131 20 besvarades
673 1049 48 21 med
743 1050 153 26 öfvervägande
918 1050 44 27 nej;
986 1050 40 21 och

201 1080 55 20 hade
268 1079 86 21 ståndet
365 1078 63 21 alltså
442 1078 94 26 beslutit,
552 1079 34 19 att
600 1078 116 20 ständerna
729 1078 8 20 i
751 1078 32 20 sin
798 1078 145 27 underdåniga
957 1084 69 15 svars-

201 1108 110 21 skrifvelse
329 1106 12 21 å
361 1106 41 21 den
420 1106 78 26 nådiga
512 1106 162 26 propositionen
688 1105 47 21 icke
750 1106 67 21 skulle
832 1106 70 21 såsom
918 1108 30 20 ett
963 1106 64 21 önsk-

200 1136 105 26 ningsmål
324 1135 70 20 uttala
408 1136 33 19 att
456 1134 70 26 någon
542 1134 34 20 del
592 1134 22 20 af
628 1134 26 20 de
669 1134 8 20 i
692 1134 41 20 den
747 1134 113 21 tillernade
875 1134 151 27 postsparban-

200 1164 42 21 ken
256 1164 80 20 insatta
351 1162 69 21 medel
434 1162 73 20 kunde
519 1162 85 21 utlånas
619 1162 23 20 åt
656 1162 125 21 kommuner
796 1163 33 21 till
839 1162 155 27 befrämjandet
1004 1162 23 21 af

201 1191 161 27 allmännyttiga
377 1190 89 26 företag.

267 1275 123 25 Föredrogs
404 1275 156 26 prokuratorns
576 1275 7 19 i
598 1274 113 26 kejserliga
726 1276 87 19 senaten
827 1275 34 20 för
876 1275 90 21 Finland
977 1275 48 20 från

200 1304 83 21 senaste
301 1303 87 27 plenum
407 1303 119 26 bordlagda
544 1302 116 21 berättelse
676 1308 34 15 om
724 1302 161 26 lagskipningen
900 1303 40 21 och
955 1303 72 26 lagar-

199 1338 38 14 nas
258 1330 166 22 handhafvande
446 1331 7 20 i
475 1330 80 26 landet,
578 1330 88 21 hvilken
683 1330 119 26 berättelse,
821 1331 66 25 enligt
904 1331 56 20 hvad
975 1331 50 21 herr

199 1360 122 21 talmannen
337 1359 105 26 upplyste,
455 1358 23 22 af
490 1358 236 22 talmanskonferensen
741 1360 80 19 ansetts
836 1358 54 22 böra
903 1359 124 21 remitteras

199 1388 32 21 till
245 1387 150 26 lagutskottet.

266 1415 83 21 Härvid
364 1415 104 26 begärdes
483 1415 61 21 ordet
560 1414 23 22 af

266 1444 50 20 herr
339 1443 121 25 Kivekäs,
480 1449 46 15 som
547 1443 97 27 yttrade:
666 1442 32 21 På
716 1448 79 15 samma
809 1442 56 27 gång
877 1442 37 27 jag
928 1443 49 21 fullt
992 1448 36 16 er-

198 1472 81 21 känner
297 1471 77 21 värdet
388 1471 24 21 af
424 1471 27 21 de
465 1471 131 21 intressanta
610 1470 170 22 rättshistoriska
795 1471 40 21 och
849 1470 180 22 rättsstatistiska.

199 1500 86 25 studier,
301 1499 74 21 hvilka
393 1501 78 25 utgöra
485 1500 41 20 den
542 1499 156 26 öfvervägande
713 1499 61 21 delen
789 1499 22 21 af
825 1499 41 21 den
880 1499 147 27 föreliggande

199 1528 140 22 berättelsens
361 1527 101 26 innehåll,
477 1527 44 21 kan
541 1527 39 27 jag
598 1526 56 22 dock
671 1526 47 22 icke
737 1526 111 22 underlåta
866 1529 32 19 att
911 1527 115 21 framhålla

198 1563 26 17 en
239 1556 110 26 betänklig
364 1556 54 21 brist
437 1556 2 21 i
455 1556 130 22 densamma.
610 1555 76 21 Redan
701 1561 25 15 en
741 1555 51 27 ytlig
806 1555 131 27 granskning
952 1556 23 21 af
988 1555 39 21 he-
