1100 1736
219 116 35 36 424
485 120 93 24 Borgarest.
590 122 45 19 1885.
658 121 18 20 12
688 122 51 19 Mars.

400 228 116 28 Torsdagen
532 228 38 23 den
586 228 22 24 12
624 229 56 23 Mars
695 229 25 23 kl.
736 229 14 23 6
765 234 18 18 e.
799 235 24 17 m.

268 282 41 23 Vid
330 284 120 21 verkstälät
471 291 83 20 upprop
575 285 105 21 befunnos
701 286 94 26 följande
813 286 215 23 stänäsmedlemmar

199 311 148 26 fränvarande,
363 312 105 27 nemligen
483 313 49 20 herr
546 313 100 26 Nybom
662 313 23 21 af
697 313 58 21 förut
769 314 121 21 antecknad
898 315 70 26 orsak,
977 316 50 21 herr

200 340 135 25 Rosenius,
347 346 46 15 som
408 340 33 21 till
455 340 52 27 följd
522 340 23 21 af
558 341 181 26 sjukdomsförfall
753 347 38 15 var
800 342 126 22 förhindrad
937 345 32 20 att
982 344 45 21 till-

200 368 163 26 städeskomma,
374 370 56 19 samt
437 368 49 21 herr
495 368 131 27 Sanmark,
635 375 47 14 som
690 369 54 21 dock
759 370 133 21 omedelbart
907 371 55 21 efter
972 377 54 21 upp-

200 397 62 26 ropet
275 395 74 22 infann
364 396 38 26 sig.

269 480 115 27 Upplästes
406 481 40 20 och
464 480 124 27 godkändes
607 481 66 26 nägra
688 481 77 26 utdrag
779 481 46 21 frän
841 481 97 22 ständets
952 484 73 25 proto-

199 509 45 20 koll
259 508 34 21 för
306 510 86 19 senaste
407 508 163 21 sammanträde.

268 597 120 26 Föredrogs
411 596 40 22 och
473 598 59 20 lades
551 598 33 20 till
602 598 154 26 handlingarna
774 598 104 22 särskilda
896 599 129 27 protokolls-

200 626 87 26 utdrag:

270 654 33 20 1:o
317 653 48 21 från
380 653 148 27 ridderskapet
543 653 41 21 och
598 653 64 21 adeln
676 654 49 20 med
739 654 167 21 underrättelse:

268 682 33 20 att
315 680 86 22 ståndet
415 681 88 21 beslutit
518 681 36 21 det
568 681 108 21 allmänna
691 681 203 22 besvärsutskottets
905 682 119 22 betänkan-

192 710 41 25 de,
249 709 48 21 med
315 709 115 26 anledning
448 709 23 21 af
484 710 32 20 ett
529 709 33 21 till
577 709 158 26 presteständet
748 710 117 21 inlemnadt
879 710 145 27 petitionsför-

200 738 46 26 slag
263 736 109 28 angäende
391 737 151 27 normallyceet
560 737 8 21 i
582 737 138 26 Tavastehus,
735 737 47 21 icke
796 738 70 21 skulle
879 738 49 22 frän
942 739 83 21 ridder-

200 766 86 26 skapets
301 765 40 21 och
357 765 73 21 adelns
444 765 47 21 sida
505 765 33 21 till
552 765 71 27 nägon
638 765 76 26 ätgärd
728 765 120 27 föranleda;

268 795 32 19 att
318 793 96 21 ständets
431 793 85 21 valmän
534 793 34 21 till
582 793 69 27 tredje
666 793 112 27 suppleant
791 794 8 20 i
813 794 211 26 bevillningsutskot-

199 823 32 20 tet
245 823 68 19 utsett
326 821 50 21 herr
386 821 111 25 Norrmen,
508 821 32 26 A.,
548 822 56 20 samt
618 821 34 21 till
665 821 94 21 ledamot
772 822 8 20 i
794 821 166 23 bankutskottet
970 822 54 22 efter

200 850 50 20 herr
264 849 96 27 Pipping,
371 849 98 26 Fredrik,
481 855 45 14 som
541 849 127 20 äterlemnat
683 850 72 26 polett,
767 850 139 26 suppleanten
920 850 8 20 i
942 856 82 15 samma

198 877 85 21 utskott
297 877 49 21 herr
360 883 42 14 von
417 875 121 27 Frenckell,
553 877 105 25 Theodor,
674 879 54 19 samt
742 877 33 21 till
789 878 113 26 suppleant
919 878 8 21 i
945 878 79 21 dennes

199 905 62 21 ställe
275 905 49 21 herr
339 904 90 27 Schildt,
444 905 52 21 Karl
510 905 97 27 Hjalmar
624 905 92 25 Fabian;

268 934 33 20 2:0
317 933 47 27 från
379 933 156 26 presteständet
549 933 49 21 med
612 933 166 22 underrättelse:

268 963 32 19 att
322 961 86 21 ståndet
429 961 33 21 till
484 961 42 21 alla
545 961 59 21 delar
619 961 95 26 godkänt
732 962 32 20 1:0
779 961 107 22 allmänna
901 962 123 21 besvärsut-

200 989 91 21 skottets
305 989 136 21 betänkande
448 989 40 21 N:o
496 989 14 21 2
518 989 48 21 med
577 989 115 26 anledning
706 989 23 21 af
742 991 31 19 ett
783 989 33 22 till
825 989 157 27 presteständet
992 991 34 20 in-

199 1017 95 22 lemnadt
315 1017 180 27 petitionsförslag
512 1017 111 27 angäende
636 1017 151 27 normallyceet
801 1018 8 22 i
824 1017 142 27 Tavastehus;
988 1019 35 21 2:0

199 1045 152 27 lagutskottets
365 1045 136 21 betänkande
515 1045 41 22 N:o
569 1046 10 20 1
591 1045 7 21 i
613 1045 114 26 anledning
741 1045 24 21 af
777 1045 59 22 Hans
847 1046 119 27 Kejserliga
976 1046 52 21 Ma--

197 1074 77 27 jestäts
289 1073 78 27 nådiga
381 1073 132 27 proposition
528 1073 111 27 angående
654 1073 93 27 eftergift
760 1074 8 20 i
782 1074 156 26 värnepligtens
948 1074 80 27 fullgö--

200 1102 66 21 rande
280 1101 33 22 för
327 1101 71 22 finska
412 1101 146 26 medborgare,
574 1101 73 22 hvilka
661 1102 81 21 inträdt
756 1102 7 21 i
777 1102 50 27 rysk
842 1102 130 27 krigstjenst.

268 1197 120 26 Föredrogs
403 1197 40 20 och
457 1196 114 21 bordlades
586 1197 33 20 till
634 1199 62 18 nästa
709 1197 94 26 plenum:

269 1225 33 21 1:0
324 1224 216 21 ekonomiutskottets
562 1224 80 27 förslag
660 1225 33 20 till
711 1225 203 26 sammanjemkning
929 1225 23 21 af
965 1225 62 21 stän-

200 1254 52 21 dens
267 1253 66 21 delvis
348 1252 122 27 skiljaktiga
485 1253 71 21 beslut
570 1253 36 20 vid
621 1253 156 26 behandlingen
787 1253 22 21 af
820 1253 117 21 utskottets
948 1253 79 20 betän-

200 1281 70 22 kande
283 1281 42 21 N:o
336 1281 11 21 1
363 1281 8 20 i
386 1281 115 26 anledning
515 1281 23 20 af
551 1281 59 21 Hans
625 1280 119 27 Kejserliga
758 1280 110 27 Majestäts
882 1281 78 26 nådiga
974 1286 50 21 pro-

200 1310 93 27 position
311 1308 110 27 angäende
439 1309 77 21 förbud
531 1310 46 20 mot
591 1309 114 26 hingstföls
719 1309 141 26 utsläppande
874 1309 13 20 &
901 1314 123 21 gemensam

201 1337 130 26 betesmark
322 1333 13 35 ;

269 1366 34 21 2:0
318 1365 218 21 ekonomiutskottets
551 1365 136 21 betänkande
702 1365 39 21 N:o
757 1365 14 21 2
785 1365 8 21 i
807 1365 115 26 anledning
931 1365 23 22 af
963 1365 62 21 Hans

201 1393 118 28 Kejserliga
337 1393 112 27 Majestäts
470 1393 78 26 nädiga
566 1393 133 27 proposition
718 1393 33 21 till
764 1393 101 21 Finlands
880 1393 92 26 ständer,
989 1399 35 15 om

201 1421 110 22 införande
327 1421 23 21 af
361 1421 100 21 metriskt
475 1421 54 21 mått
544 1421 40 21 och
599 1421 51 26 vigt,
664 1423 54 20 samt
733 1421 109 26 angående
856 1421 105 21 särskilda
974 1423 56 19 rän-

201 1452 45 20 tors
260 1449 40 21 och
315 1449 161 27 skattebelopps
491 1449 129 27 erläggande
634 1449 55 21 efter
703 1448 66 22 sädan
783 1448 54 22 mätt
852 1448 40 22 och
907 1449 51 26 vigt.
