1098 1728
224 121 42 32 294
492 127 93 22 Borgafest.
597 125 44 20 1885.
665 126 18 19 13
694 126 45 20 Febr.

206 195 127 27 spekterade
350 195 28 20 de
394 194 154 27 värnepligtiga
563 193 152 28 bataljonerha.
733 193 293 29 Enligt:
824 189 49 37 hvad
883 193 143 29 :tidninganna

206 224 66 21 visste
287 223 128 22 omförmäla
430 223 49 21 hade
496 223 66 20 dessa
577 222 75 21 herrar
667 222 49 22 icke:
727 224 32 19 att
773 218 66 36 gifva:
844 226 65 19 annat
926 225 27 20 än
970 224 55 26 goda

205 252 83 21 vitsord
298 252 88 21 om-den
402 251 155 27 värnepligtiga
571 251 119 26 ungdomen
699 251 51 21 och'
759 251 70 22 kunde
838 252 52 21 :icke
904 259 43 20 nog
956 253 69 21 starkt

207 280 83 21 loforda
303 281 52 20 dess
373 279 131 27 uppförande
520 279 38 21 och
578 279 185 27 soldatduglighet.
793 279 50 22 Man
858 281 68 21 måste
941 281 83 22 således

206 309 100 26 antingen
322 307 94 27 antaga,
426 310 31 19 att.
472 309 64 20 dessa
548 307 169 22 mönsterherrar
730 307 48 22 icke
788 308 95 21 förstodo
894 311 31 19 att
935 309 90 22 bedöma

206 337 72 21 saken.
294 337 54 21 eller
362 337 78 20 att.de
460 338 42 19 mot
514 332 84 36 bättre.
603 336 167 26 vetende-gåfvo
786 337 147 26 bataljonerna
947 338 76 26 loford,

206 370 48 16 som
270 366 33 20 de:
318 365 20 27 ej
358 364 126 27 förtjenade.
518 364 49 21 Men
586 369 35 15 om.
633 364 101 26 verkliga
754 365 207 21 'mönsterherrar
935 360 30 36 är
976 372 48 15 man

206 394 34 20 väl
256 394 46 21 icke
318 393 122 26 berättigad
455 394 32 20 att
502 392 51 27 hysa
569 398 25 15 en
611 392 64 22 sådan
691 392 157 28 förutsättning.
873 394 47 21 Den
936 394 87 22 slutsats

206 422 70 21 måste
288 422 75 21 derför
378 421 84 26 dragas,
478 423 32 18 att
524 421 60 20 detta
599 421 25 20 sä
638 420 83 21 kallade
737 421 85 21 slödder
836 423 25 19 är
876 424 31 19 ett
921 416 47 37 godt
977 423 46 21 :sol+

207 450 97 21 datämne
316 450 55 21 eller
381 449 39 21 och
430 451 32 19 att
472 449 32 26 de,
516 455 45 15 som
570 449 98 26 frivilligt
677 449 79 20 anmält
763 449 40 26 sig,
814 449 45 22 icke
868 451 55 20 varit
930 451 93 21 slödder.

206 478 48 21 Vid:
265 478 75 21 sådant
355 477 133 22 förhållande
504 483 50 15 vore
569 477 37 22 det
619 477 45 26 illa,
680 479 31 19 att
725 477 46 22 icke
791 477 42 22 låta
852 478 54 25 dem,
926 485 45 15 som
986 479 37 24 fris

206 507 68 26 villigt
289 506 82 21 anmält
386 506 38 26 sig,
439 506 7 21 i
461 505 90 22 främsta
565 508 92 19 rummet
671 506 60 21 träda
745 506 7 21 i
765 506 71 25 tjenst,
847 506 40 21 och
899 507 122 26 derigenom

206 535 68 22 befria
286 542 27 14 en
330 537 47 19 stor
388 534 76 27 mängd
480 534 279 27 värnepligtige-ynglingar
773 534 46 21 från
830 536 32 19 att
873 537 44 19 mot
929 536 31 20 sin
973 536 50 27 vilja

207 563 38 22 och
261 564 48 21 med
326 563 160 21 åsidosättande
501 562 69 21 af.sin
585 562 135 21 verksamhet
735 563 38 24 och
786 563 45 20 sina
847 563 68 26 öfriga
926 564 96 21 medbor-

206 592 82 27 gerliga
302 592 80 27 pligter
396 592 82 25 tvingas
494 591 21 20 in
529 591 7 21 i
552 591 135 21 kasernerna.
709 591 166 21 Vidkommande
891 592 40 21 den
946 592 76 22 foster-

207 621 89 21 ländska
311 621 63 25 anda,
390 625 44 16 som
451 619 68 22 skulle
535 620 27 21 bo
577 620 6 20 i.
600 619 62 21 dessä
677 619 106 27 kaserner,
799 620 60 21 torde
874 620 59 21 tiden
947 621 34 21 för
995 627 27 15 en

206 649 68 21 sådan
284 649 139 27 uppfattning
438 654 86 15 numera
539 654 52 15 vara
606 647 61 22 förbi.
700 647 40 22 Vid
760 648 37 21 sitt
815 648 110 22 införande
937 649 84 27 omgafs

206 677 277 27 värnepligtsinstitutionen.
502 677 126 25 visserligen
649 677 45 19 med
714 683 25 14 en
759 677 105 21 storartad
879 677 143 22 fosterländsk

206 706 77 26 gloria;
299 706 132 21 kasernerna
444 704 68 22 skulle
528 704 67 21 blifva
610 704 26 21 de
651 704 60 21 bästa
721 704 252 27 uppfostringsanstalter
988 706 33 21 för

205 734 48 21 vårt
268 734 61 21 lands
344 733 100 27 ungdom.
469 733 41 27 Jäg
525 735 46 19 tror
586 733 54 21 dock
655 734 35 20 att
701 739 47 15 man
763 734 64 20 sedän
842 734 50 20 dess
903 734 41 21 fått
955 734 66 22 skåda

206 764 41 20 den
261 763 70 21 nakna
348 761 151 27 verkligheten,
515 761 40 21 och
569 761 76 25 funnit,
661 763 31 19 att
706 761 160 22 förhällandena
880 762 89 22 faktiskt
985 767 36 23 ge-

206 791 74 21 staltat
294 791 34 27 sig
343 790 45 21 helt
402 790 138 21 annorlunda.
691 802 34 7 8
765 804 16 5 äg
808 806 1 3 %

272 820 57 20 Herr:
348 818 124 23 Neovius:
494 818 42 22 Det
555 824 62 22 synes
636 818 47 26 mig:
698 818 68 21 säsom
783 818 57 22 såväl
856 819 6 21 i
877 819 144 27 petitionsme-

205 848 104 25 morialet,
328 853 46 15 som
394 846 60 22 äfven
475 847 71 21 under:
560 847 43 21 den
619 853 27 14 nu
661 846 150 27 försiggångna
825 847 155 26 diskussionen,
995 854 26 15 en

205 876 213 26 sammanblandning:
433 877 39 25 egt
484 881 53 20 rum,
553 875 24 21 af
588 875 129 27 rättigheten
731 877 33 19 att
779 876 38 20 vid
831 876 190 27 uppbådstillfället

206 905 89 21 anmäla:
308 905 33 26 sig
360 904 151 21 företrädesvis
530 904 68 20 önska
617 904 134 20 inträde'vid
770 904 25 21 de
814 904 76 21 aktiva:
900 907 120 25 trupperna,

206 934 47 20 med
272 932 78 28 sjelfva
367 932 261 26 volontär-institutionen,
647 932 64 21 sådan
731 932 39 21 den
792 932 146 22 förekommer.
955 934 6 20 i
983 933 38 21 vär

206 961 173 27 värnepligtslag.
409 961 42 21 Det
466 962 24 20 är:
504 960 55 22 dock
575 960 23 21 af
612 960 106 27 synnerlig
728 960 62 27 vigt,
803 963 31 19 att
849 963 52 25 göra
915 962 106 21 åtskilnad

206 991 90 21 emellan
312 990 64 21 dessa
391 991 72 19 tvänne
478 989 62 21 olika
555 989 138 26 stadganden.
721 989 42 21 Det
775 988 70 22 första
859 990 162 26 stadgandet
996 984 28 36 är

205 1019 99 26 högligen
328 1018 99 26 -skadligt.
443 1018 33 20 för
493 1017 284 27 -värnepligtsinstitutionen,
799 1018 35 20 det
856 1019 66 20 andra
945 1020 25 19 är
984 1018 37 21 för

205 1047 123 22 densamma
343 1046 136 26 nödvändigt.
502 1045 259 27 Volontär-institutionen
775 1041 88 36 grundar
869 1047 46 26 :sig
926 1047 27 26 pä
963 1047 57 21 stad»

204 1076 97 27 gandena
316 1075 7 21 i
338 1075 205 26 värnepligtslagens
553 1070 11 37 :
562 1074 39 24 XV.
620 1074 85 27 kapitel;
724 1074 88 21 hvarest:
823 1075 23 21 ät
861 1081 25 14 en
902 1075 57 26 hvar,
975 1081 45 16 som

206 1105 76 20 önskar
297 1104 85 21 inträda
396 1103 7 21 i
422 1103 157 27 värnepligtiga:
593 1103 112 25 militären,
720 1103 27 26 pä
761 1107 80 17 samma
856 1103 68 22 vilkor
934 1110 44 15 som
989 1104 31 21 öf-

205 1133 45 26 rige
268 1131 160 28 värnepligtige,
442 1131 125 27 medgifves
585 1133 44 19 rätt
646 1133 31 19 att
695 1131 71 21 såsom
779 1132 96 21 volontär.
888 1132 84 21 anmäla
987 1133 33 26 sig

204 1161 36 22 vid
255 1160 152 27 bataljonerna.
437 1160 95 21 Emedan
548 1160 69 21 denna
632 1159 120 28 anmälning
766 1160 43 21 :kån:
829 1160 129 22 ske:-under:
968 1161 52 21 hvils

205 1190 40 21 ken
260 1190 32 21 tid
307 1189 23 21 af
344 1189 46 21 året
405 1195 45 15 som
466 1189 62 25 helst,
544 1189 40 21 och
599 1188 46 21 icke
663 1188 75 21 endast
757 1188 110 27 vid:fylda
882 1189 26 22 21
919 1189 36 26 :år,
969 1191 51 20 utan

206 1218 57 22 såväl
279 1218 45 21 före
340 1223 44 15 som
401 1217 54 22 efter
470 1217 100 27 uppnådd
586 1217 196 26 värnepligtsålder,
797 1217 45 21 står
857 1217 36 22 för
905 1218 53 26 dem,
971 1224 49 15 som

205 1247 63 21 hafva
282 1247 42 26 håg
340 1245 38 22 och
394 1246 43 21 lust
450 1245 34 22 för
500 1245 36 22 det
552 1245 93 21 militära
659 1245 73 27 yrket;
741 1241 120 36 isynaerhet
876 1246 32 21 för
923 1247 27 20 de
968 1247 52 20 min-

205 1276 37 21 dre
258 1275 132 26 bemedlade,
405 1274 71 21 hvilka
491 1274 47 21 icke
557 1275 72 20 kunnå
643 1273 83 22 inträda.
741 1274 68 21 säsom
825 1273 106 28 frivilliga,
947 1275 74 21 tillfäl-

204 1305 31 20 let
256 1305 64 26 öppet
338 1305 35 19 :att
395 1303 69 20 såsom:
482 1303 125 21 volontärer
618 1302 88 21 inträda
724 1302 83 21 :hvilken
823 1303 41 20 .tid:
883 1303 136 27 de..behaga.

204 1333 80 21 Dervid:
300 1333 24 20 är
339 1331 109 21 dessutom
464 1331 108 21 militären
587 1331 94 27 skyddad
698 1330 34 22 för
745 1331 99 26 odugliga:
863 1326 96 36 element,
966 1326 54 36 i:det

204 1363 32 20 att
250 1360 164 22 kommendören
431 1366 51 20 eger
496 1359 66 22 frihet
577 1361 31 19 att
623 1355 83 35 antaga.
713 1355 77 35 dessa:
795 1365 102 21 personer
910 1355 49 35 eller
972 1360 48 21 till

205 1389 101 22 bakavisa
317 1388 66 28 dem,
403 1394 34 15 om
452 1388 71 21 :deras
542 1387 129 27 föregående
689 1387 27 21 lif
732 1388 80 21 lemnar
830 1388 128 27 tillräckliga
972 1388 47 22 skäl

205 1418 77 22 derför:
308 1416 72 22 'Afven
399 1416 83 27 åtnjuta
500 1416 28 21 de
546 1416 110 21 förmånen
674 1417 32 21 att
723 1412 54 37 efter
789 1412 97 37 uttjenad
901 1416 120 28 värnepligt

204 1446 24 22 få
240 1445 88 29 gvarstä
342 1445 34 21 vid
392 1445 121 27 bataljonen
531 1444 31 27 pä
581 1444 80 27 vilkor,
675 1450 49 16 som:
739 1445 86 26 stadgas
843 1445 7 21 i
866 1444 155 23 ofvannämnda

204 1475 86 27 kapitel.
320 1474 168 21 Vidkommande
500 1473 57 23 åter
574 1473 37 21 det
628 1474 66 20 andra
706 1474 118 20 :sättet'att
846 1474 56 20 med
912 1473 109 23 företräde

205 1504 89 21 framför
308 1503 67 21 andra
389 1502 63 21 vinna
467 1502 84 21 inträde
567 1502 35 20 vid
618 1502 105 21 :militären
738 1502 32 20 vid
781 1501 77 29 sjelfva
870 1502 96 27 uppbäds
977 1502 43 22 till-

204 1532 67 26 fället,
290 1531 20 21 sä
328 1532 22 20 är
364 1531 60 21 detta
438 1537 26 15 en
480 1530 110 27 rättighet;
605 1536 45 15 som
665 1530 68 22 måste
746 1536 61 15 anses
819 1530 70 27 pä-ett
903 1531 122 27 betänkligt
