1100 1695
220 114 42 30 506
490 116 94 22 Borgarest.
594 115 45 19 1885.
662 115 21 18 23
696 115 49 18 Mars.

202 185 94 27 straffiag
310 185 34 21 för
360 183 202 22 storfurstendömet
578 183 96 26 Finland,
691 184 33 20 2:0
740 183 125 27 förordning
881 191 35 14 om
926 185 102 21 verkstäl-

201 214 67 27 lighet
289 213 23 21 af
331 212 65 22 straff
416 213 55 20 samt
489 212 41 25 3:o,
549 211 125 26 förordning
692 217 34 15 om
744 212 110 21 införande
870 213 24 20 af
906 213 122 27 strafflagen

202 243 39 20 och
256 242 56 21 hvad
327 241 7 21 i
350 241 100 20 afseende
466 240 51 21 derå
532 240 54 21 skall
601 240 107 25 iaktagas;

270 271 32 20 att
324 269 172 21 statsutskottets
519 268 135 21 betänkande
676 268 40 20 N:o
738 268 15 21 4
770 268 7 21 i
795 269 115 26 anledning
930 269 22 21 af
969 270 59 21 Hans

201 298 118 27 Kejserliga
341 297 113 26 Majestäts
472 296 78 26 nädiga
569 296 137 26 proposition,
727 296 108 26 angäende
853 297 117 21 förändrad
989 298 39 20 och

201 326 54 21 efter
270 325 99 22 metriskt
384 324 54 21 mätt
453 324 99 26 afpassad
568 324 149 26 undervisning
731 324 34 21 för
780 324 152 27 skatterubeln,
944 325 84 22 oförän-

201 354 64 21 dradt
279 354 24 21 af
315 353 87 21 ständet
416 352 116 27 godkänts;

270 384 32 19 att
323 381 87 21 ständet
431 380 95 27 godkänt
544 380 107 21 allmänna
669 380 204 22 besvärsutskottets
892 381 136 21 betänkande

200 410 40 21 N:o
260 411 19 24 5,
299 410 49 20 med
367 409 114 25 anledning
496 408 23 20 af
533 410 31 18 ett
579 409 58 19 inom
652 408 175 25 borgareständet
842 409 118 21 inlemnadt
974 410 54 25 peti-

200 438 136 25 tionsförslag
355 436 111 26 angäende
485 435 157 27 öfverflyttning
660 435 23 21 af
700 436 52 26 gods
767 436 7 20 i
790 435 31 22 S:t
835 436 131 27 Petersburg
980 437 47 21 frän

192 465 64 26 finsk
271 466 32 21 till
317 465 52 26 rysk
382 465 98 26 jernväg;

270 495 31 20 att
323 493 61 21 Hans
407 492 118 27 Kejserliga
548 492 111 26 Majestäts
681 491 78 27 nädiga
780 493 133 26 proposition
932 493 40 21 N:o
992 494 34 25 37,

200 522 49 21 med
268 521 124 22 alternativt
410 521 78 25 förslag
507 520 32 21 till
558 520 80 26 lydelse
656 519 33 21 för
708 520 105 21 särskilda
830 521 124 26 paragrafer
969 522 7 20 i
992 522 36 21 det

201 551 114 20 ständerna
341 549 110 26 förelagda
472 548 102 26 förslaget
596 548 33 20 till
651 548 98 27 skogslag
771 548 33 21 för
825 549 202 22 storfurstendömet

200 578 91 21 Finland
306 577 131 22 remitterats
452 577 33 20 till
499 577 45 25 lag-
560 576 40 21 och
616 576 212 27 ekonomiutskottet;

269 614 32 19 att
322 611 87 21 ständet
431 610 95 27 godkänt
544 610 108 21 allmänna
670 609 202 22 besvärsutskottets
891 611 135 22 betänkande

200 641 40 20 N:o
260 641 18 25 7,
297 639 49 21 med
365 639 114 25 anledning
498 638 23 21 af
534 640 32 19 ett
584 638 57 21 inom
660 638 146 27 ridderskapet
825 639 40 20 och
885 639 62 22 adeln
962 640 64 21 väckt

200 667 181 28 petitionsförslag
404 673 34 14 om
461 667 120 20 ordnandet
603 666 23 21 af
638 666 177 27 undervisningen
830 667 7 20 i
855 668 121 25 gymnastik
991 668 35 21 vid

200 697 83 20 landets
298 695 110 26 läroverk;

268 731 32 19 att
315 729 86 21 ståndet
418 728 95 26 godkänt
528 728 152 26 lagutskottets
695 728 135 21 betänkande
845 729 41 21 N:o
901 730 20 25 3,
936 730 8 20 i
954 731 72 20 anled-

200 758 52 26 ning
267 757 22 21 af
302 758 60 20 Hans
378 757 118 26 Kejserliga
511 757 111 26 Majestäts
636 756 78 26 nådiga
728 757 131 26 proposition
870 758 109 26 angående
990 760 36 19 än-

201 787 62 25 dring
277 785 24 21 af
313 785 41 21 och
370 785 74 26 tillägg
457 785 33 20 till
505 785 105 20 särskilda
624 785 131 26 stadganden
769 785 8 20 i
792 786 200 27 värnepligtslagen;

270 821 31 20 att
316 819 88 26 ståndet
417 819 33 20 till
465 819 136 26 suppleanter
616 819 7 20 i
638 819 106 20 allmänna
759 819 191 22 besvärsutskottet
958 822 67 19 utsett

200 848 176 27 kyrkoherdarne
391 847 113 20 Österblad
520 847 40 20 och
574 847 98 26 Nyholm.

270 882 33 20 3:0
318 881 47 21 från
380 880 157 21 bondeståndet
551 880 49 21 med
615 880 163 22 underrättelse:

270 917 31 19 att
323 914 86 22 ståndet
430 914 35 21 vid
480 914 150 26 föredragning
649 914 23 20 af
688 914 43 26 lag-
750 915 39 21 och
808 915 216 22 ekonomiutskottets

201 944 135 21 betänkande
354 943 40 20 N:o
412 944 18 23 1,
445 943 7 20 i
468 942 114 26 anledning
598 942 22 21 af
635 942 58 21 Hans
708 943 117 27 Kejserliga
840 944 111 26 Majestäts
966 944 60 21 nådi-

201 978 27 20 ga
246 971 133 28 proposition
397 971 40 21 N:o
457 971 19 25 9,
496 970 110 27 angående
620 970 66 26 några
701 971 104 21 särskilda
819 972 47 26 slag
881 972 23 21 af
917 973 109 26 egostyck-

200 1001 52 25 ning
270 1000 39 20 och
325 999 181 27 jordafsöndring,
525 1000 87 20 stannat
631 999 36 21 vid
684 998 93 28 följande
792 1000 80 20 beslut:
888 1000 24 27 $$
930 1002 10 19 1
957 1001 39 20 och
1012 1002 13 20 2

201 1030 89 24 antogos
309 1028 152 25 oförändrade;
481 1027 11 27 $
509 1028 13 20 3
538 1027 124 29 godkändes
677 1027 47 21 med
739 1028 41 20 den
795 1028 96 26 ändring,
907 1030 33 19 att
954 1029 23 21 af
989 1035 37 20 pa-

201 1056 109 27 ragrafens
325 1056 70 21 skilda
409 1057 95 19 moment
518 1055 69 21 skulle
602 1055 69 21 bildas
686 1057 77 20 tvänne
777 1056 132 26 paragrafer;
927 1056 47 22 från
990 1057 12 27 &
1014 1058 12 20 4

201 1085 67 21 borde
289 1084 66 21 orden
377 1084 134 21 *kuitenkin*
534 1084 40 20 och
586 1083 76 21 *dock*
674 1083 28 27 pä
716 1084 43 21 6:te
769 1084 65 21 raden
845 1084 52 27 utgä
911 1085 39 21 och
965 1091 61 21 para-

201 1113 74 27 grafen
293 1113 7 20 i
319 1112 65 26 öfrigt
402 1112 96 26 undergä
516 1112 67 20 sädan
602 1112 177 26 omformulering,
795 1119 45 14 som
856 1114 24 19 är
895 1119 26 15 en
937 1114 53 26 följd
1005 1113 23 21 af

201 1141 95 21 ständets
318 1140 72 21 beslut
412 1140 135 21 beträffande
569 1140 13 21 3
602 1140 18 27 $;
644 1140 11 26 S
674 1140 14 21 5
706 1140 107 22 äfvensom
832 1141 135 27 inledningen
986 1142 39 20 och

201 1169 187 22 slutresolutionen
410 1170 55 19 samt
490 1168 102 21 rubriken
614 1168 123 27 godkändes
759 1168 150 27 oförändrade;
935 1172 32 18 att
993 1172 33 18 ut-

202 1198 80 21 skottet
304 1197 112 21 anmodats
438 1198 33 20 att
492 1197 8 21 i
522 1196 105 27 spräkligt
652 1196 120 26 hänseende
797 1198 111 20 omarbeta
930 1198 36 21 det
987 1197 39 22 fin-

201 1226 39 21 ska
261 1225 245 27 författningsförslaget,
532 1225 82 21 hvilket
640 1224 90 22 derefter
752 1225 67 21 skulle
840 1226 108 21 meddelas
970 1226 56 21 stän-

202 1254 36 21 det
259 1254 7 20 i
288 1254 100 20 afseende
413 1254 13 19 å
450 1253 138 26 granskning,
617 1253 39 20 och
683 1253 68 21 skulle
775 1254 117 21 utskottets
912 1254 114 27 uppmärk-

202 1282 81 21 samhet
307 1281 102 21 särskildt
434 1281 67 21 fästas
523 1281 73 27 derpä,
624 1283 32 18 att
675 1282 72 21 .orden
773 1281 143 22 *lohkomisen
939 1282 86 21 kautta*

201 1311 27 26 pä
244 1311 12 20 6
271 1310 40 21 och
327 1311 11 20 7
355 1309 92 22 raderna
461 1310 7 20 i
485 1311 11 20 1
512 1309 12 27 &
540 1309 68 21 borde
622 1309 86 26 utbytas
723 1312 45 19 mot
779 1310 60 21 ordet
850 1310 176 26 *lohkomisella*,

202 1338 61 22 ordet
281 1338 148 21 *ainoastaan*
448 1338 99 26 tilläggas
565 1338 79 21 mellan
660 1337 65 22 orden
741 1338 137 21 *mainitaan*
895 1339 39 20 och
950 1339 76 21 *siinä*

201 1367 28 27 pä
247 1367 13 20 5
277 1367 67 20 raden
363 1366 7 21 i
388 1367 14 20 2
421 1366 19 27 8,
460 1366 66 21 orden
546 1366 138 21 *tämmöisen
699 1366 144 21 eroittamisen
859 1367 99 21 suhteen*
971 1367 28 26 pä
1014 1367 12 21 7

202 1395 40 21 och
260 1395 13 20 8
292 1395 92 20 raderna
402 1395 7 20 i
428 1400 80 15 samma
524 1394 101 27 paragraf
638 1395 68 20 rättas
720 1394 33 21 till
769 1395 156 21 *tämmöisessä
940 1396 87 20 eroitta-

201 1423 105 25 misessa*,
325 1423 63 20 ordet
406 1422 119 21 *säätävät*
545 1422 28 27 pä
588 1423 53 20 sista
656 1422 64 21 raden
736 1422 23 21 af
772 1422 11 27 &
799 1423 12 20 2
826 1423 33 20 till
876 1423 102 26 *säätää*,
994 1429 33 15 or-

202 1452 36 21 det
256 1451 128 21 *eroitetun*
403 1451 27 26 pä
446 1451 13 21 5
478 1451 40 20 och
537 1451 13 20 6
570 1451 91 20 raderna
679 1450 6 21 i
704 1451 12 20 3
732 1450 11 27 $
759 1451 31 21 till
806 1451 144 21 *lohkaistun*
966 1451 62 22 ordet

202 1479 147 22 *maattaalin*
372 1479 28 26 pä
422 1479 12 21 8
457 1479 67 20 raden
542 1479 7 20 i
569 1478 11 27 &
596 1479 14 20 4
624 1479 34 20 till
678 1479 143 26 *mantaalin*,
837 1479 109 21 äfvensom
962 1480 65 21 orden

202 1507 140 22 *viimestäin*
374 1507 39 21 och
429 1507 75 21 *osan*
519 1507 7 20 i
542 1507 14 21 5
563 1503 12 34 $
598 1507 34 20 till
648 1507 152 21 *viimeistään*
817 1507 40 21 och
872 1508 101 25 *tiedon*;
