1098 1731
218 173 36 18 326
475 172 90 23 Borgarest.
578 172 44 20 1885,
645 172 76 19 12.Febr.

198 247 61 21 detta
280 247 74 21 beslut
375 247 6 20 i
405 246 156 27 öfvervägande
583 246 36 21 vid
635 246 179 25 formuleringen
819 247 25 20 af
851 247 43 36 Na
926 247 59 48 ji
987 247 37 21 för

198 275 128 26 försäljning
341 275 25 21 af
380 275 179 26 stämpelpapper.

267 303 56 21 Herr
335 303 135 32 Eneberg:
486 302 45 21 Allt
547 303 65 20 sedan
625 291 39 37 jag
679 302 70 26 börjat
763 287 120 46 tjenstgöra
898 303 16 21 i
920 303 103 22 Finlands

198 331 63 25 bank,
278 332 38 20 har
330 331 40 26 jag
385 330 34 21 för
434 331 73 26 hvarje
523 331 42 26 dag
583 337 46 14 mer
647 330 41 21 och
705 336 45 15 mer
764 331 136 21 varseblifvit
914 331 110 22 den:obil-

198 343 69 46 lighet
282 359 38 21 och
336 359 112 25 orättvisa,
464 364 45 16 som
526 359 69 26 ligger
615 359 52 25 deri,
683 360 32 19 att
733 358 84 25 affärer,
833 365 46 15 som
895 362 106 24 uppgöras
1017 361 6 20 i

198 387 103 22 Finlands
317 387 64 25 bank,
398 388 37 19 äro
450 387 160 20 underkastade
625 386 161 27 stämpelafgift,
795 387 27 20 då
839 382 95 36 deremot
947 388 77 21 de:en-

200 415 71 22 skilda
293 415 110 21 bankerna
422 414 47 21 från
489 414 67 21 sädan
571 414 119 26 bevillning
703 416 36 19 äro
755 415 103 21 befriade.
888 415 85 21 Det-är
987 421 37 16 na-

199 443 82 27 turligt,
297 445 31 19 att
343 445 34 18 ett
390 443 77 20 sådant
482 442 135 21 förhållande
633 442 54 21 skall
703 444 52 24 göra
772 439 170 42 konkurrensen:
954 439 68 42 ojemn

199 471 39 21 och
254 472 32 20 till
302 477 26 16 en
344 471 45 21 viss
404 471 52 26 grad.
473 471 88 20 eludera
577 471 155 26 verkningarna
747 471 23 20 af
783 471 103 21 Finlands
898 471 126 22 banks:vän-

199 501 93 19 tesatser
307 499 40 22 och
364 499 82 20 kurser.
472 499 42 20 Det
530 499 39 20 har
583 498 66 21 ocksä
663 498 46 21 icke
725 499 68 20 sällan
804 499 67 21 händt
881 502 32 19 att
923 506 25 15 en
959 500 64 27 kund,

200 533 45 15 som
268 527 91 22 kommit
381 527 33 20 till
429 527 103 21 Finlands
555 527 56 20 bank
634 526 33 21 för
689 528 32 19 att
741 528 53 25 göra
809 533 26 14 en
855 527 59 26 affär,
929 517 94 32 derifr&n

199 555 113 22 ätervändt
327 555 26 24 af
365 555 118 26 förargelse
497 555 62 21 öfver
575 555 37 20 det
630 555 77 20 honom
722 555 7 20 i
745 555 58 20 detta
822 544 126 32 ständernas
963 556 61 21 insti-

198 585 35 20 tut
247 584 77 26 älagda
339 589 61 15 onus.
431 583 64 20 Detta
512 589 53 15 onus
579 585 29 18 är
620 583 33 20 väl
670 583 45 20 icke
731 583 24 20 sä
769 583 75 21 alltför
858 585 64 24 stort;
940 584 36 21 det
991 585 33 20 ut-

200 613 39 25 gör
254 612 28 23 50
297 611 64 28 penni
384 611 33 21 för
440 611 72 26 hvarje
531 611 141 21 diskonterad
685 607 57 36 eller
748 611 97 21 :försäld
865 612 67 25 vexel,
951 612 73 26 hvarje

200 640 140 27 hypotekslän
358 640 39 20 och
413 639 174 25 kassa-kreditiv,.
614 645 48 15 men
684 639 26 20 dä
728 639 82 21 antalet
826 639 26 21 af
869 640 63 21 dessa
949 646 76 20 -opera-

200 669 70 20 tioner
285 667 91 28 uppgätt
391 668 68 20 under
473 667 25 21 är
510 667 56 23 1884
581 667 33 21 till
627 667 82 26 11,479,
725 667 24 21 sä
764 669 119 19 motsvarar
897 668 59 21 detta
971 669 54 20 dock

200 703 25 15 en
243 703 81 14 summa
339 695 24 21 af
377 696 63 25 5,739
455 696 61 21 mark
531 695 30 22 50
575 695 70 27 penni.
664 691 12 35 :
675 695 114 21 Dessutom
808 695 39 21 har
866 696 91 21 betalats
972 697 14 20 i:
994 697 32 20 ett

200 725 33 21 för
249 725 39 20 allt
302 725 49 20 frän
367 724 40 21 den
425 725 10 20 1
451 724 44 21 Juli
513 724 56 21 1883
584 723 33 21 till
640 719 73 37 samma
729 724 44 25 dag
794 723 56 22 1884
867 724 34 21 för
920 724 105 27 :hypotise-

201 753 51 20 rade
269 753 69 21 aktier
355 752 62 26 1,814
432 752 60 21 mark
508 752 29 21 20
552 752 70 26 penni,
638 751 33 22 för
687 751 79 26 policer
785 752 41 21 144
841 752 69 26 mark,
923 752 34 21 för
972 753 53 22 obli-

200 781 97 26 gationer
313 781 43 21 115
371 780 60 21 mark
446 781 29 21 30
489 781 64 26 penni
577 782 56 19 samt
655 779 34 22 för
708 779 200 22 konnoissementer
923 781 102 21 78:matk

199 809 30 26 50
248 809 69 26 penni,
341 809 84 22 säledes
448 809 143 22 tillsammans
614 809 63 24 2,152
700 808 66 21 mark.
803 808 125 27 Hopslagna
949 810 77 25 utgöra

200 837 63 21 dessa
279 843 96 18 summor
390 837 61 25 7,891
469 837 61 20 mark
545 837 29 21 50
584 836 64 27 penni
663 836 53 21 eller
731 835 33 22 för
777 836 59 26 jemn
852 837 100 26 räknings
968 837 56 21 skull

200 865 65 26 8,000
273 865 67 24 mark,
352 865 27 21 dä
387 865 126 26 ytterligare
522 865 133 21 förekomma
666 864 103 22 särskildä
784 865 65 25 bevis,
865 871 45 14 som
921 865 104 21 karteras.

200 893 44 22 Det
258 895 24 19 är
297 893 33 21 för
347 893 171 27 hypotiseringen
542 893 24 20 af
590 893 69 20 aktier
682 898 44 16 som
749 893 70 20 denna
834 893 154 26 stämpelafgift
1002 895 24 19 är

200 922 135 27 synnerligen
352 921 141 26 betungande.
532 921 72 21 Också
619 921 34 20 för
668 921 79 25 vexlar;
766 926 46 15 som
829 921 67 21 hafva.
904 921 51 21 kort
964 921 62 23 -ter-

201 950 88 22 stående
305 949 76 27 löptid,
396 951 24 19 är
435 949 40 21 den
492 949 103 22 kännbar.
627 949 70 22 Detta
712 949 23 21 af
748 949 43 26 mig
806 949 113 21 anmärkta:
933 949 94 21 missför-

200 978 99 21 hållande
321 978 72 22 kunde
416 977 137 26 naturligtvis
576 977 107 26 utjemnas
705 977 27 26 :pä
750 977 36 21 två
804 979 49 24 sätt,
876 978 100 25 antingen
988 977 38 22 sä-

202 1007 71 25 lunda,
289 1008 32 19 att
336 1005 26 22 de
378 1006 97 21 enskilda
495 1005 110 22 bankerna
627 1005 69 22 skulle
717 1005 98 26 äläggas:
828 1011 25 15 en
876 1006 149 21 motsvarande

201 1034 215 27 stämpelbevillning,
433 1034 54 21 eller
510 1034 92 21 sälunda
624 1035 32 19 att
673 1033 102 21 Finlands
790 1033 56 21 bank
859 1034 72 21 skulle
946 1033 79 22 befriäs

201 1063 55 20 ifrån
273 1063 70 20 denna
359 1062 33 21 för
407 1062 80 21 hennes
503 1062 84 21 kunder
601 1061 121 26 besvärliga
737 1061 123 26 bevillning.
886 1062 48 21 Men
950 1062 28 21 då
991 1061 33 22 för

200 1091 133 21 närvarande
350 1091 68 26 nägon
438 1091 126 26 ytterligare
583 1090 136 26 beskattning
739 1096 75 20 genom
834 1091 192 26 stämpelpappers-

200 1119 144 26 bevillningen
368 1119 46 20 icke
443 1121 25 18 är
497 1118 115 27 ifrågasatt
641 1118 39 21 och
697 1118 36 20 .dä
755 1118 41 21 den
812 1118 213 27 stämpelbevillning,

200 1147 103 22 Finlands
325 1146 58 22 bank
404 1149 25 19 är
451 1146 154 26 underkastad,
627 1146 47 21 icke
697 1148 24 19 är
743 1146 75 21 afsedd
837 1149 32 18 att
887 1152 51 15 vara
957 1147 69 26 nägon

201 1175 94 27 egentlig
321 1175 116 26 bevilining
459 1175 27 26 pä
509 1175 84 25 affärer,
617 1177 50 18 utan
686 1181 57 14 mera
761 1175 94 26 grundar
871 1175 33 26 sig
917 1175 28 26 pä
959 1175 68 21 inled-

202 1205 76 25 ningen
294 1203 108 27 till
339 1199 10 36 $
360 1199 9 36 6
381 1199 21 36 af
409 1203 153 27 förordningen
579 1209 34 15 om
629 1203 183 27 stämpelpappers
828 1203 148 27 bevillningen,
994 1205 32 19 att

204 1232 107 27 pemligen
327 1232 98 21 enskilda
441 1236 115 22 personers
572 1238 81 20 papper
668 1231 39 21 och
723 1231 148 27 ansökningar,
895 1232 27 20 dä:
939 1232 31 21 de
987 1232 37 20 :in-

178 1280 2 2 .
202 1261 81 21 lemnas
298 1260 34 22 till
348 1260 142 26 embetsverk,
506 1260 54 21 böra
582 1266 51 14 vara
656 1259 100 21 försedda
777 1260 49 20 med
848 1260 177 26 stämpelpapper,

202 1290 40 20 och
257 1289 90 21 sälunda
363 1289 69 25 denna
447 1289 59 21 skatt
521 1288 134 27 uppkommit
670 1294 45 16 mer
728 1287 24 21 af
765 1288 102 22 Finlands
883 1288 67 21 banks
961 1290 67 19 natur

202 1317 24 23 af
239 1319 31 19 att
284 1323 52 17 vara
351 1323 27 15 en
393 1317 184 25 statsinstitution,
596 1318 27 19 än
642 1316 24 21 af
680 1316 69 26 någon
763 1316 64 26 slags:
837 1316 65 26 afsigt
916 1316 112 26 att:lägga

202 1346 116 26 bevillning
333 1345 29 27 pä
376 1344 83 26 affärer,
475 1345 25 21 sä
515 1344 72 22 skulle.
599 1345 38 26 jag
651 1344 36 22 för
701 1345 42 21 min
759 1344 34 21 del
810 1344 80 21 föreslå
904 1346 31 19 att
950 1344 78 22 de:en-

202 1374 71 21 skilda
288 1373 110 23 bankerna
413 1373 135 22 fortfarande
563 1372 67 22 måtte
645 1372 82 27 åtnjuta
745 1373 31 21 sin
794 1372 143 26 frihet;::men
953 1372 75 22 -.tillika

201 1402 121 25 hemställa,
338 1402 106 21 huruvida
459 1401 47 22 icke
522 1401 235 26 bevillningsutskottet
775 1400 55 22 ville
843 1403 52 25 taga
908 1402 8 20 i
931 1401 97 21 öfvervä-

201 1430 74 28 gande...
293 1432 33 23 att
344 1429 65 22 också
427 1430 103 22 Finlands
550 1429 56 22 bank
625 1429 70 21 kunde
714 1428 22 22 :få
750 1429 64 26 njuta
825 1435 81 15 sämma:
920 1428 107 22 befrielse.

189 1480 2 2 .
204 1454 71 28 Äfven
283 1452 58 28 förut
349 1457 68 22 finnes
432 1458 37 21 det
484 1458 7 21 i
502 1458 10 27 $
520 1458 14 21 4
544 1457 25 21 af
577 1457 451 27 stämpelpappersförordningen:anmärkt,

204 1489 35 23 att
251 1486 103 24 Finlands
368 1486 69 24 banks
453 1486 74 21 vexlar
543 1486 40 21 och
599 1486 136 26 anvisningar
756 1486 46 20 icke
825 1486 100 20 hänföras
943 1485 34 21 till
996 1474 33 32 sä-

203 1516 56 26 dana
274 1514 175 32 embetsverkens
465 1514 155 27 expeditioner,
635 1520 46 14 som
697 1513 97 22 utfärdas
809 1513 27 27 pä
851 1514 178 26 stämpelpapper.

190 1565 2 3 —
203 1539 115 28 Likaledes
331 1542 84 22 borde
407 1535 11 38 i
429 1542 70 23 denna
511 1541 138 27 förordnings
667 1542 14 21 6
697 1542 12 26 &
727 1541 132 27 förekomma
878 1548 26 19 en
914 1542 64 27 dylik
991 1548 38 15 an-

203 1571 112 27 märkning
335 1577 34 15 om
388 1572 32 20 att
442 1570 74 22 vexlar
538 1570 40 22 och
601 1570 142 26 skuldsedlar,
763 1566 267 26 kassakreditivekontrakt
