1098 1773
234 142 42 33 202
520 142 99 32 Borgarest.
630 142 44 32 1885.
682 154 1 2 :
698 147 8 19 3
719 146 46 20 Febr.

215 216 63 22 hafva
291 216 58 21 varit
364 215 118 21 motiverad
496 215 40 21 och
551 215 125 26 nödvändig;
692 215 38 21 har
744 221 88 16 numera
846 216 50 22 med
909 216 48 22 skäl
966 217 68 22 öfver-

215 245 83 26 klagats
309 244 73 21 såsom
394 243 73 26 obillig
477 243 39 22 och
527 243 33 21 för
571 243 171 22 folkskolesaken
753 243 49 28 sjelf
807 243 90 28 skadlig.
920 245 114 22 Städernas

215 273 87 27 utgifter
319 273 34 21 för
369 271 282 27 folkskoleundervisningen
663 271 40 22 och
716 271 34 22 för
764 272 67 21 andra
845 272 137 23 kommunala
996 273 36 22 be-

215 302 39 21 hof
266 303 37 20 äro
318 300 107 27 nemligen
439 300 7 21 i
461 300 115 21 allmänhet
590 300 66 21 redan
670 300 24 21 så
708 300 60 27 höga,
784 302 32 19 att
830 301 37 21 det
877 302 62 21 torde
948 301 85 22 förefin-

215 336 38 15 nas
267 330 49 27 föga
330 330 59 25 hopp
405 335 34 14 om
453 330 32 19 att
499 328 212 23 stadskommunerna
724 329 60 21 skola
798 329 131 22 allmännare
943 331 51 26 vilja
1003 331 30 20 el-

215 358 31 21 ler
260 358 72 21 kunna
345 357 58 22 förse
418 357 46 21 sina
476 357 229 22 folkskolelärare
665 353 39 36 och
719 357 117 22 lärarinnor
852 358 48 21 med
914 359 117 26 pensioner,

216 386 74 22 hvaraf
306 387 39 20 allt
364 385 79 27 följden
461 385 67 22 måste
543 385 66 21 blifva
627 385 47 26 den,
694 387 32 20 att
742 385 27 22 de
783 385 62 22 bästa.
859 386 97 22 lärarene
970 387 63 23 efter-

215 415 57 21 hand
286 415 87 27 placera
387 414 32 26 sig
433 413 27 27 på
473 413 81 26 landet,
568 414 39 21 der
622 414 62 21 deras
698 414 107 21 ålderdom
817 416 25 19 är
853 415 86 22 säkrare
949 415 83 27 betryg-

229 443 27 21 ad

215 449 13 21 s
283 471 134 22 Omnämnda
432 471 79 20 olikhet
525 471 7 20 i
547 471 134 20 förmänerna
695 471 40 20 blir
749 471 24 20 sä
787 471 83 26 mycket
885 478 57 15 mera
952 473 79 26 obillig,

216 507 45 14 som
278 499 153 27 författningen
453 499 46 21 icke
516 498 117 22 innehäller
651 505 37 15 ens
705 499 69 26 nägon
792 499 94 27 antydan
905 500 79 26 derom,
999 503 32 20 att

215 529 175 21 folkskolelärare
407 527 40 21 och
461 527 113 25 lärarinna,
593 533 46 15 som
657 527 70 27 flyttat
744 527 47 21 från
809 528 75 21 staden
903 528 33 21 till
952 529 78 25 landet,

215 559 73 25 skulle,
303 558 37 21 vid
355 556 244 27 pensionsberäkningen
613 561 58 16 mera
686 557 26 20 än
726 556 35 21 vid
776 556 131 21 erhällandet
922 557 23 20 af
958 557 26 21 de
997 558 8 20 i
1019 558 12 26 &

217 587 40 22 134
276 586 23 21 af
315 584 90 23 samma
415 584 124 27 författning
556 584 107 21 utfästade
681 584 200 27 löneförhöjningar,
896 585 22 20 fä
932 585 98 27 tillgodo-

215 615 67 21 räkna
304 615 33 26 sig
359 614 46 21 sina
422 613 102 27 tjensteär
541 613 7 20 i
567 613 54 26 stad,
641 613 88 22 oaktadt
746 613 61 21 deras
824 613 135 22 verksamhet
976 614 55 21 varit

216 645 121 20 densamma
352 642 28 27 pä
393 641 104 22 hvardera
511 644 68 18 orten.

283 672 10 21 I
310 671 156 26 författningen:
480 671 23 20 är
520 670 73 21 vidare
611 669 127 27 rättigheten
755 670 33 21 till
805 670 88 27 pension
912 671 117 26 medgifven

216 701 74 22 endast
307 698 253 23 folkskoleföreständare
579 698 40 21 och
636 698 199 26 föreständarinnor,
854 699 72 21 hvilka
943 705 86 20 genom-

216 729 46 27 gätt
275 727 246 26 folkskoleseminarium,
537 733 49 16 men
602 727 94 20 deremot
710 727 52 26 icke,
778 727 126 21 ätminstone
919 727 110 28 uttryckli-

216 764 46 21 gen,
277 757 79 22 sädane
370 756 69 21 lärare
454 755 39 22 och
507 755 125 26 lärarinnor,
647 755 71 21 hvilka
732 755 46 22 icke
788 755 69 22 tillika
866 755 78 22 förestä
954 756 74 22 skolan

215 787 51 21 eller
282 786 73 27 hvilka
373 784 86 22 afslutat
476 784 33 22 sin
526 784 53 21 kurs
597 784 35 21 vid
648 784 66 21 andra
727 784 185 26 läroinrättningar
926 786 28 20 än
968 785 61 21 semi-

216 815 88 21 narium.
334 814 68 21 Äfven
421 813 60 21 dessa
498 812 179 26 inskränkningar
694 818 61 21 synas
773 812 42 27 mig
833 819 50 15 vara
897 813 27 23 af
937 813 40 21 den
992 814 37 21 be-

217 844 117 25 skaffenhet
349 844 32 19 att
396 842 25 21 de
435 842 71 20 kunde
520 841 104 27 upphöra,
636 840 27 22 dä
672 841 72 21 ibland
753 841 83 21 landets
845 841 184 22 folkskolelärare-

216 872 98 27 persona]
331 870 131 23 förekomma
476 870 18 27 ej
509 870 22 21 fä
545 870 69 21 lärare
630 869 39 22 och
684 870 122 26 lärarinnor,
821 870 72 21 hvilka
907 870 122 27 genomgätt

218 900 148 23 motsvarande
387 899 51 22 eller
459 899 66 26 högre
546 898 122 21 lärokurser
686 900 26 19 än
731 898 26 21 de
774 898 33 21 för
825 899 135 21 seminarium
977 899 51 21 fast-
1046 919 2 2 .

218 930 74 25 stälda,
308 929 40 21 och
363 928 62 21 äfven
439 927 84 26 sädane,
539 933 46 16 som
600 927 46 21 icke
660 926 70 22 kunna
743 927 99 21 hänföras
851 927 67 22 under
928 927 100 22 rubriken

217 958 143 22 föreständare
376 957 49 21 eller
442 955 200 22 föreständarinnor.

283 987 31 20 På
328 985 70 28 grund
413 985 22 21 af
448 985 35 21 det
498 984 90 21 anförda
602 984 66 26 vågar
682 984 38 21 hos
733 984 105 27 vällofliga
849 984 180 27 Borgareständet

216 1015 154 22 vördsammast
381 1014 37 27 jag
433 1013 85 22 anhälla
533 1019 34 15 om
583 1013 92 26 välvillig
689 1013 126 20 medverkan
830 1013 79 21 derhän

386 1046 34 21 att
440 1044 90 23 landets
554 1043 102 24 Ständer
676 1043 68 24 måtte
767 1043 39 24 hos
827 1044 69 23 Hans
917 1044 112 29 Majestät

316 1079 119 29 Kejsaren
452 1078 41 24 och
512 1077 146 30 Storfursten
676 1078 8 23 i
695 1077 183 31 underdänighet
890 1078 92 24 anhålla
994 1085 35 17 om

317 1113 75 24 sädan
413 1112 71 31 nädig
502 1112 92 30 ätgärd,
613 1113 35 22 att
664 1112 103 30 samtlige
783 1111 187 30 folkskolelärare
988 1113 41 24 och

317 1147 142 29 lärarinnor,
481 1147 28 23 sä
530 1147 9 23 i
562 1147 53 23 stad
632 1153 46 17 som
692 1146 35 31 pä
744 1146 83 30 landet,
846 1145 76 26 hvilka
937 1154 92 23 genom-

314 1181 52 31 gätt
381 1181 259 29 folkskoleseminarium
658 1181 55 24 eller
724 1181 158 24 motsvarande
894 1181 55 24 eller
960 1181 69 30 högre

316 1216 108 23 lärokurs
441 1216 9 23 i
467 1216 77 23 andra
560 1215 296 30 undervisningsanstalter,
874 1215 70 30 blefve
956 1216 73 23 tiller-

317 1250 75 24 kände
415 1249 90 24 sådana
518 1249 238 31 pensionsförmäner,
777 1257 47 16 som
845 1250 35 23 uti
899 1251 49 22 135
966 1250 19 31 $
1003 1249 30 29 af

317 1284 86 30 nädiga
418 1284 169 30 förordningen
604 1283 117 30 angäende
737 1284 185 29 organisationen
934 1284 29 29 af
969 1284 60 29 folk-

317 1319 170 24 skoleväsendet
507 1319 45 23 den
576 1320 32 22 11
631 1318 55 29 Maj
708 1319 67 22 1866
796 1321 42 21 äro
858 1318 171 30 folkskoleföre-

316 1353 111 24 ständare
448 1353 41 24 och
510 1352 220 30 föreständarinnor
747 1352 35 31 pä
803 1353 78 24 landet
903 1353 125 30 medgifna,

315 1389 60 22 samt
397 1389 34 22 att
449 1387 192 29 folkskolelärare
662 1386 40 24 och
723 1387 135 23 lärarinnor
878 1387 65 30 finge,
966 1387 9 23 i
992 1386 37 30 af-

316 1422 82 24 seende
416 1421 15 24 å
447 1422 68 23 dessa
528 1421 230 31 pensionsförmäner
776 1421 94 24 likasom
887 1421 67 30 äfven
970 1421 10 24 i
992 1421 37 30 af-

316 1456 82 24 seende
416 1456 15 24 ä
447 1456 222 30 löneförhöjningar,
688 1455 99 24 beräkna
804 1456 35 30 sig
858 1456 34 24 till
908 1456 57 30 godo
983 1456 47 24 alla

316 1490 53 24 sina
387 1490 117 30 tjensteår,
522 1498 57 16 vare
594 1490 36 30 sig
642 1492 33 23 att
686 1490 114 24 desamma
812 1490 167 31 tillryggalagts
991 1490 39 24 vid

314 1524 156 31 folkskolorna
487 1525 10 23 i
513 1525 55 24 stad
585 1524 56 24 eller
654 1524 34 32 på
706 1524 83 24 landet.

282 1558 139 27 Helsingfors,
437 1558 40 22 den
493 1559 11 21 1
520 1558 104 22 Februari
641 1558 60 22 1885.

767 1586 55 22 Karl
836 1586 124 22 Fabritius.*
