1100 1745
218 116 43 31 548
488 120 94 22 Borgarest.
595 120 44 18 1885.
664 119 21 19 234
697 120 51 18 Mars.

267 190 34 22 Då
311 190 72 21 denna
393 189 133 27 proposition
541 189 127 21 besvarades
683 189 47 21 med
746 190 27 21 27
789 190 34 27 nej
840 191 41 21 och
891 192 30 20 20
928 192 30 26 ja,
976 192 55 20 hade

199 219 85 22 ståndet
302 218 85 21 således
405 218 32 21 för
457 218 32 21 sin
508 217 35 21 del
562 217 88 21 beslutit
669 219 31 19 att
718 218 7 20 i
745 219 188 22 svarsskrifvelsen
948 221 27 26 på
990 221 41 20 den

198 248 78 26 nådiga
290 247 163 27 propositionen
467 246 69 21 skulle
551 246 79 21 uttalas
645 251 27 15 en
686 246 134 28 underdånig
830 247 83 22 önskan
929 251 33 18 att
976 248 55 22 finsk

199 277 108 26 krigsman
322 277 54 19 utan
391 275 38 20 sitt
443 277 49 24 eget
507 274 110 27 samtycke
632 274 18 27 ej
666 274 66 21 måtte
751 275 8 20 i
778 275 177 28 tjensteuppdrag
969 277 61 21 beor-

199 305 50 21 dras
264 306 58 19 utom
337 303 74 21 landet
425 303 135 21 annorlunda
579 305 27 18 än
624 303 48 20 med
686 302 56 22 finsk
760 306 64 25 trupp
846 305 53 21 eller
921 305 109 22 kommen-

199 333 80 26 dering.

268 361 10 21 I
300 360 101 21 afseende
423 360 13 21 å
455 360 36 21 det
510 359 7 21 i
536 359 41 21 den
597 359 77 27 nådiga
692 361 160 26 propositionen
868 362 114 21 ständerna
997 362 33 21 till

199 389 120 22 kännedom
342 389 41 20 och
402 388 127 27 upplysning
547 388 124 21 meddelade
689 388 103 27 förslaget
814 389 33 21 till
870 396 27 20 ny
919 390 111 27 ordnings-

199 418 76 27 stagda
289 417 33 21 för
336 417 70 21 finska
421 417 106 21 militären
542 416 70 21 beslöt
626 417 84 20 ståndet
725 419 52 18 utan
793 417 121 22 diskussion
929 421 33 19 att
972 421 57 19 stän-

200 447 66 21 derna
283 446 8 21 i
309 446 38 21 sitt
366 445 147 26 underdåniga
531 451 50 14 svar
599 445 13 21 å
630 445 41 21 den
688 445 79 27 nådiga
784 447 162 26 propositionen
961 447 67 22 skulle

199 475 132 21 beträffande
351 474 60 21 detta
429 473 81 27 förslag
528 473 113 22 hemställa
659 476 32 19 att
709 473 118 22 detsamma
850 474 66 22 måtte
934 476 95 27 undergå

200 503 149 26 omarbetning
363 503 8 20 i
386 502 26 21 de
427 502 66 25 delar,
509 501 106 22 utskottet
629 502 7 21 i
651 502 38 21 sitt
703 502 137 22 betänkande
855 503 39 22 sid.
910 504 13 21 5
939 504 39 21 och
993 505 13 21 6
1021 505 7 20 i

199 532 77 21 sådant
291 531 101 21 afseende
406 530 123 21 framhållit.

269 617 120 26 Föredrogs
411 616 173 21 statsutskottets
607 616 134 21 betänkande
761 617 40 20 N:o
821 617 12 20 8
852 617 8 21 i
878 618 114 27 anledning
1007 618 23 21 af

199 646 60 21 Hans
277 645 121 27 Kejserliga
415 645 113 26 Majestäts
547 644 79 27 nådiga
643 645 132 26 proposition
793 645 111 26 angående
919 646 109 21 Simola—

201 674 175 21 Willmanstrand
391 673 210 27 jernvägsbyggnad;
621 673 40 21 och
679 673 84 27 yttrade
782 674 32 26 sig
836 674 76 21 härvid
935 675 93 27 följande

199 703 77 22 talare:

268 731 56 21 Herr
340 730 191 27 Schybergson:
548 730 74 21 Såsom
637 736 26 15 ur
677 730 57 21 såväl
750 731 135 26 regeringens
896 732 131 26 proposition

200 766 45 15 som
255 760 117 21 utskottets
384 758 136 21 betänkande
532 758 100 27 framgår,
643 760 24 19 är
678 758 285 23 Simola
775 754 10 37 —
797 758 158 23 Willmanstrand
970 760 57 27 jern-

200 788 151 27 vägsbyggnad
366 794 26 15 en
406 787 39 21 fait
461 787 110 27 accompli.
602 787 45 20 Här
661 787 91 21 äterstär
767 787 90 22 sälunda
866 788 110 27 ingenting
990 795 37 15 an-

200 819 37 19 nat
252 819 27 18 än
294 818 32 19 att
341 816 115 27 godkänna
470 815 118 22 utskottets
603 815 64 22 kläm.
690 815 50 22 Men
753 816 37 27 jag
804 816 43 21 kan
862 817 56 20 dock
929 817 18 27 ej
959 817 69 22 lemna

201 845 118 26 oanmärkt,
339 846 33 20 att
390 844 125 27 regeringen
533 844 7 21 i
559 844 70 21 denna
647 844 59 27 fräga
720 844 47 21 icke
782 845 75 21 endast
873 845 88 22 handlat
975 848 52 19 utan

201 875 32 20 att
251 874 52 20 höra
324 873 117 21 ständerna
459 874 52 19 utan
529 873 63 20 äfven
610 873 49 20 med
677 873 159 21 äsidosättande
859 873 23 21 af
902 874 125 21 ständernas

201 902 90 27 tidigare
313 901 126 21 uttalanden
461 901 6 21 i
490 900 71 22 denna
579 900 66 27 fräga,
665 900 21 22 af
702 901 73 21 hvilka
793 902 78 26 tydligt
889 902 92 27 framgär
996 904 31 20 att

202 931 115 21 ständerna
339 929 77 22 önskat
437 931 34 19 att
493 929 70 21 denna
583 929 90 27 jernväg
694 930 129 21 ätminstone
841 930 47 21 icke
910 931 116 21 tillsvidare

201 959 69 22 skulle
283 958 34 22 för
331 960 82 20 statens
428 958 93 27 räkning
536 958 87 27 byggas.
641 958 65 21 Detta
720 958 161 22 äsidosättande
895 958 23 22 af
931 960 96 21 ständer-

201 994 38 16 nas
253 987 126 22 uttalanden
394 987 39 21 har
447 987 65 21 väckt
527 993 26 15 en
569 987 24 20 sä
607 987 84 27 mycket
701 989 155 24 oangenämare
867 988 160 26 uppmärksam-

201 1017 43 26 het,
259 1023 46 15 som
320 1017 41 20 den
380 1015 112 22 inhemska
510 1015 131 27 regeringen,
661 1016 65 26 enligt
745 1016 56 21 hvad
819 1022 50 15 man
888 1016 39 21 har
945 1017 31 26 sig
991 1017 35 21 be-

200 1045 61 26 kant,
278 1045 65 21 fattat
357 1044 94 21 beslutet
465 1044 117 27 'enhälligt.
612 1043 71 28 Några
704 1044 83 21 mindre
809 1045 134 26 divergenser
964 1045 64 22 hafva

200 1074 36 21 väl
249 1075 66 26 yppat
329 1073 39 26 sig,
384 1079 48 15 men
451 1073 8 20 i
476 1072 122 22 hufvudsak
616 1073 39 20 har
673 1079 49 15 man
737 1073 47 21 icke
798 1073 57 21 varit
870 1073 23 22 af
906 1073 122 28 skiljaktiga

201 1103 84 26 äsigter.
319 1101 51 22 Man
385 1101 55 22 hade
455 1101 56 21 dock
525 1101 84 21 kunnat
623 1101 80 27 hoppas
718 1104 33 19 att
765 1102 66 21 sedan
845 1102 6 21 i
863 1102 123 27 regeringen
996 1103 32 21 in-

200 1131 59 21 trädt
273 1132 55 24 män,
345 1136 46 15 som
406 1130 87 21 räknats
509 1130 33 21 till
557 1130 26 21 de
600 1130 88 21 främsta
702 1130 58 21 inom
775 1131 203 26 representationen,
994 1131 33 21 sä-

201 1160 52 21 dant
267 1159 47 21 icke
329 1159 71 21 skulle
414 1158 93 22 inträfta.
529 1159 44 20 Det
587 1159 55 20 hade
657 1158 71 21 derför
743 1159 54 21 varit
813 1159 94 26 önskligt
922 1161 32 20 att
964 1161 63 20 stats-

200 1188 107 21 utskottet
321 1193 46 16 mer
382 1189 27 19 än
424 1193 45 15 som
485 1187 59 21 skett
559 1187 68 21 skulle
642 1187 87 21 betonat
748 1188 36 21 det
801 1187 201 22 inkonstitutionela
1020 1189 8 21 i

200 1217 42 21 den
257 1216 111 21 inhemska
382 1216 137 27 regeringens
533 1215 123 22 förfarande
670 1216 7 21 i
692 1216 69 21 denna
775 1216 66 27 fräga.
872 1216 33 21 Dä
916 1217 37 26 jag
964 1217 64 22 emel-

200 1245 64 22 lertid
277 1245 127 21 förutsätter
418 1246 33 19 att
466 1244 162 22 statsutskottet
642 1245 8 20 i
665 1246 64 19 annat
744 1245 154 26 sammanhang
908 1245 54 22 skall
972 1246 55 21 äter-

200 1273 86 22 komma
300 1273 34 22 till
349 1273 71 21 denna
434 1273 67 26 fråga,
517 1273 37 21 vill
566 1273 39 27 jag
619 1273 19 27 ej
656 1273 53 27 yrka
726 1273 29 27 pä
773 1273 157 22 betänkandets
949 1274 79 21 äterre-

200 1303 51 21 miss
266 1303 7 20 i
288 1302 37 21 det
339 1301 24 21 af
379 1302 43 26 mig
436 1301 129 21 framhällna
580 1301 71 27 syftet,
667 1301 51 21 utan
733 1301 85 21 förenar
832 1302 45 26 mig
891 1309 35 14 om
941 1305 87 19 statsut-

199 1330 92 22 skottets
305 1330 142 22 betänkande.

269 1359 56 21 Herr
340 1358 103 22 Heikel:
459 1358 35 22 Dä
509 1358 42 22 den
566 1360 85 20 senaste
665 1359 84 21 talaren
763 1359 78 21 uttalat
857 1360 32 20 att
900 1360 65 26 enligt
974 1360 53 21 hans

200 1388 55 26 äsigt
273 1387 161 22 statsutskottet
448 1387 8 21 i
471 1388 70 20 denna
556 1387 61 27 fråga
631 1386 82 28 afgifvit
723 1388 32 20 ett
764 1387 71 21 alltför
845 1388 63 21 mildt
918 1388 110 21 utlåtande

200 1416 41 22 och
263 1416 71 22 dertill
357 1416 70 21 denna
445 1416 61 26 fräga
524 1416 77 21 vunnit
619 1422 25 15 en
663 1417 44 19 stor
719 1416 24 26 ja
757 1416 107 21 mähända
876 1416 152 27 jemförelsevis

199 1444 73 22 alltför
281 1447 46 20 stor
337 1444 96 28 offentlig
447 1444 197 28 uppmärksamhet,
660 1444 38 21 ber
710 1444 37 27 jag
762 1446 31 20 att
808 1445 33 21 för
851 1445 177 27 borgareständet

199 1473 22 22 fä
242 1473 79 28 afgifva
343 1479 27 16 en
392 1473 49 22 kort
463 1473 93 22 historik
574 1473 60 22 öfver
655 1473 47 21 dess
720 1473 122 28 utveckling
860 1474 66 21 sedan
944 1476 84 20 senaste

199 1503 108 26 landtdag.
339 1502 74 22 Sävidt
435 1502 24 21 af
479 1502 27 21 de
528 1502 134 27 handlingar,
685 1508 45 15 som
752 1502 69 21 blifvit
842 1503 186 22 statsutskottet
1017 1498 15 36 i

198 1531 75 27 frägan
288 1531 100 27 delgifna,
403 1531 100 26 framgär,
514 1531 40 21 har
564 1530 86 27 frägans
665 1530 80 22 skeden
759 1531 102 26 gestaltat
880 1531 31 27 sig
930 1537 44 16 som
989 1531 39 22 föl-
