1100 1709
203 108 34 18 518
470 107 94 24 Borgarest.
577 107 43 21 1885.
641 94 25 42 23
677 108 50 18 Mars.

178 177 79 23 idioter
274 176 48 22 från
340 176 52 22 hela
406 176 81 21 antalet
501 176 141 27 sinnessjuka,
658 182 50 16 vore
722 177 34 23 för
771 178 59 21 liten.
861 178 42 26 Jag
918 181 46 19 tror
978 180 33 21 för

177 206 44 24 min
236 205 35 22 del
286 207 33 19 att
335 205 45 22 han
394 204 47 22 haft
454 204 110 27 grundade
579 205 47 22 skäl
640 204 33 22 för
687 206 32 20 ett
732 206 79 22 sådant
825 204 133 30 antagande;
974 207 36 24 det

178 236 24 21 är
219 234 86 27 mycket
322 233 86 28 möjligt
426 235 32 19 att
473 233 114 28 åtskilliga,
602 233 82 23 kanske
698 236 31 19 ett
743 234 48 22 icke
806 235 24 21 så
845 235 89 22 alldeles
948 235 62 28 ringa

179 263 58 23 antal
256 262 78 22 idioter
353 262 48 21 icke
416 261 70 22 blifvit
503 262 146 21 inberäknade
665 262 65 21 under
746 263 103 22 rubriken
864 264 144 28 sinnessvaga.

178 291 61 21 Huru
257 292 28 20 än
304 290 91 22 härmed
412 290 35 21 må
467 290 92 22 förhålla
573 290 38 27 sig,
627 290 24 21 så
666 290 38 21 har
715 290 38 28 jag
768 291 55 21 dock
838 298 79 20 genom
932 293 27 21 de
973 294 36 21 lis-

177 321 41 25 tor,
234 325 46 17 som
294 319 83 22 funnits
392 319 33 21 till
440 318 74 26 hands,
530 318 83 22 kunnat
627 318 109 27 öfvertyga
751 320 43 26 mig
809 326 35 15 om
859 322 33 20 att
902 321 106 23 idioterna

177 348 8 20 i
203 348 116 22 allmänhet
338 347 71 22 blifvit
427 347 146 21 inberäknade
591 347 7 21 i
613 347 70 21 denna
697 353 88 17 summa.
816 348 74 23 Kändt
905 351 24 19 är
944 350 64 21 emel-

177 376 64 22 lertid
259 378 32 20 att
309 376 109 21 idioterna
436 376 98 26 vanligen
550 376 19 26 ej
585 376 54 21 höra
653 376 33 20 till
701 376 41 21 den
757 376 57 22 klass
829 378 24 20 af
865 378 142 27 sinnessjuka,

177 405 34 22 för
229 405 72 22 hvilka
319 405 28 21 de
366 404 109 26 anstalter,
496 404 89 21 hvarom
603 410 29 15 nu
647 406 24 18 är
685 404 65 27 fråga,
766 406 37 20 äro
819 406 116 22 inrättade.
965 407 41 27 Jag

178 434 49 21 ville
245 435 78 20 nämna
341 433 62 23 detta
421 433 47 21 icke
483 432 33 22 för
531 435 34 19 att
579 433 28 26 på
621 433 65 26 något
701 435 43 19 sätt
758 433 96 27 förringa
869 435 101 22 behofvet
986 435 23 22 af

176 463 51 24 våra
237 462 221 22 därvärdsanstalters
469 461 137 27 utvidgande,
623 467 48 16 men
685 461 56 23 blott
747 461 34 22 för
789 464 32 19 att
829 462 85 27 påpeka
922 465 32 19 att
964 464 41 21 den

177 491 64 26 siffra,
264 497 47 15 som
333 491 40 21 här
392 490 69 21 blifvit
480 490 133 26 framhållen,
632 490 48 21 icke
698 491 22 20 är
735 490 24 21 så
774 490 42 27 hög
831 491 7 21 i
853 491 153 27 verkligheten.

178 519 135 23 Beträffande
332 519 48 21 åter
398 518 75 27 sjelfva
491 518 164 27 hufvudfrågan,
674 519 105 26 nemligen
794 519 41 22 den
851 520 110 27 angående
976 523 32 19 ut-

175 549 108 26 vidgande
298 548 23 21 af
333 548 114 26 Fagernäs
459 547 86 26 anstalt,
561 547 24 21 så
600 547 39 21 har
651 547 37 26 jag
702 547 22 21 af
738 547 27 21 de
775 547 134 28 handlingar,
921 555 46 15 som
974 551 34 19 ut-

176 577 83 22 skottet
277 577 40 21 här
332 577 84 24 citerat,
435 575 71 22 funnit
525 577 32 20 att
576 575 70 22 denna
660 575 59 27 fråga
733 575 67 22 redan
815 577 23 21 af
851 577 157 28 medicinalsty-

178 607 70 22 relsen
266 605 69 22 blifvit
353 604 112 22 framstäld
480 604 32 21 till
527 604 132 27 regeringen,
675 610 46 16 men
737 606 33 19 att
784 606 127 26 regeringen
926 606 18 27 ej
961 606 46 21 fun-

178 635 33 22 nit
224 634 96 28 lämpligt
335 635 34 20 att
383 635 76 24 genast
473 633 71 21 lemna
559 633 38 21 sitt
613 632 59 21 bifall
686 633 77 21 dertill.
786 633 74 22 Under
875 634 80 21 sådana
965 635 42 21 för-

179 663 113 23 hållanden
314 662 110 22 förefaller
442 661 36 22 det
495 661 44 27 mig
559 667 46 16 som
623 667 34 15 om
677 661 38 21 här
733 662 120 27 egentligen
867 663 94 26 förelåge
976 665 32 19 ett

178 692 175 25 besvärsärende,
370 697 45 16 som
438 697 49 15 man
506 690 71 27 dragit
595 689 47 22 från
661 692 87 19 senaten
767 690 32 21 till
814 691 84 21 landets
914 692 92 25 ständer,

179 721 38 21 och
237 721 67 21 ehuru
317 721 38 26 jag
374 720 18 27 ej
411 720 37 21 vill
463 719 121 22 frånkänna
603 719 36 20 det
654 719 131 26 berättigade
800 719 7 21 i
822 719 73 27 saken,
913 720 44 21 kan
968 720 38 27 jag

180 749 55 22 dock
253 749 53 26 icke,
326 749 28 21 då
370 749 103 26 vigtigare
488 748 40 21 och
544 750 69 19 större
628 747 70 26 frågor
713 749 38 19 äro
767 747 12 21 å
793 748 62 25 bane,
871 755 51 14 anse
938 749 69 21 denna

179 778 60 27 fråga
254 778 23 21 af
289 778 42 21 den
347 777 51 26 vigt,
414 779 32 20 att
461 777 84 21 landets
561 776 87 21 ständer
663 776 65 21 borde
743 776 78 21 blanda
836 777 33 26 sig
884 777 51 21 deri.
965 777 41 27 Jag

179 807 124 26 godkänner
318 807 28 26 på
361 806 62 21 dessa
438 806 94 26 grunder
547 805 117 21 utskottets
679 805 141 21 betänkande.

249 835 55 22 Herr
319 835 106 21 Heikel:
448 834 11 22 I
473 834 68 22 likhet
557 833 48 22 med
621 835 30 20 ett
666 839 38 22 par
718 833 127 27 föregående
856 835 67 21 talare
934 834 72 22 anhål-

179 866 31 20 ler
229 865 38 27 jag
289 866 32 19 att
343 864 22 21 få
386 863 87 21 förorda
487 863 42 21 den
549 862 145 22 betänkandet
712 862 112 28 vidfogade
840 864 165 21 reservationen.

179 894 42 26 Jag
236 893 105 21 erkänner
357 892 55 21 dock
427 894 32 19 att
475 892 62 21 äfven
550 891 44 27 jag,
609 891 77 22 liksom
700 891 49 21 herr
763 891 102 27 Ignatius,
881 892 55 21 varit
946 892 60 22 tvek-

180 928 51 20 sam,
247 922 106 20 huruvida
368 921 37 21 det
420 927 51 15 vore
486 920 97 27 lämpligt
598 922 32 19 att
645 920 113 21 ständerna
772 926 29 15 nu
815 920 70 22 skulle
897 921 67 21 uttala
974 921 32 27 sig

180 952 6 20 i
206 951 69 21 denna
292 951 61 26 fråga
372 950 39 21 och
432 949 102 22 särskildt
549 949 106 21 huruvida
669 949 35 21 det
720 955 49 15 vore
784 949 47 22 skäl
845 952 33 19 att
893 950 113 21 ständerna

180 979 68 24 skulle
263 979 77 22 föreslå
356 985 26 15 en
397 978 148 22 modifikation
561 978 7 21 i
583 978 42 21 den
640 977 23 22 af
675 979 72 25 regent
763 978 40 21 och
817 979 87 20 ständer
913 979 93 21 faststäl-

181 1009 28 20 da
223 1009 77 26 planen
315 1008 34 21 för
365 1007 173 27 organisationen
553 1007 24 21 af
590 1006 238 23 dårvårdsanstalterna.
851 1007 41 26 Jag
907 1007 68 22 skulle
986 1007 19 27 ej

181 1037 67 22 heller
265 1037 57 21 velat
340 1036 67 24 inlåta
425 1036 43 26 mig
486 1035 28 27 på
533 1035 70 22 denna
622 1035 64 26 fråga,
706 1035 73 21 såvida
794 1035 18 27 ej
828 1036 103 26 styrelsen
947 1035 12 22 å
974 1036 32 21 sin

180 1065 46 22 sida
241 1065 66 22 redan
321 1065 57 27 gjort
394 1071 26 15 en
435 1064 84 27 mycket
535 1064 105 26 väsentlig
655 1063 45 26 och,
716 1070 45 15 som
778 1064 36 21 det
829 1070 62 21 synes
902 1065 49 26 mig,
960 1064 46 22 icke

180 1094 79 27 lycklig
274 1094 102 21 afvikelse
390 1093 47 21 från
453 1093 41 21 den
509 1099 27 15 en
551 1093 56 26 gång
623 1094 92 25 antagna
730 1093 83 26 planen.
844 1093 108 26 Styrelsen
967 1093 39 22 har

180 1123 106 26 nemligen
308 1122 89 21 beslutit
418 1123 80 20 inrätta
521 1128 26 15 en
570 1121 181 21 dårvårdsanstalt
769 1121 7 21 i
794 1121 111 26 Kexholm,
921 1122 85 21 hvarför

179 1151 207 26 kostnadsförslaget
400 1151 97 21 kommer
511 1152 33 19 att
559 1151 64 20 ställa
637 1150 32 26 sig
684 1149 83 27 mycket
783 1150 185 27 ofördelaktigare,
980 1152 26 20 än

181 1186 35 15 om
234 1180 103 27 styrelsen
356 1180 7 20 i
382 1180 71 21 stället
468 1179 55 21 hade
539 1179 98 26 utvidgat
651 1179 106 20 anstalten
772 1179 34 20 vid
821 1178 113 29 Fagernäs.
964 1179 42 22 En-

180 1209 39 26 ligt
241 1209 41 22 den
300 1208 85 28 uppgift
403 1208 107 21 utskottet
529 1208 81 22 lemnat
627 1207 95 21 kommer
741 1207 152 27 omändringen
911 1207 24 22 af
952 1208 54 22 Kex-

180 1237 69 22 holms
267 1237 94 27 fängelse
379 1239 32 19 att
425 1237 64 21 kosta
504 1237 47 20 icke
567 1235 82 23 mindre
665 1238 26 19 än
706 1237 92 25 200,000
812 1236 68 26 mark,
897 1237 40 21 och
952 1237 55 22 dock

181 1265 43 23 kan
242 1266 38 21 der
299 1267 18 26 ej
337 1266 90 21 beredas
441 1266 56 27 plats
513 1265 33 21 för
562 1271 45 16 mer
622 1267 28 18 än
667 1265 40 21 100
722 1265 51 21 eller
787 1265 67 26 några
869 1265 39 21 och
924 1265 84 21 hundra

182 1295 111 27 patienter.
323 1295 42 21 Vid
384 1295 107 20 anstalten
509 1294 12 21 å
537 1294 110 26 Fagernäs
664 1293 53 21 hade
732 1294 34 21 väl
781 1294 226 27 anläggningskostna-

181 1323 41 22 den
241 1324 50 21 stält
310 1324 33 26 sig
361 1323 89 26 ungefär
468 1323 44 21 lika
531 1323 44 26 hög
593 1329 38 20 per
646 1322 87 27 patient,
750 1322 27 21 då
792 1329 48 14 man
856 1322 105 22 beräknat
976 1324 32 20 att

181 1358 26 15 en
225 1352 127 27 utvidgning
370 1352 24 21 af
411 1352 107 21 anstalten
537 1351 30 26 så,
587 1353 32 19 att
634 1351 41 21 den
690 1351 71 21 kunde
776 1353 94 25 upptaga
884 1352 123 27 ytterligare

180 1381 43 22 200
237 1381 112 26 patienter,
365 1381 68 21 skulle
448 1380 73 21 kostat
536 1380 44 21 400
595 1380 13 21 å
623 1380 43 21 500
680 1382 61 18 tusen
756 1379 70 27 mark;
842 1386 49 15 men
901 1380 75 21 härvid
984 1382 24 19 är

180 1411 33 20 att
227 1410 80 25 märka,
323 1410 37 21 det
374 1409 246 22 underhållskostnaden
635 1409 34 20 för
683 1414 25 15 en
723 1408 56 22 skild
794 1409 192 26 sjukvårdsanstalt
1001 1409 7 20 i

180 1439 106 21 Kexholm
301 1439 42 21 blir
357 1438 106 27 betydligt
477 1437 67 27 högre
560 1439 27 21 än
602 1437 33 22 för
651 1443 26 16 en
691 1437 125 27 utvidgning
827 1437 12 21 å
851 1438 114 26 Fagernäs,
977 1437 30 27 ity

180 1470 33 20 att
227 1468 33 21 för
274 1468 42 21 den
330 1468 59 21 förra
404 1467 67 21 måste
487 1467 104 22 anställas
602 1466 56 21 skild
669 1466 78 26 läkare,
756 1466 117 27 syssloman
882 1466 39 22 och
929 1466 80 22 ekono-

179 1497 135 27 mipersonal,
333 1496 41 21 och
391 1496 56 21 skild
463 1495 101 22 ekonomi
579 1495 113 25 anordnas,
707 1495 77 21 medan
799 1496 40 20 allt
853 1496 59 20 detta
926 1495 82 21 kunnat

179 1526 105 21 undvikas
303 1525 36 21 vid
356 1525 115 26 Fagernäs,
488 1524 38 21 der
541 1524 43 22 alla
599 1523 222 27 ekonomibyggnader
836 1526 37 19 äro
889 1524 97 26 tilltagna
1001 1524 8 20 i
