<?xml version="1.0" encoding="UTF-8"?>
<alto xmlns="http://www.loc.gov/standards/alto/ns-v3#" xmlns:xlink="http://www.w3.org/1999/xlink" xmlns:xsi="http://www.w3.org/2001/XMLSchema-instance" xsi:schemaLocation="http://www.loc.gov/standards/alto/ns-v3# http://www.loc.gov/alto/v3/alto-3-0.xsd">
	<Description>
		<MeasurementUnit>pixel</MeasurementUnit>
		<sourceImageInformation>
			<fileName>/tmp/tess_fzvx8jpj_input.PNG</fileName>
		</sourceImageInformation>
		<OCRProcessing ID="OCR_0">
			<ocrProcessingStep>
				<processingSoftware>
					<softwareName>tesseract 5.3.4</softwareName>
				</processingSoftware>
			</ocrProcessingStep>
		</OCRProcessing>
	</Description>
	<Layout>
		<Page WIDTH="1100" HEIGHT="1745" PHYSICAL_IMG_NR="0" ID="page_0">
			<PrintSpace HPOS="0" VPOS="0" WIDTH="1100" HEIGHT="1745">
				<ComposedBlock ID="cblock_0" HPOS="236" VPOS="128" WIDTH="519" HEIGHT="31">
					<TextBlock ID="block_0" HPOS="236" VPOS="128" WIDTH="519" HEIGHT="31">
						<TextLine ID="line_0" HPOS="236" VPOS="128" WIDTH="519" HEIGHT="31">
							<String ID="string_0" HPOS="236" VPOS="128" WIDTH="43" HEIGHT="31" WC="0.96" CONTENT="404"/><SP WIDTH="230" VPOS="128" HPOS="279"/>
							<String ID="string_1" HPOS="509" VPOS="133" WIDTH="94" HEIGHT="22" WC="0.91" CONTENT="Borgarest."/><SP WIDTH="12" VPOS="133" HPOS="603"/>
							<String ID="string_2" HPOS="615" VPOS="132" WIDTH="45" HEIGHT="19" WC="0.95" CONTENT="1885."/><SP WIDTH="24" VPOS="132" HPOS="660"/>
							<String ID="string_3" HPOS="684" VPOS="133" WIDTH="10" HEIGHT="18" WC="0.90" CONTENT="7"/><SP WIDTH="12" VPOS="133" HPOS="694"/>
							<String ID="string_4" HPOS="706" VPOS="132" WIDTH="49" HEIGHT="21" WC="0.93" CONTENT="Mars."/>
						</TextLine>
					</TextBlock>
				</ComposedBlock>
				<ComposedBlock ID="cblock_1" HPOS="216" VPOS="200" WIDTH="832" HEIGHT="1349">
					<TextBlock ID="block_1" HPOS="216" VPOS="200" WIDTH="832" HEIGHT="1349">
						<TextLine ID="line_1" HPOS="219" VPOS="200" WIDTH="829" HEIGHT="29">
							<String ID="string_5" HPOS="219" VPOS="201" WIDTH="76" HEIGHT="28" WC="0.90" CONTENT="vergår"/><SP WIDTH="21" VPOS="201" HPOS="295"/>
							<String ID="string_6" HPOS="316" VPOS="201" WIDTH="33" HEIGHT="21" WC="0.94" CONTENT="till"/><SP WIDTH="23" VPOS="201" HPOS="349"/>
							<String ID="string_7" HPOS="372" VPOS="200" WIDTH="100" HEIGHT="22" WC="0.96" CONTENT="differens"/><SP WIDTH="21" VPOS="200" HPOS="472"/>
							<String ID="string_8" HPOS="493" VPOS="201" WIDTH="8" HEIGHT="20" WC="0.96" CONTENT="i"/><SP WIDTH="22" VPOS="201" HPOS="501"/>
							<String ID="string_9" HPOS="523" VPOS="203" WIDTH="88" HEIGHT="19" WC="0.95" CONTENT="motsatt"/><SP WIDTH="18" VPOS="203" HPOS="611"/>
							<String ID="string_10" HPOS="629" VPOS="200" WIDTH="100" HEIGHT="27" WC="0.96" CONTENT="riktning,"/><SP WIDTH="20" VPOS="200" HPOS="729"/>
							<String ID="string_11" HPOS="749" VPOS="207" WIDTH="34" HEIGHT="15" WC="0.93" CONTENT="om"/><SP WIDTH="18" VPOS="207" HPOS="783"/>
							<String ID="string_12" HPOS="801" VPOS="201" WIDTH="7" HEIGHT="20" WC="0.96" CONTENT="i"/><SP WIDTH="19" VPOS="201" HPOS="808"/>
							<String ID="string_13" HPOS="827" VPOS="201" WIDTH="133" HEIGHT="22" WC="0.96" CONTENT="Tavastehus"/><SP WIDTH="18" VPOS="201" HPOS="960"/>
							<String ID="string_14" HPOS="978" VPOS="201" WIDTH="70" HEIGHT="22" WC="0.96" CONTENT="skulle"/>
						</TextLine>
						<TextLine ID="line_2" HPOS="219" VPOS="229" WIDTH="828" HEIGHT="28">
							<String ID="string_15" HPOS="219" VPOS="231" WIDTH="90" HEIGHT="21" WC="0.96" CONTENT="inrättas"/><SP WIDTH="11" VPOS="231" HPOS="309"/>
							<String ID="string_16" HPOS="320" VPOS="235" WIDTH="27" HEIGHT="15" WC="0.96" CONTENT="en"/><SP WIDTH="11" VPOS="235" HPOS="347"/>
							<String ID="string_17" HPOS="358" VPOS="231" WIDTH="62" HEIGHT="19" WC="0.96" CONTENT="extra"/><SP WIDTH="12" VPOS="231" HPOS="420"/>
							<String ID="string_18" HPOS="432" VPOS="229" WIDTH="106" HEIGHT="21" WC="0.93" CONTENT="ordinarie"/><SP WIDTH="11" VPOS="229" HPOS="538"/>
							<String ID="string_19" HPOS="549" VPOS="229" WIDTH="236" HEIGHT="27" WC="0.92" CONTENT="pedagogieprofessors"/><SP WIDTH="8" VPOS="229" HPOS="785"/>
							<String ID="string_20" HPOS="793" VPOS="229" WIDTH="74" HEIGHT="27" WC="0.92" CONTENT="tjenst."/><SP WIDTH="22" VPOS="229" HPOS="867"/>
							<String ID="string_21" HPOS="889" VPOS="231" WIDTH="42" HEIGHT="26" WC="0.96" CONTENT="Jag"/><SP WIDTH="7" VPOS="231" HPOS="931"/>
							<String ID="string_22" HPOS="938" VPOS="230" WIDTH="69" HEIGHT="21" WC="0.87" CONTENT="skulle"/><SP WIDTH="7" VPOS="230" HPOS="1007"/>
							<String ID="string_23" HPOS="1014" VPOS="230" WIDTH="33" HEIGHT="21" WC="0.87" CONTENT="sä-"/>
						</TextLine>
						<TextLine ID="line_3" HPOS="220" VPOS="257" WIDTH="827" HEIGHT="28">
							<String ID="string_24" HPOS="220" VPOS="258" WIDTH="65" HEIGHT="21" WC="0.92" CONTENT="lunda"/><SP WIDTH="18" VPOS="258" HPOS="285"/>
							<String ID="string_25" HPOS="303" VPOS="259" WIDTH="41" HEIGHT="24" WC="0.93" CONTENT="tro,"/><SP WIDTH="20" VPOS="259" HPOS="344"/>
							<String ID="string_26" HPOS="364" VPOS="259" WIDTH="34" HEIGHT="18" WC="0.95" CONTENT="att"/><SP WIDTH="18" VPOS="259" HPOS="398"/>
							<String ID="string_27" HPOS="416" VPOS="257" WIDTH="70" HEIGHT="20" WC="0.96" CONTENT="denna"/><SP WIDTH="18" VPOS="257" HPOS="486"/>
							<String ID="string_28" HPOS="504" VPOS="257" WIDTH="45" HEIGHT="21" WC="0.93" CONTENT="lilla"/><SP WIDTH="18" VPOS="257" HPOS="549"/>
							<String ID="string_29" HPOS="567" VPOS="257" WIDTH="123" HEIGHT="26" WC="0.92" CONTENT="utgiftspost"/><SP WIDTH="18" VPOS="257" HPOS="690"/>
							<String ID="string_30" HPOS="708" VPOS="257" WIDTH="33" HEIGHT="21" WC="0.96" CONTENT="för"/><SP WIDTH="18" VPOS="257" HPOS="741"/>
							<String ID="string_31" HPOS="759" VPOS="257" WIDTH="54" HEIGHT="26" WC="0.96" CONTENT="dem,"/><SP WIDTH="22" VPOS="257" HPOS="813"/>
							<String ID="string_32" HPOS="835" VPOS="264" WIDTH="47" HEIGHT="15" WC="0.93" CONTENT="som"/><SP WIDTH="18" VPOS="264" HPOS="882"/>
							<String ID="string_33" HPOS="900" VPOS="258" WIDTH="54" HEIGHT="27" WC="0.90" CONTENT="yrka"/><SP WIDTH="19" VPOS="258" HPOS="954"/>
							<String ID="string_34" HPOS="973" VPOS="258" WIDTH="27" HEIGHT="27" WC="0.96" CONTENT="pä"/><SP WIDTH="14" VPOS="258" HPOS="1000"/>
							<String ID="string_35" HPOS="1014" VPOS="260" WIDTH="33" HEIGHT="19" WC="0.96" CONTENT="att"/>
						</TextLine>
						<TextLine ID="line_4" HPOS="220" VPOS="284" WIDTH="825" HEIGHT="29">
							<String ID="string_36" HPOS="220" VPOS="285" WIDTH="98" HEIGHT="22" WC="0.91" CONTENT="hushälla"/><SP WIDTH="19" VPOS="285" HPOS="318"/>
							<String ID="string_37" HPOS="337" VPOS="285" WIDTH="50" HEIGHT="22" WC="0.96" CONTENT="med"/><SP WIDTH="19" VPOS="285" HPOS="387"/>
							<String ID="string_38" HPOS="406" VPOS="287" WIDTH="81" HEIGHT="19" WC="0.93" CONTENT="statens"/><SP WIDTH="19" VPOS="287" HPOS="487"/>
							<String ID="string_39" HPOS="506" VPOS="284" WIDTH="98" HEIGHT="27" WC="0.92" CONTENT="finanser,"/><SP WIDTH="18" VPOS="284" HPOS="604"/>
							<String ID="string_40" HPOS="622" VPOS="285" WIDTH="48" HEIGHT="21" WC="0.92" CONTENT="icke"/><SP WIDTH="15" VPOS="285" HPOS="670"/>
							<String ID="string_41" HPOS="685" VPOS="285" WIDTH="70" HEIGHT="21" WC="0.96" CONTENT="kunde"/><SP WIDTH="15" VPOS="285" HPOS="755"/>
							<String ID="string_42" HPOS="770" VPOS="291" WIDTH="51" HEIGHT="16" WC="0.96" CONTENT="vara"/><SP WIDTH="15" VPOS="291" HPOS="821"/>
							<String ID="string_43" HPOS="836" VPOS="286" WIDTH="24" HEIGHT="21" WC="0.93" CONTENT="af"/><SP WIDTH="12" VPOS="286" HPOS="860"/>
							<String ID="string_44" HPOS="872" VPOS="287" WIDTH="108" HEIGHT="26" WC="0.93" CONTENT="synnerlig"/><SP WIDTH="15" VPOS="287" HPOS="980"/>
							<String ID="string_45" HPOS="995" VPOS="286" WIDTH="50" HEIGHT="27" WC="0.92" CONTENT="vigt,"/>
						</TextLine>
						<TextLine ID="line_5" HPOS="220" VPOS="313" WIDTH="826" HEIGHT="26">
							<String ID="string_46" HPOS="220" VPOS="314" WIDTH="41" HEIGHT="21" WC="0.96" CONTENT="och"/><SP WIDTH="8" VPOS="314" HPOS="261"/>
							<String ID="string_47" HPOS="269" VPOS="314" WIDTH="33" HEIGHT="21" WC="0.96" CONTENT="för"/><SP WIDTH="8" VPOS="314" HPOS="302"/>
							<String ID="string_48" HPOS="310" VPOS="314" WIDTH="47" HEIGHT="21" WC="0.93" CONTENT="dem"/><SP WIDTH="9" VPOS="314" HPOS="357"/>
							<String ID="string_49" HPOS="366" VPOS="313" WIDTH="53" HEIGHT="26" WC="0.92" CONTENT="äter,"/><SP WIDTH="6" VPOS="313" HPOS="419"/>
							<String ID="string_50" HPOS="425" VPOS="319" WIDTH="46" HEIGHT="15" WC="0.97" CONTENT="som"/><SP WIDTH="8" VPOS="319" HPOS="471"/>
							<String ID="string_51" HPOS="479" VPOS="313" WIDTH="48" HEIGHT="20" WC="0.96" CONTENT="med"/><SP WIDTH="7" VPOS="313" HPOS="527"/>
							<String ID="string_52" HPOS="534" VPOS="313" WIDTH="82" HEIGHT="21" WC="0.93" CONTENT="mindre"/><SP WIDTH="8" VPOS="313" HPOS="616"/>
							<String ID="string_53" HPOS="624" VPOS="313" WIDTH="85" HEIGHT="26" WC="0.92" CONTENT="vänliga"/><SP WIDTH="7" VPOS="313" HPOS="709"/>
							<String ID="string_54" HPOS="716" VPOS="313" WIDTH="81" HEIGHT="21" WC="0.92" CONTENT="blickar"/><SP WIDTH="7" VPOS="313" HPOS="797"/>
							<String ID="string_55" HPOS="804" VPOS="313" WIDTH="36" HEIGHT="22" WC="0.93" CONTENT="äse"/><SP WIDTH="8" VPOS="313" HPOS="840"/>
							<String ID="string_56" HPOS="848" VPOS="314" WIDTH="37" HEIGHT="21" WC="0.93" CONTENT="det"/><SP WIDTH="8" VPOS="314" HPOS="885"/>
							<String ID="string_57" HPOS="893" VPOS="313" WIDTH="153" HEIGHT="22" WC="0.91" CONTENT="finskaskolar-"/>
						</TextLine>
						<TextLine ID="line_6" HPOS="220" VPOS="341" WIDTH="826" HEIGHT="28">
							<String ID="string_58" HPOS="220" VPOS="342" WIDTH="65" HEIGHT="25" WC="0.92" CONTENT="betet,"/><SP WIDTH="24" VPOS="342" HPOS="285"/>
							<String ID="string_59" HPOS="309" VPOS="342" WIDTH="52" HEIGHT="21" WC="0.93" CONTENT="eller"/><SP WIDTH="23" VPOS="342" HPOS="361"/>
							<String ID="string_60" HPOS="384" VPOS="343" WIDTH="82" HEIGHT="19" WC="0.91" CONTENT="rättare"/><SP WIDTH="22" VPOS="343" HPOS="466"/>
							<String ID="string_61" HPOS="488" VPOS="341" WIDTH="45" HEIGHT="21" WC="0.91" CONTENT="deri"/><SP WIDTH="22" VPOS="341" HPOS="533"/>
							<String ID="string_62" HPOS="555" VPOS="347" WIDTH="23" HEIGHT="15" WC="0.96" CONTENT="se"/><SP WIDTH="18" VPOS="347" HPOS="578"/>
							<String ID="string_63" HPOS="596" VPOS="347" WIDTH="27" HEIGHT="15" WC="0.92" CONTENT="en"/><SP WIDTH="18" VPOS="347" HPOS="623"/>
							<String ID="string_64" HPOS="641" VPOS="341" WIDTH="47" HEIGHT="21" WC="0.92" CONTENT="fara"/><SP WIDTH="14" VPOS="341" HPOS="688"/>
							<String ID="string_65" HPOS="702" VPOS="341" WIDTH="33" HEIGHT="21" WC="0.96" CONTENT="för"/><SP WIDTH="15" VPOS="341" HPOS="735"/>
							<String ID="string_66" HPOS="750" VPOS="341" WIDTH="41" HEIGHT="21" WC="0.96" CONTENT="den"/><SP WIDTH="14" VPOS="341" HPOS="791"/>
							<String ID="string_67" HPOS="805" VPOS="342" WIDTH="92" HEIGHT="21" WC="0.93" CONTENT="svenska"/><SP WIDTH="14" VPOS="342" HPOS="897"/>
							<String ID="string_68" HPOS="911" VPOS="343" WIDTH="135" HEIGHT="26" WC="0.91" CONTENT="bildningens"/>
						</TextLine>
						<TextLine ID="line_7" HPOS="219" VPOS="369" WIDTH="827" HEIGHT="29">
							<String ID="string_69" HPOS="219" VPOS="370" WIDTH="88" HEIGHT="21" WC="0.92" CONTENT="framtid"/><SP WIDTH="14" VPOS="370" HPOS="307"/>
							<String ID="string_70" HPOS="321" VPOS="371" WIDTH="8" HEIGHT="20" WC="0.96" CONTENT="i"/><SP WIDTH="14" VPOS="371" HPOS="329"/>
							<String ID="string_71" HPOS="343" VPOS="369" WIDTH="81" HEIGHT="26" WC="0.96" CONTENT="landet,"/><SP WIDTH="15" VPOS="369" HPOS="424"/>
							<String ID="string_72" HPOS="439" VPOS="369" WIDTH="33" HEIGHT="22" WC="0.96" CONTENT="för"/><SP WIDTH="15" VPOS="369" HPOS="472"/>
							<String ID="string_73" HPOS="487" VPOS="369" WIDTH="48" HEIGHT="21" WC="0.96" CONTENT="dem"/><SP WIDTH="15" VPOS="369" HPOS="535"/>
							<String ID="string_74" HPOS="550" VPOS="369" WIDTH="40" HEIGHT="21" WC="0.96" CONTENT="bör"/><SP WIDTH="14" VPOS="369" HPOS="590"/>
							<String ID="string_75" HPOS="604" VPOS="369" WIDTH="36" HEIGHT="21" WC="0.96" CONTENT="det"/><SP WIDTH="15" VPOS="369" HPOS="640"/>
							<String ID="string_76" HPOS="655" VPOS="375" WIDTH="52" HEIGHT="15" WC="0.93" CONTENT="vara"/><SP WIDTH="14" VPOS="375" HPOS="707"/>
							<String ID="string_77" HPOS="721" VPOS="369" WIDTH="106" HEIGHT="27" WC="0.92" CONTENT="likgiltigt,"/><SP WIDTH="16" VPOS="369" HPOS="827"/>
							<String ID="string_78" HPOS="843" VPOS="370" WIDTH="53" HEIGHT="21" WC="0.92" CONTENT="hvar"/><SP WIDTH="16" VPOS="370" HPOS="896"/>
							<String ID="string_79" HPOS="912" VPOS="371" WIDTH="70" HEIGHT="20" WC="0.93" CONTENT="denna"/><SP WIDTH="14" VPOS="371" HPOS="982"/>
							<String ID="string_80" HPOS="996" VPOS="377" WIDTH="50" HEIGHT="21" WC="0.88" CONTENT="nor-"/>
						</TextLine>
						<TextLine ID="line_8" HPOS="220" VPOS="397" WIDTH="825" HEIGHT="28">
							<String ID="string_81" HPOS="220" VPOS="398" WIDTH="105" HEIGHT="22" WC="0.92" CONTENT="malskola"/><SP WIDTH="17" VPOS="398" HPOS="325"/>
							<String ID="string_82" HPOS="342" VPOS="400" WIDTH="25" HEIGHT="19" WC="0.93" CONTENT="är"/><SP WIDTH="12" VPOS="400" HPOS="367"/>
							<String ID="string_83" HPOS="379" VPOS="397" WIDTH="97" HEIGHT="26" WC="0.96" CONTENT="belägen,"/><SP WIDTH="12" VPOS="397" HPOS="476"/>
							<String ID="string_84" HPOS="488" VPOS="399" WIDTH="22" HEIGHT="24" WC="0.93" CONTENT="ty"/><SP WIDTH="14" VPOS="399" HPOS="510"/>
							<String ID="string_85" HPOS="524" VPOS="397" WIDTH="46" HEIGHT="26" WC="0.93" CONTENT="fyra"/><SP WIDTH="12" VPOS="397" HPOS="570"/>
							<String ID="string_86" HPOS="582" VPOS="397" WIDTH="129" HEIGHT="22" WC="0.92" CONTENT="öfverlärare"/><SP WIDTH="14" VPOS="397" HPOS="711"/>
							<String ID="string_87" HPOS="725" VPOS="404" WIDTH="45" HEIGHT="15" WC="0.96" CONTENT="mer"/><SP WIDTH="15" VPOS="404" HPOS="770"/>
							<String ID="string_88" HPOS="785" VPOS="398" WIDTH="51" HEIGHT="21" WC="0.94" CONTENT="eller"/><SP WIDTH="16" VPOS="398" HPOS="836"/>
							<String ID="string_89" HPOS="852" VPOS="398" WIDTH="82" HEIGHT="21" WC="0.96" CONTENT="mindre"/><SP WIDTH="15" VPOS="398" HPOS="934"/>
							<String ID="string_90" HPOS="949" VPOS="399" WIDTH="62" HEIGHT="20" WC="0.93" CONTENT="torde"/><SP WIDTH="15" VPOS="399" HPOS="1011"/>
							<String ID="string_91" HPOS="1026" VPOS="398" WIDTH="19" HEIGHT="27" WC="0.96" CONTENT="ej"/>
						</TextLine>
						<TextLine ID="line_9" HPOS="219" VPOS="425" WIDTH="826" HEIGHT="28">
							<String ID="string_92" HPOS="219" VPOS="427" WIDTH="88" HEIGHT="20" WC="0.92" CONTENT="inverka"/><SP WIDTH="15" VPOS="427" HPOS="307"/>
							<String ID="string_93" HPOS="322" VPOS="426" WIDTH="27" HEIGHT="27" WC="0.93" CONTENT="pä"/><SP WIDTH="16" VPOS="426" HPOS="349"/>
							<String ID="string_94" HPOS="365" VPOS="425" WIDTH="164" HEIGHT="21" WC="0.91" CONTENT="kulturarbetet."/><SP WIDTH="29" VPOS="425" HPOS="529"/>
							<String ID="string_95" HPOS="558" VPOS="425" WIDTH="42" HEIGHT="26" WC="0.96" CONTENT="Jag"/><SP WIDTH="14" VPOS="425" HPOS="600"/>
							<String ID="string_96" HPOS="614" VPOS="425" WIDTH="43" HEIGHT="20" WC="0.96" CONTENT="kan"/><SP WIDTH="15" VPOS="425" HPOS="657"/>
							<String ID="string_97" HPOS="672" VPOS="425" WIDTH="40" HEIGHT="20" WC="0.96" CONTENT="och"/><SP WIDTH="12" VPOS="425" HPOS="712"/>
							<String ID="string_98" HPOS="724" VPOS="426" WIDTH="37" HEIGHT="25" WC="0.93" CONTENT="jag"/><SP WIDTH="14" VPOS="426" HPOS="761"/>
							<String ID="string_99" HPOS="775" VPOS="425" WIDTH="32" HEIGHT="21" WC="0.92" CONTENT="fär"/><SP WIDTH="17" VPOS="425" HPOS="807"/>
							<String ID="string_100" HPOS="824" VPOS="427" WIDTH="106" HEIGHT="25" WC="0.92" CONTENT="nemligen"/><SP WIDTH="11" VPOS="427" HPOS="930"/>
							<String ID="string_101" HPOS="941" VPOS="426" WIDTH="46" HEIGHT="21" WC="0.92" CONTENT="icke"/><SP WIDTH="16" VPOS="426" HPOS="987"/>
							<String ID="string_102" HPOS="1003" VPOS="425" WIDTH="42" HEIGHT="22" WC="0.93" CONTENT="för-"/>
						</TextLine>
						<TextLine ID="line_10" HPOS="220" VPOS="452" WIDTH="826" HEIGHT="28">
							<String ID="string_103" HPOS="220" VPOS="456" WIDTH="87" HEIGHT="23" WC="0.92" CONTENT="utsätta,"/><SP WIDTH="20" VPOS="456" HPOS="307"/>
							<String ID="string_104" HPOS="327" VPOS="455" WIDTH="32" HEIGHT="19" WC="0.93" CONTENT="att"/><SP WIDTH="19" VPOS="455" HPOS="359"/>
							<String ID="string_105" HPOS="378" VPOS="452" WIDTH="130" HEIGHT="21" WC="0.92" CONTENT="motständet"/><SP WIDTH="19" VPOS="452" HPOS="508"/>
							<String ID="string_106" HPOS="527" VPOS="455" WIDTH="45" HEIGHT="18" WC="0.96" CONTENT="mot"/><SP WIDTH="17" VPOS="455" HPOS="572"/>
							<String ID="string_107" HPOS="589" VPOS="453" WIDTH="37" HEIGHT="21" WC="0.96" CONTENT="det"/><SP WIDTH="18" VPOS="453" HPOS="626"/>
							<String ID="string_108" HPOS="644" VPOS="452" WIDTH="70" HEIGHT="21" WC="0.93" CONTENT="finska"/><SP WIDTH="18" VPOS="452" HPOS="714"/>
							<String ID="string_109" HPOS="732" VPOS="453" WIDTH="162" HEIGHT="27" WC="0.91" CONTENT="normallyceets"/><SP WIDTH="14" VPOS="453" HPOS="894"/>
							<String ID="string_110" HPOS="908" VPOS="453" WIDTH="138" HEIGHT="27" WC="0.92" CONTENT="förläggande"/>
						</TextLine>
						<TextLine ID="line_11" HPOS="220" VPOS="480" WIDTH="825" HEIGHT="28">
							<String ID="string_111" HPOS="220" VPOS="483" WIDTH="34" HEIGHT="20" WC="0.93" CONTENT="till"/><SP WIDTH="16" VPOS="483" HPOS="254"/>
							<String ID="string_112" HPOS="270" VPOS="481" WIDTH="166" HEIGHT="25" WC="0.91" CONTENT="hufvudstaden,"/><SP WIDTH="20" VPOS="481" HPOS="436"/>
							<String ID="string_113" HPOS="456" VPOS="483" WIDTH="24" HEIGHT="19" WC="0.93" CONTENT="är"/><SP WIDTH="17" VPOS="483" HPOS="480"/>
							<String ID="string_114" HPOS="497" VPOS="481" WIDTH="137" HEIGHT="21" WC="0.92" CONTENT="framkalladt"/><SP WIDTH="14" VPOS="481" HPOS="634"/>
							<String ID="string_115" HPOS="648" VPOS="480" WIDTH="28" HEIGHT="21" WC="0.93" CONTENT="af"/><SP WIDTH="17" VPOS="480" HPOS="676"/>
							<String ID="string_116" HPOS="693" VPOS="481" WIDTH="66" HEIGHT="21" WC="0.96" CONTENT="andra"/><SP WIDTH="17" VPOS="481" HPOS="759"/>
							<String ID="string_117" HPOS="776" VPOS="483" WIDTH="27" HEIGHT="19" WC="0.93" CONTENT="än"/><SP WIDTH="19" VPOS="483" HPOS="803"/>
							<String ID="string_118" HPOS="822" VPOS="481" WIDTH="168" HEIGHT="27" WC="0.92" CONTENT="aktningsvärda"/><SP WIDTH="15" VPOS="481" HPOS="990"/>
							<String ID="string_119" HPOS="1005" VPOS="482" WIDTH="40" HEIGHT="21" WC="0.96" CONTENT="och"/>
						</TextLine>
						<TextLine ID="line_12" HPOS="220" VPOS="509" WIDTH="825" HEIGHT="28">
							<String ID="string_120" HPOS="220" VPOS="511" WIDTH="56" HEIGHT="26" WC="0.92" CONTENT="goda"/><SP WIDTH="15" VPOS="511" HPOS="276"/>
							<String ID="string_121" HPOS="291" VPOS="510" WIDTH="76" HEIGHT="25" WC="0.90" CONTENT="motiv;"/><SP WIDTH="13" VPOS="510" HPOS="367"/>
							<String ID="string_122" HPOS="380" VPOS="509" WIDTH="38" HEIGHT="26" WC="0.96" CONTENT="jag"/><SP WIDTH="14" VPOS="509" HPOS="418"/>
							<String ID="string_123" HPOS="432" VPOS="509" WIDTH="39" HEIGHT="20" WC="0.93" CONTENT="har"/><SP WIDTH="15" VPOS="509" HPOS="471"/>
							<String ID="string_124" HPOS="486" VPOS="509" WIDTH="46" HEIGHT="20" WC="0.92" CONTENT="icke"/><SP WIDTH="16" VPOS="509" HPOS="532"/>
							<String ID="string_125" HPOS="548" VPOS="509" WIDTH="103" HEIGHT="26" WC="0.92" CONTENT="rättighet"/><SP WIDTH="14" VPOS="509" HPOS="651"/>
							<String ID="string_126" HPOS="665" VPOS="509" WIDTH="33" HEIGHT="21" WC="0.93" CONTENT="till"/><SP WIDTH="14" VPOS="509" HPOS="698"/>
							<String ID="string_127" HPOS="712" VPOS="509" WIDTH="18" HEIGHT="27" WC="0.92" CONTENT="ej"/><SP WIDTH="16" VPOS="509" HPOS="730"/>
							<String ID="string_128" HPOS="746" VPOS="509" WIDTH="66" HEIGHT="21" WC="0.95" CONTENT="heller"/><SP WIDTH="15" VPOS="509" HPOS="812"/>
							<String ID="string_129" HPOS="827" VPOS="509" WIDTH="48" HEIGHT="21" WC="0.96" CONTENT="skäl"/><SP WIDTH="14" VPOS="509" HPOS="875"/>
							<String ID="string_130" HPOS="889" VPOS="509" WIDTH="33" HEIGHT="21" WC="0.96" CONTENT="för"/><SP WIDTH="16" VPOS="509" HPOS="922"/>
							<String ID="string_131" HPOS="938" VPOS="516" WIDTH="26" HEIGHT="15" WC="0.96" CONTENT="en"/><SP WIDTH="10" VPOS="516" HPOS="964"/>
							<String ID="string_132" HPOS="974" VPOS="516" WIDTH="71" HEIGHT="15" WC="0.96" CONTENT="annan"/>
						</TextLine>
						<TextLine ID="line_13" HPOS="221" VPOS="537" WIDTH="824" HEIGHT="28">
							<String ID="string_133" HPOS="221" VPOS="539" WIDTH="62" HEIGHT="26" WC="0.91" CONTENT="äsigt."/><SP WIDTH="28" VPOS="539" HPOS="283"/>
							<String ID="string_134" HPOS="311" VPOS="538" WIDTH="42" HEIGHT="26" WC="0.93" CONTENT="Jag"/><SP WIDTH="15" VPOS="538" HPOS="353"/>
							<String ID="string_135" HPOS="368" VPOS="539" WIDTH="46" HEIGHT="19" WC="0.92" CONTENT="tror"/><SP WIDTH="19" VPOS="539" HPOS="414"/>
							<String ID="string_136" HPOS="433" VPOS="537" WIDTH="18" HEIGHT="26" WC="0.93" CONTENT="ej"/><SP WIDTH="16" VPOS="537" HPOS="451"/>
							<String ID="string_137" HPOS="467" VPOS="539" WIDTH="32" HEIGHT="19" WC="0.93" CONTENT="att"/><SP WIDTH="15" VPOS="539" HPOS="499"/>
							<String ID="string_138" HPOS="514" VPOS="537" WIDTH="70" HEIGHT="26" WC="0.92" CONTENT="nägon"/><SP WIDTH="15" VPOS="537" HPOS="584"/>
							<String ID="string_139" HPOS="599" VPOS="537" WIDTH="7" HEIGHT="21" WC="0.95" CONTENT="i"/><SP WIDTH="15" VPOS="537" HPOS="606"/>
							<String ID="string_140" HPOS="621" VPOS="537" WIDTH="70" HEIGHT="21" WC="0.93" CONTENT="denna"/><SP WIDTH="13" VPOS="537" HPOS="691"/>
							<String ID="string_141" HPOS="704" VPOS="537" WIDTH="65" HEIGHT="26" WC="0.92" CONTENT="fräga,"/><SP WIDTH="16" VPOS="537" HPOS="769"/>
							<String ID="string_142" HPOS="785" VPOS="537" WIDTH="42" HEIGHT="22" WC="0.96" CONTENT="han"/><SP WIDTH="15" VPOS="537" HPOS="827"/>
							<String ID="string_143" HPOS="842" VPOS="538" WIDTH="36" HEIGHT="20" WC="0.93" CONTENT="mä"/><SP WIDTH="14" VPOS="538" HPOS="878"/>
							<String ID="string_144" HPOS="892" VPOS="537" WIDTH="52" HEIGHT="28" WC="0.92" CONTENT="hysa"/><SP WIDTH="15" VPOS="537" HPOS="944"/>
							<String ID="string_145" HPOS="959" VPOS="537" WIDTH="86" HEIGHT="22" WC="0.92" CONTENT="hvilken"/>
						</TextLine>
						<TextLine ID="line_14" HPOS="220" VPOS="565" WIDTH="825" HEIGHT="29">
							<String ID="string_146" HPOS="220" VPOS="566" WIDTH="137" HEIGHT="28" WC="0.96" CONTENT="uppfattning"/><SP WIDTH="15" VPOS="566" HPOS="357"/>
							<String ID="string_147" HPOS="372" VPOS="571" WIDTH="46" HEIGHT="15" WC="0.96" CONTENT="som"/><SP WIDTH="15" VPOS="571" HPOS="418"/>
							<String ID="string_148" HPOS="433" VPOS="565" WIDTH="61" HEIGHT="26" WC="0.96" CONTENT="helst,"/><SP WIDTH="16" VPOS="565" HPOS="494"/>
							<String ID="string_149" HPOS="510" VPOS="565" WIDTH="51" HEIGHT="21" WC="0.93" CONTENT="eller"/><SP WIDTH="15" VPOS="565" HPOS="561"/>
							<String ID="string_150" HPOS="576" VPOS="565" WIDTH="53" HEIGHT="21" WC="0.93" CONTENT="höra"/><SP WIDTH="15" VPOS="565" HPOS="629"/>
							<String ID="string_151" HPOS="644" VPOS="565" WIDTH="32" HEIGHT="21" WC="0.93" CONTENT="till"/><SP WIDTH="15" VPOS="565" HPOS="676"/>
							<String ID="string_152" HPOS="691" VPOS="565" WIDTH="80" HEIGHT="22" WC="0.93" CONTENT="hvilket"/><SP WIDTH="14" VPOS="565" HPOS="771"/>
							<String ID="string_153" HPOS="785" VPOS="566" WIDTH="57" HEIGHT="26" WC="0.96" CONTENT="parti"/><SP WIDTH="15" VPOS="566" HPOS="842"/>
							<String ID="string_154" HPOS="857" VPOS="572" WIDTH="45" HEIGHT="15" WC="0.96" CONTENT="som"/><SP WIDTH="16" VPOS="572" HPOS="902"/>
							<String ID="string_155" HPOS="918" VPOS="566" WIDTH="60" HEIGHT="26" WC="0.93" CONTENT="helst,"/><SP WIDTH="9" VPOS="566" HPOS="978"/>
							<String ID="string_156" HPOS="987" VPOS="565" WIDTH="58" HEIGHT="22" WC="0.93" CONTENT="skul-"/>
						</TextLine>
						<TextLine ID="line_15" HPOS="220" VPOS="593" WIDTH="824" HEIGHT="28">
							<String ID="string_157" HPOS="220" VPOS="595" WIDTH="20" HEIGHT="21" WC="0.92" CONTENT="le"/><SP WIDTH="19" VPOS="595" HPOS="240"/>
							<String ID="string_158" HPOS="259" VPOS="594" WIDTH="68" HEIGHT="21" WC="0.92" CONTENT="önska"/><SP WIDTH="18" VPOS="594" HPOS="327"/>
							<String ID="string_159" HPOS="345" VPOS="595" WIDTH="33" HEIGHT="20" WC="0.93" CONTENT="att"/><SP WIDTH="19" VPOS="595" HPOS="378"/>
							<String ID="string_160" HPOS="397" VPOS="593" WIDTH="115" HEIGHT="27" WC="0.91" CONTENT="smäaktigt"/><SP WIDTH="18" VPOS="593" HPOS="512"/>
							<String ID="string_161" HPOS="530" VPOS="595" WIDTH="91" HEIGHT="25" WC="0.92" CONTENT="uppreta"/><SP WIDTH="15" VPOS="595" HPOS="621"/>
							<String ID="string_162" HPOS="636" VPOS="593" WIDTH="143" HEIGHT="26" WC="0.92" CONTENT="passionerna,"/><SP WIDTH="15" VPOS="593" HPOS="779"/>
							<String ID="string_163" HPOS="794" VPOS="595" WIDTH="53" HEIGHT="20" WC="0.96" CONTENT="utan"/><SP WIDTH="15" VPOS="595" HPOS="847"/>
							<String ID="string_164" HPOS="862" VPOS="596" WIDTH="33" HEIGHT="19" WC="0.93" CONTENT="att"/><SP WIDTH="14" VPOS="596" HPOS="895"/>
							<String ID="string_165" HPOS="909" VPOS="594" WIDTH="39" HEIGHT="27" WC="0.92" CONTENT="bry"/><SP WIDTH="15" VPOS="594" HPOS="948"/>
							<String ID="string_166" HPOS="963" VPOS="594" WIDTH="32" HEIGHT="26" WC="0.96" CONTENT="sig"/><SP WIDTH="15" VPOS="594" HPOS="995"/>
							<String ID="string_167" HPOS="1010" VPOS="600" WIDTH="34" HEIGHT="15" WC="0.96" CONTENT="om"/>
						</TextLine>
						<TextLine ID="line_16" HPOS="220" VPOS="621" WIDTH="824" HEIGHT="28">
							<String ID="string_168" HPOS="220" VPOS="623" WIDTH="85" HEIGHT="26" WC="0.96" CONTENT="frågans"/><SP WIDTH="22" VPOS="623" HPOS="305"/>
							<String ID="string_169" HPOS="327" VPOS="622" WIDTH="51" HEIGHT="26" WC="0.94" CONTENT="vigt."/><SP WIDTH="30" VPOS="622" HPOS="378"/>
							<String ID="string_170" HPOS="408" VPOS="622" WIDTH="43" HEIGHT="21" WC="0.96" CONTENT="Det"/><SP WIDTH="22" VPOS="622" HPOS="451"/>
							<String ID="string_171" HPOS="473" VPOS="623" WIDTH="24" HEIGHT="19" WC="0.93" CONTENT="är"/><SP WIDTH="21" VPOS="623" HPOS="497"/>
							<String ID="string_172" HPOS="518" VPOS="621" WIDTH="78" HEIGHT="26" WC="0.96" CONTENT="derför,"/><SP WIDTH="20" VPOS="621" HPOS="596"/>
							<String ID="string_173" HPOS="616" VPOS="621" WIDTH="38" HEIGHT="27" WC="0.93" CONTENT="jag"/><SP WIDTH="22" VPOS="621" HPOS="654"/>
							<String ID="string_174" HPOS="676" VPOS="623" WIDTH="105" HEIGHT="25" WC="0.79" CONTENT="uppröpar"/><SP WIDTH="22" VPOS="623" HPOS="781"/>
							<String ID="string_175" HPOS="803" VPOS="622" WIDTH="37" HEIGHT="21" WC="0.96" CONTENT="det"/><SP WIDTH="22" VPOS="622" HPOS="840"/>
							<String ID="string_176" HPOS="862" VPOS="624" WIDTH="57" HEIGHT="19" WC="0.96" CONTENT="ännu"/><SP WIDTH="18" VPOS="624" HPOS="919"/>
							<String ID="string_177" HPOS="937" VPOS="629" WIDTH="26" HEIGHT="14" WC="0.93" CONTENT="en"/><SP WIDTH="19" VPOS="629" HPOS="963"/>
							<String ID="string_178" HPOS="982" VPOS="621" WIDTH="62" HEIGHT="28" WC="0.96" CONTENT="gång,"/>
						</TextLine>
						<TextLine ID="line_17" HPOS="220" VPOS="649" WIDTH="824" HEIGHT="28">
							<String ID="string_179" HPOS="220" VPOS="657" WIDTH="45" HEIGHT="15" WC="0.96" CONTENT="som"/><SP WIDTH="13" VPOS="657" HPOS="265"/>
							<String ID="string_180" HPOS="278" VPOS="651" WIDTH="37" HEIGHT="26" WC="0.96" CONTENT="jag"/><SP WIDTH="15" VPOS="651" HPOS="315"/>
							<String ID="string_181" HPOS="330" VPOS="650" WIDTH="40" HEIGHT="21" WC="0.93" CONTENT="har"/><SP WIDTH="15" VPOS="650" HPOS="370"/>
							<String ID="string_182" HPOS="385" VPOS="649" WIDTH="58" HEIGHT="22" WC="0.92" CONTENT="svärt"/><SP WIDTH="15" VPOS="649" HPOS="443"/>
							<String ID="string_183" HPOS="458" VPOS="649" WIDTH="200" HEIGHT="26" WC="0.92" CONTENT="öfverhufvudtaget"/><SP WIDTH="14" VPOS="649" HPOS="658"/>
							<String ID="string_184" HPOS="672" VPOS="651" WIDTH="32" HEIGHT="19" WC="0.93" CONTENT="att"/><SP WIDTH="14" VPOS="651" HPOS="704"/>
							<String ID="string_185" HPOS="718" VPOS="649" WIDTH="66" HEIGHT="21" WC="0.93" CONTENT="förstä"/><SP WIDTH="14" VPOS="649" HPOS="784"/>
							<String ID="string_186" HPOS="798" VPOS="649" WIDTH="73" HEIGHT="22" WC="0.92" CONTENT="hvilka"/><SP WIDTH="10" VPOS="649" HPOS="871"/>
							<String ID="string_187" HPOS="881" VPOS="651" WIDTH="25" HEIGHT="20" WC="0.93" CONTENT="de"/><SP WIDTH="11" VPOS="651" HPOS="906"/>
							<String ID="string_188" HPOS="917" VPOS="651" WIDTH="66" HEIGHT="20" WC="0.91" CONTENT="motiv"/><SP WIDTH="7" VPOS="651" HPOS="983"/>
							<String ID="string_189" HPOS="990" VPOS="650" WIDTH="54" HEIGHT="21" WC="0.91" CONTENT="kun-"/>
						</TextLine>
						<TextLine ID="line_18" HPOS="220" VPOS="677" WIDTH="824" HEIGHT="31">
							<String ID="string_190" HPOS="220" VPOS="686" WIDTH="28" HEIGHT="15" WC="0.95" CONTENT="na"/><SP WIDTH="18" VPOS="686" HPOS="248"/>
							<String ID="string_191" HPOS="266" VPOS="685" WIDTH="57" HEIGHT="19" WC="0.95" CONTENT="vara,"/><SP WIDTH="20" VPOS="685" HPOS="323"/>
							<String ID="string_192" HPOS="343" VPOS="684" WIDTH="46" HEIGHT="15" WC="0.93" CONTENT="som"/><SP WIDTH="19" VPOS="684" HPOS="389"/>
							<String ID="string_193" HPOS="408" VPOS="677" WIDTH="106" HEIGHT="22" WC="0.93" CONTENT="föranledt"/><SP WIDTH="15" VPOS="677" HPOS="514"/>
							<String ID="string_194" HPOS="529" VPOS="677" WIDTH="131" HEIGHT="22" WC="0.92" CONTENT="motständet"/><SP WIDTH="15" VPOS="677" HPOS="660"/>
							<String ID="string_195" HPOS="675" VPOS="679" WIDTH="45" HEIGHT="19" WC="0.96" CONTENT="mot"/><SP WIDTH="14" VPOS="679" HPOS="720"/>
							<String ID="string_196" HPOS="734" VPOS="677" WIDTH="69" HEIGHT="22" WC="0.93" CONTENT="denna"/><SP WIDTH="14" VPOS="677" HPOS="803"/>
							<String ID="string_197" HPOS="817" VPOS="679" WIDTH="155" HEIGHT="20" WC="0.88" CONTENT="normalskolas"/><SP WIDTH="15" VPOS="679" HPOS="972"/>
							<String ID="string_198" HPOS="987" VPOS="678" WIDTH="57" HEIGHT="30" WC="0.88" CONTENT="flytt-"/>
						</TextLine>
						<TextLine ID="line_19" HPOS="221" VPOS="705" WIDTH="823" HEIGHT="29">
							<String ID="string_199" HPOS="221" VPOS="708" WIDTH="57" HEIGHT="26" WC="0.96" CONTENT="ning."/><SP WIDTH="30" VPOS="708" HPOS="278"/>
							<String ID="string_200" HPOS="308" VPOS="707" WIDTH="41" HEIGHT="26" WC="0.95" CONTENT="Jag"/><SP WIDTH="22" VPOS="707" HPOS="349"/>
							<String ID="string_201" HPOS="371" VPOS="706" WIDTH="39" HEIGHT="21" WC="0.75" CONTENT="har"/><SP WIDTH="23" VPOS="706" HPOS="410"/>
							<String ID="string_202" HPOS="433" VPOS="706" WIDTH="71" HEIGHT="21" WC="0.96" CONTENT="derför"/><SP WIDTH="22" VPOS="706" HPOS="504"/>
							<String ID="string_203" HPOS="526" VPOS="706" WIDTH="49" HEIGHT="21" WC="0.96" CONTENT="med"/><SP WIDTH="17" VPOS="706" HPOS="575"/>
							<String ID="string_204" HPOS="592" VPOS="705" WIDTH="188" HEIGHT="28" WC="0.93" CONTENT="uppmärksamhet"/><SP WIDTH="17" VPOS="705" HPOS="780"/>
							<String ID="string_205" HPOS="797" VPOS="706" WIDTH="125" HEIGHT="27" WC="0.96" CONTENT="genomgått"/><SP WIDTH="14" VPOS="706" HPOS="922"/>
							<String ID="string_206" HPOS="936" VPOS="707" WIDTH="50" HEIGHT="21" WC="0.93" CONTENT="herr"/><SP WIDTH="34" VPOS="707" HPOS="986"/>
							<String ID="string_207" HPOS="1020" VPOS="707" WIDTH="24" HEIGHT="20" WC="0.92" CONTENT="Öh-"/>
						</TextLine>
						<TextLine ID="line_20" HPOS="221" VPOS="734" WIDTH="823" HEIGHT="28">
							<String ID="string_208" HPOS="221" VPOS="736" WIDTH="62" HEIGHT="26" WC="0.92" CONTENT="bergs"/><SP WIDTH="18" VPOS="736" HPOS="283"/>
							<String ID="string_209" HPOS="301" VPOS="734" WIDTH="139" HEIGHT="25" WC="0.96" CONTENT="reservation,"/><SP WIDTH="18" VPOS="734" HPOS="440"/>
							<String ID="string_210" HPOS="458" VPOS="740" WIDTH="46" HEIGHT="15" WC="0.95" CONTENT="som"/><SP WIDTH="18" VPOS="740" HPOS="504"/>
							<String ID="string_211" HPOS="522" VPOS="734" WIDTH="24" HEIGHT="21" WC="0.92" CONTENT="af"/><SP WIDTH="15" VPOS="734" HPOS="546"/>
							<String ID="string_212" HPOS="561" VPOS="736" WIDTH="75" HEIGHT="19" WC="0.92" CONTENT="trenne"/><SP WIDTH="18" VPOS="736" HPOS="636"/>
							<String ID="string_213" HPOS="654" VPOS="734" WIDTH="66" HEIGHT="21" WC="0.96" CONTENT="andra"/><SP WIDTH="18" VPOS="734" HPOS="720"/>
							<String ID="string_214" HPOS="738" VPOS="734" WIDTH="23" HEIGHT="21" WC="0.93" CONTENT="af"/><SP WIDTH="16" VPOS="734" HPOS="761"/>
							<String ID="string_215" HPOS="777" VPOS="734" WIDTH="116" HEIGHT="22" WC="0.92" CONTENT="utskottets"/><SP WIDTH="14" VPOS="734" HPOS="893"/>
							<String ID="string_216" HPOS="907" VPOS="735" WIDTH="137" HEIGHT="22" WC="0.96" CONTENT="medlemmar"/>
						</TextLine>
						<TextLine ID="line_21" HPOS="221" VPOS="761" WIDTH="823" HEIGHT="28">
							<String ID="string_217" HPOS="221" VPOS="764" WIDTH="70" HEIGHT="21" WC="0.91" CONTENT="blifvit"/><SP WIDTH="14" VPOS="764" HPOS="291"/>
							<String ID="string_218" HPOS="305" VPOS="762" WIDTH="139" HEIGHT="26" WC="0.92" CONTENT="understödd,"/><SP WIDTH="16" VPOS="762" HPOS="444"/>
							<String ID="string_219" HPOS="460" VPOS="762" WIDTH="39" HEIGHT="21" WC="0.96" CONTENT="och"/><SP WIDTH="13" VPOS="762" HPOS="499"/>
							<String ID="string_220" HPOS="512" VPOS="762" WIDTH="37" HEIGHT="27" WC="0.93" CONTENT="jag"/><SP WIDTH="14" VPOS="762" HPOS="549"/>
							<String ID="string_221" HPOS="563" VPOS="761" WIDTH="69" HEIGHT="22" WC="0.92" CONTENT="finner"/><SP WIDTH="15" VPOS="761" HPOS="632"/>
							<String ID="string_222" HPOS="647" VPOS="761" WIDTH="23" HEIGHT="22" WC="0.93" CONTENT="af"/><SP WIDTH="13" VPOS="761" HPOS="670"/>
							<String ID="string_223" HPOS="683" VPOS="762" WIDTH="126" HEIGHT="26" WC="0.92" CONTENT="densamma,"/><SP WIDTH="17" VPOS="762" HPOS="809"/>
							<String ID="string_224" HPOS="826" VPOS="765" WIDTH="33" HEIGHT="18" WC="0.93" CONTENT="att"/><SP WIDTH="15" VPOS="765" HPOS="859"/>
							<String ID="string_225" HPOS="874" VPOS="763" WIDTH="96" HEIGHT="26" WC="0.92" CONTENT="orsaken,"/><SP WIDTH="12" VPOS="763" HPOS="970"/>
							<String ID="string_226" HPOS="982" VPOS="764" WIDTH="62" HEIGHT="21" WC="0.90" CONTENT="hvar-"/>
						</TextLine>
						<TextLine ID="line_22" HPOS="219" VPOS="790" WIDTH="825" HEIGHT="29">
							<String ID="string_227" HPOS="219" VPOS="792" WIDTH="34" HEIGHT="21" WC="0.95" CONTENT="för"/><SP WIDTH="18" VPOS="792" HPOS="253"/>
							<String ID="string_228" HPOS="271" VPOS="792" WIDTH="26" HEIGHT="21" WC="0.93" CONTENT="de"/><SP WIDTH="18" VPOS="792" HPOS="297"/>
							<String ID="string_229" HPOS="315" VPOS="791" WIDTH="67" HEIGHT="21" WC="0.93" CONTENT="ärade"/><SP WIDTH="18" VPOS="791" HPOS="382"/>
							<String ID="string_230" HPOS="400" VPOS="792" WIDTH="160" HEIGHT="19" WC="0.92" CONTENT="reservanterne"/><SP WIDTH="18" VPOS="792" HPOS="560"/>
							<String ID="string_231" HPOS="578" VPOS="792" WIDTH="90" HEIGHT="19" WC="0.96" CONTENT="motsatt"/><SP WIDTH="18" VPOS="792" HPOS="668"/>
							<String ID="string_232" HPOS="686" VPOS="790" WIDTH="31" HEIGHT="27" WC="0.96" CONTENT="sig"/><SP WIDTH="18" VPOS="790" HPOS="717"/>
							<String ID="string_233" HPOS="735" VPOS="791" WIDTH="41" HEIGHT="20" WC="0.96" CONTENT="den"/><SP WIDTH="18" VPOS="791" HPOS="776"/>
							<String ID="string_234" HPOS="794" VPOS="790" WIDTH="70" HEIGHT="22" WC="0.93" CONTENT="finska"/><SP WIDTH="18" VPOS="790" HPOS="864"/>
							<String ID="string_235" HPOS="882" VPOS="791" WIDTH="86" HEIGHT="22" WC="0.91" CONTENT="skolans"/><SP WIDTH="18" VPOS="791" HPOS="968"/>
							<String ID="string_236" HPOS="986" VPOS="792" WIDTH="58" HEIGHT="27" WC="0.78" CONTENT="flytt-"/>
						</TextLine>
						<TextLine ID="line_23" HPOS="220" VPOS="818" WIDTH="824" HEIGHT="30">
							<String ID="string_237" HPOS="220" VPOS="821" WIDTH="51" HEIGHT="26" WC="0.96" CONTENT="ning"/><SP WIDTH="15" VPOS="821" HPOS="271"/>
							<String ID="string_238" HPOS="286" VPOS="820" WIDTH="32" HEIGHT="21" WC="0.93" CONTENT="till"/><SP WIDTH="15" VPOS="820" HPOS="318"/>
							<String ID="string_239" HPOS="333" VPOS="819" WIDTH="164" HEIGHT="25" WC="0.92" CONTENT="hufvudstaden,"/><SP WIDTH="15" VPOS="819" HPOS="497"/>
							<String ID="string_240" HPOS="512" VPOS="819" WIDTH="117" HEIGHT="26" WC="0.92" CONTENT="ingalunda"/><SP WIDTH="14" VPOS="819" HPOS="629"/>
							<String ID="string_241" HPOS="643" VPOS="818" WIDTH="40" HEIGHT="21" WC="0.93" CONTENT="har"/><SP WIDTH="14" VPOS="818" HPOS="683"/>
							<String ID="string_242" HPOS="697" VPOS="818" WIDTH="116" HEIGHT="21" WC="0.93" CONTENT="föranledts"/><SP WIDTH="15" VPOS="818" HPOS="813"/>
							<String ID="string_243" HPOS="828" VPOS="818" WIDTH="24" HEIGHT="22" WC="0.93" CONTENT="af"/><SP WIDTH="13" VPOS="818" HPOS="852"/>
							<String ID="string_244" HPOS="865" VPOS="819" WIDTH="69" HEIGHT="27" WC="0.91" CONTENT="nägon"/><SP WIDTH="16" VPOS="819" HPOS="934"/>
							<String ID="string_245" HPOS="950" VPOS="821" WIDTH="94" HEIGHT="27" WC="0.91" CONTENT="ovänlig-"/>
						</TextLine>
						<TextLine ID="line_24" HPOS="220" VPOS="846" WIDTH="824" HEIGHT="27">
							<String ID="string_246" HPOS="220" VPOS="849" WIDTH="37" HEIGHT="20" WC="0.96" CONTENT="het"/><SP WIDTH="18" VPOS="849" HPOS="257"/>
							<String ID="string_247" HPOS="275" VPOS="848" WIDTH="52" HEIGHT="21" WC="0.93" CONTENT="eller"/><SP WIDTH="17" VPOS="848" HPOS="327"/>
							<String ID="string_248" HPOS="344" VPOS="847" WIDTH="82" HEIGHT="26" WC="0.93" CONTENT="fientlig"/><SP WIDTH="18" VPOS="847" HPOS="426"/>
							<String ID="string_249" HPOS="444" VPOS="847" WIDTH="108" HEIGHT="26" WC="0.91" CONTENT="stämning"/><SP WIDTH="18" VPOS="847" HPOS="552"/>
							<String ID="string_250" HPOS="570" VPOS="848" WIDTH="45" HEIGHT="19" WC="0.96" CONTENT="mot"/><SP WIDTH="19" VPOS="848" HPOS="615"/>
							<String ID="string_251" HPOS="634" VPOS="846" WIDTH="26" HEIGHT="21" WC="0.96" CONTENT="de"/><SP WIDTH="20" VPOS="846" HPOS="660"/>
							<String ID="string_252" HPOS="680" VPOS="846" WIDTH="67" HEIGHT="21" WC="0.93" CONTENT="finska"/><SP WIDTH="15" VPOS="846" HPOS="747"/>
							<String ID="string_253" HPOS="762" VPOS="847" WIDTH="106" HEIGHT="25" WC="0.91" CONTENT="skolorna,"/><SP WIDTH="16" VPOS="847" HPOS="868"/>
							<String ID="string_254" HPOS="884" VPOS="849" WIDTH="51" HEIGHT="20" WC="0.93" CONTENT="utan"/><SP WIDTH="16" VPOS="849" HPOS="935"/>
							<String ID="string_255" HPOS="951" VPOS="849" WIDTH="93" HEIGHT="23" WC="0.92" CONTENT="tvärtom"/>
						</TextLine>
						<TextLine ID="line_25" HPOS="218" VPOS="874" WIDTH="826" HEIGHT="29">
							<String ID="string_256" HPOS="218" VPOS="876" WIDTH="136" HEIGHT="22" WC="0.92" CONTENT="förestafvats"/><SP WIDTH="9" VPOS="876" HPOS="354"/>
							<String ID="string_257" HPOS="363" VPOS="874" WIDTH="23" HEIGHT="22" WC="0.97" CONTENT="af"/><SP WIDTH="6" VPOS="874" HPOS="386"/>
							<String ID="string_258" HPOS="392" VPOS="875" WIDTH="41" HEIGHT="21" WC="0.93" CONTENT="den"/><SP WIDTH="7" VPOS="875" HPOS="433"/>
							<String ID="string_259" HPOS="440" VPOS="876" WIDTH="106" HEIGHT="20" WC="0.92" CONTENT="varmaste"/><SP WIDTH="8" VPOS="876" HPOS="546"/>
							<String ID="string_260" HPOS="554" VPOS="874" WIDTH="86" HEIGHT="27" WC="0.91" CONTENT="välvilja"/><SP WIDTH="8" VPOS="874" HPOS="640"/>
							<String ID="string_261" HPOS="648" VPOS="874" WIDTH="40" HEIGHT="22" WC="0.93" CONTENT="och"/><SP WIDTH="7" VPOS="874" HPOS="688"/>
							<String ID="string_262" HPOS="695" VPOS="874" WIDTH="147" HEIGHT="27" WC="0.92" CONTENT="tillgifvenhet."/><SP WIDTH="15" VPOS="874" HPOS="842"/>
							<String ID="string_263" HPOS="857" VPOS="875" WIDTH="42" HEIGHT="21" WC="0.95" CONTENT="Det"/><SP WIDTH="8" VPOS="875" HPOS="899"/>
							<String ID="string_264" HPOS="907" VPOS="877" WIDTH="24" HEIGHT="20" WC="0.93" CONTENT="är"/><SP WIDTH="6" VPOS="877" HPOS="931"/>
							<String ID="string_265" HPOS="937" VPOS="876" WIDTH="107" HEIGHT="27" WC="0.92" CONTENT="nemligen"/>
						</TextLine>
						<TextLine ID="line_26" HPOS="219" VPOS="902" WIDTH="825" HEIGHT="27">
							<String ID="string_266" HPOS="219" VPOS="905" WIDTH="33" HEIGHT="21" WC="0.93" CONTENT="uti"/><SP WIDTH="14" VPOS="905" HPOS="252"/>
							<String ID="string_267" HPOS="266" VPOS="904" WIDTH="42" HEIGHT="21" WC="0.96" CONTENT="den"/><SP WIDTH="14" VPOS="904" HPOS="308"/>
							<String ID="string_268" HPOS="322" VPOS="903" WIDTH="70" HEIGHT="21" WC="0.93" CONTENT="finska"/><SP WIDTH="15" VPOS="903" HPOS="392"/>
							<String ID="string_269" HPOS="407" VPOS="903" WIDTH="86" HEIGHT="21" WC="0.92" CONTENT="skolans"/><SP WIDTH="16" VPOS="903" HPOS="493"/>
							<String ID="string_270" HPOS="509" VPOS="903" WIDTH="54" HEIGHT="26" WC="0.95" CONTENT="egna"/><SP WIDTH="15" VPOS="903" HPOS="563"/>
							<String ID="string_271" HPOS="578" VPOS="903" WIDTH="40" HEIGHT="21" WC="0.96" CONTENT="och"/><SP WIDTH="11" VPOS="903" HPOS="618"/>
							<String ID="string_272" HPOS="629" VPOS="903" WIDTH="35" HEIGHT="21" WC="0.93" CONTENT="väl"/><SP WIDTH="7" VPOS="903" HPOS="664"/>
							<String ID="string_273" HPOS="671" VPOS="902" WIDTH="108" HEIGHT="22" WC="0.92" CONTENT="förstädda"/><SP WIDTH="8" VPOS="902" HPOS="779"/>
							<String ID="string_274" HPOS="787" VPOS="903" WIDTH="95" HEIGHT="26" WC="0.96" CONTENT="intresse,"/><SP WIDTH="9" VPOS="903" HPOS="882"/>
							<String ID="string_275" HPOS="891" VPOS="910" WIDTH="46" HEIGHT="14" WC="0.97" CONTENT="som"/><SP WIDTH="7" VPOS="910" HPOS="937"/>
							<String ID="string_276" HPOS="944" VPOS="904" WIDTH="27" HEIGHT="21" WC="0.93" CONTENT="de"/><SP WIDTH="8" VPOS="904" HPOS="971"/>
							<String ID="string_277" HPOS="979" VPOS="904" WIDTH="65" HEIGHT="22" WC="0.92" CONTENT="ärade"/>
						</TextLine>
						<TextLine ID="line_27" HPOS="219" VPOS="930" WIDTH="825" HEIGHT="28">
							<String ID="string_278" HPOS="219" VPOS="934" WIDTH="161" HEIGHT="21" WC="0.92" CONTENT="reservanterne"/><SP WIDTH="15" VPOS="934" HPOS="380"/>
							<String ID="string_279" HPOS="395" VPOS="933" WIDTH="102" HEIGHT="20" WC="0.96" CONTENT="motsätta"/><SP WIDTH="15" VPOS="933" HPOS="497"/>
							<String ID="string_280" HPOS="512" VPOS="932" WIDTH="32" HEIGHT="26" WC="0.95" CONTENT="sig"/><SP WIDTH="16" VPOS="932" HPOS="544"/>
							<String ID="string_281" HPOS="560" VPOS="932" WIDTH="70" HEIGHT="20" WC="0.93" CONTENT="denna"/><SP WIDTH="14" VPOS="932" HPOS="630"/>
							<String ID="string_282" HPOS="644" VPOS="930" WIDTH="104" HEIGHT="28" WC="0.91" CONTENT="flyttning."/><SP WIDTH="30" VPOS="930" HPOS="748"/>
							<String ID="string_283" HPOS="778" VPOS="932" WIDTH="31" HEIGHT="20" WC="0.84" CONTENT="D6"/><SP WIDTH="16" VPOS="932" HPOS="809"/>
							<String ID="string_284" HPOS="825" VPOS="931" WIDTH="94" HEIGHT="27" WC="0.96" CONTENT="åberopa"/><SP WIDTH="11" VPOS="931" HPOS="919"/>
							<String ID="string_285" HPOS="930" VPOS="932" WIDTH="73" HEIGHT="22" WC="0.93" CONTENT="härför"/><SP WIDTH="7" VPOS="932" HPOS="1003"/>
							<String ID="string_286" HPOS="1010" VPOS="933" WIDTH="34" HEIGHT="21" WC="0.92" CONTENT="sä-"/>
						</TextLine>
						<TextLine ID="line_28" HPOS="220" VPOS="960" WIDTH="824" HEIGHT="27">
							<String ID="string_287" HPOS="220" VPOS="968" WIDTH="45" HEIGHT="15" WC="0.96" CONTENT="som"/><SP WIDTH="16" VPOS="968" HPOS="265"/>
							<String ID="string_288" HPOS="281" VPOS="960" WIDTH="48" HEIGHT="22" WC="0.93" CONTENT="stöd"/><SP WIDTH="14" VPOS="960" HPOS="329"/>
							<String ID="string_289" HPOS="343" VPOS="960" WIDTH="48" HEIGHT="27" WC="0.93" CONTENT="fyra"/><SP WIDTH="15" VPOS="960" HPOS="391"/>
							<String ID="string_290" HPOS="406" VPOS="960" WIDTH="57" HEIGHT="21" WC="0.93" CONTENT="olika"/><SP WIDTH="15" VPOS="960" HPOS="463"/>
							<String ID="string_291" HPOS="478" VPOS="960" WIDTH="56" HEIGHT="26" WC="0.93" CONTENT="slags"/><SP WIDTH="15" VPOS="960" HPOS="534"/>
							<String ID="string_292" HPOS="549" VPOS="960" WIDTH="53" HEIGHT="25" WC="0.93" CONTENT="skäl,"/><SP WIDTH="17" VPOS="960" HPOS="602"/>
							<String ID="string_293" HPOS="619" VPOS="960" WIDTH="105" HEIGHT="26" WC="0.92" CONTENT="nemligen"/><SP WIDTH="15" VPOS="960" HPOS="724"/>
							<String ID="string_294" HPOS="739" VPOS="960" WIDTH="53" HEIGHT="20" WC="0.96" CONTENT="först"/><SP WIDTH="15" VPOS="960" HPOS="792"/>
							<String ID="string_295" HPOS="807" VPOS="960" WIDTH="88" HEIGHT="21" WC="0.81" CONTENT="allmänt"/><SP WIDTH="10" VPOS="960" HPOS="895"/>
							<String ID="string_296" HPOS="905" VPOS="960" WIDTH="139" HEIGHT="22" WC="0.96" CONTENT="ekonomiska"/>
						</TextLine>
						<TextLine ID="line_29" HPOS="219" VPOS="987" WIDTH="825" HEIGHT="30">
							<String ID="string_297" HPOS="219" VPOS="990" WIDTH="99" HEIGHT="27" WC="0.93" CONTENT="grunder,"/><SP WIDTH="19" VPOS="990" HPOS="318"/>
							<String ID="string_298" HPOS="337" VPOS="988" WIDTH="66" HEIGHT="27" WC="0.93" CONTENT="derpä"/><SP WIDTH="18" VPOS="988" HPOS="403"/>
							<String ID="string_299" HPOS="421" VPOS="988" WIDTH="81" HEIGHT="27" WC="0.91" CONTENT="sedliga"/><SP WIDTH="18" VPOS="988" HPOS="502"/>
							<String ID="string_300" HPOS="520" VPOS="988" WIDTH="40" HEIGHT="22" WC="0.93" CONTENT="och"/><SP WIDTH="18" VPOS="988" HPOS="560"/>
							<String ID="string_301" HPOS="578" VPOS="988" WIDTH="122" HEIGHT="25" WC="0.91" CONTENT="moraliska,"/><SP WIDTH="18" VPOS="988" HPOS="700"/>
							<String ID="string_302" HPOS="718" VPOS="987" WIDTH="111" HEIGHT="22" WC="0.92" CONTENT="financiela"/><SP WIDTH="15" VPOS="987" HPOS="829"/>
							<String ID="string_303" HPOS="844" VPOS="988" WIDTH="40" HEIGHT="21" WC="0.97" CONTENT="och"/><SP WIDTH="14" VPOS="988" HPOS="884"/>
							<String ID="string_304" HPOS="898" VPOS="988" WIDTH="39" HEIGHT="21" WC="0.93" CONTENT="sist"/><SP WIDTH="14" VPOS="988" HPOS="937"/>
							<String ID="string_305" HPOS="951" VPOS="989" WIDTH="93" HEIGHT="27" WC="0.92" CONTENT="pedago-"/>
						</TextLine>
						<TextLine ID="line_30" HPOS="220" VPOS="1015" WIDTH="824" HEIGHT="31">
							<String ID="string_306" HPOS="220" VPOS="1018" WIDTH="67" HEIGHT="28" WC="0.88" CONTENT="giska."/><SP WIDTH="34" VPOS="1018" HPOS="287"/>
							<String ID="string_307" HPOS="321" VPOS="1017" WIDTH="34" HEIGHT="22" WC="0.96" CONTENT="Då"/><SP WIDTH="16" VPOS="1017" HPOS="355"/>
							<String ID="string_308" HPOS="371" VPOS="1017" WIDTH="37" HEIGHT="27" WC="0.93" CONTENT="jag"/><SP WIDTH="19" VPOS="1017" HPOS="408"/>
							<String ID="string_309" HPOS="427" VPOS="1017" WIDTH="67" HEIGHT="21" WC="0.96" CONTENT="måste"/><SP WIDTH="18" VPOS="1017" HPOS="494"/>
							<String ID="string_310" HPOS="512" VPOS="1023" WIDTH="52" HEIGHT="15" WC="0.96" CONTENT="anse"/><SP WIDTH="18" VPOS="1023" HPOS="564"/>
							<String ID="string_311" HPOS="582" VPOS="1018" WIDTH="33" HEIGHT="20" WC="0.97" CONTENT="att"/><SP WIDTH="15" VPOS="1018" HPOS="615"/>
							<String ID="string_312" HPOS="630" VPOS="1016" WIDTH="62" HEIGHT="21" WC="0.96" CONTENT="dessa"/><SP WIDTH="14" VPOS="1016" HPOS="692"/>
							<String ID="string_313" HPOS="706" VPOS="1016" WIDTH="45" HEIGHT="21" WC="0.96" CONTENT="skäl"/><SP WIDTH="14" VPOS="1016" HPOS="751"/>
							<String ID="string_314" HPOS="765" VPOS="1015" WIDTH="56" HEIGHT="22" WC="0.93" CONTENT="varit"/><SP WIDTH="15" VPOS="1015" HPOS="821"/>
							<String ID="string_315" HPOS="836" VPOS="1016" WIDTH="160" HEIGHT="22" WC="0.96" CONTENT="bestämmande"/><SP WIDTH="14" VPOS="1016" HPOS="996"/>
							<String ID="string_316" HPOS="1010" VPOS="1017" WIDTH="34" HEIGHT="21" WC="0.96" CONTENT="för"/>
						</TextLine>
						<TextLine ID="line_31" HPOS="218" VPOS="1044" WIDTH="826" HEIGHT="28">
							<String ID="string_317" HPOS="218" VPOS="1048" WIDTH="168" HEIGHT="23" WC="0.92" CONTENT="reservanterne,"/><SP WIDTH="16" VPOS="1048" HPOS="386"/>
							<String ID="string_318" HPOS="402" VPOS="1045" WIDTH="24" HEIGHT="21" WC="0.96" CONTENT="sä"/><SP WIDTH="15" VPOS="1045" HPOS="426"/>
							<String ID="string_319" HPOS="441" VPOS="1045" WIDTH="38" HEIGHT="21" WC="0.96" CONTENT="ber"/><SP WIDTH="11" VPOS="1045" HPOS="479"/>
							<String ID="string_320" HPOS="490" VPOS="1045" WIDTH="44" HEIGHT="27" WC="0.93" CONTENT="jag,"/><SP WIDTH="17" VPOS="1045" HPOS="534"/>
							<String ID="string_321" HPOS="551" VPOS="1044" WIDTH="90" HEIGHT="22" WC="0.92" CONTENT="oaktadt"/><SP WIDTH="15" VPOS="1044" HPOS="641"/>
							<String ID="string_322" HPOS="656" VPOS="1044" WIDTH="26" HEIGHT="21" WC="0.96" CONTENT="de"/><SP WIDTH="14" VPOS="1044" HPOS="682"/>
							<String ID="string_323" HPOS="696" VPOS="1044" WIDTH="33" HEIGHT="21" WC="0.96" CONTENT="för"/><SP WIDTH="16" VPOS="1044" HPOS="729"/>
							<String ID="string_324" HPOS="745" VPOS="1044" WIDTH="36" HEIGHT="22" WC="0.96" CONTENT="det"/><SP WIDTH="14" VPOS="1044" HPOS="781"/>
							<String ID="string_325" HPOS="795" VPOS="1046" WIDTH="69" HEIGHT="20" WC="0.96" CONTENT="mesta"/><SP WIDTH="14" VPOS="1046" HPOS="864"/>
							<String ID="string_326" HPOS="878" VPOS="1044" WIDTH="66" HEIGHT="22" WC="0.96" CONTENT="redan"/><SP WIDTH="15" VPOS="1044" HPOS="944"/>
							<String ID="string_327" HPOS="959" VPOS="1045" WIDTH="23" HEIGHT="21" WC="0.93" CONTENT="af"/><SP WIDTH="12" VPOS="1045" HPOS="982"/>
							<String ID="string_328" HPOS="994" VPOS="1045" WIDTH="50" HEIGHT="21" WC="0.91" CONTENT="herr"/>
						</TextLine>
						<TextLine ID="line_32" HPOS="218" VPOS="1072" WIDTH="826" HEIGHT="28">
							<String ID="string_329" HPOS="218" VPOS="1075" WIDTH="104" HEIGHT="21" WC="0.91" CONTENT="Sundvall"/><SP WIDTH="19" VPOS="1075" HPOS="322"/>
							<String ID="string_330" HPOS="341" VPOS="1074" WIDTH="71" HEIGHT="21" WC="0.93" CONTENT="blifvit"/><SP WIDTH="18" VPOS="1074" HPOS="412"/>
							<String ID="string_331" HPOS="430" VPOS="1073" WIDTH="134" HEIGHT="27" WC="0.92" CONTENT="vederlagda,"/><SP WIDTH="16" VPOS="1073" HPOS="564"/>
							<String ID="string_332" HPOS="580" VPOS="1073" WIDTH="123" HEIGHT="27" WC="0.93" CONTENT="ytterligare"/><SP WIDTH="15" VPOS="1073" HPOS="703"/>
							<String ID="string_333" HPOS="718" VPOS="1072" WIDTH="21" HEIGHT="22" WC="0.96" CONTENT="få"/><SP WIDTH="14" VPOS="1072" HPOS="739"/>
							<String ID="string_334" HPOS="753" VPOS="1074" WIDTH="57" HEIGHT="25" WC="0.96" CONTENT="yttra"/><SP WIDTH="14" VPOS="1074" HPOS="810"/>
							<String ID="string_335" HPOS="824" VPOS="1072" WIDTH="67" HEIGHT="27" WC="0.93" CONTENT="några"/><SP WIDTH="15" VPOS="1072" HPOS="891"/>
							<String ID="string_336" HPOS="906" VPOS="1073" WIDTH="45" HEIGHT="21" WC="0.58" CONTENT="ord."/><SP WIDTH="30" VPOS="1073" HPOS="951"/>
							<String ID="string_337" HPOS="981" VPOS="1074" WIDTH="63" HEIGHT="20" WC="0.96" CONTENT="Först"/>
						</TextLine>
						<TextLine ID="line_33" HPOS="218" VPOS="1100" WIDTH="825" HEIGHT="28">
							<String ID="string_338" HPOS="218" VPOS="1104" WIDTH="43" HEIGHT="21" WC="0.96" CONTENT="och"/><SP WIDTH="14" VPOS="1104" HPOS="261"/>
							<String ID="string_339" HPOS="275" VPOS="1104" WIDTH="75" HEIGHT="20" WC="0.96" CONTENT="främst"/><SP WIDTH="15" VPOS="1104" HPOS="350"/>
							<String ID="string_340" HPOS="365" VPOS="1102" WIDTH="106" HEIGHT="26" WC="0.96" CONTENT="åberopar"/><SP WIDTH="14" VPOS="1102" HPOS="471"/>
							<String ID="string_341" HPOS="485" VPOS="1108" WIDTH="50" HEIGHT="14" WC="0.95" CONTENT="man"/><SP WIDTH="15" VPOS="1108" HPOS="535"/>
							<String ID="string_342" HPOS="550" VPOS="1102" WIDTH="26" HEIGHT="20" WC="0.96" CONTENT="de"/><SP WIDTH="16" VPOS="1102" HPOS="576"/>
							<String ID="string_343" HPOS="592" VPOS="1101" WIDTH="52" HEIGHT="27" WC="0.91" CONTENT="dyra"/><SP WIDTH="10" VPOS="1101" HPOS="644"/>
							<String ID="string_344" HPOS="654" VPOS="1100" WIDTH="389" HEIGHT="28" WC="0.88" CONTENT="lefnadskostnaderna"/><SP WIDTH="-154" VPOS="1100" HPOS="1043"/>
							<String ID="string_345" HPOS="889" VPOS="1096" WIDTH="12" HEIGHT="36" WC="0.97" CONTENT="i"/><SP WIDTH="10" VPOS="1096" HPOS="901"/>
							<String ID="string_346" HPOS="911" VPOS="1100" WIDTH="132" HEIGHT="28" WC="0.96" CONTENT="Helsingfors,"/>
						</TextLine>
						<TextLine ID="line_34" HPOS="216" VPOS="1129" WIDTH="828" HEIGHT="29">
							<String ID="string_347" HPOS="216" VPOS="1131" WIDTH="107" HEIGHT="27" WC="0.92" CONTENT="jemförda"/><SP WIDTH="20" VPOS="1131" HPOS="323"/>
							<String ID="string_348" HPOS="343" VPOS="1130" WIDTH="49" HEIGHT="22" WC="0.96" CONTENT="med"/><SP WIDTH="16" VPOS="1130" HPOS="392"/>
							<String ID="string_349" HPOS="408" VPOS="1130" WIDTH="48" HEIGHT="21" WC="0.96" CONTENT="dem"/><SP WIDTH="18" VPOS="1130" HPOS="456"/>
							<String ID="string_350" HPOS="474" VPOS="1130" WIDTH="8" HEIGHT="21" WC="0.96" CONTENT="i"/><SP WIDTH="14" VPOS="1130" HPOS="482"/>
							<String ID="string_351" HPOS="496" VPOS="1130" WIDTH="140" HEIGHT="21" WC="0.52" CONTENT="Tavastehus."/><SP WIDTH="30" VPOS="1130" HPOS="636"/>
							<String ID="string_352" HPOS="666" VPOS="1129" WIDTH="42" HEIGHT="21" WC="0.96" CONTENT="Det"/><SP WIDTH="14" VPOS="1129" HPOS="708"/>
							<String ID="string_353" HPOS="722" VPOS="1131" WIDTH="24" HEIGHT="19" WC="0.96" CONTENT="är"/><SP WIDTH="15" VPOS="1131" HPOS="746"/>
							<String ID="string_354" HPOS="761" VPOS="1135" WIDTH="27" HEIGHT="15" WC="0.96" CONTENT="en"/><SP WIDTH="14" VPOS="1135" HPOS="788"/>
							<String ID="string_355" HPOS="802" VPOS="1130" WIDTH="49" HEIGHT="20" WC="0.96" CONTENT="fullt"/><SP WIDTH="15" VPOS="1130" HPOS="851"/>
							<String ID="string_356" HPOS="866" VPOS="1130" WIDTH="64" HEIGHT="26" WC="0.96" CONTENT="riktig"/><SP WIDTH="15" VPOS="1130" HPOS="930"/>
							<String ID="string_357" HPOS="945" VPOS="1132" WIDTH="51" HEIGHT="23" WC="0.96" CONTENT="sats,"/><SP WIDTH="16" VPOS="1132" HPOS="996"/>
							<String ID="string_358" HPOS="1012" VPOS="1131" WIDTH="32" HEIGHT="22" WC="0.96" CONTENT="att"/>
						</TextLine>
						<TextLine ID="line_35" HPOS="219" VPOS="1158" WIDTH="826" HEIGHT="28">
							<String ID="string_359" HPOS="219" VPOS="1159" WIDTH="134" HEIGHT="27" WC="0.96" CONTENT="Helsingfors"/><SP WIDTH="15" VPOS="1159" HPOS="353"/>
							<String ID="string_360" HPOS="368" VPOS="1161" WIDTH="25" HEIGHT="19" WC="0.95" CONTENT="är"/><SP WIDTH="15" VPOS="1161" HPOS="393"/>
							<String ID="string_361" HPOS="408" VPOS="1164" WIDTH="26" HEIGHT="16" WC="0.96" CONTENT="en"/><SP WIDTH="14" VPOS="1164" HPOS="434"/>
							<String ID="string_362" HPOS="448" VPOS="1158" WIDTH="106" HEIGHT="27" WC="0.95" CONTENT="betydligt"/><SP WIDTH="15" VPOS="1158" HPOS="554"/>
							<String ID="string_363" HPOS="569" VPOS="1158" WIDTH="76" HEIGHT="26" WC="0.96" CONTENT="dyrare"/><SP WIDTH="15" VPOS="1158" HPOS="645"/>
							<String ID="string_364" HPOS="660" VPOS="1159" WIDTH="34" HEIGHT="19" WC="0.96" CONTENT="ort"/><SP WIDTH="14" VPOS="1159" HPOS="694"/>
							<String ID="string_365" HPOS="708" VPOS="1159" WIDTH="27" HEIGHT="19" WC="0.96" CONTENT="än"/><SP WIDTH="16" VPOS="1159" HPOS="735"/>
							<String ID="string_366" HPOS="751" VPOS="1158" WIDTH="135" HEIGHT="25" WC="0.96" CONTENT="Tavastehus,"/><SP WIDTH="16" VPOS="1158" HPOS="886"/>
							<String ID="string_367" HPOS="902" VPOS="1164" WIDTH="48" HEIGHT="15" WC="0.96" CONTENT="men"/><SP WIDTH="13" VPOS="1164" HPOS="950"/>
							<String ID="string_368" HPOS="963" VPOS="1158" WIDTH="32" HEIGHT="27" WC="0.95" CONTENT="jag"/><SP WIDTH="10" VPOS="1158" HPOS="995"/>
							<String ID="string_369" HPOS="1005" VPOS="1158" WIDTH="40" HEIGHT="21" WC="0.96" CONTENT="har"/>
						</TextLine>
						<TextLine ID="line_36" HPOS="219" VPOS="1185" WIDTH="825" HEIGHT="29">
							<String ID="string_370" HPOS="219" VPOS="1188" WIDTH="47" HEIGHT="22" WC="0.96" CONTENT="haft"/><SP WIDTH="15" VPOS="1188" HPOS="266"/>
							<String ID="string_371" HPOS="281" VPOS="1187" WIDTH="134" HEIGHT="27" WC="0.96" CONTENT="synnerligen"/><SP WIDTH="15" VPOS="1187" HPOS="415"/>
							<String ID="string_372" HPOS="430" VPOS="1186" WIDTH="58" HEIGHT="22" WC="0.96" CONTENT="svårt"/><SP WIDTH="15" VPOS="1186" HPOS="488"/>
							<String ID="string_373" HPOS="503" VPOS="1188" WIDTH="33" HEIGHT="20" WC="0.96" CONTENT="att"/><SP WIDTH="14" VPOS="1188" HPOS="536"/>
							<String ID="string_374" HPOS="550" VPOS="1186" WIDTH="74" HEIGHT="26" WC="0.96" CONTENT="förstå,"/><SP WIDTH="16" VPOS="1186" HPOS="624"/>
							<String ID="string_375" HPOS="640" VPOS="1186" WIDTH="56" HEIGHT="20" WC="0.96" CONTENT="hvad"/><SP WIDTH="14" VPOS="1186" HPOS="696"/>
							<String ID="string_376" HPOS="710" VPOS="1186" WIDTH="59" HEIGHT="20" WC="0.96" CONTENT="detta"/><SP WIDTH="14" VPOS="1186" HPOS="769"/>
							<String ID="string_377" HPOS="783" VPOS="1185" WIDTH="39" HEIGHT="21" WC="0.96" CONTENT="har"/><SP WIDTH="14" VPOS="1185" HPOS="822"/>
							<String ID="string_378" HPOS="836" VPOS="1186" WIDTH="33" HEIGHT="21" WC="0.96" CONTENT="för"/><SP WIDTH="15" VPOS="1186" HPOS="869"/>
							<String ID="string_379" HPOS="884" VPOS="1188" WIDTH="31" HEIGHT="19" WC="0.96" CONTENT="ett"/><SP WIDTH="14" VPOS="1188" HPOS="915"/>
							<String ID="string_380" HPOS="929" VPOS="1186" WIDTH="115" HEIGHT="28" WC="0.95" CONTENT="inflytande"/>
						</TextLine>
						<TextLine ID="line_37" HPOS="218" VPOS="1214" WIDTH="825" HEIGHT="30">
							<String ID="string_381" HPOS="218" VPOS="1216" WIDTH="28" HEIGHT="28" WC="0.96" CONTENT="på"/><SP WIDTH="14" VPOS="1216" HPOS="246"/>
							<String ID="string_382" HPOS="260" VPOS="1216" WIDTH="146" HEIGHT="27" WC="0.96" CONTENT="föreliggande"/><SP WIDTH="14" VPOS="1216" HPOS="406"/>
							<String ID="string_383" HPOS="420" VPOS="1215" WIDTH="67" HEIGHT="27" WC="0.95" CONTENT="fråga."/><SP WIDTH="31" VPOS="1215" HPOS="487"/>
							<String ID="string_384" HPOS="518" VPOS="1215" WIDTH="43" HEIGHT="21" WC="0.96" CONTENT="Det"/><SP WIDTH="15" VPOS="1215" HPOS="561"/>
							<String ID="string_385" HPOS="576" VPOS="1216" WIDTH="24" HEIGHT="19" WC="0.96" CONTENT="är"/><SP WIDTH="15" VPOS="1216" HPOS="600"/>
							<String ID="string_386" HPOS="615" VPOS="1214" WIDTH="35" HEIGHT="20" WC="0.96" CONTENT="väl"/><SP WIDTH="16" VPOS="1214" HPOS="650"/>
							<String ID="string_387" HPOS="666" VPOS="1214" WIDTH="26" HEIGHT="21" WC="0.96" CONTENT="de"/><SP WIDTH="14" VPOS="1214" HPOS="692"/>
							<String ID="string_388" HPOS="706" VPOS="1214" WIDTH="64" HEIGHT="21" WC="0.93" CONTENT="ärade"/><SP WIDTH="15" VPOS="1214" HPOS="770"/>
							<String ID="string_389" HPOS="785" VPOS="1216" WIDTH="160" HEIGHT="20" WC="0.93" CONTENT="reservanterne"/><SP WIDTH="11" VPOS="1216" HPOS="945"/>
							<String ID="string_390" HPOS="956" VPOS="1214" WIDTH="87" HEIGHT="26" WC="0.96" CONTENT="bekant,"/>
						</TextLine>
						<TextLine ID="line_38" HPOS="218" VPOS="1242" WIDTH="826" HEIGHT="30">
							<String ID="string_391" HPOS="218" VPOS="1246" WIDTH="34" HEIGHT="20" WC="0.96" CONTENT="att"/><SP WIDTH="21" VPOS="1246" HPOS="252"/>
							<String ID="string_392" HPOS="273" VPOS="1244" WIDTH="33" HEIGHT="22" WC="0.96" CONTENT="uti"/><SP WIDTH="20" VPOS="1244" HPOS="306"/>
							<String ID="string_393" HPOS="326" VPOS="1243" WIDTH="133" HEIGHT="27" WC="0.96" CONTENT="Helsingfors"/><SP WIDTH="15" VPOS="1243" HPOS="459"/>
							<String ID="string_394" HPOS="474" VPOS="1242" WIDTH="68" HEIGHT="22" WC="0.96" CONTENT="finnas"/><SP WIDTH="15" VPOS="1242" HPOS="542"/>
							<String ID="string_395" HPOS="557" VPOS="1242" WIDTH="78" HEIGHT="27" WC="0.95" CONTENT="många"/><SP WIDTH="15" VPOS="1242" HPOS="635"/>
							<String ID="string_396" HPOS="650" VPOS="1242" WIDTH="77" HEIGHT="26" WC="0.96" CONTENT="skolor,"/><SP WIDTH="19" VPOS="1242" HPOS="727"/>
							<String ID="string_397" HPOS="746" VPOS="1242" WIDTH="59" HEIGHT="30" WC="0.93" CONTENT="både"/><SP WIDTH="14" VPOS="1242" HPOS="805"/>
							<String ID="string_398" HPOS="819" VPOS="1243" WIDTH="86" HEIGHT="21" WC="0.92" CONTENT="svensk-"/><SP WIDTH="19" VPOS="1243" HPOS="905"/>
							<String ID="string_399" HPOS="924" VPOS="1243" WIDTH="40" HEIGHT="21" WC="0.91" CONTENT="och"/><SP WIDTH="15" VPOS="1243" HPOS="964"/>
							<String ID="string_400" HPOS="979" VPOS="1242" WIDTH="65" HEIGHT="22" WC="0.91" CONTENT="finsk-"/>
						</TextLine>
						<TextLine ID="line_39" HPOS="218" VPOS="1270" WIDTH="826" HEIGHT="30">
							<String ID="string_401" HPOS="218" VPOS="1272" WIDTH="107" HEIGHT="28" WC="0.92" CONTENT="språkiga,"/><SP WIDTH="16" VPOS="1272" HPOS="325"/>
							<String ID="string_402" HPOS="341" VPOS="1278" WIDTH="49" HEIGHT="15" WC="0.96" CONTENT="men"/><SP WIDTH="15" VPOS="1278" HPOS="390"/>
							<String ID="string_403" HPOS="405" VPOS="1272" WIDTH="63" HEIGHT="26" WC="0.96" CONTENT="ingen"/><SP WIDTH="14" VPOS="1272" HPOS="468"/>
							<String ID="string_404" HPOS="482" VPOS="1271" WIDTH="78" HEIGHT="21" WC="0.96" CONTENT="tänker"/><SP WIDTH="15" VPOS="1271" HPOS="560"/>
							<String ID="string_405" HPOS="575" VPOS="1271" WIDTH="32" HEIGHT="26" WC="0.96" CONTENT="sig"/><SP WIDTH="16" VPOS="1271" HPOS="607"/>
							<String ID="string_406" HPOS="623" VPOS="1272" WIDTH="33" HEIGHT="20" WC="0.96" CONTENT="att"/><SP WIDTH="14" VPOS="1272" HPOS="656"/>
							<String ID="string_407" HPOS="670" VPOS="1270" WIDTH="61" HEIGHT="21" WC="0.96" CONTENT="dessa"/><SP WIDTH="15" VPOS="1270" HPOS="731"/>
							<String ID="string_408" HPOS="746" VPOS="1270" WIDTH="71" HEIGHT="22" WC="0.96" CONTENT="skolor"/><SP WIDTH="16" VPOS="1270" HPOS="817"/>
							<String ID="string_409" HPOS="833" VPOS="1271" WIDTH="67" HEIGHT="21" WC="0.96" CONTENT="skulle"/><SP WIDTH="15" VPOS="1271" HPOS="900"/>
							<String ID="string_410" HPOS="915" VPOS="1270" WIDTH="72" HEIGHT="28" WC="0.96" CONTENT="flyttas"/><SP WIDTH="7" VPOS="1270" HPOS="987"/>
							<String ID="string_411" HPOS="994" VPOS="1271" WIDTH="50" HEIGHT="21" WC="0.96" CONTENT="bort"/>
						</TextLine>
						<TextLine ID="line_40" HPOS="218" VPOS="1298" WIDTH="826" HEIGHT="29">
							<String ID="string_412" HPOS="218" VPOS="1301" WIDTH="94" HEIGHT="21" WC="0.96" CONTENT="härifrån"/><SP WIDTH="15" VPOS="1301" HPOS="312"/>
							<String ID="string_413" HPOS="327" VPOS="1300" WIDTH="28" HEIGHT="27" WC="0.96" CONTENT="pä"/><SP WIDTH="19" VPOS="1300" HPOS="355"/>
							<String ID="string_414" HPOS="374" VPOS="1300" WIDTH="70" HEIGHT="27" WC="0.96" CONTENT="grund"/><SP WIDTH="15" VPOS="1300" HPOS="444"/>
							<String ID="string_415" HPOS="459" VPOS="1299" WIDTH="23" HEIGHT="21" WC="0.96" CONTENT="af"/><SP WIDTH="14" VPOS="1299" HPOS="482"/>
							<String ID="string_416" HPOS="496" VPOS="1300" WIDTH="26" HEIGHT="20" WC="0.96" CONTENT="de"/><SP WIDTH="15" VPOS="1300" HPOS="522"/>
							<String ID="string_417" HPOS="537" VPOS="1300" WIDTH="53" HEIGHT="25" WC="0.93" CONTENT="dyra"/><SP WIDTH="15" VPOS="1300" HPOS="590"/>
							<String ID="string_418" HPOS="605" VPOS="1298" WIDTH="251" HEIGHT="22" WC="0.92" CONTENT="lefnadsförhällandena."/><SP WIDTH="29" VPOS="1298" HPOS="856"/>
							<String ID="string_419" HPOS="885" VPOS="1299" WIDTH="11" HEIGHT="20" WC="0.85" CONTENT="I"/><SP WIDTH="14" VPOS="1299" HPOS="896"/>
							<String ID="string_420" HPOS="910" VPOS="1299" WIDTH="134" HEIGHT="26" WC="0.96" CONTENT="Helsingfors"/>
						</TextLine>
						<TextLine ID="line_41" HPOS="217" VPOS="1326" WIDTH="827" HEIGHT="27">
							<String ID="string_421" HPOS="217" VPOS="1329" WIDTH="103" HEIGHT="22" WC="0.96" CONTENT="existerar"/><SP WIDTH="16" VPOS="1329" HPOS="320"/>
							<String ID="string_422" HPOS="336" VPOS="1334" WIDTH="27" HEIGHT="15" WC="0.96" CONTENT="en"/><SP WIDTH="15" VPOS="1334" HPOS="363"/>
							<String ID="string_423" HPOS="378" VPOS="1327" WIDTH="56" HEIGHT="22" WC="0.96" CONTENT="finsk"/><SP WIDTH="14" VPOS="1327" HPOS="434"/>
							<String ID="string_424" HPOS="448" VPOS="1327" WIDTH="68" HEIGHT="26" WC="0.96" CONTENT="skola,"/><SP WIDTH="14" VPOS="1327" HPOS="516"/>
							<String ID="string_425" HPOS="530" VPOS="1327" WIDTH="41" HEIGHT="21" WC="0.96" CONTENT="och"/><SP WIDTH="15" VPOS="1327" HPOS="571"/>
							<String ID="string_426" HPOS="586" VPOS="1327" WIDTH="36" HEIGHT="21" WC="0.96" CONTENT="det"/><SP WIDTH="15" VPOS="1327" HPOS="622"/>
							<String ID="string_427" HPOS="637" VPOS="1329" WIDTH="24" HEIGHT="18" WC="0.97" CONTENT="är"/><SP WIDTH="15" VPOS="1329" HPOS="661"/>
							<String ID="string_428" HPOS="676" VPOS="1326" WIDTH="75" HEIGHT="21" WC="0.96" CONTENT="endast"/><SP WIDTH="13" VPOS="1326" HPOS="751"/>
							<String ID="string_429" HPOS="764" VPOS="1326" WIDTH="60" HEIGHT="27" WC="0.96" CONTENT="fråga"/><SP WIDTH="15" VPOS="1326" HPOS="824"/>
							<String ID="string_430" HPOS="839" VPOS="1333" WIDTH="34" HEIGHT="15" WC="0.96" CONTENT="om"/><SP WIDTH="15" VPOS="1333" HPOS="873"/>
							<String ID="string_431" HPOS="888" VPOS="1327" WIDTH="70" HEIGHT="21" WC="0.96" CONTENT="denna"/><SP WIDTH="14" VPOS="1327" HPOS="958"/>
							<String ID="string_432" HPOS="972" VPOS="1327" WIDTH="72" HEIGHT="21" WC="0.96" CONTENT="skolas"/>
						</TextLine>
						<TextLine ID="line_42" HPOS="216" VPOS="1355" WIDTH="828" HEIGHT="29">
							<String ID="string_433" HPOS="216" VPOS="1357" WIDTH="125" HEIGHT="27" WC="0.96" CONTENT="förändring"/><SP WIDTH="19" VPOS="1357" HPOS="341"/>
							<String ID="string_434" HPOS="360" VPOS="1356" WIDTH="33" HEIGHT="21" WC="0.96" CONTENT="till"/><SP WIDTH="19" VPOS="1356" HPOS="393"/>
							<String ID="string_435" HPOS="412" VPOS="1362" WIDTH="26" HEIGHT="15" WC="0.93" CONTENT="en"/><SP WIDTH="14" VPOS="1362" HPOS="438"/>
							<String ID="string_436" HPOS="452" VPOS="1355" WIDTH="152" HEIGHT="26" WC="0.90" CONTENT="normalskola,"/><SP WIDTH="16" VPOS="1355" HPOS="604"/>
							<String ID="string_437" HPOS="620" VPOS="1361" WIDTH="47" HEIGHT="15" WC="0.93" CONTENT="som"/><SP WIDTH="14" VPOS="1361" HPOS="667"/>
							<String ID="string_438" HPOS="681" VPOS="1355" WIDTH="116" HEIGHT="27" WC="0.92" CONTENT="petitionen"/><SP WIDTH="15" VPOS="1355" HPOS="797"/>
							<String ID="string_439" HPOS="812" VPOS="1355" WIDTH="71" HEIGHT="21" WC="0.89" CONTENT="afsett."/><SP WIDTH="29" VPOS="1355" HPOS="883"/>
							<String ID="string_440" HPOS="912" VPOS="1355" WIDTH="43" HEIGHT="22" WC="0.91" CONTENT="För"/><SP WIDTH="13" VPOS="1355" HPOS="955"/>
							<String ID="string_441" HPOS="968" VPOS="1357" WIDTH="76" HEIGHT="20" WC="0.91" CONTENT="närva-"/>
						</TextLine>
						<TextLine ID="line_43" HPOS="216" VPOS="1383" WIDTH="828" HEIGHT="27">
							<String ID="string_442" HPOS="216" VPOS="1386" WIDTH="68" HEIGHT="21" WC="0.95" CONTENT="rande"/><SP WIDTH="15" VPOS="1386" HPOS="284"/>
							<String ID="string_443" HPOS="299" VPOS="1387" WIDTH="36" HEIGHT="20" WC="0.96" CONTENT="äro"/><SP WIDTH="16" VPOS="1387" HPOS="335"/>
							<String ID="string_444" HPOS="351" VPOS="1385" WIDTH="27" HEIGHT="21" WC="0.96" CONTENT="de"/><SP WIDTH="15" VPOS="1385" HPOS="378"/>
							<String ID="string_445" HPOS="393" VPOS="1385" WIDTH="60" HEIGHT="25" WC="0.96" CONTENT="barn,"/><SP WIDTH="16" VPOS="1385" HPOS="453"/>
							<String ID="string_446" HPOS="469" VPOS="1390" WIDTH="46" HEIGHT="15" WC="0.96" CONTENT="som"/><SP WIDTH="15" VPOS="1390" HPOS="515"/>
							<String ID="string_447" HPOS="530" VPOS="1383" WIDTH="82" HEIGHT="22" WC="0.96" CONTENT="besöka"/><SP WIDTH="14" VPOS="1383" HPOS="612"/>
							<String ID="string_448" HPOS="626" VPOS="1383" WIDTH="70" HEIGHT="21" WC="0.96" CONTENT="denna"/><SP WIDTH="7" VPOS="1383" HPOS="696"/>
							<String ID="string_449" HPOS="703" VPOS="1383" WIDTH="66" HEIGHT="26" WC="0.96" CONTENT="skola,"/><SP WIDTH="10" VPOS="1383" HPOS="769"/>
							<String ID="string_450" HPOS="779" VPOS="1383" WIDTH="156" HEIGHT="22" WC="0.96" CONTENT="underkastade"/><SP WIDTH="8" VPOS="1383" HPOS="935"/>
							<String ID="string_451" HPOS="943" VPOS="1383" WIDTH="26" HEIGHT="22" WC="0.96" CONTENT="de"/><SP WIDTH="9" VPOS="1383" HPOS="969"/>
							<String ID="string_452" HPOS="978" VPOS="1384" WIDTH="66" HEIGHT="26" WC="0.96" CONTENT="dryga"/>
						</TextLine>
						<TextLine ID="line_44" HPOS="217" VPOS="1411" WIDTH="827" HEIGHT="28">
							<String ID="string_453" HPOS="217" VPOS="1413" WIDTH="230" HEIGHT="24" WC="0.92" CONTENT="lefnadskostnaderna"/><SP WIDTH="17" VPOS="1413" HPOS="447"/>
							<String ID="string_454" HPOS="464" VPOS="1413" WIDTH="8" HEIGHT="20" WC="0.97" CONTENT="i"/><SP WIDTH="18" VPOS="1413" HPOS="472"/>
							<String ID="string_455" HPOS="490" VPOS="1411" WIDTH="134" HEIGHT="28" WC="0.96" CONTENT="Helsingfors"/><SP WIDTH="20" VPOS="1411" HPOS="624"/>
							<String ID="string_456" HPOS="644" VPOS="1411" WIDTH="40" HEIGHT="22" WC="0.96" CONTENT="och"/><SP WIDTH="18" VPOS="1411" HPOS="684"/>
							<String ID="string_457" HPOS="702" VPOS="1411" WIDTH="47" HEIGHT="21" WC="0.96" CONTENT="icke"/><SP WIDTH="15" VPOS="1411" HPOS="749"/>
							<String ID="string_458" HPOS="764" VPOS="1411" WIDTH="55" HEIGHT="22" WC="0.96" CONTENT="blott"/><SP WIDTH="15" VPOS="1411" HPOS="819"/>
							<String ID="string_459" HPOS="834" VPOS="1411" WIDTH="65" HEIGHT="26" WC="0.96" CONTENT="detta,"/><SP WIDTH="15" VPOS="1411" HPOS="899"/>
							<String ID="string_460" HPOS="914" VPOS="1414" WIDTH="53" HEIGHT="19" WC="0.96" CONTENT="utan"/><SP WIDTH="14" VPOS="1414" HPOS="967"/>
							<String ID="string_461" HPOS="981" VPOS="1411" WIDTH="63" HEIGHT="22" WC="0.96" CONTENT="äfven"/>
						</TextLine>
						<TextLine ID="line_45" HPOS="216" VPOS="1439" WIDTH="827" HEIGHT="30">
							<String ID="string_462" HPOS="216" VPOS="1449" WIDTH="29" HEIGHT="16" WC="0.96" CONTENT="en"/><SP WIDTH="11" VPOS="1449" HPOS="245"/>
							<String ID="string_463" HPOS="256" VPOS="1442" WIDTH="107" HEIGHT="27" WC="0.96" CONTENT="betydligt"/><SP WIDTH="11" VPOS="1442" HPOS="363"/>
							<String ID="string_464" HPOS="374" VPOS="1440" WIDTH="85" HEIGHT="28" WC="0.69" CONTENT="förhöjd"/><SP WIDTH="11" VPOS="1440" HPOS="459"/>
							<String ID="string_465" HPOS="470" VPOS="1439" WIDTH="158" HEIGHT="28" WC="0.92" CONTENT="terminsafgift."/><SP WIDTH="20" VPOS="1439" HPOS="628"/>
							<String ID="string_466" HPOS="648" VPOS="1439" WIDTH="132" HEIGHT="27" WC="0.93" CONTENT="Afgifternai"/><SP WIDTH="11" VPOS="1439" HPOS="780"/>
							<String ID="string_467" HPOS="791" VPOS="1440" WIDTH="42" HEIGHT="21" WC="0.96" CONTENT="den"/><SP WIDTH="7" VPOS="1440" HPOS="833"/>
							<String ID="string_468" HPOS="840" VPOS="1439" WIDTH="69" HEIGHT="22" WC="0.95" CONTENT="finska"/><SP WIDTH="11" VPOS="1439" HPOS="909"/>
							<String ID="string_469" HPOS="920" VPOS="1440" WIDTH="82" HEIGHT="26" WC="0.93" CONTENT="skolan,"/><SP WIDTH="9" VPOS="1440" HPOS="1002"/>
							<String ID="string_470" HPOS="1011" VPOS="1439" WIDTH="32" HEIGHT="22" WC="0.92" CONTENT="öf-"/>
						</TextLine>
						<TextLine ID="line_46" HPOS="217" VPOS="1467" WIDTH="827" HEIGHT="30">
							<String ID="string_471" HPOS="217" VPOS="1470" WIDTH="94" HEIGHT="27" WC="0.91" CONTENT="verstiga"/><SP WIDTH="11" VPOS="1470" HPOS="311"/>
							<String ID="string_472" HPOS="322" VPOS="1469" WIDTH="49" HEIGHT="22" WC="0.96" CONTENT="med"/><SP WIDTH="11" VPOS="1469" HPOS="371"/>
							<String ID="string_473" HPOS="382" VPOS="1469" WIDTH="58" HEIGHT="26" WC="0.10" CONTENT="50/9"/><SP WIDTH="8" VPOS="1469" HPOS="440"/>
							<String ID="string_474" HPOS="448" VPOS="1469" WIDTH="48" HEIGHT="21" WC="0.96" CONTENT="dem"/><SP WIDTH="8" VPOS="1469" HPOS="496"/>
							<String ID="string_475" HPOS="504" VPOS="1469" WIDTH="32" HEIGHT="21" WC="0.93" CONTENT="uti"/><SP WIDTH="8" VPOS="1469" HPOS="536"/>
							<String ID="string_476" HPOS="544" VPOS="1468" WIDTH="163" HEIGHT="21" WC="0.92" CONTENT="statsskolorna."/><SP WIDTH="15" VPOS="1468" HPOS="707"/>
							<String ID="string_477" HPOS="722" VPOS="1467" WIDTH="154" HEIGHT="28" WC="0.92" CONTENT="Förflyttandet"/><SP WIDTH="8" VPOS="1467" HPOS="876"/>
							<String ID="string_478" HPOS="884" VPOS="1468" WIDTH="23" HEIGHT="21" WC="0.93" CONTENT="af"/><SP WIDTH="5" VPOS="1468" HPOS="907"/>
							<String ID="string_479" HPOS="912" VPOS="1468" WIDTH="132" HEIGHT="21" WC="0.92" CONTENT="normalsko-"/>
						</TextLine>
						<TextLine ID="line_47" HPOS="217" VPOS="1496" WIDTH="827" HEIGHT="29">
							<String ID="string_480" HPOS="217" VPOS="1500" WIDTH="36" HEIGHT="21" WC="0.95" CONTENT="lan"/><SP WIDTH="11" VPOS="1500" HPOS="253"/>
							<String ID="string_481" HPOS="264" VPOS="1499" WIDTH="33" HEIGHT="22" WC="0.96" CONTENT="till"/><SP WIDTH="10" VPOS="1499" HPOS="297"/>
							<String ID="string_482" HPOS="307" VPOS="1497" WIDTH="135" HEIGHT="28" WC="0.96" CONTENT="Helsingfors"/><SP WIDTH="15" VPOS="1497" HPOS="442"/>
							<String ID="string_483" HPOS="457" VPOS="1497" WIDTH="69" HEIGHT="22" WC="0.96" CONTENT="skulle"/><SP WIDTH="12" VPOS="1497" HPOS="526"/>
							<String ID="string_484" HPOS="538" VPOS="1496" WIDTH="83" HEIGHT="22" WC="0.96" CONTENT="således"/><SP WIDTH="12" VPOS="1496" HPOS="621"/>
							<String ID="string_485" HPOS="633" VPOS="1496" WIDTH="23" HEIGHT="21" WC="0.96" CONTENT="åt"/><SP WIDTH="10" VPOS="1496" HPOS="656"/>
							<String ID="string_486" HPOS="666" VPOS="1496" WIDTH="42" HEIGHT="21" WC="0.96" CONTENT="alla"/><SP WIDTH="7" VPOS="1496" HPOS="708"/>
							<String ID="string_487" HPOS="715" VPOS="1496" WIDTH="62" HEIGHT="21" WC="0.96" CONTENT="dessa"/><SP WIDTH="7" VPOS="1496" HPOS="777"/>
							<String ID="string_488" HPOS="784" VPOS="1496" WIDTH="80" HEIGHT="21" WC="0.96" CONTENT="elevers"/><SP WIDTH="7" VPOS="1496" HPOS="864"/>
							<String ID="string_489" HPOS="871" VPOS="1496" WIDTH="105" HEIGHT="22" WC="0.93" CONTENT="föräldrar"/><SP WIDTH="7" VPOS="1496" HPOS="976"/>
							<String ID="string_490" HPOS="983" VPOS="1497" WIDTH="61" HEIGHT="21" WC="0.92" CONTENT="bere-"/>
						</TextLine>
						<TextLine ID="line_48" HPOS="218" VPOS="1524" WIDTH="826" HEIGHT="25">
							<String ID="string_491" HPOS="218" VPOS="1529" WIDTH="28" HEIGHT="20" WC="0.95" CONTENT="da"/><SP WIDTH="22" VPOS="1529" HPOS="246"/>
							<String ID="string_492" HPOS="268" VPOS="1533" WIDTH="27" HEIGHT="16" WC="0.96" CONTENT="en"/><SP WIDTH="21" VPOS="1533" HPOS="295"/>
							<String ID="string_493" HPOS="316" VPOS="1524" WIDTH="128" HEIGHT="25" WC="0.81" CONTENT="ekonomisk"/><SP WIDTH="20" VPOS="1524" HPOS="444"/>
							<String ID="string_494" HPOS="464" VPOS="1525" WIDTH="76" HEIGHT="22" WC="0.94" CONTENT="fördel."/><SP WIDTH="34" VPOS="1525" HPOS="540"/>
							<String ID="string_495" HPOS="574" VPOS="1525" WIDTH="43" HEIGHT="21" WC="0.96" CONTENT="Det"/><SP WIDTH="19" VPOS="1525" HPOS="617"/>
							<String ID="string_496" HPOS="636" VPOS="1524" WIDTH="68" HEIGHT="21" WC="0.96" CONTENT="skulle"/><SP WIDTH="15" VPOS="1524" HPOS="704"/>
							<String ID="string_497" HPOS="719" VPOS="1524" WIDTH="64" HEIGHT="21" WC="0.96" CONTENT="också"/><SP WIDTH="13" VPOS="1524" HPOS="783"/>
							<String ID="string_498" HPOS="796" VPOS="1524" WIDTH="66" HEIGHT="21" WC="0.96" CONTENT="blifva"/><SP WIDTH="16" VPOS="1524" HPOS="862"/>
							<String ID="string_499" HPOS="878" VPOS="1531" WIDTH="26" HEIGHT="15" WC="0.96" CONTENT="en"/><SP WIDTH="14" VPOS="1531" HPOS="904"/>
							<String ID="string_500" HPOS="918" VPOS="1525" WIDTH="126" HEIGHT="22" WC="0.96" CONTENT="ekonomisk"/>
						</TextLine>
					</TextBlock>
				</ComposedBlock>
			</PrintSpace>
		</Page>
	</Layout>
</alto>
