1100 1786
236 159 36 18 370
503 159 93 22 Borgarest.
608 159 45 20 1885.
670 159 23 20 26
704 160 47 20 Fohr.

282 227 55 20 Herr
351 227 150 20 Lindblom:
523 227 42 26 Jag
582 227 94 26 begärde
691 227 61 21 ordet
766 227 178 28 hufvudsakligen
958 229 34 22 för
1006 232 35 20 att

212 255 122 26 ytterligare
356 254 83 27 påyrka
453 255 130 25 antagandet
602 255 24 20 af
639 255 41 20 den
695 255 137 26 reservation,
845 256 39 27 jag
898 257 33 21 för
945 257 44 21 min
1004 259 35 20 del

214 283 61 20 äfven
290 283 39 20 har
344 283 88 20 biträdt.
454 282 41 26 Jag
510 288 63 14 anser
587 282 37 21 det
639 289 51 13 vara
704 283 48 20 utaf
764 284 106 26 väsentlig
880 285 46 26 vigt
937 287 33 18 att
980 287 60 19 stän-

213 310 65 21 derna
293 310 35 20 vid
343 310 131 26 antagandet
489 310 23 20 af
526 310 70 20 denna
610 310 35 26 lag
659 310 48 20 icke
721 311 69 20 uttala
800 311 68 26 några
879 312 159 26 önskningsmål

214 344 34 15 om
270 338 55 20 huru
346 338 148 26 penningarna
515 338 53 20 böra
587 338 101 25 placeras,
703 338 122 26 isynnerhet
840 340 29 20 då
883 340 7 20 i
905 340 41 21 den
959 340 80 27 nådiga

212 366 161 26 propositionen
388 365 123 21 framhålles
525 366 33 20 att
573 366 26 20 de
614 365 53 21 böra
681 366 95 26 placeras
791 366 8 21 i
813 368 158 21 räntebärande
985 374 54 21 pap-

213 399 43 21 per,
272 393 81 21 hvilket
373 393 37 27 jag
431 392 34 22 för
486 393 43 21 min
548 393 35 20 del
601 392 68 22 finner
687 399 51 15 vara
752 394 84 26 mycket
850 396 35 20 väl
900 396 96 21 betänkt.
1025 396 13 20 I

212 420 67 22 likhet
300 421 49 21 med
373 421 41 21 den
431 420 129 27 föregående
578 421 83 21 talaren
680 427 61 15 anser
755 422 61 21 äfven
829 422 39 27 jag
882 425 32 19 att
928 425 110 25 postspar-

213 448 84 22 banken
312 449 47 21 icke
375 454 50 20 eger
439 448 66 26 några
519 448 106 21 särskilda
638 449 104 20 intressen
758 452 32 18 att
804 450 113 26 tillgodose
931 451 49 21 med
990 452 46 20 sina

214 477 74 25 medel,
304 477 71 21 såsom
389 478 34 19 att
437 478 16 19 t.
468 482 32 15 ex.
515 476 78 26 bevilja
607 476 35 21 län
657 476 22 22 ät
693 476 153 22 kommunerna
862 484 18 15 o.
896 485 16 14 s.
928 485 19 15 v.
972 479 65 21 Dess-

212 506 59 20 utom
288 504 39 21 har
345 504 114 26 utskottet,
474 504 33 21 för
522 504 41 21 den
578 504 102 21 händelse
694 504 66 26 nägra
774 507 69 19 större
858 506 78 27 belopp
950 507 87 25 komma

214 534 32 19 att
260 538 75 20 genom
350 532 185 27 postsparbanken
550 532 85 25 samlas,
650 532 81 21 hvilket
743 533 24 25 ju
782 535 25 19 är
821 534 56 20 bäde
892 536 31 19 att
938 534 98 22 förmoda

213 560 40 22 och
268 562 32 19 att
314 560 74 25 önska,
401 560 78 21 uttalat
494 560 41 20 den
550 560 62 26 äsigt,
624 561 33 19 att
671 561 105 25 regörelse
790 560 60 22 öfver
864 562 95 20 bankens
973 562 64 23 verk-

212 588 82 21 samhet
315 588 39 20 bör
377 588 248 20 nästsammanträdande
644 588 86 20 ständer
748 589 114 25 meddelas,
878 590 27 19 dä
920 590 115 21 ständerna

212 618 36 19 äro
266 616 8 21 i
291 616 84 21 tillfälle
394 617 31 19 att
443 617 53 25 göra
511 615 26 21 de
551 615 118 26 erinringar
685 615 38 21 och
738 616 148 27 påminnelser,
902 623 45 15 som
962 617 72 22 kunna

212 650 62 15 anses
296 644 110 26 befogade.
436 644 55 20 Herr
509 644 102 26 Ignatius'
627 643 136 27 andragande
778 650 33 15 om
827 645 170 27 obehöfligheten
1012 646 23 20 af

212 674 32 19 att
255 672 106 20 fastställa
372 672 65 26 nägot
449 672 115 20 maximum
574 672 33 20 för
618 672 168 26 insättningarna
801 672 39 21 har
855 673 89 21 likasom
960 674 74 20 ätskil-

211 700 43 26 liga
268 700 68 20 andra
348 699 165 26 anmärkningar
524 699 67 21 redan
602 699 71 21 blifvit
687 699 22 21 af
723 700 49 20 herr
786 700 148 27 Schybergson
950 702 85 25 ganska

212 728 82 21 sakrikt
308 728 102 20 bemötta.
432 728 41 25 Jag
488 733 62 15 anser
565 729 32 19 att
612 727 156 21 fastställandet
783 728 23 20 af
815 730 31 19 ett
860 729 85 21 maximi
956 730 77 26 belopp

212 756 40 20 har
270 756 36 20 det
320 757 79 19 största
414 755 115 27 inflytande
543 755 28 26 pä
585 755 137 27 möjligheten
738 756 20 20 af
773 758 31 18 att
819 757 167 26 postsparbanks
1001 758 33 20 in-

211 784 124 21 stitutionen
353 784 99 26 utvidgas
471 783 24 21 sä
512 783 85 26 mycket
615 789 45 15 som
679 784 87 26 möjligt,
785 784 27 20 dä
830 784 122 27 derigenom
970 785 64 21 äfven

212 812 26 21 de
252 812 82 21 mindre
349 812 181 26 poststationerna
544 811 74 21 kunna
631 811 98 27 upplåtas
744 812 32 20 för
791 812 59 21 detta
865 813 104 21 ändamål.
992 813 40 21 Om

211 840 117 27 penningar
342 839 34 21 till
391 839 143 26 obegränsadt
549 839 78 27 belopp
643 839 38 21 der
695 839 72 21 kunna
781 840 21 20 fä
816 840 125 26 deponeras,
950 841 23 21 sä
987 841 45 21 mä-

211 870 33 19 ste
262 868 59 20 detta
338 868 46 20 helt
400 867 102 26 naturligt
517 867 42 21 öka
573 867 72 21 risken
660 867 33 21 för
707 868 133 21 statsverket.
870 868 33 21 Dä
918 869 116 21 ständerna

211 896 61 21 skola
286 896 70 20 lemna
371 895 33 20 sin
418 895 85 26 garanti
517 895 33 20 för
564 895 143 20 betäckandet
721 895 23 21 af
757 895 85 27 möjliga
857 896 105 26 förluster,
974 896 23 21 sä
1007 898 26 19 är

212 924 36 21 det
262 923 62 21 äfven
340 923 125 21 ständernas
480 923 54 26 pligt
549 925 32 18 att
595 923 64 20 ställa
673 923 24 20 sä
711 923 32 21 till
758 925 32 19 att
804 924 71 21 risken
890 924 41 21 blir
946 925 23 20 sä
979 925 52 20 liten

211 958 45 15 som
274 951 88 26 möjligt.
393 951 41 26 Jag
449 957 61 15 anser
525 951 72 20 derför
611 953 33 18 att
658 951 65 20 redan
738 951 70 26 vanlig
822 952 62 21 affärs
899 952 134 27 försigtighet

210 980 84 21 fordrar
305 981 32 19 att
348 979 48 21 icke
407 979 39 20 allt
460 979 33 20 för
505 981 58 18 stora
579 979 77 26 belopp
671 979 22 20 fä
710 979 28 26 pä
756 985 25 15 en
799 979 43 21 bok
857 980 118 21 inskrifvas.
1005 981 27 20 Vi

210 1008 73 21 kunna
297 1009 15 19 t.
329 1013 31 15 ex.
371 1007 67 21 tänka
453 1013 34 14 oss
502 1007 38 20 fall
555 1008 32 19 att
602 1007 6 20 i
624 1007 56 20 vissa
694 1007 124 21 kommuner
832 1008 81 26 ganska
928 1010 57 19 stora
995 1009 37 20 be-

210 1037 50 26 lopp
282 1035 72 21 kunna
372 1035 115 26 nedläggas
506 1035 39 20 hos
565 1035 103 20 domaren
685 1035 69 21 säsom
769 1035 160 27 bördeskilling;
952 1036 39 21 och
1004 1036 29 21 dä

211 1064 41 21 han
271 1064 44 21 ofta
333 1069 43 20 nog
391 1063 18 27 ej
425 1065 36 18 vet
475 1063 54 21 huru
544 1063 42 20 han
603 1063 54 20 skall
672 1063 83 26 placera
770 1063 53 26 dem,
838 1063 71 22 kunde
924 1064 42 21 han
981 1070 52 15 anse

211 1093 36 20 det
268 1091 96 27 lämpligt
387 1093 32 19 att
440 1091 105 26 nedlägga
560 1091 48 20 dem
626 1091 7 20 i
652 1097 26 14 en
696 1091 162 26 postsparbank.
888 1092 49 21 Men
956 1092 76 21 sädant

211 1121 39 20 har
271 1126 49 15 man
340 1120 45 26 just
400 1120 57 20 velat
474 1119 139 25 förekomma,
633 1119 39 20 och
689 1119 35 26 jag
743 1125 60 15 anser
818 1121 33 20 att
865 1120 36 21 det
916 1119 62 22 äfven
992 1120 40 21 bör

210 1148 148 25 förekommas,
374 1150 23 24 ty
419 1147 40 21 här
478 1149 24 18 är
520 1147 37 21 det
571 1147 61 26 fräga
647 1153 33 14 om
696 1147 244 27 penningeinsättningar
954 1147 23 22 af
990 1148 42 21 den

211 1177 116 20 arbetande
342 1176 92 25 klassen,
449 1175 48 21 icke
512 1175 23 20 af
548 1175 27 21 de
589 1175 140 25 förmögnare,
746 1175 70 21 hvilka
828 1176 25 26 ju
868 1176 27 26 pä
910 1178 64 18 annat
988 1177 44 19 sätt

210 1204 72 21 kunna
304 1204 96 20 förränta
422 1204 46 20 sina
489 1203 88 27 kapital.
607 1202 62 21 Hvad
687 1202 94 26 återigen
799 1204 138 25 reglementet
952 1204 39 20 och
1006 1204 27 20 de

210 1232 171 26 anmärkningar,
397 1237 46 15 som
458 1231 96 21 deremot
569 1230 71 22 blifvit
654 1231 80 26 gjorda,
745 1231 105 25 beträffar,
862 1232 23 20 sä
899 1232 39 20 har
950 1232 38 26 jag
999 1232 35 20 för

210 1261 43 20 min
268 1260 34 21 del
317 1260 58 20 inom
390 1260 107 20 utskottet
511 1259 48 21 icke
574 1260 64 25 egnat
653 1259 107 21 desamma
774 1259 69 26 nägon
859 1260 106 26 synnerlig
979 1266 54 20 upp-

210 1288 150 25 märksamhet,
377 1288 73 20 sävida
473 1288 26 20 de
520 1287 48 21 icke
589 1286 99 21 inverkat
706 1287 27 26 pä
751 1287 40 21 den
809 1288 89 25 garanti,
914 1294 46 14 som
975 1289 58 19 stän-

210 1317 65 21 derna
292 1316 64 20 hafva
376 1317 32 19 att
423 1316 33 20 för
471 1315 70 21 denna
555 1315 118 26 inrättning
687 1314 72 21 ikläda
773 1315 41 26 sig;
838 1315 38 21 och
892 1316 40 20 den
948 1315 23 21 af
983 1315 51 21 herr

210 1344 95 27 Ignatius
315 1344 76 27 gjorda
401 1343 168 26 anmärkningen
584 1343 40 20 har
638 1342 47 22 icke
699 1343 65 21 heller
778 1343 66 26 nägot
857 1342 115 27 inflytande
986 1344 48 20 der-

272 1372 42 26 Jag
335 1372 71 26 yrkar,
423 1378 45 14 som
491 1371 68 26 sagdt,
575 1371 28 26 pä
622 1372 32 19 att
668 1370 144 22 betänkandet
826 1373 88 24 antages
928 1371 49 21 med
992 1371 42 21 den

211 1401 70 21 dertill
295 1400 77 27 fogade
388 1400 168 21 reservationen.

279 1429 56 20 Herr
356 1429 123 20 Neovius:
501 1428 42 26 Jag
562 1427 93 26 begärde
673 1427 60 21 ordet
748 1427 32 21 för
794 1429 32 19 att
841 1428 129 21 understöda
984 1428 50 21 herr

212 1458 60 21 Lille.
301 1457 34 21 Dä
349 1463 30 14 nu
394 1462 59 15 mera
467 1455 51 22 flere
533 1456 68 21 talare
615 1455 65 21 hafva
693 1455 56 27 gjort
764 1455 41 26 det,
818 1462 62 15 anser
888 1456 38 26 jag
936 1456 36 21 det
981 1461 53 18 vara

212 1485 133 25 ofverflödigt
360 1486 33 19 att
406 1485 74 20 vidare
494 1486 51 24 taga
559 1483 98 21 ständets
671 1483 186 26 uppmärksamhet
871 1484 8 20 i
894 1483 99 27 anspråk.

278 1512 56 22 Herr
355 1512 112 27 Nyberg:
490 1512 42 26 Jag
553 1512 50 20 ville
625 1511 130 21 understöda
772 1511 48 21 herr
838 1512 96 26 Ignatius
952 1511 8 21 i
978 1511 56 21 hans

210 1541 94 28 yrkande
326 1542 33 20 att
382 1540 169 21 bestämmandet
573 1540 24 20 af
612 1541 63 19 tusen
693 1539 60 21 mark
770 1539 70 21 såsom
854 1539 86 22 maximi
953 1539 80 27 belopp
