1098 1786
223 163 34 18 316
490 161 91 23 Borgarest.
593 160 42 20 1685.
654 156 24 32 18
687 160 46 20 Pehr.

200 231 195 27 löneförhöjningar
417 230 39 21 och
477 230 112 27 pensioner
607 229 67 22 skulle
691 230 8 21 i
716 230 43 20 alla
775 229 119 23 folkskolor
911 230 106 22 beräknas

202 260 53 22 efter
269 266 81 15 samma
364 258 102 27 grunder;
481 260 55 20 samt

269 290 31 19 att
317 288 92 25 ståndet,
424 287 35 20 vid
478 287 93 20 anstäldt
588 287 34 20 val
640 286 23 21 af
675 286 115 21 ledamöter
805 287 39 20 och
859 287 136 26 suppleanter
1009 287 8 20 i

202 317 37 21 sitt
256 316 96 21 enskilda
370 315 174 25 besvärsutskott,
560 316 66 19 utsett
643 315 33 20 till
690 315 125 21 ledamöter:
838 315 74 21 herrar
927 315 90 22 Johans-

202 351 38 15 son
258 344 32 27 G.,
307 343 108 23 Stenbäck
432 343 27 23 K.
474 344 31 25 E.,
521 343 121 26 Rosengren
661 343 32 21 El.
708 343 36 26 M.,
759 343 90 27 Nyholm
861 338 40 37 A.,
908 343 108 28 Järvinen

201 373 33 26 N.,
253 373 129 21 Fredrikson
405 371 31 26 V.,
455 371 68 22 Walle
544 372 27 21 A.
590 371 32 26 G.,
638 371 102 21 Järnefelt
759 371 26 21 K.
801 372 24 20 E.
846 372 39 21 och
904 371 112 22 Osterblad

202 402 20 21 J.
241 401 39 21 och
298 401 32 22 till
349 401 144 26 suppleanter:
509 400 74 21 herrar
597 399 61 22 Böök
673 399 26 22 G.
713 399 33 27 R.,
761 400 112 21 Petterson
888 400 25 21 E.
929 401 33 25 V.,
977 401 54 23 och
1023 395 12 36 ,

201 429 111 22 Lindstedt
325 429 26 22 V.

270 486 120 26 Föredrogs
412 487 30 19 ett
464 485 108 26 protokoll
588 485 46 21 frän
653 485 93 21 ständets
768 485 249 22 elektorssammanträde

201 513 225 28 vidhandengifvande,
442 515 32 20 att
491 513 133 21 elektorerna
645 513 33 21 till
695 513 135 22 medlemmar
844 514 7 21 i
867 514 95 21 ständets
980 521 36 14 en-

202 543 69 22 skilda
292 542 170 22 besvärsutskott
483 543 67 20 utsett
568 542 73 21 herrar
659 542 166 26 Heimberger
839 542 49 21 med
904 543 32 25 17,
952 543 64 20 Hed-

202 578 56 15 man
276 571 39 21 och
334 570 112 27 Krogius
464 570 104 21 hvardera
585 570 48 21 med
650 570 32 25 16,
699 569 143 24 Söderlund
857 570 48 22 med
922 571 26 20 14
963 573 55 19 samt

202 599 100 28 Nyberg
317 599 41 21 och
373 598 162 21 Söderström
550 598 104 21 hvardera
668 598 48 21 med
732 599 26 20 13
772 600 74 19 röster.

270 685 120 25 Föredrogs
404 683 76 27 nädiga
495 683 159 27 propositionen
670 683 39 21 N:o
726 683 32 26 15,
774 683 107 26 angäende
897 684 72 26 anslag
983 684 34 21 till

200 712 221 29 jernvägsbyggnader
442 714 54 19 samt
517 712 56 21 vissa
591 711 146 27 förändringar
755 712 7 20 i
780 711 185 28 bestämningarna
983 718 34 15 om

202 741 281 25 kommunikationsfonden
478 736 12 35 ;
500 740 39 21 och
555 740 83 27 yttrade
653 740 32 27 sig
698 740 74 21 härvid
786 740 93 27 följande
893 741 76 21 talare:

271 770 54 21 Herr
340 769 127 26 Eneberg:
483 769 42 20 Det
540 770 25 19 är
579 768 66 27 enligt
659 769 43 20 min
717 768 64 21 tanke
792 770 31 19 ett
832 769 116 26 synnerligt
958 769 59 26 gläd-

200 799 65 28 jande
282 799 90 24 faktum,
387 799 32 19 att
437 798 40 20 den
494 797 115 26 trollkrets,
625 803 45 15 som
685 797 23 21 sä
722 797 61 26 länge
798 797 39 21 och
852 797 23 21 sä
890 797 68 22 envist
973 803 43 16 om-

203 827 61 27 gifvit
277 826 265 25 amortissementsfonden,
553 825 107 27 ändtligen
675 831 60 22 synes
750 831 50 15 vara
814 825 27 27 pä
855 827 40 25 väg
905 827 32 20 att
947 828 71 25 öppna

204 857 37 26 sig.
270 855 38 22 Uti
322 855 138 22 förevarande
479 854 76 26 nädiga
574 854 131 27 proposition
722 854 38 21 har
774 854 104 26 nemligen
893 855 123 26 regeringen

203 885 107 25 föreslagit
326 885 31 19 ett
372 884 152 25 arrangement,
540 883 135 25 hvarigenom
695 883 25 20 de
738 882 7 20 i
763 883 130 20 statsfonden
911 883 107 20 bokförda

204 912 114 22 andelarna
336 911 24 21 af
373 910 244 28 jernvägsinkomsterna
635 911 67 21 skulle
721 910 112 22 öfverföras
852 911 32 21 till
899 911 118 21 kommuni-

203 940 170 22 kationsfonden.
403 939 40 21 Till
461 939 271 21 kommunikationsfonden
751 939 66 21 skulle
832 939 101 22 likaledes
949 939 68 21 öfver-

203 969 71 27 flyttas
292 968 122 22 återstoden
429 968 22 21 af
465 968 54 22 1862
535 968 34 20 års
584 968 41 26 län,
641 968 117 26 utgörande
771 968 35 20 vid
821 968 55 21 1886
891 968 34 21 års
939 968 79 26 ingång

204 998 126 25 11,000,000
351 996 69 22 finska
441 996 67 22 mark.
537 996 82 21 Genom
637 996 69 21 denna
724 996 116 26 anordning
854 996 85 21 förökas
954 996 64 27 utgif-

202 1029 61 19 terna
277 1026 47 21 frän
338 1025 274 21 kommunikationsfonden
626 1025 48 21 med
689 1024 58 22 cirka
756 1025 89 25 180,000
859 1025 61 21 mark
930 1025 87 27 ärligen.

202 1055 43 20 För
260 1056 31 19 att
309 1055 6 20 i
335 1054 70 26 nägon
420 1054 48 21 män
482 1053 105 26 godtgöra
602 1054 69 20 denna
684 1053 101 21 förökade
799 1053 68 26 utgift,
882 1053 88 21 föresläs
985 1055 33 19 att

202 1089 26 15 ur
246 1082 257 22 amortissementsfonden
521 1082 33 21 till
572 1081 271 22 kommunikationsfonden
862 1081 113 22 öfverföres
990 1088 27 15 en

203 1117 80 16 summa
301 1111 23 22 af
340 1111 113 26 2,000,000
468 1110 60 21 mark
543 1111 8 20 i
566 1110 145 27 obligationer.
741 1110 111 26 2,000,000
867 1110 60 21 mark
941 1111 8 20 i
963 1110 53 22 obli-

202 1140 96 27 gationer
312 1141 108 20 motsvara
434 1139 12 21 å
461 1140 44 21 4'2
519 1138 27 24 %%
562 1145 26 15 en
603 1141 62 18 ränta
679 1139 23 21 af
715 1139 76 26 90,000
805 1138 66 28 mark,
882 1145 49 15 men
945 1138 28 21 dä
982 1141 33 19 ut-

202 1168 66 26 giften
285 1169 7 20 i
311 1167 74 28 sjelfva
403 1168 73 21 verket
494 1167 52 22 ökas
565 1168 33 21 till
614 1167 89 25 180,000
721 1167 65 26 mark,
801 1167 81 22 säledes
897 1167 48 22 med
960 1169 56 20 ännu

201 1197 121 27 ytterligare
342 1196 78 26 90,000
437 1196 67 24 mark,
520 1196 24 20 sä
565 1202 51 15 vore
637 1196 36 20 det
695 1196 85 20 alldeles
798 1196 6 20 i
823 1196 32 20 sin
874 1196 94 26 ordning,
985 1197 32 20 att

201 1225 54 21 ifrän
271 1224 257 22 amortissementsfonden
544 1224 68 21 skulle
626 1224 114 21 öfverföras
750 1224 46 21 icke
806 1224 88 21 allenast
904 1224 115 26 2,000,000

202 1254 60 21 mark
283 1254 7 20 i
312 1253 146 27 obligationer,
474 1255 51 19 utan
543 1253 123 27 ytterligare
683 1254 57 20 ännu
757 1253 112 25 2,000,000
887 1253 61 21 mark
966 1254 52 20 eller

202 1282 138 22 tillsammans
357 1282 114 25 4,000,000
488 1282 68 25 mark,
575 1281 66 21 hvarä
663 1283 75 19 räntan
755 1282 52 26 jemt
823 1282 134 20 motsvarade
976 1282 41 20 den

202 1310 100 22 förökade
317 1310 69 27 utgift,
398 1316 44 15 som
457 1310 250 21 kommukationsfonden
721 1316 74 20 genom
810 1310 35 21 det
854 1310 119 26 föreslagna
984 1316 33 15 ar-

202 1341 146 25 rangementet
365 1339 84 21 komme
468 1341 32 19 att
518 1338 125 22 vidkännas.
673 1338 40 27 Jag
731 1344 60 16 anser
805 1345 26 15 en
845 1338 66 22 sädan
927 1338 91 22 öfverfö-

201 1368 47 26 ring
269 1368 7 21 i
297 1368 41 21 allo
360 1370 107 18 motsvara
485 1367 134 27 billighetens
638 1367 39 21 och
695 1368 112 20 rättvisans
821 1367 125 27 fordringar.
975 1368 44 20 Det

202 1398 24 19 är
244 1397 34 21 väl
296 1399 48 19 sant
359 1398 32 19 att
406 1396 260 21 amortissementsfonden
688 1396 32 20 för
741 1396 130 21 närvarande
884 1396 48 21 icke
946 1396 71 28 dispo-

201 1431 62 15 nerar
281 1431 45 15 mer
344 1426 27 20 än
390 1424 96 27 omkring
505 1424 114 26 2,000,000
637 1424 61 21 mark
715 1424 8 21 i
740 1424 144 27 obligationer.
913 1425 42 20 Det
969 1424 49 22 med

201 1454 65 26 några
285 1454 145 20 hundratusen
448 1453 61 21 mark
528 1452 172 28 öfverskjutande
718 1453 99 27 beloppet
830 1455 85 25 utgöres
931 1453 22 21 af
966 1453 52 21 Bor-

201 1482 125 27 gä—Kervo
346 1482 246 27 jernvägsobligationer,
611 1481 72 21 hvilka
704 1481 33 21 för
759 1482 129 21 närvarande
907 1482 62 20 hafva
987 1483 32 20 ett.

202 1511 84 21 alldeles
302 1510 120 21 obestämdt
436 1510 44 27 pris
496 1510 40 21 och
551 1510 7 20 i
572 1510 63 26 ingen
650 1509 100 22 händelse
759 1510 71 21 kunna
840 1510 107 27 föryttras.
969 1510 49 21 Men

202 1540 40 20 den
264 1539 113 21 mestadels
399 1539 108 21 utmärkta
525 1538 108 27 placering
652 1538 267 22 amortissesmentsfonden
937 1539 33 21 för
987 1538 32 21 öf-

201 1568 41 26 rigt
257 1568 44 26 har,
312 1569 38 25 gör
366 1567 36 21 det
412 1566 80 28 ganska
502 1567 47 25 lätt,
561 1568 32 20 att
602 1567 58 21 inom
671 1566 69 27 någon
750 1567 31 21 tid
791 1566 104 22 öfverföra
905 1567 117 26 2,000,000
