1100 1789
226 169 34 16 466
491 167 94 22 Borgarest.
597 167 45 19 1885.
665 167 18 18 17
696 167 51 19 Mars.

272 236 55 21 Herr
341 235 126 22 Neovius:
490 235 41 27 Jag
546 235 39 21 ber
600 237 32 20 att
646 235 22 22 få
683 235 87 23 förorda
784 237 41 21 den
840 238 130 28 förändring,
987 246 46 16 som

203 265 107 22 utskottet
325 264 118 26 föreslagit.

271 299 11 27 8
298 299 13 20 9
326 297 47 22 blef
385 297 53 22 härä
452 297 100 27 godkänd
567 298 7 20 i
589 298 94 26 enlighet
697 298 48 21 med
759 299 117 22 utskottets
890 300 143 23 betänkande.

271 332 80 21 Likaså
366 331 125 27 godkändes
506 333 53 19 utan
575 331 121 22 diskussion
711 332 25 27 $$
752 333 32 26 10,
802 334 32 25 11,
852 335 33 25 13,
903 335 32 26 14,
948 336 32 25 17,
996 336 36 23 21,

203 362 27 20 22
248 361 38 21 och
302 361 28 21 24
346 360 67 26 enligt
427 359 117 21 utskottets
559 359 85 27 förslag.

271 388 118 27 Angående
403 387 117 22 utskottets
535 388 168 27 anmärkningar
717 389 33 21 till
765 389 15 27 $
795 390 29 19 35
837 391 86 26 yttrade
938 391 33 27 sig

271 423 55 21 Herr
348 422 124 21 Neovius:
503 421 74 22 Under
599 422 70 21 denna
691 422 12 27 8
721 428 61 21 synes
800 423 164 28 insatsvigterna
979 431 52 16 vara

202 451 140 22 utelemnade.
377 450 76 21 Ehuru
470 450 124 26 visserligen
609 450 50 22 herr
674 450 84 28 Hoving
772 451 122 28 framhållit,
910 455 32 19 att
956 453 74 27 ingen-

202 480 46 26 ting
266 480 89 20 hindrar
375 480 32 20 att
423 479 83 26 justera
523 478 82 22 sådana
623 479 141 26 insatsvigter,
783 480 23 20 så
821 480 67 22 borde
903 482 34 20 väl
952 482 77 21 åtmin-

202 510 62 19 stone
278 508 7 20 i
298 507 182 27 justeringstaxan
495 506 70 27 någon
580 507 92 21 särskild
686 507 133 27 bestämning
834 515 35 15 om
880 509 87 26 afgiften
978 517 51 15 vara

202 536 76 26 införd,
295 536 39 21 och
350 535 70 21 skulle
435 535 37 27 jag
486 534 77 22 föreslå
579 536 33 20 att
627 535 117 21 utskottets
758 537 189 26 uppmärksamhet
962 538 66 22 måtte

202 566 66 20 tästas
282 564 104 26 häruppä.

270 592 55 22 Herr
339 592 110 26 Hoving:
465 592 125 20 Justeraren
605 592 92 20 erhäller
709 592 24 27 ju
748 592 108 28 betalning
871 593 33 21 för
912 594 74 27 hvarje
995 595 33 21 in-

202 621 94 27 satsvigt,
313 626 47 16 som
375 620 42 20 han
430 620 99 26 justerar,
545 620 55 21 efter
614 622 57 19 taxa.

270 650 55 20 Herr
339 648 126 22 Neovius:
487 648 43 20 Det
544 648 63 21 torde
621 648 66 21 blifva
702 648 71 22 alltför
788 650 54 26 dyrt.

270 682 15 28 $
300 682 29 21 35
343 682 125 26 godkändes
483 681 52 21 härä
551 682 23 20 af
587 682 86 20 ständet
683 682 67 26 enligt
760 683 116 22 utskottets
884 684 142 23 betänkande.

270 710 136 22 Beträffande
421 710 40 21 den
477 710 22 21 af
511 710 108 21 utskottet
633 710 84 21 rättade
731 711 92 22 tabellen
839 712 59 22 öfver
913 714 114 21 dimensio-

202 745 66 15 nerna
283 739 23 21 af
318 739 28 21 de
360 739 8 20 i
383 738 139 27 reglementet
537 738 128 21 omnämnda
680 739 91 21 mälkärl
784 741 85 25 yttrade

269 773 55 21 Herr
339 772 122 22 Neovius:
476 772 41 26 Jag
532 772 70 21 skulle
617 778 50 15 anse
683 774 32 20 att
730 773 36 21 det
780 773 86 28 förslag,
882 781 46 15 som
943 776 80 26 ingär
1012 768 13 38 i

203 801 77 27 nädiga
294 801 161 27 propositionen
471 800 110 27 angäende
597 800 170 22 dimensionerna
780 802 33 21 för
828 802 26 22 de
869 803 91 22 koniska
974 804 52 22 mäl-

201 830 79 26 kärlen,
296 832 24 18 är
334 829 135 27 synnerligen
477 830 146 20 sammansatt.
644 829 43 21 Det
701 829 87 22 föreslås
796 832 32 20 att
836 831 150 28 *mynningens
994 833 33 21 di-

201 860 81 19 ameter
296 858 56 21 skall
367 857 33 21 för
414 857 47 21 kärl
476 857 27 27 pä
518 858 13 20 2
546 857 49 21 liter
611 857 40 21 och
666 858 106 21 derunder
786 864 50 16 vara
851 860 44 21 lika
910 861 48 21 med
969 859 26 25 ?/3
1003 861 25 21 af

200 887 100 20 bottnens
315 886 40 21 och
371 885 26 23 %s
412 886 23 20 af
447 886 118 20 vinkelräta
580 886 79 26 höjden
674 888 54 19 samt
742 886 34 21 för
790 887 46 21 kärl
851 888 28 26 pä
893 889 14 21 5
922 888 48 22 liter
984 890 40 20 och

201 914 97 22 deröfver
319 914 194 21 bottendiametern
535 914 41 21 och
594 914 120 21 vinkelräta
731 914 78 28 höjden
824 916 45 21 lika
883 918 59 20 stora
956 918 70 21 under

200 942 149 22 bibehällande
364 942 23 21 af
401 948 80 15 samma
495 942 72 21 vinkel
582 942 33 21 för
630 942 89 22 konen*.
741 943 68 21 Dessa
819 944 159 28 bestämningar
986 948 39 19 äro

201 971 91 21 särdeles
311 971 131 26 detaljerade
461 970 39 22 och
519 970 121 27 olämpliga.
674 971 106 27 Komitön,
800 978 46 15 som
864 973 108 22 utarbetat
988 974 36 22 det

201 999 147 27 ursprungliga
367 999 108 26 förslaget,
497 999 56 21 hade
567 999 108 21 framstält
689 1000 171 22 önskvärdheten
875 1001 23 21 af
912 1003 31 20 ett
958 1005 66 19 annat

200 1028 56 26 slags
270 1027 91 22 mälkärl
376 1028 40 20 och
430 1027 144 21 formulerade
589 1027 161 27 bestämningen
766 1028 98 22 sålunda:
880 1029 42 21 "På
933 1030 90 22 mälkärl

200 1056 23 22 af
235 1056 77 21 konisk
326 1056 56 21 form
397 1056 55 20 skall
467 1056 140 26 mynningens
622 1056 103 21 diameter
739 1062 51 16 vara
805 1057 97 27 omkring
912 1058 82 22 hälften
1002 1059 24 21 af

200 1084 40 22 och
251 1085 60 21 sidan
322 1084 91 27 ungefär
420 1084 44 21 lika
471 1084 49 21 med
526 1084 103 21 bottnens
637 1084 121 22 diameter”.
780 1085 41 27 Jag
828 1086 69 21 skulle
904 1086 79 22 föreslå
990 1089 35 19 att

199 1113 41 21 den
254 1112 150 27 ursprungliga
418 1112 23 22 af
453 1112 96 21 komitén
563 1112 123 27 föreslagna
699 1112 167 28 bestämningen,
882 1120 45 16 som
942 1117 24 19 är
973 1116 51 21 vida

200 1141 85 22 enklare
299 1141 41 21 och
355 1140 72 22 derför
441 1141 39 21 bör
495 1140 131 27 föredragas,
642 1141 67 21 mätte
723 1141 24 21 af
760 1142 84 21 ständet
860 1143 107 21 omfattas.

267 1170 47 20 Den
327 1169 163 27 ifrägavarande
503 1169 94 21 tabellen
612 1169 46 21 blef
671 1169 52 21 härä
738 1170 23 20 af
774 1170 84 22 ständet
872 1172 100 26 godkänd
987 1178 36 15 en-

198 1198 39 27 ligt
250 1198 119 21 utskottets
384 1197 142 21 betänkande.

266 1227 70 21 Jemte
358 1226 37 21 det
416 1226 178 26 borgareständet
615 1226 90 21 sälunda
725 1226 34 21 för
780 1227 32 21 sin
831 1227 35 21 del
884 1228 87 22 beslutit
989 1231 34 19 att

199 1255 114 21 ständerna
327 1254 7 21 i
349 1254 38 21 sitt
401 1254 147 27 underdäniga
563 1260 48 15 svar
627 1254 12 21 &
654 1254 41 21 den
709 1254 78 27 nådiga
796 1256 159 27 propositionen
964 1257 58 22 skul-

198 1284 20 20 le
233 1282 132 22 beträffande
384 1283 36 21 det
435 1289 29 14 nu
478 1282 163 27 ifrägavarande
656 1282 102 28 förslaget
772 1284 32 20 till
818 1284 129 27 reglemente
962 1286 59 21 hem-

198 1312 62 21 ställa
278 1312 32 20 att
328 1311 120 21 detsamma
465 1311 67 21 mätte
547 1311 96 27 undergä
657 1311 66 21 sädan
739 1312 160 28 omredigering,
914 1314 108 22 utskottet

197 1340 7 21 i
220 1340 37 21 sitt
271 1339 136 21 betänkande
421 1339 117 27 föreslagit,
553 1339 38 27 gaf
603 1340 94 20 nämnda
711 1340 79 26 förslag
804 1340 33 22 för
853 1341 63 27 öfrigt
926 1342 47 21 icke
983 1348 40 15 an-

197 1368 85 26 ledning
296 1368 33 21 till
345 1368 66 26 nägra
426 1368 119 26 erinringar
559 1368 48 21 frän
622 1368 186 26 borgareständets
822 1369 52 21 sida.

265 1396 40 21 Till
322 1396 132 26 granskning
468 1398 93 25 upptogs
576 1396 53 21 härä
644 1396 37 21 det
695 1397 76 26 jemväl
786 1398 76 21 endast
876 1398 33 21 till
924 1399 98 21 ständer-

197 1430 38 16 nas
249 1424 111 22 utlätande
375 1424 158 22 öfverlemnade
547 1424 104 27 förslaget
665 1424 32 22 till
711 1425 131 22 instruktion
856 1426 34 21 för
894 1427 127 27 justerings-

197 1453 72 22 verket
290 1453 8 21 i
320 1452 201 22 storfurstendömet
543 1453 99 21 Finland.
676 1453 49 21 Med
748 1454 113 27 anledning
880 1455 22 21 af
919 1455 41 21 den
984 1462 39 14 an-

196 1482 117 26 märkning,
329 1487 47 15 som
391 1481 106 21 utskottet
511 1481 58 27 gjort
583 1483 46 19 mot
644 1481 11 27 $
673 1482 26 20 14
713 1482 7 20 i
735 1482 91 22 nämnda
840 1483 84 26 förslag,
936 1484 87 26 yttrade

196 1510 32 27 sig
242 1510 92 27 följande
349 1509 78 21 talare:

264 1538 55 22 Herr
345 1537 145 21 Wasenius:
520 1538 49 26 Nog
591 1540 24 18 är
629 1538 114 26 meningen
765 1539 46 26 den,
835 1541 32 19 att
886 1540 134 27 justeringen

196 1566 66 22 borde
280 1566 37 21 ske
335 1566 68 21 under
421 1566 90 26 vintern,
530 1566 63 22 äfven
609 1572 34 16 om
659 1567 107 27 uttrycket
780 1568 122 21 "vintertid"
918 1574 51 16 vore
983 1570 41 20 illa
