1095 1745
368 120 91 22 Borgarest.
471 120 44 18 1885.
539 120 21 18 234
571 120 38 18 Jan.
856 120 22 19 37

75 190 165 24 ståndsmedlem
256 196 52 20 eger
323 189 103 26 rättighet
442 191 31 19 att
488 188 22 21 få
525 189 38 21 sitt
577 188 84 27 förslag
677 191 103 24 upptaget
794 189 33 21 till
843 189 59 21 stån-

75 222 47 20 dets
138 218 104 28 pröfning,
257 218 65 27 yrkar
336 218 38 26 jag
390 218 27 26 på
432 219 31 19 att
477 217 85 21 ståndet
578 217 19 26 ej
610 217 66 21 måtte
693 218 83 20 biträda
791 217 25 21 hr
827 217 74 21 Wase-

74 248 55 21 nius”
144 247 87 26 förslag.

144 276 55 20 Herr
217 275 155 25 Malmgren:
395 274 42 26 Jag
456 274 85 20 förenar
561 274 43 26 mig
625 274 49 20 med
692 274 25 20 hr
737 274 107 21 Snellman
860 274 39 22 och

75 306 38 20 ber
128 306 32 18 att
175 303 21 21 få
211 305 52 25 göra
278 303 26 20 hr
319 303 106 21 Vasenius
440 302 150 26 uppmärksam
601 302 30 26 på
645 304 32 19 att
692 302 52 21 hans
760 302 80 27 förslag
856 304 43 20 tro-

74 334 57 25 ligen
148 334 24 18 är
187 338 25 14 en
227 331 126 21 reminisens
365 331 47 21 från
424 331 52 20 hans
489 330 238 27 stadsfullmäktigskap
739 331 6 20 i
758 330 140 27 Helsingfors.

143 360 32 21 Hr
197 360 107 27 Nybom:
328 360 76 20 Denna
423 359 61 26 fråga
499 361 24 18 är
539 358 67 26 enligt
622 359 43 20 min
681 359 63 21 tanke
760 359 26 26 på
802 361 42 19 sätt
860 360 39 20 och

75 390 31 21 vis
122 389 33 21 för
171 388 82 21 sentida
269 388 68 20 väckt.
369 388 134 26 Lämpligast
518 387 54 21 hade
588 388 58 20 varit
661 389 31 19 att
707 389 93 25 upptaga
811 388 40 21 den
866 388 33 21 till

74 417 129 26 behandling
219 417 28 21 då
261 417 38 20 det
314 422 38 14 var
367 416 62 25 fråga
444 422 33 14 om
494 416 190 25 ordningstadgan,
696 415 86 22 hvarest
795 416 39 21 den
846 417 53 20 kun-

74 448 37 19 nat
126 445 22 21 få
164 445 32 20 sin
211 447 56 18 rätta
283 444 63 27 plats,
360 443 56 22 efter
431 445 33 19 att
478 443 63 21 hafva
557 443 56 21 varit
629 443 89 21 föremål
734 444 34 20 för
783 443 116 28 beredning

74 474 24 21 af
112 474 88 21 utskott.
223 473 42 21 För
281 473 43 20 min
341 473 34 20 del
392 472 79 21 önskar
484 472 38 27 jag
537 471 76 21 förena
629 472 43 26 mig
682 472 47 21 med
742 472 37 20 hrr
790 471 108 22 Snellman

75 503 38 21 och
129 502 125 26 Malmgren,
270 501 132 26 tilläggande
418 502 38 24 att,
465 500 70 21 sävidt
547 500 37 26 jag
601 500 96 21 kommer
712 500 56 27 ihåg,
779 501 72 25 praxis
863 501 34 20 vid

76 531 54 22 1877
147 531 35 20 ärs
204 530 102 25 landtdag
330 535 37 14 var
390 529 48 26 den,
454 531 32 18 att
507 529 66 26 nägot
590 529 118 20 understöd
727 529 46 20 icke
789 529 109 26 behöfdes,

75 559 38 22 och
137 561 32 18 att
188 559 37 26 jag
245 558 18 26 ej
283 557 69 21 heller
371 557 82 21 minnes
472 559 32 18 att
523 557 86 20 ständet
625 557 35 20 vid
677 557 54 21 1882
747 557 34 21 ärs
797 557 101 26 landtdag

75 588 69 21 skulle
167 587 76 20 uttalat
265 586 33 26 sig
320 586 82 21 derhän
426 587 32 19 att
476 587 31 19 ett
525 585 82 26 förslag
626 585 34 21 för
679 587 30 19 att
728 585 84 22 komma
831 586 67 21 under

73 616 100 27 pröfning
192 615 130 26 nödvändigt
341 614 69 21 mäste
429 614 148 25 understödas,
594 619 35 15 om
649 613 64 22 ocksä
731 614 121 21 talmannen
871 614 27 21 dä

73 644 71 26 nägon
158 643 55 26 gäng
228 643 57 21 lärer
301 642 63 21 hafva
380 642 108 27 uppfattat
503 642 66 21 saken
585 642 31 21 sä.

143 672 32 20 Hr
190 671 156 27 Chydenius:
366 671 42 26 Jag
425 671 39 20 ber
482 672 32 19 att
533 670 22 21 fä
572 670 132 21 understöda
723 671 36 21 det
773 671 23 21 af
809 671 25 21 hr
849 671 49 20 Wa-

74 701 71 20 senius
160 699 76 22 väckta
250 699 103 26 förslaget
368 699 49 21 med
436 699 75 26 tillägg
526 700 32 19 att
573 699 36 21 det
625 699 67 21 mätte
707 699 98 22 hänvisas
820 699 33 22 till
868 701 31 19 ett

75 729 22 21 af
110 729 85 21 ständet
209 728 76 21 tillsatt
301 727 94 22 enskildt
410 727 90 22 utskott.
523 727 42 21 Det
580 733 64 21 synes
659 728 42 26 mig
715 734 52 15 vara
781 730 24 19 tu
815 728 31 21 tal
857 733 41 20 om,

74 757 106 21 huruvida
206 757 21 20 vi
252 756 80 21 handla
357 756 49 21 fullt
432 756 101 26 lagenligt
559 762 77 20 genom
662 758 32 18 att
719 758 100 24 upprätta
844 756 54 20 före-

74 786 86 20 skrifter
176 791 33 15 om
227 787 32 19 att
278 791 26 14 en
324 784 23 21 af
364 784 84 22 enskild
466 784 166 21 ständsmedlem
651 784 64 21 väckt
732 785 81 20 motion
832 784 67 21 mäste

72 820 52 15 vara
138 813 137 25 understödd,
291 813 33 21 för
340 815 32 19 att
387 813 73 21 kunna
475 812 86 22 komma
575 812 69 21 under
659 813 126 21 diskussion.
810 813 37 21 Ett
862 813 36 26 dy-

72 842 41 22 likt
135 842 116 26 stadgande
273 841 78 21 strider
374 841 88 21 alldeles
481 843 58 19 emot
560 841 190 21 bestämmelserna
771 842 7 20 i
801 842 97 26 gällande

73 870 210 26 landtdagsordning.
314 870 12 26 &
346 870 28 20 70
396 870 111 20 derstädes
525 869 119 21 innehåller
663 870 105 26 nemligen
787 870 26 21 de
831 870 67 26 regle-

73 898 130 22 mentariska
217 897 139 26 föreskrifter,
374 903 46 16 som
439 903 61 16 anses
519 898 78 26 nödiga
615 898 8 20 i
642 898 59 21 detta
720 898 106 21 afseende.
856 898 42 21 En-

73 927 48 21 dast
137 927 41 25 det,
195 932 44 15 som
255 926 66 27 angär
336 926 87 21 ständet
439 926 98 26 enskildt,
554 932 39 21 ega
608 926 21 21 vi
648 926 84 21 besluta
744 933 43 14 om.
817 927 43 20 Det
874 928 24 19 är

73 957 52 20 utan
140 955 73 21 tvifvel
227 955 24 20 af
263 955 46 26 vigt
324 955 40 20 och
379 955 110 26 betydelse
509 956 32 19 att
559 955 26 25 vi,
606 954 77 21 liksom
699 955 66 20 andra
779 955 119 26 parlamen-

73 983 81 22 tariska
168 983 155 26 församlingar,
343 983 64 21 hafva
426 983 107 26 stadgadt,
552 985 33 19 att
602 985 40 19 när
657 983 79 26 förslag
750 983 84 26 väckes,
850 983 48 21 ord-

73 1012 104 21 föranden
198 1011 76 27 frägar,
299 1017 34 15 om
352 1011 72 26 nägon
442 1012 141 20 understöder
602 1011 129 26 detsamma;
750 1012 49 21 sker
817 1012 36 21 det
872 1011 27 22 dä

72 1041 53 25 icke,
145 1040 112 27 nedlägges
276 1040 67 21 saken
361 1041 53 20 utan
432 1040 80 21 vidare.
541 1040 34 20 En
593 1040 67 21 sådan
679 1041 103 26 procedur
800 1040 99 27 bidrager

73 1069 7 20 i
95 1069 78 26 mänga
187 1069 36 20 fall
237 1069 33 20 till
285 1068 142 21 förkortande
442 1068 24 21 af
478 1068 134 21 debatterna.
643 1069 33 20 Dä
691 1069 36 20 det
741 1069 71 21 kunde
827 1069 71 20 hända

73 1099 32 20 att
120 1097 79 26 förslag
213 1097 83 26 väckes,
312 1103 47 14 som
379 1097 64 26 ingen
462 1097 165 21 ständsmedlem
647 1097 75 27 hyllar,
741 1097 69 21 skulle
825 1097 26 21 de
866 1097 32 21 sä-

73 1126 66 21 lunda
156 1128 76 24 genast
247 1131 52 15 vara
316 1125 188 21 slutbehandlade.
534 1125 43 21 Det
595 1125 70 22 skulle
684 1125 64 22 ocksä
763 1126 89 26 bidraga
866 1126 33 21 till

73 1155 78 26 stadga
166 1154 39 21 och
219 1154 101 26 hållning,
337 1154 7 20 i
360 1154 37 21 det
412 1155 38 24 att,
466 1155 39 20 när
521 1155 31 20 ett
566 1153 81 28 förslag
661 1154 84 26 väckes,
761 1161 49 14 man
821 1154 36 21 vid
868 1154 30 21 di-

73 1183 125 21 skussionen
216 1189 34 14 om
270 1183 119 20 detsamma
411 1184 43 24 vet,
473 1188 35 15 om
527 1182 70 27 nägon
616 1183 142 20 understöder
775 1183 123 21 detsamma.

73 1212 42 26 Jag
133 1217 104 20 upprepar
256 1211 71 21 derför
345 1211 45 20 min
409 1210 100 21 anhållan
525 1212 32 19 att
572 1211 26 20 hr
613 1211 118 21 Wasenius?
743 1211 79 26 förslag
832 1211 67 21 måtte

73 1241 60 26 tagas
149 1240 7 20 i
170 1239 141 22 betraktande
330 1239 41 21 och
389 1239 127 27 hänskjutas
535 1239 33 21 till
587 1241 31 19 ett
637 1240 96 21 ständets
751 1240 96 21 enskilda
862 1240 36 21 be-

73 1268 147 25 svärsutskott,
236 1274 45 15 som
301 1267 69 22 skulle
389 1267 122 22 undersöka
530 1267 65 22 saken
615 1269 41 20 och
675 1268 78 27 afgifva
767 1268 79 27 förslag
860 1269 38 20 hu-

72 1297 75 21 ruvida
162 1296 46 21 skäl
222 1296 68 21 finnes
308 1296 34 20 för
361 1303 26 14 en
406 1296 110 21 föreskrift
533 1297 8 19 i
556 1297 37 20 det
611 1297 60 25 syfte,
688 1299 32 18 att
735 1299 31 19 ett
781 1297 23 21 af
817 1297 82 21 enskild

72 1325 163 21 ständsmedlem
251 1324 71 27 gjordt
337 1324 97 27 yrkande
449 1324 47 21 icke
511 1326 104 24 upptages
630 1325 33 21 till
674 1324 125 27 diskussion,
811 1325 89 21 säframt

72 1354 37 20 det
123 1353 47 21 icke
185 1355 23 19 är
222 1352 152 26 sekunderadt,
393 1353 82 21 hvilket
494 1353 86 21 utredes
599 1353 124 27 derigenom
742 1355 32 19 att
789 1354 110 21 ordföran-

72 1382 41 21 den
128 1381 103 27 tillfrägar
245 1381 86 21 ståndet
346 1381 82 21 derom.

140 1410 55 21 Herr
210 1410 145 20 Molander:
374 1410 62 20 Efter
455 1410 56 20 hvad
527 1410 37 26 jag
579 1410 43 21 kan
638 1410 100 27 päminna
752 1411 43 26 mig
810 1411 46 20 frän
872 1411 26 20 de

71 1438 127 27 föregående
216 1438 162 26 landtdagarne,
398 1438 40 21 har
457 1438 71 27 praxis
547 1438 109 27 verkligen
674 1439 57 20 varit
749 1439 41 20 den
809 1445 40 14 som
863 1439 42 20 -hr'

71 1467 111 21 Wasenius
198 1467 80 26 antydt.
309 1467 40 20 Om
369 1466 67 27 nägot
454 1467 95 26 formligt
567 1467 71 21 beslut
653 1467 7 20 i
675 1467 60 21 detta
753 1467 99 21 afseende
867 1467 31 21 fö-

71 1496 96 26 religger,
183 1497 34 19 vet
229 1495 38 27 jag
281 1495 54 21 icke.
365 1495 64 21 Dock
447 1495 37 21 vill
499 1495 38 27 jag
555 1495 84 21 minnas
659 1497 31 20 att
709 1495 49 21 herr
776 1496 122 21 talmannen

71 1524 60 20 alltid
151 1523 108 22 hemställt
276 1524 34 21 till
328 1523 94 26 ständet,
442 1523 106 21 huruvida
567 1526 31 18 ett
617 1523 86 27 förslag,
723 1530 44 15 som
786 1525 18 26 ej
824 1525 74 20 vunnit
