1103 1789
237 174 32 17 192
512 171 93 22 Borgarest.
618 170 43 19 1885.
686 170 10 18 2
709 170 46 18 Febr.

214 243 55 22 1883
284 242 39 21 och
341 241 59 22 1884
415 240 89 27 uppgätt
518 239 34 22 till
568 239 158 26 sammanlagdt
740 245 56 20 resp.
814 240 84 26 12,327,
907 237 85 29 12,681
1004 239 40 22 och

215 271 81 26 13,485
307 271 48 20 Fm.

282 299 80 21 Denna
377 297 87 21 stadens
478 295 236 22 koncessionsansökan
730 295 38 22 har
783 295 121 22 emellertid
923 297 24 21 af
963 296 81 27 kejser-

214 328 44 25 liga
275 329 91 19 senaten
388 325 47 22 icke
457 325 109 26 upptagits
584 325 34 20 till
633 323 106 28 pröfning,
756 326 51 19 enär
822 324 117 27 kejserliga
955 327 88 19 senaten

215 356 47 21 icke
284 355 73 21 funnit
377 354 46 21 skäl
442 353 132 22 förekomma
589 353 33 20 till
637 352 121 27 beviljande
773 352 23 21 af
810 352 143 23 omförmälda
968 353 35 21 län
1018 359 26 15 ur

214 383 108 22 allmänna
345 382 134 21 statsmedel.
510 381 74 22 Under
603 381 77 21 sädant
695 381 133 21 förhällande
844 381 93 21 äterstär
952 381 33 22 för
1001 384 43 19 sta-

215 413 40 20 den
274 412 46 21 icke
340 412 68 20 annat
425 412 27 19 än
468 412 31 19 att
514 409 175 22 förtroendefullt
703 409 69 21 vända
787 409 33 26 sig
835 409 34 21 till
885 410 86 21 landets
986 411 58 20 stän-

215 441 38 21 der
275 441 48 20 med
348 439 101 21 vördsam
468 439 99 20 anhällan
584 444 34 14 om
634 437 63 21 deras
713 437 73 21 förord
802 438 6 20 i
824 438 73 20 saken.
928 438 62 21 Dock
1004 438 41 21 har

215 469 82 25 staden,
320 468 37 21 för
379 469 32 19 att
433 467 71 21 kunna
526 472 51 15 vara
598 466 63 20 säker
676 465 28 27 pä
718 465 118 27 företagets
852 466 133 27 realisering,
1001 468 44 20 sett

215 498 33 25 sig
269 496 88 27 nödgad
380 497 33 19 att
433 495 50 26 höja
506 495 36 21 det
563 494 91 21 ansökta
670 494 148 26 länebeloppet
832 494 34 20 till
881 494 46 21 Fm.
943 495 100 25 900,000,

216 527 57 25 enär,
296 525 51 21 med
371 524 36 20 det
429 523 93 27 uppskof
543 523 66 21 saken
625 528 28 15 nu
668 522 61 26 tagit,
745 522 36 21 det
796 524 24 19 är
836 522 88 24 osäkert
939 523 106 21 huruvida

216 554 27 21 de
265 553 99 26 ovanligt
386 552 49 26 läga
454 552 125 26 jernpriser,
599 550 81 27 hvarpä
697 550 37 21 det
748 556 28 15 nu
791 550 94 21 aftalade
901 550 104 27 förslaget
1019 553 25 19 är

215 582 114 26 grundadt,
347 580 134 22 fortfarande
504 580 71 21 kunna
594 579 59 21 hälla
667 579 8 21 i
691 579 38 26 sig.
760 578 79 22 Staden
856 578 39 22 har
911 579 55 21 dock
980 579 65 27 vägat

216 611 81 26 hoppas
327 611 35 19 att
391 608 115 21 ständerna
532 608 62 21 skola
625 613 52 15 anse
707 607 58 21 detta
794 607 84 27 företag
900 614 51 14 vara
977 607 23 21 af
1021 608 24 21 sä

217 640 45 20 stor
285 637 128 22 ekonomisk
435 636 116 27 betydelse,
575 638 32 19 att
629 636 129 20 statsverket
777 635 37 21 bör
830 635 57 21 finna
902 636 47 21 skäl
965 638 32 19 att
1011 638 34 19 ut-

216 666 60 22 öfver
299 667 42 21 den
364 665 114 21 faststälda
500 665 155 21 subventionen
678 664 78 28 bevilja
774 664 119 21 detsamma
918 666 31 19 ett
968 664 77 22 sädant

217 695 97 26 statslän,
335 694 26 21 sä
379 694 84 26 mycket
480 693 69 21 hellre
565 699 46 15 som
627 692 130 22 statsverket
771 692 114 27 omöjligen
901 693 56 21 skall
973 693 72 21 kunna

217 724 80 20 förlora
314 723 69 26 nägot
397 722 73 26 härpä.
500 722 42 20 Det
558 721 24 21 af
595 721 76 21 staden
687 721 141 26 garanterade
844 721 99 27 bidraget
957 722 40 20 har
1011 721 34 21 för

217 752 24 21 år
261 752 55 21 1884
332 750 128 27 visserligen
476 750 20 27 ej
512 750 82 26 utgjort
610 755 59 15 mera
684 751 26 19 än
727 750 39 25 1'/2
780 749 26 27 %
821 750 13 20 å
850 750 42 20 den
907 756 28 14 nu
951 750 94 26 begärda

217 780 156 21 lånesumman.
403 779 47 21 Den
473 778 82 22 snabba
577 778 130 26 utveckling,
730 784 45 14 som
798 780 61 19 orten
877 778 96 21 härintill
988 778 57 21 visat

218 808 39 22 och
280 808 89 21 hvilken
387 808 8 20 i
410 807 39 21 och
464 808 48 20 med
526 807 130 26 jernvägens
672 806 113 26 uppkomst
800 806 121 27 säkerligen
937 807 55 21 skall
1007 812 38 16 an-

219 839 50 25 taga
283 837 46 21 helt
345 836 74 25 andra,
428 837 76 19 större
519 835 156 27 proportioner,
691 834 82 22 lemnar
788 834 54 22 dock
858 835 63 21 säker
932 836 68 26 utsigt
1011 835 34 21 för

219 867 32 19 att
273 866 60 20 detta
348 864 77 26 bidrag
447 864 81 26 ganska
550 865 62 19 snart
630 863 56 21 skall
701 862 70 28 uppnå
786 869 25 15 en
828 863 65 26 siffra,
909 870 46 14 som
971 870 74 15 ensam

219 894 34 21 för
275 894 38 26 sig,
338 892 63 22 äfven
425 898 33 15 om
482 894 57 19 emot
561 892 29 21 all
614 891 117 27 beräkning
753 891 107 27 företaget
878 892 19 26 ej
913 892 85 21 komme
1013 894 32 19 att

219 922 71 21 lemna
312 922 77 26 någon'
406 927 38 15 ren
467 920 123 26 behållning
612 920 48 25 alls,
680 920 55 20 skall
753 920 68 20 förmå
837 920 90 21 betäcka
941 922 62 20 ränta
1017 920 29 27 på

219 951 60 21 detta
293 949 99 23 statslån.
417 949 73 21 Skulle
506 949 54 21 dock
576 949 19 26 ej
612 948 69 21 heller
695 948 59 21 detta
768 948 92 26 inträffa,
876 949 23 21 så
915 949 92 21 återstår
1020 948 26 27 ju

219 979 61 20 alltid
296 978 35 21 för
350 978 130 21 statsverket
494 979 93 24 utvägen
603 978 33 19 att
650 978 51 19 utan
717 977 67 25 någon
799 977 74 20 vidare
887 977 121 27 uppoffring
1018 979 28 18 än

219 1007 27 21 de
261 1007 100 21 lemnade
378 1006 113 26 1,500,000
505 1006 45 21 Fm.
560 1007 53 25 göra
628 1005 33 26 sig
677 1005 32 20 till
726 1011 63 20 egare
804 1005 24 20 af
842 1005 69 21 denna
925 1005 62 26 bana,
999 1011 46 16 som

219 1036 72 21 kostat
313 1035 7 21 i
344 1035 130 26 anläggning
496 1034 116 26 2,500,000
634 1033 45 21 Fm.
699 1033 39 21 och
752 1033 86 21 hvilken
854 1035 24 19 är
893 1033 23 22 af
930 1034 41 21 den
986 1034 60 27 bety-

220 1064 59 21 delse
302 1065 33 20 att
358 1063 49 21 dess
430 1062 114 21 utförande
563 1062 77 21 endast
655 1061 41 22 kan
712 1068 51 15 vara
778 1068 26 15 en
819 1062 112 27 tidsfråga,
946 1069 51 14 vare
1012 1063 34 26 sig

220 1093 65 21 sedan
301 1093 34 20 att
350 1091 41 21 den
406 1091 114 21 realiseras
536 1097 77 20 genom
629 1090 84 21 enskild
728 1091 53 20 eller
796 1091 82 21 statens
893 1091 90 26 försorg.

288 1121 31 21 På
343 1126 82 15 samma
443 1119 56 27 gång
518 1120 76 21 staden
610 1119 90 21 sålunda
715 1119 57 21 velat
786 1119 109 21 vördsamt
910 1119 86 22 anhålla
1011 1125 35 16 om

220 1149 128 22 ständernas
363 1148 75 21 förord
453 1148 34 21 för
502 1148 122 27 beviljande
640 1147 23 21 af
677 1147 40 21 den
732 1147 90 21 ansökta
834 1147 161 27 koncessionen,
1006 1148 41 21 har

220 1178 41 21 den
278 1178 18 26 ej
320 1178 83 20 kunnat
418 1176 114 22 underlåta
546 1178 34 19 att
594 1175 57 22 fästa
665 1175 101 22 afseende
780 1176 36 21 vid
832 1178 32 19 ett
878 1178 65 20 annat
957 1176 89 27 förslag,

220 1213 45 14 som
289 1205 89 22 härmed
395 1205 45 21 står
462 1205 7 20 i
492 1207 53 18 nära
560 1204 115 21 samband:
692 1205 26 20 de
732 1205 116 26 yrkanden,
864 1211 45 15 som
926 1205 47 21 från
989 1205 58 21 olika

220 1235 43 21 håll
283 1235 58 20 inom
357 1239 88 21 pressen
461 1233 68 27 gjorts
544 1235 39 24 att,
600 1239 34 14 om
651 1233 40 20 den
706 1233 150 26 projekterade
872 1233 175 22 Savolaksbanan

219 1264 85 20 komme
324 1264 33 19 att
375 1262 52 27 utgå
441 1261 47 22 från
503 1261 105 27 Kaipiais,
624 1261 124 21 densamma
762 1261 27 27 på
804 1262 141 21 statsverkets
960 1262 87 21 bekost-

219 1292 42 21 nad
285 1291 67 22 måtte
374 1289 110 28 förlängas
507 1291 57 20 ända
578 1290 34 21 till
628 1289 64 22 hamn
707 1290 35 21 vid
757 1290 80 21 Finska
851 1290 70 21 viken.
950 1290 34 21 Då
999 1290 49 22 der-

217 1321 68 26 jemte
304 1319 131 22 framhållits
454 1319 150 26 önskligheten
624 1318 23 21 af
661 1320 32 19 att
707 1319 70 20 denna
792 1318 130 21 förbindelse
937 1319 71 21 blefve
1023 1319 25 21 så

220 1349 50 21 kort
292 1354 46 15 som
362 1347 92 27 möjligt,
473 1347 39 21 har
531 1347 75 21 staden
623 1346 50 22 låtit
687 1347 33 26 sig
734 1347 114 26 angeläget
863 1353 52 15 vara
929 1349 32 19 att
976 1348 72 21 lemna

220 1383 27 16 en
269 1376 116 27 utredning
407 1381 34 16 om
464 1376 55 21 huru
542 1381 26 16 en
589 1375 51 21 linie
658 1375 197 27 Kaipiais—Kotka
870 1375 69 22 skulle
954 1376 95 27 gestalta

220 1406 41 26 sig.
291 1405 82 22 Staden
395 1404 40 21 har
458 1404 72 21 derför
552 1403 50 22 låtit
620 1403 86 21 okulärt
723 1404 121 21 undersöka
866 1410 26 15 en
914 1404 67 21 sådan
996 1404 52 22 linie

220 1435 57 21 samt
298 1433 35 22 får
355 1433 80 20 härhos
456 1433 88 26 vidfoga
563 1432 302 27 undersökningsprotokollet
880 1434 55 20 samt
950 1435 31 19 ett
995 1439 54 21 upp-

220 1463 73 26 gjerdt
315 1461 193 27 kostnadsförslag.
538 1461 30 21 Af
590 1461 109 21 desamma
721 1460 83 27 framgå
818 1463 40 23 att
880 1461 81 22 banans
983 1461 67 27 längd

221 1491 48 22 från
289 1490 98 27 Kaipiais
399 1489 37 22 till
452 1490 49 21 dess
517 1489 113 27 slutpunkt
646 1489 12 21 å
673 1489 71 21 Kotka
759 1489 59 22 stads
833 1489 60 27 kajer
908 1489 71 22 blefve
995 1488 55 25 51!/2

221 1521 69 20 verst:
302 1520 57 20 samt
381 1520 33 19 att
435 1518 127 27 kostnaden,
585 1518 69 20 under
669 1517 152 27 förutsättning
836 1520 32 19 att
882 1518 69 21 banan
967 1518 83 22 utföres

221 1548 68 26 enligt
311 1547 38 21 det
372 1546 34 21 för
428 1546 152 21 statsbanorna
593 1547 102 25 .antagna
716 1548 151 24 programmet,
886 1546 120 22 beräknats.
1016 1546 35 22 till

220 1576 117 26 2,780,000
352 1575 46 21 Fm.
428 1575 114 27 Utgäende
557 1574 48 22 frän
620 1574 98 27 Kaipiais
728 1580 100 21 passerar
838 1574 65 22 linien
911 1575 73 27 Turpa
991 1575 60 22 krut-
