1098 1748
239 126 32 17 274
522 125 91 23 Borgarest:
624 124 44 19 1885.
691 124 12 20 9
715 125 46 18 Pehr.

217 196 46 20 med
279 195 81 27 Nänsyr
375 194 32 20 till
423 194 36 20 det
473 199 76 15 senare
562 193 136 21 momentet'i
713 193 122 28 petitionen.
857 194 43 27 Jag
913 194 58 22 inser
985 194 47 21 icke

217 226 30 19 att
262 224 108 21 allmänna
388 222 192 21 besvärsutskottet
598 222 53 21 skall
672 223 47 20 med
737 222 126 27 tillräckligt
881 223 96 22 omdöme
992 223 39 21 och

216 252 157 21 sakkännedom
389 251 69 20 kunna
474 257 53 20 egna
541 251 70 25 denna
621 249 62 28 fräga
696 251 28 20 all
741 251 39 21 den
795 251 131 26 insigtsfulla
938 251 94 22 behand-

216 281 43 26 ling
274 281 39 20 den
333 282 24 19 är
376 279 57 26 värd,
453 279 38 21 och
511 279 69 21 skulle
596 279 26 26 pä
638 279 68 20 denna
723 279 68 26 grund
806 279 108 22 äfvensom
931 281 48 20 med
994 286 38 15 an-

216 309 83 26 ledning
315 308 24 21 af
353 308 26 21 de
395 307 64 21 motiv
475 307 49 21 herr
539 307 118 26 Malmgren
673 307 121 26 framhållit,
811 310 32 19 att
857 308 6 21 i
875 308 100 21 händelse
986 309 46 26 lag-

215 337 104 21 utskottet
334 336 55 21 hade
404 336 72 21 alltför
491 336 77 26 mänga
583 335 72 27 frägor
670 337 32 20 att
719 342 54 20 egna
791 336 32 21 sin
842 337 188 26 uppmärksamhet

216 366 27 26 åt,
260 366 117 21 detsamma
392 365 70 20 kunde
478 364 82 21 fördela
575 364 32 27 sig
622 364 7 21 i
644 366 76 19 tvenne
739 364 133 27 afdelningar
887 365 38 21 och
941 365 89 21 sålunda

215 395 6 20 i
237 394 30 21 tid
286 394 21 21 få
327 393 74 26 frågan
420 393 126 25 behandlad,
566 392 92 26 anhålla,
676 394 31 19 att
725 393 68 20 denna
811 393 90 26 petition
917 393 64 22 måtte
997 399 32 16 re-

216 423 94 20 mitteras
325 422 34 21 till
375 421 144 26 lagutskottet.

282 451 56 20 Herr
355 449 190 27 Schybergson:
560 449 41 26 Jag
616 449 39 20 har
670 449 45 21 icke
731 449 80 22 kunnat
825 450 71 27 undgå
911 452 31 19 att
957 451 73 21 obser-

215 485 50 16 vera
281 485 24 15 en
321 479 44 20 viss
383 478 138 26 benägenhet,
541 479 32 19 att
587 479 44 19 mot
645 477 242 28 landtdagsordningens
902 479 127 26 uttryckliga

215 507 132 26 bestämning
363 507 108 20 remittera
486 513 25 14 en
527 506 34 21 del
576 506 93 21 ärenden
684 506 32 21 till
736 507 106 20 allmänna
860 507 169 21 besvärsutskot-

215 538 36 19 tet.
281 535 44 28 Mig
341 541 68 21 synes,
425 537 31 18 att
471 535 68 20 denna
554 534 134 27 benägenhet
702 534 139 22 öfverhufvud
860 535 38 21 har
915 536 56 20 varit
986 535 42 21 för-

214 565 83 26 kastlig,
313 570 48 15 men
377 563 101 21 särskildt
493 563 67 21 måste
574 563 36 26 jag
626 569 52 15 anse
693 565 31 18 att
739 563 39 21 den
793 565 24 19 är
833 563 42 26 det,
891 563 26 21 då
930 564 39 21 det
983 564 45 26 gäl-

214 594 31 20 ler
263 599 25 15 en
309 592 61 27 fråga
389 591 23 21 af
429 592 41 20 den
489 591 179 26 utomordentliga
686 591 50 26 vigt,
755 598 45 15 som
819 592 41 21 den
875 591 152 28 föreliggande,

214 628 25 15 en
258 621 67 27 fråga,
349 626 44 15 som
416 619 139 27 ovilkorligen
578 619 68 22 måste
668 625 61 16 anses
753 620 51 21 höra
826 620 33 21 till
878 621 149 26 lagutskottets

214 656 70 21 rayon.
315 649 41 26 Jag
371 649 95 21 ansluter
481 648 43 27 mig
539 648 72 21 derför
625 648 33 21 till
675 648 52 26 dem,
743 655 45 15 som
803 649 50 21 med
868 649 61 26 lojalt
940 649 88 21 fasthål-

214 679 61 21 lande
298 678 23 21 af
342 677 242 27 landtdagsordningens
606 677 133 26 ordalydelse
762 677 38 21 och
820 678 49 20 dess
888 678 139 27 andemening

213 707 61 21 äfven
289 707 7 20 i
312 707 59 20 detta
386 706 37 20 fall
439 705 80 27 päyrka
534 706 76 20 remiss
624 705 33 21 till
674 705 144 27 lagutskottet.

280 735 56 21 Herr
352 734 129 27 Ignatius:
501 734 56 20 Herr
572 734 106 20 Fabritius
694 734 37 20 har
745 734 8 20 i
768 735 37 20 sitt
815 734 210 26 petitionsmemorial

213 764 76 21 uttalat
307 770 26 14 en
353 762 86 26 önskan,
459 764 32 19 att
508 762 64 26 nädig
590 762 129 26 proposition
739 762 64 22 mätte
821 762 120 27 föreläggas
961 764 64 20 redan

213 792 142 21 innevarande
370 791 101 26 landtdag
486 790 109 27 angäende
614 791 26 20 de
660 790 66 27 begge
745 791 110 21 inhemska
870 791 101 27 spräkens
987 792 39 21 lik-

214 821 113 26 ställighet.
347 820 59 21 Skall
415 820 68 20 denna
490 819 96 21 uttalade
595 819 80 21 önskan
687 819 70 21 kunna
767 819 147 27 förverkligas,
927 820 23 21 sä
958 820 67 21 mäste

213 850 86 20 ärendet
315 848 123 27 hänskjutas
453 848 33 20 till
502 850 31 18 ett
547 848 88 26 utskott,
651 854 45 14 som
711 850 23 18 är
749 848 7 20 i
775 848 61 21 ständ
851 850 32 18 att
897 850 74 25 genast
986 848 38 22 och

213 880 48 19 utan
281 877 101 27 dröjsmål
401 877 105 21 behandla
525 877 124 20 detsamma.
682 877 37 20 Ett
741 877 75 20 sådant
838 877 82 21 utskott
940 879 24 19 är
986 877 39 22 all-

214 908 73 19 männa
302 905 198 25 besvärsutskottet,
516 911 45 15 som
581 905 40 20 kan
640 907 51 24 taga
707 905 75 26 frågan
800 907 75 24 genast
893 905 66 22 under
981 912 44 16 om-

212 935 97 26 pröfning
321 934 46 27 just
386 934 46 21 med
449 933 79 27 hänsyn
543 933 33 21 till
592 933 48 21 dess
655 933 132 21 brådskande
802 933 151 22 beskaffenhet.
971 934 54 27 Lag-

213 963 102 21 utskottet
337 964 24 19 är
379 962 46 21 icke
444 964 31 19 ett
493 962 75 21 sådant
586 962 88 25 utskott,
693 962 86 21 emedan
799 962 35 21 det
853 963 65 26 enligt
936 963 35 26 lag
986 963 38 21 och

213 991 124 26 författning
352 993 24 18 är
391 991 92 26 skyldigt
498 992 32 19 att
544 990 55 21 först
614 992 50 25 taga
680 991 24 20 de
719 990 33 21 till
767 991 117 20 detsamma
899 991 126 26 hänskjutna

212 1020 76 27 nådiga
303 1019 183 28 propositionerna
501 1019 67 20 under
583 1019 134 26 behandling.
745 1019 41 26 Jag
801 1019 41 21 kan
857 1019 32 21 för
905 1019 64 27 öfrigt
978 1019 46 22 icke

213 1048 62 26 finna,
290 1050 31 19 att
337 1048 68 21 denna
419 1047 61 27 fråga
495 1047 47 21 med
565 1047 156 27 nödvändighet
739 1047 68 22 skulle
825 1047 114 22 förutsätta
957 1048 67 27 lagut-

213 1077 89 21 skottets
318 1076 134 27 behandling.
481 1076 46 21 Här
541 1076 69 26 gäller
623 1075 25 27 ju
662 1076 75 21 endast
756 1077 32 20 att
805 1076 126 27 petitionera
945 1083 34 15 om
998 1083 26 15 en

212 1106 45 26 lag;
276 1106 95 20 kommer
390 1105 63 26 nådig
471 1105 132 26 proposition
622 1105 32 21 till
670 1105 34 26 lag
718 1105 7 21 i
740 1106 71 20 ämnet
825 1105 66 21 redan
905 1106 35 20 vid
955 1106 68 21 denna

213 1134 99 26 landtdag
327 1134 33 21 till
376 1134 67 25 stånd,
459 1134 24 20 så
498 1135 24 19 är
537 1134 37 20 det
588 1133 57 21 klart
658 1135 32 19 att
703 1134 68 20 denna
781 1134 129 26 proposition
924 1134 101 27 hänskju-

212 1166 31 18 tes
259 1163 32 21 till
307 1162 146 26 lagutskottet,
468 1168 47 14 men
531 1164 32 18 att
577 1161 75 27 frågan
667 1168 40 19 om,
724 1162 102 21 buruvida
841 1168 25 15 en
881 1162 98 22 anhållan
990 1169 33 15 om

211 1192 128 26 proposition
356 1190 54 22 skall
425 1190 74 21 aflåtas
515 1190 53 22 eller
583 1190 26 27 ej,
628 1190 69 21 skulle
715 1190 72 21 fordra
801 1190 128 28 behandling
944 1191 23 21 af
979 1192 45 26 lag-

211 1220 108 25 utskottet,
336 1219 35 21 det
385 1221 25 19 är
425 1226 25 14 en
467 1219 62 26 åsigt,
545 1225 45 15 som
604 1219 38 27 jag
656 1219 46 21 icke
716 1219 42 21 kan
769 1219 119 26 godkänna.
909 1220 42 26 Jag
961 1226 62 15 anser

211 1250 31 20 att
256 1248 88 21 ärendet
359 1248 32 20 till
407 1247 52 27 följd
475 1247 23 21 af
512 1248 31 20 sin
560 1247 134 21 brådskande
709 1247 144 22 beskaffenhet
868 1248 53 21 både
931 1248 41 21 kan
983 1248 39 21 och

211 1278 37 20 bör
263 1277 120 21 remitteras
398 1276 32 21 till
447 1276 107 21 allmänna
565 1276 201 22 -besvärsutskottet.

277 1305 55 21 Herr
351 1304 151 27 Malmgren:
525 1304 42 27 Jag
586 1310 63 15 anser
664 1304 6 21 i
686 1306 87 20 motsats
788 1305 33 21 till
837 1305 39 21 den
892 1305 51 21 siste
958 1305 65 22 ärade

211 1334 81 21 talaren
307 1335 32 19 att
354 1334 114 20 ständerna
483 1333 62 21 äfven
564 1335 37 19 äro
620 1333 48 21 litet
685 1333 84 21 bundna
787 1333 23 21 af
826 1334 198 26 landtdagsordnin-

211 1369 45 20 gen,
271 1364 39 19 när
325 1362 36 20 det
376 1364 23 18 är
414 1362 61 26 fråga
490 1368 34 14 om
539 1362 76 20 remiss
630 1362 33 20 till
678 1362 87 21 utskott.
797 1362 160 26 Lagutskottets
971 1368 52 21 upp-

210 1391 39 27 gift
263 1392 24 20 är
302 1390 93 27 tydligen
415 1390 116 21 definierad
550 1390 6 20 i
575 1390 28 21 34
621 1390 11 27 &
652 1390 22 21 af
691 1390 235 27 landtdagsordningen,
942 1391 39 21 och
995 1390 28 27 på

210 1419 65 27 grund
295 1419 22 21 af
335 1419 68 21 denna
421 1418 108 22 definition
549 1424 63 16 anser
628 1418 37 27 jag
684 1419 35 21 det
734 1425 49 15 vara
799 1419 42 21 min
857 1420 58 26 pligt,
931 1421 37 24 att,
984 1421 38 19 när

210 1449 35 21 det
256 1448 67 26 gäller
333 1453 26 15 en
374 1447 88 27 petition
479 1447 47 21 med
541 1446 99 22 anhållan
657 1453 34 15 om
706 1454 25 14 en
746 1447 41 27 lag,
798 1447 80 27 påyrka
888 1448 48 21 dess
947 1448 74 21 remiss

209 1478 32 20 till
256 1476 147 27 lagutskottet,
422 1476 81 21 hvilket
521 1476 65 20 också
600 1476 123 27 skyndsamt
737 1476 41 21 kan
793 1476 119 27 handlägga
927 1476 95 26 ärendet,

209 1512 32 14 om
257 1506 36 20 det
308 1504 55 22 blott
377 1504 60 21 delar
452 1504 32 27 sig
499 1504 28 27 på
541 1506 77 20 tvenne
634 1504 112 22 sektioner.
810 1529 2 3 N

276 1532 54 23 Herr
345 1533 158 27 Chydenius:
525 1533 45 21 Här
588 1533 39 21 har
642 1539 38 21 par
695 1533 79 27 gänger
789 1535 76 26 yttrats
881 1535 31 20 att
926 1534 19 21 vi
961 1534 62 22 skola
