1098 1739
12 19 1056 32 p
845 15 226 41 "|

220 176 43 32 380
493 179 91 22 Borgarest.
596 177 45 19 1885.
663 177 10 18 3
686 177 51 18 Mars.

271 249 32 20 att
320 247 87 21 ständet
425 246 36 21 vid
479 245 130 26 behandling
624 245 23 21 af
661 244 215 22 ekonomiutskottets
891 245 135 21 betänkande

203 276 110 27 angäende
322 275 61 21 Hans
393 274 123 26 Kejserliga
526 273 113 26 Majestäts
649 273 78 26 nädiga
741 273 132 26 proposition
889 273 7 20 i
911 272 115 27 anledning

203 304 23 21 af
247 303 127 22 ständernas
397 302 88 26 petition
508 307 34 15 om
561 301 78 20 förbud
659 302 45 19 mot
721 300 113 26 hingstföls
853 301 141 26 utsläppande
1013 301 15 21 &

202 337 122 21 gemensam
347 330 124 21 betesmark
493 331 86 18 stannat
596 329 36 20 vid
651 328 94 27 följande
763 328 81 21 beslut:
867 335 63 14 mom.
947 329 11 20 1
974 329 52 25 god-

202 359 92 26 kändes;
316 364 63 15 mom.
396 359 13 20 2
429 357 197 21 äterremitterades
648 356 33 21 till
701 356 105 20 utskottet
820 355 34 22 för
868 357 158 26 omredigering

202 387 8 21 i
225 387 56 26 syfte
296 388 31 19 att
342 386 101 25 beloppet
457 385 24 20 af
494 385 63 20 böter
571 384 34 21 för
621 384 83 26 hingsts
719 384 141 25 utsläppande
876 384 12 21 å
902 390 134 20 gemensam
1027 380 13 37 ;

203 414 122 21 betesmark
347 413 49 21 med
415 413 52 26 vilja
484 413 123 20 bestämdes
622 411 47 21 frän
686 412 28 20 10
727 411 34 21 till
779 412 40 20 100
833 412 61 20 mark
910 414 61 23 samt,
987 413 39 20 der

204 443 37 20 det
262 442 80 21 skedde
365 447 76 20 genom
463 440 150 21 försummelse
631 440 54 20 eller
703 439 140 27 värdslöshet,
859 439 47 21 frän
921 440 14 21 5
950 440 33 20 till
998 440 30 21 50

203 470 67 25 mark,
285 469 119 26 hvarjemte
426 475 26 14 ur
470 470 127 19 momentets
617 467 134 27 ordalydelse
769 467 94 26 tydligen
880 467 66 21 borde
961 467 65 21 fram-

204 498 33 26 gä,
253 499 32 19 att
307 498 26 20 de
356 497 46 20 deri
420 498 81 19 utsatta
519 496 90 20 böterna
627 501 51 15 vore
699 495 121 26 vitesböter,
836 495 36 20 vid
887 495 81 21 hvilket
984 495 43 21 för-

203 525 100 21 hällande
321 525 47 20 äter
387 530 62 15 mom.
464 524 14 21 5
493 524 85 20 komme
596 525 33 19 att
643 523 110 25 bortfalla;
776 529 62 14 mom.
854 523 14 20 3
883 523 39 20 och
936 523 15 21 4
966 525 60 19 anto-

203 559 40 20 gos
261 552 152 25 oförändrade;
437 557 62 15 mom.
515 552 14 21 5
544 551 77 26 skulle,
638 551 70 20 säsom
726 551 66 20 redan
811 551 93 26 antydts,
919 550 47 21 frän
982 551 44 20 för-

203 581 119 25 fattningen
345 580 58 26 utgå.
432 579 37 22 Uti
492 579 111 26 ingressen
627 579 68 20 skulle
718 579 65 20 orden
802 580 43 23 ,ett
868 578 117 25 stadgande
1004 579 24 20 af

204 608 93 27 följande
312 608 93 27 lydelse”
421 607 86 26 utbytas
522 609 45 18 mot
577 613 38 20 ,en
631 606 24 21 så
669 606 90 27 lydande
775 605 125 27 förordning
915 606 112 26 angående

204 636 76 21 förbud
295 638 45 19 mot
355 636 108 25 hingstars
478 635 143 26 utsläppande
635 635 14 20 å
663 640 122 20 gemensam
800 634 139 26 betesmark";

273 665 34 20 2:0
321 663 48 21 från
385 663 159 26 presteständet
560 663 48 20 med
624 662 166 21 underrättelse:

272 693 31 19 att
325 691 86 21 ståndet
433 691 27 26 på
482 690 129 21 hemställan
633 690 23 20 af
675 689 209 27 ekonomiutskottet,
904 690 32 20 dit
954 691 31 20 ett
1003 689 24 22 af

203 719 148 27 kyrkoherden
371 718 128 21 Gummerus
518 718 34 20 till
572 718 85 21 ståndet
679 717 89 26 ingifvet
789 717 183 26 petitionsförslag
990 719 36 19 rö-

204 747 65 21 rande
288 747 131 26 statsbidrag
437 747 34 20 till
491 745 113 22 aflönande
619 745 24 21 af
656 745 73 21 läkare
744 745 7 20 i
766 745 186 21 landskommuner
966 745 59 21 förut

203 775 70 21 blifvit
295 775 141 24 remitteradt,
452 774 89 21 beslutit
563 775 39 24 att,
619 773 48 21 med
685 773 147 26 upphäfvande
851 773 23 20 af
891 773 37 21 sitt
942 773 8 21 i
966 773 59 22 detta

204 803 100 21 afseende
319 803 92 25 tidigare
427 802 81 21 fattade
525 802 76 25 beslut,
612 801 111 21 remittera
737 801 162 26 ifrågavarande
914 801 112 26 petitions-

203 830 81 27 förslag
298 831 33 20 till
347 831 109 20 allmänna
470 829 206 24 besvärsutskottet;

271 860 32 19 att
318 858 86 21 ståndet
418 858 32 20 till
466 857 163 21 bankutskottet
644 857 119 20 remitterat
778 857 36 20 det
829 857 145 26 underdåniga
987 857 38 21 be-

203 886 113 26 tänkande,
332 892 45 15 som
400 885 95 27 afgifvits
515 885 23 21 af
556 885 41 20 den
616 885 34 20 för
665 885 136 26 uppgörande
816 885 24 20 af
853 885 80 26 förslag
948 885 34 20 till
996 891 28 21 ny

203 913 132 27 författning,
351 913 110 26 angående
484 913 96 21 vilkoren
597 912 33 21 för
645 913 129 20 inrättandet
788 912 23 21 af
825 913 97 21 enskilda
936 913 88 26 banker,

203 942 98 21 nedsatta
315 942 90 25 komite;

272 972 31 18 att
322 969 85 21 ståndet
424 969 33 21 till
477 969 108 21 ekonomi-
601 969 39 20 och
655 969 159 20 statsutskottet
829 969 119 20 remitterat
962 968 64 22 Hans

203 997 121 27 Kejserliga
341 997 114 26 Majestäts
477 997 79 26 nådiga
573 996 131 27 proposition
723 1003 34 14 n:o
772 997 34 26 34,
821 996 145 21 innefattande
981 997 44 20 för-

203 1025 47 27 slag
271 1025 33 21 till
327 1025 150 26 förordningar
499 1025 111 26 angående
629 1025 95 20 vilkoren
742 1024 33 21 för
794 1025 19 26 ej
829 1025 82 20 mindre
928 1025 95 20 tillverk-

203 1054 50 25 ning
269 1053 38 21 och
327 1053 133 26 destillering
476 1055 26 19 än
522 1053 134 26 försäljning,
672 1053 89 26 forsling
777 1053 38 21 och
830 1053 79 26 upplag
924 1052 24 21 af
962 1053 63 20 brän-

203 1081 34 21 vin
253 1082 55 20 samt
323 1081 66 21 andra
404 1081 82 21 brända
501 1081 54 21 eller
570 1081 138 21 destillerade
723 1081 153 27 spritdrycker;

271 1111 32 19 att
317 1109 86 21 ståndet
417 1109 33 21 till
466 1109 161 21 statsutskottet
641 1109 120 21 remitterat
774 1108 60 22 Hans
844 1109 122 27 Kejserliga
977 1109 49 21 Ma-

200 1138 77 26 jestäts
296 1138 77 26 nådiga
392 1138 132 26 proposition
543 1144 34 14 n:o
593 1137 34 26 35,
643 1137 110 26 angående
767 1137 81 22 inlösen
864 1137 24 21 af
902 1138 121 20 donations-

202 1166 79 26 godsen
297 1166 6 20 i
313 1166 93 26 Viborgs
421 1166 39 20 och
476 1166 32 20 S:t
525 1166 91 20 Michels
634 1166 43 25 län,
691 1166 38 20 och
744 1166 68 20 likaså
827 1166 37 20 det
877 1166 149 26 underdåniga

202 1194 116 25 utlåtande,
334 1200 45 14 som
396 1194 95 26 afgifvits
507 1194 23 20 af
544 1194 167 21 kommissionen
726 1193 33 21 för
774 1193 158 22 verkställande
948 1193 23 21 af
984 1200 40 14 un-

202 1222 128 26 dersökning
349 1222 47 21 utaf
413 1222 27 21 de
460 1222 190 26 omständigheter,
666 1228 45 14 som
726 1222 70 21 kunna
812 1222 65 21 verka
892 1222 88 26 menligt
995 1222 28 26 på

202 1250 103 21 åboernes
323 1250 12 20 å
351 1250 26 21 de
392 1250 79 21 inlösta
485 1250 268 26 donationslägenheterna
768 1250 137 21 ekonomiska
920 1250 103 26 ställning

202 1284 26 15 m.
239 1284 34 20 m.,
282 1278 109 22 äfvensom
400 1284 26 15 en
435 1278 23 20 af
464 1278 219 26 finansexpeditionen
692 1278 6 21 i
707 1278 115 26 kejserliga
834 1280 86 19 senaten
932 1278 33 20 för
972 1278 50 21 Fin-

202 1306 49 21 land
261 1306 94 27 afgifven
367 1306 118 21 berättelse
497 1312 34 15 om
543 1306 128 26 fortgången
683 1306 23 20 af
717 1306 202 26 donationsgodsens
929 1306 93 25 inlösen;

270 1336 31 19 att
323 1335 86 21 ståndet
423 1334 95 27 godkänt
538 1334 109 21 allmänna
665 1334 202 21 besvärsutskottets
888 1334 135 22 betänkande

201 1369 34 15 n:o
245 1364 18 25 1,
271 1362 49 22 med
335 1362 115 26 anledning
465 1362 24 21 af
502 1364 32 19 ett
549 1362 34 21 till
599 1362 176 26 borgareståndet
787 1362 117 22 inlemnadt
913 1362 111 27 petitions-

201 1390 80 28 förslag
297 1391 110 27 angående
422 1390 135 22 tillsättande
573 1390 24 22 af
610 1397 26 14 en
652 1390 78 21 komité
745 1390 32 21 för
788 1391 118 21 utrönande
916 1390 23 22 af
948 1390 77 21 handt-

201 1420 148 21 verkeriernas
364 1420 6 20 i
386 1420 73 21 landet
474 1420 108 26 tillstånd;

269 1450 32 19 att
319 1448 87 22 ståndet
425 1448 34 21 vid
479 1448 130 27 behandling
625 1448 23 22 af
662 1448 212 22 ekonomiutskottets
889 1448 137 22 betänkande

201 1483 34 15 n:o
252 1477 18 25 1,
285 1477 111 26 angående
411 1476 60 22 Hans
487 1477 124 27 Kejserliga
625 1476 112 27 Majestäts
753 1478 77 26 nådiga
845 1476 131 27 proposition
990 1481 36 15 n:o

202 1506 33 25 11,
246 1506 6 20 i
267 1504 116 27 anledning
398 1504 23 21 af
435 1506 128 20 ständernas
578 1505 89 26 petition
684 1511 33 15 om
728 1505 75 22 förbud
814 1507 45 19 mot
868 1504 113 26 hingstföls
992 1505 33 19 ut-

201 1533 116 27 släppande
333 1533 13 21 å
360 1539 123 20 gemensam
499 1533 131 26 betesmark,
641 1533 88 21 beslutit
740 1533 156 21 återremittera
906 1533 121 21 detsamma

200 1561 33 21 till
249 1561 111 26 utskottet,
372 1561 48 21 med
434 1561 107 22 anmodan
557 1563 32 19 att
604 1560 105 22 utskottet
723 1562 69 22 skulle
807 1562 57 22 förse
880 1562 36 20 det
929 1561 8 20 i
952 1560 76 22 betän-
