1098 1745
343 125 92 22 Borgarest.
448 125 44 18 1885.
514 125 11 18 2
535 125 47 19 febr.
834 127 34 18 201

73 197 51 22 rade
140 195 54 26 läge.
224 194 31 27 Ty
270 194 27 20 då
307 193 149 22 förbindelsen
472 194 46 21 med
535 194 68 21 denna
620 195 155 21 ö-vintertiden
790 195 44 21 ofta
848 201 43 22 nog

72 228 25 18 är
110 224 26 21 så
154 223 55 25 svår,
231 223 32 20 att-
270 222 143 27 exempelvis
431 222 33 21 för
483 223 48 20 dess
549 225 149 24 representant
712 223 7 20 i
734 223 156 22 bondeståndet

73 253 34 21 vid
122 252 70 21 denna
206 250 101 26 landtdag
326 251 135 20 erfordrades
479 256 26 15 en
521 250 90 21 fortsatt
627 257 49 15 resa
689 251 23 21 af
726 251 44 21 åtta
786 252 55 27 dygn
855 252 35 21 för

73 283 31 19 att
119 279 71 28 uppnå
208 279 120 25 fastlandet,
350 279 41 20 blir
414 279 90 21 barnens
526 279 106 26 skolgång
651 279 38 21 här
706 279 6 21 i
730 280 36 21 det
782 282 106 20 närmaste

72 310 119 20 detsamma
205 313 45 15 som
266 309 30 19 :ett
311 307 96 20 vistande
422 307 59 26 långt
496 307 62 21 borta
571 307 7 20 i
594 307 132 22 främmande
742 308 56 21 land.

140 336 78 26 Många
233 335 66 21 andra
313 335 190 27 behjertänsvärda
517 336 181 26 omständigheter
708 336 70 22 kunde
789 337 34 21 väl
834 339 56 20 ännu

72 365 140 26 framdragas,
228 370 46 15 :men
290 364 64 20 redan
370 364 37 21 det
421 363 88 22 anförda
525 363 61 22 torde
595 364 104 27 tillfylles
714 365 44 21 tala
773 365 33 21 för
820 366 69 27 billig-

72 394 64 21 heten
151 393 23 21 af
187 393 47 20 mitt
248 392 87 26 förslag,
350 391 28 22 dä
391 392 36 27 jag
442 392 39 21 har
498 394 51 19 äran
565 392 87 21 anhålla
666 393 36 21 det
717 393 106 28 vällofliga
837 394 52 21 Bor-

72 421 137 28 gareständet
224 421 48 20 ville
287 420 86 21 förorda
389 427 25 14 en
429 421 131 26 underdänig
575 421 90 26 petition

244 469 34 16 om
296 461 143 24 inrättandet
451 461 41 24 och
503 461 193 24 umderhällandet
714 462 3 23 i
728 462 162 25 Mariehamns

174 493 52 32 stad
239 496 34 31 pä
290 495 147 24 statsverkets
455 495 121 24 bekostnad
588 495 31 30 af
628 503 28 16 en
666 495 223 30 fruntimmersskola

176 531 51 24 med
243 531 69 22 minst
327 529 57 30 fyra
401 529 88 24 klasser
507 529 40 24 och
565 530 51 23 med
633 531 95 32 svenska
744 538 48 16 som
802 531 86 24 under-

176 563 180 32 visningsspräk.

143 603 139 27 Helsingfors,
297 603 41 21 den
353 603 27 21 31
395 603 89 21 Januari
501 602 60 22 1885.

628 631 81 26 Rudolf
723 631 95 28 Elving."

142 677 60 22 Efter
220 677 69 22 slutad
307 677 127 26 uppläsning
453 677 22 21 af
491 677 233 27 petitionsmemorialet
742 678 79 27 yrkade
839 679 49 20 herr

74 707 76 26 Elving
171 706 27 27 pä
220 706 127 21 detsammas
368 706 80 20 remiss.
465 705 33 21 till:
515 706 106 21 allmänna
640 706 190 22 besvärsutskottet
848 707 40 21 och

73 735 123 22 meddelade
207 735 106 20 dessutom
325 734 42 21 den
377 734 153 27 upplysningen
541 735 32 20 att
583 733 33 22 för
624 734 182 27 ävägabringande
816 735 22 22 af
846 735 42 22 den

73 764 119 26 föreslagna
213 763 73 21 skolan
308 762 132 27 småningom
459 763 168 26 sammanbragts
647 769 26 15 en
691 769 81 16 summa
789 764 23 21 af
825 764 64 26 8,800

74 793 66 25 mark,
156 791 91 26 hvilken,
262 791 7 21 i
283 791 101 21 händelse
399 791 75 21 skolan
489 791 83 21 komme
587 790 33 22 till
635 791 67 27 ständ,
718 792 69 21 kunde
802 792 23 21 af
838 792 50 22 den-

74 827 80 16 samma
169 820 21 21 fä
205 820 128 27 disponeras.
802 844 3 2 .

143 849 89 22 Ständet
248 849 69 20 beslöt
335 848 52 21 härä
406 849 109 20 remittera
529 848 65 26 sagda
608 849 180 26 petitionsförslag
803 849 32 22 till
850 849 38 22 all-

52 895 2 2 .
74 880 77 19 männa
165 876 196 22 besvärsutskottet.

144 962 112 27 Upplästes
271 963 30 20 ett
316 962 23 21 af
348 962 50 21 herr
409 962 132 21 Fabritius
553 962 116 22 inlemnadt
680 963 177 28 petitionsförslag
868 963 23 22 af

74 992 91 27 följande
180 991 87 27 lydelse:
451 999 2 4 i

141 1044 2 2 =
178 1037 7 10 y
189 1019 51 22 Pill
253 1019 138 27 vällofliga
405 1019 229 27 Borgareständet!

142 1048 82 27 Nädiga
239 1048 149 27 förordningen
403 1048 110 27 angäende
527 1049 171 26 organisationen
712 1049 22 21 af
746 1049 140 22 folkskolevä-

74 1077 74 22 sendet
162 1077 8 20 i
183 1077 73 21 landet
270 1077 40 20 den
326 1077 25 20 11
368 1077 43 26 Maj
429 1077 54 21 1866
499 1076 138 22 tillerkänner
652 1077 7 21 i
675 1077 39 22 135
730 1077 6 28 $
751 1078 35 21 vid
795 1077 93 22 folksko-

74 1105 222 22 lelärareseminarium
311 1105 110 21 utbildade
436 1105 252 22 folkskoleföreständare
703 1106 39 21 och
756 1106 131 21 förestända-

74 1134 73 21 rinnor
166 1134 31 25 pä
218 1133 68 21 landet
307 1133 35 21 vid
364 1133 187 27 afskedstagandet
568 1134 54 21 efter
640 1135 72 20 trettio
731 1135 34 21 års
783 1135 105 26 oförvitlig

74 1163 65 26 tjenst
159 1161 169 28 lifstidspension,
351 1163 150 20 motsvarande
519 1163 37 20 det
573 1163 147 26 ursprungliga
737 1163 151 27 lönebidraget.

75 1191 72 22 Skulle
161 1190 70 27 nägon
246 1191 22 21 af
280 1191 48 21 dem
343 1191 92 21 drabbas
450 1190 23 21 af
487 1191 80 26 obotlig
581 1191 98 27 sjukdom
694 1192 50 21 eller
755 1198 76 15 annars
841 1192 48 21 blif-

73 1226 27 15 va
117 1221 52 20 utan
188 1221 47 24 eget
249 1219 130 26 förvällande
395 1219 123 27 oförmögen
532 1221 32 20 att
579 1220 38 21 sitt
631 1220 44 23 kall
690 1220 23 21 sä
727 1220 61 27 länge
802 1221 85 26 förestä,

74 1248 54 21 skall
146 1248 41 21 den
204 1248 122 21 afträdande
349 1248 65 21 likväl
431 1248 82 27 hugnas
531 1248 49 21 med
598 1249 32 20 ett
648 1249 62 26 ärligt
728 1249 114 21 understöd
856 1249 32 22 för

73 1277 99 26 lifstiden,
188 1276 122 27 uppgäende
325 1276 34 21 för
377 1277 42 21 den
433 1283 45 14 som
493 1277 69 26 tjenat
576 1277 7 20 i
597 1277 61 27 tjugu
673 1277 23 22 är
710 1277 32 22 till
756 1277 47 22 hela
817 1278 71 27 belop-

73 1307 37 25 pet
124 1305 23 21 af
159 1305 145 27 ursprungliga
319 1305 154 26 lönebidraget,
497 1307 54 19 samt
568 1305 34 21 för
616 1305 41 21 den
676 1312 45 15 som
735 1306 67 26 tjenat
816 1307 7 20 i
837 1307 51 20 fem-

73 1336 38 19 ton
130 1334 23 21 är
167 1334 33 21 till
214 1333 165 27 trefjerdedelar,
398 1333 33 21 för
451 1333 41 21 den
507 1340 47 14 som
571 1334 69 26 tjenat
657 1334 7 21 i
679 1334 29 21 tio
724 1334 23 22 är
761 1334 33 21 till
808 1334 80 22 hälften

73 1363 40 49 o
128 1362 32 22 för
175 1362 40 22 den
230 1368 45 16 som
289 1362 69 27 tjenat
372 1362 7 21 i
394 1362 43 22 fem
452 1362 24 21 är
490 1362 33 22 till
537 1368 27 16 en
578 1362 102 27 fjerdedel
695 1363 23 21 af
734 1369 79 15 samma
830 1363 57 21 löne-

87 1388 67 34 idrag.
411 1414 2 2 N

141 1420 67 21 Dessa
229 1419 206 27 pensionsförmäner
456 1419 125 27 tillkomma,
600 1419 70 22 såsom
689 1420 106 26 nämndes,
814 1420 75 22 endast

72 1447 248 22 folkskoleföreständare
335 1447 40 22 och
389 1445 197 24 föreständarinnor
596 1448 27 26 pä
634 1448 77 27 landet,
720 1455 47 15 men
777 1448 47 22 icke
834 1449 54 25 dem,

73 1482 45 16 som
133 1478 37 20 äro
186 1476 96 22 anstälda
296 1476 34 21 vid
346 1476 111 22 städernas
473 1476 123 22 folkskolor.

141 1506 74 21 Denna
235 1505 79 21 olikhet
332 1505 7 21 i
354 1505 111 24 förmäner
486 1505 33 22 för
541 1506 110 20 städernas
674 1506 39 21 och
735 1505 154 27 landsbygdens

72 1533 122 27 folkskolor,
210 1533 84 22 hvilken
308 1533 36 22 vid
359 1534 59 21 tiden
433 1533 33 22 för
480 1533 163 27 författningens
657 1534 103 21 tillkomst
774 1534 34 21 väl
822 1534 66 21 mäste
