1103 1734
222 124 35 17 426
480 122 92 22 Borgarest.
584 122 44 18 1885.
652 122 17 18 12
680 122 53 18 Mars.

196 184 50 36 Jag:
252 184 48 36 tror
311 184 10 36 .
321 189 62 23 dock:
401 190 32 20 att
454 188 144 26 lagutskottet
611 194 94 15 snarare
723 189 72 22 träffat
813 190 38 22 det
865 192 63 24 rätta,
945 191 27 21 dä
987 192 36 21 det

196 218 48 22 låtit
265 218 41 23 den
327 217 123 28 föreslagna
470 216 62 26 lagen
553 216 22 21 få
596 216 41 21 den
655 215 55 22 form
728 217 40 20 och
782 217 81 26 lydelse
878 219 41 20 den
933 218 46 27 har,
995 221 29 20 än

197 251 41 18 om:
250 246 43 25 det,
308 245 28 26 pä
355 246 44 19 sätt
413 244 49 21 herr
477 244 99 26 Eneberg
590 243 70 27 yrkat,
675 244 55 21 hade
744 245 57 21 velat
816 246 111 21 utsträcka
941 247 42 21 det.
991 247 31 22 in-

197 280 67 20 grepp
277 273 8 20 i
299 273 42 20 den
357 271 106 22 enskildes
478 271 71 26 frihet,
564 277 46 16 som
624 271 67 26 ligger
706 272 8 20 i
728 272 36 21 det
778 273 24 20 af
814 273 81 22 honom
908 274 114 22 förordade

196 301 103 26 tillägget.

265 329 56 21 Herr
335 327 146 22 Molander:
497 327 75 21 Ehuru
584 328 37 26 jag
636 327 65 22 också
716 328 7 21 i
738 329 82 26 princip
830 331 26 19 är
866 332 57 19 emot
935 331 39 20 allt
985 331 37 26 by-

197 357 176 26 sättningstvång,
390 355 24 22 så
429 361 61 15 anser
504 355 36 26 jag
554 355 61 26 dock,
628 355 28 27 på
670 356 36 20 det
721 356 46 21 skäl
782 357 50 21 herr
846 357 98 28 Eneberg
958 358 64 21 fram-

197 384 67 26 hållit,
273 386 32 19 att
319 383 160 22 reservationen
494 383 116 21 tillsvidare
625 383 39 21 har
678 383 107 22 företräde
800 385 41 20 och
856 385 38 21 ber
904 387 32 20 att
947 386 22 21 få
979 385 43 22 för-

198 418 40 16 ena
252 413 43 26 mig
309 411 50 22 med
374 411 85 21 honom.

265 440 56 23 Herr
342 439 77 21 Lille:
442 439 42 26 Jag
503 439 101 26 beklagar
619 441 33 18 att
666 439 115 22 ständerna
795 440 65 21 hafva
874 443 33 19 att
921 441 60 21 stifta
995 448 27 15 en

198 468 155 25 undantagslag
373 467 22 20 af
412 467 70 20 denna
497 468 33 19 art
546 467 39 20 och
600 467 47 20 icke
663 473 25 14 en
703 467 81 26 gående
799 470 24 18 ut
838 468 28 27 på
880 469 142 22 afskaffandet

199 495 22 22 af
241 495 221 26 bysättningstvånget
484 495 7 20 i
513 495 33 20 sin
568 495 78 20 helhet.
676 495 34 20 Då
725 495 35 21 det
775 496 118 21 emellertid
908 497 67 26 gäller
990 499 31 19 att

198 523 63 23 ställa
283 529 25 15 en
330 523 99 26 kategori
450 522 23 21 af
489 523 153 26 värnepligtige
660 523 139 26 medborgare
814 523 7 21 i
836 530 80 15 samma
931 525 90 26 lyckliga

198 552 47 25 läge
259 557 46 15 som
319 551 206 25 landtdagsmännen
540 551 68 20 under
622 550 124 27 utöfningen
762 551 22 20 af
797 552 39 20 sitt
850 551 44 22 kall
904 554 37 19 äro
957 553 7 20 i
978 553 43 21 för-

198 579 99 24 hållande
318 579 34 20 till
374 578 226 26 bysättningstvänget,
620 578 49 21 ville
689 579 37 26 jag
747 579 74 21 förena
843 580 44 26 mig
909 581 50 21 med
972 581 49 21 herr

199 607 104 26 Eneberg,
319 607 28 26 pä
362 606 27 21 de
404 606 46 21 skäl
464 606 43 21 han
522 606 77 25 anfört,
615 606 73 21 derom
703 608 33 19 att
751 607 126 26 paragrafen
891 609 47 20 icke
953 609 68 21 skulle

198 635 22 21 f&
241 635 41 21 den
297 635 79 26 lydelse
394 634 141 26 lagutskottet
553 633 116 27 föreslagit,
684 636 52 19 utan
751 635 46 25 den,
814 641 46 16 som
874 636 7 20 i
896 637 125 20 reservatio-

199 669 41 16 nen
254 662 95 22 föresläs.

267 691 54 21 Herr
343 690 161 26 Tegengren:
527 690 10 20 I
556 690 68 20 likhet
638 690 48 20 med
701 690 73 22 herrar
789 691 104 27 Eneberg,
909 691 112 22 Molander

199 720 40 20 och
261 719 54 21 Lille
332 718 70 21 skulle
421 718 65 21 ocksä
497 718 37 26 jag
549 724 51 14 anse
615 718 41 20 den
670 717 161 27 ifrägavarande
846 719 12 27 &
873 720 53 20 böra
940 720 81 21 erhälla

201 749 30 20 ett
249 747 76 21 sädant
342 746 81 26 tillägg,
439 752 46 16 som
503 746 35 21 det
557 746 24 21 af
593 747 160 20 reservanterne
768 746 127 27 föreslagna.
926 748 46 26 Om,
988 748 33 21 sä-

201 782 44 14 som
268 775 105 21 utskottet
395 776 95 24 antager,
506 774 40 21 den
566 774 154 26 värnepligtige
735 774 53 26 icke,
804 775 66 21 sedan
886 776 26 20 de
927 776 7 20 i
949 776 12 27 8
977 782 44 14 om-

200 804 91 20 nämnda
313 802 66 22 fallen
401 802 100 26 inträffat,
516 802 70 21 skulle
601 808 53 15 vara
668 802 84 27 skyldig
767 804 31 19 att
812 804 7 19 i
836 803 185 27 bysättningshäk-

200 833 32 19 tet
247 831 83 21 inträda
346 830 53 21 eller
415 830 87 21 ädömdt
516 830 74 21 arbete
605 830 47 20 äter
667 830 125 26 vidtaga,sä
806 837 64 15 anser
883 832 37 26 jag
931 834 32 19 att
972 832 49 22 bor-

201 861 103 25 genärens
327 860 44 19 rätt
392 858 122 27 derigenom
533 858 127 26 förnärmas,
675 860 50 19 utan
744 860 32 19 att
793 859 49 26 han,
858 860 69 21 säsom
943 860 7 21 i
967 860 27 21 10
1009 860 11 27 &

199 887 25 22 af
241 887 116 26 kejserliga
375 887 152 25 förordningen
546 886 24 21 af
584 887 40 20 den
640 887 27 27 23
681 887 40 25 juli
737 887 54 21 1868
807 887 64 26 afses,
887 888 54 21 hade
957 888 64 21 efter-

201 915 61 27 gifvit
283 915 70 21 denna
375 915 32 20 sin
427 916 42 19 rätt
487 915 53 20 eller
558 920 77 20 genom
654 914 69 26 någon
739 915 159 21 uraktlätenhet
912 916 110 22 förverkat

201 944 129 21 densamma.
359 942 113 21 Utskottet
489 948 63 15 anser
570 942 133 26 visserligen,
719 944 31 19 att
768 943 132 26 borgenären
915 943 51 27 sjelf
979 944 42 21 kan

201 972 56 25 välja
271 970 129 28 tidpunkten
416 972 39 19 när
470 970 40 21 han
527 970 79 21 önskar
621 972 33 19 att
667 970 22 21 fä
703 971 130 25 gäldenären
844 971 71 26 bysatt
925 972 54 21 eller
990 974 31 19 att

202 999 81 27 aftjena
305 999 90 20 skulden
418 999 48 20 med
486 998 80 25 arbete,
582 1004 47 15 men
646 998 64 21 också
725 1004 33 16 om
775 1005 47 14 man
839 999 84 26 ansäge,
939 1001 32 19 att
985 1000 37 21 det

201 1027 69 22 skulle
291 1027 72 26 äligga
385 1026 132 26 borgenären
536 1028 33 19 att
586 1032 77 20 genom
681 1026 166 22 införskaffande
866 1027 23 21 af
902 1028 119 25 prestbevis

201 1056 23 21 få
236 1055 129 27 upplysning
384 1060 33 15 om
433 1054 141 26 gäldenärens
590 1054 67 25 ålder,
672 1054 70 21 kunde
756 1055 36 21 det
807 1055 86 22 inträffa
907 1057 32 20 att
953 1056 68 22 denne

202 1083 92 22 erhäller
308 1082 94 26 uppskof
416 1082 47 20 med
478 1082 159 26 värnepligtens
648 1082 140 26 fullgörande,
798 1082 38 22 och
846 1082 117 22 kännedom
974 1084 49 21 der-

202 1118 33 15 om
254 1111 42 21 kan
315 1111 133 25 borgenären
467 1110 108 26 svärligen
591 1109 102 22 förskaffa
707 1110 39 26 sig.
776 1110 56 22 Utan
849 1111 39 21 den
904 1111 7 21 i
926 1117 96 17 reserva-

201 1140 72 20 tionen
295 1138 123 26 föreslagna
440 1138 149 26 skyldigheten
612 1137 69 21 skulle
701 1138 12 21 &
730 1138 67 21 andra
816 1138 61 21 sidan
891 1139 131 25 gäldenären

203 1168 127 26 tillskyndas
353 1172 26 15 en
403 1166 83 25 oskälig
504 1166 90 25 förmån,
610 1165 70 22 såsom
696 1166 6 20 i
718 1166 158 22 reservationen
891 1167 131 25 framhälles,

201 1196 23 27 ja
245 1196 36 20 det
302 1195 41 21 kan
365 1193 85 22 inträffa
468 1196 32 19 att
518 1194 41 20 den
578 1194 156 26 värnepligtige
749 1194 38 21 har
802 1196 32 20 att
848 1194 79 22 infinna
942 1195 33 26 sig
989 1195 34 22 till

203 1223 84 27 uppbåd
309 1223 28 26 pä
359 1228 82 15 samma
458 1224 40 23 ort,
514 1222 38 21 der
571 1222 41 21 ban
628 1224 25 20 är
668 1222 71 26 bysatt
754 1222 52 21 eller
821 1223 106 26 undergär
943 1223 80 23 arbete.

203 1252 71 21 Också
293 1251 37 27 jag
353 1250 79 21 önskar
453 1250 46 21 icke
518 1250 151 20 bidehällande
685 1250 22 20 af
722 1250 120 26 bysättning
858 1250 39 22 och
912 1250 24 21 sä
950 1251 75 22 kallad

202 1280 129 25 arbetsdom,
342 1279 73 21 hvilka
429 1279 69 21 säsom
514 1278 68 22 kändt
596 1278 7 20 i
620 1278 94 26 Sverige,
725 1278 7 20 i
744 1279 151 25 sammanhang
905 1278 48 22 med
969 1278 54 21 infö-

202 1309 77 20 randet
293 1307 23 21 af
329 1308 40 20 den
386 1313 41 20 nya
442 1306 196 26 utsökningslagen,
647 1305 71 21 blifvit
732 1306 124 26 afskaffade,
864 1312 55 20 men,
927 1306 24 21 sä
960 1306 64 26 länge

204 1337 26 20 de
249 1335 86 27 gvarstä
353 1334 71 22 säsom
443 1334 125 22 rättsmedel
588 1334 33 21 för
636 1336 32 19 att
683 1334 68 22 förmä
766 1340 26 15 en
806 1334 130 24 tredskande
951 1334 73 26 gälde-

203 1366 39 20 när
263 1366 32 19 att
316 1363 94 27 fullgöra
433 1363 31 21 sin
487 1362 251 26 betalningsskyldighet,
758 1368 62 20 anser
837 1362 37 26 jag
891 1362 134 26 konsegvens

203 1394 53 21 böra
277 1392 108 26 iakttagas
407 1392 39 21 och
468 1391 86 21 förenar
573 1390 43 26 mig
635 1390 84 22 således
738 1396 33 15 om
787 1390 37 21 det
838 1390 75 26 tillägg
928 1390 32 24 till
977 1391 17 20 2:
1006 1390 19 27 8,

204 1428 45 16 som
265 1421 160 21 reservationen
440 1422 112 24 upptager.

271 1449 57 21 Herr
351 1448 141 21 Stenbäck:
515 1447 179 26 Reservanterne,
710 1446 89 22 likasom
822 1446 27 21 de
867 1446 65 21 ärade
950 1446 76 25 talare,

203 1478 73 21 hvilka
297 1477 40 20 här
359 1476 102 26 uppträdt
482 1475 34 21 för
534 1476 34 20 att
586 1474 131 22 understöda
735 1474 165 25 reseryationen,
915 1470 63 36 ställa
991 1474 36 26 sig

204 1505 135 23 uteslutande
357 1504 28 26 pä
403 1504 200 25 fordringsegarens
622 1502 138 31 ständpunkt.
788 1502 34 23 Då
837 1502 64 22 saken
917 1502 110 27 betraktas
