1095 1789
221 163 41 34 206
495 166 93 23 Borgarest.
599 165 43 20 1885.
666 166 11 19 2
688 166 47 19 Febr.

202 238 108 22 vördsamt
325 235 88 22 anhålla
427 235 39 21 hos
480 235 111 26 vällofliga
605 234 179 27 Borgareständet
798 240 33 15 om
848 235 76 20 remiss
938 235 33 21 till
982 241 36 15 ve-

203 266 116 25 derbörligt
334 264 85 21 utskott
433 263 24 21 af
470 269 25 15 en
510 263 89 27 petition
615 263 6 21 i
637 263 37 21 det
689 263 54 27 syfte

374 300 34 22 att
429 300 31 22 ett
482 297 134 31 tväklassigt
632 297 89 31 lyceum
737 297 67 24 måtte
821 298 101 25 inrättas
939 299 9 23 i
966 299 51 30 Ny-

302 333 97 30 karleby
415 333 60 23 stad.

269 371 143 28 Helsingfors,
427 371 40 22 den
482 372 14 21 2
510 371 103 22 Februari
629 371 62 21 1885.

734 399 25 21 FE
780 399 31 21 W.
827 399 119 22 Sundvall.*

269 476 122 26 Föredrogs
407 476 31 20 ett
452 474 24 21 af
488 474 50 21 herr
552 474 92 21 Ervast
660 473 93 21 anmäldt
768 474 37 21 och
821 480 29 15 nu
864 469 85 32 uppläst
962 476 55 26 peti-

201 503 168 24 tionsmemoria!
384 502 23 22 af
420 502 92 27 följande
528 502 91 27 lydelse:

202 545 60 27 yTill
280 543 144 26 vällofliga
441 542 226 26 Borgareständet
688 542 41 21 vid
747 542 53 22 1885
819 542 42 21 års
880 542 136 28 landtdag!

269 583 41 21 Vid
329 583 87 20 senaste
431 582 143 20 ständermöte
590 581 54 21 hade
661 582 155 21 undertecknad
832 582 13 20 å
861 582 46 21 sina
921 583 95 22 valmäns

201 616 79 24 vägnar
302 614 53 18 äran
377 610 126 26 petitignera
525 616 33 14 om
577 610 121 21 inrättande
713 610 23 21 af
749 612 30 19 ett
794 610 123 28 fyrklassigt
933 611 81 27 lyceum

201 643 30 20 uti
253 640 84 27 Kajana
356 638 48 21 stad
421 638 7 21 i
443 638 72 22 stället
530 638 33 21 för
578 638 40 21 den
634 638 131 27 tväklassiga
779 638 112 27 realskola,
907 645 45 15 som
968 640 47 21 der-

201 670 71 22 städes
294 668 27 21 dä
343 666 120 22 existerade
485 666 38 22 och
546 666 67 26 enligt
633 666 107 22 allmänna
755 666 80 27 äsigten
851 667 28 27 pä
893 669 60 20 orten
968 668 47 22 icke

201 698 133 22 motsvarade
354 695 37 21 sitt
408 695 104 21 ändamäl.
542 694 85 26 Skälen,
642 694 81 28 hvarpä
737 696 68 20 denna
819 696 90 26 petition
924 698 91 25 grunda-

201 728 44 25 des,
262 726 68 22 finnas
346 723 86 27 angifna
446 724 7 20 i
468 724 47 20 mitt
529 724 211 26 petitionsmemoria]
755 723 23 21 af
792 724 39 21 den
847 725 13 21 6
875 724 61 22 Febr.
954 725 62 26 1882,

200 756 79 21 infördt
298 754 12 20 &
328 758 50 22 pag.
393 752 28 21 26
436 752 17 21 &
468 752 26 22 27
510 752 6 21 i
532 752 113 21 Allmänna
661 752 205 22 Besvärsutskottets
881 753 35 21 vid
935 759 80 16 samma

200 785 34 20 års
257 782 104 25 landtdag
382 780 134 22 betänkande
534 780 40 21 N:o
594 780 33 22 13.
655 780 12 22 I
681 780 219 22 öfverensstämmelse
915 782 48 21 med
978 782 36 22 det

200 812 86 26 förslag,
312 816 47 15 som
381 809 23 21 af
425 809 97 21 bemälda
544 808 83 22 utskott
648 809 134 27 uppgjordes,
805 809 82 22 beslöto
912 810 102 22 Finlands

200 841 92 22 ständer,
311 840 33 20 att
363 838 129 21 beträffande
511 837 103 21 särskildt
628 837 37 21 det
679 838 6 20 i
701 837 81 27 Kajana
797 837 109 28 befintliga
921 838 93 22 lärover-

200 870 36 21 ket
250 869 38 21 hos
304 866 59 22 Hans
378 866 121 27 Kejserliga
514 865 102 27 Majestät
630 866 7 20 i
652 866 167 27 underdänighet
834 866 91 26 anhälla,
940 869 32 19 att
986 868 27 20 de

200 898 22 21 af
243 896 114 22 framlidne
375 894 292 22 referendariesekreteraren
690 894 81 22 Henrik
785 894 104 22 Reinhold
905 895 57 22 Bäck
977 902 36 20 ge-

200 932 46 16 nom
266 923 174 24 testamentarisk
459 923 132 27 disposition,
606 922 32 21 till
655 922 80 22 förmån
751 922 32 22 för
798 923 121 21 skolverket
933 924 7 20 i
954 924 60 21 förra

200 949 45 27 Åbo
268 953 47 22 stift
334 952 108 22 donerade
457 951 68 22 medel
542 951 65 21 måtte
622 951 33 21 till
671 952 36 20 det
721 952 47 20 med
783 952 46 20 dem
846 952 88 21 afsedda
948 953 65 20 ända-

199 984 41 20 mål
262 981 116 25 användas,
401 986 26 15 en
448 980 132 26 underdänig
602 980 95 26 petition,
716 980 84 21 hvartill
817 980 60 21 Hans
891 980 122 27 Kejserliga

199 1012 100 27 Majestät
313 1010 123 21 sedermera
451 1008 39 22 ock
504 1009 7 20 i
526 1008 68 21 näder
609 1008 110 27 samtyckt.

265 1040 74 21 Ehuru
357 1037 114 21 invänarne
486 1038 6 20 i
508 1036 84 28 Kajana
610 1036 47 22 stad
672 1036 48 22 med
735 1036 28 22 all
777 1036 132 22 tacksamhet
924 1039 88 20 emotta-

198 1070 30 26 git
250 1069 59 21 detta
331 1066 59 22 bevis
413 1066 27 27 pä
462 1066 57 21 såväl
536 1066 207 26 representationens
758 1071 43 15 som
817 1066 136 26 regeringens
968 1072 43 15 om-

198 1097 94 21 värdnad
308 1101 34 16 om
358 1094 62 21 deras
435 1095 111 25 intressen,
562 1094 39 20 har
616 1094 53 21 dock
684 1094 40 21 den
740 1100 91 20 succurs,
847 1100 60 22 som
915 1094 97 27 lemnats,

198 1126 45 22 icke
261 1126 7 20 i
284 1123 116 23 nämnvärd
415 1123 48 21 män
478 1122 112 22 förändrat
604 1122 36 21 det
655 1122 90 27 tidigare
760 1122 103 27 sakläget.
893 1122 61 22 Annu
969 1123 43 21 till-

198 1153 128 27 kännagifva
341 1152 57 21 mina
412 1152 90 26 valmän,
518 1153 32 19 att
566 1151 61 21 deras
643 1150 104 28 lifligaste,
763 1151 62 21 deras
840 1153 55 19 mest
911 1153 103 25 enträgna

199 1183 79 21 önskan
301 1182 35 21 för
357 1180 132 21 närvarande
512 1186 57 19 vore,
592 1181 32 19 att
646 1180 33 20 till
699 1180 30 20 sin
745 1180 46 20 stad
807 1179 22 21 fä
844 1182 30 19 ett
889 1180 124 28 fyrklassigt

198 1209 215 24 elementarläroverk
435 1209 47 21 med
502 1208 90 26 finskan,
611 1208 69 21 säsom
696 1208 81 24 hittills,
792 1208 32 21 till
841 1208 173 28 undervisnings-

198 1240 69 28 spräk,
291 1239 38 21 och
353 1238 63 21 hafva
438 1238 124 20 valmännen
582 1236 115 27 uppdragit
711 1236 22 22 ät
747 1237 49 26 mig,
811 1237 32 21 sin
858 1239 156 25 representant,

198 1271 31 19 att
250 1269 38 20 hos
310 1266 107 26 vällofliga
439 1265 181 27 Borgareständet
639 1266 154 20 vördsammast
814 1266 85 20 anhälla
914 1272 33 14 om
963 1266 51 21 dess

198 1298 95 26 benägna
308 1295 117 22 understöd
440 1295 33 21 för
487 1294 116 21 vinnandet
618 1293 23 21 af
654 1294 159 26 ifrägavarande
829 1294 104 21 ändamäl.

264 1325 35 21 Då
311 1324 38 28 jag
364 1330 29 14 nu
407 1323 79 27 fullgör
502 1323 59 21 detta
576 1322 62 21 deras
653 1323 102 26 uppdrag,
770 1322 89 21 utbeder
871 1322 38 27 jag
923 1322 43 27 mig
980 1324 35 20 att

197 1355 32 21 till
252 1354 27 22 de
301 1353 54 25 skäl,
371 1358 44 15 som
431 1352 7 21 i
453 1351 92 21 nämnda
560 1350 209 28 petitionsmemoria]
785 1350 69 22 blifvit
869 1350 88 22 anförda
972 1351 39 21 och

197 1384 32 20 till
252 1382 71 22 hvilka
343 1381 38 26 jag
404 1380 61 22 ofvan
489 1379 46 21 haft
553 1381 52 19 äran
621 1379 93 26 hänvisa,
729 1381 54 19 ännu
799 1379 21 21 fä
835 1380 63 26 lägga
913 1379 101 27 följande:

197 1412 83 26 Kajana
302 1410 66 21 härad
391 1411 24 19 är
436 1409 32 21 till
493 1408 31 21 sin
547 1408 74 27 ytvidd
643 1414 45 15 mer
703 1410 25 18 än
744 1408 87 21 dubbelt
846 1410 68 19 större
929 1410 26 19 än
970 1408 43 27 Ny-

196 1440 62 22 lands
280 1440 34 20 län
338 1438 53 21 eller
413 1438 44 20 lika
478 1438 56 20 stort
555 1442 45 16 som
624 1436 49 22 hela
710 1437 36 20 Åbo-
761 1436 37 21 och
813 1436 142 27 Björneborgs
970 1436 44 22 län.

197 1469 78 21 Hvilka
294 1466 85 23 afständ
398 1466 39 22 den
454 1466 26 26 pä
496 1466 69 20 denna
580 1465 130 21 vidsträckta
725 1465 56 21 areal
797 1465 92 27 spridda,
905 1465 32 21 till
953 1464 63 22 öfver

197 1498 78 26 35,000
296 1501 103 22 personer
420 1494 126 28 uppgående
570 1493 148 27 befolkningen
741 1494 39 20 har
802 1495 31 19 att
850 1494 166 27 tillryggalägga

198 1526 39 22 och
259 1525 73 22 hvilka
353 1523 89 27 utgifter
464 1524 124 20 densamma
605 1522 40 21 har
659 1524 32 19 att
705 1522 122 26 vidkännas,
842 1524 39 19 när
895 1523 36 20 det
945 1522 72 27 gäller

197 1555 92 21 barnens
312 1552 114 26 skolresor,
449 1551 123 28 isynnerhet
590 1550 28 22 dä
635 1551 68 21 under
717 1557 27 15 nu
759 1550 93 22 rädande
867 1550 145 22 förhällanden

197 1584 79 20 barnen
293 1582 64 21 redan
373 1581 28 27 pä
416 1582 26 20 de
457 1580 101 26 tidigaste
573 1580 270 26 undervisningsstadierna
858 1579 67 21 måste
936 1580 80 21 sändas
