1095 1745
326 130 92 23 Borgarest.
431 130 43 18 1885.
498 130 20 18 27
530 130 36 18 Jan.
833 131 21 18 79

117 201 104 23 Behofvet
236 200 39 22 och
291 201 76 25 nyttan
386 199 23 21 af
426 205 26 15 en
470 198 196 22 kanalförbindelse
682 199 90 21 emellan
787 200 87 26 Ladoga

48 233 40 21 och
103 230 82 22 Finska
199 229 64 21 viken
277 228 101 26 utgjorde
392 227 89 21 föremål
496 226 33 22 för
543 227 160 27 öfverläggning
713 228 36 20 vid
759 228 68 26 tredje
838 228 37 21 all-

47 262 80 20 männa
141 258 69 21 finska
225 257 191 27 köpmannamötet
435 256 7 20 i
461 249 47 27 Åbo
524 255 48 21 stad
590 256 69 20 under
674 256 96 21 sistlidne
786 256 90 26 Augusti

48 288 89 25 månad;
161 286 39 22 och
218 284 98 22 uttalade
334 286 78 19 mötets
431 283 109 27 deltagare
559 284 104 26 enhälligt
682 284 41 20 den
741 285 85 25 mening
845 286 32 19 att

48 316 148 27 ifrågakomna
210 314 90 25 företag,
320 312 82 21 hvilket
420 312 71 26 afsåge
510 313 32 19 att
562 312 22 20 åt
602 318 28 15 en
648 312 50 26 idog
713 312 124 27 befolkning
855 312 23 21 af

49 345 99 25 omkring
156 343 91 25 200,000
255 347 102 21 personer
367 340 102 22 förskaffa
480 342 31 19 ett
520 340 273 27 kommunikationsmedel,
801 341 77 21 hvaraf

49 375 26 21 de
90 373 56 21 hade
162 373 31 19 ett
208 370 107 26 oafvisligt
332 369 68 21 behof
416 369 39 21 och
473 368 82 22 hvilket
573 368 26 21 de
619 369 76 21 hittills
713 370 92 26 nödgats
823 370 54 20 und-

49 408 57 20 vara,
122 406 52 16 vore
189 400 23 20 af
228 400 80 20 största
326 398 44 26 vigt
389 397 33 21 för
441 397 115 21 omordade
575 397 104 25 landsdel,
698 398 63 21 hvars
776 398 34 21 väl
825 398 52 22 eller

49 437 26 14 ve
92 430 34 21 för
145 428 113 22 framtiden
277 426 63 21 deraf
356 426 132 26 väsentligen
507 425 101 21 berodde.
639 426 43 20 Det
701 428 23 18 är
740 426 6 21 i
762 426 114 26 anledning

50 459 23 21 af
85 457 100 22 bemälda
200 457 68 20 mötes
284 454 103 27 uppdrag,
404 460 45 15 som
462 454 37 26 jag
515 460 29 14 nu
559 454 54 25 tagit
629 454 42 26 mig
686 454 91 21 friheten
788 454 88 27 utbedja

49 487 44 27 mig
114 485 107 26 vällofliga
242 483 192 26 Borgareståndets
456 481 191 28 uppmärksamhet
664 482 34 21 för
715 482 161 27 ifrågavarande

50 515 86 26 förslag,
153 513 82 22 hvilket
247 513 37 26 jag
299 511 55 21 dock
370 511 80 27 jemväl
468 510 33 21 för
516 517 53 20 egen
584 510 35 21 del
638 511 27 26 på
681 511 36 20 det
731 510 99 27 lifligaste
845 511 31 20 bi-

50 544 79 22 träder.
159 543 41 26 Jag
214 542 81 26 hoppas
311 539 62 22 äfven
389 541 33 19 att
434 539 37 26 jag
486 539 47 20 icke
548 539 106 26 förgäfves
669 539 74 27 vädjar
753 539 33 21 till
802 539 74 21 vällof-

50 573 43 26 liga
107 569 192 28 Borgareståndets
319 568 99 27 upplysta
436 567 90 21 intresse
545 567 33 21 för
596 567 85 21 landets
699 567 110 22 förkofran
828 567 48 21 med

51 602 26 21 de
99 600 81 27 vigtiga
197 598 123 25 häfstänger
338 597 34 20 för
391 596 83 26 andligt
492 596 40 21 och
551 596 106 21 materielt
676 596 199 25 framåtskridande,

51 636 47 15 som
113 628 56 27 goda
184 625 209 23 kommunikationer
408 625 72 20 städse
491 625 83 25 utgöra,
586 624 27 21 då
621 625 38 26 jag
669 625 88 20 härmed
767 625 109 20 vördsamt

51 657 95 22 anhåller
168 656 35 21 det
225 653 107 27 vällofliga
354 653 182 26 Borgareståndet
554 653 48 20 ville
626 653 88 26 inbjuda
737 653 138 21 medstånden

51 688 33 20 att
97 686 76 21 förena
187 685 31 26 sig
234 690 34 14 om
283 689 26 14 en
324 681 134 27 underdånig
472 681 100 26 petition:

223 727 33 21 alt
278 724 69 23 Hans
369 722 135 29 Kejserliga
529 722 114 29 Majestät
666 722 85 23 täcktes
772 723 9 22 i
802 722 74 23 nåder

155 760 48 23 icke
222 759 54 23 blott
293 757 48 23 låta
363 757 100 23 anställa
485 757 172 29 undersökning
679 764 36 15 om
733 756 142 30 lämpligaste

155 792 162 29 sträckningen
334 791 39 29 för
392 798 28 16 en
438 790 70 23 kanal
524 790 57 28 från
599 790 98 30 Ladoga
715 790 36 29 sjö
769 790 35 23 till
815 790 60 23 Fin-

155 828 42 23 ska
214 827 73 28 viken,
311 827 57 21 utan
390 824 48 28 ock,
457 824 72 23 sedan
547 824 76 23 denna
645 824 172 30 undersökning
840 826 36 28 egt

156 870 52 15 rum
229 862 60 22 samt
310 858 200 29 kostnadsförslag
532 859 72 28 jemte
631 866 78 15 annan
736 858 140 29 erforderlig

156 895 124 29 utredning
299 893 162 30 åvägabragts,
478 892 121 30 förelägga
618 892 89 24 landets
721 892 101 23 Ständer
833 891 42 24 nå-

157 931 40 28 dig
211 928 147 31 proposition
376 935 36 15 om
430 926 99 24 arbetets
547 926 132 29 utförande.

122 969 132 26 Helsingfors
270 967 40 21 den
327 967 27 20 27
370 965 91 22 Januari
478 965 62 21 1885.

542 1004 53 21 Karl
611 1004 62 21 Fred.
691 1004 116 25 Ignatius."

123 1123 32 21 Pä
169 1122 68 27 grund
253 1120 61 22 deraf
328 1122 32 19 att
375 1120 51 21 herr
441 1119 124 21 talmannen
581 1119 35 20 vid
626 1121 85 19 senaste
721 1119 156 20 sammanträde

55 1152 85 22 erhällit
158 1151 7 21 i
184 1150 95 27 uppdrag
298 1150 33 20 att
349 1150 48 19 utse
415 1147 117 27 granskare
548 1147 23 21 af
584 1147 97 21 ständets
696 1147 181 26 diskussionspro-

54 1181 75 26 tokoll,
144 1178 141 27 tillkännagaf
298 1183 29 15 nu
342 1177 50 21 herr
410 1177 124 20 talmannen
553 1177 33 20 att
600 1175 42 21 han
657 1175 34 22 för
705 1176 61 20 detta
780 1175 99 21 ändamål

54 1211 68 20 utsett
136 1209 73 21 herrar
224 1206 112 25 Andersin,
352 1206 126 25 Borgström
498 1204 40 21 och
558 1204 107 27 Clouberg
679 1204 32 21 för
726 1203 59 22 tiden
801 1204 32 21 till
847 1204 31 21 in-

55 1237 121 23 nevarande
190 1235 77 22 veckas
282 1234 87 27 utgäng.

124 1334 41 22 Till
180 1332 85 23 ständet
279 1331 55 21 hade
349 1330 114 21 inkommit
478 1330 40 20 och
533 1329 94 21 utdelats
642 1329 65 21 bland
723 1329 47 21 dess
780 1329 100 21 medlem-

56 1370 46 15 mar
115 1360 213 30 jernvägsstyrelsens
344 1358 117 22 berättelse
475 1358 33 20 för
524 1358 24 20 är
564 1358 62 21 1883.

125 1471 115 28 Upplästes
254 1469 33 21 till
299 1467 108 28 justering
422 1467 40 21 och
477 1466 125 27 godkändes
617 1466 66 27 nägra
696 1465 45 22 frän
754 1465 85 22 ständet
848 1466 33 19 ut-

57 1501 82 26 gäende
154 1498 150 28 expeditioner.
