1100 1745
226 119 43 39 :480
492 128 93 23 Borgarest.
594 127 47 19 1685.
657 121 26 25 12
693 127 51 19 Mars.

276 197 74 20 vinner
365 196 40 27 nej,
421 195 40 21 här
475 193 83 23 ståndet
569 192 86 24 beslutit
669 195 151 21 återremittera
836 194 196 31 ifrågavarande
1015 188 21 41 &

208 225 32 21 till
261 225 97 21 utskottet
379 225 37 24 för
439 225 31 18 att
491 223 79 21 erhålla
589 223 33 20 det
640 223 79 26 tillägg,
734 229 44 14 som
793 223 9 20 i
816 223 42 21 den
877 224 33 21 till
924 224 107 21 utskottets

208 253 127 21 betänkande
356 251 76 26 fogade
447 252 152 20 reservationen
617 251 104 25 förordas,
738 250 64 21 likväl
816 251 49 21 med
879 253 152 26 omredigering

208 281 9 20 i
231 281 34 20 det
279 280 53 26 syfte
347 279 50 21 herr
412 278 82 27 Öhberg
509 278 113 26 föreslagit.

276 308 76 21 Denna
367 307 275 26 omröstningsproposition
657 307 116 21 bevarades
787 313 78 20 genom
875 309 109 20 verkstäld
993 314 40 15 vo--

207 337 70 26 tering
291 336 48 21 med
354 335 27 21 27
395 335 24 26 ja
433 335 40 20 och
488 335 28 20 23
531 335 40 26 nej,
582 335 84 20 hvadan
683 334 81 22 således
778 335 88 21 ståndet
880 336 88 21 beslutit
978 336 54 27 god-

204 365 75 20 'känna
293 364 11 27 &
320 364 13 20 2
349 363 130 20 oförändrad
494 363 65 25 enligt
573 362 117 21 utskottets
704 362 84 29 förslag.

276 391 16 28 $
306 392 14 19 3
338 390 124 27 godkändes
480 392 51 19 utan
547 390 120 21 diskussion
683 390 65 26 enligt
762 390 118 22 utskottets
895 391 137 22 redaktions-

204 416 89 34 förslag.
579 433 3 2 N

276 446 135 21 Rubriken
425 446 183 26 ochingressen
615 445 34 21 till
659 445 239 28 författningsförslaget
907 448 124 25 godkändes

208 475 101 22 likaledes
324 473 149 22 oförändrade.
1025 482 2 3 E

276 503 47 20 Den
345 502 24 21 af
388 502 107 20 utskottet
515 501 120 26 föreslagna
654 501 148 22 slutklämmen
818 504 76 25 antogs
908 503 122 21 äfvenledes

208 533 52 19 utan
281 530 100 26 ändring;
404 529 40 21 och
461 529 56 21 hade
535 529 86 21 ständet
635 529 88 21 härmed
738 530 159 21 slutbehandlat
912 531 118 26 lagutskot-

207 561 43 19 tets
264 557 133 27 ifrägarande
412 557 140 21 betänkande.

276 586 55 21 Herr
346 585 126 28 Högman:
491 585 72 20 anhöll
577 585 95 21 härefter
687 591 33 14 om
736 585 60 21 ordet
811 586 41 21 och
866 587 94 26 yttrade:

276 614 45 21 Här
342 613 65 21 hafva
428 613 68 20 under
517 613 160 20 diskussionens
698 612 83 27 förlopp
799 613 52 21 flere
869 615 68 20 talare
952 615 78 20 uttalat

208 643 41 20 den
271 641 87 26 önskan,
375 642 32 19 att
428 640 215 27 bysättningsstraffet
661 640 45 21 helt
724 641 40 20 och
778 641 67 21 hället
859 642 67 21 mätte
940 642 91 27 upphäf-

207 676 38 15 vas
253 670 46 21 -och
314 669 36 21 det
365 674 62 21 synes
441 669 44 26 mig
499 668 72 21 derför
585 674 46 15 som
639 674 51 15 vore
697 668 36 21 det
744 669 96 26 lämpligt
850 671 32 20 att
890 670 140 25 ständerna,
1019 664 16 35 i

208 698 40 21 och
258 697 49 22 med
318 697 117 20 detsamma
443 697 26 20 de
476 696 89 21 besvara
573 696 71 21 denna
653 696 137 26 proposition,
801 697 69 21 uttala
880 697 32 26 sig
921 698 34 21 för
966 698 64 21 önsk-

207 726 116 21 värdheten
340 726 34 19 att
388 724 176 21 nästkommande
579 724 144 21 ständermöte
738 724 66 21 mätte
818 725 119 26 föreläggas
952 731 77 22 propo-

208 754 64 21 sition
293 754 7 20 i
322 753 60 20 detta
404 752 59 26 syfte.
495 752 37 20 Att
551 753 31 20 ett
601 751 77 21 sådant
692 751 109 22 uttalande
815 753 56 20 låter
884 753 50 26 foga
949 754 32 25 sig
995 753 34 21 till

206 783 72 20 svaret
299 781 27 26 pä
347 780 166 27 propositionen,
532 779 94 27 framgär
648 779 61 22 deraf
729 782 32 19 att
782 782 32 19 ett
832 781 68 26 dylikt
917 781 112 21 uttalande

205 808 107 27 wiäfogats
334 809 71 20 svaret
426 808 29 26 pä
475 807 160 27 propositionen
654 807 108 26 angående
778 808 180 27 jordafsöndring.
986 809 44 21 Det

204 840 66 26 synes
287 837 43 26 mig
348 842 52 14 vara
414 838 31 18 ett
460 835 71 21 alltför
546 837 55 19 stort
616 835 88 26 ingrepp
718 835 7 20 i
741 835 39 21 den
796 837 119 26 personliga
930 837 98 25 friheten,

205 866 35 20 att
262 871 26 14 en
309 864 170 25 fordringsegare
501 863 75 21 endast
597 863 34 21 till
651 863 52 26 följd
721 863 23 20 af
760 869 26 15 en
801 864 63 21 enkel
878 864 152 21 skuldfordran

205 898 52 21 eger
271 892 79 21 insätta
364 897 27 15 en
405 897 79 21 person
498 891 7 20 i
520 890 101 27 fängelse.
646 890 141 22 Ekonomiskt
802 891 104 22 obestånd
916 892 43 21 kan
969 893 60 19 näm-

206 920 58 27 Egen
278 920 18 26 ej
312 919 111 21 betraktas
437 919 71 21 såsom
522 924 27 15 en
563 918 126 27 förbrytelse
705 918 39 21 och
760 919 74 21 endast
848 920 34 20 för
892 920 137 26 förbrytelser

207 949 40 20 bör
262 950 31 19 ett
307 947 123 27 fängslande
449 952 39 21 ega
502 952 53 15 rum.
585 947 42 26 Jag
641 947 37 20 vill
692 946 33 21 till
740 946 84 22 ständet
838 947 113 22 hemställa
964 948 67 21 huru-

207 977 50 20 vida
270 976 117 21 utskottets
401 975 136 21 betänkande
548 975 71 20 kunde
633 975 166 21 äterremitteras
813 975 33 21 till
856 975 123 22 utskottet
970 971 12 35 i
991 976 37 21 det

207 1005 55 26 syfte
277 1005 37 24 att,
330 1003 28 21 då
372 1003 159 27 propositionen
547 1003 107 25 besvaras,
670 1004 31 19 ett
715 1003 158 26 önskningsmål
888 1003 68 22 skulle
970 1006 58 19 utta-

207 1033 33 21 Jas
254 1032 79 25 derom,
345 1033 33 19 att
392 1031 177 20 nästkommande
584 1031 143 20 ständermöte
741 1031 66 21 måtte
820 1030 120 28 föreläggas
950 1037 79 21 propo-

208 1060 64 21 sition
286 1065 35 16 om
335 1059 132 21 afskaffande
482 1059 23 20 af
518 1058 228 27 bysättningstvånget.

276 1087 49 22 Med
348 1087 115 26 anledning
484 1086 23 21 af
527 1087 37 20 det
582 1087 24 20 af
618 1087 51 20 herr
682 1086 97 27 Högman
794 1093 28 14 nu
837 1087 77 21 väckta
928 1087 105 26 förstaget

208 1116 84 27 yttrade
307 1115 31 27 sig
352 1115 95 26 följande
462 1115 77 20 talare:

276 1144 55 20 Herr
346 1142 127 22 Grönvik:
488 1142 42 26 Jag
544 1142 99 21 förvånar
653 1142 48 26 mig
714 1142 28 26 pä
757 1142 36 21 det
806 1142 78 27 högsta
899 1138 61 35 öfver
974 1138 62 35 huru

208 1174 32 19 ett
254 1171 76 22 sädant
344 1171 79 26 förslag
437 1170 84 21 kunnat
535 1170 79 21 väckas
628 1170 8 20 i
651 1170 91 21 ständet.
763 1170 43 21 Det
820 1172 25 19 är
859 1177 26 14 en
899 1171 85 26 formlig
994 1176 37 21 pe-

208 1201 69 24 tition,
288 1205 48 15 men
355 1204 27 15 en
397 1199 98 26 petition,
507 1204 45 15 som
566 1197 129 22 framställes
709 1198 93 21 hvarken
817 1198 8 21 i
838 1198 42 21 den
896 1193 88 36 ordning
994 1193 37 36 'él-

208 1229 32 20 ler
253 1227 58 21 inom
322 1227 41 21 den
374 1227 32 20 tid
417 1232 46 15 som
473 1226 233 26 landtdagsordningen
716 1225 35 21 för
760 1225 125 27 petitioners
895 1226 137 21 inlemnande

205 1256 95 26 stadgar,
312 1255 39 21 och
366 1256 33 19 att
412 1255 51 26 foga
477 1254 70 21 denna
560 1253 92 28 petition
667 1253 69 21 såsom
750 1254 143 26 tilläggskläm
907 1255 33 20 till
950 1255 42 20 den
1001 1259 31 15 nu

208 1283 161 27 ifrägavarande
383 1282 160 26 författningen,
558 1287 52 16 vore
625 1283 33 20 att
673 1281 90 26 kringgä
776 1281 69 27 lagen,
856 1282 65 26 nägot
935 1288 45 15 som
993 1281 39 27 jag

204 1312 86 26 "hoppas
305 1312 32 19 att
350 1310 179 26 borgareständet
543 1310 19 26 ej
577 1309 38 21 vill
629 1309 72 21 tillåta
715 1309 38 26 sig.

276 1338 56 21 Herr
354 1338 125 26 Högman:
502 1338 41 26 Jag
565 1336 67 27 ansäg
654 1337 43 26 mig
714 1336 73 22 kunna
804 1338 53 25 göra
871 1337 60 21 detta
944 1337 87 26 förslag,

209 1367 67 21 ehuru
296 1366 163 26 petitionstiden
480 1367 24 19 är
525 1365 62 25 förbi,
611 1366 52 20 enär
685 1364 231 27 landtdagsordningen
936 1365 97 27 tydiigen

209 1394 93 32 stadgar,
317 1395 33 20 att
364 1394 78 21 sådant
455 1394 34 20 får
503 1393 38 21 ske
555 1393 34 21 tili
603 1392 53 27 följd
671 1392 24 21 af
706 1399 27 15 en
742 1392 68 22 under
818 1392 216 28 tandtdagen'inträf-

204 1422 42 22 :fad
260 1422 114 26 "händelse,
390 1421 83 21 hvilket
488 1421 25 27 ju
531 1421 126 21 ständernas
676 1425 48 17 svar
746 1420 28 27 pä
790 1421 42 20 den
844 1420 80 27 nådiga
936 1419 97 29 proposi-

209 1451 73 21 tionen
302 1450 8 20 i
325 1450 67 27 'fräga
403 1449 72 21 måste
490 1455 62 15 anses
567 1453 58 17 vara.

277 1478 56 21 Herr
348 1477 113 27 Öhberg:
476 1477 43 26 Jag
532 1477 39 21 ber
585 1476 23 21 få
621 1476 132 21 understöda
766 1476 49 21 'herr
829 1476 109 27 Högmans
947 1476 87 27 förslag

210 1507 40 21 och
258 1507 36 21 det
301 1506 49 21 med
358 1506 49 21 stöd
416 1500 24 36 af
452 1506 21 21 51
485 1505 9 27 8
503 1505 7 21 i
517 1505 240 27 landtdagsordningen,
770 1505 37 21 der
813 1505 37 21 det
856 1505 70 21 heter:
944 1504 93 27 ,Seder-
