1100 1745
357 133 93 23 Borgarest.
462 133 44 19 1885.
529 134 11 18 2
553 134 46 18 Febr.
744 149 2 2 a
838 135 34 18 189

90 174 8 7 .

58 210 96 17 sommar
169 203 67 21 sända
251 203 70 19 större
337 202 63 20 delen
415 202 22 20 af
450 202 33 21 sin
498 202 240 27 sommartillverkning,
750 203 53 21 eller
813 203 81 21 inemot

59 232 81 27 70,000
154 230 50 27 LB,
219 230 34 22 till
267 230 108 26 Ryssland
389 230 101 26 sjövägen
505 230 59 22 öfver
579 230 82 26 Kotka,
677 230 91 22 oaktadt
778 231 64 21 detta
856 237 38 15 var

58 260 102 23 förenadt
174 260 48 21 med
236 265 26 15 en
278 258 227 27 landsvägatransport
523 258 23 22 af
562 259 59 21 ända
641 259 33 21 till
692 258 47 24 5'/2
754 260 43 25 mil,
818 260 75 21 medan

59 288 109 23 afständet
182 288 47 21 från
243 286 79 22 bruket
337 286 34 22 till
386 287 194 27 statsjernvägarne
595 289 26 19 är
637 287 76 21 endast
727 288 14 21 2
752 288 23 26 '/>
791 288 35 21 mil
838 290 56 19 samt

58 318 35 21 till
111 316 166 22 Fredrikshamn
297 315 13 21 3
334 315 43 21 mil.
411 315 39 21 Att
467 321 27 15 en
509 315 90 27 jernväg
623 316 28 26 pä
673 316 71 21 denna
766 318 34 19 ort
822 316 71 22 derför

60 346 70 21 mäste
144 344 113 22 framkalla
272 350 26 14 en
314 343 53 27 liflig
382 343 170 22 handelsrörelse
566 344 71 26 ligger
651 346 59 19 utom
725 344 39 21 allt
779 345 79 26 tvifvel,
870 345 23 21 sä

60 374 88 27 mycket
163 373 67 21 hellre
244 378 45 15 som
306 371 84 27 knappt
404 378 43 20 nog
461 372 70 26 nägon
550 378 72 15 annan
639 374 34 19 ort
688 373 7 20 i
710 372 74 22 landet
798 373 43 21 kan
856 380 36 14 an-

60 403 76 21 ordna
144 408 27 15 en
185 402 128 26 begvämare
328 400 149 21 kombination
492 401 90 21 emellan
593 400 46 27 sjö-
652 401 39 21 och
700 401 192 27 jernvägstrafiken

60 433 28 19 än
103 430 79 21 Kotka.
213 429 74 22 Såsom
308 428 117 27 belysande
440 429 60 20 detta
518 429 66 20 beder
599 429 41 26 jag
655 429 21 21 få
690 429 87 26 vidfoga
792 436 26 14 en
832 430 60 27 plan-

59 459 103 26 teckning
185 458 58 21 öfver
261 463 27 15 en
310 457 35 21 del
363 457 24 21 af
403 457 82 26 staden,
505 457 61 21 hvari
584 457 79 21 införts
683 457 42 21 den
743 457 149 27 projekterade

57 487 167 28 jernvägslinien
239 487 55 20 samt
309 485 37 21 det
361 485 95 21 härifrän
471 485 64 22 ledda
549 485 74 27 späret
638 486 33 21 till
687 486 87 21 stadens
788 486 66 27 kajer,
871 487 22 20 af

60 516 74 21 hvilka
149 522 27 15 en
190 515 35 21 del
239 514 67 21 redan
322 515 36 19 äro
375 513 91 26 utförda,
483 519 26 16 en
527 520 71 15 annan
617 514 70 21 under
702 514 81 21 arbete.
799 527 26 2 —
842 515 51 21 Men

60 545 37 21 det
112 547 25 18 är
152 544 18 27 ej
186 544 90 21 allenast
291 548 46 15 som
353 542 125 21 handelsort
496 542 73 21 Kotka
587 542 103 27 erbjuder
708 543 27 20 de
749 541 63 23 bästa
826 543 66 26 utsig-

60 575 44 24 ter;
124 572 106 21 mähända
248 571 22 21 af
287 572 58 19 ännu
364 572 69 19 större
452 571 109 26 betydelse
579 571 58 21 skall
649 571 116 27 jernvägen
780 571 66 21 blifva
860 572 32 21 uti

61 603 32 20 ett
108 602 66 20 annat
189 599 105 26 afseende,
310 599 91 21 hvarvid
415 599 48 21 dess
482 599 81 21 verkan
582 599 79 22 blifver
676 599 23 22 af
711 600 89 21 alldeles
815 600 77 27 nyska-

61 629 71 28 pande
147 630 73 24 natur;
236 628 36 21 det
286 629 25 19 är
326 633 78 20 genom
419 627 42 22 den
479 628 92 21 industri
585 634 48 15 som
649 629 124 20 densamma
787 630 52 19 utan
854 629 38 20 allt

61 657 74 22 tvifvel
150 657 55 21 skall
218 656 120 21 framkalla.
369 655 75 22 Säsom
463 656 66 21 redan
547 656 92 21 nämndt
659 657 40 20 och
713 657 90 21 allmänt
817 657 73 25 kändt,

61 688 24 19 är
100 685 74 22 Kotka
189 687 95 19 centrum
299 684 34 21 för
348 691 27 14 en
391 685 108 20 storartad
515 685 138 26 sägindustri,
668 685 87 21 hvilken
766 685 69 21 under
845 685 47 21 sed-

61 721 53 15 nare
129 715 57 20 tider
204 714 35 21 vid
259 713 59 21 öfver
336 713 28 21 30
383 713 110 26 sägramar
511 713 120 21 förarbetat
651 713 80 22 inemot
750 714 46 22 1'/2
811 713 81 22 million

62 743 62 21 stock
139 743 87 25 ärligen.
256 741 44 21 Och
316 747 27 15 en
358 741 73 27 sägort
449 741 55 21 skall
522 741 41 21 den
581 742 7 20 i
607 742 31 20 all
656 742 88 21 framtid
756 742 79 26 jemväl
849 742 42 20 för-

61 771 77 25 blifva;
154 771 55 21 huru
223 770 162 21 förhällandena
400 771 28 19 än
443 769 74 22 kunna
531 770 92 26 gestalta
639 770 33 26 sig
687 770 67 21 mäste
767 770 124 21 fördelakti-

62 801 61 25 gaste
143 800 65 20 sättet
229 800 32 20 att
282 798 145 26 tillgodogöra
449 798 107 21 inlandets
578 798 55 26 skog
656 798 60 22 alltid
738 798 100 22 förblifva
860 800 32 19 att

62 828 60 26 längs
138 828 116 26 Kymmene
270 826 29 22 elf
312 826 96 22 nedflöta
423 826 89 22 stocken
527 826 40 22 och
582 827 36 20 vid
635 827 73 21 Kotka
722 827 108 21 förarbeta
842 827 50 21 den-
906 848 2 2 .

62 859 88 23 samma,
160 858 51 19 enär
218 856 91 20 naturen
320 854 51 27 sjelf
380 855 76 20 härvid
463 857 108 24 presterar
580 856 18 25 ej
608 856 85 20 mindre
704 856 189 25 transportmedlet

63 887 27 18 än
98 884 63 21 äfven
172 883 201 27 transportkraften.
389 883 40 20 Om
441 883 62 21 äfven
515 889 27 15 en
549 883 124 27 minskning
685 883 22 22 af
713 883 179 27 trävaruproduk-

62 913 74 21 tionen
147 913 33 21 för
191 919 26 14 en
227 912 87 21 framtid
327 911 107 21 måhända
445 912 40 20 bör
496 912 97 25 förutses,
605 913 25 20 är
642 912 55 21 dock
711 907 91 36 Päijäne.
808 914 84 19 vatten-

62 943 79 26 system
150 941 24 21 sä
182 941 97 26 ofantligt
286 940 121 22 vidsträckt
415 942 32 19 att
455 946 27 15 en
490 940 83 27 mycket
585 940 123 27 betydande
715 940 178 21 trävaruutförsel

62 969 96 22 härifrän
168 969 38 21 allt
216 969 105 26 framgent
331 969 69 20 mäste
410 969 87 20 komma
507 970 32 19 att
549 975 40 20 ega
600 975 56 15 rum.
672 969 55 26 Men,
740 969 34 21 för
785 969 28 21 all
828 969 64 21 fram-

61 998 34 21 tid
110 997 164 28 medelpunkten
286 997 34 21 för
336 1003 26 15 en
377 999 46 19 stor
439 997 136 26 sägindustri,
591 997 143 22 tillförsäkras
746 997 73 21 Kotka
830 997 62 21 äfven

62 1027 38 21 det
118 1027 75 20 härvid
216 1025 172 28 uppkommande
411 1025 124 27 sägaffallet,
557 1025 88 28 mycket
663 1025 139 26 användbart,
826 1026 67 21 ehuru

62 1055 119 22 tillsvidare
200 1056 72 25 tyvärr
293 1056 77 19 nästan
391 1054 176 27 otillgodogjordt
585 1055 7 20 i
611 1055 119 20 industrins
752 1055 72 26 tjenst.
855 1055 38 20 Att

62 1083 120 22 bestämma
200 1083 104 26 mängden
323 1082 23 21 af
364 1083 61 20 detta
444 1082 57 21 affall
520 1084 24 19 är
562 1083 83 26 ganska
662 1083 114 26 vanskligt,
796 1089 48 14 men
859 1085 34 18 sä-

61 1112 97 27 kerligen
180 1112 61 21 torde
263 1111 119 22 detsamma
400 1111 71 26 uppgå
489 1111 34 21 till
541 1111 67 27 några
626 1111 128 21 tiotusental
772 1111 120 21 kubikfam-

63 1147 39 14 nar
121 1140 91 27 årligen;
230 1140 82 21 faktum
332 1141 24 19 -är
375 1139 7 21 i
401 1139 74 27 hvarje
493 1139 102 22 händelse
614 1141 33 20 att
667 1140 68 21 ehuru
753 1139 73 21 Kotka
844 1139 48 22 stad

62 1169 41 21 och
118 1169 42 21 den
172 1169 132 26 omgifvande
315 1168 126 21 landsorten
453 1168 34 21 till
498 1168 63 27 högst
573 1169 107 26 väsentlig
691 1168 34 21 del
749 1174 46 15 som
806 1168 86 21 bränsle

63 1197 99 22 använda
177 1197 59 21 detta
250 1197 63 25 affall,
330 1197 49 21 dess
395 1197 78 26 mängd
489 1197 55 20 dock
559 1199 24 18 är
598 1197 24 20 så
637 1198 52 24 stor,
699 1198 32 19 att
746 1197 98 26 samtliga
859 1197 33 20 så-

61 1232 45 21 gar,
122 1225 28 22 då
168 1225 27 22 de
213 1227 37 20 äro
269 1226 7 20 i
294 1225 62 27 gång,
377 1225 49 21 med
446 1225 18 27 ej
485 1225 23 20 så
527 1225 136 27 obetydande
681 1225 93 21 kostnad
791 1227 47 19 natt
853 1225 40 21 och

62 1255 42 26 dag
119 1254 67 21 måste
198 1254 114 21 förbränna
327 1254 120 21 detsamma
463 1253 28 27 på
507 1253 77 22 enkom
599 1254 76 21 härför
686 1254 107 21 inrättade
805 1254 87 27 platser.

61 1283 39 21 Ett
122 1283 76 21 sådant
223 1283 101 20 oerhördt
349 1282 236 21 nationalekonomiskt
607 1283 77 20 slöseri
707 1282 43 21 kan
768 1282 56 21 dock
845 1282 48 21 icke

61 1311 63 27 länge
139 1311 21 21 få
175 1311 95 21 fortfara.
300 1311 38 21 Att
354 1310 37 21 det
406 1310 83 21 kunnat
507 1316 52 15 vara
573 1310 115 26 härintills,
704 1310 68 21 måste
787 1310 106 21 förklaras

61 1340 46 21 dels
122 1346 76 20 genom
214 1341 72 19 ortens
301 1339 95 26 ungdom
412 1339 40 21 och
464 1339 27 21 de
503 1339 71 26 dåliga
585 1339 306 25 land-kommunikationerna,

60 1368 47 22 dels
125 1374 76 21 genom
220 1368 37 21 det
275 1368 68 20 under
366 1374 76 14 senare
461 1367 56 22 tider
535 1367 96 21 rådande
650 1367 85 27 tryckta
753 1367 139 21 ekonomiska
909 1367 4 5 '

61 1397 59 26 läget
142 1396 39 21 och
204 1396 140 21 osäkerheten
367 1396 8 20 i
397 1396 204 21 tullförhållandena
619 1396 29 26 på
667 1396 111 26 Ryssland.
809 1396 38 21 Att
866 1402 26 14 en

58 1425 90 27 jernväg
163 1424 155 27 otvifvelaktigt
333 1424 56 21 skall
408 1424 113 21 framkalla
539 1430 27 15 en
584 1424 110 21 storartad
712 1424 98 26 industri,
828 1430 64 20 grun-

61 1453 43 21 dad
118 1454 28 26 på
162 1454 58 20 detta
235 1453 102 26 sågaffall,
353 1453 43 20 kan
412 1453 25 20 så
451 1453 86 26 mycket
551 1453 83 21 mindre
650 1452 98 22 betviflas
763 1459 46 14 som
821 1459 29 14 nu
860 1457 32 16 re-

62 1481 42 22 dan
120 1488 26 15 en
161 1481 75 28 början
251 1481 73 22 härtill
338 1481 123 21 förefinnes.
530 1483 61 20 orten
609 1481 69 21 finnes
697 1481 106 26 nemligen
818 1487 29 14 nu
862 1482 32 20 ett

62 1510 109 27 glasbruk,
187 1510 62 21 hvars
264 1509 168 28 ärsproduktion
448 1509 82 28 uppgår
544 1510 34 21 till
592 1510 81 25 40,000
689 1509 41 21 LB
746 1510 40 21 och
801 1515 46 16 som
855 1515 39 15 un-

57 1538 43 21 der
114 1538 91 22 förliden
220 1544 92 15 sommar
326 1538 93 27 sjöledes
435 1539 124 26 exporterat
574 1538 100 27 omkring
690 1539 78 25 13,000
782 1537 43 22 L&
840 1538 52 27 glas.
