1100 1742
28 218 11 11 .

359 120 91 23 Borgarost.
462 120 44 18 1305,
530 120 22 18 20
562 120 49 19 Fobr.
841 124 35 17 EY

137 190 60 21 Herr
210 189 124 21 talmannen
347 188 144 26 tillkännagaf
504 190 34 19 att
549 188 147 22 sekreteraren
708 190 80 21 anmält
799 192 31 20 att
841 192 58 20 stän-

72 220 48 21 dets
143 216 237 26 diskussionsprotokol]
402 216 36 21 för
458 216 60 21 tiden
536 216 34 21 till
588 217 41 20 och
644 218 48 20 med
707 218 41 20 den
765 219 25 21 17
805 218 94 23 februari

72 253 52 15 voro
140 245 118 26 framlagda
271 244 32 20 till
318 244 120 27 respektive
452 244 80 21 talares
546 244 130 28 granskning.

144 273 41 21 Till
207 274 33 19 att
255 272 82 26 justera
352 272 139 26 protokollen
505 271 34 21 för
546 246 105 59 des
664 251 12 21 m
665 262 171 33 sammanträden
850 274 49 22 från

72 303 42 20 den
128 302 26 20 17
166 300 40 21 och
221 300 29 21 20
264 299 94 22 februari
372 299 88 27 utsågos
472 299 24 21 af
504 299 50 21 herr
564 300 123 21 talmannen
698 297 75 49 herrar
784 302 114 27 Fabritius,

72 329 129 22 Gummerus
216 327 40 22 och
271 327 136 21 Hammaren.

143 413 50 21 Med
214 411 139 22 meddelande
376 413 32 19 att
424 413 64 19 mästa
505 411 87 27 plenum
611 412 69 21 skulle
698 412 68 21 hällas
783 414 116 26 torsdagen

75 443 41 20 den
130 442 29 21 26
173 441 80 21 dennes
267 439 22 21 kl
306 439 25 25 '2
347 439 14 21 6
384 445 19 15 e.
425 445 29 15 m.
471 439 101 27 upplöste
590 440 51 21 herr
658 441 122 21 talmannen
795 447 103 16 samman-

74 470 72 22 trädet
160 469 30 22 kl.
206 469 12 21 7
232 473 20 16 e.
267 473 27 15 m.

664 513 22 17 In
698 512 64 19 fidem:

594 540 98 22 Maurite
707 541 117 28 Hornborg.

252 663 117 28 Torsdagen
386 664 38 23 den
436 664 30 23 26
482 664 94 23 Februari
591 664 29 23 kl.
636 665 14 22 6
665 671 18 17 e.
700 671 24 17 m.

145 722 41 21 Vid
200 721 93 22 anstälät
307 727 84 21 upprop
405 721 106 22 befunnos
520 721 93 28 följande
624 722 209 22 ständsmedlemmar
842 723 60 21 frän--

75 751 100 25 varande,
190 750 113 26 nemligen:
319 750 50 21 herr
384 749 109 22 Stenbäck
508 749 28 28 pä
550 750 69 26 grund
634 750 24 21 af
670 751 57 20 förut
738 751 93 21 erhållen
843 751 58 22 tillå-

76 780 60 25 telse,
151 779 73 21 herrar
239 778 123 25 Rönnbäck,
376 777 139 22 Söderström
532 778 39 21 och
588 778 105 21 Sumelius
709 779 28 26 pä
751 779 69 26 grund
834 779 24 21 af
869 785 31 16 nu

76 807 96 22 anmäldt
186 807 39 20 och
240 805 23 22 af
275 806 86 21 ståndet
375 806 111 26 godkändt
503 806 78 26 förfall,
597 807 49 20 herr
662 807 119 21 Serlachius
796 809 51 19 utan
862 814 37 15 an-

77 836 67 21 mäldt
158 835 76 25 förfall,
250 835 54 20 samt
319 834 75 21 herrar
408 834 92 27 Nybom,
519 835 105 26 Eneberg,
640 835 130 26 Borgström,
783 835 115 27 Backman,

78 864 146 26 Schybergson
239 862 39 21 och
293 862 101 25 Kivekäs,
409 862 73 21 hvilka
497 868 37 15 sex
549 863 131 21 sistnämnde
694 863 65 21 likväl
769 864 131 20 omedelbart

77 892 55 21 efter
146 892 104 26 uppropet
264 890 88 21 infunno
367 890 39 26 sig.

146 975 112 27 Upplästes
279 975 34 21 till
332 974 107 28 justering
458 975 41 21 och
517 975 125 26 godkändes
660 977 31 19 ett
705 976 198 26 protokollsutdrag.

77 1005 47 21 frän
136 1004 98 22 ständets
247 1005 85 19 senaste
347 1003 165 21 sammanträde.

146 1088 118 26 Föredrogs
285 1088 40 21 och
347 1088 60 21 lades
426 1086 32 23 till
474 1088 160 26 handlingarna
652 1088 104 21 särskilda
773 1089 127 26 protokolls-

78 1117 78 27 utdrag
168 1116 48 22 från
230 1116 158 21 bondeståndet
402 1116 49 21 med
466 1116 167 21 underrättelse:

147 1146 32 20 att
196 1144 84 21 ståndet
298 1144 34 21 till
350 1143 109 22 allmänna
477 1144 193 22 besvärsutskottet
687 1144 120 22 remitterat
826 1146 32 20 1:0
874 1151 27 15 en

79 1173 23 21 af
114 1172 202 26 landtdagsmannen
331 1172 121 21 Halkilahti
463 1172 111 22 inlemnad
587 1172 92 27 petition
694 1173 73 21 derom
781 1175 39 24 att,
832 1173 27 21 dä
868 1173 34 21 till

74 1202 104 20 kommun
193 1200 135 22 öfversändas
344 1200 148 28 expeditioner
506 1200 8 22 i
528 1200 80 22 sådana
623 1201 95 26 ärender,
734 1201 8 21 i
756 1189 72 33 hvilka
841 1201 60 21 kom-

77 1233 77 18 munen
169 1229 6 21 i
190 1228 48 22 dess
253 1229 72 21 helhet
339 1230 25 20 är
380 1228 110 26 svarande,
509 1229 63 21 dessa
586 1229 153 27 expeditioner,
753 1230 47 20 ifall
811 1230 29 20 de
854 1229 51 22 icke

78 1260 38 19 äro
130 1257 102 21 affattade
246 1256 27 28 på
287 1257 38 21 det
339 1257 71 27 språk,
430 1257 28 27 på
476 1257 82 21 hvilket
575 1257 240 21 kommunalstämmans
828 1259 74 25 proto-

76 1286 45 22 koll
135 1286 61 25 föres,
212 1285 53 21 böra
279 1285 86 27 åtföljas
380 1286 24 20 af
416 1286 155 26 öfversättning
586 1286 33 20 till
633 1281 57 36 detta
698 1286 75 26 språk;
788 1286 34 21 2:0
831 1286 74 21 landt-.

151 1316 68 19 ämnen
233 1314 102 26 Boikkas,
350 1314 100 26 Luomas,
466 1312 101 22 Castréns
578 1320 31 14 m.
622 1313 42 22 I:s.
678 1314 91 27 petition
783 1314 72 21 derom
870 1315 32 20 att

76 1342 60 22 Häns
152 1342 116 28 Kejserliga
283 1342 101 27 Majestät
396 1342 114 26 behagade
524 1342 88 26 vidtaga
626 1342 81 21 sådana
716 1342 105 27 åtgärder,
830 1342 72 21 hvari-

72 1375 82 23 genom
176 1370 169 28 tjenstemännen
363 1370 44 21 och
427 1370 163 21 embetsverken
604 1370 8 20 i
616 1370 102 22 Finland
734 1370 50 22 fritt
798 1371 39 21 och
852 1371 50 21 obe-

75 1399 103 21 hindradt
191 1398 55 27 finge
260 1398 84 27 åtnjuta
358 1398 66 21 deras
443 1398 13 21 &
474 1398 98 27 gällande
592 1398 79 22 -allmän
686 1399 34 26 lag
735 1399 110 26 grundade
858 1400 46 20 rätt

76 1429 34 22 att
120 1427 101 21 använda
236 1426 68 22 finska
317 1426 89 28 språket
421 1426 58 22 såväl
496 1427 7 20 i
513 1427 51 20 sina
578 1427 155 21 meddelanden
748 1427 99 21 inbördes
857 1432 46 16 som

74 1454 143 22 Ofverhufvud
238 1455 7 20 i
267 1455 42 20 alla
327 1455 86 20 :sådama
427 1454 101 26 :ärender,
552 1461 33 14 om
605 1455 83 21 hvilkas
705 1455 157 26 handläggning
873 1454 30 27 pä

78 1483 36 22 det
124 1488 45 16 ena
187 1483 50 21 eller
256 1482 67 22 andra
340 1482 112 22 inhemska
470 1483 88 26 språket
575 1482 100 27 gällande
693 1483 149 26 författningar
856 1483 47 22 icke

74 1511 136 21 "adinorlanda
220 1511 89 26 stadga;
