1092 1745
360 118 91 23 Borgarest.
462 118 43 19 1885.
528 118 11 19 '9
552 119 43 18 Febr.
830 123 33 17 265

73 189 87 26 ningen:
176 187 17 20 "i
208 188 30 19 ett
253 186 50 21 land
320 187 38 20 der
375 187 113 22 ständerna
506 187 28 21 ha
551 188 57 21 talan
633 190 40 19 när
691 189 36 20 det
741 189 62 26 gäller
817 190 68 21 förän-

73 217 62 25 dring
156 215 23 21 af
199 221 26 14 en
246 215 131 26 lagstiftning
399 221 34 16 om
451 218 16 19 t.
486 222 32 15 ex.
536 216 55 21 svins
610 217 121 26 släppande
750 218 7 20 i
772 218 111 27 ollonskog,

72 245 67 21 borde
154 244 26 20 de
194 243 35 21 väl
242 243 138 21 tillerkännas
398 245 44 20 rätt
459 245 31 20 att
505 244 64 21 hafva
584 245 38 20 sitt
639 245 39 20 ord
692 245 48 21 med
755 246 26 21 då
794 246 33 21 det
841 247 44 26 gäl-

72 274 31 21 ler
117 271 124 28 uppfostran
256 272 23 21 af
290 271 83 21 landets
388 272 137 27 uppväxande
539 273 115 25 ungdom".
683 273 42 27 Jag
739 274 37 21 ber
789 275 45 20 atti
844 275 41 22 allo

71 300 131 22 fortfarande
217 299 21 22 få
252 300 130 21 understöda
400 301 72 20 remiss
492 301 39 20 och
545 301 112 26 begagnar
672 302 43 26 mig
730 303 23 20 af
765 303 55 21 detta
833 304 52 21 sista

70 329 84 21 tillfälle
166 329 36 26 jag
217 328 38 21 har
270 328 62 21 ordet
350 330 31 19 att
403 329 73 26 uttala,
499 329 35 21 det
550 329 37 27 jag
603 329 75 22 skulle
693 337 50 14 anse
758 333 30 19 att
801 333 28 20 ett
843 332 42 21 för-

70 357 106 27 vägrande
191 357 23 20 af
229 357 73 20 remiss
323 357 47 20 från
391 357 184 26 borgareståndets
591 358 50 21 sida
658 364 51 15 vore
727 359 94 27 liktydigt
837 361 49 21 med

74 387 30 21 ett
119 385 105 22 våldsamt
237 385 183 27 undertryckande
439 385 22 22 af
478 387 30 20 ett
527 386 167 27 önskningsmål,
709 393 46 16 som
769 388 42 22 icke
825 389 60 27 hyses

73 415 23 21 af
109 416 32 20 ett
155 414 55 27 parti
225 414 50 21 eller
290 420 26 14 en
331 414 99 25 fraktion,
446 420 48 15 men
508 414 81 22 hvilket
600 415 73 21 redan
687 422 43 20 nog
739 417 72 26 tydligt
820 418 65 21 mani-

73 443 89 21 festerat
176 442 32 27 sig
222 442 38 21 hos
275 441 150 28 befolkningen
440 443 7 20 i
460 443 48 20 hela
524 443 39 21 den
577 443 101 25 landsdel
693 443 74 28 frågan
781 447 38 19 rör.

142 471 54 21 Herr
210 471 74 20 Lille:
308 471 55 20 Herr
377 471 92 21 Kivekäs
483 471 103 21 vidhäller
598 471 44 22 allt
656 472 129 22 fortfarande
793 474 30 21 sin
833 474 52 21 kon-

73 499 132 22 stitutionela
227 499 130 26 ständpunkt
378 499 8 20 i
404 499 126 27 skolfrägan.
559 500 39 26 Jag
619 500 106 21 vidhäller
742 502 60 21 ocksä
817 503 11 20 &
842 503 43 20 min

73 528 47 21 sida
134 529 32 20 att
180 528 49 21 herr
243 527 98 21 Kivekäs'
349 527 70 22 minne
434 528 63 21 svikit
511 528 77 21 honom
601 528 32 21 dä
649 529 42 21 han
707 530 74 21 citerat
790 531 50 21 1877
851 531 34 21 ärs

73 557 97 21 ständers
184 556 68 21 beslut
270 556 7 21 i
296 557 76 20 ämnet.
402 556 40 27 Jag
460 556 38 21 ber
515 557 33 20 till
562 557 146 26 bestyrkande
723 559 22 20 af
758 559 44 21 mitt
816 559 69 28 pästä-

74 585 52 22 ende
141 585 21 20 fä
177 585 86 26 uppläsa
278 590 63 15 mom.
356 585 13 20 2
383 585 7 20 i
405 585 125 21 ständernas
544 585 93 26 petition
651 586 7 20 i
674 586 123 28 skolfrägan,
806 594 43 15 som
861 590 23 19 är

73 613 24 22 af
116 613 92 27 följande
226 613 86 26 lydelse:
336 613 43 20 "att
397 613 252 22 elementarläroverkens
668 615 217 28 undervisningsspräk

72 642 37 21 vid
123 641 157 22 skolväsendets
296 641 144 28 organisering
458 642 7 21 i
480 642 111 21 framtiden
604 643 72 20 mätte
690 643 123 22 bestämmas
827 645 57 22 säväl

73 670 49 22 med
136 670 97 21 afseende
248 669 12 21 &
278 669 37 22 det
336 670 32 26 sig
389 670 121 21 företeende
532 671 215 28 bildningsbehofvet,
765 679 42 15 som
824 673 61 22 ock
873 665 17 38 i

73 699 215 21 öfverensstämmelse
302 698 48 21 med
372 698 35 21 det
426 699 69 27 språk,
515 705 45 15 som
579 699 35 21 det
636 701 59 20 stora
709 700 88 23 flertalet
810 701 21 22 af
843 702 41 21 den

72 727 160 26 kringliggande
246 726 149 27 befolkningen
409 728 61 25 talar,
486 733 48 15 men
549 728 50 21 atti
617 730 70 19 större
703 730 70 21 städer
787 732 51 19 samt
852 731 32 20 för

74 756 64 26 öfrigt
156 756 36 20 der
209 755 104 21 blandade
336 755 208 27 spräkförhällanden
566 756 53 21 råda
640 757 40 20 och
699 759 76 20 tvänne
791 759 93 21 läroverk

72 785 55 20 visat
142 785 30 26 sig
187 790 50 15 vara
251 784 23 21 af
286 784 76 25 nöden,
381 784 72 21 skolor
471 785 22 20 af
505 785 102 21 hvardera
626 786 68 26 slaget
708 787 65 21 måtte
787 787 96 27 uppehål-

72 813 50 22 las”.
152 813 77 20 Härtill
248 813 38 20 har
307 813 147 26 ridderskapet
476 813 39 21 och
538 813 59 21 adeln
623 815 108 22 anmärkt:
755 816 39 21 "att
814 816 69 21 derest

73 842 60 21 Hans
147 841 116 27 Kejserliga
277 841 101 26 Majestät
392 841 82 22 täcktes
492 841 81 22 skänka
589 842 41 21 sitt
645 843 59 21 bifall
718 844 32 21 till
765 843 118 23 ständernas

72 871 89 26 petition
177 876 33 15 om
225 870 119 21 inrättande
359 869 23 22 af
394 876 42 21 nya
450 869 68 22 finska
533 871 76 26 skolor,
629 871 77 21 sådant
717 872 46 21 icke
775 873 58 21 måtte
845 873 38 22 ske

72 899 28 28 på
115 899 117 21 bekostnad
247 898 23 21 af
283 899 26 20 de
324 899 8 20 i
344 899 72 20 landet
428 899 132 21 existerande
571 900 93 21 svenska
676 900 105 27 skolorna,
791 901 22 21 så
823 902 60 26 länge

74 929 62 20 dessa
155 927 23 21 af
194 929 31 19 ett
242 927 124 26 tillräckligt
384 927 58 21 antal
460 927 71 22 elever
549 928 126 26 uppbäras*.
708 929 175 26 Borgareståndet

73 956 101 22 förenade
190 955 32 27 sig
236 955 140 28 uttryckligen
392 956 46 21 icke
454 962 33 15 om
503 962 86 15 momm:
604 957 24 20 2:
644 957 20 26 6,
681 958 18 25 7,
715 958 13 21 8
744 958 37 21 och
791 959 17 20 9.
829 959 55 20 Här-

72 985 36 21 vid
123 985 99 26 tillägges
236 984 74 21 likväl:
326 984 64 21 "dock
405 984 39 21 har
460 985 182 26 borgareståndet,
658 987 48 20 med
723 987 128 21 erkännande
861 987 24 21 af

74 1014 36 21 det
129 1012 65 22 behof
207 1012 23 21 af
245 1012 50 21 flere
314 1013 70 26 lyceer
403 1013 48 21 med
469 1013 64 21 finskt
551 1014 234 27 undervisningsspråk,
801 1022 44 15 som
862 1015 24 22 af

74 1043 26 20 de
119 1041 76 27 många
213 1041 34 21 vid
265 1041 68 21 denna
348 1041 87 27 landtag
450 1042 6 20 i
472 1041 75 21 sådant
562 1041 101 22 afseende
680 1043 121 22 framstälda
815 1045 69 26 petiti-

74 1070 144 26 onsförslagen
237 1069 99 27 framgår,
356 1072 69 19 ansett
447 1070 98 27 önskligt,
569 1072 29 19 att
624 1077 40 21 nya
686 1071 69 27 lyceer
780 1073 5 20 i
801 1073 46 20 mån
863 1073 23 21 af

74 1101 81 19 statens
176 1098 113 26 tillgångar
311 1097 70 22 blefve
401 1098 109 21 efterhand
531 1099 112 26 inrättade,
663 1099 24 22 så
705 1103 30 18 att
754 1101 78 21 tillfälle
851 1101 33 21 till

73 1127 67 26 högre
154 1127 149 26 undervisning
318 1126 28 27 på
361 1127 151 21 modersmålet
527 1127 93 21 hvarken
637 1127 34 22 för
682 1129 25 20 de
720 1128 66 22 finska
797 1129 50 21 eller
858 1130 26 21 de

74 1155 161 21 svensktalande
258 1155 224 21 samhällsklassernas
504 1155 50 21 barn
582 1156 33 21 må
643 1157 77 21 saknas
746 1158 52 21 inom
817 1158 67 27 någon

73 1183 153 22 vidsträcktare
248 1183 33 22 del
301 1183 23 21 af
341 1183 89 22 landet".
460 1184 69 21 Häraf
548 1184 74 27 tyckes
645 1185 94 27 tydligen
760 1186 76 27 framgå
855 1188 30 19 att

74 1212 85 22 ståndet
178 1211 18 28 ej
215 1212 69 21 kunde
303 1212 89 21 omfatta
411 1219 25 14 en
456 1213 23 20 så
498 1213 127 26 hänsynslös
645 1214 87 27 princip,
751 1221 41 14 som
809 1215 74 26 denna,

74 1243 31 19 att
120 1241 132 26 majoriteten
268 1241 22 20 af
304 1240 149 27 befolkningen
470 1241 27 27 på
511 1241 73 27 hvarje
600 1244 38 19 ort
653 1243 53 26 egde
722 1243 110 21 bestämma
847 1249 38 15 un-

74 1269 223 27 dervisningsspråket.

142 1298 55 20 Herr
215 1297 123 21 Kivekäs:
363 1297 50 21 Med
429 1298 113 26 anledning
557 1298 24 21 af
593 1299 52 21 herr
659 1299 66 21 Lilles
740 1301 91 25 genmäle
847 1300 38 21 ber

71 1327 37 26 jag
126 1328 32 19 att
174 1326 21 20 få
209 1326 87 21 hänvisa
310 1326 77 20 honom
402 1326 33 21 till
451 1327 47 20 mitt
513 1327 88 26 tidigare
619 1328 144 27 andragande,
778 1329 55 21 hvari
846 1328 37 28 jag

72 1355 141 27 uttryckligen
228 1355 98 20 framhöll
342 1357 32 19 att
389 1355 125 22 ständernas
529 1356 111 21 uttalande
656 1357 47 26 gick
719 1357 6 21 i
737 1357 40 22 den
788 1357 95 27 rigtning,

73 1386 32 19 att
116 1383 18 28 ej
147 1383 89 22 allenast
248 1383 39 22 den
298 1383 198 27 omkringliggande
508 1384 86 27 nejdens
602 1384 138 28 befolknings
749 1386 59 26 språk
816 1386 68 21 skulle

73 1419 51 14 vara
140 1412 156 21 bestämmande
311 1414 51 19 utan
378 1412 64 21 också
456 1412 215 27 bildningsbehofvet.
697 1414 40 26 Jag
749 1415 83 20 anförde
843 1415 42 20 vis-

74 1441 90 26 serligen
186 1442 44 19 mot
248 1441 48 20 herr
314 1441 77 26 Elving
412 1442 38 25 att,
473 1447 33 15 om
529 1441 162 28 befolkningens
709 1445 102 24 numerär
831 1443 55 20 skall

72 1469 64 21 hafva
151 1469 63 26 något
228 1471 32 19 att
274 1469 83 27 betyda,
374 1469 23 21 så
412 1469 39 20 bör
466 1470 34 20 väl
516 1470 40 21 den
573 1469 157 28 öfvervägande
746 1471 139 26 majoritetens

73 1499 43 19 rätt
128 1500 63 25 tynga
205 1498 59 20 meri
280 1497 122 27 vågskålen,
418 1499 26 19 än
458 1498 39 21 den
509 1498 151 22 försvinnande
672 1499 147 21 minoritetens.
844 1499 43 21 Det

73 1525 39 21 har
128 1525 117 22 emellertid
262 1527 18 25 ej
296 1526 90 26 undgått
403 1526 43 27 mig
464 1528 32 19 att
515 1527 116 21 ständerna
649 1527 116 22 framhållit
775 1527 112 27 bildnings-
