1098 1748
365 116 93 22 Borgarest.
471 115 42 19 1885.
537 116 10 18 2
560 116 48 18 Febr.
839 117 32 18 147

69 189 37 20 dre
121 185 101 23 brottmål
237 185 22 21 af
272 185 42 21 den
328 187 55 24 part,
399 191 46 15 som
460 185 105 26 åberopar
579 185 85 26 vittnet,
680 185 136 22 förskottsvis
830 186 64 27 utgif-

68 223 38 15 vas
122 216 55 20 samt
191 214 8 21 i
213 213 69 27 gröfre
297 213 112 21 brottmål
414 213 73 26 'gäldas
503 213 23 21 af
538 213 92 21 kronan.

137 243 33 21 De
185 242 23 21 af
224 242 70 27 frägor
314 248 34 15 om
364 241 231 27 domstolsbehörighet
610 242 126 21 föranledda
752 243 140 26 omgängarne

68 272 73 21 kunde
156 271 116 26 säkerligen
288 270 45 21 ofta
348 270 105 21 undvikas
469 276 35 15 om
518 270 7 20 i
540 270 115 25 tvistemål,
671 272 59 19 utom
746 271 6 20 i
763 271 131 27 undantags-

68 301 44 25 fall,
128 300 69 21 säsom
212 299 90 21 rörande
317 299 132 26 fastigheter,
465 299 43 20 död
522 305 61 14 mans
598 299 29 20 bo
643 305 27 14 m.
685 305 34 19 m.,
736 299 36 21 det
786 299 55 28 finge
857 306 36 15 an-

68 330 87 21 komma
174 328 12 21 å
205 329 99 25 parterne
322 327 74 26 sjelfve
415 327 35 20 vid
469 327 85 21 hvilken
570 326 22 21 af
606 327 101 20 likstälda
722 327 117 22 domstolar
853 329 40 20 tvi-

69 360 47 19 sten
132 357 68 21 skulle
214 355 175 27 anhängiggöras.
419 355 10 21 I
445 355 37 21 fall
496 355 105 21 särskilda
616 355 76 21 besvär
708 355 58 22 öfver
779 357 71 21 beslut
859 359 34 19 rö-

68 387 67 21 rande
150 385 49 21 flere
214 386 82 25 parters
311 384 96 23 hörande
422 384 47 21 icke
484 383 55 27 finge
555 390 39 20 ega
609 390 49 15 rum
672 384 7 20 i
697 384 111 27 tvistemål,
825 386 68 21 skulle

69 415 62 21 äfven
146 413 89 30 mycken
250 413 77 26 onödig
342 413 110 26 tidspillan
466 413 133 26 förebyggas.
622 412 78 21 Likaså
716 419 34 14 om
764 414 130 27 invändning

69 443 68 22 måste
158 445 61 24 göras
240 443 75 25 genast
337 441 7 20 i
366 441 151 26 rättegångens
535 441 83 26 början,
638 441 69 21 såvidt
725 441 122 23 densamma
866 443 27 20 då

69 473 83 20 kunnat
168 471 39 21 och
221 471 48 20 bort
284 470 44 25 ske,
344 470 36 20 vid
395 469 77 22 förlust
487 469 22 21 af
523 469 72 21 vidare
610 469 104 27 rättighet
729 470 77 21 dertill.

138 500 72 27 Dryga
224 499 115 21 kostnader
354 498 33 21 för
406 498 139 21 rättsökande
562 498 40 21 och
618 499 99 20 stundom
732 498 94 27 årslångt
840 506 53 20 upp-

70 529 49 22 skof
128 528 89 28 uppstår
227 528 60 21 äfven
303 527 62 21 deraf
378 529 33 18 att
425 529 76 24 parten
516 527 7 20 i
538 527 26 20 de
579 526 79 27 många
672 527 44 26 fall,
732 527 37 20 der
788 528 105 21 underdo-

69 564 74 15 maren
158 557 24 21 af
194 563 26 15 en
236 556 49 21 eller
300 562 72 14 annan
388 555 114 27 anledning
517 555 68 21 finnes
597 555 75 26 jäfvig,
688 556 80 26 nödgas
786 556 7 20 i
812 556 80 21 hofrät-

69 589 37 19 ten
128 585 53 22 söka
202 584 141 22 förordnande
366 584 33 21 för
421 590 71 15 annan
515 584 93 21 domare.
643 584 43 21 För
708 586 31 19 att
760 585 133 27 undanrödja

70 615 63 21 dessa
148 613 140 27 olägenheter,
303 613 40 20 har
357 613 121 26 föreslagits
493 614 32 19 att
540 619 25 14 en
582 614 61 19 extra
658 613 86 21 domare
758 613 35 21 vid
807 613 87 22 härads-

70 645 44 20 rätt
132 643 69 20 blefve
218 642 33 21 för
268 641 43 21 viss
329 641 33 21 tid
379 641 8 21 i
407 641 76 21 sender
498 641 116 21 förordnad
630 643 32 19 att
676 641 120 27 handlägga
810 642 43 21 alla
867 642 26 21 de

70 672 49 25 mål,
134 671 60 21 hvari
207 670 32 27 jäf
252 670 97 27 uppstått
363 670 33 21 för
412 670 107 21 ordinarie
531 670 108 21 domaren.
669 669 57 22 Utan
746 672 32 19 att
797 676 28 15 nu
844 671 50 26 vilja

70 700 100 27 afgjordt.
178 699 85 21 förorda
278 699 59 20 detta
351 699 87 26 förslag,
457 704 62 21 synes
539 704 33 15 oss
592 698 56 21 dock
664 699 116 21 detsamma
795 699 53 21 böra
862 701 32 19 ta-

70 735 38 21 gas
122 729 7 21 i
145 727 159 27 öfvervägande.

103 755 47 23 "I
172 756 130 21 hofrätterne
324 755 69 21 skulle
413 755 95 21 arbetets
527 755 78 26 mängd
624 755 6 20 i
650 755 68 27 någon
738 756 48 21 mån
800 756 94 21 minskas

71 792 77 21 genom
162 785 152 26 inskränkning
330 785 23 20 af
365 783 240 27 hemställningsmålen.
637 784 49 21 Men
702 786 25 19 än
744 787 67 18 större
826 785 68 21 fördel

72 815 68 26 ernås,
157 821 34 14 om
205 813 184 21 vadeförfarandet
405 813 91 21 erhåller
506 813 79 20 allmän
596 813 136 26 användning
742 813 33 21 för
785 813 109 27 ändrings-

72 843 94 22 sökande
181 842 58 21 såväl
253 842 7 21 i
278 841 103 21 brottmål
399 847 47 15 som
464 841 114 21 tvistemål.
608 841 130 27 Härigenom
753 841 68 22 skulle
836 842 59 21 kom-

71 871 157 23 muniserandet
247 871 39 21 och
304 870 42 21 den
365 870 81 21 dubbla
463 870 185 26 föredragningen,
669 877 45 14 som
733 870 97 27 ofantligt
853 871 42 21 för-

72 901 71 27 dröjer
164 899 166 22 besvärsmålens
354 898 123 28 afgörande,
501 898 111 21 undvikas.
643 899 10 20 I
675 899 37 21 fall
731 899 41 21 den
792 899 104 27 skriftliga

72 929 120 25 berättelse,
208 934 44 15 som
267 928 7 20 i
289 928 90 26 vädjade
394 927 44 21 mål
453 928 117 26 uppsättes,
586 928 47 20 icke
649 928 91 21 behöfde
759 928 89 26 utgifvas
863 928 33 21 till

72 957 188 22 underskrifvande
276 956 23 21 af
312 958 107 25 parterne,
435 956 85 20 komme
535 956 68 20 likaså
615 956 35 21 tid
666 956 39 21 och
725 956 72 21 arbete
815 958 32 20 att
864 957 32 21 in-

72 987 108 27 besparas.
209 986 36 20 Uti
263 985 144 21 hofrätternes
426 984 75 21 arbete
519 984 72 21 kunde
609 985 63 21 äfven
691 985 104 21 särskilda
812 985 85 21 förenk-

72 1016 69 26 lingar
156 1015 7 20 i
178 1021 28 14 nu
220 1013 127 22 föreskrifna
361 1013 246 27 protokollsföringssätt
623 1016 69 24 göras.

142 1043 41 21 Till
198 1043 104 26 synnerlig
317 1042 83 21 lättnad
416 1042 69 20 skulle
500 1042 36 20 det
551 1042 64 20 lända
630 1042 34 21 för
678 1044 78 24 parter,
772 1049 34 15 om
822 1043 75 21 ansök-

73 1072 149 27 ningsskrifter
236 1071 48 21 med
299 1070 51 22 flere
367 1070 126 26 handlingar
503 1066 57 37 finge
574 1071 49 20 med
638 1072 76 25 posten
729 1071 106 21 insändas.
864 1072 34 25 En

74 1102 34 20 del
122 1100 125 26 handlingar
265 1100 72 20 kunde
355 1100 35 20 väl
409 1099 42 21 ock
465 1098 28 27 på
505 1099 113 21 enahanda
634 1101 42 19 sätt
691 1100 33 20 till
739 1102 97 24 parterne
852 1100 46 21 från

74 1129 130 22 öfverrätten
218 1128 135 27 öfverstyras.

143 1157 71 27 Enligt
229 1157 121 26 grunderna
364 1156 7 21 i
386 1156 214 26 rättegångsbalkens
615 1157 27 20 21
658 1156 56 27 kap.,
730 1157 90 21 rörande
834 1158 64 20 rätte-

74 1186 163 27 gångskostnad,
253 1185 90 21 erhåller
358 1186 55 26 part,
429 1191 47 15 som
491 1186 75 25 tappat
581 1185 7 20 i
603 1185 113 21 underrätt
726 1186 38 20 och
776 1186 69 26 dragit
855 1186 43 20 må-

74 1216 30 21 let
118 1214 67 22 under
200 1214 112 21 öfverrätts
327 1214 105 27 pröfning,
453 1215 55 19 samt
526 1213 111 22 derstädes
656 1214 76 21 vinner
750 1214 70 26 saken,
840 1214 7 21 i
865 1220 33 17 re-

74 1245 49 26 geln
138 1243 46 22 icke
200 1243 116 26 ersättning
330 1243 34 20 för
379 1243 33 20 sin
431 1242 224 27 rättegångskostnad,
676 1243 39 20 och
730 1243 7 20 i
752 1244 70 25 praxis
836 1244 62 20 torde

75 1273 67 21 sällan
157 1273 8 20 i
180 1272 66 27 dylikt
260 1271 38 22 fall
316 1271 136 27 godtgörelse
471 1271 81 26 tillagts
571 1273 49 24 part
638 1271 33 21 för
690 1272 41 20 den
750 1272 90 21 kostnad
856 1272 41 21 han

74 1302 42 21 fått
129 1301 118 21 vidkännas
261 1301 6 20 i
284 1300 130 21 öfverrätten
433 1305 78 20 genom
530 1299 215 27 ändringssökandet.
778 1301 120 20 Rättvisare

60 1339 2 2 *
75 1336 61 21 synes
152 1329 54 22 dock
220 1335 51 15 vara
286 1335 34 15 om
335 1329 73 26 regeln
423 1328 69 21 blefve
507 1328 47 26 den,
566 1330 32 19 att
608 1330 55 25 part,
675 1335 44 14 som
730 1329 98 27 slutligen
838 1329 59 21 kom-

75 1365 45 15 mer
130 1359 37 20 till
182 1359 31 20 sin
228 1359 48 24 rätt,
292 1357 139 21 tillerkännes
447 1357 38 20 full
501 1357 118 26 ersättning
634 1357 32 21 för
681 1358 43 21 alla
738 1358 26 21 de
783 1358 114 21 kostnader

76 1388 42 21 han
140 1387 71 21 derför
232 1387 89 26 nödgats
339 1386 130 25 vidkännas;
493 1385 39 21 och
552 1387 32 19 att
603 1387 31 19 ett
652 1388 88 19 motsatt
759 1386 137 27 förhällande,

76 1417 37 20 der
128 1416 76 21 sakens
219 1415 145 21 beskaffenhet
379 1414 77 21 sådant
470 1414 102 27 päkallar,
589 1414 75 21 endast
679 1417 63 24 utgör
756 1415 114 26 undantag.

145 1445 37 20 Att
196 1443 291 26 domstolsförhandlingarne
505 1443 68 20 skulle
592 1443 89 21 vinna-i
701 1444 95 26 redighet
811 1444 38 21 och
866 1443 31 22 ät-

76 1473 84 27 skilliga
174 1472 134 27 rättegångar
323 1472 105 20 undvikas
444 1477 35 15 om
494 1471 76 21 endast
582 1471 102 27 juridiskt
699 1472 84 21 bildade
798 1478 100 20 personer

77 1502 51 27 eller
142 1501 23 22 af
182 1501 117 22 domstolen
318 1500 139 27 legaliserade
476 1500 110 21 sakförare
605 1499 56 27 finge
680 1500 69 21 säsom
767 1500 131 27 fullmäktige

78 1531 114 25 användas,
211 1530 54 21 lärer
284 1529 18 26 ej
322 1529 73 20 kunna
415 1528 107 21 förnekas.
553 1529 9 19 I
578 1529 164 21 underrätterne
757 1529 41 21 kan
813 1530 90 21 visserli-
