1100 1786
230 157 36 33 356
497 163 93 23 Sorgarost.
602 162 44 21 1005.
667 162 24 19 38
698 163 51 20 Febe.

208 233 24 19 är
248 231 36 21 det
297 230 60 22 fallet
374 231 32 20 att
421 229 273 27 destillationsrättigheten
712 229 58 22 förut
787 230 78 27 ansägs
879 231 95 22 likartad
989 233 49 24 med

207 259 131 26 rättigheten
353 259 34 20 att
402 258 51 21 idka
468 258 164 26 fabriksnäring,
647 257 87 22 hvilken
749 258 47 21 icke
810 258 42 21 fick
868 259 107 23 bedrifvas
985 262 52 21 utan

207 289 33 19 ett
254 287 27 25 pä
295 286 128 26 öfverhetlig
441 288 35 18 ort
495 286 102 26 beviljadt
615 286 140 26 privilegium.
785 287 41 20 Det
844 287 63 21 fanns
924 288 72 21 derför
1011 295 26 15 en

207 314 92 22 särskild
313 314 129 26 författning
459 314 79 25 derom,
562 314 40 20 och
625 314 71 20 denna
718 313 125 28 författning
861 315 40 21 har
920 322 35 19 nu,
971 316 65 22 sedan

206 348 78 21 genom
299 342 42 21 den
360 348 42 20 nya
420 342 151 26 näringslagen
588 342 266 26 privilegiilagstiftningen
873 343 117 27 afskaffats,
1005 344 31 22 in-

208 372 67 25 rymts
289 371 8 20 i
311 370 263 26 bränvinsförfattningen.
604 369 12 21 I
634 370 42 20 den
694 370 91 20 svenska
801 370 165 28 bränvinslagen
983 378 53 22 upp-

208 400 51 24 taga
273 398 55 21 dock
345 398 148 26 stadgandena
517 404 35 14 om
574 398 158 26 destilleringen
747 398 75 21 endast
840 398 48 27 fyra
905 401 130 25 paragrafer,

208 426 41 22 och
261 426 37 27 jag
313 426 121 21 föreställer
449 426 49 26 mig,
514 427 32 19 att
560 426 37 20 det
612 432 29 14 nu
655 426 144 26 föreliggande
810 426 148 28 lagförslagets
968 429 68 20 minu-

208 455 55 21 tiösa
278 454 160 26 bestämningar
454 456 36 18 äro
507 454 87 20 alldeles
609 454 133 26 opäkallade.
764 454 120 22 Enahanda
894 456 142 28 anmärkning

192 501 3 3 .
208 483 50 21 ville
270 483 37 25 jag
322 482 63 21 äfven
402 482 118 21 tramställä
539 483 45 19 mot
602 482 41 20 den
662 482 77 20 artikel
758 482 7 20 i
780 482 142 27 lagförslaget,
938 490 46 15 som
999 485 37 21 be-

208 511 91 21 handlar
313 510 90 26 forsling
421 510 23 21 af
460 510 90 20 bränvin
570 511 56 19 samt
644 510 36 20 det
699 510 141 26 vidunderligt
855 511 125 22 invecklade
992 512 44 22 för-

208 538 198 28 passningssystem,
425 544 45 15 som
489 538 37 20 der
544 537 143 21 föreskrifves.
716 538 39 21 Ett
773 538 76 21 sädant
867 541 79 24 system
964 540 72 22 kunde

208 573 52 15 vara
275 566 110 27 päkalladt
400 566 7 21 i
422 572 26 15 en
463 566 38 26 tid,
517 566 27 20 dä
559 566 157 26 lönnbränning
734 566 53 26 egde
805 572 47 16 rum
872 567 6 21 i
893 567 74 27 hvarje
981 568 55 22 knut

208 595 24 21 af
245 595 78 25 landet,
338 599 50 16 men
404 594 39 21 har
457 599 89 16 numera
564 594 55 20 intet
637 594 48 20 skäl
702 594 33 20 för
749 594 32 26 sig
795 596 146 27 annorstädes,
957 597 28 20 än
999 596 37 21 vid

208 623 27 21 de
254 622 139 25 kusttrakter,
416 622 37 21 der
474 621 140 27 lurendrejeri
632 621 8 21 i
658 623 68 20 större
741 621 60 22 skala
815 623 68 21 idkas.
912 623 70 22 Äfven
996 625 39 21 här

209 653 24 19 är
248 651 27 26 pä
289 651 33 20 sin
337 651 57 26 plats
410 656 26 15 en
448 649 121 27 jemförelse
588 650 50 21 med
654 649 42 21 den
710 650 90 21 svenska
814 650 160 28 författningen,
990 653 44 26 der,

209 679 44 21 ifall
266 679 37 26 jag
321 679 49 20 icke
392 678 133 21 missminner
547 678 49 26 mig,
619 677 247 28 förpassningssystemet
887 679 97 22 hänförts
1002 681 33 21 till

209 707 194 26 tullförfattningen
418 706 40 21 och
473 706 108 26 tillämpas
596 705 76 21 endast
686 706 8 21 i
708 706 63 21 södra
785 707 62 21 delen
857 707 23 22 af
890 707 92 28 Sverige,
997 709 38 21 der

208 735 140 26 lurendrejeri
370 735 47 20 från
440 734 110 21 Danmark
572 740 50 21 eger
644 740 53 15 rum.
734 735 102 22 Kommer
858 736 23 21 sä
903 736 75 27 frågan
1000 743 35 18 om

210 763 255 26 straffbestämmelserna,
481 763 73 21 hvilka
568 763 125 27 regeringen
708 765 51 20 utan
773 763 74 22 tvifvel
861 764 117 22 behandlat
987 765 48 23 med

210 799 27 15 en
251 792 167 26 utomordentlig
432 791 115 26 förkärlek,
563 792 59 20 såväl
636 792 57 20 hvad
707 792 98 21 beträffar
815 792 164 28 tillverkningen
989 800 46 15 som

208 821 160 26 försäljningen,
383 820 8 21 i
406 820 36 21 det
456 821 33 20 att
503 820 7 20 i
525 820 238 26 författningsförslaget
777 820 61 26 ingår
852 823 31 19 ett
893 821 62 22 tiotal
965 822 70 21 skilda

209 849 123 27 paragrafer
354 848 50 21 med
425 848 249 21 ansvarsbestämmelser
692 848 124 22 varierande
834 848 46 22 från
896 850 28 21 50
942 850 34 21 till
993 850 42 22 200

209 877 67 20 mark.
305 878 44 19 Det
363 882 51 15 vore
429 878 52 19 utan
496 876 74 21 tvifvel
585 876 95 26 önskligt
694 878 32 19 att
741 883 49 14 man
804 877 8 20 i
826 877 70 21 denna
909 878 126 27 författning

208 905 65 26 följde
289 911 81 15 samma
384 906 85 25 system,
484 910 47 15 som
546 904 7 21 i
568 904 152 27 förordningen
732 905 108 26 angående
850 906 184 21 malttillverknin-

208 936 48 23 gen,
279 933 38 21 der
339 933 252 21 straftbestämmelserna
613 933 75 21 inalles
710 935 93 24 upptaga
825 934 76 21 endast
919 934 36 21 två
973 941 61 20 para-

209 961 77 27 grafer.

278 990 57 21 Herr
353 990 127 27 Högman:
507 990 47 21 Den
574 990 57 26 åsigt
650 990 40 21 har
704 990 28 26 på
747 996 74 15 senare
837 991 55 21 tider
907 991 74 22 vunnit
996 992 38 21 allt

209 1019 132 20 allmännare
360 1019 135 26 utbredning,
511 1020 32 19 att
558 1018 164 21 konsumtionen
738 1018 23 21 af
775 1019 73 21 starka
862 1019 91 27 drycker
968 1020 66 21 borde

210 1047 24 20 så
252 1047 45 20 vidt
315 1047 85 26 möjligt
418 1047 134 20 inskränkas.
586 1046 48 21 Den
654 1046 39 21 har
707 1046 47 21 icke
769 1047 76 21 endast
859 1048 75 21 vunnit
947 1049 87 20 utbred-

191 1091 2 2 -
209 1075 51 26 ning
279 1075 64 22 bland
362 1075 152 26 befolkningen
534 1075 29 26 pä
580 1074 74 21 landet
669 1077 51 18 utan
736 1075 110 26 uppburits
862 1075 62 22 äfven
940 1076 23 21 af
976 1083 58 20 pres-

209 1109 45 20 sen,
273 1103 23 21 af
313 1103 52 20 vära
384 1105 55 19 mest
454 1103 88 26 spridda
557 1103 111 27 tidningar
684 1103 58 20 säväl
757 1103 27 26 pä
799 1104 91 21 svenska
906 1110 45 15 som
966 1104 69 22 finska

209 1131 93 26 spräket,
319 1131 85 21 oafsedt
420 1131 194 21 landsortsbladen.
637 1131 43 20 Det
696 1137 61 20 synes
773 1131 71 22 derför
860 1132 19 27 ej
895 1133 63 21 kunna
970 1133 65 21 väcka

208 1162 66 18 annat
292 1161 27 19 än
338 1159 113 26 förväning
470 1161 32 19 att
516 1159 244 27 författningsförslaget
774 1160 6 20 i
797 1160 24 21 sä
835 1161 61 26 ringa
912 1161 53 26 grad
979 1161 56 22 hade

208 1187 56 25 tagit
279 1188 81 26 hänsyn
376 1187 33 21 till
425 1187 70 21 denna
510 1187 91 21 allmänt
615 1187 107 21 utbredda
738 1187 39 21 och
793 1189 33 25 sig
841 1189 39 20 allt
894 1195 60 15 mera
963 1190 72 20 utbre-

208 1216 70 20 dande
294 1215 92 26 opinion.
416 1215 10 21 I
442 1215 74 21 stället
538 1215 34 21 för
590 1215 138 26 nedsättning
746 1216 23 20 af
786 1216 250 28 tillverkningsbeloppet

207 1243 92 21 föresläs
318 1245 33 19 att
369 1244 64 25 ingen
448 1245 65 24 gräns
528 1243 35 21 för
578 1244 119 20 detsamma
712 1243 69 21 skulle
797 1244 135 27 bestämmas,
948 1246 39 20 och
1002 1246 33 20 till

208 1271 106 27 yrkandet
336 1271 28 27 pä
387 1277 26 15 en
432 1271 123 27 förhöjning
570 1271 24 21 af
608 1271 86 21 skatten
709 1273 62 25 tager
785 1272 104 27 förslaget
904 1274 81 26 hänsyn
1000 1280 36 15 en-

208 1300 50 20 dast
279 1299 25 21 sä
326 1300 32 20 till
383 1300 49 20 vida
454 1301 32 19 att
509 1300 86 20 skatten
614 1299 95 27 förhöjes
728 1300 48 21 med
791 1301 28 21 20
834 1302 70 25 penni,
918 1302 66 26 jemte
999 1302 37 21 det

209 1333 48 15 man
277 1334 45 14 som
342 1329 32 19 ett
392 1327 224 27 framtidsperspektiv
632 1328 131 26 framhäller,
779 1330 31 20 att
826 1335 25 15 en
867 1330 74 21 vidare
956 1330 80 26 förhöj-

208 1356 52 25 ning
278 1356 43 20 kan
335 1355 87 22 komma
436 1356 8 20 i
458 1355 61 27 fräga
534 1356 76 21 endast
625 1356 8 20 i
648 1356 46 21 smä
708 1358 75 19 satser.
812 1357 43 21 Det
869 1363 61 21 synes
945 1358 43 26 mig
1003 1358 33 21 sä-

209 1384 63 25 ledes,
281 1390 46 14 som
341 1384 71 21 skulle
426 1384 156 26 författningen
596 1384 52 27 vilja
663 1385 132 26 smäningom
810 1386 63 26 vänja
887 1386 149 22 konsummen-

208 1413 61 19 terna
287 1413 33 19 att
338 1412 73 21 betala
430 1414 31 20 ett
479 1412 67 26 högre
564 1412 44 26 pris
627 1412 34 21 för
680 1413 32 21 sin
727 1419 57 20 vara,
799 1415 52 19 utan
866 1416 33 19 att
914 1415 54 21 dock
983 1415 53 21 kon-

206 1440 123 21 sumtionen
344 1440 34 21 till
392 1440 53 27 följd
461 1440 62 22 deraf
536 1440 70 22 skulle
621 1441 75 26 nedgä.
726 1442 154 27 Föreliggande
890 1442 146 28 författnings-

207 1468 78 26 förslag
303 1468 40 21 har
361 1469 72 20 derför
450 1469 28 26 pä
493 1469 44 26 mig
552 1469 57 26 gjort
628 1469 37 21 det
684 1470 89 26 intryck,
791 1476 46 16 som
852 1471 68 21 skulle
935 1472 36 20 det
985 1472 52 26 vilja

207 1496 76 27 bringa
297 1496 67 21 saken
379 1496 87 26 derhän,
484 1499 32 19 att
531 1499 71 19 staten
618 1497 67 21 mätte
699 1500 53 24 göra
767 1498 23 20 sä
801 1499 55 25 goda
868 1499 75 21 affärer
954 1500 7 20 i
973 1500 63 20 brän-

208 1524 36 21 vin
258 1530 47 16 som
323 1524 91 27 möjligt.
444 1525 71 21 Jemte
530 1525 37 21 det
579 1525 38 27 jag
632 1526 71 21 derför
717 1526 64 26 yrkar
797 1527 65 27 derpä
876 1529 33 19 att
924 1529 32 20 ett
970 1528 66 21 maxi-

206 1552 31 20 mi
255 1553 77 27 belopp
351 1552 34 22 för
400 1553 165 27 tillverkningen
580 1555 94 20 utsättes
689 1554 40 21 och
745 1554 85 22 skatten
845 1556 106 26 ansenligt
965 1556 71 22 förhö-
