1100 1745
229 133 35 18 478
495 132 93 23 Borgarest.
598 131 50 20 1885.
667 131 17 19 17
696 131 51 19 Mars.

207 201 51 22 slikt
280 203 43 19 sätt
345 202 34 20 att
400 200 28 27 gå
449 200 94 27 tillväga,
563 206 46 15 som
624 200 39 27 jag
680 199 89 22 härmed
787 200 39 21 ber
842 203 33 20 att
893 201 23 22 få
933 202 105 27 nedlägga

207 230 43 21 min
265 231 89 25 protest.

275 257 56 21 Herr
355 257 145 20 Wasenius:
533 256 59 21 Fullt
615 256 123 27 öfvertygad
757 262 46 16 som
819 257 40 27 jag
877 259 25 20 är
916 260 32 19 att
962 259 74 26 frägan

208 292 34 15 om
264 285 118 22 förökande
405 284 23 21 af
444 284 264 27 jordbruksinstituternas
731 285 58 21 anta]
811 285 8 21 i
841 286 94 21 Finland
958 287 39 20 har
1015 287 23 21 af

207 314 103 26 styrelsen
329 314 77 26 egnats
424 313 29 20 all
471 313 196 26 uppmärksamhet,
686 318 61 15 anser
759 313 37 27 jag
811 315 34 20 att
860 314 70 22 denna
944 315 92 26 petition

206 342 47 21 icke
271 342 66 21 borde
357 341 48 21 frän
423 341 187 28 borgareständets
630 341 46 20 sida
693 341 110 21 föranleda
817 342 36 21 till
867 343 71 26 nägon
953 343 82 26 ätgärd,

206 371 53 20 utan
280 370 91 21 föreslär
392 371 33 19 att
446 369 236 26 petitionsmemorialet
704 369 40 21 och
762 369 119 23 utskottets
900 371 136 22 betänkande

207 398 66 21 måtte
288 399 73 26 läggas
376 397 33 22 till
423 397 162 26 handlingarna.
608 397 34 21 Då
656 403 49 15 man
720 397 87 22 alldeles
822 398 110 22 bestämdt
946 401 42 24 vet,
1003 401 33 20 att

206 427 69 21 denna
289 426 61 27 fråga
366 425 100 22 omfattas
480 426 50 20 med
545 426 42 20 den
601 427 81 19 största
688 425 190 27 uppmärksamhet
886 427 41 22 och
936 428 37 21 det
980 429 54 20 stör-

206 457 34 19 sta
254 455 90 20 intresse
361 453 101 22 särskildt
481 453 23 22 af
521 454 27 21 de
565 459 108 21 personer,
695 459 45 16 som
763 456 63 24 egnat
850 455 33 21 sin
898 456 136 21 verksamhet

206 483 23 20 åt
244 481 269 28 jordbruksvetenskapen,
532 488 64 15 anser
611 482 37 26 jag
666 481 68 22 under
749 482 80 21 sådana
844 483 149 22 förhållanden
1008 490 26 15 en

207 511 90 27 petition
311 511 7 21 i
333 510 68 22 saken
415 509 129 27 fullkomligt
560 509 113 27 obehöflig.

275 539 55 21 Herr
345 539 126 26 Högman:
494 538 34 21 Då
542 538 59 21 såväl
616 540 161 19 reservanterne
791 539 72 21 såsom
878 540 47 21 skäl
939 540 34 21 för
988 540 46 22 sina

208 567 85 27 åsigter,
311 573 47 15 som
378 566 64 21 också
461 572 27 15 en
505 566 69 21 talare
591 567 8 20 i
618 567 60 20 detta
695 566 63 21 stånd
773 567 71 22 anfört
860 569 32 20 att
907 568 126 27 kompetens

205 595 33 21 för
252 595 86 26 frågans
354 595 133 21 bedömande
502 594 85 26 saknas,
603 595 40 20 och
658 596 32 19 att
704 595 28 26 på
747 595 69 22 denna
830 597 71 25 grund
916 597 117 26 petitionen

206 623 67 22 borde
295 623 115 26 förkastas,
432 623 38 21 vill
484 623 38 27 jag
539 623 113 21 framhålla
670 623 65 26 några
753 623 52 26 skäl,
823 624 75 22 hvilka
912 631 63 21 synas
989 625 44 27 mig

205 651 57 27 gifva
276 651 35 21 vid
325 651 94 27 handen,
434 653 32 19 att
481 651 63 21 äfven
560 651 68 21 andra
642 653 28 18 än
685 651 98 21 fackmän
790 652 41 21 lätt
838 652 74 22 kunna
924 653 109 27 öfvertyga

206 680 32 27 sig
256 686 35 15 om
310 680 36 21 det
361 679 49 22 fullt
428 679 134 26 berättigade
580 679 8 21 i
604 679 60 21 detta
678 679 164 27 önskningsmäl.
872 681 44 22 Det
930 681 40 22 har
984 682 48 21 blif-

205 709 31 20 vit
250 708 123 21 framhället
388 708 40 21 och
443 708 89 21 allmänt
550 707 92 21 erkändt
657 709 32 20 att
703 707 101 22 Mustiala
818 709 214 22 landtbruksinstitut

206 737 75 21 endast
301 737 133 26 småningom
452 736 68 21 under
539 742 27 15 en
584 736 53 27 följd
656 735 23 22 af
695 735 23 22 är
733 736 40 21 har
787 736 84 23 kunnat
885 738 100 21 utveckla
999 738 33 27 sig

205 765 33 21 till
256 765 42 21 den
315 765 151 25 modell-farm,
481 770 46 15 som
542 764 118 21 detsamma
674 764 107 27 verkligen
795 765 34 21 för
843 767 133 20 närvarande
1000 768 31 19 är.

204 793 79 21 Likasä
304 793 39 21 har
366 793 37 21 det
425 793 69 21 blifvit
515 792 93 21 erkändt
630 794 32 19 att
680 792 77 22 endast
771 793 35 21 vid
821 799 27 15 en
863 794 67 21 sädan
944 795 88 21 modell-

204 821 55 22 farm
274 827 26 15 en
314 821 68 27 högre
396 821 151 26 undervisning
562 821 7 20 i
581 820 106 27 jordbruk
701 820 42 22 kan
758 821 48 21 med
821 821 111 28 framgäng
946 823 86 22 medde-

204 850 39 21 las.
273 849 33 21 Då
320 856 29 14 nu
365 850 42 21 den
421 849 69 21 finska
502 849 166 26 jordbrukaren,
682 855 46 15 som
743 849 111 22 efterhand
864 851 7 20 i
882 851 150 22 århundraden

204 878 72 26 rödjat
298 877 126 21 ödemarker
446 877 40 21 och
508 877 132 21 fortfarande
663 877 58 21 odlat
739 878 54 24 dem,
812 878 134 27 smäningom
960 879 72 27 börjat

204 906 54 26 inse,
273 907 33 20 att
320 912 27 15 en
362 905 72 22 rikare
448 905 65 21 skörd
527 905 73 21 kunde
615 905 23 21 af
648 905 129 27 jordbruket
791 906 76 22 vinnas
881 908 49 20 med
941 908 90 27 tillhjelp

206 934 24 21 af
246 934 66 26 högre
329 934 95 26 insigter,
444 934 39 21 och
502 934 49 20 med
570 934 113 26 anledning
701 934 63 21 häraf
776 934 96 22 anhäller
887 942 35 14 om
937 936 94 22 tillträde

205 963 33 21 till
262 963 68 20 denna
353 962 143 22 modell-farm
520 962 40 21 och
582 968 35 15 om
635 962 102 27 rättighet
755 965 32 19 att
801 963 143 28 tillgodogöra
958 965 32 26 sig
1004 965 27 21 de

205 991 66 26 högre
289 991 95 26 insigter,
402 997 47 15 som
468 991 38 20 der
524 990 74 21 kunna
615 991 107 20 meddelas
738 991 164 27 jordbrukaren,
918 999 62 20 synes
994 993 37 21 det

205 1019 43 27 mig
264 1019 68 22 säsom
349 1025 35 16 om
400 1021 31 19 ett
445 1019 99 21 nekande
559 1025 49 15 svar
622 1019 28 26 pä
666 1019 68 21 denna
748 1020 90 26 petition
853 1020 69 22 skulle
929 1021 58 26 gifva
993 1027 37 16 an-

204 1047 87 27 ledning
305 1048 33 21 till
354 1047 41 22 den
410 1047 86 26 tanken,
512 1049 33 20 att
560 1053 50 15 man
624 1047 38 21 vill
671 1047 88 22 hänvisa
768 1048 79 21 honom
856 1049 91 21 tillbaka
956 1049 33 22 till
999 1051 32 20 ett

202 1076 112 27 jordbruk,
330 1082 47 15 som
396 1075 43 22 han
457 1082 43 20 nog
518 1076 67 21 redan
604 1075 23 22 af
643 1075 120 22 erfarenhet
781 1077 32 20 till
828 1077 52 21 fullo
896 1077 86 27 känner,
998 1077 32 22 sä-

204 1110 46 15 som
264 1105 67 21 skulle
347 1105 60 20 detta
421 1104 103 21 innebära
539 1110 27 15 en
580 1104 124 27 ytterligare
711 1106 78 19 väntan
797 1105 33 21 för
837 1105 79 22 honom
924 1106 66 27 några
997 1106 33 21 är-

204 1133 96 25 tionden,
319 1133 69 21 under
406 1132 72 21 hvilka
497 1133 43 20 han
559 1133 47 20 icke
624 1133 36 20 mä
677 1134 51 25 göra
743 1133 92 26 anspräk
850 1134 28 26 pä
892 1136 32 19 att
939 1141 49 14 man
1002 1135 28 27 pä

204 1161 66 27 något
289 1163 42 19 sätt
354 1161 36 21 mä
412 1161 162 21 inkommodera
589 1161 33 26 sig
636 1161 34 21 för
685 1162 31 20 att
730 1161 154 22 tillfredsställa
898 1163 54 20 hans
967 1163 63 21 önsk-

204 1189 111 27 ningsmäl.
351 1189 75 22 Sävidt
440 1189 38 27 jag
493 1189 83 21 kunnat
594 1189 64 26 finna,
674 1189 63 21 hafva
752 1189 54 22 dock
821 1191 43 20 alla
878 1191 92 21 motskäl
985 1193 46 20 mot

202 1218 125 27 petitionen,
351 1219 33 20 att
406 1218 107 26 nemligen
531 1218 37 21 det
587 1217 70 22 skulle
674 1217 96 22 medföra
788 1219 143 26 olägenheter,
946 1221 33 20 att
994 1220 36 21 det

202 1252 52 15 vore
272 1246 112 27 olämpligt
402 1247 32 20 att
449 1246 31 21 dit
495 1246 97 27 förlägga
606 1247 32 20 ett
649 1246 201 27 jordbruksinstitut
865 1247 64 22 ocksä
944 1247 33 22 för
991 1247 39 22 fin-

203 1274 39 22 ska
257 1274 92 27 talande,
366 1275 67 20 redan
448 1274 71 21 blifvit
533 1274 136 27 vederlagda.
698 1274 41 27 Jag
753 1281 61 15 anser
829 1277 33 20 att
877 1276 62 21 dessa
953 1276 76 22 intres-

203 1309 37 15 sen
264 1303 32 20 för
314 1302 171 28 jordbrukarnes
506 1303 60 21 klass
588 1303 7 20 i
614 1303 48 20 värt
676 1303 51 21 land
741 1305 38 19 äro
794 1303 23 21 sä
832 1310 50 20 pass
896 1305 85 26 vigtiga,
997 1307 33 19 att

199 1330 170 27 jordbrukarnes
391 1330 131 28 önskningar
544 1330 93 28 förtjena
660 1332 31 20 ett
708 1330 70 22 bättre
796 1332 184 27 tillmötesgående
1002 1335 28 19 än

202 1359 43 26 det,
261 1365 46 15 som
321 1359 91 21 kommit
426 1359 49 21 dem
490 1360 33 20 till
538 1359 41 21 del.
603 1359 47 21 Och
664 1359 28 21 dä
706 1359 50 21 herr
770 1359 93 22 Kivekäs
878 1360 39 22 här
925 1361 104 22 framdra-

202 1388 31 26 git
252 1393 26 15 en
297 1388 34 21 hel
350 1388 80 26 mängd
448 1387 160 27 lagparagrafer
626 1388 41 20 och
681 1387 136 27 stadganden,
834 1395 45 15 som
891 1389 37 27 jag
943 1390 18 26 ej
977 1390 52 21 kän-

202 1422 44 19 ner,
269 1416 83 21 hvilkas
375 1416 95 21 innehåll
491 1422 52 15 vore
566 1417 32 20 att
620 1416 100 21 Mustiala
739 1416 83 22 institut
837 1419 24 19 är
876 1418 33 20 till
924 1418 58 21 såväl
996 1418 33 21 för

201 1444 92 22 svenska
307 1450 46 16 som
368 1444 34 21 för
416 1444 70 21 finska
500 1444 87 22 talande
602 1444 7 21 i
624 1444 78 26 landet,
718 1446 56 20 samt
788 1446 48 20 med
851 1446 114 26 anledning
980 1446 48 22 der-

202 1473 23 22 af
240 1472 91 28 påyrkat
349 1473 115 26 utredning
483 1472 23 22 af
520 1472 72 27 saken,
612 1472 24 22 så
654 1472 43 22 kan
716 1473 37 27 jag
771 1473 47 22 icke
832 1476 66 19 annat
913 1476 28 20 än
955 1474 75 22 förena

201 1502 44 26 mig
267 1501 49 22 med
334 1502 82 21 honom
438 1501 46 21 deri
507 1501 40 22 och
570 1501 90 22 föreslår
679 1501 82 22 således
779 1504 31 19 att
827 1503 119 26 petitionen
962 1503 68 22 måtte

201 1530 168 22 återremitteras
384 1530 33 21 till
431 1529 107 22 utskottet
553 1530 33 21 för
601 1530 107 21 vinnande
723 1530 23 21 af
758 1531 114 27 utredning
886 1531 104 22 huruvida
1000 1532 29 21 ic-
