1095 1789
239 155 38 48 146
518 170 92 28 Borgarest.
622 170 44 19 1885.
690 167 11 21 2
713 158 44 30 Febr.

213 239 123 22 nuvarande
358 238 196 27 rätteyängsväsen.
584 239 50 20 Men
653 238 67 21 ehuru
738 244 25 14 en
782 238 67 22 sådan
867 239 78 22 reform
963 246 51 15 vore
1031 240 8 21 i

213 269 43 26 hög
271 268 51 27 grad
338 267 115 25 önskvärd,
469 273 50 15 vore
534 267 70 21 allena
618 267 87 21 dermed
719 267 121 21 ändamälet
855 268 55 21 dock
924 268 47 22 icke
986 275 52 15 vun-

214 297 43 21 net.
279 297 33 20 En
327 295 197 22 tillfredsställande
539 295 118 27 anordning
672 295 23 21 af
708 295 224 27 rättegängsväsendet
946 297 91 26 kräfver,

213 325 28 27 pä
256 327 43 19 sätt
313 325 35 20 vid
363 324 111 21 Juridiska
488 324 143 26 Föreningens
647 324 107 21 allmänna
768 324 92 22 årsmöte
875 325 24 20 år
916 325 55 22 1879
981 327 57 20 utta-

214 353 65 26 lades,
296 359 25 15 en
337 353 165 26 omgestaltning
516 352 61 21 äfven
594 352 22 21 af
629 352 240 27 rättegängsordningen
883 353 89 22 framför
986 354 30 21 alt
1030 355 7 20 i

215 381 54 27 syfte
284 383 31 20 att
329 381 99 22 förenkla
442 381 133 20 förfarandet
590 382 55 19 samt
660 382 80 19 ersätta
750 381 40 21 den
800 381 154 28 öfvervägande
965 382 72 21 skrift-

214 410 42 26 liga
275 410 132 27 proceduren
430 409 48 21 med
496 409 97 26 muntlig.
623 409 33 21 En
675 409 66 21 sådan
759 409 124 28 förändring
901 410 85 21 komme
1003 411 34 21 väl

215 440 32 19 att
268 439 7 20 i
297 438 121 27 betydande
440 438 49 21 mån
511 437 88 22 inverka
621 437 26 27 på
669 437 220 23 underdomstolarnes
911 439 125 25 arbetssätt;

215 473 48 15 men
278 467 36 21 det
328 469 24 18 är
368 465 89 22 framför
471 466 38 21 allt
523 466 141 26 rättegången
682 466 7 21 i
708 466 107 26 öfverrätt,
834 473 45 15 som
894 467 68 22 skulle
978 467 61 22 deraf

215 496 93 21 beröras.

283 524 33 21 En
332 523 132 26 ombildning
482 523 23 20 af
521 523 232 26 rättegångsväsendet,
773 523 66 21 sådan
858 529 45 16 som
922 524 63 21 ofvan
1000 531 37 14 an-

214 553 65 26 tydts,
297 552 86 21 kräfver
402 551 133 28 synbarligen
554 551 89 27 mycken
661 551 32 21 tid
711 551 39 21 och
769 551 73 22 arbete
861 551 32 22 för
912 554 32 19 att
963 553 28 26 på
1006 554 31 20 ett

214 580 196 23 tillfredsställande
426 582 42 19 sätt
483 580 140 27 genomföras.
653 580 43 21 Det
713 580 67 23 måste
798 581 34 20 väl
851 580 39 21 ock
905 586 61 15 anses
981 581 57 26 ligga

214 611 68 20 större
297 609 45 26 vigt
357 608 73 27 härpå,
449 610 27 19 än
494 609 28 26 på
539 608 134 21 snabbheten
691 609 8 20 i
717 608 128 21 utförandet.
874 609 51 21 Men
942 609 14 21 å
970 609 68 21 andra

215 638 60 21 sidan
297 638 45 25 bör,
366 637 50 21 med
438 637 99 21 afseende
556 637 12 20 å
587 637 94 20 arbetets
700 637 125 26 omfattning
844 637 39 25 och
902 638 50 26 vigt,
968 638 70 21 denna

214 667 60 26 fråga
288 666 23 21 så
326 666 44 21 fort
385 672 45 15 som
446 666 82 26 möjligt
538 668 107 24 upptagas
659 665 33 21 för
707 667 31 19 att
754 666 87 26 onödigt
855 666 101 27 dröjsmål
970 667 67 20 måtte

214 695 104 21 undvikas
341 694 40 21 och
404 694 116 21 reformens
538 693 166 27 genomförande
722 694 47 21 icke
786 694 105 27 fördröjas
914 695 73 26 längre
1009 697 27 19 än

214 723 56 22 hvad
292 723 171 26 oundgängligen
485 723 107 20 behöfves.
623 722 66 21 Tiden
711 729 62 20 synes
797 723 72 21 derför
894 723 66 21 redan
985 729 51 16 vara

214 753 49 20 inne
277 752 33 21 för
324 751 130 26 vidtagande
469 751 23 21 af
504 751 106 26 åtgärder,
627 757 45 14 som
688 751 43 21 afse
747 753 32 19 att
793 751 75 27 bringa
885 751 105 22 reformen
1005 752 32 21 till

215 776 119 36 utförande.
854 786 4 5 :

283 809 31 21 De
334 810 55 19 mest
407 808 7 21 i
433 810 82 25 ögonen
534 808 93 21 fallande
647 808 39 20 och
705 808 110 21 kännbara
834 809 164 26 olägenheterna
1016 809 23 22 af

215 844 29 15 nu
259 837 97 27 gällande
375 837 214 26 rättegångsordning
610 836 72 21 kunde
701 837 115 21 emellertid
835 837 103 27 aflägsnas
960 844 76 21 genom

215 867 79 20 smärre
313 865 155 26 förändringar,
488 865 100 21 afseende
606 865 175 26 hufvudsakligen
800 867 32 20 att
849 865 100 22 befordra
967 868 69 19 större

215 895 152 26 skyndsamhet
382 894 35 21 vid
432 894 81 21 målens
528 893 159 27 handläggning
702 894 45 25 och,
767 894 48 21 med
833 894 80 27 hänsyn
928 895 33 21 till
975 895 61 21 häfd-

215 929 84 15 vunnen
314 923 78 26 praxis,
409 922 61 21 äfven
485 924 32 19 att
532 922 126 27 möjliggöra
672 922 131 27 tillämpning
813 922 24 21 af
845 923 104 21 särskilda
958 925 78 20 nästan

215 952 121 21 förbisedda
351 951 139 26 stadganden,
506 951 66 20 som
559 947 15 36 i
587 951 31 26 sig
637 951 102 20 innefatta
757 951 110 28 uppslaget
885 952 32 21 till
933 953 31 20 ett
977 958 59 15 mera

216 981 109 25 tidsenligt
340 979 246 27 rättegångsförfarande
601 991 27 3 —
645 979 152 26 förändringar,
813 986 51 19 som,
879 982 51 19 utan
949 982 32 19 att
999 981 37 20 be-

215 1009 59 26 tinga
297 1009 91 27 ändring
410 1009 6 20 i
439 1008 275 26 domstolsorganisationen
736 1009 50 20 eller
807 1009 104 26 väsentlig
935 1009 101 21 afvikelse

216 1037 47 22 från
278 1037 26 21 de
319 1037 113 26 principer,
448 1037 28 26 på
490 1036 72 21 hvilka
577 1037 122 20 nuvarande
713 1036 212 28 rättegångsordning
940 1039 23 19 är
973 1037 62 28 bygd,

216 1066 71 21 kunde
301 1067 76 25 genast
391 1065 82 21 utföras
491 1065 40 21 och
545 1065 114 22 förbereda
674 1065 139 26 öfvergången
827 1066 33 21 till
875 1072 26 15 en
919 1072 59 15 mera
992 1072 44 16 om-

215 1095 96 21 fattande
328 1094 86 20 reform.
433 1106 28 3 —
481 1093 93 21 Sålunda
593 1093 68 21 skulle
681 1099 25 15 en
724 1094 39 20 och
780 1094 106 21 måbända
907 1095 50 21 den.
971 1095 65 21 oftast

215 1122 173 22 förekommande
408 1122 114 26 anledning
544 1122 32 20 till
596 1122 93 26 uppskof
704 1122 7 20 i
733 1122 136 28 rättegången
881 1122 154 28 undanrödjas,

217 1158 34 15 om
266 1151 191 27 svarandepartens
472 1150 132 22 förfallolösa
620 1152 92 28 utevaro,
728 1150 135 28 hvarigenom
878 1151 48 28 han,
937 1154 51 18 utan
998 1158 37 14 an-

216 1187 42 15 nan
273 1180 80 26 påföljd
368 1182 28 18 än
412 1180 121 26 obetydliga
551 1179 68 26 böter,
639 1179 42 21 kan
699 1179 64 27 draga
781 1182 23 18 ut
822 1180 27 26 på
863 1180 58 21 tiden
936 1180 40 22 och
991 1180 44 22 ofta

215 1215 42 21 nog
272 1209 102 26 derjemte
388 1208 80 21 bereda
482 1208 32 26 sig
529 1214 27 14 en
572 1214 144 22 gynsammare
731 1208 114 27 ställning
836 1204 12 36 i
856 1209 136 27 rättegången
1009 1220 23 4 —

216 1240 22 25 ty
254 1238 7 20 i
276 1238 72 26 praxis
362 1243 62 15 anses
440 1237 119 21 domstolen
574 1236 36 21 vid
625 1236 129 21 svarandens
768 1239 86 19 utevaro
870 1237 51 21 böra
936 1237 99 22 betrakta

217 1267 42 21 alla
273 1266 120 20 kärandens
409 1265 130 27 påståenden
554 1265 70 21 såsom
640 1265 109 21 bestridda
764 1266 38 20 och
821 1266 137 21 erfordrande
976 1266 59 21 bevis

217 1307 24 3 —
259 1294 139 22 tillerkändes
413 1294 40 21 den
469 1294 114 26 betydelse,
599 1295 33 19 att
647 1294 117 21 domstolen
782 1294 54 26 finge
855 1294 60 22 deraf
932 1295 56 21 sluta
1002 1295 33 21 till

217 1325 32 20 att
263 1323 117 25 svaranden
394 1322 48 22 icke
457 1323 64 26 gitter
536 1322 97 21 bestrida
651 1322 36 21 det
705 1322 22 21 af
743 1322 107 22 käranden
868 1323 101 27 uppgifna
986 1323 48 22 sak-

216 1352 139 25 förhållande,
371 1351 52 21 eller
438 1358 34 14 om
488 1351 128 21 åtminstone
631 1351 160 27 bötesbeloppet
808 1351 33 21 för
859 1352 115 21 förfallolös
988 1353 47 20 ute-

216 1387 50 15 varo
281 1380 105 27 betydligt
404 1380 80 27 höjdes,
503 1380 50 21 med
571 1380 122 20 utsättande
711 1380 23 20 af
746 1380 112 21 maximum
874 1380 39 21 och
927 1381 108 21 minimum

215 1410 33 20 för
263 1410 123 20 detsamma.
416 1408 119 22 Enahanda
556 1408 150 21 utevaroböter
723 1408 7 21 i
748 1408 81 22 mindre
851 1409 100 21 brottmål
972 1415 64 21 synas

215 1438 62 21 äfven
291 1444 52 14 vara
358 1437 22 21 af
394 1437 99 21 behofvet
508 1436 119 27 påkallade.
645 1436 82 23 Likaså
740 1437 66 21 borde
821 1439 108 25 strängare
939 1438 96 27 äfventyr

215 1468 92 20 utsättas
321 1466 34 21 för
369 1466 74 26 vittne,
460 1472 45 15 som
520 1467 53 19 utan
588 1465 71 21 förfall
673 1466 83 25 uteblir,
772 1468 53 19 samt
839 1466 78 21 vittnet
927 1466 107 22 dessutom

215 1502 52 15 vara
281 1494 95 27 skyldigt
390 1496 32 19 att
438 1495 80 21 ersätta
532 1496 100 24 parterne
647 1494 46 21 dem
709 1494 120 27 derigenom
843 1494 129 28 tillskyndad
986 1494 48 22 ska-

215 1525 34 21 da.
279 1518 157 27 Åhvälfvandet
451 1523 22 21 af
486 1523 80 21 sådana
581 1522 140 27 förpligtelser
740 1522 12 22 å
770 1523 66 21 vittne
854 1523 123 22 förutsätter
994 1524 40 20 lik-

214 1554 40 25 väl,
270 1554 32 20 att
316 1552 78 21 vittnet
409 1551 63 22 äfven
491 1551 55 21 skall
564 1557 51 15 vara
634 1552 42 20 viss
694 1557 34 15 om
747 1552 131 26 godtgörelse
893 1552 32 22 för
940 1552 47 22 sina
1000 1554 34 20 ut-

213 1582 62 26 gifter
291 1580 38 22 och
346 1581 32 20 sin
393 1580 126 26 tidsförlust,
535 1580 85 20 hvilken
635 1580 56 26 förty
705 1580 67 21 borde
786 1581 7 20 i
807 1580 106 22 tvistemål
928 1581 39 21 och
981 1582 54 20 min-
