1098 1750
246 120 36 41 226
497 123 3 3 —
516 130 93 24 Gvtgarest.
620 127 46 23 Wes.
687 130 11 20 5
707 130 49 20 För.

223 203 47 27 tion
291 200 33 24 till
345 200 104 23 Finlands
471 200 24 22 år
518 200 54 22 1885
593 195 127 27 försainlade
738 200 89 22 stämder
848 206 35 16 om
902 201 140 22 statsverkets

223 230 105 27 tillstånd;

293 260 32 20 att
343 258 86 22 ståndet
445 257 36 21 vid
499 257 149 27 föredragning
665 257 24 21 af
705 257 284 27 ständerhusdelegationens
1006 258 34 22 till

225 287 100 22 Finlands
341 286 87 22 ständer
443 285 77 27 afgifna
534 285 114 21 berättelse
663 292 34 14 om
711 286 48 20 dess
776 286 82 21 härtills
876 286 85 22 utförda
979 288 60 21 verk-

225 316 82 21 samhet
325 316 68 26 jemte
415 314 26 21 de
463 314 31 21 till
516 314 66 26 sagda
602 314 113 21 berättelse
732 314 75 26 fogade
825 314 83 27 bilagor
925 316 69 21 beslöt
1009 318 31 20 att

226 343 131 23 omedelbart
374 343 107 21 remittera
495 342 122 21 densamma
631 342 33 22 till
678 343 163 21 statsutskottet.

293 373 76 21 Såsom
384 371 47 21 icke
445 370 151 22 föranledande
610 371 32 21 till
657 371 74 26 åtgärd
740 371 46 21 från
795 371 189 27 Borgareståndets
994 373 47 21 sida

225 402 58 20 lades
298 401 63 21 dessa
375 399 194 28 protokollsutdrag
584 400 32 20 till
629 400 158 26 handlingarna.

294 487 41 21 Till
350 485 85 22 ståndet
449 485 56 21 hade
522 484 112 21 inkommit
652 485 40 20 och
706 485 111 21 bordlades
831 485 34 21 till
879 487 62 20 nästa
954 486 85 27 plenum

226 515 170 22 statsutskottets
413 511 134 23 betänkande
561 511 41 23 N:o
620 513 20 25 2,
659 513 8 21 i
684 513 111 27 anledning
813 513 23 22 af
851 514 189 26 Borgareståndets

226 543 156 28 framställning
397 548 32 15 om
444 541 111 28 tryckning
570 541 23 22 af
606 541 96 22 ståndets
715 542 236 27 diskussionsprotokoll
961 543 27 26 på
1002 543 38 21 all-

223 572 52 22 inän
289 569 128 25 bekostnad.

294 628 41 22 Vid
354 628 53 21 härå
425 628 66 21 skedd
509 628 150 26 föredragning
676 628 23 20 af
715 628 58 21 Hans
790 628 118 26 Kejserliga
930 628 109 27 Majestäts

222 656 80 28 Hågiga
319 656 132 28 proposition
469 656 40 21 N:o
528 656 34 26 31,
582 661 34 16 om
634 657 117 25 antagande
768 656 23 21 af
808 656 96 27 strafflag
920 656 34 22 för
971 656 68 22 finska

226 686 111 25 militären,
365 685 68 21 beslöt
462 684 84 22 ståndet
575 686 32 20 att
638 685 107 21 remittera
769 684 122 22 densamma
911 685 35 21 till
971 686 69 26 lagut-

226 714 85 22 skottet.

294 799 119 27 Föredrogs
429 798 285 27 ständerhusdelegationens
731 798 35 21 vid
776 800 87 20 senaste
877 800 85 26 plenum
976 799 65 22 bord-

226 828 62 27 lagda
313 827 115 22 berättelse
449 832 33 16 'om
504 827 48 21 dess
573 827 127 27 tillgörande
716 827 33 21 för
767 827 185 22 ästadkommande
969 828 23 21 af
1009 830 32 19 ett

226 856 137 26 ständerhus;
379 856 40 21 och
433 856 83 26 yttrade
531 856 32 26 sig
577 856 75 21 härvid
666 855 91 27 följande
771 856 76 21 talare:

293 884 57 22 Herr
371 884 149 21 Rönnbäck:
546 884 42 27 Jag
609 886 45 19 tror
675 884 42 27 mig
738 884 66 21 sällan
825 884 64 22 häfva
909 885 42 21 läst
966 885 74 26 någon

226 914 199 26 sepsationsroman,
441 912 84 22 hvilken
540 912 122 22 framkallat
676 912 23 22 sä
713 912 74 27 många
801 913 105 21 oväntade
921 913 118 21 öfverrask-

224 941 82 28 vingar,
325 948 46 15 som
390 941 69 21 denna
473 941 284 27 ständerhusdelegationens
770 941 121 21 berättelse.
921 942 49 21 Man
987 942 51 26 kan,

224 971 40 21 när
277 974 51 18 man
343 970 56 21 läser
413 970 47 26 den,
475 970 107 27 knappast
595 970 54 21 fatta
664 972 32 19 att
709 970 41 21 den
764 970 69 21 blifvit
851 970 187 22 sammanskrifven

226 999 23 21 af
263 1006 25 14 en
303 999 126 26 delegation,
445 1004 44 16 som
505 998 87 22 tillsatts
610 998 33 21 för
661 1000 32 19 att
709 998 70 22 utföra
795 998 126 22 ständernas
939 998 99 22 önsknin-

223 1029 40 26 far
281 1028 39 21 och
339 1027 56 27 vilja.
425 1026 50 22 Man
492 1026 77 22 frestas
588 1039 27 3 —
630 1026 126 22 åtminstone
773 1027 38 21 har
829 1027 170 27 genomläsandet
1016 1027 25 21 af

223 1055 131 23 Ferättelsen
368 1056 57 26 gjort
439 1056 35 20 det
488 1056 106 27 intrycket
608 1056 28 26 pä
647 1056 45 26 mig
709 1066 22 5 —
748 1056 32 20 att
791 1056 30 26 pä
830 1056 209 26 ständerhusdelepa-

225 1086 72 20 tionen
311 1085 102 27 tillämpa,
429 1084 56 21 hvad
499 1090 26 15 en
541 1084 23 21 af
576 1086 160 20 reservanterna
749 1084 8 21 i
769 1084 122 21 densamma
900 1084 28 27 pä
937 1086 30 20 ett
976 1084 63 22 stärkte

222 1116 73 24 säger:
312 1114 43 27 ,att
367 1113 44 21 den
425 1113 88 22 handlat
528 1114 57 20 emot
596 1113 36 21 'sin
646 1112 132 28 befogenhet,
793 1113 59 21 ställt
863 1113 35 27 sig
911 1113 58 21 öfver
978 1119 60 15 sena-

226 1142 32 22 ste
279 1142 98 21 ständers
398 1141 80 28 tydliga
496 1142 70 20 beslut
582 1141 42 21 och
641 1142 91 27 mening,
747 1141 42 21 'och
809 1141 89 28 upphäft
913 1142 34 27 sig
965 1142 23 21 sä
1003 1142 36 21 att

224 1172 53 26 säga
291 1171 33 21 till
339 1172 30 20 ett
383 1170 176 22 konstituerande
574 1170 100 21 utskott.*
703 1170 44 21 När
761 1171 116 21 ständerna
890 1171 96 21 lemnade
997 1171 41 21 sitt

226 1199 95 28 Wppdrag
333 1199 16 21 'å
361 1199 154 27 delegationen,
531 1199 62 27 gälde
608 1199 36 21 det
656 1200 34 20 att
707 1199 88 27 appföra
813 1201 32 19 ett
862 1199 124 22 ständerhus
1003 1199 34 21 för

224 1228 35 22 tre
279 1228 70 26 stånd,
371 1227 81 22 hvilket
469 1227 69 22 skulle
554 1227 103 28 uppföras
674 1227 24 22 sä
713 1227 45 22 fort
773 1233 47 15 som
842 1228 81 27 möjligt
943 1228 40 21 och
1005 1227 33 22 för

226 1257 80 21 hvilket
321 1263 26 15 en
363 1263 81 14 summa
458 1256 23 22 af
495 1257 113 25 1,200,000
621 1256 61 21 mark
694 1257 91 26 anslogs.
808 1256 40 21 Lät
863 1263 50 14 vara
927 1258 32 19 att
968 1257 70 20 denna

226 1286 51 21 sista
287 1291 81 16 summa
377 1285 46 21 icke
433 1291 38 15 var
485 1284 95 22 definitiv
592 1286 54 20 utan
661 1285 73 21 endast
747 1285 160 26 approximativ;
922 1290 48 16 men
979 1285 7 21 i
996 1285 43 21 alla

223 1312 40 24 fall
276 1313 67 28 angaf
357 1313 43 22 den
417 1313 55 22 huru
485 1313 121 22 'ständerna
623 1313 63 22 tänkt
702 1313 32 27 sig
751 1313 106 22 storleken
876 1313 39 22 och
931 1313 71 22 stäten
1017 1313 22 22 af

222 1342 40 22 tet
274 1343 47 26 hus,
335 1346 48 18 som
400 1342 69 22 skulle
485 1342 34 22 för
535 1342 127 22 ständernas
680 1342 88 26 räkning
782 1342 106 27 uppföras.
917 1342 121 22 Emellertid

224 1372 40 21 här
278 1371 148 27 delegationen
441 1373 74 25 genast
529 1371 7 21 i
548 1371 77 27 början
634 1370 86 22 beslutit
730 1372 31 20 att
770 1370 90 28 uppföra
870 1372 31 20 ett
909 1371 47 27 fyra
965 1371 73 21 ständs

226 1401 45 25 hus,
286 1402 114 19 tvärtemot
415 1400 42 21 alla
471 1400 26 20 de
513 1399 113 27 fullgiltiga
644 1400 52 25 skäl,
715 1406 45 14 som
778 1399 68 21 skilda
863 1400 136 21 medlemttrar
1013 1400 27 21 af

226 1429 145 27 delegationen
387 1428 75 22 anfört.
492 1427 83 22 Genom
590 1428 60 21 detta
664 1428 69 21 beshrt
747 1428 54 21 hade
815 1428 146 27 delegationen
971 1428 67 22 omin-

223 1457 88 28 ketgjort
321 1457 141 27 möjligheten
476 1459 33 19 att
522 1457 58 27 välja
594 1456 65 22 bland
672 1456 106 27 åtskilliga
789 1457 86 26 tomter,
891 1457 38 21 der
943 1457 95 21 ständer-

225 1487 61 21 huset
299 1479 70 37 skule
384 1485 82 21 kunnat
477 1485 105 27 uppföras
594 1484 36 22 för
644 1490 26 16 en
686 1485 97 27 billigare
800 1490 88 16 summa.
917 1486 64 21 Detta
993 1486 45 21 för-

222 1518 41 24 sta,
277 1516 46 20 inot
337 1512 126 24 stämdernas
474 1514 67 26 afsigt
552 1513 114 23 stridande
677 1516 54 24 steg,
746 1514 39 21 har
798 1514 65 21 sedan
878 1514 109 22 såsom
961 1508 27 38 en
1002 1520 36 16 ne-

222 1544 64 21 mesis
300 1543 75 21 "divina
394 1542 152 22 ästaäkommit
560 1544 36 20 att
614 1543 145 27 delegationen
775 1542 118 22 föranledts
912 1544 31 20 att
955 1543 61 21 äfven
1031 1543 8 21 i
