<?xml version="1.0" encoding="UTF-8"?>
<alto xmlns="http://www.loc.gov/standards/alto/ns-v3#" xmlns:xlink="http://www.w3.org/1999/xlink" xmlns:xsi="http://www.w3.org/2001/XMLSchema-instance" xsi:schemaLocation="http://www.loc.gov/standards/alto/ns-v3# http://www.loc.gov/alto/v3/alto-3-0.xsd">
	<Description>
		<MeasurementUnit>pixel</MeasurementUnit>
		<sourceImageInformation>
			<fileName>/tmp/tess_3bv4hnhz_input.PNG</fileName>
		</sourceImageInformation>
		<OCRProcessing ID="OCR_0">
			<ocrProcessingStep>
				<processingSoftware>
					<softwareName>tesseract 5.3.4</softwareName>
				</processingSoftware>
			</ocrProcessingStep>
		</OCRProcessing>
	</Description>
	<Layout>
		<Page WIDTH="1100" HEIGHT="1789" PHYSICAL_IMG_NR="0" ID="page_0">
			<PrintSpace HPOS="0" VPOS="0" WIDTH="1100" HEIGHT="1789">
				<ComposedBlock ID="cblock_0" HPOS="221" VPOS="161" WIDTH="521" HEIGHT="22">
					<TextBlock ID="block_0" HPOS="221" VPOS="161" WIDTH="521" HEIGHT="22">
						<TextLine ID="line_0" HPOS="221" VPOS="161" WIDTH="521" HEIGHT="22">
							<String ID="string_0" HPOS="221" VPOS="162" WIDTH="35" HEIGHT="18" WC="0.96" CONTENT="470"/><SP WIDTH="231" VPOS="162" HPOS="256"/>
							<String ID="string_1" HPOS="487" VPOS="161" WIDTH="94" HEIGHT="22" WC="0.91" CONTENT="Borgarest."/><SP WIDTH="12" VPOS="161" HPOS="581"/>
							<String ID="string_2" HPOS="593" VPOS="161" WIDTH="44" HEIGHT="18" WC="0.95" CONTENT="1885."/><SP WIDTH="23" VPOS="161" HPOS="637"/>
							<String ID="string_3" HPOS="660" VPOS="161" WIDTH="18" HEIGHT="18" WC="0.95" CONTENT="17"/><SP WIDTH="12" VPOS="161" HPOS="678"/>
							<String ID="string_4" HPOS="690" VPOS="161" WIDTH="52" HEIGHT="19" WC="0.82" CONTENT="Mars."/>
						</TextLine>
					</TextBlock>
				</ComposedBlock>
				<ComposedBlock ID="cblock_1" HPOS="200" VPOS="229" WIDTH="831" HEIGHT="930">
					<TextBlock ID="block_1" HPOS="200" VPOS="229" WIDTH="829" HEIGHT="111">
						<TextLine ID="line_1" HPOS="200" VPOS="229" WIDTH="827" HEIGHT="28">
							<String ID="string_5" HPOS="200" VPOS="230" WIDTH="127" HEIGHT="27" WC="0.96" CONTENT="läggningen"/><SP WIDTH="24" VPOS="230" HPOS="327"/>
							<String ID="string_6" HPOS="351" VPOS="229" WIDTH="7" HEIGHT="21" WC="0.96" CONTENT="i"/><SP WIDTH="23" VPOS="229" HPOS="358"/>
							<String ID="string_7" HPOS="381" VPOS="229" WIDTH="94" HEIGHT="26" WC="0.96" CONTENT="Viborgs"/><SP WIDTH="23" VPOS="229" HPOS="475"/>
							<String ID="string_8" HPOS="498" VPOS="229" WIDTH="42" HEIGHT="21" WC="0.93" CONTENT="län."/><SP WIDTH="30" VPOS="229" HPOS="540"/>
							<String ID="string_9" HPOS="570" VPOS="229" WIDTH="166" HEIGHT="22" WC="0.92" CONTENT="Statsutskottet"/><SP WIDTH="22" VPOS="229" HPOS="736"/>
							<String ID="string_10" HPOS="758" VPOS="229" WIDTH="39" HEIGHT="21" WC="0.96" CONTENT="har"/><SP WIDTH="19" VPOS="229" HPOS="797"/>
							<String ID="string_11" HPOS="816" VPOS="229" WIDTH="115" HEIGHT="28" WC="0.96" CONTENT="föreslagit"/><SP WIDTH="15" VPOS="229" HPOS="931"/>
							<String ID="string_12" HPOS="946" VPOS="232" WIDTH="32" HEIGHT="19" WC="0.93" CONTENT="att"/><SP WIDTH="15" VPOS="232" HPOS="978"/>
							<String ID="string_13" HPOS="993" VPOS="231" WIDTH="34" HEIGHT="21" WC="0.90" CONTENT="så-"/>
						</TextLine>
						<TextLine ID="line_2" HPOS="201" VPOS="257" WIDTH="828" HEIGHT="28">
							<String ID="string_14" HPOS="201" VPOS="259" WIDTH="51" HEIGHT="21" WC="0.96" CONTENT="dant"/><SP WIDTH="22" VPOS="259" HPOS="252"/>
							<String ID="string_15" HPOS="274" VPOS="259" WIDTH="19" HEIGHT="26" WC="0.96" CONTENT="ej"/><SP WIDTH="23" VPOS="259" HPOS="293"/>
							<String ID="string_16" HPOS="316" VPOS="257" WIDTH="72" HEIGHT="22" WC="0.92" CONTENT="skulle"/><SP WIDTH="23" VPOS="257" HPOS="388"/>
							<String ID="string_17" HPOS="411" VPOS="263" WIDTH="40" HEIGHT="21" WC="0.92" CONTENT="ega"/><SP WIDTH="20" VPOS="263" HPOS="451"/>
							<String ID="string_18" HPOS="471" VPOS="263" WIDTH="54" HEIGHT="20" WC="0.95" CONTENT="rum,"/><SP WIDTH="23" VPOS="263" HPOS="525"/>
							<String ID="string_19" HPOS="548" VPOS="259" WIDTH="51" HEIGHT="19" WC="0.96" CONTENT="utan"/><SP WIDTH="23" VPOS="259" HPOS="599"/>
							<String ID="string_20" HPOS="622" VPOS="257" WIDTH="40" HEIGHT="21" WC="0.96" CONTENT="den"/><SP WIDTH="23" VPOS="257" HPOS="662"/>
							<String ID="string_21" HPOS="685" VPOS="263" WIDTH="41" HEIGHT="21" WC="0.93" CONTENT="nya"/><SP WIDTH="19" VPOS="263" HPOS="726"/>
							<String ID="string_22" HPOS="745" VPOS="257" WIDTH="147" HEIGHT="22" WC="0.92" CONTENT="skatterubeln"/><SP WIDTH="16" VPOS="257" HPOS="892"/>
							<String ID="string_23" HPOS="908" VPOS="258" WIDTH="39" HEIGHT="21" WC="0.96" CONTENT="der"/><SP WIDTH="15" VPOS="258" HPOS="947"/>
							<String ID="string_24" HPOS="962" VPOS="259" WIDTH="67" HEIGHT="21" WC="0.95" CONTENT="blifva"/>
						</TextLine>
						<TextLine ID="line_3" HPOS="200" VPOS="285" WIDTH="828" HEIGHT="29">
							<String ID="string_25" HPOS="200" VPOS="287" WIDTH="100" HEIGHT="27" WC="0.96" CONTENT="gällande"/><SP WIDTH="22" VPOS="287" HPOS="300"/>
							<String ID="string_26" HPOS="322" VPOS="286" WIDTH="112" HEIGHT="26" WC="0.96" CONTENT="samtidigt"/><SP WIDTH="22" VPOS="286" HPOS="434"/>
							<String ID="string_27" HPOS="456" VPOS="292" WIDTH="45" HEIGHT="15" WC="0.96" CONTENT="som"/><SP WIDTH="23" VPOS="292" HPOS="501"/>
							<String ID="string_28" HPOS="524" VPOS="285" WIDTH="7" HEIGHT="21" WC="0.95" CONTENT="i"/><SP WIDTH="24" VPOS="285" HPOS="531"/>
							<String ID="string_29" HPOS="555" VPOS="285" WIDTH="68" HEIGHT="27" WC="0.94" CONTENT="öfriga"/><SP WIDTH="23" VPOS="285" HPOS="623"/>
							<String ID="string_30" HPOS="646" VPOS="285" WIDTH="61" HEIGHT="21" WC="0.96" CONTENT="delar"/><SP WIDTH="21" VPOS="285" HPOS="707"/>
							<String ID="string_31" HPOS="728" VPOS="285" WIDTH="24" HEIGHT="21" WC="0.96" CONTENT="af"/><SP WIDTH="14" VPOS="285" HPOS="752"/>
							<String ID="string_32" HPOS="766" VPOS="286" WIDTH="79" HEIGHT="25" WC="0.96" CONTENT="landet,"/><SP WIDTH="17" VPOS="286" HPOS="845"/>
							<String ID="string_33" HPOS="862" VPOS="286" WIDTH="87" HEIGHT="21" WC="0.96" CONTENT="hvarför"/><SP WIDTH="16" VPOS="286" HPOS="949"/>
							<String ID="string_34" HPOS="965" VPOS="287" WIDTH="63" HEIGHT="22" WC="0.95" CONTENT="dessa"/>
						</TextLine>
						<TextLine ID="line_4" HPOS="201" VPOS="313" WIDTH="288" HEIGHT="27">
							<String ID="string_35" HPOS="201" VPOS="315" WIDTH="39" HEIGHT="21" WC="0.93" CONTENT="ord"/><SP WIDTH="15" VPOS="315" HPOS="240"/>
							<String ID="string_36" HPOS="255" VPOS="315" WIDTH="69" HEIGHT="21" WC="0.92" CONTENT="blefve"/><SP WIDTH="16" VPOS="315" HPOS="324"/>
							<String ID="string_37" HPOS="340" VPOS="313" WIDTH="149" HEIGHT="27" WC="0.92" CONTENT="öfverflödiga."/>
						</TextLine>
					</TextBlock>
					<TextBlock ID="block_2" HPOS="201" VPOS="341" WIDTH="828" HEIGHT="197">
						<TextLine ID="line_5" HPOS="270" VPOS="341" WIDTH="755" HEIGHT="29">
							<String ID="string_38" HPOS="270" VPOS="343" WIDTH="56" HEIGHT="21" WC="0.93" CONTENT="Herr"/><SP WIDTH="15" VPOS="343" HPOS="326"/>
							<String ID="string_39" HPOS="341" VPOS="342" WIDTH="132" HEIGHT="27" WC="0.92" CONTENT="Eneberg:"/><SP WIDTH="16" VPOS="342" HPOS="473"/>
							<String ID="string_40" HPOS="489" VPOS="341" WIDTH="42" HEIGHT="27" WC="0.96" CONTENT="Jag"/><SP WIDTH="16" VPOS="341" HPOS="531"/>
							<String ID="string_41" HPOS="547" VPOS="341" WIDTH="38" HEIGHT="22" WC="0.96" CONTENT="har"/><SP WIDTH="15" VPOS="341" HPOS="585"/>
							<String ID="string_42" HPOS="600" VPOS="341" WIDTH="72" HEIGHT="22" WC="0.96" CONTENT="blifvit"/><SP WIDTH="15" VPOS="341" HPOS="672"/>
							<String ID="string_43" HPOS="687" VPOS="341" WIDTH="145" HEIGHT="22" WC="0.96" CONTENT="förekommen"/><SP WIDTH="11" VPOS="341" HPOS="832"/>
							<String ID="string_44" HPOS="843" VPOS="342" WIDTH="24" HEIGHT="21" WC="0.96" CONTENT="af"/><SP WIDTH="9" VPOS="342" HPOS="867"/>
							<String ID="string_45" HPOS="876" VPOS="343" WIDTH="50" HEIGHT="21" WC="0.96" CONTENT="herr"/><SP WIDTH="10" VPOS="343" HPOS="926"/>
							<String ID="string_46" HPOS="936" VPOS="343" WIDTH="89" HEIGHT="27" WC="0.96" CONTENT="Nybom."/>
						</TextLine>
						<TextLine ID="line_6" HPOS="201" VPOS="370" WIDTH="827" HEIGHT="27">
							<String ID="string_47" HPOS="201" VPOS="371" WIDTH="41" HEIGHT="26" WC="0.96" CONTENT="Jag"/><SP WIDTH="16" VPOS="371" HPOS="242"/>
							<String ID="string_48" HPOS="258" VPOS="377" WIDTH="62" HEIGHT="15" WC="0.96" CONTENT="anser"/><SP WIDTH="15" VPOS="377" HPOS="320"/>
							<String ID="string_49" HPOS="335" VPOS="370" WIDTH="67" HEIGHT="22" WC="0.96" CONTENT="också"/><SP WIDTH="15" VPOS="370" HPOS="402"/>
							<String ID="string_50" HPOS="417" VPOS="372" WIDTH="37" HEIGHT="23" WC="0.94" CONTENT="att."/><SP WIDTH="17" VPOS="372" HPOS="454"/>
							<String ID="string_51" HPOS="471" VPOS="377" WIDTH="33" HEIGHT="14" WC="0.93" CONTENT="om"/><SP WIDTH="17" VPOS="377" HPOS="504"/>
							<String ID="string_52" HPOS="521" VPOS="370" WIDTH="172" HEIGHT="21" WC="0.91" CONTENT="statsutskottets"/><SP WIDTH="16" VPOS="370" HPOS="693"/>
							<String ID="string_53" HPOS="709" VPOS="370" WIDTH="134" HEIGHT="21" WC="0.96" CONTENT="betänkande"/><SP WIDTH="16" VPOS="370" HPOS="843"/>
							<String ID="string_54" HPOS="859" VPOS="377" WIDTH="34" HEIGHT="14" WC="0.96" CONTENT="n:o"/><SP WIDTH="15" VPOS="377" HPOS="893"/>
							<String ID="string_55" HPOS="908" VPOS="371" WIDTH="14" HEIGHT="22" WC="0.95" CONTENT="5"/><SP WIDTH="16" VPOS="371" HPOS="922"/>
							<String ID="string_56" HPOS="938" VPOS="371" WIDTH="42" HEIGHT="22" WC="0.93" CONTENT="blir"/><SP WIDTH="10" VPOS="371" HPOS="980"/>
							<String ID="string_57" HPOS="990" VPOS="377" WIDTH="38" HEIGHT="16" WC="0.92" CONTENT="an-"/>
						</TextLine>
						<TextLine ID="line_7" HPOS="202" VPOS="398" WIDTH="824" HEIGHT="27">
							<String ID="string_58" HPOS="202" VPOS="401" WIDTH="65" HEIGHT="24" WC="0.96" CONTENT="taget,"/><SP WIDTH="23" VPOS="401" HPOS="267"/>
							<String ID="string_59" HPOS="290" VPOS="399" WIDTH="24" HEIGHT="21" WC="0.96" CONTENT="så"/><SP WIDTH="21" VPOS="399" HPOS="314"/>
							<String ID="string_60" HPOS="335" VPOS="401" WIDTH="27" HEIGHT="19" WC="0.96" CONTENT="är"/><SP WIDTH="19" VPOS="401" HPOS="362"/>
							<String ID="string_61" HPOS="381" VPOS="399" WIDTH="39" HEIGHT="20" WC="0.96" CONTENT="den"/><SP WIDTH="16" VPOS="399" HPOS="420"/>
							<String ID="string_62" HPOS="436" VPOS="398" WIDTH="111" HEIGHT="27" WC="0.96" CONTENT="påpekade"/><SP WIDTH="16" VPOS="398" HPOS="547"/>
							<String ID="string_63" HPOS="563" VPOS="400" WIDTH="71" HEIGHT="19" WC="0.96" CONTENT="satsen"/><SP WIDTH="17" VPOS="400" HPOS="634"/>
							<String ID="string_64" HPOS="651" VPOS="398" WIDTH="78" HEIGHT="27" WC="0.96" CONTENT="onödig"/><SP WIDTH="15" VPOS="398" HPOS="729"/>
							<String ID="string_65" HPOS="744" VPOS="398" WIDTH="40" HEIGHT="21" WC="0.96" CONTENT="och"/><SP WIDTH="13" VPOS="398" HPOS="784"/>
							<String ID="string_66" HPOS="797" VPOS="405" WIDTH="77" HEIGHT="20" WC="0.96" CONTENT="passar"/><SP WIDTH="14" VPOS="405" HPOS="874"/>
							<String ID="string_67" HPOS="888" VPOS="399" WIDTH="48" HEIGHT="21" WC="0.96" CONTENT="icke"/><SP WIDTH="15" VPOS="399" HPOS="936"/>
							<String ID="string_68" HPOS="951" VPOS="400" WIDTH="6" HEIGHT="20" WC="0.93" CONTENT="i"/><SP WIDTH="16" VPOS="400" HPOS="957"/>
							<String ID="string_69" HPOS="973" VPOS="405" WIDTH="53" HEIGHT="16" WC="0.91" CONTENT="sam-"/>
						</TextLine>
						<TextLine ID="line_8" HPOS="202" VPOS="426" WIDTH="827" HEIGHT="27">
							<String ID="string_70" HPOS="202" VPOS="427" WIDTH="134" HEIGHT="26" WC="0.92" CONTENT="manhanget."/><SP WIDTH="33" VPOS="427" HPOS="336"/>
							<String ID="string_71" HPOS="369" VPOS="427" WIDTH="83" HEIGHT="20" WC="0.96" CONTENT="Endast"/><SP WIDTH="22" VPOS="427" HPOS="452"/>
							<String ID="string_72" HPOS="474" VPOS="427" WIDTH="7" HEIGHT="20" WC="0.96" CONTENT="i"/><SP WIDTH="23" VPOS="427" HPOS="481"/>
							<String ID="string_73" HPOS="504" VPOS="427" WIDTH="37" HEIGHT="20" WC="0.96" CONTENT="det"/><SP WIDTH="23" VPOS="427" HPOS="541"/>
							<String ID="string_74" HPOS="564" VPOS="426" WIDTH="44" HEIGHT="24" WC="0.96" CONTENT="fall,"/><SP WIDTH="23" VPOS="426" HPOS="608"/>
							<String ID="string_75" HPOS="631" VPOS="428" WIDTH="33" HEIGHT="19" WC="0.95" CONTENT="att"/><SP WIDTH="21" VPOS="428" HPOS="664"/>
							<String ID="string_76" HPOS="685" VPOS="427" WIDTH="117" HEIGHT="20" WC="0.96" CONTENT="utskottets"/><SP WIDTH="18" VPOS="427" HPOS="802"/>
							<String ID="string_77" HPOS="820" VPOS="427" WIDTH="112" HEIGHT="21" WC="0.96" CONTENT="redaktion"/><SP WIDTH="16" VPOS="427" HPOS="932"/>
							<String ID="string_78" HPOS="948" VPOS="427" WIDTH="24" HEIGHT="21" WC="0.93" CONTENT="af"/><SP WIDTH="14" VPOS="427" HPOS="972"/>
							<String ID="string_79" HPOS="986" VPOS="427" WIDTH="43" HEIGHT="21" WC="0.92" CONTENT="för-"/>
						</TextLine>
						<TextLine ID="line_9" HPOS="203" VPOS="454" WIDTH="825" HEIGHT="28">
							<String ID="string_80" HPOS="203" VPOS="455" WIDTH="119" HEIGHT="27" WC="0.96" CONTENT="fattningen"/><SP WIDTH="25" VPOS="455" HPOS="322"/>
							<String ID="string_81" HPOS="347" VPOS="454" WIDTH="112" HEIGHT="26" WC="0.93" CONTENT="angående"/><SP WIDTH="23" VPOS="454" HPOS="459"/>
							<String ID="string_82" HPOS="482" VPOS="454" WIDTH="207" HEIGHT="27" WC="0.92" CONTENT="skatteregleringen"/><SP WIDTH="23" VPOS="454" HPOS="689"/>
							<String ID="string_83" HPOS="712" VPOS="454" WIDTH="6" HEIGHT="21" WC="0.96" CONTENT="i"/><SP WIDTH="19" VPOS="454" HPOS="718"/>
							<String ID="string_84" HPOS="737" VPOS="454" WIDTH="92" HEIGHT="27" WC="0.96" CONTENT="Viborgs"/><SP WIDTH="17" VPOS="454" HPOS="829"/>
							<String ID="string_85" HPOS="846" VPOS="455" WIDTH="34" HEIGHT="21" WC="0.96" CONTENT="län"/><SP WIDTH="16" VPOS="455" HPOS="880"/>
							<String ID="string_86" HPOS="896" VPOS="455" WIDTH="46" HEIGHT="21" WC="0.96" CONTENT="icke"/><SP WIDTH="17" VPOS="455" HPOS="942"/>
							<String ID="string_87" HPOS="959" VPOS="455" WIDTH="69" HEIGHT="21" WC="0.96" CONTENT="skulle"/>
						</TextLine>
						<TextLine ID="line_10" HPOS="202" VPOS="482" WIDTH="826" HEIGHT="28">
							<String ID="string_88" HPOS="202" VPOS="484" WIDTH="130" HEIGHT="26" WC="0.96" CONTENT="godkännas,"/><SP WIDTH="24" VPOS="484" HPOS="332"/>
							<String ID="string_89" HPOS="356" VPOS="484" WIDTH="52" HEIGHT="19" WC="0.96" CONTENT="utan"/><SP WIDTH="23" VPOS="484" HPOS="408"/>
							<String ID="string_90" HPOS="431" VPOS="483" WIDTH="6" HEIGHT="20" WC="0.96" CONTENT="i"/><SP WIDTH="17" VPOS="483" HPOS="437"/>
							<String ID="string_91" HPOS="454" VPOS="482" WIDTH="73" HEIGHT="22" WC="0.96" CONTENT="stället"/><SP WIDTH="15" VPOS="482" HPOS="527"/>
							<String ID="string_92" HPOS="542" VPOS="483" WIDTH="139" HEIGHT="26" WC="0.96" CONTENT="regeringens"/><SP WIDTH="16" VPOS="483" HPOS="681"/>
							<String ID="string_93" HPOS="697" VPOS="482" WIDTH="137" HEIGHT="27" WC="0.96" CONTENT="proposition,"/><SP WIDTH="17" VPOS="482" HPOS="834"/>
							<String ID="string_94" HPOS="851" VPOS="483" WIDTH="44" HEIGHT="21" WC="0.96" CONTENT="låta"/><SP WIDTH="15" VPOS="483" HPOS="895"/>
							<String ID="string_95" HPOS="910" VPOS="484" WIDTH="64" HEIGHT="20" WC="0.96" CONTENT="dessa"/><SP WIDTH="15" VPOS="484" HPOS="974"/>
							<String ID="string_96" HPOS="989" VPOS="484" WIDTH="39" HEIGHT="21" WC="0.95" CONTENT="ord"/>
						</TextLine>
						<TextLine ID="line_11" HPOS="202" VPOS="512" WIDTH="152" HEIGHT="26">
							<String ID="string_97" HPOS="202" VPOS="512" WIDTH="97" HEIGHT="21" WC="0.95" CONTENT="försvara"/><SP WIDTH="15" VPOS="512" HPOS="299"/>
							<String ID="string_98" HPOS="314" VPOS="512" WIDTH="40" HEIGHT="26" WC="0.96" CONTENT="sig."/>
						</TextLine>
					</TextBlock>
					<TextBlock ID="block_3" HPOS="203" VPOS="538" WIDTH="825" HEIGHT="169">
						<TextLine ID="line_12" HPOS="270" VPOS="538" WIDTH="758" HEIGHT="28">
							<String ID="string_99" HPOS="270" VPOS="540" WIDTH="56" HEIGHT="21" WC="0.93" CONTENT="Herr"/><SP WIDTH="15" VPOS="540" HPOS="326"/>
							<String ID="string_100" HPOS="341" VPOS="539" WIDTH="149" HEIGHT="21" WC="0.91" CONTENT="Wasenius:"/><SP WIDTH="16" VPOS="539" HPOS="490"/>
							<String ID="string_101" HPOS="506" VPOS="539" WIDTH="34" HEIGHT="21" WC="0.96" CONTENT="Då"/><SP WIDTH="15" VPOS="539" HPOS="540"/>
							<String ID="string_102" HPOS="555" VPOS="539" WIDTH="37" HEIGHT="21" WC="0.96" CONTENT="det"/><SP WIDTH="15" VPOS="539" HPOS="592"/>
							<String ID="string_103" HPOS="607" VPOS="540" WIDTH="24" HEIGHT="19" WC="0.96" CONTENT="är"/><SP WIDTH="14" VPOS="540" HPOS="631"/>
							<String ID="string_104" HPOS="645" VPOS="538" WIDTH="61" HEIGHT="27" WC="0.96" CONTENT="fråga"/><SP WIDTH="10" VPOS="538" HPOS="706"/>
							<String ID="string_105" HPOS="716" VPOS="545" WIDTH="34" HEIGHT="15" WC="0.96" CONTENT="om"/><SP WIDTH="11" VPOS="545" HPOS="750"/>
							<String ID="string_106" HPOS="761" VPOS="540" WIDTH="31" HEIGHT="20" WC="0.93" CONTENT="ett"/><SP WIDTH="10" VPOS="540" HPOS="792"/>
							<String ID="string_107" HPOS="802" VPOS="538" WIDTH="226" HEIGHT="28" WC="0.92" CONTENT="författningsförslag,"/>
						</TextLine>
						<TextLine ID="line_13" HPOS="203" VPOS="567" WIDTH="825" HEIGHT="27">
							<String ID="string_108" HPOS="203" VPOS="568" WIDTH="25" HEIGHT="22" WC="0.96" CONTENT="så"/><SP WIDTH="20" VPOS="568" HPOS="228"/>
							<String ID="string_109" HPOS="248" VPOS="570" WIDTH="46" HEIGHT="19" WC="0.96" CONTENT="tror"/><SP WIDTH="12" VPOS="570" HPOS="294"/>
							<String ID="string_110" HPOS="306" VPOS="568" WIDTH="38" HEIGHT="26" WC="0.96" CONTENT="jag"/><SP WIDTH="16" VPOS="568" HPOS="344"/>
							<String ID="string_111" HPOS="360" VPOS="568" WIDTH="44" HEIGHT="26" WC="0.96" CONTENT="mig"/><SP WIDTH="15" VPOS="568" HPOS="404"/>
							<String ID="string_112" HPOS="419" VPOS="568" WIDTH="53" HEIGHT="20" WC="0.96" CONTENT="böra"/><SP WIDTH="14" VPOS="568" HPOS="472"/>
							<String ID="string_113" HPOS="486" VPOS="567" WIDTH="110" HEIGHT="26" WC="0.96" CONTENT="anmärka,"/><SP WIDTH="16" VPOS="567" HPOS="596"/>
							<String ID="string_114" HPOS="612" VPOS="568" WIDTH="32" HEIGHT="20" WC="0.96" CONTENT="att"/><SP WIDTH="15" VPOS="568" HPOS="644"/>
							<String ID="string_115" HPOS="659" VPOS="567" WIDTH="110" HEIGHT="27" WC="0.96" CONTENT="uppgiften"/><SP WIDTH="17" VPOS="567" HPOS="769"/>
							<String ID="string_116" HPOS="786" VPOS="573" WIDTH="32" HEIGHT="15" WC="0.96" CONTENT="om"/><SP WIDTH="18" VPOS="573" HPOS="818"/>
							<String ID="string_117" HPOS="836" VPOS="569" WIDTH="32" HEIGHT="19" WC="0.96" CONTENT="att"/><SP WIDTH="15" VPOS="569" HPOS="868"/>
							<String ID="string_118" HPOS="883" VPOS="568" WIDTH="28" HEIGHT="21" WC="0.96" CONTENT="25"/><SP WIDTH="16" VPOS="568" HPOS="911"/>
							<String ID="string_119" HPOS="927" VPOS="568" WIDTH="49" HEIGHT="21" WC="0.94" CONTENT="liter"/><SP WIDTH="14" VPOS="568" HPOS="976"/>
							<String ID="string_120" HPOS="990" VPOS="570" WIDTH="38" HEIGHT="19" WC="0.95" CONTENT="äro"/>
						</TextLine>
						<TextLine ID="line_14" HPOS="203" VPOS="595" WIDTH="825" HEIGHT="27">
							<String ID="string_121" HPOS="203" VPOS="597" WIDTH="44" HEIGHT="21" WC="0.96" CONTENT="lika"/><SP WIDTH="15" VPOS="597" HPOS="247"/>
							<String ID="string_122" HPOS="262" VPOS="597" WIDTH="48" HEIGHT="21" WC="0.93" CONTENT="med"/><SP WIDTH="14" VPOS="597" HPOS="310"/>
							<String ID="string_123" HPOS="324" VPOS="597" WIDTH="69" HEIGHT="25" WC="0.90" CONTENT="4,5485"/><SP WIDTH="15" VPOS="597" HPOS="393"/>
							<String ID="string_124" HPOS="408" VPOS="596" WIDTH="81" HEIGHT="26" WC="0.92" CONTENT="kappar"/><SP WIDTH="15" VPOS="596" HPOS="489"/>
							<String ID="string_125" HPOS="504" VPOS="596" WIDTH="47" HEIGHT="20" WC="0.96" CONTENT="icke"/><SP WIDTH="16" VPOS="596" HPOS="551"/>
							<String ID="string_126" HPOS="567" VPOS="596" WIDTH="60" HEIGHT="20" WC="0.95" CONTENT="torde"/><SP WIDTH="16" VPOS="596" HPOS="627"/>
							<String ID="string_127" HPOS="643" VPOS="601" WIDTH="52" HEIGHT="15" WC="0.95" CONTENT="vara"/><SP WIDTH="14" VPOS="601" HPOS="695"/>
							<String ID="string_128" HPOS="709" VPOS="595" WIDTH="71" HEIGHT="27" WC="0.96" CONTENT="rigtig,"/><SP WIDTH="16" VPOS="595" HPOS="780"/>
							<String ID="string_129" HPOS="796" VPOS="597" WIDTH="51" HEIGHT="20" WC="0.96" CONTENT="utan"/><SP WIDTH="15" VPOS="597" HPOS="847"/>
							<String ID="string_130" HPOS="862" VPOS="597" WIDTH="31" HEIGHT="20" WC="0.96" CONTENT="att"/><SP WIDTH="18" VPOS="597" HPOS="893"/>
							<String ID="string_131" HPOS="911" VPOS="596" WIDTH="36" HEIGHT="21" WC="0.96" CONTENT="det"/><SP WIDTH="15" VPOS="596" HPOS="947"/>
							<String ID="string_132" HPOS="962" VPOS="596" WIDTH="66" HEIGHT="22" WC="0.96" CONTENT="borde"/>
						</TextLine>
						<TextLine ID="line_15" HPOS="203" VPOS="623" WIDTH="825" HEIGHT="28">
							<String ID="string_133" HPOS="203" VPOS="632" WIDTH="51" HEIGHT="14" WC="0.93" CONTENT="vara"/><SP WIDTH="22" VPOS="632" HPOS="254"/>
							<String ID="string_134" HPOS="276" VPOS="625" WIDTH="74" HEIGHT="25" WC="0.89" CONTENT="4,5487."/><SP WIDTH="31" VPOS="625" HPOS="350"/>
							<String ID="string_135" HPOS="381" VPOS="624" WIDTH="79" HEIGHT="21" WC="0.94" CONTENT="Likaså"/><SP WIDTH="21" VPOS="624" HPOS="460"/>
							<String ID="string_136" HPOS="481" VPOS="626" WIDTH="38" HEIGHT="18" WC="0.96" CONTENT="äro"/><SP WIDTH="21" VPOS="626" HPOS="519"/>
							<String ID="string_137" HPOS="540" VPOS="624" WIDTH="27" HEIGHT="21" WC="0.95" CONTENT="10"/><SP WIDTH="18" VPOS="624" HPOS="567"/>
							<String ID="string_138" HPOS="585" VPOS="624" WIDTH="50" HEIGHT="20" WC="0.96" CONTENT="liter"/><SP WIDTH="22" VPOS="624" HPOS="635"/>
							<String ID="string_139" HPOS="657" VPOS="623" WIDTH="47" HEIGHT="21" WC="0.96" CONTENT="icke"/><SP WIDTH="24" VPOS="623" HPOS="704"/>
							<String ID="string_140" HPOS="728" VPOS="624" WIDTH="44" HEIGHT="20" WC="0.96" CONTENT="lika"/><SP WIDTH="22" VPOS="624" HPOS="772"/>
							<String ID="string_141" HPOS="794" VPOS="624" WIDTH="48" HEIGHT="21" WC="0.93" CONTENT="med"/><SP WIDTH="18" VPOS="624" HPOS="842"/>
							<String ID="string_142" HPOS="860" VPOS="625" WIDTH="65" HEIGHT="25" WC="0.91" CONTENT="1,8194"/><SP WIDTH="15" VPOS="625" HPOS="925"/>
							<String ID="string_143" HPOS="940" VPOS="624" WIDTH="88" HEIGHT="27" WC="0.93" CONTENT="kappar,"/>
						</TextLine>
						<TextLine ID="line_16" HPOS="204" VPOS="651" WIDTH="824" HEIGHT="28">
							<String ID="string_144" HPOS="204" VPOS="655" WIDTH="52" HEIGHT="19" WC="0.93" CONTENT="utan"/><SP WIDTH="24" VPOS="655" HPOS="256"/>
							<String ID="string_145" HPOS="280" VPOS="654" WIDTH="71" HEIGHT="25" WC="0.87" CONTENT="1,8195."/><SP WIDTH="30" VPOS="654" HPOS="351"/>
							<String ID="string_146" HPOS="381" VPOS="652" WIDTH="43" HEIGHT="27" WC="0.95" CONTENT="Jag"/><SP WIDTH="23" VPOS="652" HPOS="424"/>
							<String ID="string_147" HPOS="447" VPOS="652" WIDTH="68" HEIGHT="21" WC="0.95" CONTENT="skulle"/><SP WIDTH="25" VPOS="652" HPOS="515"/>
							<String ID="string_148" HPOS="540" VPOS="652" WIDTH="26" HEIGHT="21" WC="0.95" CONTENT="be"/><SP WIDTH="23" VPOS="652" HPOS="566"/>
							<String ID="string_149" HPOS="589" VPOS="654" WIDTH="32" HEIGHT="18" WC="0.95" CONTENT="att"/><SP WIDTH="22" VPOS="654" HPOS="621"/>
							<String ID="string_150" HPOS="643" VPOS="651" WIDTH="22" HEIGHT="21" WC="0.96" CONTENT="få"/><SP WIDTH="19" VPOS="651" HPOS="665"/>
							<String ID="string_151" HPOS="684" VPOS="652" WIDTH="86" HEIGHT="21" WC="0.96" CONTENT="förorda"/><SP WIDTH="16" VPOS="652" HPOS="770"/>
							<String ID="string_152" HPOS="786" VPOS="652" WIDTH="35" HEIGHT="21" WC="0.96" CONTENT="det"/><SP WIDTH="15" VPOS="652" HPOS="821"/>
							<String ID="string_153" HPOS="836" VPOS="652" WIDTH="106" HEIGHT="22" WC="0.96" CONTENT="utskottet"/><SP WIDTH="17" VPOS="652" HPOS="942"/>
							<String ID="string_154" HPOS="959" VPOS="652" WIDTH="69" HEIGHT="22" WC="0.96" CONTENT="skulle"/>
						</TextLine>
						<TextLine ID="line_17" HPOS="205" VPOS="680" WIDTH="516" HEIGHT="27">
							<String ID="string_155" HPOS="205" VPOS="681" WIDTH="79" HEIGHT="22" WC="0.91" CONTENT="efterse"/><SP WIDTH="16" VPOS="681" HPOS="284"/>
							<String ID="string_156" HPOS="300" VPOS="687" WIDTH="32" HEIGHT="15" WC="0.96" CONTENT="om"/><SP WIDTH="17" VPOS="687" HPOS="332"/>
							<String ID="string_157" HPOS="349" VPOS="680" WIDTH="43" HEIGHT="21" WC="0.96" CONTENT="min"/><SP WIDTH="17" VPOS="680" HPOS="392"/>
							<String ID="string_158" HPOS="409" VPOS="680" WIDTH="84" HEIGHT="27" WC="0.96" CONTENT="uppgift"/><SP WIDTH="14" VPOS="680" HPOS="493"/>
							<String ID="string_159" HPOS="507" VPOS="682" WIDTH="25" HEIGHT="19" WC="0.96" CONTENT="är"/><SP WIDTH="15" VPOS="682" HPOS="532"/>
							<String ID="string_160" HPOS="547" VPOS="680" WIDTH="65" HEIGHT="26" WC="0.96" CONTENT="rigtig"/><SP WIDTH="15" VPOS="680" HPOS="612"/>
							<String ID="string_161" HPOS="627" VPOS="680" WIDTH="54" HEIGHT="21" WC="0.94" CONTENT="eller"/><SP WIDTH="15" VPOS="680" HPOS="681"/>
							<String ID="string_162" HPOS="696" VPOS="680" WIDTH="25" HEIGHT="26" WC="0.96" CONTENT="ej."/>
						</TextLine>
					</TextBlock>
					<TextBlock ID="block_4" HPOS="204" VPOS="708" WIDTH="825" HEIGHT="310">
						<TextLine ID="line_18" HPOS="272" VPOS="708" WIDTH="756" HEIGHT="26">
							<String ID="string_163" HPOS="272" VPOS="709" WIDTH="69" HEIGHT="22" WC="0.96" CONTENT="Sedan"/><SP WIDTH="17" VPOS="709" HPOS="341"/>
							<String ID="string_164" HPOS="358" VPOS="708" WIDTH="149" HEIGHT="22" WC="0.96" CONTENT="diskussionen"/><SP WIDTH="15" VPOS="708" HPOS="507"/>
							<String ID="string_165" HPOS="522" VPOS="708" WIDTH="90" HEIGHT="21" WC="0.96" CONTENT="härmed"/><SP WIDTH="15" VPOS="708" HPOS="612"/>
							<String ID="string_166" HPOS="627" VPOS="708" WIDTH="116" HEIGHT="21" WC="0.93" CONTENT="förklarats"/><SP WIDTH="11" VPOS="708" HPOS="743"/>
							<String ID="string_167" HPOS="754" VPOS="708" WIDTH="101" HEIGHT="26" WC="0.91" CONTENT="afslutad,"/><SP WIDTH="9" VPOS="708" HPOS="855"/>
							<String ID="string_168" HPOS="864" VPOS="708" WIDTH="70" HEIGHT="22" WC="0.96" CONTENT="beslöt"/><SP WIDTH="10" VPOS="708" HPOS="934"/>
							<String ID="string_169" HPOS="944" VPOS="709" WIDTH="84" HEIGHT="21" WC="0.96" CONTENT="ståndet"/>
						</TextLine>
						<TextLine ID="line_19" HPOS="204" VPOS="736" WIDTH="823" HEIGHT="28">
							<String ID="string_170" HPOS="204" VPOS="740" WIDTH="32" HEIGHT="19" WC="0.96" CONTENT="att"/><SP WIDTH="16" VPOS="740" HPOS="236"/>
							<String ID="string_171" HPOS="252" VPOS="738" WIDTH="112" HEIGHT="26" WC="0.96" CONTENT="godkänna"/><SP WIDTH="16" VPOS="738" HPOS="364"/>
							<String ID="string_172" HPOS="380" VPOS="737" WIDTH="115" HEIGHT="21" WC="0.96" CONTENT="utskottets"/><SP WIDTH="16" VPOS="737" HPOS="495"/>
							<String ID="string_173" HPOS="511" VPOS="736" WIDTH="141" HEIGHT="26" WC="0.95" CONTENT="betänkande,"/><SP WIDTH="17" VPOS="736" HPOS="652"/>
							<String ID="string_174" HPOS="669" VPOS="737" WIDTH="48" HEIGHT="21" WC="0.96" CONTENT="med"/><SP WIDTH="15" VPOS="737" HPOS="717"/>
							<String ID="string_175" HPOS="732" VPOS="736" WIDTH="105" HEIGHT="22" WC="0.96" CONTENT="förbehåll"/><SP WIDTH="17" VPOS="736" HPOS="837"/>
							<String ID="string_176" HPOS="854" VPOS="737" WIDTH="65" HEIGHT="21" WC="0.96" CONTENT="likväl"/><SP WIDTH="15" VPOS="737" HPOS="919"/>
							<String ID="string_177" HPOS="934" VPOS="739" WIDTH="32" HEIGHT="19" WC="0.96" CONTENT="att"/><SP WIDTH="14" VPOS="739" HPOS="966"/>
							<String ID="string_178" HPOS="980" VPOS="737" WIDTH="47" HEIGHT="21" WC="0.96" CONTENT="från"/>
						</TextLine>
						<TextLine ID="line_20" HPOS="204" VPOS="764" WIDTH="825" HEIGHT="29">
							<String ID="string_179" HPOS="204" VPOS="766" WIDTH="68" HEIGHT="22" WC="0.96" CONTENT="första"/><SP WIDTH="22" VPOS="766" HPOS="272"/>
							<String ID="string_180" HPOS="294" VPOS="766" WIDTH="83" HEIGHT="27" WC="0.96" CONTENT="stycket"/><SP WIDTH="24" VPOS="766" HPOS="377"/>
							<String ID="string_181" HPOS="401" VPOS="766" WIDTH="5" HEIGHT="20" WC="0.96" CONTENT="i"/><SP WIDTH="17" VPOS="766" HPOS="406"/>
							<String ID="string_182" HPOS="423" VPOS="765" WIDTH="36" HEIGHT="21" WC="0.96" CONTENT="det"/><SP WIDTH="15" VPOS="765" HPOS="459"/>
							<String ID="string_183" HPOS="474" VPOS="765" WIDTH="82" HEIGHT="27" WC="0.96" CONTENT="förslag"/><SP WIDTH="15" VPOS="765" HPOS="556"/>
							<String ID="string_184" HPOS="571" VPOS="765" WIDTH="32" HEIGHT="21" WC="0.96" CONTENT="till"/><SP WIDTH="17" VPOS="765" HPOS="603"/>
							<String ID="string_185" HPOS="620" VPOS="764" WIDTH="124" HEIGHT="28" WC="0.96" CONTENT="förordning"/><SP WIDTH="16" VPOS="764" HPOS="744"/>
							<String ID="string_186" HPOS="760" VPOS="765" WIDTH="6" HEIGHT="21" WC="0.96" CONTENT="i"/><SP WIDTH="16" VPOS="765" HPOS="766"/>
							<String ID="string_187" HPOS="782" VPOS="767" WIDTH="78" HEIGHT="24" WC="0.96" CONTENT="ämnet,"/><SP WIDTH="16" VPOS="767" HPOS="860"/>
							<String ID="string_188" HPOS="876" VPOS="771" WIDTH="45" HEIGHT="15" WC="0.96" CONTENT="som"/><SP WIDTH="16" VPOS="771" HPOS="921"/>
							<String ID="string_189" HPOS="937" VPOS="766" WIDTH="40" HEIGHT="20" WC="0.93" CONTENT="den"/><SP WIDTH="16" VPOS="766" HPOS="977"/>
							<String ID="string_190" HPOS="993" VPOS="765" WIDTH="36" HEIGHT="21" WC="0.91" CONTENT="nå-"/>
						</TextLine>
						<TextLine ID="line_21" HPOS="204" VPOS="793" WIDTH="824" HEIGHT="28">
							<String ID="string_191" HPOS="204" VPOS="794" WIDTH="50" HEIGHT="27" WC="0.91" CONTENT="diga"/><SP WIDTH="22" VPOS="794" HPOS="254"/>
							<String ID="string_192" HPOS="276" VPOS="794" WIDTH="161" HEIGHT="27" WC="0.96" CONTENT="propositionen"/><SP WIDTH="22" VPOS="794" HPOS="437"/>
							<String ID="string_193" HPOS="459" VPOS="793" WIDTH="120" HEIGHT="21" WC="0.95" CONTENT="innehåller"/><SP WIDTH="21" VPOS="793" HPOS="579"/>
							<String ID="string_194" HPOS="600" VPOS="793" WIDTH="41" HEIGHT="25" WC="0.96" CONTENT="och"/><SP WIDTH="23" VPOS="793" HPOS="641"/>
							<String ID="string_195" HPOS="664" VPOS="793" WIDTH="24" HEIGHT="21" WC="0.96" CONTENT="af"/><SP WIDTH="13" VPOS="793" HPOS="688"/>
							<String ID="string_196" HPOS="701" VPOS="794" WIDTH="105" HEIGHT="20" WC="0.93" CONTENT="utskottet"/><SP WIDTH="14" VPOS="794" HPOS="806"/>
							<String ID="string_197" HPOS="820" VPOS="793" WIDTH="109" HEIGHT="21" WC="0.92" CONTENT="förordats"/><SP WIDTH="14" VPOS="793" HPOS="929"/>
							<String ID="string_198" HPOS="943" VPOS="794" WIDTH="33" HEIGHT="20" WC="0.92" CONTENT="till"/><SP WIDTH="16" VPOS="794" HPOS="976"/>
							<String ID="string_199" HPOS="992" VPOS="800" WIDTH="36" HEIGHT="14" WC="0.92" CONTENT="an-"/>
						</TextLine>
						<TextLine ID="line_22" HPOS="204" VPOS="821" WIDTH="824" HEIGHT="28">
							<String ID="string_200" HPOS="204" VPOS="823" WIDTH="98" HEIGHT="26" WC="0.96" CONTENT="tagande,"/><SP WIDTH="16" VPOS="823" HPOS="302"/>
							<String ID="string_201" HPOS="318" VPOS="822" WIDTH="71" HEIGHT="21" WC="0.95" CONTENT="skulle"/><SP WIDTH="15" VPOS="822" HPOS="389"/>
							<String ID="string_202" HPOS="404" VPOS="822" WIDTH="106" HEIGHT="20" WC="0.96" CONTENT="uteslutas"/><SP WIDTH="15" VPOS="822" HPOS="510"/>
							<String ID="string_203" HPOS="525" VPOS="822" WIDTH="42" HEIGHT="20" WC="0.96" CONTENT="den"/><SP WIDTH="15" VPOS="822" HPOS="567"/>
							<String ID="string_204" HPOS="582" VPOS="821" WIDTH="23" HEIGHT="21" WC="0.95" CONTENT="af"/><SP WIDTH="14" VPOS="821" HPOS="605"/>
							<String ID="string_205" HPOS="619" VPOS="821" WIDTH="75" HEIGHT="21" WC="0.96" CONTENT="herrar"/><SP WIDTH="15" VPOS="821" HPOS="694"/>
							<String ID="string_206" HPOS="709" VPOS="822" WIDTH="82" HEIGHT="26" WC="0.96" CONTENT="Nybom"/><SP WIDTH="16" VPOS="822" HPOS="791"/>
							<String ID="string_207" HPOS="807" VPOS="822" WIDTH="38" HEIGHT="20" WC="0.93" CONTENT="och"/><SP WIDTH="17" VPOS="822" HPOS="845"/>
							<String ID="string_208" HPOS="862" VPOS="822" WIDTH="100" HEIGHT="26" WC="0.90" CONTENT="Eneberg"/><SP WIDTH="15" VPOS="822" HPOS="962"/>
							<String ID="string_209" HPOS="977" VPOS="822" WIDTH="4" HEIGHT="20" WC="0.92" CONTENT="i"/><SP WIDTH="13" VPOS="822" HPOS="981"/>
							<String ID="string_210" HPOS="994" VPOS="822" WIDTH="34" HEIGHT="21" WC="0.92" CONTENT="så-"/>
						</TextLine>
						<TextLine ID="line_23" HPOS="204" VPOS="849" WIDTH="824" HEIGHT="27">
							<String ID="string_211" HPOS="204" VPOS="851" WIDTH="52" HEIGHT="21" WC="0.96" CONTENT="dant"/><SP WIDTH="14" VPOS="851" HPOS="256"/>
							<String ID="string_212" HPOS="270" VPOS="850" WIDTH="103" HEIGHT="22" WC="0.93" CONTENT="afseende"/><SP WIDTH="14" VPOS="850" HPOS="373"/>
							<String ID="string_213" HPOS="387" VPOS="849" WIDTH="129" HEIGHT="21" WC="0.92" CONTENT="framhållna"/><SP WIDTH="15" VPOS="849" HPOS="516"/>
							<String ID="string_214" HPOS="531" VPOS="851" WIDTH="80" HEIGHT="25" WC="0.96" CONTENT="satsen,"/><SP WIDTH="15" VPOS="851" HPOS="611"/>
							<String ID="string_215" HPOS="626" VPOS="849" WIDTH="34" HEIGHT="21" WC="0.96" CONTENT="för"/><SP WIDTH="15" VPOS="849" HPOS="660"/>
							<String ID="string_216" HPOS="675" VPOS="850" WIDTH="39" HEIGHT="21" WC="0.96" CONTENT="den"/><SP WIDTH="17" VPOS="850" HPOS="714"/>
							<String ID="string_217" HPOS="731" VPOS="850" WIDTH="101" HEIGHT="21" WC="0.96" CONTENT="händelse"/><SP WIDTH="16" VPOS="850" HPOS="832"/>
							<String ID="string_218" HPOS="848" VPOS="852" WIDTH="32" HEIGHT="19" WC="0.93" CONTENT="att"/><SP WIDTH="10" VPOS="852" HPOS="880"/>
							<String ID="string_219" HPOS="890" VPOS="850" WIDTH="138" HEIGHT="21" WC="0.90" CONTENT="statsutskot-"/>
						</TextLine>
						<TextLine ID="line_24" HPOS="204" VPOS="878" WIDTH="824" HEIGHT="26">
							<String ID="string_220" HPOS="204" VPOS="881" WIDTH="43" HEIGHT="19" WC="0.93" CONTENT="tets"/><SP WIDTH="15" VPOS="881" HPOS="247"/>
							<String ID="string_221" HPOS="262" VPOS="879" WIDTH="6" HEIGHT="21" WC="0.96" CONTENT="i"/><SP WIDTH="16" VPOS="879" HPOS="268"/>
							<String ID="string_222" HPOS="284" VPOS="880" WIDTH="49" HEIGHT="20" WC="0.96" CONTENT="dess"/><SP WIDTH="17" VPOS="880" HPOS="333"/>
							<String ID="string_223" HPOS="350" VPOS="878" WIDTH="135" HEIGHT="21" WC="0.96" CONTENT="betänkande"/><SP WIDTH="15" VPOS="878" HPOS="485"/>
							<String ID="string_224" HPOS="500" VPOS="884" WIDTH="34" HEIGHT="14" WC="0.91" CONTENT="n:o"/><SP WIDTH="16" VPOS="884" HPOS="534"/>
							<String ID="string_225" HPOS="550" VPOS="878" WIDTH="21" HEIGHT="23" WC="0.95" CONTENT="5,"/><SP WIDTH="16" VPOS="878" HPOS="571"/>
							<String ID="string_226" HPOS="587" VPOS="878" WIDTH="6" HEIGHT="20" WC="0.95" CONTENT="i"/><SP WIDTH="16" VPOS="878" HPOS="593"/>
							<String ID="string_227" HPOS="609" VPOS="878" WIDTH="114" HEIGHT="26" WC="0.95" CONTENT="anledning"/><SP WIDTH="16" VPOS="878" HPOS="723"/>
							<String ID="string_228" HPOS="739" VPOS="878" WIDTH="23" HEIGHT="21" WC="0.96" CONTENT="af"/><SP WIDTH="13" VPOS="878" HPOS="762"/>
							<String ID="string_229" HPOS="775" VPOS="878" WIDTH="79" HEIGHT="26" WC="0.96" CONTENT="nådiga"/><SP WIDTH="14" VPOS="878" HPOS="854"/>
							<String ID="string_230" HPOS="868" VPOS="878" WIDTH="160" HEIGHT="26" WC="0.96" CONTENT="propositionen"/>
						</TextLine>
						<TextLine ID="line_25" HPOS="204" VPOS="906" WIDTH="824" HEIGHT="28">
							<String ID="string_231" HPOS="204" VPOS="907" WIDTH="110" HEIGHT="27" WC="0.93" CONTENT="angående"/><SP WIDTH="19" VPOS="907" HPOS="314"/>
							<String ID="string_232" HPOS="333" VPOS="906" WIDTH="174" HEIGHT="28" WC="0.92" CONTENT="jordskatternas"/><SP WIDTH="22" VPOS="906" HPOS="507"/>
							<String ID="string_233" HPOS="529" VPOS="906" WIDTH="8" HEIGHT="20" WC="0.96" CONTENT="i"/><SP WIDTH="15" VPOS="906" HPOS="537"/>
							<String ID="string_234" HPOS="552" VPOS="906" WIDTH="93" HEIGHT="26" WC="0.96" CONTENT="Viborgs"/><SP WIDTH="15" VPOS="906" HPOS="645"/>
							<String ID="string_235" HPOS="660" VPOS="906" WIDTH="35" HEIGHT="20" WC="0.96" CONTENT="län"/><SP WIDTH="16" VPOS="906" HPOS="695"/>
							<String ID="string_236" HPOS="711" VPOS="906" WIDTH="128" HEIGHT="26" WC="0.96" CONTENT="erläggande"/><SP WIDTH="17" VPOS="906" HPOS="839"/>
							<String ID="string_237" HPOS="856" VPOS="906" WIDTH="54" HEIGHT="21" WC="0.96" CONTENT="efter"/><SP WIDTH="16" VPOS="906" HPOS="910"/>
							<String ID="string_238" HPOS="926" VPOS="906" WIDTH="40" HEIGHT="22" WC="0.96" CONTENT="den"/><SP WIDTH="15" VPOS="906" HPOS="966"/>
							<String ID="string_239" HPOS="981" VPOS="912" WIDTH="47" HEIGHT="21" WC="0.96" CONTENT="nya,"/>
						</TextLine>
						<TextLine ID="line_26" HPOS="204" VPOS="934" WIDTH="825" HEIGHT="27">
							<String ID="string_240" HPOS="204" VPOS="942" WIDTH="88" HEIGHT="14" WC="0.96" CONTENT="numera"/><SP WIDTH="18" VPOS="942" HPOS="292"/>
							<String ID="string_241" HPOS="310" VPOS="934" WIDTH="108" HEIGHT="22" WC="0.93" CONTENT="slutförda"/><SP WIDTH="19" VPOS="934" HPOS="418"/>
							<String ID="string_242" HPOS="437" VPOS="934" WIDTH="186" HEIGHT="27" WC="0.92" CONTENT="skattläggningen"/><SP WIDTH="18" VPOS="934" HPOS="623"/>
							<String ID="string_243" HPOS="641" VPOS="934" WIDTH="6" HEIGHT="20" WC="0.96" CONTENT="i"/><SP WIDTH="16" VPOS="934" HPOS="647"/>
							<String ID="string_244" HPOS="663" VPOS="934" WIDTH="63" HEIGHT="26" WC="0.93" CONTENT="länet,"/><SP WIDTH="16" VPOS="934" HPOS="726"/>
							<String ID="string_245" HPOS="742" VPOS="934" WIDTH="81" HEIGHT="27" WC="0.92" CONTENT="afgifna"/><SP WIDTH="15" VPOS="934" HPOS="823"/>
							<String ID="string_246" HPOS="838" VPOS="934" WIDTH="87" HEIGHT="26" WC="0.96" CONTENT="förslag,"/><SP WIDTH="16" VPOS="934" HPOS="925"/>
							<String ID="string_247" HPOS="941" VPOS="937" WIDTH="32" HEIGHT="19" WC="0.96" CONTENT="att"/><SP WIDTH="15" VPOS="937" HPOS="973"/>
							<String ID="string_248" HPOS="988" VPOS="935" WIDTH="41" HEIGHT="21" WC="0.96" CONTENT="den"/>
						</TextLine>
						<TextLine ID="line_27" HPOS="205" VPOS="962" WIDTH="824" HEIGHT="29">
							<String ID="string_249" HPOS="205" VPOS="970" WIDTH="42" HEIGHT="21" WC="0.93" CONTENT="nya"/><SP WIDTH="21" VPOS="970" HPOS="247"/>
							<String ID="string_250" HPOS="268" VPOS="963" WIDTH="148" HEIGHT="21" WC="0.91" CONTENT="rubelskatten"/><SP WIDTH="23" VPOS="963" HPOS="416"/>
							<String ID="string_251" HPOS="439" VPOS="963" WIDTH="70" HEIGHT="20" WC="0.96" CONTENT="skulle"/><SP WIDTH="22" VPOS="963" HPOS="509"/>
							<String ID="string_252" HPOS="531" VPOS="962" WIDTH="82" HEIGHT="21" WC="0.95" CONTENT="införas"/><SP WIDTH="22" VPOS="962" HPOS="613"/>
							<String ID="string_253" HPOS="635" VPOS="962" WIDTH="7" HEIGHT="21" WC="0.96" CONTENT="i"/><SP WIDTH="22" VPOS="962" HPOS="642"/>
							<String ID="string_254" HPOS="664" VPOS="962" WIDTH="92" HEIGHT="27" WC="0.96" CONTENT="Viborgs"/><SP WIDTH="18" VPOS="962" HPOS="756"/>
							<String ID="string_255" HPOS="774" VPOS="963" WIDTH="35" HEIGHT="20" WC="0.96" CONTENT="län"/><SP WIDTH="20" VPOS="963" HPOS="809"/>
							<String ID="string_256" HPOS="829" VPOS="963" WIDTH="111" HEIGHT="26" WC="0.94" CONTENT="samtidigt"/><SP WIDTH="22" VPOS="963" HPOS="940"/>
							<String ID="string_257" HPOS="962" VPOS="963" WIDTH="67" HEIGHT="20" WC="0.96" CONTENT="som"/><SP WIDTH="-17" VPOS="963" HPOS="1029"/>
							<String ID="string_258" HPOS="1012" VPOS="958" WIDTH="20" HEIGHT="37" WC="0.96" CONTENT="i"/>
						</TextLine>
						<TextLine ID="line_28" HPOS="205" VPOS="990" WIDTH="756" HEIGHT="28">
							<String ID="string_259" HPOS="205" VPOS="991" WIDTH="69" HEIGHT="27" WC="0.96" CONTENT="öfriga"/><SP WIDTH="16" VPOS="991" HPOS="274"/>
							<String ID="string_260" HPOS="290" VPOS="991" WIDTH="60" HEIGHT="22" WC="0.96" CONTENT="delar"/><SP WIDTH="15" VPOS="991" HPOS="350"/>
							<String ID="string_261" HPOS="365" VPOS="990" WIDTH="24" HEIGHT="21" WC="0.96" CONTENT="af"/><SP WIDTH="14" VPOS="990" HPOS="389"/>
							<String ID="string_262" HPOS="403" VPOS="991" WIDTH="78" HEIGHT="25" WC="0.92" CONTENT="landet,"/><SP WIDTH="17" VPOS="991" HPOS="481"/>
							<String ID="string_263" HPOS="498" VPOS="990" WIDTH="71" HEIGHT="21" WC="0.92" CONTENT="blefve"/><SP WIDTH="16" VPOS="990" HPOS="569"/>
							<String ID="string_264" HPOS="585" VPOS="990" WIDTH="23" HEIGHT="21" WC="0.96" CONTENT="af"/><SP WIDTH="13" VPOS="990" HPOS="608"/>
							<String ID="string_265" HPOS="621" VPOS="992" WIDTH="76" HEIGHT="24" WC="0.96" CONTENT="regent"/><SP WIDTH="14" VPOS="992" HPOS="697"/>
							<String ID="string_266" HPOS="711" VPOS="991" WIDTH="39" HEIGHT="20" WC="0.96" CONTENT="och"/><SP WIDTH="16" VPOS="991" HPOS="750"/>
							<String ID="string_267" HPOS="766" VPOS="991" WIDTH="86" HEIGHT="20" WC="0.96" CONTENT="ständer"/><SP WIDTH="15" VPOS="991" HPOS="852"/>
							<String ID="string_268" HPOS="867" VPOS="993" WIDTH="94" HEIGHT="24" WC="0.96" CONTENT="antaget."/>
						</TextLine>
					</TextBlock>
					<TextBlock ID="block_5" HPOS="205" VPOS="1019" WIDTH="826" HEIGHT="140">
						<TextLine ID="line_29" HPOS="273" VPOS="1019" WIDTH="757" HEIGHT="26">
							<String ID="string_269" HPOS="273" VPOS="1020" WIDTH="10" HEIGHT="21" WC="0.96" CONTENT="I"/><SP WIDTH="15" VPOS="1020" HPOS="283"/>
							<String ID="string_270" HPOS="298" VPOS="1019" WIDTH="116" HEIGHT="26" WC="0.96" CONTENT="anledning"/><SP WIDTH="15" VPOS="1019" HPOS="414"/>
							<String ID="string_271" HPOS="429" VPOS="1019" WIDTH="24" HEIGHT="20" WC="0.96" CONTENT="af"/><SP WIDTH="13" VPOS="1019" HPOS="453"/>
							<String ID="string_272" HPOS="466" VPOS="1019" WIDTH="51" HEIGHT="21" WC="0.92" CONTENT="herr"/><SP WIDTH="14" VPOS="1019" HPOS="517"/>
							<String ID="string_273" HPOS="531" VPOS="1019" WIDTH="128" HEIGHT="26" WC="0.90" CONTENT="Wasenius&#39;,"/><SP WIDTH="12" VPOS="1019" HPOS="659"/>
							<String ID="string_274" HPOS="671" VPOS="1019" WIDTH="138" HEIGHT="26" WC="0.96" CONTENT="anmärkning"/><SP WIDTH="12" VPOS="1019" HPOS="809"/>
							<String ID="string_275" HPOS="821" VPOS="1019" WIDTH="70" HEIGHT="21" WC="0.96" CONTENT="beslöt"/><SP WIDTH="12" VPOS="1019" HPOS="891"/>
							<String ID="string_276" HPOS="903" VPOS="1019" WIDTH="85" HEIGHT="21" WC="0.96" CONTENT="ståndet"/><SP WIDTH="11" VPOS="1019" HPOS="988"/>
							<String ID="string_277" HPOS="999" VPOS="1021" WIDTH="31" HEIGHT="19" WC="0.96" CONTENT="att"/>
						</TextLine>
						<TextLine ID="line_30" HPOS="205" VPOS="1047" WIDTH="826" HEIGHT="26">
							<String ID="string_278" HPOS="205" VPOS="1048" WIDTH="105" HEIGHT="21" WC="0.95" CONTENT="utskottet"/><SP WIDTH="22" VPOS="1048" HPOS="310"/>
							<String ID="string_279" HPOS="332" VPOS="1047" WIDTH="71" HEIGHT="22" WC="0.92" CONTENT="skulle"/><SP WIDTH="23" VPOS="1047" HPOS="403"/>
							<String ID="string_280" HPOS="426" VPOS="1047" WIDTH="102" HEIGHT="21" WC="0.92" CONTENT="anmodas"/><SP WIDTH="20" VPOS="1047" HPOS="528"/>
							<String ID="string_281" HPOS="548" VPOS="1049" WIDTH="32" HEIGHT="19" WC="0.96" CONTENT="att"/><SP WIDTH="15" VPOS="1049" HPOS="580"/>
							<String ID="string_282" HPOS="595" VPOS="1049" WIDTH="106" HEIGHT="24" WC="0.96" CONTENT="noggrant"/><SP WIDTH="14" VPOS="1049" HPOS="701"/>
							<String ID="string_283" HPOS="715" VPOS="1047" WIDTH="132" HEIGHT="21" WC="0.95" CONTENT="kontrollera"/><SP WIDTH="15" VPOS="1047" HPOS="847"/>
							<String ID="string_284" HPOS="862" VPOS="1047" WIDTH="131" HEIGHT="26" WC="0.96" CONTENT="riktigheten"/><SP WIDTH="15" VPOS="1047" HPOS="993"/>
							<String ID="string_285" HPOS="1008" VPOS="1047" WIDTH="23" HEIGHT="21" WC="0.96" CONTENT="af"/>
						</TextLine>
						<TextLine ID="line_31" HPOS="205" VPOS="1075" WIDTH="825" HEIGHT="28">
							<String ID="string_286" HPOS="205" VPOS="1077" WIDTH="27" HEIGHT="21" WC="0.91" CONTENT="de"/><SP WIDTH="22" VPOS="1077" HPOS="232"/>
							<String ID="string_287" HPOS="254" VPOS="1075" WIDTH="173" HEIGHT="28" WC="0.91" CONTENT="sifferuppgifter,"/><SP WIDTH="21" VPOS="1075" HPOS="427"/>
							<String ID="string_288" HPOS="448" VPOS="1082" WIDTH="46" HEIGHT="14" WC="0.96" CONTENT="som"/><SP WIDTH="16" VPOS="1082" HPOS="494"/>
							<String ID="string_289" HPOS="510" VPOS="1076" WIDTH="6" HEIGHT="20" WC="0.96" CONTENT="i"/><SP WIDTH="17" VPOS="1076" HPOS="516"/>
							<String ID="string_290" HPOS="533" VPOS="1075" WIDTH="40" HEIGHT="21" WC="0.95" CONTENT="den"/><SP WIDTH="16" VPOS="1075" HPOS="573"/>
							<String ID="string_291" HPOS="589" VPOS="1075" WIDTH="32" HEIGHT="21" WC="0.96" CONTENT="till"/><SP WIDTH="17" VPOS="1075" HPOS="621"/>
							<String ID="string_292" HPOS="638" VPOS="1075" WIDTH="120" HEIGHT="26" WC="0.96" CONTENT="antagande"/><SP WIDTH="15" VPOS="1075" HPOS="758"/>
							<String ID="string_293" HPOS="773" VPOS="1075" WIDTH="122" HEIGHT="27" WC="0.93" CONTENT="föreslagna"/><SP WIDTH="15" VPOS="1075" HPOS="895"/>
							<String ID="string_294" HPOS="910" VPOS="1075" WIDTH="120" HEIGHT="22" WC="0.91" CONTENT="förordnin-"/>
						</TextLine>
						<TextLine ID="line_32" HPOS="206" VPOS="1103" WIDTH="825" HEIGHT="28">
							<String ID="string_295" HPOS="206" VPOS="1111" WIDTH="40" HEIGHT="20" WC="0.96" CONTENT="gen"/><SP WIDTH="15" VPOS="1111" HPOS="246"/>
							<String ID="string_296" HPOS="261" VPOS="1105" WIDTH="67" HEIGHT="21" WC="0.96" CONTENT="finnas"/><SP WIDTH="17" VPOS="1105" HPOS="328"/>
							<String ID="string_297" HPOS="345" VPOS="1106" WIDTH="116" HEIGHT="25" WC="0.96" CONTENT="upptagna,"/><SP WIDTH="16" VPOS="1106" HPOS="461"/>
							<String ID="string_298" HPOS="477" VPOS="1105" WIDTH="62" HEIGHT="25" WC="0.95" CONTENT="samt,"/><SP WIDTH="16" VPOS="1105" HPOS="539"/>
							<String ID="string_299" HPOS="555" VPOS="1103" WIDTH="46" HEIGHT="22" WC="0.96" CONTENT="ifall"/><SP WIDTH="16" VPOS="1103" HPOS="601"/>
							<String ID="string_300" HPOS="617" VPOS="1104" WIDTH="108" HEIGHT="21" WC="0.93" CONTENT="desamma"/><SP WIDTH="16" VPOS="1104" HPOS="725"/>
							<String ID="string_301" HPOS="741" VPOS="1103" WIDTH="105" HEIGHT="22" WC="0.91" CONTENT="befunnos"/><SP WIDTH="15" VPOS="1103" HPOS="846"/>
							<String ID="string_302" HPOS="861" VPOS="1103" WIDTH="110" HEIGHT="28" WC="0.96" CONTENT="felaktiga,"/><SP WIDTH="16" VPOS="1103" HPOS="971"/>
							<String ID="string_303" HPOS="987" VPOS="1104" WIDTH="44" HEIGHT="21" WC="0.95" CONTENT="låta"/>
						</TextLine>
						<TextLine ID="line_33" HPOS="206" VPOS="1132" WIDTH="349" HEIGHT="27">
							<String ID="string_304" HPOS="206" VPOS="1133" WIDTH="47" HEIGHT="22" WC="0.96" CONTENT="dem"/><SP WIDTH="16" VPOS="1133" HPOS="253"/>
							<String ID="string_305" HPOS="269" VPOS="1132" WIDTH="95" HEIGHT="27" WC="0.96" CONTENT="undergå"/><SP WIDTH="15" VPOS="1132" HPOS="364"/>
							<String ID="string_306" HPOS="379" VPOS="1133" WIDTH="64" HEIGHT="26" WC="0.96" CONTENT="nödig"/><SP WIDTH="17" VPOS="1133" HPOS="443"/>
							<String ID="string_307" HPOS="460" VPOS="1133" WIDTH="95" HEIGHT="20" WC="0.96" CONTENT="rättelse."/>
						</TextLine>
					</TextBlock>
				</ComposedBlock>
				<ComposedBlock ID="cblock_2" HPOS="203" VPOS="1217" WIDTH="833" HEIGHT="369">
					<TextBlock ID="block_6" HPOS="203" VPOS="1217" WIDTH="830" HEIGHT="112">
						<TextLine ID="line_34" HPOS="273" VPOS="1217" WIDTH="759" HEIGHT="28">
							<String ID="string_308" HPOS="273" VPOS="1219" WIDTH="122" HEIGHT="26" WC="0.92" CONTENT="Föredrogs"/><SP WIDTH="22" VPOS="1219" HPOS="395"/>
							<String ID="string_309" HPOS="417" VPOS="1218" WIDTH="172" HEIGHT="21" WC="0.91" CONTENT="statsutskottets"/><SP WIDTH="20" VPOS="1218" HPOS="589"/>
							<String ID="string_310" HPOS="609" VPOS="1217" WIDTH="118" HEIGHT="27" WC="0.91" CONTENT="bordlagda"/><SP WIDTH="19" VPOS="1217" HPOS="727"/>
							<String ID="string_311" HPOS="746" VPOS="1217" WIDTH="134" HEIGHT="21" WC="0.96" CONTENT="betänkande"/><SP WIDTH="15" VPOS="1217" HPOS="880"/>
							<String ID="string_312" HPOS="895" VPOS="1223" WIDTH="34" HEIGHT="15" WC="0.96" CONTENT="n:o"/><SP WIDTH="15" VPOS="1223" HPOS="929"/>
							<String ID="string_313" HPOS="944" VPOS="1218" WIDTH="14" HEIGHT="21" WC="0.94" CONTENT="5"/><SP WIDTH="15" VPOS="1218" HPOS="958"/>
							<String ID="string_314" HPOS="973" VPOS="1217" WIDTH="6" HEIGHT="21" WC="0.93" CONTENT="i"/><SP WIDTH="16" VPOS="1217" HPOS="979"/>
							<String ID="string_315" HPOS="995" VPOS="1223" WIDTH="37" HEIGHT="15" WC="0.88" CONTENT="an-"/>
						</TextLine>
						<TextLine ID="line_35" HPOS="205" VPOS="1245" WIDTH="827" HEIGHT="29">
							<String ID="string_316" HPOS="205" VPOS="1248" WIDTH="86" HEIGHT="26" WC="0.93" CONTENT="ledning"/><SP WIDTH="15" VPOS="1248" HPOS="291"/>
							<String ID="string_317" HPOS="306" VPOS="1247" WIDTH="84" HEIGHT="21" WC="0.91" CONTENT="afHans"/><SP WIDTH="22" VPOS="1247" HPOS="390"/>
							<String ID="string_318" HPOS="412" VPOS="1247" WIDTH="122" HEIGHT="26" WC="0.96" CONTENT="Kejserliga"/><SP WIDTH="21" VPOS="1247" HPOS="534"/>
							<String ID="string_319" HPOS="555" VPOS="1246" WIDTH="115" HEIGHT="27" WC="0.96" CONTENT="Majestäts"/><SP WIDTH="15" VPOS="1246" HPOS="670"/>
							<String ID="string_320" HPOS="685" VPOS="1246" WIDTH="78" HEIGHT="27" WC="0.96" CONTENT="nådiga"/><SP WIDTH="13" VPOS="1246" HPOS="763"/>
							<String ID="string_321" HPOS="776" VPOS="1246" WIDTH="132" HEIGHT="26" WC="0.96" CONTENT="proposition"/><SP WIDTH="14" VPOS="1246" HPOS="908"/>
							<String ID="string_322" HPOS="922" VPOS="1245" WIDTH="110" HEIGHT="28" WC="0.96" CONTENT="angående"/>
						</TextLine>
						<TextLine ID="line_36" HPOS="203" VPOS="1273" WIDTH="830" HEIGHT="30">
							<String ID="string_323" HPOS="203" VPOS="1276" WIDTH="172" HEIGHT="27" WC="0.92" CONTENT="jordskatternas"/><SP WIDTH="19" VPOS="1276" HPOS="375"/>
							<String ID="string_324" HPOS="394" VPOS="1275" WIDTH="7" HEIGHT="21" WC="0.96" CONTENT="i"/><SP WIDTH="15" VPOS="1275" HPOS="401"/>
							<String ID="string_325" HPOS="416" VPOS="1275" WIDTH="93" HEIGHT="26" WC="0.96" CONTENT="Viborgs"/><SP WIDTH="23" VPOS="1275" HPOS="509"/>
							<String ID="string_326" HPOS="532" VPOS="1275" WIDTH="34" HEIGHT="20" WC="0.95" CONTENT="län"/><SP WIDTH="24" VPOS="1275" HPOS="566"/>
							<String ID="string_327" HPOS="590" VPOS="1275" WIDTH="130" HEIGHT="26" WC="0.96" CONTENT="erläggande"/><SP WIDTH="22" VPOS="1275" HPOS="720"/>
							<String ID="string_328" HPOS="742" VPOS="1273" WIDTH="55" HEIGHT="22" WC="0.96" CONTENT="efter"/><SP WIDTH="22" VPOS="1273" HPOS="797"/>
							<String ID="string_329" HPOS="819" VPOS="1274" WIDTH="41" HEIGHT="21" WC="0.96" CONTENT="den"/><SP WIDTH="21" VPOS="1274" HPOS="860"/>
							<String ID="string_330" HPOS="881" VPOS="1280" WIDTH="47" HEIGHT="21" WC="0.95" CONTENT="nya,"/><SP WIDTH="17" VPOS="1280" HPOS="928"/>
							<String ID="string_331" HPOS="945" VPOS="1280" WIDTH="88" HEIGHT="15" WC="0.95" CONTENT="numera"/>
						</TextLine>
						<TextLine ID="line_37" HPOS="206" VPOS="1303" WIDTH="412" HEIGHT="26">
							<String ID="string_332" HPOS="206" VPOS="1304" WIDTH="104" HEIGHT="22" WC="0.93" CONTENT="slutförda"/><SP WIDTH="15" VPOS="1304" HPOS="310"/>
							<String ID="string_333" HPOS="325" VPOS="1303" WIDTH="189" HEIGHT="26" WC="0.91" CONTENT="skattläggningen"/><SP WIDTH="16" VPOS="1303" HPOS="514"/>
							<String ID="string_334" HPOS="530" VPOS="1303" WIDTH="6" HEIGHT="21" WC="0.95" CONTENT="i"/><SP WIDTH="17" VPOS="1303" HPOS="536"/>
							<String ID="string_335" HPOS="553" VPOS="1303" WIDTH="65" HEIGHT="21" WC="0.96" CONTENT="länet."/>
						</TextLine>
					</TextBlock>
					<TextBlock ID="block_7" HPOS="206" VPOS="1330" WIDTH="828" HEIGHT="85">
						<TextLine ID="line_38" HPOS="274" VPOS="1330" WIDTH="758" HEIGHT="27">
							<String ID="string_336" HPOS="274" VPOS="1332" WIDTH="69" HEIGHT="21" WC="0.95" CONTENT="Sedan"/><SP WIDTH="24" VPOS="1332" HPOS="343"/>
							<String ID="string_337" HPOS="367" VPOS="1331" WIDTH="86" HEIGHT="22" WC="0.93" CONTENT="ståndet"/><SP WIDTH="19" VPOS="1331" HPOS="453"/>
							<String ID="string_338" HPOS="472" VPOS="1331" WIDTH="90" HEIGHT="22" WC="0.92" CONTENT="beslutit"/><SP WIDTH="15" VPOS="1331" HPOS="562"/>
							<String ID="string_339" HPOS="577" VPOS="1333" WIDTH="32" HEIGHT="19" WC="0.95" CONTENT="att"/><SP WIDTH="15" VPOS="1333" HPOS="609"/>
							<String ID="string_340" HPOS="624" VPOS="1333" WIDTH="77" HEIGHT="24" WC="0.96" CONTENT="genast"/><SP WIDTH="14" VPOS="1333" HPOS="701"/>
							<String ID="string_341" HPOS="715" VPOS="1330" WIDTH="103" HEIGHT="27" WC="0.96" CONTENT="paragraf"/><SP WIDTH="14" VPOS="1330" HPOS="818"/>
							<String ID="string_342" HPOS="832" VPOS="1330" WIDTH="34" HEIGHT="21" WC="0.96" CONTENT="för"/><SP WIDTH="15" VPOS="1330" HPOS="866"/>
							<String ID="string_343" HPOS="881" VPOS="1330" WIDTH="102" HEIGHT="27" WC="0.93" CONTENT="paragraf"/><SP WIDTH="13" VPOS="1330" HPOS="983"/>
							<String ID="string_344" HPOS="996" VPOS="1336" WIDTH="36" HEIGHT="21" WC="0.91" CONTENT="ge-"/>
						</TextLine>
						<TextLine ID="line_39" HPOS="206" VPOS="1359" WIDTH="828" HEIGHT="28">
							<String ID="string_345" HPOS="206" VPOS="1361" WIDTH="76" HEIGHT="26" WC="0.92" CONTENT="nomgå"/><SP WIDTH="23" VPOS="1361" HPOS="282"/>
							<String ID="string_346" HPOS="305" VPOS="1361" WIDTH="36" HEIGHT="20" WC="0.96" CONTENT="det"/><SP WIDTH="23" VPOS="1361" HPOS="341"/>
							<String ID="string_347" HPOS="364" VPOS="1361" WIDTH="6" HEIGHT="20" WC="0.96" CONTENT="i"/><SP WIDTH="24" VPOS="1361" HPOS="370"/>
							<String ID="string_348" HPOS="394" VPOS="1359" WIDTH="146" HEIGHT="22" WC="0.96" CONTENT="betänkandet"/><SP WIDTH="17" VPOS="1359" HPOS="540"/>
							<String ID="string_349" HPOS="557" VPOS="1359" WIDTH="107" HEIGHT="27" WC="0.93" CONTENT="ingående"/><SP WIDTH="15" VPOS="1359" HPOS="664"/>
							<String ID="string_350" HPOS="679" VPOS="1359" WIDTH="247" HEIGHT="26" WC="0.91" CONTENT="författningsförslaget,"/><SP WIDTH="16" VPOS="1359" HPOS="926"/>
							<String ID="string_351" HPOS="942" VPOS="1359" WIDTH="92" HEIGHT="27" WC="0.96" CONTENT="uppstod"/>
						</TextLine>
						<TextLine ID="line_40" HPOS="206" VPOS="1388" WIDTH="452" HEIGHT="27">
							<String ID="string_352" HPOS="206" VPOS="1389" WIDTH="132" HEIGHT="22" WC="0.93" CONTENT="beträffande"/><SP WIDTH="17" VPOS="1389" HPOS="338"/>
							<String ID="string_353" HPOS="355" VPOS="1388" WIDTH="16" HEIGHT="27" WC="0.91" CONTENT="$"/><SP WIDTH="15" VPOS="1388" HPOS="371"/>
							<String ID="string_354" HPOS="386" VPOS="1389" WIDTH="13" HEIGHT="20" WC="0.90" CONTENT="7"/><SP WIDTH="15" VPOS="1389" HPOS="399"/>
							<String ID="string_355" HPOS="414" VPOS="1388" WIDTH="95" HEIGHT="27" WC="0.96" CONTENT="följande"/><SP WIDTH="16" VPOS="1388" HPOS="509"/>
							<String ID="string_356" HPOS="525" VPOS="1388" WIDTH="133" HEIGHT="21" WC="0.96" CONTENT="diskussion:"/>
						</TextLine>
					</TextBlock>
					<TextBlock ID="block_8" HPOS="204" VPOS="1415" WIDTH="832" HEIGHT="171">
						<TextLine ID="line_41" HPOS="274" VPOS="1415" WIDTH="761" HEIGHT="28">
							<String ID="string_357" HPOS="274" VPOS="1417" WIDTH="56" HEIGHT="21" WC="0.91" CONTENT="Herr"/><SP WIDTH="18" VPOS="1417" HPOS="330"/>
							<String ID="string_358" HPOS="348" VPOS="1416" WIDTH="130" HEIGHT="22" WC="0.91" CONTENT="Grönvik:"/><SP WIDTH="19" VPOS="1416" HPOS="478"/>
							<String ID="string_359" HPOS="497" VPOS="1416" WIDTH="42" HEIGHT="27" WC="0.96" CONTENT="Jag"/><SP WIDTH="16" VPOS="1416" HPOS="539"/>
							<String ID="string_360" HPOS="555" VPOS="1417" WIDTH="38" HEIGHT="20" WC="0.96" CONTENT="ber"/><SP WIDTH="15" VPOS="1417" HPOS="593"/>
							<String ID="string_361" HPOS="608" VPOS="1416" WIDTH="23" HEIGHT="21" WC="0.96" CONTENT="få"/><SP WIDTH="14" VPOS="1416" HPOS="631"/>
							<String ID="string_362" HPOS="645" VPOS="1418" WIDTH="51" HEIGHT="25" WC="0.93" CONTENT="taga"/><SP WIDTH="15" VPOS="1418" HPOS="696"/>
							<String ID="string_363" HPOS="711" VPOS="1415" WIDTH="97" HEIGHT="22" WC="0.92" CONTENT="ståndets"/><SP WIDTH="14" VPOS="1415" HPOS="808"/>
							<String ID="string_364" HPOS="822" VPOS="1415" WIDTH="190" HEIGHT="28" WC="0.96" CONTENT="uppmärksamhet"/><SP WIDTH="15" VPOS="1415" HPOS="1012"/>
							<String ID="string_365" HPOS="1027" VPOS="1415" WIDTH="8" HEIGHT="21" WC="0.96" CONTENT="i"/>
						</TextLine>
						<TextLine ID="line_42" HPOS="206" VPOS="1443" WIDTH="827" HEIGHT="30">
							<String ID="string_366" HPOS="206" VPOS="1445" WIDTH="92" HEIGHT="28" WC="0.96" CONTENT="anspråk"/><SP WIDTH="14" VPOS="1445" HPOS="298"/>
							<String ID="string_367" HPOS="312" VPOS="1445" WIDTH="34" HEIGHT="21" WC="0.96" CONTENT="för"/><SP WIDTH="16" VPOS="1445" HPOS="346"/>
							<String ID="string_368" HPOS="362" VPOS="1451" WIDTH="26" HEIGHT="15" WC="0.96" CONTENT="en"/><SP WIDTH="17" VPOS="1451" HPOS="388"/>
							<String ID="string_369" HPOS="405" VPOS="1445" WIDTH="44" HEIGHT="26" WC="0.96" CONTENT="sak,"/><SP WIDTH="17" VPOS="1445" HPOS="449"/>
							<String ID="string_370" HPOS="466" VPOS="1451" WIDTH="45" HEIGHT="15" WC="0.95" CONTENT="som"/><SP WIDTH="17" VPOS="1451" HPOS="511"/>
							<String ID="string_371" HPOS="528" VPOS="1445" WIDTH="128" HEIGHT="26" WC="0.95" CONTENT="visserligen"/><SP WIDTH="16" VPOS="1445" HPOS="656"/>
							<String ID="string_372" HPOS="672" VPOS="1444" WIDTH="76" HEIGHT="21" WC="0.96" CONTENT="endast"/><SP WIDTH="16" VPOS="1444" HPOS="748"/>
							<String ID="string_373" HPOS="764" VPOS="1446" WIDTH="24" HEIGHT="19" WC="0.96" CONTENT="är"/><SP WIDTH="15" VPOS="1446" HPOS="788"/>
							<String ID="string_374" HPOS="803" VPOS="1451" WIDTH="26" HEIGHT="14" WC="0.93" CONTENT="en"/><SP WIDTH="11" VPOS="1451" HPOS="829"/>
							<String ID="string_375" HPOS="840" VPOS="1443" WIDTH="193" HEIGHT="27" WC="0.91" CONTENT="redaktionsfråga,"/>
						</TextLine>
						<TextLine ID="line_43" HPOS="206" VPOS="1471" WIDTH="830" HEIGHT="28">
							<String ID="string_376" HPOS="206" VPOS="1481" WIDTH="48" HEIGHT="15" WC="0.96" CONTENT="men"/><SP WIDTH="22" VPOS="1481" HPOS="254"/>
							<String ID="string_377" HPOS="276" VPOS="1479" WIDTH="45" HEIGHT="16" WC="0.96" CONTENT="som"/><SP WIDTH="25" VPOS="1479" HPOS="321"/>
							<String ID="string_378" HPOS="346" VPOS="1473" WIDTH="55" HEIGHT="21" WC="0.96" CONTENT="dock"/><SP WIDTH="22" VPOS="1473" HPOS="401"/>
							<String ID="string_379" HPOS="423" VPOS="1473" WIDTH="62" HEIGHT="21" WC="0.96" CONTENT="torde"/><SP WIDTH="22" VPOS="1473" HPOS="485"/>
							<String ID="string_380" HPOS="507" VPOS="1473" WIDTH="88" HEIGHT="26" WC="0.96" CONTENT="påkalla"/><SP WIDTH="22" VPOS="1473" HPOS="595"/>
							<String ID="string_381" HPOS="617" VPOS="1473" WIDTH="70" HEIGHT="26" WC="0.96" CONTENT="någon"/><SP WIDTH="21" VPOS="1473" HPOS="687"/>
							<String ID="string_382" HPOS="708" VPOS="1473" WIDTH="99" HEIGHT="21" WC="0.95" CONTENT="rättelse."/><SP WIDTH="31" VPOS="1473" HPOS="807"/>
							<String ID="string_383" HPOS="838" VPOS="1473" WIDTH="11" HEIGHT="20" WC="0.94" CONTENT="1"/><SP WIDTH="19" VPOS="1473" HPOS="849"/>
							<String ID="string_384" HPOS="868" VPOS="1472" WIDTH="12" HEIGHT="27" WC="0.85" CONTENT="&amp;"/><SP WIDTH="19" VPOS="1472" HPOS="880"/>
							<String ID="string_385" HPOS="899" VPOS="1472" WIDTH="73" HEIGHT="27" WC="0.96" CONTENT="börjar"/><SP WIDTH="14" VPOS="1472" HPOS="972"/>
							<String ID="string_386" HPOS="986" VPOS="1471" WIDTH="50" HEIGHT="22" WC="0.96" CONTENT="med"/>
						</TextLine>
						<TextLine ID="line_44" HPOS="206" VPOS="1499" WIDTH="830" HEIGHT="30">
							<String ID="string_387" HPOS="206" VPOS="1503" WIDTH="76" HEIGHT="21" WC="0.93" CONTENT="orden:"/><SP WIDTH="23" VPOS="1503" HPOS="282"/>
							<String ID="string_388" HPOS="305" VPOS="1502" WIDTH="57" HEIGHT="27" WC="0.76" CONTENT=",från"/><SP WIDTH="25" VPOS="1502" HPOS="362"/>
							<String ID="string_389" HPOS="387" VPOS="1501" WIDTH="39" HEIGHT="21" WC="0.96" CONTENT="och"/><SP WIDTH="18" VPOS="1501" HPOS="426"/>
							<String ID="string_390" HPOS="444" VPOS="1501" WIDTH="50" HEIGHT="21" WC="0.96" CONTENT="med"/><SP WIDTH="27" VPOS="1501" HPOS="494"/>
							<String ID="string_391" HPOS="521" VPOS="1501" WIDTH="25" HEIGHT="21" WC="0.96" CONTENT="år"/><SP WIDTH="17" VPOS="1501" HPOS="546"/>
							<String ID="string_392" HPOS="563" VPOS="1501" WIDTH="73" HEIGHT="25" WC="0.66" CONTENT="1889&quot;,"/><SP WIDTH="16" VPOS="1501" HPOS="636"/>
							<String ID="string_393" HPOS="652" VPOS="1501" WIDTH="7" HEIGHT="20" WC="0.95" CONTENT="i"/><SP WIDTH="16" VPOS="1501" HPOS="659"/>
							<String ID="string_394" HPOS="675" VPOS="1501" WIDTH="14" HEIGHT="21" WC="0.91" CONTENT="3"/><SP WIDTH="16" VPOS="1501" HPOS="689"/>
							<String ID="string_395" HPOS="705" VPOS="1501" WIDTH="12" HEIGHT="27" WC="0.91" CONTENT="&amp;"/><SP WIDTH="14" VPOS="1501" HPOS="717"/>
							<String ID="string_396" HPOS="731" VPOS="1501" WIDTH="61" HEIGHT="21" WC="0.96" CONTENT="heter"/><SP WIDTH="14" VPOS="1501" HPOS="792"/>
							<String ID="string_397" HPOS="806" VPOS="1501" WIDTH="36" HEIGHT="20" WC="0.96" CONTENT="det"/><SP WIDTH="15" VPOS="1501" HPOS="842"/>
							<String ID="string_398" HPOS="857" VPOS="1501" WIDTH="49" HEIGHT="25" WC="0.93" CONTENT="igen"/><SP WIDTH="16" VPOS="1501" HPOS="906"/>
							<String ID="string_399" HPOS="922" VPOS="1500" WIDTH="57" HEIGHT="26" WC="0.90" CONTENT=",från"/><SP WIDTH="17" VPOS="1500" HPOS="979"/>
							<String ID="string_400" HPOS="996" VPOS="1499" WIDTH="40" HEIGHT="22" WC="0.96" CONTENT="och"/>
						</TextLine>
						<TextLine ID="line_45" HPOS="206" VPOS="1528" WIDTH="830" HEIGHT="28">
							<String ID="string_401" HPOS="206" VPOS="1531" WIDTH="34" HEIGHT="21" WC="0.96" CONTENT="för"/><SP WIDTH="21" VPOS="1531" HPOS="240"/>
							<String ID="string_402" HPOS="261" VPOS="1530" WIDTH="24" HEIGHT="22" WC="0.96" CONTENT="år"/><SP WIDTH="24" VPOS="1530" HPOS="285"/>
							<String ID="string_403" HPOS="309" VPOS="1530" WIDTH="66" HEIGHT="21" WC="0.87" CONTENT="18894"/><SP WIDTH="20" VPOS="1530" HPOS="375"/>
							<String ID="string_404" HPOS="395" VPOS="1529" WIDTH="39" HEIGHT="21" WC="0.96" CONTENT="och"/><SP WIDTH="17" VPOS="1529" HPOS="434"/>
							<String ID="string_405" HPOS="451" VPOS="1530" WIDTH="59" HEIGHT="20" WC="0.96" CONTENT="detta"/><SP WIDTH="15" VPOS="1530" HPOS="510"/>
							<String ID="string_406" HPOS="525" VPOS="1535" WIDTH="108" HEIGHT="21" WC="0.96" CONTENT="upprepas"/><SP WIDTH="16" VPOS="1535" HPOS="633"/>
							<String ID="string_407" HPOS="649" VPOS="1528" WIDTH="49" HEIGHT="22" WC="0.95" CONTENT="åter"/><SP WIDTH="14" VPOS="1528" HPOS="698"/>
							<String ID="string_408" HPOS="712" VPOS="1529" WIDTH="7" HEIGHT="21" WC="0.96" CONTENT="i"/><SP WIDTH="16" VPOS="1529" HPOS="719"/>
							<String ID="string_409" HPOS="735" VPOS="1528" WIDTH="25" HEIGHT="28" WC="0.95" CONTENT="$$"/><SP WIDTH="15" VPOS="1528" HPOS="760"/>
							<String ID="string_410" HPOS="775" VPOS="1529" WIDTH="14" HEIGHT="21" WC="0.96" CONTENT="5"/><SP WIDTH="15" VPOS="1529" HPOS="789"/>
							<String ID="string_411" HPOS="804" VPOS="1528" WIDTH="40" HEIGHT="22" WC="0.96" CONTENT="och"/><SP WIDTH="16" VPOS="1528" HPOS="844"/>
							<String ID="string_412" HPOS="860" VPOS="1529" WIDTH="19" HEIGHT="21" WC="0.96" CONTENT="7."/><SP WIDTH="29" VPOS="1529" HPOS="879"/>
							<String ID="string_413" HPOS="908" VPOS="1528" WIDTH="43" HEIGHT="22" WC="0.96" CONTENT="Det"/><SP WIDTH="15" VPOS="1528" HPOS="951"/>
							<String ID="string_414" HPOS="966" VPOS="1528" WIDTH="70" HEIGHT="22" WC="0.95" CONTENT="finnes"/>
						</TextLine>
						<TextLine ID="line_46" HPOS="204" VPOS="1556" WIDTH="832" HEIGHT="30">
							<String ID="string_415" HPOS="204" VPOS="1559" WIDTH="25" HEIGHT="27" WC="0.96" CONTENT="ju"/><SP WIDTH="23" VPOS="1559" HPOS="229"/>
							<String ID="string_416" HPOS="252" VPOS="1566" WIDTH="24" HEIGHT="14" WC="0.96" CONTENT="en"/><SP WIDTH="24" VPOS="1566" HPOS="276"/>
							<String ID="string_417" HPOS="300" VPOS="1558" WIDTH="93" HEIGHT="22" WC="0.96" CONTENT="särskild"/><SP WIDTH="24" VPOS="1558" HPOS="393"/>
							<String ID="string_418" HPOS="417" VPOS="1557" WIDTH="108" HEIGHT="27" WC="0.95" CONTENT="paragraf,"/><SP WIDTH="24" VPOS="1557" HPOS="525"/>
							<String ID="string_419" HPOS="549" VPOS="1558" WIDTH="42" HEIGHT="20" WC="0.96" CONTENT="den"/><SP WIDTH="25" VPOS="1558" HPOS="591"/>
							<String ID="string_420" HPOS="616" VPOS="1558" WIDTH="33" HEIGHT="25" WC="0.94" CONTENT="11,"/><SP WIDTH="24" VPOS="1558" HPOS="649"/>
							<String ID="string_421" HPOS="673" VPOS="1563" WIDTH="44" HEIGHT="15" WC="0.96" CONTENT="som"/><SP WIDTH="24" VPOS="1563" HPOS="717"/>
							<String ID="string_422" HPOS="741" VPOS="1558" WIDTH="62" HEIGHT="26" WC="0.96" CONTENT="säger"/><SP WIDTH="21" VPOS="1558" HPOS="803"/>
							<String ID="string_423" HPOS="824" VPOS="1559" WIDTH="40" HEIGHT="19" WC="0.95" CONTENT="när"/><SP WIDTH="18" VPOS="1559" HPOS="864"/>
							<String ID="string_424" HPOS="882" VPOS="1556" WIDTH="154" HEIGHT="27" WC="0.96" CONTENT="författningen"/>
						</TextLine>
					</TextBlock>
				</ComposedBlock>
			</PrintSpace>
		</Page>
	</Layout>
</alto>
