1100 1775
221 155 43 31 400
494 158 93 22 Borgarest.
600 157 44 19 1885.
668 157 10 18 7
690 157 52 19 Mars.

202 228 45 22 tala
265 228 32 21 för
316 229 33 19 att
367 226 38 22 det
423 226 69 22 finska
511 226 152 26 normallyceet
680 225 67 21 måtte
765 226 108 26 förläggas
887 226 33 22 till
935 226 98 27 Helsing-

202 257 52 25 fors,
266 256 76 22 främst
357 255 38 21 det
409 254 94 22 faktiska
516 254 151 26 förhållandet,
683 255 32 20 att
729 254 226 22 lärarekandidaterne
965 255 69 21 under

204 286 26 21 de
246 286 29 25 år,
284 285 27 21 de
326 283 125 22 auskultera
465 283 36 21 vid
516 283 158 27 normallyceet,
690 282 69 22 måste
773 282 102 22 fortsätta
890 284 46 21 sina
944 284 88 26 studier,

204 314 41 22 och
268 314 59 20 detta
349 312 49 22 icke
421 312 55 21 blott
498 312 7 20 i
524 311 126 27 pedagogik,
666 313 51 19 utan
732 310 186 28 hufvudsakligast
933 312 7 21 i
956 312 26 21 de
997 318 35 15 ve-

204 342 121 26 tenskaper,
340 341 8 21 i
363 340 73 21 hvilka
451 340 27 21 de
492 340 84 21 utbilda
591 340 32 26 sig
638 340 33 20 till
685 340 76 25 lärare,
777 339 40 21 och
832 342 33 19 att
881 340 27 22 de
922 341 109 27 derjemte,

204 372 52 20 enär
273 370 95 21 flertalet
386 369 24 21 af
426 369 47 21 dem
488 370 38 20 äro
541 368 117 21 medellösa
672 368 117 26 ynglingar,
805 368 69 22 måste
888 369 69 21 under
972 370 60 20 detta

204 398 24 22 år
247 398 68 22 skaffa
333 398 33 26 sig
385 399 31 19 ett
434 396 119 22 lefvebröd.
583 396 43 22 För
641 396 106 22 vinnande
762 396 23 21 af
797 396 106 22 hvardera
918 398 62 21 dessa
995 400 37 18 än-

204 426 71 22 damål
291 426 63 22 torde
373 432 50 15 man
441 425 47 22 icke
506 425 74 22 kunna
595 425 61 25 neka,
672 426 32 20 att
718 425 134 27 Helsingfors
867 428 24 19 är
906 432 27 15 en
947 426 85 26 mycket

204 456 123 26 lämpligare
342 456 36 20 ort
392 456 27 19 än
435 454 139 21 Tavastehus.
605 454 50 21 Med
670 453 40 21 den
725 453 89 27 tillgång
828 454 34 21 till
877 454 104 22 bibliotek
992 454 39 22 och

204 484 120 26 samlingar,
342 489 47 15 som
408 482 157 22 hufvudstaden
584 482 105 27 erbjuder,
709 482 41 21 och
773 482 49 21 med
844 482 49 22 dess
908 483 77 27 många
1000 483 31 21 of-

202 513 89 26 fentliga
307 512 39 21 och
362 512 84 26 privata
460 511 157 25 läroanstalter,
633 510 43 21 kan
691 516 48 15 man
755 510 46 22 icke
816 510 93 27 betvifla,
925 513 33 19 att
973 512 59 20 såväl

204 541 109 21 studierna
331 540 41 21 här
386 540 74 21 kunna
474 540 71 20 bättre
560 538 114 27 bedrifvas,
690 545 44 15 som
751 538 63 22 också
832 540 34 20 att
885 540 146 21 lärarekandi-

204 570 88 21 daterne
307 568 64 22 hafva
385 568 78 21 lättare
478 569 33 20 att
526 568 38 20 här
580 567 102 21 förskaffa
696 568 32 26 sig
743 567 69 27 någon
826 567 102 22 inkomst.
951 568 79 22 Vidare

204 599 69 21 skulle
285 599 43 26 jag,
347 597 29 21 då
394 597 37 21 det
445 597 33 21 för
493 597 133 20 närvarande
641 598 24 19 är
680 596 131 27 nödvändigt
825 596 35 21 för
874 597 52 21 hvar
942 597 39 22 och
997 603 32 20 en,

204 633 46 15 som
265 633 65 20 egnar
348 626 33 26 sig
396 625 22 22 åt
433 625 143 26 lärarekallet,
592 627 33 19 att
639 625 73 20 kunna
726 625 113 21 undervisa
855 625 58 22 såväl
927 625 29 27 på
970 631 61 16 sven-

204 655 40 22 ska
258 661 45 16 som
318 654 76 26 finska,
410 660 52 15 anse
477 654 37 21 det
528 659 47 15 som
590 660 26 15 en
632 655 46 19 stor
692 653 68 22 fördel
774 653 33 21 för
822 653 208 22 lärarekandidater-

204 690 33 20 ne,
258 690 33 15 om
313 683 70 26 bägge
401 682 181 27 normallyceerna
600 681 69 22 skulle
684 681 67 22 finnas
766 682 27 27 på
807 688 82 15 samma
904 685 39 24 ort,
959 683 24 21 så
998 684 32 20 att

204 713 27 21 de
246 712 108 26 samtidigt
369 711 72 21 kunde
456 711 67 21 åhöra
537 710 106 21 lektioner
659 711 39 20 och
710 710 59 27 gifva
784 711 136 26 proftimmar
929 711 32 22 uti
971 711 58 21 såväl

205 741 37 21 det
260 740 89 22 svenska
364 746 47 15 som
426 739 69 21 finska
509 739 159 26 normallyceet.
698 739 68 21 Afven
787 739 7 21 i
813 742 67 18 annat
897 739 37 22 fall
952 741 78 25 utgöra

205 770 62 21 dessä
281 769 67 26 bägge
363 768 155 27 normallyceer
531 767 133 22 hvarandras
678 767 148 27 komplement.
851 768 30 27 Ty
896 770 31 19 ett
937 768 93 21 normal-

205 799 81 26 lyceum
305 797 54 22 lider
378 797 24 21 af
418 803 82 14 samma
517 796 85 26 brister,
622 802 45 15 som
682 796 41 21 alla
739 796 67 27 öfriga
821 796 119 27 menskliga
953 797 76 20 inrätt-

205 827 80 26 ningar,
304 828 33 19 att
355 825 37 22 det
411 825 69 26 aldrig
494 827 24 19 är
534 825 138 26 fullkomligt.
701 825 38 21 Ett
754 825 164 27 normallyceum
932 825 44 21 kan
991 825 38 21 all-

206 855 52 27 drig,
273 855 44 21 lika
331 855 49 21 litet
394 860 46 15 som
456 860 26 15 en
497 859 71 16 annan
583 853 67 26 skola,
665 853 68 21 räkna
747 853 27 27 pä
789 855 32 20 att
835 853 64 22 hafva
913 854 69 21 lärare
992 860 36 15 en-

205 884 48 22 dast
268 883 23 22 af
306 883 68 21 första
392 883 94 26 klassen;
506 882 62 22 äfven
584 882 65 21 bland
665 881 47 22 dem
726 881 70 23 finnas
811 882 72 22 bättre
898 883 40 21 och
952 884 75 24 sämre,

205 913 40 21 och
260 912 35 21 vid
310 912 77 21 sädant
401 911 134 21 förhällande
550 912 24 20 är
590 911 36 21 det
641 916 26 16 en
682 912 44 19 stor
741 910 82 22 förmän
837 911 34 21 för
884 911 144 21 lärarekandi-

205 942 93 24 daterne,
322 947 34 15 om
378 940 27 21 de
427 942 37 19 äro
487 940 7 20 i
510 939 84 21 tillfälle
610 941 32 19 att
656 939 32 21 uti
703 939 57 21 olika
775 941 77 19 ämnen
867 940 34 21 vid
917 940 26 21 de
958 939 70 22 skilda

205 969 124 22 läroverken
347 968 57 28 välja
423 969 41 21 den
482 968 71 21 bättre
568 968 85 21 läraren
669 968 38 21 och
726 968 149 21 företrädesvis
894 968 66 22 ähöra
975 968 53 21 hans

204 998 105 26 föredrag.
345 998 44 20 Det
412 999 24 19 är
458 996 178 27 hufvudsakligen
659 996 27 28 pä
704 996 62 21 dessa
784 996 53 26 skäl,
858 997 89 21 oaktadt
958 997 39 27 jag
1009 997 18 26 ej

204 1027 67 21 heller
285 1026 150 21 underkänner
450 1026 124 26 betydelsen
590 1025 23 21 af
626 1025 26 21 de
667 1025 67 27 öfriga
749 1025 46 21 skäl
809 1025 105 21 utskottet
929 1025 99 21 framhäl-

204 1056 30 25 lit,
254 1062 45 14 som
316 1055 37 27 jag
372 1054 69 22 skulle
456 1060 52 15 anse
523 1054 100 26 önskligt,
640 1056 31 18 att
687 1054 35 26 det
737 1053 68 21 finska
820 1054 151 27 normallyceet
985 1054 43 21 för-

204 1084 59 22 lades
284 1084 34 20 till
340 1083 148 27 Hellsingfors,
511 1088 49 16 men
580 1083 38 26 jag
639 1082 43 21 kan
700 1084 52 24 göra
767 1082 36 21 det
817 1083 75 21 endast
905 1083 67 21 under
988 1082 40 21 den

204 1113 111 21 bestämda
331 1112 161 26 förutsättning,
513 1113 32 19 att
564 1111 112 21 härstädes
690 1111 47 21 icke
752 1111 89 21 inrättas
856 1113 32 19 ett
902 1113 48 25 nytt
963 1110 65 22 finskt

204 1141 171 27 normallyceum,
395 1142 53 19 utan
470 1142 32 19 att
521 1140 37 21 det
573 1140 123 20 nuvarande
710 1139 68 21 finska
793 1140 237 21 elementarläroverket

204 1170 119 27 öfvertages
345 1169 25 22 af
392 1171 70 19 staten
485 1168 40 22 och
548 1168 169 27 omorganiseras
746 1168 32 21 till
803 1170 32 20 ett
857 1169 172 26 normallyceum.

204 1199 121 21 Utskottets
339 1198 128 26 motivering
482 1198 68 21 hvilar
568 1197 62 22 äfven
646 1197 26 27 på
689 1197 69 21 denna
769 1197 158 27 förutsättning,
940 1197 90 22 oaktadt

204 1228 72 21 derom
295 1227 111 26 ingenting
425 1228 87 19 nämnes
532 1227 4 20 i
553 1226 115 21 klämmen.
698 1225 37 22 Uti
749 1226 94 21 motiven
858 1226 84 21 anföres
957 1226 73 21 vidare

204 1256 23 21 af
240 1256 105 21 utskottet
360 1257 33 19 att
407 1255 146 21 kostnaderna
566 1255 34 21 för
615 1255 161 26 normallyceets
791 1255 144 26 organisation
947 1255 83 21 härstä-

204 1285 37 21 des
256 1285 67 20 skulle
338 1283 118 22 inskränka
470 1284 32 26 sig
517 1284 33 21 till
565 1283 67 27 några
643 1283 21 21 få
680 1285 60 19 tusen
755 1283 67 21 mark.
845 1284 65 21 Detta
920 1283 68 21 blefve
999 1283 31 20 äf-

203 1320 41 15 ven
258 1313 65 26 fallet,
339 1313 45 21 ifall
400 1313 36 21 det
451 1312 123 21 nuvarande
582 1311 69 22 finska
662 1312 235 21 elementarläroverket
907 1312 68 21 skulle
986 1317 44 16 om-

204 1342 69 21 bildas
291 1341 32 22 till
341 1343 33 20 ett
392 1341 174 27 normallyceum,
586 1340 41 21 och
645 1340 8 21 i
671 1340 37 21 fall
726 1341 71 20 vidare
817 1341 155 21 öfverlärarene
994 1340 36 21 vid

203 1371 151 26 normallyceet
369 1370 7 21 i
392 1369 133 22 Tavastehus
540 1375 52 16 vore
607 1369 71 26 villige
694 1371 31 19 att
740 1369 31 21 hit
786 1369 126 27 öfverflytta,
932 1369 40 21 och
984 1368 46 22 ifall

203 1399 72 22 vidare
294 1398 131 22 statsverket
443 1398 72 21 kunde
530 1398 33 21 till
578 1398 80 27 skäligt
673 1397 44 27 pris
731 1397 68 22 inlösa
814 1398 132 21 härvarande
961 1397 69 22 finska

203 1428 72 21 skolas
293 1428 46 26 hus,
359 1427 25 22 så
402 1429 32 19 att
453 1427 71 26 någon
539 1427 40 27 dyr
593 1433 28 20 ny
636 1426 207 28 läroverksbyggnad
858 1426 110 22 härstädes
982 1426 48 21 icke

204 1456 90 23 behöfde
312 1456 109 27 uppföras.
456 1455 46 22 Och
521 1457 24 19 är
560 1455 36 22 det
614 1455 76 21 endast
705 1455 66 21 under
785 1455 152 26 förutsättning
952 1456 32 19 att
1000 1454 31 21 öf-

203 1486 133 21 verlärarene
351 1485 8 20 i
374 1484 133 22 Tavastehus
522 1486 38 19 äro
576 1484 72 27 villige
663 1485 32 20 att
709 1484 32 21 hit
749 1483 125 28 öfverflytta,
886 1483 40 22 och
935 1483 54 26 icke,
998 1483 33 21 så-

203 1521 46 15 som
271 1514 26 21 de
319 1513 73 22 kunde
414 1519 52 16 vara
485 1513 141 26 berättigade,
643 1512 86 21 anhålla
744 1519 34 14 om
793 1514 31 19 att
840 1512 64 21 blifva
919 1512 70 21 stälda
1004 1512 28 27 på

203 1542 189 27 indragningsstat,
408 1542 40 21 och
464 1543 32 20 att
511 1541 33 22 för
560 1541 65 27 öfrigt
640 1541 70 24 denna
726 1541 180 27 omorganisation
915 1541 48 22 icke
973 1541 59 21 med-

202 1571 34 22 för
250 1571 66 27 några
331 1573 69 20 större
416 1570 118 22 kostnader
548 1569 34 22 för
597 1569 136 26 statsverket,
749 1576 45 15 som
806 1570 37 27 jag
858 1570 48 21 ville
920 1570 112 21 understö-
