1100 1734
232 170 35 20 374
500 172 94 22 Borgarest.
604 171 45 19 1885.
672 172 22 18 26
706 172 47 18 Febr.

210 242 71 20 staten
303 242 24 18 är
349 239 84 27 ganska
452 239 66 26 ringa,
534 239 63 21 äfven
616 245 34 15 om
669 239 69 21 denna
753 240 222 28 maximibestämning
988 241 48 23 icke

210 268 119 21 förefinnes.
360 268 51 20 Man
433 269 61 25 säger
516 268 32 20 att
570 267 41 21 den
632 269 60 19 stora
712 268 79 26 mängd
811 269 160 25 poststationer,
990 274 46 16 som

210 298 52 19 utan
281 302 26 14 en
326 295 60 27 dylik
403 295 153 26 inskränkning
574 295 68 21 skulle
656 294 86 22 komma
757 297 32 19 att
803 296 97 26 uppbära
915 297 121 27 betydande

210 330 100 19 summor,
329 323 41 21 lätt
388 323 72 21 kunde
479 323 63 21 ställa
559 323 103 26 styrelsen
680 323 8 20 i
707 323 137 27 svärigheter,
863 330 49 16 men
931 326 41 20 den
990 325 45 21 risk

210 352 104 26 styrelsen
329 351 72 21 häruti
416 351 60 26 löper
490 352 24 19 är
528 350 47 22 icke
590 352 68 20 större
673 352 27 20 än
716 351 46 26 den,
775 357 44 15 som
835 352 42 21 den
890 352 45 26 har,
950 353 28 21 dä
993 354 42 20 den

210 380 33 20 till
264 379 131 21 försändelse
417 380 117 24 emottager
555 378 28 26 pä
604 380 76 24 posten
702 379 144 26 obegränsadt
861 382 59 20 stora
934 387 100 15 summor.

210 407 62 20 Hvad
288 407 46 21 äter
349 407 27 21 de
391 406 112 25 missbruk,
519 412 46 15 som
580 406 38 21 här
633 406 104 26 päpekats
751 407 69 21 säsom
832 408 108 21 blifvande
948 414 26 16 en
982 409 53 27 följd

210 435 62 20 deraf
286 437 33 18 att
337 434 248 26 maximibestämningen
602 434 124 27 upphäfdes,
742 435 105 26 beträffar,
864 436 24 20 sä
905 436 72 21 kunde
991 437 43 25 det,

210 469 46 14 som
268 463 38 26 jag
321 462 47 21 haft
382 464 53 19 äran
450 464 83 23 nämna,
541 462 91 25 inträffa,
640 463 33 20 att
688 463 61 20 dessa
763 463 107 21 missbruk
885 464 90 21 oaktadt
989 470 44 15 ma-

210 490 213 26 ximibestämningen
439 490 118 26 gvarstode,
568 490 45 21 ifall
628 495 81 16 samma
724 497 76 20 person
815 491 39 20 har
864 491 51 28 flere
925 495 108 24 postspar-

210 518 149 21 banksböcker
382 518 40 20 och
444 518 93 21 fördelar
554 518 171 26 insättningarna
739 519 28 26 pä
781 519 68 21 dessa.
879 519 69 22 Äfven
963 520 70 21 farhä-

209 552 42 21 gan
273 548 31 19 att
326 545 184 27 postsparbanken
532 545 68 21 skulle
619 546 105 26 bagagnas
743 547 22 20 af
781 547 115 21 affärsmän
914 554 62 20 synes
991 549 42 26 mig

209 580 51 15 vara
275 574 82 26 ganska
372 574 61 25 ringa
447 574 28 26 pä
489 574 69 26 grund
573 574 23 20 af
608 574 42 20 den
664 574 63 26 länga
741 575 182 26 uppsägningstid,
939 582 46 15 som
994 576 39 21 här

209 604 25 19 är
247 604 75 19 utsatt.
352 601 76 21 Denna
442 601 176 27 uppsägningstid
632 601 43 22 kan
689 602 115 26 ingalunda
815 603 103 26 jemföras
926 604 48 21 med
984 604 48 26 den,

209 636 46 15 som
274 630 111 21 bankerna
402 631 82 19 utsätta
498 629 34 21 för
547 630 150 25 depositioner,
714 630 27 21 dä
755 631 37 20 det
804 631 24 26 ju
843 631 48 21 icke
905 631 39 26 gär
958 638 28 15 an
1000 634 33 19 att

208 659 8 20 i
230 657 186 27 postsparbanken
431 657 90 21 likasom
536 658 7 20 i
558 658 71 25 vanlig
644 657 57 21 bank
715 658 79 21 insätta
808 664 26 15 en
849 665 83 15 summa
946 660 40 21 och
996 666 36 20 ge-

209 688 49 19 nast
278 687 95 26 uppsäga
391 685 48 21 den.
469 685 43 21 Vill
527 691 49 15 man
591 685 117 21 emellertid
723 686 130 27 nödvändigt
868 687 64 21 hafva
946 693 27 15 en
988 694 44 15 ma-

208 713 192 26 ximibestämning,
410 713 24 20 sä
448 713 134 26 ifrägasätter
594 713 38 27 jag
646 713 104 21 huruvida
764 716 61 19 tusen
840 715 62 20 mark
917 715 43 21 kan
970 721 62 16 anses

208 748 51 15 vara
274 748 27 15 en
315 741 125 26 tillräckligt
454 741 42 26 hög
510 743 70 24 gräns.
603 741 33 20 En
650 741 152 27 yrkesskicklig
816 743 99 21 arbetare
925 743 7 21 i
942 743 90 21 hufvud-

208 770 75 21 staden
298 769 42 21 kan
355 771 16 18 t.
388 775 32 15 ex.
435 769 84 26 mycket
533 770 35 20 väl
582 769 62 26 lägga
660 769 22 21 af
695 770 55 20 ända
764 770 32 21 till
811 771 39 20 och
866 771 49 20 med
930 772 28 20 20
971 771 61 21 mark

208 799 7 20 i
230 798 81 21 veckan
326 797 40 21 och
382 797 32 20 får
429 797 27 20 dä
471 797 67 20 under
553 799 32 19 ett
600 797 23 20 är
638 797 50 26 ihop
704 803 25 15 en
744 803 81 16 summa
839 800 69 19 större
923 801 27 18 än
965 800 66 20 maxi-

208 826 135 26 mibeloppet.
374 825 50 21 Men
438 827 59 19 utom
512 825 82 21 sådana
608 825 67 21 finnes
690 825 36 25 det
741 825 147 27 byggmästare
903 833 28 14 m.
941 827 28 26 fl.,
978 827 53 21 hvil-

208 854 28 21 ka
254 854 92 26 förtjena
365 855 57 19 ännu
439 859 59 15 mera
517 853 39 21 och
571 853 47 21 icke
633 853 79 21 insätta
726 854 47 20 sina
787 854 138 27 besparingar
939 855 7 21 i
961 855 70 27 nägon

208 884 68 19 större
291 882 64 25 bank,
371 883 52 19 utan
438 882 50 26 vilja
503 881 63 21 hafva
582 881 47 21 dem
644 882 40 20 lätt
698 882 131 26 tillgängliga
840 882 28 21 dä
879 883 26 20 de
916 883 116 21 återvända

207 910 33 20 till
258 910 33 20 sin
310 910 90 20 hemort.
430 909 42 21 För
491 910 63 26 öfrigt
569 910 37 20 vill
618 910 38 26 jag
670 910 87 26 tillägga
771 912 32 19 att
814 910 39 26 jag
867 910 85 22 förenar
966 912 44 25 mig
1024 912 7 20 i

207 940 171 19 reservanternas
398 937 54 26 äsigt
468 937 73 21 derom
562 939 32 19 att
609 938 121 26 meningen:
751 938 43 20 *att
808 938 45 21 ifall
869 938 26 21 de
910 939 8 21 i
932 939 42 21 den
989 939 42 21 till-

207 966 79 21 ernade
304 965 184 27 postsparbanken
507 966 80 20 insatta
606 966 68 20 medel
693 966 84 20 komma
792 968 32 18 att
839 967 55 25 stiga
909 967 33 21 till
957 967 74 27 betyd-

207 994 43 26 liga
269 994 82 26 belopp,
371 993 72 21 kunde
461 994 65 26 enligt
545 993 117 21 utskottets
680 994 71 25 tanke,
765 994 78 26 jemväl
857 994 39 21 hos
912 1000 34 15 oss
961 995 70 26 nägon

208 1022 34 20 del
260 1022 61 21 deraf
337 1021 85 21 utlänas
440 1022 33 20 till
488 1021 127 21 kommuner
629 1022 33 20 för
676 1021 153 27 befrämjandet
844 1022 24 21 af
880 1022 89 22 allmänt
984 1024 47 25 nyt-

206 1050 44 26 tiga
265 1050 100 26 företag*,
380 1050 41 20 bör
435 1056 25 14 ur
474 1050 93 20 motiven
582 1049 58 27 utgä.

275 1078 56 20 Herr
346 1077 146 21 Wasenius:
518 1078 42 26 Jag
578 1078 39 20 har
635 1078 75 26 begärt
724 1078 61 20 ordet
799 1078 185 26 hufvudsakligast
998 1078 33 22 för

207 1108 32 19 att
256 1106 86 21 förorda
361 1106 131 26 antagandet
510 1106 23 20 af
555 1105 171 21 statsutskottets
747 1105 63 27 kläm,
832 1106 102 21 särskildt
952 1106 79 21 beträf-

206 1134 64 22 fande
284 1134 102 26 förslaget
401 1136 33 18 att
448 1134 70 20 denna
532 1134 85 26 garanti
632 1134 69 20 skulle
716 1134 79 20 lemnas
810 1134 76 21 endast
900 1134 68 21 under
983 1134 27 21 de
1024 1135 7 20 i

206 1162 107 21 klämmen
327 1162 76 26 gjorda
418 1162 111 20 förbehåll.
559 1162 46 20 Här
619 1162 63 20 hafva
697 1162 66 20 redan
777 1162 24 20 sä
815 1162 77 26 många
908 1162 46 21 skäl
962 1162 70 22 blifvit

206 1190 127 22 framhållna
350 1190 34 20 för
399 1190 130 26 riktigheten
545 1190 40 20 och
600 1190 184 26 nödvändigheten
800 1190 23 20 af
836 1192 32 19 ett
882 1190 76 21 sådant
973 1190 58 22 stad-

206 1219 70 26 gande
291 1220 32 19 att
335 1218 38 26 jag
388 1218 34 21 för
436 1218 44 20 min
495 1218 34 21 del
543 1218 47 20 icke
606 1223 62 15 anser
683 1218 41 26 mig
739 1218 52 20 böra
804 1218 88 26 tillägga
902 1218 71 26 något.
989 1219 43 21 Det

206 1248 40 20 har
260 1246 124 26 visserligen
398 1246 126 21 framhållits
540 1248 32 19 att
588 1246 36 20 det
637 1246 68 20 under
718 1246 56 21 vissa
789 1246 180 27 omständigheter
978 1252 51 16 vore

206 1281 27 15 en
248 1274 113 27 olägenhet
376 1274 34 21 för
424 1274 144 21 allmänheten
584 1276 32 19 att
630 1274 47 20 icke
692 1274 71 21 kunna
777 1274 81 21 insätta
872 1276 68 20 större
950 1274 78 27 belopp

206 1305 28 19 än
248 1305 63 19 tusen
325 1302 69 21 mark.
424 1302 48 21 Men
488 1302 28 27 på
530 1303 26 20 de
572 1303 63 24 orter,
652 1301 38 22 der
704 1307 26 15 en
744 1303 67 20 större
825 1302 118 26 insättning
957 1302 73 21 kunde

206 1332 86 21 komma
310 1331 7 20 i
335 1331 67 26 fråga,
418 1330 45 21 står
474 1330 26 27 ju
514 1330 144 21 allmänheten
673 1329 76 27 många
763 1330 66 21 andra
844 1330 68 21 medel
927 1330 33 21 till
974 1330 55 21 buds

205 1361 33 20 att
253 1361 52 25 göra
319 1359 46 20 sina
381 1359 139 26 besparingar
534 1358 163 21 räntebärande.
719 1358 46 21 Här
779 1358 38 21 har
832 1359 65 20 redan
913 1358 70 21 blifvit
992 1358 38 26 på-

205 1387 80 28 pekadt
303 1389 33 19 att
354 1387 182 26 privatbankerna
551 1388 109 24 emottaga
675 1386 142 26 depositioner
832 1386 27 27 på
873 1386 51 21 kort
938 1386 32 21 tid
984 1388 46 19 mot

205 1415 47 23 39/0
271 1415 40 22 och
329 1415 28 26 på
371 1415 93 27 löpande
480 1415 91 26 räkning
586 1415 45 20 mot
646 1414 54 22 2.
728 1414 43 21 Det
785 1416 24 19 är
822 1414 48 21 icke
885 1414 144 27 besparingar,

204 1450 47 15 som
269 1443 28 27 på
315 1443 61 21 detta
394 1445 44 19 sätt
456 1443 96 25 insättas,
568 1444 52 19 utan
639 1442 33 21 för
686 1441 49 22 kort
749 1442 32 21 tid
795 1442 120 27 disponibla
929 1447 100 20 summor,

205 1473 41 20 och
268 1471 131 22 beträffande
422 1471 62 21 dessa
506 1471 35 20 mä
563 1477 50 14 man
635 1472 53 24 göra
710 1470 38 21 allt
766 1470 32 21 för
817 1472 32 19 att
867 1471 26 20 de
908 1471 46 20 icke
969 1470 61 21 skola

205 1501 86 21 komma
305 1500 22 21 in
341 1500 8 20 i
364 1499 193 27 postsparbanken.
587 1498 51 21 Med
653 1498 114 26 anledning
780 1497 23 22 af
815 1498 50 21 herr
880 1499 102 26 Ignatius'
993 1503 37 16 an-

204 1528 113 27 märkning
336 1528 75 21 derom
433 1529 33 19 att
484 1527 194 26 poststationernas
693 1525 145 22 föreständare
853 1527 55 26 tagit
922 1528 58 19 emot
994 1526 37 21 be-

203 1556 94 27 tydande
312 1556 104 27 peningar
430 1555 24 21 af
466 1555 144 21 allmänheten
625 1555 7 20 i
648 1554 40 21 och
698 1554 33 22 för
742 1554 137 27 försändning
888 1555 50 21 med
948 1556 82 26 posten;
