1098 1745
384 138 93 23 Borgarest.
489 138 44 19 1885.
558 138 16 19 31
588 139 38 18 Jan.
820 147 2 3 s
876 141 23 17 85

92 203 105 23 Puumala
211 203 35 20 vid
261 202 88 26 Viborg,
365 201 86 22 komme
465 201 123 25 kostnaden,
600 202 86 21 utöfver
701 203 221 26 anläggningskapita-

92 234 31 20 let
141 231 33 21 för
192 237 26 15 en
237 230 101 27 engrenig
356 230 58 21 bana
432 231 32 20 att
482 230 55 26 stiga
554 230 34 23 till
609 230 57 21 elfva
685 231 40 20 och
745 237 26 15 en
790 231 46 21 half
848 231 74 27 miljon

92 259 68 26 mark,
178 262 60 19 utom
256 258 121 21 kostnaden
393 258 33 21 för
441 257 141 27 öfvergången
597 259 38 20 vid
650 259 104 21 Puumala
769 259 39 22 och
823 259 99 22 Heinola.

92 289 52 21 Med
162 288 61 21 dessa
241 287 70 21 siffror
329 287 34 20 för
381 288 89 25 ögonen,
489 287 61 20 torde
570 292 52 15 man
640 287 35 21 väl
693 287 69 22 måsta
780 283 92 26 besinnd
883 288 38 27 sig,

92 317 74 21 förrän
184 315 80 22 sådana
282 321 95 14 summor
395 314 72 21 anslås
485 315 33 20 till
532 314 116 22 utförande
663 315 23 21 af
699 315 75 27 banor,
790 322 44 15 som
850 316 84 21 säkert:

93 346 18 26 ej
128 345 86 20 komma
231 345 33 20 att
283 343 91 21 rendera
388 343 125 26 tillräckligt
527 343 34 21 för
576 344 33 20 att
625 343 91 22 betäcka
731 344 190 22 trafikkostnaden.

93 374 42 26 Jag
153 373 79 21 tillåter
249 372 44 26 mig
311 373 33 20 att
364 373 27 19 än
410 377 26 15 en
454 371 57 27 gång
528 377 108 21 upprepa:
656 371 84 22 förenas
755 373 49 21 hela
819 373 102 22 Savolaks

93 401 65 22 trafik
172 401 28 26 på
215 407 25 14 en
256 400 101 26 engrenig
371 400 63 25 bana,
450 399 86 21 komma
546 399 212 23 trafikkostnaderna
770 402 108 21 sannolikt
889 403 33 19 att

94 429 110 26 betäckas;
219 434 47 15 men
282 428 94 21 fördelas
391 428 41 20 den
447 428 28 26 på
489 430 83 23 tvenne,
588 434 65 20 synes
669 429 43 26 mig
727 429 59 21 detta
802 430 101 27 omöjligt.

200 457 68 21 andra
286 456 71 21 sidan:
376 456 57 21 hvad
452 455 68 22 skulle
538 455 47 22 icke
600 456 75 21 kunna
690 459 92 19 uträttas
797 458 48 21 med
860 459 62 20 dessa

94 492 94 15 summor
206 485 24 22 af
244 485 33 26 sju
296 484 40 21 och
355 490 26 15 en
397 483 46 22 half
460 485 51 20 eller
529 484 56 21 elfva
604 485 41 20 och
664 491 26 15 en
705 485 47 21 half
764 485 74 27 miljon
853 486 67 21 mark.

93 515 34 21 De
142 514 67 21 skulle
224 513 66 22 förslå
304 513 60 20 såväl
378 513 33 20 till
426 512 112 22 utförande
554 512 22 21 af
590 513 222 26 Björneborgsbanan,
828 521 45 14 som
888 515 33 20 till

95 545 33 20 att
146 543 91 26 utdraga
255 541 41 22 den
312 541 115 26 engreniga
443 541 176 21 Savolaksbanan
634 541 33 21 till
681 541 88 27 kusten;
785 543 51 20 eller
850 543 71 20 kunde

95 577 51 16 man
164 570 93 27 anknyta
275 569 117 27 Jyväskylä
410 569 49 22 med
478 569 129 22 Vasabanan
628 570 40 21 och
683 570 102 27 derjemte
799 571 71 21 utföra
884 571 37 21 ba-

95 606 43 15 nan
152 599 78 21 mellan
245 598 81 27 Viborg
343 598 40 21 och
398 598 86 25 Imatra,
500 598 51 21 eller
566 598 108 27 slutligen,
690 605 34 14 om
740 599 75 22 endast
830 599 40 22 den
884 599 36 21 ka-

95 627 71 22 relska
181 627 69 21 banan
269 627 69 21 skulle
356 626 87 22 komma
457 627 33 20 till
505 626 121 26 utförande,
642 627 68 21 skulle
726 627 60 22 detta
803 628 117 21 öfverskott

94 656 92 21 betäcka
200 661 46 16 mer
260 657 28 19 än
303 655 82 21 hälften
401 655 23 21 af
438 655 153 21 omkostnaden
606 655 36 21 för
656 656 128 21 densamma.

164 684 34 21 Då
210 685 37 26 jag
260 683 117 27 ingalunda
392 683 37 21 vill
444 685 103 20 motsätta
561 683 44 26 mig
621 689 27 15 en
663 685 74 20 remiss
752 684 24 21 af
789 685 40 20 den
844 685 76 26 ifråga-

95 713 93 21 varande
205 713 124 26 petitionen,
349 718 46 15 som
413 712 49 21 med
480 712 114 27 sympatier
612 712 118 26 omfattats,
746 719 34 15 om
796 713 64 21 också
875 713 63 28 icke
932 708 10 37 .

95 742 23 21 af
135 748 26 15 en
176 741 108 27 pluralitet
302 741 58 20 inom
379 740 73 21 landet
469 740 25 21 så
511 740 55 21 dock
585 739 23 22 af
626 746 27 15 en
671 741 120 26 betydande
806 741 114 26 minoritet,

95 770 95 21 anhåller
206 770 37 27 jag
260 771 32 19 att
308 769 209 26 jernvägsutskottet
535 769 35 20 vid
589 769 50 20 dess
658 769 128 27 behandling
804 770 48 21 ville
868 776 53 21 egna

94 799 75 26 frågan
192 798 28 21 all
242 797 125 26 erforderlig
389 797 197 27 uppmärksamhet,
604 803 50 15 men
673 798 115 26 ingalunda
806 798 115 27 uppskjuta

94 827 49 21 dess
158 827 85 26 slutliga
257 825 116 27 afgörande
385 826 33 21 till
429 827 62 20 nästa
503 826 152 26 ständermöte,
667 828 51 19 utan
730 827 67 20 redan
807 827 35 20 vid
852 827 70 20 denna

94 855 103 26 landtdag
215 855 61 25 lägga
294 854 59 20 hand
371 854 37 20 vid
427 854 48 21 dess
490 854 86 26 slutliga
590 854 86 27 lösning
691 855 39 20 och
746 857 38 24 att,
800 855 7 20 i
821 855 100 21 händelse

94 884 42 21 den
154 883 113 26 engreniga
285 882 71 21 banan
375 882 70 21 skulle
464 882 23 21 af
500 882 106 21 utskottet
621 882 151 22 företrädesvis
786 883 88 21 föreslås
888 883 33 21 till

94 911 118 26 utförande,
232 911 36 21 det
283 911 27 21 då
325 910 103 27 derjemte
443 911 50 21 ville
507 910 129 26 undersöka,
652 911 106 21 huruvida
773 912 18 26 ej
807 912 68 21 medel
890 912 31 20 fö-

94 940 92 22 refinnas
204 941 32 19 att
252 940 66 26 jemte
337 940 71 20 denna
427 939 116 27 engreniga
557 939 57 21 bana
629 940 45 21 låta
688 940 72 21 utföra
775 940 63 21 äfven
852 940 69 26 någon

94 969 52 21 eller
161 968 65 26 några
241 968 23 21 af
278 968 26 20 de
319 968 7 20 i
343 968 36 20 det
394 967 128 27 föregående
537 968 93 20 nämnda
647 968 72 26 banor,
736 974 34 15 om
785 968 72 22 hvilka
867 969 53 27 peti-

94 998 70 21 tioner
182 996 47 22 från
248 996 57 21 olika
323 996 60 21 delar
401 996 24 21 af
441 996 74 21 landet
533 996 111 26 föreligga.
673 997 41 26 Jag
730 997 95 21 anhåller
840 999 31 19 att
886 997 35 21 vid

94 1026 74 21 remiss
186 1025 23 21 af
226 1025 40 21 den
284 1024 148 27 föreliggande
451 1024 118 27 petitionen
587 1024 34 22 till
638 1025 206 27 jernvägsutskottet
862 1026 60 21 detta

94 1054 110 21 utlåtande
219 1053 67 21 måtte
300 1053 91 26 bifogas.

163 1082 55 21 Herr
232 1082 140 27 Tallgvist:
388 1082 42 26 Jag
445 1081 33 21 för
493 1081 44 21 min
552 1081 35 21 del
602 1088 64 15 anser
680 1082 37 21 det
731 1082 129 27 fullkomligt
870 1084 51 20 onö-

94 1111 46 26 digt
158 1112 32 20 att
208 1110 33 21 för
259 1110 134 21 närvarande
408 1110 63 26 spilla
486 1110 32 21 tid
532 1110 29 27 på
576 1116 26 15 en
617 1110 122 22 diskussion
756 1117 34 15 om
805 1111 40 21 den
861 1117 60 15 savo-

94 1139 76 21 lakska
184 1138 116 27 jernvägen
318 1138 41 22 och
377 1138 40 22 har
436 1138 76 26 begärt
527 1138 61 22 ordet
604 1138 76 22 endast
695 1138 33 22 för
742 1141 33 19 att
790 1139 82 26 föreslå,
889 1141 32 19 att

94 1168 40 21 den
153 1167 143 27 föreliggande
314 1167 120 27 petitionen
453 1167 18 27 ej
491 1166 69 22 skulle
578 1162 106 36 föranleda
693 1168 49 20 -till
760 1167 70 27 någon
846 1168 75 26 åtgärd

93 1196 48 21 från
156 1195 187 27 borgareståndets
359 1195 52 21 sida.
442 1195 38 21 Uti
495 1196 61 20 Hans
570 1195 112 27 Majestäts
697 1196 78 26 nådiga
789 1196 132 27 proposition

94 1225 41 21 N:o
152 1224 33 26 13,
200 1224 91 22 rörande
306 1230 27 15 en
345 1224 91 26 jernväg
451 1224 48 21 från
513 1224 86 26 Kuopio
615 1224 60 21 öfver
690 1224 32 22 S:t
736 1224 78 22 Michel
828 1225 34 21 till
871 1225 51 21 Kai-

94 1254 60 26 piais,
170 1252 48 27 ingå
233 1252 65 22 bland
313 1252 95 22 motiven
427 1252 66 22 också
511 1258 27 16 en
556 1252 92 22 relation
664 1252 22 22 af
699 1253 26 21 de
740 1253 77 27 många
831 1253 89 27 projekt,

94 1288 46 15 som
162 1281 68 21 blifvit
247 1281 127 21 framstälda
391 1281 92 21 rörande
501 1281 36 21 det
555 1281 99 26 nordliga
672 1281 104 21 Savolaks
794 1282 128 21 förbindelse

94 1310 49 21 med
157 1309 65 22 redan
240 1309 110 26 befintliga
367 1309 116 27 jernvägar
497 1309 32 21 uti
544 1309 81 21 landet.
656 1310 47 21 Den
717 1309 124 28 tvågreniga
857 1310 64 21 Savo-

93 1338 120 22 laksbanan
231 1338 96 21 kommer
342 1337 84 22 således
441 1338 66 21 redan
523 1337 23 22 af
560 1338 60 20 detta
635 1337 47 22 skäl
697 1339 68 20 under
780 1339 120 20 diskussion
914 1339 7 20 i

91 1366 213 28 jernvägsutskottet.
334 1366 87 27 Frågan
436 1366 39 21 har
485 1366 109 21 dessutom
605 1366 71 21 blifvit
686 1367 48 21 med
744 1367 77 21 sådant
831 1367 90 21 intresse

94 1395 123 22 diskuterad
235 1395 7 20 i
260 1395 41 21 den
320 1395 87 26 dagliga
425 1401 94 20 pressen,
539 1396 33 20 att
584 1395 208 26 jernvägsutskottet
808 1396 113 27 omöjligen

93 1424 43 21 kan
155 1423 111 22 underlåta
285 1425 32 20 att
336 1423 36 21 vid
391 1423 173 28 propositionens
579 1423 130 27 behandling
724 1423 28 28 på
767 1424 36 21 det
818 1424 104 26 sorgfälli-

93 1454 60 25 gaste
171 1452 112 26 öfverväga
301 1451 124 22 fördelarna
444 1451 23 21 af
481 1452 26 21 de
522 1451 106 22 särskilda
642 1452 218 27 jernvägsprojekten,
876 1458 46 15 som

92 1481 65 21 hafva
168 1481 33 20 för
212 1480 128 22 savolakska
347 1480 73 21 banan
431 1479 71 22 blifvit
513 1480 143 27 uppkastade.
679 1481 43 20 Det
732 1482 24 19 är
767 1481 88 20 alldeles
865 1480 57 22 klart

93 1512 32 19 att
143 1509 104 22 utskottet
265 1509 36 21 vid
319 1510 32 20 ett
370 1510 90 20 motsatt
478 1508 123 21 förfarande
621 1508 70 22 skulle
705 1509 83 21 riskera
802 1511 33 19 att
849 1508 21 22 få
884 1509 39 22 sitt

93 1537 109 23 utlåtande
217 1537 132 22 omedelbart
364 1537 48 21 från
427 1537 91 21 stånden
533 1537 188 22 äterremitteradt.
744 1537 34 22 Då
788 1537 81 22 således
880 1537 43 22 frä-
