1095 1731
222 128 23 17 10
489 127 92 22 Borgarest.
594 126 43 19 1885.
661 127 22 18 20
695 127 36 18 Jan.

199 196 158 22 sekreterarens
372 195 73 21 arbete
459 201 28 14 nu
502 201 50 15 vore
566 195 81 22 mindre
663 197 26 20 än
704 196 36 21 vid
754 196 126 27 föregående
894 197 127 27 landtdagar

198 225 47 21 icke
260 227 23 19 är
298 224 101 21 hållbart.
430 223 93 22 Ständen
537 224 64 21 hafva
615 224 38 21 allt
669 224 64 21 sedan
749 225 54 21 1863
814 225 34 21 års
859 225 103 27 landtdag
975 225 46 22 haft

199 253 138 27 stenografer.
369 252 113 21 Skilnaden
505 254 24 19 är
551 253 74 20 endast
646 253 47 26 den,
717 255 31 19 att
769 253 89 22 stånden
877 253 70 22 tillika
964 254 57 21 förut

198 282 47 21 haft
260 288 25 15 en
300 281 34 22 för
349 281 202 26 protokollföringen
569 280 100 27 ansvarig
686 282 89 21 notarie.
804 282 66 21 Detta
888 282 133 22 förhållande

198 311 39 20 har
252 317 29 14 nu
296 309 112 22 efterhand
423 309 86 22 ändrats
524 309 86 26 derhän,
629 311 32 20 att
677 315 25 16 en
718 310 23 21 af
753 310 161 27 stenograferna
928 311 41 21 fått
983 317 38 15 no-

198 339 79 21 tariens
292 338 98 27 uppdrag
404 337 32 27 sig
451 337 125 22 anförtrodt.

267 367 55 21 Herr
338 367 101 20 Ervast:
455 367 41 25 Jag
511 365 82 27 syftade
613 366 36 21 vid
667 367 30 20 tal
716 373 33 14 om
764 367 128 22 förändrade
906 367 115 22 förhållan-

199 396 41 20 den
259 395 27 26 på
304 395 74 26 längre
393 395 55 20 tider
463 395 88 20 tillbaka
567 396 26 19 än
610 395 53 21 1863
679 395 34 20 års
728 395 107 27 landtdag.
866 396 42 21 Det
922 398 25 19 är
961 397 7 20 i
979 396 40 21 allo

198 423 80 22 bekant
293 425 31 20 att
344 423 131 26 stenografer
493 423 64 21 sedan
576 423 47 20 dess
642 423 93 27 betjenat
753 424 95 21 stånden.
878 425 42 20 Det
939 424 22 21 af
978 425 43 26 mig

199 452 109 27 påpekade
322 451 194 22 missförhållandet
535 451 88 21 emellan
642 451 82 22 stånds-
743 453 38 20 och
796 453 224 21 utskottssekreterar-

198 487 37 15 nes
250 481 118 21 lönevilkor
383 480 39 21 har
434 480 45 27 just
494 480 132 27 uppkommit
645 480 70 21 derför
731 482 31 19 att
776 487 49 14 man
840 481 35 21 vid
890 481 131 22 anställande

198 510 23 21 af
235 509 132 27 stenografer
386 509 18 27 ej
420 511 36 24 tog
471 509 81 26 hänsyn
567 509 33 21 till
618 508 70 22 denna
702 508 122 28 förändring
839 510 6 20 i
861 510 160 21 förhållandena

198 538 40 21 och
253 538 59 21 detta
328 538 40 20 har
382 538 66 20 sedan
463 537 89 27 fortgått
566 537 102 27 landtdag
687 537 52 21 efter
757 538 103 26 landtdag
875 538 27 26 på
917 539 68 25 grund
1000 538 22 21 af

198 566 90 27 gammal
303 566 59 21 häfd.
391 566 42 21 Det
452 568 23 18 är
494 566 27 27 på
540 566 69 20 denna
625 566 69 26 grund
709 566 37 26 jag
763 573 29 14 nu
809 566 65 27 yrkar
893 566 27 28 på
939 573 26 15 en
979 566 42 21 för-

199 596 90 25 ändring
303 595 23 21 af
340 594 147 26 förhållandet,
503 594 55 21 dock
573 594 47 21 icke
635 594 69 21 såsom
719 594 48 21 herr
781 595 117 21 Rönnbäck
913 595 108 26 föreslagit

198 630 76 20 genom
289 630 25 14 en
330 623 87 27 höjning
432 623 22 21 af
467 622 265 22 utskottssekreterarenes
743 624 98 26 arvoden,
853 623 72 21 hvilka
932 624 37 26 jag
983 630 37 14 an-

198 658 34 15 ser
246 658 51 15 vara
311 651 50 21 fullt
375 651 133 27 tillräckliga,
524 653 52 19 utan
591 657 76 21 genom
683 657 26 15 en
723 652 104 26 sänkning
842 652 23 21 af
877 652 144 22 ståndssekre-

197 683 113 19 terarenes.

267 709 55 21 Herr
345 708 148 22 Rönnbäck:
516 708 34 21 Då
572 709 48 20 herr
639 708 77 21 Ervast
733 708 46 22 icke
797 708 65 22 afsett
880 709 141 22 förhållandet

198 738 35 20 vid
249 738 55 21 1863
318 737 36 21 års
369 737 107 26 landtdag,
489 737 75 21 tänker
579 738 42 20 han
635 737 35 20 väl
685 737 26 27 på
725 737 127 27 landtdagen
868 738 24 20 år
903 738 61 21 1809.
979 738 42 26 Jag

198 772 49 21 eger
263 766 17 26 ej
297 766 41 21 den
357 765 114 21 historiska
489 766 104 26 kunskap,
613 767 32 19 att
657 765 37 27 jag
709 765 66 22 skulle
793 766 72 21 känna
883 766 88 21 arvodet
988 766 33 22 för

199 794 221 22 ståndssekreterarne
435 794 28 26 på
481 794 69 21 denna
568 794 39 21 tid.
636 794 49 21 Men
700 794 61 21 äfven
776 800 34 16 om
825 794 146 27 aflöningarna
985 795 36 21 vid

200 824 54 20 1863
270 823 33 21 års
318 823 103 25 landtdag
440 822 102 22 bestämts
561 822 53 22 efter
632 822 40 22 den
691 822 120 27 måttstock,
831 829 45 15 som
895 823 76 27 följdes
985 824 36 20 vid

200 852 54 21 1809
269 852 34 20 års
318 851 109 27 landtdag,
443 851 23 21 så
481 853 46 19 tror
542 852 37 26 jag
597 851 65 21 likväl
681 853 32 19 att
730 851 94 22 tidernas
842 852 76 26 dyrhet
937 852 39 21 och
995 852 26 21 de

199 880 68 21 ökade
282 880 214 26 landtdagsarbetena
511 881 76 25 utgöra
602 879 127 27 tillräckliga
743 880 45 21 skäl
803 880 33 21 för
850 882 32 19 att
900 880 121 22 ståndssek-

199 911 131 19 reterarenes
346 908 93 21 arvoden
454 908 65 21 måtte
535 908 65 21 blifva
615 908 146 21 oförändrade.

268 937 69 22 Sedan
353 936 147 22 diskussionen
515 936 94 22 härefter
622 936 114 22 förklarats
746 937 98 26 afslutad,
858 938 70 21 beslöt
937 938 84 21 ståndet

199 968 31 19 att
245 966 49 21 herr
309 967 89 20 Ervasts
412 965 84 27 förslag,
513 967 32 20 att
560 965 85 22 ståndet
659 965 68 22 skulle
741 966 32 21 till
788 967 159 21 statsutskottet
957 967 64 21 aflåta

200 1001 25 15 en
247 995 111 21 skrifvelse
382 995 7 20 i
408 994 56 27 syfte
477 996 32 19 att
523 994 170 21 sekreterarenes
712 995 7 20 i
733 995 147 26 ridderskapet
898 995 39 21 och
953 996 67 26 adeln,

199 1025 79 25 preste-
299 1023 39 21 och
357 1023 180 26 borgarestånden
555 1023 60 21 löner
632 1023 67 20 borde
717 1023 107 22 nedsättas
846 1024 33 21 till
897 1025 42 21 600
953 1024 67 27 mark,

199 1052 46 21 icke
271 1052 68 21 skulle
365 1051 109 22 föranleda
503 1051 31 22 till
561 1051 70 27 någon
657 1051 71 22 vidare
753 1051 74 28 åtgärd
852 1052 48 21 från
926 1053 95 22 ständets

199 1081 52 21 sida.

218 1111 2 3 *
267 1109 31 21 På
312 1109 131 27 uppmaning
461 1109 22 21 af
499 1109 50 21 herr
567 1109 124 21 talmannen
709 1109 62 22 skred
790 1109 84 22 ståndet
895 1117 28 14 nu
941 1111 32 20 till
988 1111 34 21 val

200 1138 21 21 af
242 1138 133 21 sekreterare
394 1137 39 22 och
452 1138 72 27 utsågs
543 1137 73 22 härtill
634 1137 45 22 vice
698 1137 192 28 häradshöfdingen
912 1139 109 21 Mauritz

199 1167 137 26 Hornborg
352 1166 48 21 med
415 1167 28 20 50
458 1168 73 19 röster.
562 1166 29 21 Af
609 1166 25 21 de
653 1166 66 27 öfrige
737 1167 121 21 sökandene
876 1167 66 22 erhöll
959 1168 63 27 juris-

199 1195 129 22 kandidaten
344 1195 80 21 Gustaf
437 1195 126 21 Sucksdorff
576 1195 10 21 1
603 1197 50 19 röst.

267 1223 147 22 Underrättad
430 1230 34 15 om
479 1224 68 21 valets
562 1223 80 27 utgång
657 1223 73 22 infann
745 1224 30 26 sig
790 1225 49 20 herr
854 1224 113 27 Hornborg
983 1225 39 20 och

199 1253 96 20 helsades
317 1252 23 21 af
361 1253 49 20 herr
432 1253 122 21 talmannen
576 1252 135 21 välkommen
733 1254 54 20 samt
808 1253 60 26 intog
892 1253 32 21 sin
942 1253 55 27 plats
1015 1254 7 20 i

199 1281 89 22 ståndet.

268 1350 41 21 Vid
323 1349 95 22 härefter
433 1349 115 22 förrättadt
563 1349 35 22 val
613 1349 22 22 af
649 1350 26 21 de
690 1352 75 19 tvenne
780 1350 143 27 medlemmar,
939 1351 84 21 ståndet

200 1379 51 26 egde
266 1381 47 19 utse
328 1379 7 21 i
352 1378 240 26 talmanskonferensen,
608 1378 86 27 utsågos
705 1379 69 21 dertill
783 1379 49 21 herr
847 1380 118 26 Eneberg
975 1380 48 21 med
1038 1401 4 3 .

199 1408 27 21 47
243 1408 39 20 och
297 1408 50 21 herr
362 1408 137 21 Lindblom
515 1408 49 21 med
579 1408 27 20 27
622 1409 75 19 röster.
716 1408 40 20 Till
771 1408 111 27 suppleant
892 1408 72 27 utsågs
975 1408 48 22 herr

200 1436 152 27 Helsingius
368 1436 48 22 med
431 1437 27 20 41
474 1438 75 20 röster.

270 1512 31 20 På
315 1511 81 27 förslag
411 1511 23 22 af
447 1512 75 21 herrar
537 1511 102 26 Hoving
654 1510 40 22 och
709 1510 96 28 Nybom
816 1511 68 21 beslöt
894 1511 84 22 ståndet
993 1514 31 19 att

201 1540 143 22 elektorernas
363 1540 58 22 antal
440 1540 62 22 äfven
520 1540 37 21 vid
574 1539 144 24 innevarande
735 1539 102 27 landtdag
851 1540 68 22 skulle
934 1540 92 22 bestäm-
