1100 1745
342 128 94 23 Bärgarest.
447 128 43 19 1885.
514 128 10 19 2
536 129 46 18 Febr.
821 130 34 18 193

58 202 56 23 bruk
135 200 28 27 pä
185 201 31 19 ett
236 198 86 21 afstånd
337 198 23 21 af
376 197 58 22 cirka
451 198 14 21 3
479 199 64 25 verst,
559 197 39 27 går
615 199 74 21 vidare
704 199 43 20 tätt
761 198 55 21 förbi
832 199 46 26 Sip-

74 231 34 22 ola
129 228 67 27 kyrka
218 229 52 19 nära
287 227 55 20 intill
358 227 38 20 der
410 226 90 27 belägna
515 226 115 27 vattensäg
647 228 55 19 samt
715 227 73 21 vidare
803 232 76 21 genom

68 257 90 22 Liikkala
180 258 58 19 stora.
259 255 34 27 by,
315 255 28 26 pä
366 256 32 20 ett
419 255 84 21 afständ
522 254 24 21 af
562 255 62 21 cirka
642 255 10 21 1
657 255 48 20 mil
720 255 47 21 från
783 255 95 27 Ingerois

59 287 54 22 bruk
134 285 34 22 till
190 284 114 25 Tavastila,
320 284 39 20 der
381 283 40 21 den
442 283 86 21 förenar
550 283 32 26 sig
606 283 50 21 med
674 283 65 21 linien
754 284 125 21 Kouvola—

58 311 84 62 Kotkan
166 342 40 21 gen
228 341 39 20 har
285 340 89 21 härmed
387 339 115 27 ingalunda
516 339 56 21 velat
588 341 56 25 säga
658 341 32 20 att
704 345 26 16 en
747 340 66 21 sådan
829 341 49 21 linie

59 369 196 29 Kaipiais—Kotka
270 374 51 15 vore
335 370 33 19 att
382 368 134 27 föredragas;
531 369 95 28 tvärtom
638 374 64 21 synas
715 368 84 27 mycket
806 369 74 22 starka

60 400 47 22 skäl
129 399 44 21 tala
194 397 34 22 för
246 399 32 19 att
292 397 7 21 i
314 397 74 27 hvarje
402 397 102 21 händelse
519 396 63 21 linien
598 396 201 22 Kouvola—Kotka
812 397 68 22 borde

60 428 86 22 komma
167 427 33 21 till
222 426 122 25 utförande;
364 426 86 20 :stadens
472 425 80 20 önskan
570 425 40 20 har
633 426 76 20 endast
722 426 57 20 varit
794 428 38 24 att,
846 426 34 21 för

60 457 42 21 den
124 455 100 22 händelse
246 460 26 15 en
295 453 110 22 statsbana
420 453 68 21 skulle
503 453 164 26 ifrågakomma,
682 453 70 21 lemna
767 460 26 15 en
808 455 72 21 utred-

60 486 58 26 ning,
125 491 45 15 som
186 483 33 22 för
234 482 114 22 ständerna
363 482 114 26 möjliggör
492 481 46 21 fritt
553 481 34 21 val
600 482 93 21 emellan
704 482 26 21 de
743 482 57 21 olika
810 483 70 26 linier,

61 519 45 16 som
122 513 70 21 kunna
206 512 83 21 komma
304 511 68 20 under
388 510 126 21 diskussion.
544 509 80 22 Likaså
639 510 39 21 har
692 511 76 20 staden
782 511 19 26 ej
812 511 68 22 heller

62 543 34 21 för.
118 542 69 21 denna
208 539 101 22 händelse
327 539 59 21 velat
402 539 138 26 undandraga
554 538 32 27 sig
602 540 34 19 att
651 539 88 26 bidraga
754 539 33 20 till
802 539 79 22 företa-

62 572 48 26 gets
124 569 132 26 realisering,
263 569 51 20 utan
329 567 65 21 hafva
408 567 201 26 stadsfullmäktige,
626 567 71 21 såsom
709 567 24 21 af
739 567 86 27 bilagda
832 573 48 21 pro-

62 598 156 25 tokollsutdrag
232 595 99 27 framgår,
347 595 133 27 förpligtigat
494 595 32 26 sig
542 597 37 24 att,
595 601 35 15 om
646 595 28 27 på
689 596 140 21 statsverkets
844 596 36 21 be-

63 627 90 22 kostnad
170 632 24 15 en
208 625 89 27 jernväg
312 624 33 21 till
361 624 72 21 Kotka
447 624 84 21 komme
546 625 32 19 att
591 623 91 26 utföras,
694 630 44 15 som
750 624 75 27 bidrag
832 625 49 20 här-

63 656 33 21 till
106 655 71 21 lemna
187 654 45 21 Fm.
246 653 99 26 500,000,
357 659 34 14 om
407 653 67 20 banan
485 652 89 30 komme
583 648 39 38 att
636 653 61 21 ledas
713 652 47 21 från
775 653 105 26 Kouvola,

63 684 40 21 och
124 683 46 22 Fm.
192 682 98 27 400,000,
306 687 33 15 om
358 681 40 21 den
414 681 95 21 kommer
524 682 32 19 att
569 681 53 26 utgå
637 681 47 21 från
699 681 102 26 Kaipiais.
830 681 51 22 Med

64 712 86 27 ledning
172 711 22 21 af
215 710 38 21 allt
271 710 36 21 det
322 709 90 22 anförda
427 709 32 21 får
472 709 38 27 jag
524 709 38 21 hos
578 709 109 27 vällofliga
701 709 181 27 Borgareståndet

64 741 109 21 vördsamt
187 739 117 25 hemställa,
321 738 36 21 det
372 738 50 21 ville
436 738 86 21 ståndet
536 743 45 15 som
596 738 34 21 sin
647 740 93 25 upptaga
755 744 26 15 en
792 739 89 26 petition

64 770 73 21 derom
153 770 31 19 att
198 768 98 26 antingen

234 802 29 33 A)
283 810 27 15 en
323 801 118 30 jernbana
457 801 57 30 från
532 801 95 31 lämplig
640 802 78 30 punkt
735 801 14 24 å
760 803 122 28 statsjern-

167 841 100 27 vägarne
290 836 35 24 till
346 836 79 23 Kotka
446 835 68 24 måtte
535 835 34 31 pä
590 836 149 24 statsverkets
761 836 122 24 bekostnad

167 872 89 29 utföras
278 872 57 22 emot
357 870 38 23 det
418 872 33 21 att
470 870 82 24 staden
573 870 87 31 Kotka,
683 871 9 23 i
714 871 98 30 enlighet.
832 871 52 24 med

168 907 51 23 dess
236 906 80 23 härom
332 904 91 29 fattade
441 904 78 29 beslut,
537 912 48 15 som
603 904 84 31 bidrag
704 905 80 23 härtill
796 905 88 24 lemmar

168 939 52 25 Fm.
241 939 207 30 femhundratusen
466 937 135 33 (500,000),
620 939 78 23 derest
723 939 75 23 banan
822 939 61 24 kom-

168 982 48 16 mer
234 976 33 21 att
283 973 55 30 utgä
354 973 58 29 frän
423 972 113 30 Kouvola,
556 972 55 24 eller
628 972 54 24 Fm.
698 973 186 30 fyrahundratu-

168 1017 40 17 sen
230 1006 135 34 (400,000),
388 1007 76 24 derest
489 1007 132 23 densamma
647 1007 100 24 kommer
769 1009 34 22 att
820 1007 63 24 ledas

167 1043 56 30 frän
240 1042 125 30 Kaipiais;
384 1041 55 24 eller
457 1041 39 24 ock

236 1077 28 28 B)
283 1078 33 21 att
333 1076 78 23 derest
428 1083 28 16 en
469 1076 101 29 jernväg
587 1075 35 23 till
639 1076 79 23 Kotka
736 1076 99 23 kommer
852 1078 34 21 att

167 1118 79 23 genom
263 1111 78 23 Kotka
358 1110 73 29 stads,
450 1110 76 29 bolags
544 1109 55 24 eller
616 1110 91 23 enskild
720 1118 98 22 persons
835 1110 49 29 för-

169 1153 53 22 sorg
239 1144 97 30 utföras,
355 1144 136 24 statsverket
508 1144 74 23 såsom
600 1143 84 32 bidrag
700 1144 79 23 härtill
796 1144 90 30 utöfver

170 1179 43 24 den
231 1179 29 30 af
273 1179 68 24 Hans
359 1178 135 31 Kejserliga
512 1179 113 28 Majestät
642 1177 121 25 allaredan
776 1179 110 29 beviljade

170 1213 159 24 subventionen
346 1213 35 30 på
400 1213 112 29 600,000
530 1212 52 24 Fm.
601 1212 69 24 måtte
682 1221 30 15 ur
723 1213 30 29 af
761 1213 126 24 ständerna

170 1248 109 24 anvisade
295 1247 73 24 medel
384 1247 40 29 för
440 1247 113 30 företaget
570 1247 74 23 lemna
662 1249 32 22 ett
706 1248 181 23 amortisations-

172 1283 38 23 lån
227 1282 34 30 pä
277 1281 200 24 niohundratusen
495 1280 127 33 (900,000)
641 1280 53 24 Fm.
709 1281 35 31 pä
761 1282 8 23 i
787 1281 100 30 hufvud-

171 1317 41 23 sak
234 1317 27 23 de
283 1316 9 23 i
313 1315 94 24 stadens
430 1314 272 31 koncessionsansökning
728 1316 97 30 angifna
845 1316 42 24 vil-

173 1351 69 24 koren
262 1352 59 22 samt
342 1352 35 22 att
398 1350 76 24 denna
499 1349 247 27 koncessionsansökan
767 1350 87 29 jemväl
880 1351 8 23 i

173 1385 71 30 öfrigt
260 1385 10 23 i
287 1385 40 24 det
342 1384 162 30 väsentligaste
522 1383 72 30 blefve
612 1383 101 30 bifallen.

140 1431 45 22 Och
206 1430 32 21 får
257 1430 37 27 jag
311 1429 87 22 anhålla
416 1429 37 21 det
470 1429 71 21 blefve
559 1429 59 21 detta
632 1429 211 26 petitionsmemoria!
856 1429 33 21 till

72 1459 141 26 vederbörligt
227 1458 83 22 utskott
324 1457 142 22 remitteradt.
484 1466 3 2 :

140 1498 137 27 Helsingfors,
293 1498 40 21 den
350 1498 27 21 14
391 1497 91 22 Januari
498 1497 61 22 1885.

610 1536 68 21 Oskar
693 1536 126 22 Backman."

800 1577 22 18 13
