1100 1745
366 129 92 23 Borgarest.
470 129 44 19 1885.
537 130 11 18 2
560 130 48 18 Febr.
846 132 33 17 173

142 199 62 22 Efter
224 199 70 20 slutad
313 199 129 26 uppläsning
460 199 23 21 af
500 199 241 26 petitionsmemorialet
758 201 75 21 tillade
851 201 51 21 herr

73 227 128 25 Sundvall
217 227 104 26 följande:

141 257 41 25 Jag
205 255 97 21 anhåller
322 257 32 19 att
373 255 48 21 mitt
439 255 185 27 petitionsförslag
644 257 66 21 måtte
729 257 121 22 remitteras
868 258 33 21 till

72 286 109 21 allmänna
198 283 201 22 besvärsutskottet.
433 284 41 26 Jag
493 285 36 20 vet
543 285 130 26 visserligen
690 287 31 19 att
737 287 31 20 ett
784 286 80 27 förslag
879 286 24 21 af

72 314 70 21 denna
157 314 34 19 art
206 312 120 27 egentligen
343 312 66 21 borde
425 313 121 20 remitteras
558 313 34 20 till
605 313 150 26 lagutskottet.
782 314 66 22 Detta
858 315 43 21 för-

71 342 47 26 slag
132 341 62 21 berör
203 340 53 21 dock
265 340 81 21 sädana
354 341 131 26 stadganden
494 341 6 20 i
510 341 69 26 lagen,
587 341 38 21 vid
634 342 84 21 hvilkas
726 343 90 27 ändring
824 343 78 27 mänga

72 370 117 27 omgängar
208 371 37 18 äro
260 368 109 26 förenade,
386 369 38 20 och
444 375 50 15 vore
513 369 36 21 det
567 369 76 21 derför
662 370 75 27 nödigt
752 373 31 19 att
798 371 104 28 förslaget

71 399 25 21 sä
114 398 64 26 tidigt
196 403 46 15 som
261 397 84 26 möjligt
363 397 151 21 behandlades.
547 397 42 27 Jag
609 397 86 22 fruktar
713 401 33 19 att
760 400 141 25 lagutskottet

72 427 66 21 redan
157 426 41 20 fätt
217 426 32 25 sig
268 425 24 20 sä
311 425 86 26 mycket
413 425 74 20 arbete
506 425 115 26 förelagdt,
642 428 31 19 att
692 427 36 20 det
744 428 46 20 icke
805 428 95 21 kommer

71 456 33 20 att
122 455 65 20 hinna
205 455 50 25 taga
273 453 56 21 notis
349 459 34 15 om
403 453 48 21 mitt
469 453 223 26 petitionsmemorial.
727 455 69 21 Sedan
816 456 85 21 ständet

72 485 77 25 vägrat
164 485 32 18 att
211 482 49 26 ingä
275 481 29 27 pä
319 481 37 21 det
371 481 88 27 förslag,
475 488 44 15 som
535 482 40 21 här
590 482 6 20 i
609 482 77 27 början
698 483 70 21 blifvit
778 483 122 22 framstäldt

70 511 25 22 af
108 511 51 22 herr
174 510 127 27 Chydenius,
315 510 107 26 nemligen
439 512 31 19 att
485 512 31 19 ett
531 511 66 20 skildt
612 511 203 27 grundlagsutskott
830 513 69 21 skulle

70 540 110 25 tillsättas,
204 539 136 26 hvarigenom
364 538 153 27 lagutskottets
536 539 75 20 arbete
632 539 56 22 hade
707 540 70 21 blifvit
796 541 104 27 betydligt

72 569 84 24 lättare,
176 567 24 21 sä
217 567 66 21 finnes
303 573 90 14 numera
411 567 47 21 icke
473 567 70 26 nägon
559 573 70 15 annan
645 570 66 25 utväg
726 571 32 18 att
773 569 21 20 fä
810 571 31 19 ett
856 569 42 21 för-

71 597 47 26 slag
137 596 24 21 af
177 596 69 21 denna
264 595 149 21 beskaffenhet
431 595 155 22 underkastadt
605 597 101 26 pröfning
721 599 26 19 än
764 599 31 19 att
810 597 88 22 hänvisa

70 625 38 21 det
122 625 34 20 till
172 624 106 21 allmänna
293 623 190 22 besvärsutkottet.

139 653 73 26 Enligt
227 652 154 27 petitionärens
397 652 81 26 förslag
493 652 70 21 beslöt
578 652 88 22 ständet
679 655 48 20 med
739 654 158 27 öfvervägande

70 681 111 28 pluralitet
195 681 109 20 remittera
320 680 51 21 herr
387 680 114 21 Sundvalls
516 681 150 26 föreliggande
682 683 215 26 petitionsmemorial

70 710 33 21 till
119 710 108 21 allmänna
242 709 201 21 besvärsutskottet.

138 795 56 21 Herr
209 794 147 27 Chydenius
372 794 99 27 uppläste
486 796 31 19 ett
533 794 22 21 af
569 795 80 21 honom
665 796 95 21 anmäldt
770 797 24 20 sä
803 797 93 26 lydande

68 823 222 28 petitionsmemorial:

173 886 8 10 y
184 869 50 21 Till
248 868 140 26 vällofliga
403 868 232 26 Borgareständet!

137 910 33 20 De
192 908 142 27 olägenheter,
358 914 46 15 som
423 908 86 21 vidläda
523 908 37 21 vär
574 908 228 28 folkrepresentations
816 910 78 22 fördel-

68 938 52 26 ning
138 938 27 26 pä
183 937 46 27 fyra
244 937 91 25 kamrar,
355 938 38 20 äro
413 937 90 21 allmänt
517 937 59 21 säväl
590 937 97 21 erkända
702 944 46 15 som
762 938 76 26 kända,
854 939 40 21 och

68 966 63 22 äfven
146 966 35 21 vid
195 965 144 21 innevarande
357 965 104 27 landtdag
475 965 28 21 ha
517 965 26 21 de
559 965 47 21 icke
621 966 84 21 kunnat
719 966 72 27 undgä
806 968 38 24 att,
860 974 34 14 om

68 994 65 22 också
154 994 76 22 hittills
252 994 76 21 endast
350 994 7 20 i
380 994 71 25 smått,
475 996 52 24 göra
549 994 31 26 sig
594 994 103 26 päminta.
729 994 166 22 Sammanfattar

68 1030 50 14 man
133 1024 61 20 dessa
209 1022 141 27 olägenheter,
367 1022 24 21 sä
405 1022 46 21 visa
467 1022 26 21 de
509 1022 31 26 sig
555 1022 150 27 förnämligast
723 1024 55 20 deri:
794 1026 32 18 att
840 1024 54 21 folk-

68 1051 205 27 representationens
295 1051 141 21 medlemmar
458 1050 86 22 komma
566 1052 33 20 att
617 1052 34 20 stä
663 1052 155 26 jemförelsevis
832 1052 62 22 frem-

67 1080 77 21 mande
158 1080 33 21 för
206 1080 118 20 hvarandra
339 1081 56 19 samt
410 1081 32 19 att
457 1079 241 22 hufvudföreträdarene
713 1080 23 21 af
750 1080 57 22 olika
816 1081 79 27 äsigter

68 1108 46 22 ofta
134 1115 42 20 nog
198 1108 46 21 icke
265 1108 87 21 komma
374 1109 32 19 att
421 1109 59 20 möta
494 1108 121 21 hvarandra
629 1108 7 20 i
651 1109 80 21 allmän
746 1109 74 21 debatt
835 1112 59 18 utom

68 1136 116 26 utskotten,
208 1138 54 20 samt
280 1136 7 21 i
306 1137 64 20 dessa
388 1136 63 21 äfven
467 1136 76 21 endast
557 1142 35 15 om
607 1136 119 22 händelsen
740 1137 33 21 för
788 1138 48 20 dem
851 1138 42 21 till-

67 1171 106 15 sammans
195 1166 8 20 i
224 1167 32 19 ett
278 1165 39 21 och
339 1171 83 15 samma
443 1164 94 27 utskott;
560 1166 32 20 att
609 1166 285 26 regeringsmedlemmarnes

68 1194 128 26 deltagande
214 1194 8 20 i
240 1194 325 26 landtdagsöfverläggningarne
587 1193 76 21 förblir
685 1194 113 21 inskränkt
819 1195 75 21 endast

66 1222 34 22 till
116 1224 31 20 ett
162 1222 68 26 ständ,
246 1222 158 26 Ridderskapet
419 1222 40 21 och
474 1222 75 26 Adeln,
565 1228 48 14 men
629 1224 32 19 att
676 1223 196 27 representationen
887 1224 7 20 i

67 1251 33 21 sin
115 1250 73 22 helhet
202 1252 24 20 är
240 1250 101 22 beröfvad
356 1251 84 21 tillfälle
455 1252 33 19 att
503 1250 27 27 pä
544 1251 126 26 regeringen
685 1251 74 21 utöfva
774 1252 36 20 det
824 1252 70 26 parla-

66 1279 132 22 mentariska
219 1279 115 27 inflytande
353 1286 27 14 en
395 1279 68 21 sädan
477 1279 160 27 gemensamhet
651 1280 7 20 i
675 1280 74 21 debatt
763 1280 88 26 medför,
866 1280 28 27 pä

66 1314 82 15 samma
169 1308 55 26 gång
242 1308 114 26 styrelsens
375 1308 78 20 ofrälse
471 1308 117 20 ledamöter
607 1320 25 2 —
648 1308 102 26 lagenligt
765 1309 129 20 åtminstone

66 1336 83 22 hälften
163 1336 23 21 af
200 1337 61 20 deras
275 1336 49 21 hela
339 1337 60 20 antal
414 1348 27 3 —
457 1338 38 19 äro
507 1336 86 21 alldeles
601 1336 155 27 undandragna
766 1337 126 26 detsamma;

67 1367 56 19 samt
138 1367 31 19 att
183 1365 98 26 slutligen
296 1365 110 26 uttrycket
421 1364 23 21 af
457 1365 27 20 de
499 1364 77 26 beslut,
592 1365 117 21 ständerna
719 1365 61 21 skola
794 1371 62 15 anses
866 1366 28 20 ha

66 1394 71 26 fattat,
154 1393 43 22 ofta
212 1393 40 21 blir
267 1393 93 26 osäkert,
376 1393 28 21 då
419 1393 37 21 det
471 1393 54 21 skall
540 1395 165 20 sammansättas
719 1393 47 22 från
777 1394 117 21 resultaten

66 1422 24 21 af
110 1422 121 26 voteringar
253 1422 7 20 i
282 1421 91 22 stånden
395 1421 92 22 rörande
509 1421 88 22 alldeles
620 1421 57 22 olika
696 1422 142 21 formulerade
853 1423 40 20 och

66 1450 104 21 affattade
185 1451 307 26 omröstningspropositioner.
514 1450 127 27 Isynnerhet
652 1452 25 19 är
684 1451 70 21 denna
762 1451 132 21 sistnämnda

65 1479 114 26 olägenhet
201 1479 23 21 af
243 1479 110 26 betänklig
376 1481 39 24 art,
439 1479 90 21 emedan
544 1479 41 20 den
600 1479 75 20 träffar
687 1479 46 27 just
747 1479 90 21 hufvud-
852 1479 41 21 och

65 1507 141 27 slutpunkten
224 1507 22 21 af
262 1507 165 27 landtdagarnes
446 1507 142 26 verksamhet,
604 1507 107 26 nemligen
726 1507 27 22 de
767 1507 125 22 uttalanden

65 1535 49 21 från
136 1536 124 21 ständernas
282 1536 52 26 sida,
358 1542 47 15 som
427 1535 62 22 skola
511 1536 66 21 varda
598 1535 109 22 bindande
721 1536 34 21 för
769 1536 41 21 den
826 1536 66 21 andra
