1100 1675
352 116 98 31 Bocparast.
461 116 44 29 1695.
520 112 26 46 JR
548 116 58 28 Faks.
835 119 35 24 329

65 185 115 24 frambålla
193 186 33 20 att
240 184 41 21 den
296 184 114 31 ojemnhet,
425 184 49 31 med
488 184 87 25 hvilken
588 184 163 27 ifrågavarande
761 185 58 21 skatt
830 186 62 21 drab-

65 216 41 20 bar
124 214 26 21 de
168 212 57 22 olika
242 212 174 26 skattdragande,
435 212 66 22 redan
519 212 8 21 i
549 212 41 21 och
608 212 34 21 för
660 212 33 27 sig
711 214 24 20 är
757 215 32 19 ett
807 215 84 20 väsent-

65 243 41 27 ligt
119 235 50 39 skäl
182 235 38 39 för”
230 235 46 39 dess
265 240 185 21 afskäfande.
475 241 11 3 —
619 241 89 3 TT

136 264 30 25 År
185 268 61 25 1881,
265 268 38 21 det
320 269 84 20 senaste
421 268 33 21 för
471 268 82 22 hvilket
572 268 89 21 allmänt
679 268 132 27 tillgängliga
825 268 66 22 siffer-

65 296 109 28 uppgifter
191 295 103 27 föreligga
311 296 8 21 i
334 296 106 23 statistisk
458 296 79 22 årsbok
558 295 111 26 angående
687 296 205 22 inkomstbevillnin-

65 328 49 24 gen;
129 324 99 28 utgjorde
242 324 159 27 totalbeloppet
419 324 24 21 af
458 325 71 20 denna
546 323 117 27 bevillning
680 324 93 26 860,356
792 325 43 23 mk.
851 325 40 26 och

66 347 84 39 antalet
163 357 101 45 pe
286 357 46 20 som
348 352 69 27 erlagt
431 353 129 26 densamma,
572 352 99 28 141,653.
687 352 51 21 Man
748 351 68 28 finner
830 352 64 28 häraf

66 378 33 25 att
108 378 16 32 i
141 375 79 35 medelt
258 368 75 40 Åvarje
350 386 85 21 person,
450 386 46 16 som
509 379 61 22 varit
586 377 147 24 underkastad
747 381 93 21 nämnda
855 381 36 21 be-

66 408 97 29 villning,
178 407 68 28 erlagt
267 408 6 21 6
288 407 62 23 mark
365 409 13 20 7
393 409 71 26 penni.

135 437 62 21 Huru
211 435 57 22 olika
283 436 69 21 denna
366 436 116 27 bevillning
496 436 94 21 drabbat
607 436 69 21 stads-
694 436 40 21 och
748 436 143 21 landtbefolk-

66 466 79 27 ningen
163 464 92 27 framgär
273 464 66 26 deraf,
358 466 39 24 att,
417 465 77 21 medan
512 464 218 27 stadsbefolkningen,
750 470 46 15 som
810 465 81 26 utgjort

65 493 216 30 inkomstbevillning,
297 492 91 27 uppgått
402 492 33 22 till
453 493 76 21 endast
542 491 63 27 21%
620 492 24 27 af
660 492 48 27 hela
721 493 84 26 antalet
819 498 71 21 perso-

66 528 45 20 ner,
122 518 81 25 hvilka
220 521 82 27 päförts
320 521 69 21 denna
408 521 122 26 bevillning,
549 521 63 20 deras
630 520 63 21 andel
710 521 7 20 i
735 520 156 27 totalbeloppet

66 550 57 23 dock
137 550 81 27 utgjort
231 549 28 22 59
266 549 26 24 %
307 549 53 21 eller
375 549 93 26 507,875
482 549 61 22 mark
558 550 59 20 emet
630 549 92 26 352,481
733 548 63 22 mark
803 549 88 26 erlagda

66 580 24 21 af
102 578 219 26 landsbefolkningen.
350 578 111 21 Beräknas
475 578 56 21 huru
546 578 86 26 mycket
645 577 8 21 i
667 577 100 21 medeltal
782 577 72 27 hvarje
869 576 23 22 af

66 608 28 20 de
111 606 142 27 bevillningen
271 606 159 21 underkastade
450 606 8 21 i
476 606 48 22 stad
543 606 40 21 och
602 606 28 26 pä
649 606 73 20 landet
737 601 84 37 erlagt;
834 601 57 37 skall

66 641 50 15 man
131 634 63 26 finna,
214 636 32 19 att
264 634 78 21 medan
360 634 74 27 hvarje
452 634 66 22 sådan
537 639 79 22 person
633 634 8 20 i
659 634 49 27 stad
722 634 69 26 erlagt
804 634 35 21 16:
848 629 42 36 mk.

66 664 28 21 96
109 670 29 20 p.,
153 662 26 22 de
193 662 28 27 pä
234 662 73 22 landet
322 662 82 27 päförts
420 662 75 22 endast
518 662 5 22 3
538 662 36 21 mk
591 662 27 22 15
632 668 22 20 p.
671 662 35 21 An
719 662 94 27 bjertare
827 661 63 22 fram-

67 691 45 22 står
124 691 43 21 den
182 691 83 26 ojenina
279 690 149 27 fördelningen
442 691 24 21 af
478 691 70 21 denna
562 690 123 27 bevillning,
701 696 35 18 om
751 690 99 24 afseende
859 690 32 21 fä-

67 721 43 20 stes
124 719 37 21 vid
175 718 26 22 de
216 718 57 22 olika
287 724 99 22 grupper,
402 719 32 21 uti
449 719 73 21 hvilka
536 719 8 21 i
558 718 107 22 statistisk
679 718 82 22 ärsbok'
772 718 42 21 den
823 718 68 22 skatt-

67 747 109 27 dragande
190 746 151 28 befolkningen
356 747 71 21 blifvit
440 747 104 21 fördelad.
574 747 51 21 Man
639 746 69 22 finner
722 746 35 26 då;
771 748 34 20 att
818 746 73 21 bevill-

67 776 78 26 ningen
159 776 71 26 tyngst
248 775 92 21 drabbat
359 776 41 20 den
418 775 67 21 första
506 781 108 21 gruppen,
628 775 21 21 d.
667 781 20 15 v.
704 781 19 15 s.
741 775 92 21 embets-
851 774 40 21 och

67 804 127 27 tjenstemän
216 805 55 19 samt
292 803 110 27 betjening
424 804 8 20 i
453 805 88 25 statens,
563 803 95 27 kyrkans
679 803 52 21 eller
751 803 140 21 kommunens

67 832 73 27 tjenst,
155 831 107 22 äfvensom
276 832 104 21 militärer
396 831 39 22 och
450 832 182 26 pensionstagare,
645 827 80 36 hvilkas
735 827 93 36 inkomst
839 832 52 19 nära

68 866 43 21 nog
124 859 29 28 pä
166 859 78 27 pennin
255 859 43 21 kan
313 859 24 21 af
349 859 225 27 bevillningskomitén
588 859 136 23 bestämmas.
746 859 68 21 Desse
827 858 64 21 hafva

68 888 8 21 i
90 887 101 22 medeltal
206 887 67 26 erlagt
288 888 29 21 20
330 887 38 21 mk
382 888 28 21 39
426 894 20 20 p.
468 887 94 22 Dernäst
575 887 63 27 följer
650 893 103 21 gruppen
762 887 128 26 handlande,

67 916 138 25 fabrikanter,
220 915 163 26 handtverkare,
398 916 101 21 industri-
514 915 40 22 och
569 915 163 27 näringsidkare
743 916 68 27 jemte:
823 915 67 22 biträ-

67 945 41 27 den
127 943 107 23 äfvensom
252 943 127 28 sjöfarande,
397 944 74 28 hvilka
488 944 8 21 i
514 944 101 21 medeltal
632 944 69 26 erlagt
720 944 27 21 16
768 944 44 21 mk.
831 945 17 20 6
868 949 22 21 p.

68 973 28 21 Så
109 972 97 22 kommer
222 978 96 21 gruppen
335 972 143 27 utländingar,
497 972 63 21 hvars
578 972 61 21 antal
656 972 91 27 uppgått
764 973 33 20 tili
815 972 75 21 endast

68 1001 62 28 1,917:
144 1000 50 23 med
208 1006 26 15 en
249 1000 115 27 bevillning
379 1000 23 21 af
416 1001 26 20 11
458 1000 36 21 mk
504 1001 29 21 92
548 1007 20 20 p.
583 1000 29 27 på
626 1006 84 21 person.
739 1000 101 22 Derefter
851 1000 39 21 föl-

64 1030 34 26 jer
117 1029 41 21 den
176 1028 112 22 talrikaste
305 1034 97 22 gruppen
421 1029 51 21 eller
490 1029 176 26 fastighetsegare
687 1028 6 21 i
711 1029 50 20 stad
781 1029 109 21 äfvensom

64 1058 114 27 jordegare
195 1057 40 22 och
253 1057 171 27 sytningstagare
442 1057 28 27 pä
488 1057 80 26 landet,
586 1057 118 27 utgörande
723 1057 62 27 52%
803 1057 23 22 af
842 1057 48 21 hela

67 1087 82 21 antalet
163 1086 140 27 bevillningen
317 1086 167 27 underkastade,
503 1086 49 21 med
570 1092 27 15 en:
615 1085 186 28 medelbevilining
819 1085 23 22 af
855 1091 35 15 en-

67 1115 49 22 dast
125 1115 19 22 '3
162 1114 36 22 mk
220 1115 26 21 11
269 1114 65 28 penni
351 1114 29 28 pä
397 1121 88 24 person;
504 1115 88 21 dernäst
610 1115 34 21 till
662 1114 52 29 yrke
728 1114 48 22 icke
790 1113 102 23 särskildt

67 1143 157 29 specificerade"
234 1143 107 28 personer,
352 1142 128 29 utgörande
498 1143 54 22 nära
571 1142 62 28 10%
652 1142 23 22 af
689 1142 52 22 hela
759 1143 82 21 antalet
855 1142 36 21 be-

67 1173 115 27 villningen
203 1172 164 26 underkastade,
390 1173 50 21 med
462 1179 26 15 en
497 1172 194 26 medelbevillning
709 1172 23 22 af
748 1172 14 23 2
776 1171 37 22 mk
828 1171 28 24 68
870 1176 20 22 p.

67 1203 57 20 samt
138 1202 39 21 sist
194 1201 149 22 arrendatorer
359 1201 40 22 och
415 1202 143 26 jordtorpare,
577 1200 121 29 utgörande
720 1199 59 25 14%
798 1195 48 38 med
860 1205 32 18 en

67 1230 185 30 medelbeyilining
267 1230 23 21 af
304 1231 11 20 1
331 1230 38 22 mk
384 1230 28 22 29
427 1236 21 21 p.
463 1230 29 26 pä
505 1236 85 21 person.
620 1229 111 23 Beräknas
748 1227 144 24 medelbevill-

67 1259 79 27 ningen
160 1258 33 22 för
210 1258 74 27 hvarje
301 1264 79 21 person
398 1258 96 21 hörande
512 1259 7 20 i
538 1258 54 22 stad:
601 1258 34 22 till
649 1258 67 22 första:
730 1262 97 23 gruppen
836 1257 56 23 .eller

66 1287 175 27 tjenstemännen,
258 1286 90 22 erhålles
362 1286 34 22 för
412 1286 62 22 dessa
489 1288 31 20 ett
534 1286 148 27 medelbelopp
697 1286 23 22 af
731 1287 29 21 26
779 1286 30 22 mk
827 1286 36 22 2:
872 1291 20 21 p.

66 1315 44 25 För
124 1317 34 20 att
171 1315 103 27 tydligare
289 1314 151 28 äskädliggöra
454 1315 42 21 den
508 1315 136 27 synnerligen
655 1315 84 27 ojemna
747 1314 146 26 fördelningen

68 1344 23 21 af
103 1343 237 27 inkomstbevillningen
357 1343 29 27 pä
401 1343 63 21 ofvan
479 1343 91 21 anförda
584 1349 94 21 grupper
692 1343 40 21 och
747 1338 70 26 tillika
830 1342 64 21 fram-

67 1372 65 26 hälla,
150 1371 48 22 :med
215 1372 119 20 huru:stor
352 1372 35 20 del
406 1371 24 21 af
447 1371 155 26 totalbeloppet
619 1371 77 27 hvarje
711 1378 69 20 grupp
800 1370 94 26 bidragit

67 1400 34 21 till
120 1394 71 36 denna:
201 1394 119 36 bevilining,
336 1399 66 21 hafva
416 1399 27 21 de
456 1399 9 20 i
478 1399 62 21 detta
554 1399 122 22 hänseende
684 1399 134 27 upplysande
826 1398 68 21 sifler-

68 1429 50 20 data
131 1427 167 22 sammanförts
295 1423 10 37 i
313 1433 27 15 en
354 1427 93 22 såkmda
461 1427 101 29 uppstäld
577 1427 77 22 tabell:
