1103 1739
346 123 92 22 Borgarest.
450 122 45 19 1885.
518 122 21 19 27
551 122 52 18 Mars.
836 123 34 18 557

133 194 41 26 Jag
189 193 33 21 fär
236 192 71 22 derför
321 192 33 21 för
368 192 44 20 min
428 192 34 20 del
476 191 39 21 hos
531 191 86 21 ständet
633 192 110 21 vördsamt
762 192 85 26 föreslä,
861 194 32 19 att

59 222 91 24 ständet
164 222 50 21 ville
228 220 84 22 besluta
330 222 32 19 att
376 220 34 21 till
424 220 130 26 protokollet
568 220 117 21 anteckna:
703 222 43 23 ,att
760 220 84 21 ständet
858 220 36 26 för

64 252 35 21 sin
115 250 34 22 del
163 251 68 20 ansett
249 249 40 21 den
306 249 87 25 vägran,
411 254 46 15 som
475 249 52 19 mött
544 247 144 26 lagutskottets
706 248 93 26 begäran
814 250 31 19 att
859 255 34 14 er-

63 280 60 21 hålla
137 278 34 22 del
186 278 24 26 af
224 278 25 20 de
266 276 108 28 protokoll,
394 276 76 26 hvaraf
489 276 34 21 det
541 276 73 26 begärt
633 278 30 19 att
676 277 26 25 få
717 276 125 27 kännedom,
858 277 36 26 för

64 307 103 28 obefogad
180 308 55 20 samt
252 305 109 21 stridande
379 307 43 19 mot
440 304 248 27 folkrepresentationens
707 305 129 27 berättigade
855 312 38 14 an-

62 336 70 28 språk
144 336 32 26 pä
191 334 176 26 tillmötesgående
382 334 52 25 från
448 333 140 27 regeringen.”

134 364 61 26 Herr,
211 362 149 22 Rönnbäck:
384 362 43 21 Det
444 368 39 15 var
501 362 43 21 min
565 362 67 26 afsigt
651 364 38 24 att,
704 362 28 27 på
747 363 69 26 grund
831 363 24 21 af
868 363 26 21 de

62 392 192 26 omständigheter,
270 397 45 15 som
325 391 49 21 herr
385 391 122 27 Chydenius
521 390 126 26 framhållit,
662 391 79 21 föreslå
752 393 32 19 att
795 391 100 27 borgare-

64 422 88 22 ståndet
167 420 69 22 skulle
250 420 32 21 till
297 419 130 27 protokollet
442 420 103 26 nedlägga
561 424 26 15 en
601 421 85 25 protest
702 422 57 19 emot
772 420 42 21 den
829 420 66 26 enligt

63 451 46 20 min
124 450 66 21 tanke
205 451 45 19 mot
262 448 240 26 landtdagsordningen,
521 449 45 19 mot
584 447 54 21 våra
655 448 140 26 grundlagars
814 449 81 26 tydliga

64 478 112 22 föreskrift
189 478 101 25 vidtagna
305 476 102 26 åtgärden
423 479 32 19 att
470 478 65 24 vägra
550 476 135 26 delgifvande
701 477 23 21 af
740 476 106 22 komiténs
861 477 34 21 för

65 507 70 21 finska
151 506 105 22 ärendena
271 505 107 27 protokoll
392 505 93 21 rörande
503 504 158 27 behandlingen
679 504 23 22 af
718 507 72 19 svaret
808 506 28 26 på
854 506 42 21 den

65 536 34 21 till
117 536 85 21 senaste
220 533 102 27 landtdag
340 533 158 21 öfverlemnade
515 533 162 27 propositionen
702 540 34 15 om
758 534 137 22 motionsrätt

63 564 36 21 för
113 563 122 22 ständerna.
265 562 33 21 Då
313 562 118 21 emellertid
445 562 50 21 herr
510 561 122 27 Chydenius
647 562 66 21 redan
731 562 107 22 framstält
853 562 42 22 för-

64 593 48 26 slag
127 592 34 22 till
175 598 26 14 en
216 590 128 22 formulerad
362 592 89 25 protest,
470 590 24 21 så
513 590 38 21 har
567 590 38 27 jag
624 590 48 22 icke
691 591 120 27 egentligen
831 591 64 27 något

66 623 67 19 annat
148 622 33 19 att
194 620 93 26 tillägga,
303 621 27 19 än
346 621 32 19 att
392 619 79 21 föreslå
486 620 36 20 det
537 619 61 21 ordet
621 619 129 27 ,obefogad*
772 620 68 21 måtte
859 622 37 19 än-

65 650 52 20 dras
132 649 34 21 till
181 650 56 25 ,mot
251 648 50 21 våra
315 648 130 26 grundlagar
460 647 121 21 stridande”
597 648 42 20 och
653 648 141 22 understöder
809 648 7 21 i
832 648 64 27 öfrigt

66 678 50 21 herr
131 677 127 28 Chydenius”
273 676 85 28 förslag.

136 706 56 21 Herr
207 706 100 26 Elving:
322 705 70 21 Afven
404 705 38 27 jag
457 705 93 26 begärde
566 705 63 21 ordet
644 705 22 21 af
680 711 80 16 samma
775 706 120 27 anledning,

66 741 47 16 som
129 735 26 21 de
169 734 127 27 föregående
314 734 65 21 ärade
397 733 102 22 talarene.
533 733 34 22 Då
584 733 109 22 utskottet
712 734 7 21 i
738 734 60 27 fråga
816 741 36 14 om
870 735 26 21 de

67 763 95 26 orsaker,
178 769 45 15 som
237 762 107 22 föranledt
358 764 32 19 att
405 762 37 21 det
456 763 85 20 senaste
556 762 138 27 lagförslaget
709 763 47 21 icke
770 769 57 15 vann
836 769 60 21 rege-

67 793 86 26 ringens
168 791 140 26 stadfästelse,
324 791 117 21 framhållit
455 791 114 20 hurudeles
585 791 42 21 den
642 791 60 26 form,
718 791 8 21 i
737 791 87 22 hvilken
834 792 63 26 lagen

67 821 28 21 då
109 820 133 21 framträdde
256 819 55 22 inför
326 819 82 22 landets
424 819 97 26 monark,
537 819 66 21 redan
617 819 49 21 från
681 820 151 27 riksdagarnes
847 821 50 20 tidi-

67 851 61 25 gaste
143 849 75 27 period
231 848 110 27 iakttagits
355 848 34 21 för
404 848 104 27 vigtigare
525 848 171 26 riksdagsbeslut
714 849 39 20 och
772 849 76 26 tillagt,
865 851 32 19 att

67 885 27 14 en
117 877 67 22 sådan
201 877 55 22 form
274 877 54 20 varit
352 877 113 26 begagnad
490 877 18 26 ej
533 877 57 20 blott
610 877 35 20 för
666 883 29 15 nu
716 877 100 26 gällande
837 883 60 21 rege-

67 906 115 27 ringsform
208 907 54 20 samt
286 905 118 27 förenings-
430 905 40 21 och
496 905 179 22 säkerhetsakten
697 907 52 20 utan
775 906 62 21 äfven
863 907 34 20 för

67 935 238 26 landtdagsordningen,
332 934 23 21 så
380 934 40 21 har
442 934 38 27 jag
502 933 101 22 särskildt
625 934 57 21 velat
704 934 56 21 fästa
781 935 116 27 uppmärk-

67 963 113 22 samheten
202 963 35 21 vid
258 963 101 21 hurusom
377 963 7 20 i
403 962 41 21 den
463 962 127 21 ständernas
604 962 177 26 svarsskrifvelse,
800 969 46 15 som
864 963 32 21 åt-

68 992 65 27 följde
152 992 40 21 den
210 991 22 22 af
248 991 114 21 ständerna
380 993 93 24 antagna
494 991 233 26 landtdagsordningen
742 991 37 22 det
800 992 96 27 uttryck-

68 1021 58 26 ligen
144 1020 61 21 heter
226 1021 7 20 i
255 1019 59 27 fråga
336 1026 34 15 om
393 1019 118 27 ingressen:
535 1019 114 27 ,Finlands
673 1020 88 21 ständer
782 1026 51 15 anse
855 1021 41 21 den

68 1049 124 21 häfdvunna
213 1048 81 21 formen
315 1048 8 21 i
348 1049 61 20 detta
431 1048 100 21 afseende
553 1048 53 21 böra
631 1048 117 21 bibehållas
771 1049 40 21 och
832 1049 65 22 hafva

68 1077 24 22 af
112 1077 67 21 sådan
202 1076 63 22 orsak
286 1077 71 26 tillagt
382 1077 109 26 inledning
513 1076 40 21 och
578 1077 174 21 slutbekräftelse
773 1077 8 21 i
803 1078 94 26 enlighet

68 1106 49 21 med
137 1106 41 21 den
195 1105 108 27 inledning
325 1105 40 22 och
386 1105 178 26 slutbekräftelse,
579 1111 47 15 som
644 1105 84 26 åtföljer
749 1106 99 26 gällande
870 1106 26 21 R.

68 1135 25 21 F.
116 1135 24 21 af
165 1134 73 21 1872".
274 1134 42 21 Det
340 1136 24 19 är
390 1133 24 22 så
443 1133 84 28 mycket
552 1140 59 15 mera
637 1134 46 21 skäl
708 1135 49 20 med
782 1135 115 26 anledning

69 1163 64 21 häraf
153 1165 32 19 att
207 1163 83 21 ansluta
312 1163 32 26 sig
362 1163 33 20 till
413 1162 153 27 lagutskottets
584 1163 142 26 uppfattning,
745 1163 27 21 då
790 1163 107 22 utskottet

67 1193 64 25 säger
157 1192 36 21 det
218 1197 51 15 vara
290 1193 32 20 att
347 1191 98 26 beklaga,
474 1197 35 15 om
530 1191 69 21 denna
620 1191 55 22 form
700 1191 60 27 gifvit
782 1192 114 27 anledning

68 1221 35 20 till
118 1221 42 21 den
174 1220 139 27 misstydning
328 1222 32 19 att
375 1220 116 21 ständerna
507 1219 122 27 derigenom
645 1221 56 20 velat
716 1221 91 20 tillmäta
817 1221 32 26 sig
859 1221 37 21 nå-

69 1255 42 21 gon
130 1249 48 21 dem
197 1248 47 22 icke
262 1249 161 21 tillkommande
441 1248 135 27 befogenhet.
609 1248 31 28 Ty
659 1249 65 21 fäster
742 1255 50 15 man
810 1249 32 27 sig
860 1250 36 21 vid

69 1278 61 21 detta
145 1278 109 21 uttalande
270 1278 7 20 i
291 1277 187 21 svarsskrifvelsen
492 1277 36 21 vid
545 1277 54 21 1867
615 1277 36 21 års
665 1278 109 26 landtdag,
790 1278 24 21 så
828 1278 68 22 måste

69 1313 50 15 man
134 1306 35 22 väl
183 1308 57 19 ännu
254 1306 90 26 klarare,
360 1308 28 19 än
403 1306 108 21 måhända
525 1306 23 21 af
561 1306 28 20 de
603 1306 49 21 utaf
666 1306 140 26 lagutskottet
821 1307 75 21 åbero-

69 1335 56 27 pade
140 1335 209 26 omständigheterna
364 1334 99 27 framgår,
480 1334 86 22 komma
580 1334 33 22 till
629 1335 36 21 det
679 1335 96 26 resultat,
792 1337 32 19 att
838 1337 58 20 stän-

69 1364 68 20 derna
155 1364 47 20 icke
224 1364 75 20 endast
317 1362 43 22 icke
374 1362 48 22 sökt
439 1363 86 27 utvidga
540 1363 32 21 sin
587 1363 194 27 maktbefogenhet,
797 1366 52 19 utan
864 1366 33 20 att

69 1392 37 21 det
120 1394 93 20 tvärtom
228 1392 54 21 hade
300 1392 56 20 varit
374 1392 89 21 alldeles
481 1392 144 26 egendomligt
644 1392 40 21 och
701 1392 156 28 inkonseqvent
875 1392 23 22 af

69 1420 116 22 ständerna
200 1422 32 20 att
249 1420 47 22 icke
314 1420 98 27 begagna
430 1426 27 15 en
475 1420 67 21 sådan
560 1420 82 26 ingress
660 1421 33 21 till
708 1421 62 26 lagen
784 1427 35 15 om
834 1422 63 20 moti-

70 1451 90 19 onsrätt.
192 1449 34 21 Då
240 1455 49 15 man
303 1449 91 21 beaktar
409 1449 66 25 detta,
491 1449 40 21 har
545 1455 50 15 man
610 1449 58 21 svårt
683 1451 33 19 att
730 1449 66 21 tänka
810 1450 32 27 sig
858 1452 38 24 att,

68 1478 9 20 i
86 1478 103 21 händelse
199 1478 99 20 särskildt
308 1478 42 20 den
360 1477 23 21 af
391 1478 43 26 mig
448 1477 121 27 åberopade
582 1477 96 27 punkten
691 1478 7 21 i
712 1478 185 22 svarsskrifvelsen

69 1506 111 26 angående
190 1506 232 26 landtdagsordningen
433 1506 70 21 blifvit
513 1506 34 21 för
554 1506 60 21 Hans
626 1506 101 27 Majestät
737 1506 49 21 med
794 1507 103 27 tillbörlig

69 1534 106 28 tydlighet
182 1534 130 26 framhållen,
325 1534 60 22 Hans
396 1534 102 27 Majestät
505 1534 69 22 skulle
584 1535 8 20 i
603 1534 42 22 den
656 1535 163 27 omständighet,
827 1537 33 20 att
866 1536 31 21 la-

68 1569 42 21 gen
119 1563 97 22 inleddes
226 1563 22 21 af
256 1569 45 16 mer
310 1563 92 21 berörda
412 1563 89 26 ingress,
512 1563 82 21 kunnat
603 1562 58 22 finna
671 1563 113 27 anledning
792 1566 32 19 att
832 1566 65 25 vägra
