1095 1748
227 113 26 32 58
497 116 94 22 Borgarest.
601 116 44 18 1885.
668 116 21 19 37
703 116 36 18 Jan.

203 190 48 16 som
264 184 43 22 den
322 183 67 22 ärade
430 183 116 21 petitionären
555 183 42 21 har
611 183 111 27 föreslagit
735 185 33 20 att
782 184 82 27 byggas
878 184 48 22 från
940 184 92 27 Viborgs

205 213 48 21 stad
267 212 67 27 uppåt
350 212 34 20 till
412 218 87 14 Joensuu.
529 212 48 21 Den
595 211 68 27 fjerde
677 212 8 20 i
700 212 125 26 ordningen,
844 212 87 22 hvilken
946 213 40 21 har
1000 214 32 26 sig

202 241 123 21 anförtrodt
339 241 35 20 att
388 240 104 21 förmedla
506 239 118 22 trafikaltet
639 240 49 21 med
702 240 98 21 utlandet
815 240 41 22 och
867 241 41 21 den
917 241 115 22 utländska

204 269 138 25 marknaden,
365 274 51 15 vore
438 268 100 26 slutligen
560 268 42 21 den
620 268 67 21 redan
706 268 142 27 färdigbygda
865 269 71 21 banan
955 264 76 27 Åbo—

204 298 33 21 S:t
251 297 137 25 Petersburg.
418 296 69 21 Innan
509 296 26 21 de
557 296 37 21 två
613 296 157 22 ofvannämnda
787 297 105 26 banorna,
911 304 46 15 som
975 300 57 19 ännu

204 325 81 21 återstå
300 324 91 28 obygda,
410 324 41 22 fått
469 324 33 21 sin
524 324 90 21 rättvisa
635 324 89 28 lösning,
747 325 67 21 skulle
833 326 66 26 enligt
917 326 44 21 min
978 326 54 26 åsigt

201 354 53 26 inga
265 354 67 20 andra
343 353 69 21 banor
422 352 117 22 tillsvidare
551 352 54 22 böra
614 352 86 22 komma
709 353 74 27 ifråga.
806 354 43 26 Jag
856 360 63 15 anser
926 355 106 25 nemligen

204 383 34 19 att
251 382 43 21 alla
308 382 69 21 andra
390 383 28 19 än
432 381 65 21 ofvan
507 381 139 27 uppräknade
661 381 69 21 banor
744 382 53 20 böra
808 382 102 21 hänföras
921 388 35 16 om
966 382 66 22 också

204 410 20 27 ej
239 410 34 22 till
286 410 90 27 special-
394 410 24 20 så
437 409 130 21 åtminstone
589 409 33 21 till
643 409 122 22 sekundära
782 410 76 21 banor.
887 410 44 22 Det
943 412 26 20 är
981 411 50 21 der-

204 438 47 22 före
259 439 38 27 jag
307 438 94 26 begärde
412 438 61 21 ordet
485 438 34 21 för
530 439 33 19 att
573 438 8 20 i
591 438 74 26 frågan
673 438 22 20 få
705 438 107 26 precisera
819 439 45 20 min
872 438 61 28 åsigt,
944 439 87 21 hvilken

202 467 38 27 jag
254 473 62 15 anser
331 466 189 24 öfverensstämma
534 466 50 21 med
602 466 41 21 den
657 466 65 21 ärade
740 467 160 26 petitionärens.
930 468 101 21 Hvilken-

205 496 52 20 dera
271 495 23 21 af
307 495 63 21 dessa
384 494 37 22 två
435 494 68 21 banor
517 494 55 21 först
586 494 40 21 bör
644 494 87 22 komma
745 494 73 27 ifråga,
835 495 87 21 hvilken
937 496 23 21 af
970 496 62 21 dessa

204 524 69 21 banor
287 524 39 20 har
341 523 38 21 det
388 524 80 20 största
478 522 91 22 relativa
579 522 124 26 företrädet,
715 523 37 21 det
763 525 23 19 är
798 528 27 16 en
832 522 66 27 fråga,
910 529 47 16 som
963 524 38 27 jag
1012 524 18 27 ej

203 552 35 22 för
249 552 69 21 denna
332 551 58 27 gång
405 551 36 21 vill
455 550 67 22 inlåta
536 551 44 26 mig
594 550 28 27 på
637 551 40 21 och
692 551 63 21 hvars
770 551 85 27 lösning
869 552 109 21 dessutom
989 552 42 21 till-

204 580 97 21 kommer
319 579 215 27 jernvägsutskottet,
557 579 82 21 hvilket
661 579 66 21 redan
749 581 24 19 är
794 580 167 21 konstitueradt.
990 580 41 27 Jag

205 608 37 21 vill
256 608 56 21 blott
326 607 93 28 påpeka,
432 609 39 24 att,
491 608 3 19 i
509 607 42 21 den
569 607 102 21 händelse
689 608 115 21 ständerna
823 608 36 21 vid
877 608 70 21 denna
960 608 70 21 landt-

205 637 42 26 dag
268 636 72 21 kunde
363 637 77 20 stanna
461 635 36 21 vid
515 637 32 19 ett
566 635 105 21 definitivt
689 635 71 22 beslut
777 637 15 20 t.
812 642 33 15 ex.
864 642 35 15 om
916 637 41 21 den
973 639 58 19 östra

205 665 77 25 banan,
295 665 37 26 jag
347 664 48 21 icke
410 669 62 16 anser
487 663 66 27 något
567 663 77 22 hinder
658 665 65 25 möta,
737 664 63 21 äfven
816 670 35 15 om
866 665 71 21 banan
949 665 19 27 ej
979 671 51 16 vore

205 693 159 21 instrumentalt
382 691 125 22 undersökt.
537 692 52 21 Men
607 692 37 21 det
662 693 25 20 är
704 693 42 20 den
765 693 39 20 och
823 693 42 21 den
879 693 40 21 har
934 699 27 16 en
975 693 56 27 gång

205 721 42 22 fått
261 721 33 21 sin
308 720 130 27 sträckning,
454 720 68 21 ehuru
537 721 42 21 den
595 720 128 27 sträckning,
739 727 45 15 som
795 721 51 21 herr
857 721 127 22 Gummerus
995 728 35 15 ve-

205 751 31 20 lat
250 749 57 27 gifva
321 749 129 25 densamma,
466 749 73 26 skiljer
554 749 33 26 sig
601 749 65 26 något
680 749 47 20 från
742 749 40 21 den
797 749 59 22 förut
866 750 86 26 dragna.
975 751 55 20 Herr

205 778 127 21 Gummerus
348 777 40 21 har
401 777 110 26 föreslagit
529 779 32 19 att
580 777 71 21 banan
668 777 69 22 skulle
751 777 51 27 utgå
816 777 48 22 från
879 778 86 27 Viborg,
981 780 49 25 taga

205 813 28 15 en
247 806 135 26 temmeligen
397 805 39 21 rak
450 805 85 27 nordlig
553 805 96 26 riktning
667 805 59 22 öfver
743 806 81 21 Imatra
838 813 44 20 upp
896 807 34 21 till
944 807 86 21 Jääskis

205 835 69 28 kyrka
289 835 40 20 och
343 834 85 21 således
442 833 19 27 ej
476 834 86 21 komma
577 836 34 19 att
624 834 77 21 beröra
715 834 70 27 någon
800 834 24 21 af
838 834 82 22 Saimas
934 835 95 26 hamnar,

205 865 53 20 utan
273 863 27 27 gå
314 863 50 21 rakt
378 868 43 21 upp
436 862 33 22 till
484 862 70 28 någon
569 862 44 22 viss
626 862 69 28 punkt
709 863 36 21 vid
759 863 93 27 Ladoga,
868 869 46 16 som
929 864 43 21 han
985 864 45 21 kal-

206 892 33 22 lar
261 891 159 27 Lahdenpohja.
450 892 42 26 Jag
513 891 87 21 förenar
621 891 44 26 mig
686 891 65 21 också
768 892 128 21 derutinnan
914 892 49 22 med
981 892 49 22 herr

207 920 133 26 Gummerus,
355 919 90 22 emedan
457 920 38 26 jag
513 926 30 14 nu
557 926 59 14 mera
634 920 19 26 ej
672 925 61 15 anser
751 920 71 21 banan
837 920 53 22 böra
904 920 78 22 beröra
997 923 33 19 sö-

207 949 38 21 dra
261 949 81 21 Saimas
357 948 133 26 vattendrag,
508 947 68 22 sedan
591 954 27 15 en
631 948 56 26 gång
702 948 99 21 Simola—
811 943 167 35 Villmanstrand
993 949 37 21 ba-

206 983 43 16 nan
267 977 71 21 blifvit
356 982 26 16 en
400 976 126 27 verklighet.
557 977 115 21 Dessutom
690 976 39 22 har
748 977 40 21 den
803 976 23 22 af
839 977 49 21 herr
903 977 127 22 Gummerus

205 1006 115 22 förordade
334 1005 152 27 sträckningen
500 1005 43 21 den
557 1004 103 26 fördelen,
676 1006 33 20 att
721 1005 43 21 den
779 1005 96 22 kommer
890 1008 32 19 att
935 1006 49 27 löpa
994 1012 35 21 ge-

206 1040 50 16 nom
270 1034 114 21 fruktbara
399 1034 40 21 och
453 1033 94 22 folkrika
561 1033 92 26 trakter;
673 1033 41 21 den
728 1033 96 22 kommer
838 1034 8 21 i
860 1034 33 21 sin
907 1034 76 27 början
997 1041 32 15 re-

207 1063 41 21 dan
263 1064 98 20 närmare
376 1062 98 26 Ladogas
489 1062 91 26 bördiga
595 1062 98 21 stränder
707 1062 40 21 och
763 1062 40 21 blir
818 1063 7 20 i
840 1062 69 27 någon
920 1063 49 21 mån
980 1063 50 21 kor-

206 1093 47 20 tare
268 1093 27 19 än
311 1091 41 21 den
367 1090 58 22 förut
442 1091 123 26 föreslagna
583 1090 159 27 sträckningen;
762 1091 37 27 jag
817 1091 44 21 kan
876 1092 18 26 ej
910 1093 51 25 säga
975 1092 55 20 huru

206 1120 91 27 mycket,
312 1119 116 21 kanhända
447 1119 71 27 någon
540 1119 38 21 mil
601 1119 51 21 eller
669 1125 46 21 par.
744 1119 40 27 Jag
802 1119 68 22 skulle
886 1120 64 22 också
964 1126 66 21 gerna

206 1149 51 27 vilja
271 1148 51 27 följa
336 1148 52 20 herr
402 1148 128 21 Gummerus
545 1147 48 21 från
606 1148 88 26 Ladoga
704 1148 73 21 vidare
791 1148 33 21 till
850 1154 87 21 Joensuu,
949 1155 35 15 om
996 1149 34 26 jag

206 1178 19 26 ej
241 1177 106 25 befarade,
364 1178 32 20 att
410 1176 218 27 terrängsvärigheter
643 1176 68 21 skulle
726 1178 58 19 möta
797 1178 98 20 närmare
907 1177 122 21 Sordavala.

206 1205 107 22 Mähända
328 1206 40 20 har
382 1205 50 21 herr
450 1204 128 22 Gummerus
597 1204 70 22 säsom
685 1204 97 22 fackman
800 1207 98 19 närmare
913 1205 117 22 undersökt

206 1234 86 21 trakten
307 1234 41 21 och
362 1234 94 26 grundat
470 1234 38 20 sitt
522 1234 81 26 förslag
617 1233 28 28 pä
660 1239 26 15 en
701 1233 66 21 sådan
780 1234 165 26 undersökning.
975 1234 11 21 I
997 1234 33 21 så-

206 1263 52 21 dant
271 1262 37 22 fall
323 1262 69 22 skulle
404 1262 38 27 jag
457 1262 62 21 äfven
533 1262 8 21 i
557 1262 37 21 det
608 1262 161 26 ifrägavarande
781 1262 109 22 afseendet
902 1262 74 22 förena
987 1262 43 26 mig

205 1291 49 21 med
269 1291 87 21 honom.
377 1290 57 22 Herr
448 1290 129 22 Gummerus
591 1290 40 22 har
645 1290 44 22 helt
705 1290 84 28 flyktigt
803 1290 73 22 berört
892 1291 40 21 den
947 1291 24 21 sä
985 1291 45 21 kal-

205 1320 48 21 lade
268 1320 66 20 Hvita
348 1319 126 28 hafsbanan,
490 1325 47 15 som
551 1319 70 21 skulle
635 1318 64 22 hafva
713 1320 34 20 till
761 1319 54 27 syfte
830 1320 32 20 att
876 1319 74 21 förena
965 1320 65 20 Hvita

205 1348 74 21 hafvet
297 1348 50 21 med
366 1348 117 27 Östersjön.
513 1348 49 22 Den
580 1348 75 25 frågan
673 1347 43 21 kan
734 1347 98 22 förefalla
846 1348 86 21 ståndet
945 1348 85 27 mycket

205 1376 141 27 besynnerlig,
370 1382 49 15 men
438 1376 39 27 jag
495 1376 37 21 vill
549 1376 8 21 i
575 1375 139 27 förbigående
729 1375 89 28 påpeka,
838 1377 31 20 att
882 1376 36 27 jag
933 1376 40 21 har
987 1376 43 26 mig

205 1404 80 22 bekant
300 1405 36 21 det
351 1405 66 21 redan
432 1405 60 26 långt
514 1404 140 21 härförinnan
671 1404 75 27 frågan
764 1405 55 20 varit
834 1404 12 21 å
860 1405 55 20 bane
930 1411 35 15 om
979 1405 51 26 byg-

205 1433 80 27 gandet
299 1433 23 28 af
336 1439 27 15 en
375 1433 92 27 jernväg
481 1433 48 21 från
544 1433 67 21 Hvita
624 1433 75 21 hafvet
709 1433 34 21 till
753 1433 70 26 någon
835 1433 69 26 punkt
915 1433 36 21 vid
962 1435 68 19 stran-

205 1462 42 21 den
262 1461 23 22 af
298 1462 112 26 Östersjön
426 1462 40 21 och
478 1461 37 27 jag
531 1463 46 19 tror
593 1463 32 20 att
639 1461 25 21 så
678 1463 59 20 snart
753 1463 57 20 östra
824 1461 127 22 stambanan
962 1461 68 22 finner

205 1497 27 14 en
247 1490 107 22 önskvärd
372 1490 92 27 lösning,
487 1490 37 21 det
547 1490 18 27 ej
585 1496 51 15 vore
654 1489 71 27 någon
743 1490 124 27 omöjlighet
881 1491 32 20 att
928 1490 61 22 äfven
1005 1496 25 15 en

205 1519 65 21 Hvita
289 1519 105 21 hafsbana
412 1518 71 22 skulle
500 1518 88 22 komma
606 1519 33 20 till
657 1518 69 21 stånd.
755 1519 41 26 Jag
814 1519 66 21 fäster
898 1519 71 21 derför
983 1525 48 21 syn-

637 1568 25 22 +
