1095 1781
211 164 22 17 66
491 161 93 22 Borgarest.
596 161 44 18 1885.
664 161 21 18 27
697 161 36 18 Jan.

190 233 23 21 af
225 233 26 20 de
266 232 39 21 hos
321 231 39 20 vår
375 231 36 25 lag
426 230 66 21 sedan
508 230 102 26 gammalt
625 230 7 20 i
648 231 73 20 ämnet
736 230 95 21 rådande
842 231 146 26 grundsatser.
1009 231 10 20 I

189 260 141 23 betraktande
346 258 66 21 häraf
428 258 41 21 och
487 258 49 21 med
554 258 87 26 ledning
660 258 23 21 af
697 258 41 21 den
753 259 7 20 i
776 259 66 26 sagda
857 259 76 21 länder
947 266 72 15 vunna

190 289 126 25 erfarenbet,
336 288 42 20 har
393 287 38 26 jag
451 286 83 21 derföre
552 287 64 20 tänkt
634 287 49 26 mig,
703 288 33 19 att
751 287 26 20 de
792 287 158 27 lagändringar,
966 288 53 21 hvil-

190 318 39 21 kas
244 316 132 27 behöflighet
388 315 38 27 jag
441 315 50 20 sökt
506 315 137 26 ådagalägga,
660 315 34 21 för
709 315 134 22 närvarande
857 315 56 27 finge
929 316 90 21 omfatta

191 347 75 20 endast
280 344 95 27 följande
390 343 100 27 punkter,
508 343 117 26 nämligen:
929 342 2 3 |

261 374 32 20 1:o
316 373 7 21 i
346 371 170 26 stadsfastighet,
535 377 46 15 som
600 372 42 20 den
662 377 39 16 ena
720 372 77 21 maken
815 372 46 21 före
880 373 52 20 eller
950 373 69 21 under

191 401 141 27 äktenskapet
347 400 44 21 ärft
409 400 52 21 eller
479 399 57 22 förut
554 400 124 25 förvärfvat,
697 400 55 21 skall
771 401 41 20 den
831 401 67 21 andra
916 401 48 21 icke
979 407 39 21 ega

191 431 106 26 giftorätt;
313 429 98 21 börande
426 428 56 21 dock
497 428 29 21 all
540 428 54 26 årlig
609 430 63 19 ränta
687 429 51 20 eller
754 429 60 20 afrad
833 429 23 21 af
873 429 66 21 sådan
955 436 63 20 egen-

193 460 49 20 dom
256 459 68 21 under
340 458 86 21 lösören
442 456 89 26 räknas;
745 469 6 5 p

261 488 33 21 2:0
310 485 191 22 bestämmelserna
516 485 109 26 angående
641 485 204 27 äktenskapsförord
857 486 121 21 utsträckas
988 487 30 20 el-

191 517 31 20 ler
236 515 126 27 förtydligas
380 514 88 25 derhän,
488 515 32 19 att
539 513 41 21 den
599 519 39 15 ene
657 513 23 21 af
697 513 181 22 kontrahenterne
893 514 43 21 kan
952 515 66 20 tiller-

191 545 71 20 känna
278 544 40 21 den
334 542 67 22 andre
417 542 32 21 till
465 541 83 21 enskild
564 547 38 21 ego
616 542 79 26 jemväl
710 542 66 21 sådan
792 543 109 26 egendom,
915 549 46 15 som
976 543 42 21 den

191 573 56 21 förre
263 573 7 20 i
285 572 51 21 boet
350 571 67 25 inför;

260 601 34 21 3:0
309 600 40 27 gift
364 599 78 26 gvinna
462 598 55 21 skall
535 605 52 14 vara
606 598 121 27 berättigad
746 601 32 19 att
792 599 91 21 förvalta
898 600 41 20 den
955 605 63 21 egen-

192 631 55 24 dom,
264 635 45 15 som
324 628 29 27 pä
367 627 69 27 grund
452 627 23 21 af
488 627 206 27 äktenskapsförord
709 627 52 21 eller
776 633 78 16 annars
865 629 24 20 är
901 628 68 21 henne
981 635 36 14 en-

193 658 66 21 skildt
273 657 106 26 tillhörig;

259 686 35 21 4:0
309 685 41 27 gift
365 684 78 27 gvinna
458 690 50 14 vare
523 683 123 27 berättigad
663 685 31 19 att
710 690 70 15 ensam
796 684 83 27 förfoga
891 685 58 21 öfver
960 685 57 21 hvad

192 716 44 20 hon
251 720 76 21 genom
343 714 49 25 eget
407 712 74 21 arbete
496 711 129 26 förvärfvar;

261 743 34 22 5:o
310 747 94 16 mannen
418 741 54 21 skall
487 740 47 21 icke
550 746 40 21 ega
604 740 61 21 makt
680 742 31 19 att
726 742 52 19 utan
793 741 100 21 hustruns
909 742 109 27 samtycke

192 772 105 27 förpanta,
313 769 117 23 bortskifta
448 769 51 21 eller
518 769 88 26 försälja
623 769 62 21 boets
703 769 56 21 fasta
777 770 103 26 egendom
898 770 28 27 på
944 770 74 21 landet

193 801 51 21 eller
259 801 7 20 i
281 799 87 25 staden;
953 819 5 5 N

261 829 34 21 6:0
317 828 77 20 hustru
416 826 36 21 mä
473 826 47 21 icke
543 832 63 15 anses
628 825 83 27 skyldig
734 827 32 20 att
787 827 48 20 med
854 827 47 21 dess
921 827 97 22 enskilda

193 857 103 28 egendom
314 861 64 16 svara
395 855 34 22 för
447 855 71 26 någon
536 855 42 20 den
596 855 56 26 gäld,
672 860 46 15 som
737 860 92 16 mannen
848 855 96 22 äsamkat
958 856 58 25 boet,

193 887 48 21 med
255 885 84 22 mindre
354 886 28 19 än
398 885 32 19 att
444 883 43 21 hon
504 883 71 21 dertill
590 883 32 26 sig
637 883 102 21 särskildt
754 883 117 27 förbundit;

262 915 33 20 7:o
311 913 40 26 gift
366 912 78 27 gvinna
459 918 37 20 ege
512 912 54 21 söka
581 911 40 21 och
636 911 65 21 vinna
716 911 119 27 boskilnad,
854 912 23 21 sä
892 914 59 19 snart
966 913 51 20 boet

193 943 70 22 blifvit
281 942 47 21 med
347 941 123 26 utmätning
488 940 33 21 för
540 946 72 15 annan
631 941 27 20 än
678 940 78 21 hennes
776 941 96 20 enskilda
889 941 50 26 gäld
957 941 59 21 hem-

193 972 57 26 sökt;
266 972 55 20 samt

261 1000 34 21 8:0
310 999 40 21 har
364 998 69 21 under
448 997 142 26 äktenskapet
606 997 79 21 endera
699 997 78 21 makan
788 998 7 20 i
807 998 67 20 andra
884 997 44 27 fall,
941 999 27 19 än
979 998 37 21 det

192 1030 7 20 i
216 1030 32 20 11:
265 1028 13 22 5
293 1027 25 22 G.
334 1027 25 21 B.
375 1026 147 26 omförmälda,
537 1026 34 21 till
586 1027 61 26 nyttä
666 1027 83 20 ensamt
767 1026 32 21 för
813 1026 32 27 sig
861 1026 48 27 sjelf
922 1027 94 21 användt

192 1058 112 21 makarnes
318 1061 159 22 gemensamma
492 1055 104 26 egendom
611 1054 8 21 i
633 1054 51 22 boet
699 1055 51 21 eller
765 1055 60 27 eljest
840 1055 128 26 obehörigen
979 1055 38 21 be-

192 1087 48 21 redt
255 1086 32 26 sig
302 1084 83 22 enskild
399 1084 76 26 fördel,
491 1084 56 20 skall
559 1083 80 27 jemväl
659 1083 77 21 sådant
754 1084 35 20 vid
807 1084 86 26 delning
908 1084 51 21 eller
974 1084 42 21 arf-

193 1115 64 21 skifte
272 1114 13 21 &
299 1114 49 20 dess
363 1118 53 21 egen
431 1113 41 20 lott
487 1112 86 21 räknas.

261 1144 43 20 Det
318 1141 181 25 betraktelsesätt,
516 1146 46 16 som
578 1140 39 21 hos
632 1140 107 26 vällofliga
754 1140 179 27 Borgareständet
944 1141 72 21 städse

192 1173 57 27 gjort
271 1172 32 26 sig
324 1170 106 28 gällande,
453 1169 55 21 läter
526 1169 44 26 mig
589 1168 82 28 hoppas
690 1170 32 20 att
740 1169 61 21 dossa
819 1170 57 20 mina
890 1170 126 21 uttalanden

191 1201 48 21 icke
253 1200 61 21 skola
328 1198 68 22 sakna
412 1198 39 21 allt
465 1198 128 25 understöd;
610 1198 40 20 och
662 1198 38 26 jag
717 1198 33 20 fär
768 1198 71 21 derför
856 1199 109 20 vördsamt
979 1204 38 14 an-

192 1230 57 21 hålla
271 1229 37 21 det
329 1226 183 28 Borgareständet
533 1226 51 21 ville
609 1226 87 21 förorda
722 1232 27 15 en
770 1227 131 26 underdänig
925 1227 91 26 petition

192 1259 7 20 i
214 1258 64 27 syfte:

364 1288 34 21 att
416 1286 70 23 Hans
504 1285 136 29 Kejserliga
659 1285 114 29 Majestät
791 1286 84 22 täcktes
895 1285 121 30 förelägga

295 1321 89 24 landets
402 1319 275 24 nästsammanträdande
701 1319 100 24 Ständer
822 1320 71 29 nädig
907 1320 109 30 proposi-

295 1356 48 23 tion
362 1354 36 24 till
415 1354 156 30 nyssangifna
590 1353 131 30 ändringar
739 1354 41 23 och
798 1354 79 30 tillägg
895 1354 8 23 i
919 1354 44 23 den
976 1354 40 23 hos

295 1398 35 16 oss
347 1388 110 31 gällande
476 1388 148 30 lagstiftning
643 1388 117 29 angäende
779 1388 53 24 äkta
844 1388 92 24 makars
949 1396 67 22 egen-

295 1422 238 30 domsförhällanden.

261 1469 140 27 Helsingfors,
418 1468 42 22 den
476 1468 26 21 27
518 1467 92 21 Januari
626 1467 62 21 1885.

753 1494 84 27 Rudolf
849 1494 97 28 Elving.*

261 1544 49 22 Med
325 1543 116 26 anledning
457 1542 63 21 häraf
533 1542 106 26 begärdes
655 1541 61 21 ordet
731 1541 23 21 af
767 1542 49 20 herr
834 1542 118 26 Neovius,
971 1548 47 15 som

191 1574 94 27 yttrade:
301 1573 71 21 Jemte
388 1572 36 20 det
436 1571 38 27 jag
488 1570 29 27 pä
532 1570 37 21 det
584 1571 107 19 varmaste
703 1570 140 21 understöder
857 1570 36 21 det
904 1576 49 21 nyss
964 1577 54 21 upp-
