1089 1792
225 168 32 18 142
494 168 92 23 Borgarest.
598 168 43 19 1885.
664 168 11 18 2
688 168 44 18 Febr.

269 237 33 21 Då
324 237 64 27 ingen
411 236 73 21 vidare
503 236 95 21 önskade
615 238 57 25 yttra
691 236 32 26 sig
738 236 6 21 i
759 238 78 22 ämnet,
854 237 69 21 beslöt
938 238 85 21 ståndet

201 266 52 21 härå
268 267 32 19 att
316 265 33 21 till
367 264 160 22 statsutskottet
549 264 109 22 remittera
677 264 145 27 föreliggande
842 266 181 26 petitionsmemo-

201 294 46 26 rial,
271 294 37 21 och
331 294 70 20 skulle
424 293 103 26 derjemte
546 293 101 20 remissen
668 293 84 26 åtföljas
772 292 23 22 af
811 293 50 21 herr
881 294 142 22 Snellmans
1010 288 15 36 i

201 322 74 27 frågan
292 321 82 28 afgifna
386 321 104 28 yttrande.

269 407 115 27 Upplästes
397 409 30 19 ett
441 406 23 21 af
478 406 74 21 herrar
568 407 140 26 Clouberg,
724 407 98 26 Hoving
838 407 39 22 och
892 408 130 22 Rosenius

201 435 169 22 undertecknadt
384 435 212 27 petitionsmemorial
612 435 23 21 af
648 435 94 27 följande
760 435 91 27 lydelse:

303 481 62 27 »Till
381 480 138 27 vällofliga
534 481 234 26 Borgareständet!

269 522 31 21 De
316 521 108 26 betydliga
439 521 209 25 handelsrelationer,
664 527 46 14 som
724 522 7 19 i
746 521 41 20 alla
802 521 55 21 tider
867 521 80 22 funnits
958 523 62 21 emel-

201 551 35 20 lan
245 550 74 21 staden
327 549 81 27 Viborg
416 549 39 21 och
463 549 132 26 landskapen
604 549 102 21 Savolaks
715 549 37 21 och
761 549 99 26 Karelen,
867 552 52 24 göra
928 551 36 21 det
970 551 52 21 nöd-

201 579 92 26 vändigt,
313 579 66 20 sedan
398 578 90 21 berörde
506 578 122 21 landsdelar
642 583 75 20 genom
732 577 120 27 byggandet
867 578 23 21 af
903 579 70 21 banan
989 579 31 22 Si-

201 608 75 20 mola—
289 602 164 36 Villmanstrand
475 606 39 21 och
537 606 40 21 den
600 606 102 27 påtänkta
725 607 105 20 mellersta
853 607 124 22 stambanan
999 607 22 22 få

198 635 228 28 jernvägsförbindelse
448 635 32 20 till
502 634 131 26 hafskusten,
653 636 33 19 att
704 635 209 22 kommunikationen
931 637 90 20 emellan

201 665 90 26 Viborgs
305 664 66 21 hamn
386 663 39 21 och
438 663 115 27 jernvägen
569 663 78 21 ordnas
663 663 29 26 så,
708 666 31 19 att
754 664 127 27 omlastning
894 664 47 21 från
952 667 68 20 större

200 694 69 26 fartyg
290 693 6 20 i
317 693 155 26 jernvägsvagn
488 692 40 20 och
543 693 92 20 tvärtom
650 691 42 21 kan
707 692 90 27 försiggå
812 693 40 20 och
868 695 31 19 att
914 693 26 21 de
955 694 66 27 dryga

200 721 121 26 kostnader,
337 721 73 20 hvilka
424 720 126 26 tillskyndas
570 720 91 21 trafiken
676 727 75 20 genom
766 721 113 26 forslingen
894 721 24 22 af
930 728 91 15 varorna

201 750 88 22 emellan
311 750 115 26 jernvägen
448 749 40 21 och
510 749 86 20 stadens
612 749 70 26 hamn,
704 749 113 21 försvinna.
851 750 47 21 Den
912 751 58 20 invid
984 751 36 21 Vi-

200 780 63 25 borgs
275 778 180 27 jernvägsstation
471 777 110 26 befintliga
599 777 82 21 mindre
696 778 184 27 lastningsbrygga
897 779 13 20 å
928 779 93 22 Kirkko-

200 808 64 21 niemi
278 807 56 21 udde
346 807 82 26 lämpar
442 806 32 26 sig
489 805 47 22 icke
551 806 33 21 för
599 805 160 27 ifrågavarande
774 807 104 21 ändamål.
909 807 111 27 Farleden,

201 836 85 21 hvilken
308 841 77 20 genom
408 829 46 26 Åbo
477 834 38 21 bro
540 834 55 21 förbi
622 835 90 26 Viborgs
734 835 50 21 slott
806 835 58 22 leder
882 836 33 21 till
930 836 91 21 berörda

202 866 85 26 brygga,
299 866 24 19 är
333 863 36 21 vid
378 863 199 27 brogenomgången
593 863 39 21 och
648 863 57 21 invid
720 863 72 22 slottet
807 863 23 22 så
841 865 59 25 smal,
911 867 32 19 att
953 867 67 19 större

201 894 70 26 fartyg
289 893 18 26 ej
326 892 73 20 kunna
417 898 87 20 passera
523 891 40 21 och
578 892 188 26 strömsättningen
780 892 74 21 tidtals
870 893 23 20 så
908 893 64 26 stark,
988 895 32 19 att

201 922 61 21 äfven
284 920 81 22 mindre
387 920 70 27 fartyg
478 920 64 21 hafva
564 920 58 21 svårt
640 922 32 19 att
687 920 104 26 navigera.
821 920 77 22 Tillika
913 923 23 19 är
951 922 70 20 denna

201 950 66 22 farled
289 949 76 27 grund,
388 949 22 21 så
433 951 32 19 att
486 949 41 21 den
546 948 67 22 borde
628 948 108 28 fördjupas
752 949 39 21 och
805 949 112 22 framdeles
932 950 89 22 medelst

201 979 93 26 ständigt
311 977 174 22 återkommande
503 978 138 26 muddringar
659 977 67 21 hållas
741 979 73 25 öppen,
831 978 144 22 hvarförutom
990 979 31 21 of-

201 1007 132 22 vannämnde
349 1006 147 21 Kirkkoneimi
511 1006 57 21 udde
583 1006 47 20 icke
640 1006 98 27 erbjuder
748 1008 103 25 utrymme
861 1007 33 21 för
903 1006 53 22 flera
963 1008 57 26 jern-

201 1036 100 27 vägsspår
323 1035 40 21 och
381 1037 57 19 ännu
453 1034 83 21 mindre
551 1034 81 22 tillåter
647 1034 140 28 uppförandet
802 1035 22 21 af
838 1036 114 26 varuskjul,
968 1042 52 21 upp-

202 1064 164 28 lagsmagasiner
381 1064 39 20 och
434 1063 103 27 packhus.

269 1093 47 21 Den
338 1092 106 26 billigaste
466 1092 40 21 och
528 1092 174 26 fördelaktigaste
724 1092 142 21 förbindelsen
888 1093 89 21 medelst
994 1100 26 15 en

201 1122 204 26 lokomotivjernväg
422 1120 48 22 från
485 1120 208 27 jernvägsstationen
712 1120 32 21 till
762 1121 86 21 stadens
864 1121 63 21 hamn
942 1122 42 21 kan
1000 1122 21 21 å-

201 1150 145 23 stadkommas
369 1156 75 20 genom
466 1149 129 27 utläggande
615 1149 22 21 af
654 1151 30 19 ett
699 1149 79 21 inemot
793 1150 13 20 2
821 1152 57 19 verst
893 1150 59 27 långt
964 1151 57 27 jern-

201 1179 100 27 vägsspår
323 1178 47 21 från
393 1178 122 26 bangården
538 1178 61 26 längs
618 1178 54 20 efter
688 1178 168 26 jernvägsgatan,
872 1178 66 22 sådan
953 1180 69 21 denna

201 1209 95 21 kommer
311 1209 32 19 att
358 1206 65 22 blifva
438 1207 67 26 enligt
520 1207 40 21 den
576 1207 109 25 reglerade
700 1206 141 27 stadsplanen,
858 1208 72 20 dervid
945 1208 26 21 de
986 1208 36 21 be-

202 1237 82 27 byggda
305 1238 108 19 tomterna
432 1236 56 20 N:ris
507 1236 49 25 243,
576 1236 48 25 244,
642 1236 42 20 245
699 1235 39 21 och
753 1236 41 21 270
809 1236 67 21 måste
891 1237 85 26 inlösas,
992 1237 30 21 vi-

201 1266 50 21 dare
262 1264 79 22 utefter
354 1263 286 27 Alexanders-perspektivet
655 1264 32 21 till
697 1264 85 21 trakten
794 1264 23 21 af
826 1264 124 22 mekaniska
960 1266 61 20 verk-

201 1294 74 22 staden
290 1294 40 20 och
345 1293 66 21 sedan
426 1293 48 21 med
490 1299 25 14 en
535 1292 117 27 svängning
667 1292 23 22 åt
704 1294 68 20 vester
787 1294 72 20 utmed
874 1294 100 21 stranden
989 1294 32 21 till

201 1323 86 21 stadens
302 1322 65 21 hamn
383 1322 39 20 och
437 1321 103 27 packhus.

269 1350 164 27 Ifrågavarande
448 1350 86 25 bibana,
550 1356 46 15 som
611 1350 96 21 kommer
721 1352 31 19 att
765 1350 99 21 befordra
874 1350 47 22 icke
931 1351 91 21 allenast

201 1380 75 22 staden
291 1380 98 26 Viborgs,
405 1381 52 19 utan
473 1379 89 21 fastmer
576 1378 48 21 hela
639 1380 58 20 östra
712 1378 101 22 Finlands
827 1379 194 22 handelsintressen

202 1409 39 21 och
263 1414 45 15 som
330 1408 69 21 måste
414 1414 61 14 anses
490 1413 52 15 vara
557 1413 26 15 en
599 1407 121 27 nödvändig
734 1407 50 21 länk
799 1408 7 20 i
821 1409 80 20 statens
913 1408 110 27 jernvägs-

201 1439 43 25 nät,
260 1438 7 20 i
281 1436 116 28 synnerhet
411 1436 27 21 då
452 1436 122 27 byggandet
588 1435 24 21 af
624 1436 108 21 mellersta
746 1436 39 21 och
800 1438 58 19 östra
872 1437 152 21 stambanorna

201 1468 58 20 snart
273 1466 97 20 kommer
389 1467 32 19 att
438 1464 143 27 påbegynnas,
596 1464 67 21 borde
678 1465 33 21 till
726 1465 32 21 sin
772 1464 48 22 hela
835 1464 90 22 kostnad
940 1465 82 21 utföras

201 1495 48 21 med
264 1494 107 21 allmänna
389 1493 75 22 medel.
487 1493 66 21 Detta
564 1499 62 20 synes
637 1499 51 15 vara
699 1493 23 21 så
733 1493 84 27 mycket
827 1499 59 16 mera
896 1494 48 21 med
954 1494 69 27 billig-
1038 1501 2 2 :

201 1525 36 20 het
259 1523 40 22 och
320 1523 91 20 rättvisa
426 1521 238 27 öfverensstämmande,
680 1528 46 15 som
740 1521 130 22 kostsamma
884 1522 91 21 bibanor
989 1523 34 21 till

202 1553 77 20 Sörnäs
294 1551 138 27 lastageplats
447 1551 58 20 invid
521 1550 140 27 Helsingfors,
677 1550 108 21 äfvensom
803 1550 33 21 till
854 1551 100 21 städerna
968 1545 54 33 Åbo,

202 1581 82 26 Hangö,
300 1580 77 21 Gamla
391 1579 94 27 Karleby
501 1579 40 21 och
557 1579 119 26 Uleåborgs
691 1579 88 21 hamnar
794 1579 26 27 på
836 1580 138 21 statsverkets
985 1580 38 21 be-
