1098 1775
228 148 33 32 136
498 150 92 22 Borgarest.
602 150 44 18 1885.
671 150 10 18 2
693 150 46 18 Febr.

207 227 86 15 numera
299 219 73 23 blifvit
378 219 159 21 instrumentalt
544 218 124 27 undersökt,
677 219 115 27 hvarjemte
799 219 184 26 kostnadsförslag
991 220 40 22 och

207 247 240 27 rentabilitetskalkyler
465 247 33 21 för
513 247 90 27 jernväg
621 248 49 20 med
689 248 57 20 såväl
760 248 93 21 normalt
869 254 44 16 som
929 246 63 24 smalt
1008 249 21 26 (3

206 278 50 21 fots;
280 277 50 27 spår
355 276 69 21 blifvit
445 276 134 26 upprättade.
602 276 86 26 Vägens
706 276 62 26 längd
787 276 90 22 emellan
896 277 68 27 bägge
979 277 50 21 änd-

207 306 120 28 punkterna
347 306 24 20 är
389 305 26 21 72
431 306 63 24 verst,
510 304 89 29 hvartill
611 304 97 21 kommer
723 311 26 14 en
763 305 266 27 sammanbindningsbana

208 335 47 21 med
270 336 84 20 statens
366 333 89 27 jernväg
469 333 58 20 invid
542 332 74 22 Lahtis
631 333 80 21 station
726 333 22 21 af
761 332 25 26 3/4
796 336 68 18 versts
873 334 70 26 längd.
966 334 63 21 Kost-

207 363 157 26 nadsförslaget
384 361 33 21 för
439 367 26 15 en
487 361 125 27 bredspårig
630 361 57 21 bana
705 361 80 27 uppgår
800 362 48 20 med
864 362 78 27 nödiga
956 363 73 21 hamn-

207 392 121 26 byggnader
344 390 33 21 till
392 390 112 25 3,735,709
518 390 60 20 mark
589 390 52 20 eller
651 390 79 26 51,354
740 390 60 21 mark
812 390 27 21 89
850 391 63 25 penni
924 397 38 20 per
973 392 56 20 verst

208 420 39 21 och
262 420 38 20 har
316 420 72 20 denna
401 418 56 21 bana
468 418 115 21 beräknats
593 418 71 21 lemna
675 424 27 15 en
713 418 53 27 ärlig
777 419 117 21 nettovinst
905 419 23 21 af
937 420 32 25 3,5
980 425 49 21 pro-

208 450 47 20 cent
276 448 12 20 &
306 446 251 27 anläggningskapitalet.
590 447 33 20 En
642 447 124 26 smalspårig
784 447 57 21 bana
858 447 39 21 har
915 447 114 21 beräknats

208 477 47 21 med
274 476 113 21 enahanda
401 475 188 27 hamnbyggnader
603 475 63 21 kosta
681 475 112 26 2,622,269
809 476 60 20 mark
885 476 50 21 eller
949 476 79 26 36,044

208 505 60 22 mark
286 506 27 21 93
329 504 65 28 penni
408 506 84 18 versten
507 505 56 19 samt
577 503 74 21 kunna
665 504 70 20 lemna
749 510 25 14 en
790 503 122 27 behållning
926 504 23 21 af
962 505 32 25 5,4
1002 504 27 26 %

208 534 12 21 &
234 532 250 28 anläggningskapitalet.

275 562 99 22 Orsaken
391 561 85 21 hvarför
494 560 71 21 denna
579 560 90 27 jernväg
687 560 60 22 äfven
761 560 53 22 efter
829 560 40 22 den
884 562 54 20 mest
952 560 75 27 försig-

207 592 44 26 tiga
268 590 118 27 beräkning
401 590 67 21 mäste
484 595 60 15 anses
559 589 48 21 icke
621 589 91 21 allenast
726 589 51 21 bära
791 588 73 22 trafik-
879 589 40 21 och
934 591 93 19 remont-

206 621 115 20 kostnader
336 621 53 19 utan
404 618 121 21 derutöfver
539 618 70 21 lemna
625 623 25 15 en
665 617 48 22 fullt
724 617 112 27 tillräcklig
847 620 62 19 ränta
919 617 12 22 å
941 618 86 27 anlägg-

206 648 172 27 ningskapitalet,
391 649 23 19 är
425 649 32 18 att
468 647 123 20 densamma
601 646 109 21 förkortar
720 648 65 25 vägen
797 647 46 20 frän
855 647 36 20 det
901 647 125 25 vidsträkta,

205 678 47 21 hela
270 677 110 22 mellersta
396 675 91 22 Finland
505 675 183 26 genomskärande
706 675 85 26 Päijäne
806 677 174 25 vattensystemet
994 675 33 21 till

205 706 71 21 hafvet
294 706 29 25 sä,
344 706 32 19 att
394 705 7 20 i
416 704 71 21 stället
502 703 32 21 för
549 705 32 19 att
596 705 67 24 vägen
678 703 46 21 frän
741 703 101 27 Vesijärvi
857 703 31 21 till
904 703 78 22 Sörnäs
997 710 29 14 nu

205 737 62 24 utgör
290 735 40 21 122
351 735 57 19 verst
426 733 39 20 och
485 732 32 21 till
536 731 71 27 Borgä
628 732 41 21 124
687 733 62 24 verst,
768 732 39 21 den
830 738 29 15 nu
881 732 145 26 ifrägakomna

205 764 70 20 banan
294 763 42 20 blir
355 762 29 21 50
401 761 12 21 å
431 761 27 22 52
478 762 57 19 verst
549 760 88 21 kortare
653 760 39 21 och
707 760 88 21 sålunda
809 760 111 27 möjliggör
935 767 25 14 en
976 760 50 21 ned-

206 792 92 26 sättning
309 791 7 21 i
326 789 204 23 fraktkostnaderna
541 789 48 20 från
597 789 103 26 Vesijärvi
709 789 47 21 med
763 789 58 20 öfver
827 789 29 21 40
864 789 31 26 "/.
911 790 38 19 Att
957 789 70 21 denna

206 821 55 21 bana
275 820 70 21 blefve
362 819 22 21 af
400 820 79 20 största
498 819 61 25 nytta
577 817 46 21 icke
642 817 89 21 allenast
746 817 32 21 för
792 817 77 21 Lovisa
883 817 47 21 stad
946 817 39 21 och
1000 818 27 20 de

206 850 124 20 kommuner
347 847 83 27 (Pernä,
447 846 112 26 Liljendal,
574 846 127 27 Lappträsk,
717 845 113 26 Mörskom,
846 846 77 27 Artsjö,
935 846 92 21 Orimat-

206 879 38 20 tila
263 877 39 21 och
321 876 102 26 Hollola),
442 881 46 15 som
508 875 123 20 densamma
649 874 131 26 genomskär,
800 876 51 19 utan
866 874 32 20 för
913 875 48 20 hela
976 875 51 20 mel-

207 907 64 21 lersta
286 905 98 25 Finland,
400 904 65 26 ligger
480 903 125 26 härigenom
619 902 33 21 för
667 904 68 25 öppen
750 903 46 25 dag.
823 902 124 27 Isynnerhet
958 902 69 21 skulle

206 936 87 26 sägarne
308 934 37 21 vid
363 933 87 27 Päijäne
465 934 95 23 vattnen,
575 931 73 21 hvilka
662 931 28 27 pä
705 937 72 15 senare
791 931 38 26 tid,
845 932 51 20 eller
910 931 66 21 sedan
991 931 36 21 det

208 966 114 25 Kymmene
338 962 31 21 elf
381 962 83 26 uppläts
480 961 32 21 till
528 960 78 21 allmän
621 959 89 26 flottled,
726 959 41 21 fört
783 961 30 19 ett
829 960 91 26 tynande
935 960 30 25 lif,
981 960 46 20 äter

207 993 154 27 uppblomstra.
399 990 73 21 Såsom
491 991 31 19 ett
541 989 60 20 bevis
620 988 66 26 härpå
705 988 34 20 mä
757 988 56 26 tjena
832 990 32 19 att
882 994 25 15 en
927 988 22 21 af
965 988 63 21 dessa

208 1022 60 26 sågar
283 1020 69 21 under
367 1025 26 15 en
408 1019 32 21 de]
456 1018 24 21 är
495 1018 68 26 erlagt
578 1017 7 21 i
594 1016 156 28 jernvägsfrakt
761 1016 82 22 utöfver
858 1017 89 25 100,000
959 1016 67 22 mark.

207 1052 42 20 För
267 1050 69 20 denna
356 1048 37 26 säg
408 1048 67 20 skulle
491 1046 90 21 sälunda
595 1046 78 20 Lovisa
688 1045 74 27 banan,
778 1045 126 21 ätminstone
919 1045 67 21 under
1000 1051 27 15 en

208 1080 33 21 del
263 1079 29 25 är,
315 1076 93 22 medfört
431 1082 25 14 en
479 1074 115 28 besparing
612 1074 6 21 i
637 1074 58 21 frakt
713 1074 22 20 af
751 1074 96 26 omkring
865 1074 77 26 40,000
959 1073 68 22 mark.

208 1108 85 26 Päijäne
312 1106 100 26 sägarnes
427 1104 123 22 nuvarande
565 1102 236 28 produktionsförmäga
816 1104 68 25 utgör,
901 1102 64 27 enligt
981 1102 46 26 säg-

208 1142 72 22 egares
296 1141 54 21 egna
365 1134 111 26 uppgifter,
492 1132 142 21 tillsammans
650 1131 96 27 omkring
760 1132 78 24 23,500
848 1131 100 25 standert
958 1133 69 19 träva-

209 1172 41 18 ror,
269 1164 83 22 hvilkas
371 1161 187 28 transporterande
577 1160 48 21 med
640 1160 88 27 jernväg
743 1160 32 20 till
790 1160 77 21 Sörnäs
883 1160 67 20 skulle
965 1160 63 21 kosta

209 1196 6 19 i
234 1193 100 22 medeltal
353 1192 29 21 20
399 1191 60 21 mark
478 1197 38 20 per
536 1189 98 22 standert
653 1189 50 20 eller
721 1189 72 20 inalles
811 1189 92 25 470,000
917 1189 67 26 mark,
1001 1188 26 21 dä

209 1224 117 20 desammas
348 1219 150 22 nedforslande
520 1219 61 26 längs
603 1218 77 21 Lovisa
702 1217 69 21 banan
788 1217 67 21 skulle
873 1217 61 21 kosta
953 1217 75 21 endast

209 1251 91 26 282,000
319 1249 61 22 mark
399 1249 51 20 eller
468 1247 82 22 säledes
565 1247 72 20 lemna
651 1246 125 27 sägegarene
791 1252 26 15 en
832 1246 144 26 sammanlagd
991 1246 37 20 be-

209 1280 93 26 hållning
320 1279 24 20 af
362 1277 90 26 188,000
467 1276 61 21 mark
542 1275 89 26 årligen.
660 1275 60 20 Dock
736 1275 61 20 hafva
812 1274 215 21 rentabilitetsberäk-

210 1309 101 26 ningarna
326 1307 48 21 icke
389 1305 58 22 stödt
461 1305 33 26 sig
508 1305 28 26 pä
551 1304 57 21 hvad
623 1303 48 21 frän
683 1303 88 26 sägarne
781 1303 39 21 och
831 1309 76 14 annars
917 1302 42 21 kan
968 1303 60 21 kom-

209 1344 35 15 ma
266 1339 31 19 att
320 1334 124 25 nedforslas,
466 1336 53 19 utan
541 1333 28 26 pä
588 1333 36 20 det
639 1338 45 15 som
699 1331 88 22 faktiskt
801 1333 164 25 transporterats
980 1331 47 22 frän

209 1366 102 23 Vesijärvi
326 1364 68 21 under
409 1363 26 20 de
450 1364 84 19 senaste
552 1362 58 21 ären.
640 1361 43 21 Det
698 1360 86 21 oaktadt
800 1360 63 21 hafva
877 1360 151 27 beräkningar-

210 1401 28 15 na
252 1395 78 20 lemnat
350 1393 26 20 de
393 1397 123 22 gynsamma
530 1390 91 21 resultat
633 1390 36 26 jag
685 1389 61 21 ofvan
760 1389 120 25 framhällit,
896 1389 70 26 nägot,
982 1395 45 15 som

210 1425 37 25 gör
262 1423 35 21 det
312 1423 7 20 i
334 1422 77 25 högsta
428 1420 53 26 grad
500 1419 109 21 sannolikt
627 1420 32 19 att
674 1417 239 27 anläggningskapitalet
927 1417 33 21 till
974 1419 54 20 stör-

210 1454 33 19 sta
258 1452 60 21 delen
333 1451 43 20 kan
391 1449 27 27 pä
433 1448 82 22 enskild
530 1449 40 25 väg
585 1447 113 21 anskaffas.

277 1480 43 21 Det
334 1479 68 21 finnes
417 1477 53 21 dock
486 1483 25 15 en
528 1476 164 26 omständighet,
709 1481 43 15 som
768 1477 38 24 gör
821 1476 32 19 att
867 1475 82 26 privata
961 1475 67 20 banor

210 1510 105 25 svärligen
334 1508 71 21 kunna
424 1507 84 20 komma
530 1505 32 21 till
586 1505 62 20 ständ
667 1504 6 21 i
693 1503 46 21 värt
757 1503 54 26 land,
835 1505 50 19 utan
903 1503 125 21 subvention

210 1539 46 20 från
272 1539 80 20 statens
372 1536 52 21 sida.
454 1535 66 20 Detta
539 1536 24 19 är
582 1533 129 26 stadgandet
728 1533 6 20 i
753 1531 11 28 $
783 1532 14 21 4
811 1531 23 21 af
848 1531 113 27 kejserliga
977 1531 51 21 kon-

210 1564 244 26 cessionsförordningen
471 1563 23 21 af
508 1563 40 20 den
565 1563 13 20 3
597 1561 93 22 februari
711 1561 59 25 1876,
789 1563 31 18 att
835 1560 86 26 kronan,
937 1560 34 21 vid
987 1560 41 21 den
