1095 1745
360 121 91 22 Borgarest.
462 121 43 18 1885.
526 121 13 18 9
550 121 47 18 Febr.
837 122 33 17 279

78 193 38 22 det
130 197 29 16 nu
173 190 45 21 blef
231 189 60 27 fråga
307 195 39 20 om,
362 189 105 21 huruvida
482 189 42 20 han
544 189 69 22 ;kunde
633 189 67 27 väljas
715 189 32 21 till
764 190 83 21 ståndet
857 191 34 20 .el-

72 222 39 21 -ler
133 219 52 26 icke,
209 218 24 21 så
250 217 45 22 blef
312 219 71 19 svaret
402 217 65 27 derpä
485 217 105 22 beroende
609 218 24 21 af
647 218 40 20 den
703 218 188 26 omständigheten,

79 247 104 23 huruvida
198 247 39 20 han
252 246 69 21 bodde
336 246 6 20 i
357 245 95 22 Joensuu
467 246 47 20 stad
530 246 52 21 eller
597 247 36 20 två
648 248 57 19 verst
720 246 128 21 derutanför.
865 258 25 3 —

78 273 63 25 Ännu
157 277 30 19 ett
201 275 37 21 fall
254 275 36 20 vill
303 274 37 27 jag
355 274 81 21 anföra.
458 274 31 21 En
506 273 22 22 af
542 274 26 21 de
583 275 61 20 bäste
659 274 142 26 medlemmar,
816 275 19 20 vi
846 275 46 21 haft

79 305 6 21 i
101 305 60 20 detta
171 303 67 25 stånd,
249 309 36 14 var
300 303 33 20 väl
350 303 40 20 den
406 309 54 18 man,
475 303 38 20 till:
523 302 96 21 hvilkens
635 302 49 27 graf
699 303 26 25 vi,
740 303 84 26 nyligen
835 309 55 16 sam-

79 333 48 21 lade
143 333 13 20 &
171 334 30 19 ett
215 333 64 19 annat
293 331 69 26 ställe,
378 331 102 26 bringade
496 337 24 14 en
532 330 189 27 afskedshyllning,
732 331 158 26 borgmästaren

80 361 125 26 Tengström
221 361 7 20 i
243 359 123 21 Jakobstad.
397 359 70 21 Sedan
482 359 40 20 han
538 359 54 26 tagit
608 359 75 21 afsked
699 359 45 21 frän
760 359 130 27 borgmästa-

79 390 123 26 retjensten,
211 388 77 21 förblef
301 387 40 21 han
357 387 131 21 fortfarande
504 387 79 26 valbar,
598 388 90 21 emedan
700 388 40 20 han
756 388 68 21 bodde
838 395 53 20 gvar

78 418 56 20 inom
150 417 124 21 Jakobstad.
304 415 48 21 Men
368 416 54 20 hade
438 416 40 20 han
494 416 6 20 i
520 416 72 20 stället
606 415 34 21 för
656 422 25 15 en
697 417 50 19 villa
762 417 27 25 pä
804 417 86 21 stadens

77 445 88 22 omräde
184 445 49 26 köpt
252 446 30 19 ett
299 444 113 21 landställe
431 450 26 15 en
476 443 53 21 eller
547 444 36 20 tvä
602 444 37 20 mil
659 443 45 21 frän
725 445 80 24 staden,
822 445 68 21 skulle

79 474 40 21 han
135 474 28 26 pä
176 473 68 27 grund
259 472 22 21 af
294 472 230 26 landtdagsordningen
539 471 63 22 hafva
617 472 70 21 blifvit
705 473 86 26 omöjlig
809 475 30 18 att
858 473 32 21 sä-

77 509 46 14 som
139 503 146 26 representant
300 501 50 20 sitta
367 501 6 20 i
392 501 182 26 borgareständet,
593 500 54 21 huru
667 501 82 26 mycket
767 503 25 18 än
811 501 79 23 Jakob-

77 531 49 21 stad
142 531 68 20 skulle
225 529 62 22 hafva
302 529 76 20 önskat
392 529 56 26 välja
469 529 76 20 honom
564 529 38 20 och
625 529 85 21 ständet
729 530 55 20 varit
802 530 89 22 hedradt

77 559 25 22 af
116 559 52 21 hans
184 561 94 18 närvaro.
309 558 31 21 På
355 563 80 15 samma
451 559 41 19 sätt
507 557 101 21 förhåller
624 557 37 21 det
675 558 32 26 sig
723 558 46 21 med
787 558 103 27 provinci-

78 588 119 21 alläkarne:
217 587 60 21 deras
296 586 110 21 valbarhet
425 586 32 21 till
478 586 83 21 ständet
580 586 63 21 beror
665 586 70 27 derpä,
755 593 32 14 om
808 587 25 20 de
853 589 36 18 äro

78 616 85 21 bosatta
178 615 65 27 nägra
257 617 57 19 verst
330 615 53 20 hität
398 614 53 21 eller
467 614 58 21 dität.
545 626 25 3 —
590 614 43 21 Det
648 617 23 18 är
687 615 26 26 pä
728 615 62 21 dessa
802 615 37 20 fall
853 615 37 27 jag

79 644 66 21 riktat
159 644 41 20 .min
215 643 192 28 uppmärksamhet.
440 643 40 26 Jag
499 643 38 20 har
555 643 46 20 icke
620 642 111 27 föreslagit
749 643 65 26 några
833 646 58 19 stora

77 673 172 26 omstörtningar,
268 674 50 19 utan
337 672 75 20 endast
430 671 111 26 föreslagit
559 671 116 26 ändringen
693 671 22 21 af
736 672 65 26 några
823 673 38 20 ord
883 673 6 20 i

79 701 238 26 landtdagsordningen;
334 700 36 26 jag
389 700 39 21 har
447 700 75 21 endast
540 700 57 21 velat
615 699 79 22 bereda
709 701 123 21 valmännen
848 701 42 20 till-

78 729 51 21 fälle
145 731 30 18 att
190 729 6 20 i
212 729 93 26 enlighet
319 729 47 20 med
382 729 46 20 sina
443 729 127 26 önskningar
586 728 38 21 och
641 729 148 20 oförhindrade
804 729 23 20 af
836 729 53 21 små-

79 758 72 26 aktiga
166 757 154 27 bestämningar
336 757 21 20 få
375 757 33 20 till
427 757 161 26 landtdagsmän
607 757 56 26 välja
680 763 107 20 personer,
809 757 80 23 hvilkas

79 786 109 27 duglighet
203 786 26 21 de
243 786 69 21 känna
327 785 37 22 och
384 785 72 21 hvilka
474 785 80 21 kanske
569 785 44 21 ofta
628 786 64 20 redan
709 785 56 21 förut
780 786 59 21 suttit
849 787 40 20 vid

80 811 132 35 landtdagar.
837 827 2 2 :

128 858 2 3 -
147 843 48 21 Som
211 843 68 26 sagdt,
294 843 36 20 det
344 844 24 19 är
383 842 145 27 afhjelpandet
543 842 22 21 af
580 842 65 27 några
660 843 108 26 praktiska
778 843 110 26 olägenhe-

78 873 33 19 ter
123 872 37 26 jag
175 871 38 21 här
228 871 175 26 hufvudsakligen
418 871 47 20 haft
478 871 6 20 i
500 871 62 27 syfte.
591 871 71 21 Meni
678 871 41 20 alla
731 871 110 21 händelser
851 871 38 21 ber

75 900 38 27 jag
128 900 22 20 fä
165 900 75 20 beröra
255 900 63 20 saken
338 899 64 21 ocksä
419 899 46 21 frän
485 900 47 20 litet
550 899 131 27 allmännare
699 899 110 27 synpunkt.
839 899 50 21 För-

78 929 71 27 slaget
163 928 86 21 innebär
269 930 30 18 att
317 930 49 24 taga
385 928 48 20 bort
447 927 177 27 inskränkningar
642 928 39 20 och
701 928 61 25 band,
781 928 63 26 lagda
863 928 26 26 pä

79 957 94 21 valmäns
188 956 41 22 fria
243 957 60 25 vilja;
319 957 45 25 och,
380 957 55 20 mine
451 956 79 25 herrar,
547 956 35 21 det
597 956 108 21 förefaller
720 956 48 26 mig,
785 958 31 19 att
826 956 63 21 frihe-

79 988 41 22 ten,
136 985 40 21 den
192 985 128 21 individuela
334 984 90 22 friheten
441 987 31 19 att
487 984 77 21 handla
576 984 38 21 bör
625 984 26 21 ha
666 985 127 26 presumtion
805 984 33 22 för
850 985 38 26 sig.

79 1014 39 21 Om
142 1020 46 14 man
208 1014 35 20 vill
263 1013 63 21 hafva
344 1013 177 26 inskränkningar
540 1014 6 20 i
566 1013 57 21 detta
642 1013 106 25 afseende,
768 1013 23 21 sä
809 1013 80 27 äligger

78 1043 37 20 det
130 1042 47 25 den,
193 1048 43 15 som
252 1042 36 20 vill
304 1042 56 20 hålla
375 1042 28 26 pä
417 1042 210 26 inskränkningarne,
643 1044 31 18 att
693 1042 53 20 först
765 1042 77 26 bevisa,
859 1044 30 18 att

79 1070 90 21 friheten
185 1070 156 21 ästadkommer
356 1070 64 26 nägot
435 1070 57 21 ondt.

146 1099 41 26 Jag
202 1101 45 19 tror
262 1099 41 26 mig
319 1099 48 21 med
382 1099 36 21 det
434 1099 66 26 sagda
515 1098 63 21 hafva
592 1100 66 25 yttrat
673 1098 122 27 tillräckligt
810 1098 33 22 för
859 1100 31 20 att

79 1127 108 26 motivera,
206 1129 31 19 att
256 1128 35 20 det
309 1127 22 21 af
348 1128 40 25 mig
408 1127 126 21 framstälda
555 1127 104 27 yrkandet
676 1127 125 21 ätminstone
821 1127 69 21 kunde

78 1162 51 14 vara
155 1155 86 27 förtjent
263 1156 22 20 af
303 1158 31 19 att
352 1158 61 24 tagas
432 1156 6 20 i
457 1156 145 20 betraktande.
631 1156 50 20 Men
697 1156 37 26 jag
751 1156 35 20 vill
802 1156 88 26 tillägga

77 1186 57 19 ännu
149 1186 30 19 ett
194 1184 51 21 skäl.
274 1184 26 21 Vi
315 1184 55 21 hade
384 1184 45 21 förr
444 1186 26 19 än
486 1185 68 20 denna
569 1184 201 26 landtdagsordning
788 1184 45 21 blef
844 1184 46 26 gäl-

77 1212 65 22 lande
156 1219 24 14 en
197 1214 54 20 ännu
267 1215 68 19 större
350 1212 152 27 inskränkning
520 1213 6 20 i
546 1212 135 22 valmännens
700 1212 69 26 frihet,
788 1213 6 21 i
814 1213 35 21 det
864 1212 25 21 de

73 1241 51 21 -icke
140 1241 53 21 hade
209 1243 42 19 rätt
265 1243 31 19 att
315 1241 55 27 välja
389 1242 67 20 andra
474 1247 108 21 personer,
598 1243 25 19 än
639 1242 54 25 dem,
712 1248 44 14 som
776 1241 68 21 bodde
863 1241 26 26 pä

79 1270 39 21 den
134 1272 39 23 ort,
189 1270 37 20 der
241 1270 25 20 de
281 1270 76 26 sjelfva
372 1276 51 14 voro
442 1270 89 21 bosatte.
558 1270 74 20 Denna
650 1270 151 26 inskränkning
820 1270 6 20 i
846 1270 44 22 val-

79 1300 100 19 männens
194 1298 63 21 frihet
272 1298 38 21 har
325 1304 88 15 numera
432 1298 110 21 bortfallit.
571 1298 45 21 Här
635 1299 39 20 har
691 1299 6 20 i
717 1299 40 25 dag
772 1298 66 21 under
854 1298 35 21 de-

78 1327 71 20 batten
166 1327 89 20 rörande
270 1333 25 14 en
311 1333 68 14 annan
395 1327 60 26 fräga
471 1327 102 26 päpekats
588 1327 39 20 den
643 1329 58 18 stora
716 1326 74 26 fördel,
806 1326 84 22 ständet

79 1355 45 21 haft
135 1355 22 20 af
166 1361 106 20 personer,
287 1355 63 21 valda
365 1357 57 19 utom
439 1355 149 21 valdistriktet.
610 1355 65 21 Detta
687 1355 60 21 beror
759 1355 129 26 väsentligen

79 1383 23 22 af
115 1384 40 21 den
171 1384 90 21 nämnda
275 1384 190 26 inskränkningens
481 1383 145 26 borttagande.
657 1383 44 22 Och
718 1384 37 26 jag
770 1385 78 19 trotsar
863 1389 26 16 en

78 1412 53 21 hvar
146 1414 31 18 att
191 1412 70 21 kunna
275 1412 82 27 päpeka
372 1414 31 19 ett
418 1412 54 21 enda
491 1412 53 26 skäl,
564 1418 44 15 som
627 1412 40 21 kan
684 1412 100 21 motivera
799 1413 40 20 den
855 1417 34 21 ge-

73 1447 53 14 :nom
143 1441 54 21 1869
208 1441 34 20 års
254 1441 203 26 landtdagsordning
467 1440 83 21 införda
564 1440 148 27 förändringen
724 1441 4 20 i
742 1441 92 26 antydda
846 1439 43 23 för-

79 1469 104 25 hällande,
199 1469 80 21 hvilket
293 1469 45 21 skäl
354 1469 46 21 icke
418 1469 70 20 tillika
506 1469 69 20 skulle
594 1469 43 21 tala
655 1469 33 20 för
706 1469 39 20 den
762 1468 127 27 förändring,

77 1497 37 26 jag
129 1504 28 14 nu
171 1497 115 27 föreslagit.

147 1526 55 21 Herr
216 1525 150 22 Rönnbäck:
381 1526 42 27 Jag
438 1526 75 21 trodde
529 1525 46 22 icke
591 1527 31 19 att
633 1526 49 21 herr
695 1525 117 28 Chydenius
825 1525 67 22 skulle
