1098 1745
359 133 97 22 Borgarest.
464 133 47 20 1885.
529 133 16 20 .5
553 133 51 20 Febr.
828 134 38 19 227

68 205 43 23 allt
122 203 70 26 öfrigt
210 201 69 22 afvika
297 201 47 22 från
362 202 41 21 den
421 201 22 22 af
458 202 116 22 ständerna
587 201 168 28 ursprungligen
775 202 114 23 utstakade

68 233 88 27 -plenen.
174 231 151 26 Delegationen
337 230 41 22 har
393 229 89 23 sålunda
496 229 47 22 icke
557 230 85 22 kunnat
656 229 93 27 uppfylla
764 231 125 24 ständernas

72 260 82 23 änskan
169 265 34 16 om
218 258 155 27 skyndsamhet,
389 258 28 22 då
431 258 40 22 den
486 258 91 22 bestämt
586 258 39 27 :sig
640 258 34 21 för
688 264 26 16 en
724 254 59 35 tomt,
795 259 32 22 till
840 259 49 23 hvil-

69 289 44 22 ken
129 287 41 22 den
179 287 72 22 under
265 289 33 19 tre
308 287 39 22 års
360 287 34 20 tid
405 286 70 27 knapt
489 286 76 22 hunnit
574 286 110 23 förvärfva
693 287 130 26 eganderätt.
841 288 47 23 Den

67 317 43 21 -har
121 316 75 21 'vidare
211 315 46 22 icke
267 315 86 22 kunnat
368 315 71 22 utföra
453 315 124 22 ständernas
592 315 93 26 .mening,
704 317 31 19 att
754 317 52 20 :utan
821 316 67 23 öfver-

71 345 71 22 drifna
155 344 114 22 kostnader
278 343 86 22 erhälla
373 345 36 19 ett
419 343 100 27 lämpligt
533 343 45 26 hus,
594 345 24 25 ty
635 343 27 27 på
670 343 46 22 den
731 344 89 22 utsedda
832 345 56 27 plat-

71 380 38 16 sen
121 373 73 21 kunde
204 373 79 21 endast
298 373 31 20 ett
344 371 48 27 dyrt
406 371 39 22 hus
456 371 110 28 :uppföras.
592 372 82 21 Denna
692 372 51 21 sista
761 374 128 26 omständig-

71 402 37 22 het
121 401 75 27 tyckes
210 400 53 22 dock
274 400 11 21 i
296 400 119 22 allmänhet
425 400 52 22 icke
491 400 63 22 hafva
568 402 90 24 generat
668 400 152 27 delegationen.
838 402 50 24 Man

71 437 35 16 ser
115 430 110 26 ;nemligen
243 429 26 27 på
284 428 54 23 flere
357 429 76 21 ställen
447 426 8 23 i
473 428 135 27 berättelsen,
625 429 55 22 huru
695 429 46 21 litet
755 429 66 27 några
834 430 54 23 hun-

71 458 132 23 dratusental
221 459 54 25 vägt,
285 457 34 22 då
333 457 37 21 det
379 457 50 26 .gält
443 459 32 19 att
492 457 22 22 få
526 463 32 16 en
576 457 53 21 eller
648 463 69 17 annan
734 457 155 28 smakriktning

71 487 40 22 hos
126 486 155 27 -delegationens
292 485 113 27 ;pluralitet
423 485 141 23 tillfredstäld.
594 485 56 22 Man
667 486 56 22 läser
740 486 47 22 -med
799 486 89 28 häpnad

71 517 33 20 att
118 515 75 23 endast
210 515 33 21 för
261 513 236 23 ästadkommandet
469 509 27 36 af
512 520 26 15 en
552 515 57 25 yttre
620 513 66 23 fasad
700 514 70 23 uti,en
785 515 42 26 stil,
842 521 46 18 som

71 544 131 23 konvenerat
213 543 151 26 delegationen,
376 542 204 27 kostnadsförslaget
591 542 63 22 ökats
662 543 47 21 med
719 543 92 26 350,000
820 543 67 27 mark,

72 575 53 20 utan
140 574 32 19 att
186 571 145 27 delegationen
345 571 134 26 synnerligen
496 571 43 21 fäst
556 571 32 26 sig
606 571 84 26 dervid;
709 571 40 22 och
762 573 43 20 när
819 572 69 23 denna

70 601 102 26 slutligen
186 600 87 21 kommit
282 595 42 36 till
336 601 30 20 ett
380 599 188 27 kostnadsförslag,
587 605 47 17 som
652 599 81 27 uppgår
747 600 37 22 :till
807 607 39 15 mer
861 602 27 21 än

73 629 89 22 dubbelt
176 630 44 21 mot
234 628 55 21 hvad
303 628 116 21 ständerna
433 627 62 22 tänkt
509 627 38 27 sig,
562 627 24 22 sä
600 628 52 27 höja
666 628 31 27 sig
712 628 37 22 allt
759 629 129 23 fortfarande

72 659 68 20 röster
151 657 36 21 för
201 659 31 19 att
246 657 147 26 delegationen
408 656 132 22 omedelbart
553 656 67 22 borde
636 656 71 22 skrida
717 657 32 21 till
758 657 131 28 verkställig-

72 686 48 21 hets
134 685 104 27 åtgärder,
253 687 51 19 utan
321 687 31 19 att
367 685 108 26 förelägga
489 685 74 26 frågan
578 685 126 22 ständernas
714 685 108 28 präfning.
846 686 43 23 Det

68 714 112 23 förefaller
189 715 79 21 :nästan
280 719 45 16 som
341 719 34 16 om
390 713 90 22 stånden
495 713 67 23 skulle
577 713 66 22 -hafva
658 714 74 22 endast
748 714 39 22 den
799 717 90 19 omstän-

72 743 98 26 digheten
189 744 31 21 att
237 742 66 22 tacka
318 741 33 22 för
370 743 33 20 att
419 741 67 22 saken
505 741 90 23 kommit
613 742 69 21 under
703 742 60 21 deras
785 743 102 27 pröfning,

69 772 68 23 innan
146 771 46 22 .den
207 771 67 21 blifvit
289 770 107 27 ohjelplig,
412 772 33 20 att
460 771 26 20 de
495 771 62 22 inom
570 770 30 22 .så
614 770 56 22 kort
684 771 30 22 tid
728 771 160 23 sammanträdt.

72 800 75 22 Skulle
160 799 152 22 ständermötet
326 799 47 21 icke
382 801 64 20 ännu
463 799 28 26 pä
509 801 31 19 ett
555 798 23 22 är
593 799 97 26 vidtagit,
705 799 55 22 hade
775 800 113 27 delegatio-

69 835 52 20 nen,
134 828 55 23 efter
203 828 55 22 hvad
269 833 52 17 .man
333 827 46 23 :kan
395 827 56 22 sluta
460 827 28 23 af
495 827 69 21 dessa
573 827 120 27 -protokoll,
704 828 120 27 antagligen
835 829 54 23 skri-

72 857 33 23 dit
126 857 33 21 till
175 856 116 22 utförande
313 855 22 21 af
355 856 38 23 sitt
415 855 154 28 palatsprojekt
591 857 53 21 utan
670 857 124 22 ständernas
818 857 71 22 vidare

69 885 105 22 hörande.

140 914 69 21 Dessa
222 913 63 22 hafva
298 913 56 22 varit
367 913 58 22 mina
439 913 83 26 intryck
537 913 35 20 vid
590 913 187 27 genomläsningen
795 913 22 22 af
833 915 56 22 :stän-

74 942 234 26 derhusdelegationens
319 941 118 22 berättelse
453 941 40 22 och
502 941 119 27 :protokoll.
644 942 48 26 Jag
702 942 39 21 vill
750 943 24 26 :ej
785 942 106 24 bestämdt

69 971 65 28 -pästä
151 972 37 20 att
207 970 45 22 icke
274 976 26 15 en
322 975 134 22 nogrannare
473 969 137 27 .granskning
626 970 30 23 af
674 970 67 23 dessa
766 971 124 26 aktstycken

72 999 72 22 kunde
154 999 105 23 ;motivera
273 1005 26 14 en
313 999 8 20 i
331 998 75 27 någon
415 998 55 23 .mån
484 998 124 23 förmildrad
623 999 57 23 dom.
706 999 49 22 Men
770 999 23 22 sä
807 999 83 27 mycket

72 1028 63 22 torde
145 1027 54 22 dock
209 1033 50 16 vara
272 1027 59 26 visst,
346 1028 33 20 att
394 1027 70 22 denna
478 1027 59 26 fråga
552 1027 19 26 .ej
582 1027 48 22 kan
639 1033 67 17 anses
721 1023 90 34 allenast
824 1028 66 23 såsom

68 1063 32 16 -en
115 1056 148 27 anslagsfräga,
279 1055 86 23 hvilken
379 1057 53 21 utan
443 1055 76 23 vidare
534 1055 39 21 bör
583 1056 120 23 remitteras
712 1056 33 21 till
755 1057 136 22 statsutskot-

73 1087 38 21 tet.
136 1085 45 26 Jag
196 1084 91 23 önskade
303 1084 71 22 derför
389 1085 33 20 att
435 1084 117 23 ständerna
566 1083 66 24 måtte
648 1085 88 22 tillsätta
751 1087 30 19 ett
791 1085 100 23 särskildt

73 1113 91 26 utskott,
179 1113 36 21 för
234 1114 31 20 att
282 1112 93 27 granska
387 1112 165 27 .delegationens
571 1112 150 27 tillgöranden,
745 1113 39 22 och
805 1113 32 21 för
858 1115 33 21 att

69 1144 55 24 rtaga
142 1142 7 20 i
168 1141 157 27 öfvervägande,
344 1141 105 22 huruvida
467 1147 27 15 en
512 1141 121 26 förhöjning
651 1141 107 27 verkligen
775 1141 42 22 kan
840 1148 51 17 vara

70 1169 96 27 -behöflig
180 1170 23 21 af
216 1170 35 21 det
265 1170 79 26 anslag,
358 1175 49 16 som
421 1169 116 23 .ständerna
552 1175 26 15 en
592 1169 57 27 gång
663 1170 93 27 beviljat.
779 1171 44 26 Mig
836 1171 54 22 före-

70 1199 64 22 faller
149 1199 37 21 det
199 1199 46 22 icke
260 1199 96 26 omöjligt
365 1200 38 21 :att
417 1198 73 23 kunna
505 1197 149 24 åstadkomma
668 1200 31 20 ett
712 1199 82 27 mindre
803 1199 88 27 dyrbart

74 1227 126 22 ständerhus
218 1229 26 20 än
261 1227 148 26 delegationen
427 1226 115 27 föreslagit.
575 1227 43 20 Det
636 1227 66 26 gäller
720 1227 55 22 blott
792 1229 33 20 att
837 1230 54 25 taga

70 1257 41 21 sitt
122 1255 82 24 förnuft
218 1256 32 22 till
264 1255 63 27 fånga
342 1255 40 23 oah
398 1255 73 26 återgå
486 1255 33 21 till
534 1255 40 21 den
584 1255 88 27 tidigast
681 1255 114 28 föreslagna
807 1251 84 36 platsen

69 1285 37 23 för
128 1284 146 24 ständerhuset
291 1284 111 26 -nemligen
425 1285 108 25 qvarteret
555 1284 107 26 Servalen,
685 1291 45 15 som
752 1287 56 20 ännu
825 1285 65 22 torde

73 1313 73 21 kunna
160 1312 89 23 erhållas
265 1312 39 23 och
319 1312 33 21 för
367 1312 87 21 hvilken
468 1312 66 21 redan
549 1311 67 24 finnes
631 1313 104 27 uppgjord
749 1313 79 27 ritning
842 1313 49 23 med

74 1344 32 20 ett
119 1341 181 27 kostnadsförslag
314 1340 99 24 slutande
427 1340 28 28 på
470 1340 93 27 800,000
577 1340 69 23 mark.

143 1370 150 27 Delegationen
314 1369 123 23 framhåller
459 1369 28 27 på
503 1369 56 22 flere
580 1369 78 22 ställen
679 1372 32 20 att
729 1372 31 19 ett
778 1371 113 23 ständerna

68 1399 90 26 -värdigt
172 1399 39 21 hus
226 1399 45 21 icke
286 1398 42 22 kan
343 1398 80 27 byggas
438 1397 33 22 för
485 1398 82 27 mindre
582 1404 83 16 summa
678 1400 27 21 än
715 1399 41 21 den
765 1399 125 26 föreslagna.

75 1428 49 22 Men
145 1427 56 22 hvad
222 1429 23 20 är
266 1427 115 21 ständerna
400 1426 98 27 värdigt?
520 1426 31 23 Är
569 1427 36 20 det
624 1427 114 23 ständerna
755 1421 91 37 värdigt.
850 1429 40 24 att,

69 1456 82 23 medan
162 1462 51 17 man
229 1455 95 23 öfverallt
339 1455 7 20 i
361 1455 72 22 landet
445 1455 43 22 hör
502 1455 79 22 uttalas
597 1455 148 27 beklaganden
755 1456 58 23 öfver
822 1457 69 22 extra-

72 1491 109 20 vagansen
191 1484 39 21 och
244 1485 60 26 lyxen
320 1483 35 21 vid
369 1484 28 22 de
412 1483 108 27 offentliga
534 1483 217 29 byggnadsarbetena,
768 1479 77 37 votera,
854 1479 37 37 an-

70 1513 50 26 :slag
135 1513 27 26 på
177 1513 96 27 miljoner
287 1512 33 21 till
335 1514 31 19 ett
381 1511 133 26 ständerhus,
530 1518 46 17 som
590 1512 8 21 i
612 1512 35 27 lyx
662 1513 40 22 och
714 1512 45 21 ståt
773 1513 38 22 och
824 1514 67 25 extra-

70 1546 84 21 wagans
168 1541 48 22 vida
231 1540 131 24 öfverträffar
371 1541 45 22 allt
429 1540 57 23 hvad
500 1540 76 23 hittills
595 1541 7 20 i
621 1541 41 20 den
677 1543 69 25 vägen
763 1542 128 26 presterats?
