1103 1739
357 118 94 22 Borgarest.
462 118 44 20 1885.
529 118 17 19 17
559 118 51 19 Mars.
841 120 35 17 475

68 187 109 27 försiggår
199 186 28 27 på
249 185 99 27 svenska,
371 186 39 21 och
433 186 27 21 då
482 186 73 21 dertill
578 186 99 21 kommer
699 188 32 19 att
752 186 67 27 knapt
834 187 65 27 något

70 216 68 21 finskt
161 221 50 15 svar
232 213 67 27 gifvet
321 214 27 26 på
366 214 91 21 svenska
472 214 73 26 frågor
560 214 23 21 af
597 214 97 24 lärarene
706 214 116 26 tolereras,
836 215 61 21 torde

69 244 63 22 detta
147 249 52 15 vara
213 248 26 15 en
255 241 203 27 tillfyllestgörande
473 242 118 26 förklaring
607 242 107 26 deröfver,
730 244 32 19 att
777 243 122 21 läroverket

70 274 25 20 är
119 272 25 21 så
166 270 52 27 godt
232 276 45 15 som
293 270 88 26 stängdt
399 270 34 21 för
447 270 97 21 alumner
558 270 48 21 från
624 271 40 21 den
679 273 49 18 rent
742 270 156 22 finskatalande

70 299 165 26 befolkningens
258 298 66 21 leder.
354 298 43 22 Det
412 300 25 19 är
451 298 125 27 visserligen
592 301 65 19 sannt
671 300 32 20 att
718 305 26 15 en
760 299 116 22 auktoritet
890 300 7 20 i

70 328 77 26 frågan
170 327 46 26 lagt
238 326 37 21 sitt
293 326 39 20 ord
349 326 6 21 i
371 326 116 27 vågskålen
502 327 48 21 med
566 327 29 20 all
612 327 42 21 den
669 327 107 27 tyngande
791 328 46 26 vigt
851 334 45 15 som

70 356 76 22 tillhör
168 362 34 18 en,
217 355 42 25 hög
280 354 130 22 funktionär.
440 354 81 22 Chefen
544 354 34 22 för
597 354 269 28 jordbruksexpeditionen
889 356 7 21 i

71 386 96 24 senaten,
190 383 85 21 hvilken
299 383 68 26 enligt
381 389 28 15 nu
424 383 100 27 gällande
539 383 132 27 reglemente
685 379 41 35 har.
736 385 34 19 att
786 384 64 26 tillse,
866 386 32 19 att

71 414 61 20 detta
155 412 141 26 reglementes
316 410 135 22 föreskrifter
467 412 5 20 i
488 411 101 21 afseende
604 411 14 21 å
633 412 179 26 undervisningen
827 412 69 27 följas,

71 441 41 21 har
134 440 69 22 under
224 439 101 22 debatten
341 439 6 21 i
363 439 150 27 ridderskapet
528 439 38 22 och
582 439 64 21 adeln
661 440 28 26 på
703 440 37 21 det
753 440 144 22 bestämdaste

70 469 114 25 förklarat,
201 470 31 19 att
247 467 50 27 inga
312 467 76 21 hinder
403 468 115 21 förefinnas
534 468 34 21 för
583 468 73 21 elever
670 468 49 21 med
730 468 65 21 finskt
803 468 94 22 moders-

71 497 43 22 mål
139 499 32 19 att
194 496 53 26 följa
261 495 179 27 undervisningen
456 496 35 21 vid
508 496 128 21 läroverket.
666 496 127 21 Emellertid
809 496 38 22 har
860 497 37 27 jag

73 525 88 22 erhållit
182 524 153 27 upplysningar
357 524 55 21 ifrån
435 524 102 21 Mustiala
556 524 106 26 läroverk,
677 524 73 21 hvilka
765 524 132 28 ådagalägga

72 555 126 20 motsatsen.
226 552 43 26 Jag
287 552 38 20 vill
342 552 19 26 ej
377 554 53 24 göra
444 552 93 27 anspråk
552 552 28 27 på
594 554 34 19 att
642 552 57 21 mina
714 553 108 26 uppgifter
837 553 60 21 skola

71 582 65 21 hafva
158 580 81 22 vitsord
259 580 36 21 vid
310 580 69 21 denna
395 580 81 27 debatt,
491 587 48 15 men
552 581 38 26 jag
605 580 39 22 vill
659 581 114 21 framhålla
788 583 32 19 att
834 581 7 21 i
856 582 41 20 tid-

70 610 79 26 ningen
172 608 64 28 ,Uusi
259 608 122 22 Suometar*
397 609 41 21 den
455 610 25 20 11
497 609 80 21 dennes
593 609 72 26 ingick
681 611 31 19 ett
727 610 147 25 meddelande,
889 610 8 21 i

71 638 96 26 enlighet
192 637 48 21 med
265 636 82 22 hvilket
373 637 97 21 lärarene
493 637 35 21 vid
550 637 104 21 Mustiala
675 638 222 21 landtbruksinstituts

71 666 68 27 högre
155 665 109 26 afdelning
279 665 98 22 använda
391 666 137 21 uteslutande
544 665 93 22 svenska
652 666 86 27 språket
753 666 25 21 så
792 667 52 26 godt
851 672 45 15 som

71 695 28 27 på
122 696 31 20 ett
175 700 39 21 par
236 693 108 26 undantag
363 696 44 19 när.
439 694 49 21 Men
504 694 19 26 ej
539 700 42 20 nog
597 694 87 21 dermed
700 696 33 19 att
747 695 44 20 alla
806 695 91 21 föreläs-

73 723 77 26 ningar
165 722 75 26 hållas,
255 721 43 22 alla
313 721 74 27 frågor
401 722 47 21 från
465 723 108 21 lärarenes
589 722 47 21 sida
651 725 64 24 göras
729 723 28 26 på
772 723 101 26 svenska;
889 723 7 21 i

72 751 75 27 regeln
169 749 97 23 inträffar
285 750 38 21 det
337 752 32 19 att
384 751 78 26 elever,
478 751 72 20 hvilka
565 751 19 26 ej
600 752 38 19 äro
654 751 36 21 det
704 751 92 21 svenska
811 751 86 27 språket

73 779 103 27 mäktiga,
195 779 107 20 förmenas
317 780 32 19 att
364 779 35 20 vid
415 779 123 26 afgifvande
552 779 23 20 af
590 779 46 21 sina
652 785 48 15 svar
716 779 97 27 begagna
828 779 32 26 sig
875 779 23 22 af

73 807 159 22 modersmålet.
262 807 77 21 Denna
361 807 62 26 notis,
446 807 86 21 hvilken
550 807 90 22 innebär
655 809 31 19 ett
700 808 126 27 uttryckligt
841 807 56 22 före-

72 836 96 21 bärande
190 837 32 19 att
245 835 74 21 chefen
343 835 33 21 för
395 835 266 27 jordbruksexpeditionen
684 836 68 21 under
774 836 122 21 debatten
884 831 15 36 i

72 864 150 27 ridderskapet
245 863 39 21 och
299 863 63 21 adeln
378 864 69 21 skulle
463 863 63 22 hafva
541 863 112 27 förvrängt
667 864 26 21 de
709 864 94 21 faktiska
818 864 79 21 förhål-

72 893 92 21 landena
186 892 35 21 vid
244 891 163 26 ifrågavarande
430 892 134 26 läroanstalt,
587 892 71 21 denna
677 893 56 20 notis
749 893 45 26 har,
810 893 87 21 oaktadt

73 927 49 15 man
146 920 69 21 skulle
236 919 63 28 tycka
321 922 32 19 att
368 921 94 26 antydda
477 920 217 27 regeringsledamots
709 921 107 21 anseende
832 921 65 21 borde

74 949 44 21 lida
133 949 29 26 på
176 950 31 19 att
222 949 40 20 den
278 950 98 25 passerat
391 949 119 25 oanmärkt,
525 949 47 20 icke
588 948 70 21 blifvit
673 949 123 26 vederlagd.
815 949 33 21 Då
857 949 41 22 den

73 977 90 22 sålunda
185 977 46 21 icke
254 975 70 22 blifvit
347 977 145 26 dementerad,
511 977 69 20 håller
598 977 37 26 jag
650 977 52 26 före,
718 979 32 19 att
765 978 27 20 de
807 977 44 21 deri
867 977 31 21 in-

74 1005 83 28 gående
180 1005 135 27 uppgifterna
338 1005 192 21 öfverensstämma
552 1005 49 21 med
617 1005 37 22 det
668 1006 97 25 verkliga
780 1005 118 22 sakförhål-

73 1034 81 21 landet.
184 1033 41 26 Jag
248 1033 103 26 beklagar
373 1035 32 19 att
420 1033 166 27 petitionärerne
602 1033 126 22 formulerat
743 1035 38 20 sitt
795 1034 81 27 förslag
891 1035 7 20 i

74 1062 55 21 form
153 1061 23 22 af
197 1063 30 20 ett
250 1061 166 27 önskningsmål,
439 1067 46 16 som
508 1062 88 21 innebär
615 1064 31 19 ett
665 1062 137 21 erkännande
816 1064 32 19 att
862 1063 37 21 det

74 1090 93 22 svenska
188 1089 86 27 språket
292 1090 94 27 lagligen
403 1096 50 15 vore
468 1090 136 21 uteslutande
620 1090 229 27 undervisningsspråk
863 1091 36 21 vid

73 1119 42 21 den
131 1118 162 26 ifrågavarande
308 1118 136 27 afdelningen
461 1118 35 21 vid
511 1118 103 21 Mustiala
628 1119 90 21 institut.
747 1119 41 26 Jag
796 1119 103 27 beklagar

74 1149 27 19 än
125 1153 46 15 mer
186 1148 32 19 att
232 1146 108 21 allmänna
354 1146 197 21 besvärsutskottet
566 1147 19 26 ej
601 1147 69 26 ingått
685 1147 7 21 i
706 1147 116 26 utredning
836 1147 23 21 af
873 1148 26 20 de

75 1175 158 26 författningar,
256 1174 73 21 hvilka
352 1175 59 26 ligga
426 1175 32 21 till
474 1175 70 26 grund
559 1175 33 21 för
607 1175 128 22 hithörande
750 1175 80 27 frågor.
858 1175 41 27 Jag

76 1203 38 22 ber
137 1205 32 20 att
191 1203 21 21 få
234 1203 115 21 hemställa
370 1203 33 21 till
419 1203 109 26 vällofliga
543 1203 92 27 ståndet,
651 1204 103 21 huruvida
770 1205 46 20 icke
831 1204 27 27 på
873 1204 26 21 de

74 1232 101 27 grunder,
195 1231 38 27 jag
255 1231 38 21 här
315 1231 78 26 anfört,
410 1231 46 22 skäl
472 1231 106 27 föreligga
593 1233 33 20 att
640 1232 158 22 återremittera
812 1233 89 20 ärendet

74 1260 35 22 till
131 1260 90 28 förnyad
244 1259 129 27 behandling
389 1260 22 21 af
426 1260 112 21 utskottet.
568 1259 76 23 Såsom
660 1267 25 15 en
700 1261 132 27 konseqvent
846 1261 54 26 följd

74 1288 25 22 af
121 1289 70 21 denna
212 1288 130 27 behandling
365 1289 76 21 tänker
454 1288 38 27 jag
507 1288 43 27 mig
566 1295 25 15 en
607 1289 89 27 petition
712 1289 46 21 från
774 1290 126 20 ständernas

74 1317 55 26 sida,
154 1317 46 21 icke
215 1317 7 21 i
237 1317 40 21 den
293 1317 96 27 rigtning
404 1317 167 27 petitionärerne
586 1317 118 27 föreslagit,
720 1320 50 19 utan
786 1318 7 20 i
809 1318 54 21 form
879 1317 23 22 af

75 1351 27 16 en
125 1345 129 21 hemställan
277 1345 32 21 till
333 1345 126 27 regeringen
479 1351 38 15 om
528 1348 33 18 att
575 1346 326 27 undervisningsförhällandena

75 1374 37 20 vid
135 1373 101 22 Mustiala
255 1373 84 21 institut
355 1374 66 20 mätte
437 1374 95 26 regleras
548 1374 6 20 i
571 1374 222 22 öfverensstämmelse
809 1375 48 21 med
872 1380 29 15 nu

75 1402 102 27 gällande
191 1402 162 26 författningars
369 1402 107 26 syftemäl.
506 1402 81 21 Vinner
602 1408 26 15 en
644 1402 65 22 sädan
726 1403 129 21 hemställan
865 1409 36 20 ge-

76 1430 47 27 hör,
139 1430 97 26 äterstär,
252 1430 67 26 enligt
333 1430 56 21 hvad
400 1430 44 26 mig
455 1436 71 21 synes,
537 1430 33 21 för
581 1431 125 26 regeringen
717 1432 110 26 ingenting
837 1432 65 20 annat

76 1460 28 19 än
123 1460 33 20 att
171 1458 74 27 afgöra
260 1458 80 26 derom,
356 1458 106 21 huruvida
478 1458 36 22 det
529 1458 46 21 frän
591 1459 132 27 pedagogisk
738 1459 108 27 synpunkt
860 1459 41 21 kan

76 1492 64 16 anses
162 1493 51 15 vara
236 1486 98 27 lämpligt
357 1489 32 19 att
411 1486 109 22 bibehälla
539 1487 41 21 den
596 1487 6 21 i
618 1486 153 28 författningen
787 1488 115 21 förutsatta

76 1514 97 27 regimen
194 1516 31 20 att
247 1515 98 22 använda
368 1515 69 28 bägge
460 1515 92 27 spräken
569 1515 104 27 jämsides
689 1516 53 22 eller
757 1522 34 16 om
807 1516 52 28 icke,
875 1515 27 23 dä
