<?xml version="1.0" encoding="UTF-8"?>
<alto xmlns="http://www.loc.gov/standards/alto/ns-v3#" xmlns:xlink="http://www.w3.org/1999/xlink" xmlns:xsi="http://www.w3.org/2001/XMLSchema-instance" xsi:schemaLocation="http://www.loc.gov/standards/alto/ns-v3# http://www.loc.gov/alto/v3/alto-3-0.xsd">
	<Description>
		<MeasurementUnit>pixel</MeasurementUnit>
		<sourceImageInformation>
			<fileName>/tmp/tess_xi9_ja0v_input.PNG</fileName>
		</sourceImageInformation>
		<OCRProcessing ID="OCR_0">
			<ocrProcessingStep>
				<processingSoftware>
					<softwareName>tesseract 5.3.4</softwareName>
				</processingSoftware>
			</ocrProcessingStep>
		</OCRProcessing>
	</Description>
	<Layout>
		<Page WIDTH="1092" HEIGHT="1745" PHYSICAL_IMG_NR="0" ID="page_0">
			<PrintSpace HPOS="0" VPOS="0" WIDTH="1092" HEIGHT="1745">
				<ComposedBlock ID="cblock_0" HPOS="355" VPOS="132" WIDTH="515" HEIGHT="24">
					<TextBlock ID="block_0" HPOS="355" VPOS="132" WIDTH="515" HEIGHT="24">
						<TextLine ID="line_0" HPOS="355" VPOS="132" WIDTH="515" HEIGHT="24">
							<String ID="string_0" HPOS="355" VPOS="133" WIDTH="92" HEIGHT="23" WC="0.90" CONTENT="Borgarest."/><SP WIDTH="12" VPOS="133" HPOS="447"/>
							<String ID="string_1" HPOS="459" VPOS="132" WIDTH="43" HEIGHT="19" WC="0.95" CONTENT="1885."/><SP WIDTH="24" VPOS="132" HPOS="502"/>
							<String ID="string_2" HPOS="526" VPOS="132" WIDTH="21" HEIGHT="19" WC="0.88" CONTENT="24"/><SP WIDTH="13" VPOS="132" HPOS="547"/>
							<String ID="string_3" HPOS="560" VPOS="133" WIDTH="36" HEIGHT="18" WC="0.95" CONTENT="Jan."/><SP WIDTH="250" VPOS="133" HPOS="596"/>
							<String ID="string_4" HPOS="846" VPOS="134" WIDTH="24" HEIGHT="18" WC="0.94" CONTENT="35"/>
						</TextLine>
					</TextBlock>
				</ComposedBlock>
				<ComposedBlock ID="cblock_1" HPOS="62" VPOS="201" WIDTH="831" HEIGHT="337">
					<TextBlock ID="block_1" HPOS="62" VPOS="201" WIDTH="830" HEIGHT="257">
						<TextLine ID="line_1" HPOS="62" VPOS="201" WIDTH="829" HEIGHT="31">
							<String ID="string_5" HPOS="62" VPOS="207" WIDTH="56" HEIGHT="25" WC="0.96" CONTENT="fingo"/><SP WIDTH="19" VPOS="207" HPOS="118"/>
							<String ID="string_6" HPOS="137" VPOS="205" WIDTH="21" HEIGHT="20" WC="0.96" CONTENT="vi"/><SP WIDTH="19" VPOS="205" HPOS="158"/>
							<String ID="string_7" HPOS="177" VPOS="204" WIDTH="36" HEIGHT="20" WC="0.96" CONTENT="det"/><SP WIDTH="18" VPOS="204" HPOS="213"/>
							<String ID="string_8" HPOS="231" VPOS="203" WIDTH="86" HEIGHT="27" WC="0.96" CONTENT="mycket"/><SP WIDTH="14" VPOS="203" HPOS="317"/>
							<String ID="string_9" HPOS="331" VPOS="204" WIDTH="48" HEIGHT="18" WC="0.96" CONTENT="sent"/><SP WIDTH="18" VPOS="204" HPOS="379"/>
							<String ID="string_10" HPOS="397" VPOS="201" WIDTH="39" HEIGHT="21" WC="0.96" CONTENT="och"/><SP WIDTH="19" VPOS="201" HPOS="436"/>
							<String ID="string_11" HPOS="455" VPOS="202" WIDTH="36" HEIGHT="20" WC="0.96" CONTENT="det"/><SP WIDTH="14" VPOS="202" HPOS="491"/>
							<String ID="string_12" HPOS="505" VPOS="201" WIDTH="141" HEIGHT="27" WC="0.96" CONTENT="uppfattades"/><SP WIDTH="16" VPOS="201" HPOS="646"/>
							<String ID="string_13" HPOS="662" VPOS="201" WIDTH="34" HEIGHT="26" WC="0.93" CONTENT="då,"/><SP WIDTH="16" VPOS="201" HPOS="696"/>
							<String ID="string_14" HPOS="712" VPOS="201" WIDTH="94" HEIGHT="22" WC="0.91" CONTENT="hvarken"/><SP WIDTH="16" VPOS="201" HPOS="806"/>
							<String ID="string_15" HPOS="822" VPOS="202" WIDTH="24" HEIGHT="21" WC="0.93" CONTENT="af"/><SP WIDTH="13" VPOS="202" HPOS="846"/>
							<String ID="string_16" HPOS="859" VPOS="208" WIDTH="32" HEIGHT="15" WC="0.93" CONTENT="re-"/>
						</TextLine>
						<TextLine ID="line_2" HPOS="62" VPOS="229" WIDTH="828" HEIGHT="32">
							<String ID="string_17" HPOS="62" VPOS="234" WIDTH="76" HEIGHT="27" WC="0.92" CONTENT="gering"/><SP WIDTH="19" VPOS="234" HPOS="138"/>
							<String ID="string_18" HPOS="157" VPOS="232" WIDTH="53" HEIGHT="22" WC="0.96" CONTENT="eller"/><SP WIDTH="19" VPOS="232" HPOS="210"/>
							<String ID="string_19" HPOS="229" VPOS="231" WIDTH="94" HEIGHT="25" WC="0.95" CONTENT="ständer,"/><SP WIDTH="16" VPOS="231" HPOS="323"/>
							<String ID="string_20" HPOS="339" VPOS="230" WIDTH="70" HEIGHT="21" WC="0.96" CONTENT="såsom"/><SP WIDTH="20" VPOS="230" HPOS="409"/>
							<String ID="string_21" HPOS="429" VPOS="229" WIDTH="151" HEIGHT="21" WC="0.96" CONTENT="innehållande"/><SP WIDTH="20" VPOS="229" HPOS="580"/>
							<String ID="string_22" HPOS="600" VPOS="230" WIDTH="159" HEIGHT="26" WC="0.96" CONTENT="propositioner"/><SP WIDTH="19" VPOS="230" HPOS="759"/>
							<String ID="string_23" HPOS="778" VPOS="230" WIDTH="53" HEIGHT="21" WC="0.88" CONTENT="eller"/><SP WIDTH="17" VPOS="230" HPOS="831"/>
							<String ID="string_24" HPOS="848" VPOS="230" WIDTH="42" HEIGHT="21" WC="0.92" CONTENT="för-"/>
						</TextLine>
						<TextLine ID="line_3" HPOS="63" VPOS="258" WIDTH="828" HEIGHT="30">
							<String ID="string_25" HPOS="63" VPOS="263" WIDTH="53" HEIGHT="25" WC="0.96" CONTENT="slag,"/><SP WIDTH="12" VPOS="263" HPOS="116"/>
							<String ID="string_26" HPOS="128" VPOS="263" WIDTH="53" HEIGHT="19" WC="0.95" CONTENT="utan"/><SP WIDTH="15" VPOS="263" HPOS="181"/>
							<String ID="string_27" HPOS="196" VPOS="260" WIDTH="55" HEIGHT="20" WC="0.96" CONTENT="blott"/><SP WIDTH="15" VPOS="260" HPOS="251"/>
							<String ID="string_28" HPOS="266" VPOS="258" WIDTH="71" HEIGHT="22" WC="0.96" CONTENT="såsom"/><SP WIDTH="16" VPOS="258" HPOS="337"/>
							<String ID="string_29" HPOS="353" VPOS="260" WIDTH="32" HEIGHT="19" WC="0.96" CONTENT="ett"/><SP WIDTH="14" VPOS="260" HPOS="385"/>
							<String ID="string_30" HPOS="399" VPOS="258" WIDTH="77" HEIGHT="26" WC="0.96" CONTENT="tillägg"/><SP WIDTH="15" VPOS="258" HPOS="476"/>
							<String ID="string_31" HPOS="491" VPOS="258" WIDTH="34" HEIGHT="20" WC="0.96" CONTENT="till"/><SP WIDTH="16" VPOS="258" HPOS="525"/>
							<String ID="string_32" HPOS="541" VPOS="258" WIDTH="26" HEIGHT="21" WC="0.96" CONTENT="de"/><SP WIDTH="16" VPOS="258" HPOS="567"/>
							<String ID="string_33" HPOS="583" VPOS="258" WIDTH="24" HEIGHT="20" WC="0.96" CONTENT="af"/><SP WIDTH="14" VPOS="258" HPOS="607"/>
							<String ID="string_34" HPOS="621" VPOS="258" WIDTH="128" HEIGHT="27" WC="0.93" CONTENT="regeringen"/><SP WIDTH="16" VPOS="258" HPOS="749"/>
							<String ID="string_35" HPOS="765" VPOS="258" WIDTH="126" HEIGHT="22" WC="0.91" CONTENT="framstälda"/>
						</TextLine>
						<TextLine ID="line_4" HPOS="63" VPOS="286" WIDTH="828" HEIGHT="32">
							<String ID="string_36" HPOS="63" VPOS="289" WIDTH="186" HEIGHT="29" WC="0.91" CONTENT="propositionerna"/><SP WIDTH="15" VPOS="289" HPOS="249"/>
							<String ID="string_37" HPOS="264" VPOS="287" WIDTH="49" HEIGHT="21" WC="0.96" CONTENT="med"/><SP WIDTH="16" VPOS="287" HPOS="313"/>
							<String ID="string_38" HPOS="329" VPOS="286" WIDTH="101" HEIGHT="22" WC="0.94" CONTENT="anhållan"/><SP WIDTH="15" VPOS="286" HPOS="430"/>
							<String ID="string_39" HPOS="445" VPOS="292" WIDTH="34" HEIGHT="15" WC="0.96" CONTENT="om"/><SP WIDTH="16" VPOS="292" HPOS="479"/>
							<String ID="string_40" HPOS="495" VPOS="286" WIDTH="80" HEIGHT="26" WC="0.95" CONTENT="anslag."/><SP WIDTH="24" VPOS="286" HPOS="575"/>
							<String ID="string_41" HPOS="599" VPOS="286" WIDTH="10" HEIGHT="21" WC="0.93" CONTENT="I"/><SP WIDTH="12" VPOS="286" HPOS="609"/>
							<String ID="string_42" HPOS="621" VPOS="286" WIDTH="213" HEIGHT="22" WC="0.92" CONTENT="öfverenstämmelse"/><SP WIDTH="10" VPOS="286" HPOS="834"/>
							<String ID="string_43" HPOS="844" VPOS="287" WIDTH="47" HEIGHT="21" WC="0.92" CONTENT="der-"/>
						</TextLine>
						<TextLine ID="line_5" HPOS="64" VPOS="314" WIDTH="827" HEIGHT="28">
							<String ID="string_44" HPOS="64" VPOS="318" WIDTH="48" HEIGHT="22" WC="0.96" CONTENT="med"/><SP WIDTH="20" VPOS="318" HPOS="112"/>
							<String ID="string_45" HPOS="132" VPOS="317" WIDTH="64" HEIGHT="21" WC="0.96" CONTENT="hafva"/><SP WIDTH="18" VPOS="317" HPOS="196"/>
							<String ID="string_46" HPOS="214" VPOS="316" WIDTH="64" HEIGHT="21" WC="0.96" CONTENT="dessa"/><SP WIDTH="17" VPOS="316" HPOS="278"/>
							<String ID="string_47" HPOS="295" VPOS="314" WIDTH="159" HEIGHT="28" WC="0.96" CONTENT="propositioner"/><SP WIDTH="14" VPOS="314" HPOS="454"/>
							<String ID="string_48" HPOS="468" VPOS="314" WIDTH="7" HEIGHT="21" WC="0.96" CONTENT="i"/><SP WIDTH="16" VPOS="314" HPOS="475"/>
							<String ID="string_49" HPOS="491" VPOS="314" WIDTH="101" HEIGHT="21" WC="0.93" CONTENT="afseende"/><SP WIDTH="17" VPOS="314" HPOS="592"/>
							<String ID="string_50" HPOS="609" VPOS="314" WIDTH="14" HEIGHT="22" WC="0.90" CONTENT="å"/><SP WIDTH="15" VPOS="314" HPOS="623"/>
							<String ID="string_51" HPOS="638" VPOS="315" WIDTH="41" HEIGHT="21" WC="0.93" CONTENT="den"/><SP WIDTH="15" VPOS="315" HPOS="679"/>
							<String ID="string_52" HPOS="694" VPOS="314" WIDTH="113" HEIGHT="22" WC="0.92" CONTENT="finansiela"/><SP WIDTH="22" VPOS="314" HPOS="807"/>
							<String ID="string_53" HPOS="829" VPOS="315" WIDTH="62" HEIGHT="21" WC="0.96" CONTENT="delen"/>
						</TextLine>
						<TextLine ID="line_6" HPOS="64" VPOS="342" WIDTH="828" HEIGHT="26">
							<String ID="string_54" HPOS="64" VPOS="346" WIDTH="131" HEIGHT="22" WC="0.96" CONTENT="remitterats"/><SP WIDTH="19" VPOS="346" HPOS="195"/>
							<String ID="string_55" HPOS="214" VPOS="344" WIDTH="33" HEIGHT="22" WC="0.96" CONTENT="till"/><SP WIDTH="19" VPOS="344" HPOS="247"/>
							<String ID="string_56" HPOS="266" VPOS="343" WIDTH="162" HEIGHT="22" WC="0.96" CONTENT="statsutskottet"/><SP WIDTH="17" VPOS="343" HPOS="428"/>
							<String ID="string_57" HPOS="445" VPOS="342" WIDTH="38" HEIGHT="22" WC="0.96" CONTENT="och"/><SP WIDTH="23" VPOS="342" HPOS="483"/>
							<String ID="string_58" HPOS="506" VPOS="342" WIDTH="27" HEIGHT="22" WC="0.96" CONTENT="då"/><SP WIDTH="15" VPOS="342" HPOS="533"/>
							<String ID="string_59" HPOS="548" VPOS="343" WIDTH="19" HEIGHT="20" WC="0.96" CONTENT="vi"/><SP WIDTH="16" VPOS="343" HPOS="567"/>
							<String ID="string_60" HPOS="583" VPOS="344" WIDTH="59" HEIGHT="20" WC="0.95" CONTENT="ännu"/><SP WIDTH="15" VPOS="344" HPOS="642"/>
							<String ID="string_61" HPOS="657" VPOS="343" WIDTH="46" HEIGHT="21" WC="0.96" CONTENT="icke"/><SP WIDTH="15" VPOS="343" HPOS="703"/>
							<String ID="string_62" HPOS="718" VPOS="343" WIDTH="65" HEIGHT="21" WC="0.96" CONTENT="hafva"/><SP WIDTH="14" VPOS="343" HPOS="783"/>
							<String ID="string_63" HPOS="797" VPOS="344" WIDTH="41" HEIGHT="21" WC="0.92" CONTENT="den"/><SP WIDTH="15" VPOS="344" HPOS="838"/>
							<String ID="string_64" HPOS="853" VPOS="344" WIDTH="39" HEIGHT="21" WC="0.87" CONTENT="all-"/>
						</TextLine>
						<TextLine ID="line_7" HPOS="64" VPOS="371" WIDTH="828" HEIGHT="27">
							<String ID="string_65" HPOS="64" VPOS="377" WIDTH="78" HEIGHT="19" WC="0.92" CONTENT="männa"/><SP WIDTH="19" VPOS="377" HPOS="142"/>
							<String ID="string_66" HPOS="161" VPOS="373" WIDTH="83" HEIGHT="21" WC="0.96" CONTENT="resumé"/><SP WIDTH="19" VPOS="373" HPOS="244"/>
							<String ID="string_67" HPOS="263" VPOS="372" WIDTH="50" HEIGHT="21" WC="0.92" CONTENT="herr"/><SP WIDTH="19" VPOS="372" HPOS="313"/>
							<String ID="string_68" HPOS="332" VPOS="371" WIDTH="97" HEIGHT="27" WC="0.92" CONTENT="Ignatius"/><SP WIDTH="16" VPOS="371" HPOS="429"/>
							<String ID="string_69" HPOS="445" VPOS="371" WIDTH="133" HEIGHT="26" WC="0.91" CONTENT="omnämnde,"/><SP WIDTH="16" VPOS="371" HPOS="578"/>
							<String ID="string_70" HPOS="594" VPOS="371" WIDTH="76" HEIGHT="27" WC="0.96" CONTENT="tycker"/><SP WIDTH="12" VPOS="371" HPOS="670"/>
							<String ID="string_71" HPOS="682" VPOS="371" WIDTH="38" HEIGHT="27" WC="0.96" CONTENT="jag"/><SP WIDTH="16" VPOS="371" HPOS="720"/>
							<String ID="string_72" HPOS="736" VPOS="372" WIDTH="36" HEIGHT="21" WC="0.96" CONTENT="det"/><SP WIDTH="15" VPOS="372" HPOS="772"/>
							<String ID="string_73" HPOS="787" VPOS="378" WIDTH="51" HEIGHT="15" WC="0.96" CONTENT="vara"/><SP WIDTH="15" VPOS="378" HPOS="838"/>
							<String ID="string_74" HPOS="853" VPOS="372" WIDTH="39" HEIGHT="21" WC="0.96" CONTENT="allt"/>
						</TextLine>
						<TextLine ID="line_8" HPOS="65" VPOS="399" WIDTH="827" HEIGHT="27">
							<String ID="string_75" HPOS="65" VPOS="404" WIDTH="47" HEIGHT="20" WC="0.96" CONTENT="skäl"/><SP WIDTH="16" VPOS="404" HPOS="112"/>
							<String ID="string_76" HPOS="128" VPOS="404" WIDTH="32" HEIGHT="20" WC="0.93" CONTENT="att"/><SP WIDTH="14" VPOS="404" HPOS="160"/>
							<String ID="string_77" HPOS="174" VPOS="401" WIDTH="81" HEIGHT="21" WC="0.91" CONTENT="förfara"/><SP WIDTH="16" VPOS="401" HPOS="255"/>
							<String ID="string_78" HPOS="271" VPOS="400" WIDTH="47" HEIGHT="21" WC="0.96" CONTENT="med"/><SP WIDTH="13" VPOS="400" HPOS="318"/>
							<String ID="string_79" HPOS="331" VPOS="400" WIDTH="70" HEIGHT="21" WC="0.96" CONTENT="denna"/><SP WIDTH="10" VPOS="400" HPOS="401"/>
							<String ID="string_80" HPOS="411" VPOS="400" WIDTH="131" HEIGHT="26" WC="0.96" CONTENT="proposition"/><SP WIDTH="12" VPOS="400" HPOS="542"/>
							<String ID="string_81" HPOS="554" VPOS="399" WIDTH="72" HEIGHT="21" WC="0.96" CONTENT="såsom"/><SP WIDTH="11" VPOS="399" HPOS="626"/>
							<String ID="string_82" HPOS="637" VPOS="400" WIDTH="35" HEIGHT="20" WC="0.96" CONTENT="vid"/><SP WIDTH="12" VPOS="400" HPOS="672"/>
							<String ID="string_83" HPOS="684" VPOS="399" WIDTH="129" HEIGHT="27" WC="0.93" CONTENT="föregående"/><SP WIDTH="11" VPOS="399" HPOS="813"/>
							<String ID="string_84" HPOS="824" VPOS="400" WIDTH="68" HEIGHT="22" WC="0.92" CONTENT="landt-"/>
						</TextLine>
						<TextLine ID="line_9" HPOS="66" VPOS="432" WIDTH="188" HEIGHT="26">
							<String ID="string_85" HPOS="66" VPOS="433" WIDTH="68" HEIGHT="25" WC="0.96" CONTENT="dagar"/><SP WIDTH="15" VPOS="433" HPOS="134"/>
							<String ID="string_86" HPOS="149" VPOS="432" WIDTH="36" HEIGHT="25" WC="0.96" CONTENT="egt"/><SP WIDTH="15" VPOS="432" HPOS="185"/>
							<String ID="string_87" HPOS="200" VPOS="436" WIDTH="54" HEIGHT="14" WC="0.96" CONTENT="rum."/>
						</TextLine>
					</TextBlock>
					<TextBlock ID="block_2" HPOS="66" VPOS="455" WIDTH="827" HEIGHT="83">
						<TextLine ID="line_10" HPOS="135" VPOS="455" WIDTH="758" HEIGHT="25">
							<String ID="string_88" HPOS="135" VPOS="458" WIDTH="154" HEIGHT="22" WC="0.96" CONTENT="Diskussionen"/><SP WIDTH="24" VPOS="458" HPOS="289"/>
							<String ID="string_89" HPOS="313" VPOS="456" WIDTH="135" HEIGHT="21" WC="0.93" CONTENT="förklarades"/><SP WIDTH="23" VPOS="456" HPOS="448"/>
							<String ID="string_90" HPOS="471" VPOS="455" WIDTH="53" HEIGHT="22" WC="0.92" CONTENT="härå"/><SP WIDTH="22" VPOS="455" HPOS="524"/>
							<String ID="string_91" HPOS="546" VPOS="455" WIDTH="97" HEIGHT="22" WC="0.92" CONTENT="afslutad"/><SP WIDTH="19" VPOS="455" HPOS="643"/>
							<String ID="string_92" HPOS="662" VPOS="456" WIDTH="38" HEIGHT="21" WC="0.96" CONTENT="och"/><SP WIDTH="20" VPOS="456" HPOS="700"/>
							<String ID="string_93" HPOS="720" VPOS="456" WIDTH="86" HEIGHT="22" WC="0.96" CONTENT="ståndet"/><SP WIDTH="19" VPOS="456" HPOS="806"/>
							<String ID="string_94" HPOS="825" VPOS="457" WIDTH="68" HEIGHT="22" WC="0.96" CONTENT="beslöt"/>
						</TextLine>
						<TextLine ID="line_11" HPOS="66" VPOS="484" WIDTH="826" HEIGHT="29">
							<String ID="string_95" HPOS="66" VPOS="487" WIDTH="112" HEIGHT="23" WC="0.96" CONTENT="remittera"/><SP WIDTH="16" VPOS="487" HPOS="178"/>
							<String ID="string_96" HPOS="194" VPOS="485" WIDTH="160" HEIGHT="28" WC="0.96" CONTENT="propositionen"/><SP WIDTH="19" VPOS="485" HPOS="354"/>
							<String ID="string_97" HPOS="373" VPOS="490" WIDTH="34" HEIGHT="15" WC="0.91" CONTENT="n:o"/><SP WIDTH="17" VPOS="490" HPOS="407"/>
							<String ID="string_98" HPOS="424" VPOS="485" WIDTH="27" HEIGHT="20" WC="0.96" CONTENT="14"/><SP WIDTH="14" VPOS="485" HPOS="451"/>
							<String ID="string_99" HPOS="465" VPOS="484" WIDTH="7" HEIGHT="21" WC="0.96" CONTENT="i"/><SP WIDTH="16" VPOS="484" HPOS="472"/>
							<String ID="string_100" HPOS="488" VPOS="490" WIDTH="82" HEIGHT="15" WC="0.95" CONTENT="samma"/><SP WIDTH="15" VPOS="490" HPOS="570"/>
							<String ID="string_101" HPOS="585" VPOS="484" WIDTH="103" HEIGHT="21" WC="0.96" CONTENT="afseende"/><SP WIDTH="16" VPOS="484" HPOS="688"/>
							<String ID="string_102" HPOS="704" VPOS="490" WIDTH="45" HEIGHT="15" WC="0.92" CONTENT="som"/><SP WIDTH="16" VPOS="490" HPOS="749"/>
							<String ID="string_103" HPOS="765" VPOS="485" WIDTH="127" HEIGHT="26" WC="0.91" CONTENT="propositio-"/>
						</TextLine>
						<TextLine ID="line_12" HPOS="66" VPOS="513" WIDTH="367" HEIGHT="25">
							<String ID="string_104" HPOS="66" VPOS="523" WIDTH="42" HEIGHT="15" WC="0.96" CONTENT="nen"/><SP WIDTH="14" VPOS="523" HPOS="108"/>
							<String ID="string_105" HPOS="122" VPOS="521" WIDTH="36" HEIGHT="16" WC="0.92" CONTENT="n:o"/><SP WIDTH="16" VPOS="521" HPOS="158"/>
							<String ID="string_106" HPOS="174" VPOS="515" WIDTH="26" HEIGHT="21" WC="0.96" CONTENT="13"/><SP WIDTH="15" VPOS="515" HPOS="200"/>
							<String ID="string_107" HPOS="215" VPOS="514" WIDTH="32" HEIGHT="21" WC="0.96" CONTENT="till"/><SP WIDTH="18" VPOS="514" HPOS="247"/>
							<String ID="string_108" HPOS="265" VPOS="513" WIDTH="168" HEIGHT="22" WC="0.95" CONTENT="statsutskottet."/>
						</TextLine>
					</TextBlock>
				</ComposedBlock>
				<ComposedBlock ID="cblock_2" HPOS="68" VPOS="598" WIDTH="847" HEIGHT="963">
					<TextBlock ID="block_3" HPOS="68" VPOS="598" WIDTH="826" HEIGHT="85">
						<TextLine ID="line_13" HPOS="137" VPOS="598" WIDTH="757" HEIGHT="30">
							<String ID="string_109" HPOS="137" VPOS="600" WIDTH="116" HEIGHT="28" WC="0.91" CONTENT="Upplästes"/><SP WIDTH="15" VPOS="600" HPOS="253"/>
							<String ID="string_110" HPOS="268" VPOS="601" WIDTH="31" HEIGHT="19" WC="0.96" CONTENT="ett"/><SP WIDTH="14" VPOS="601" HPOS="299"/>
							<String ID="string_111" HPOS="313" VPOS="598" WIDTH="34" HEIGHT="21" WC="0.96" CONTENT="till"/><SP WIDTH="16" VPOS="598" HPOS="347"/>
							<String ID="string_112" HPOS="363" VPOS="598" WIDTH="86" HEIGHT="21" WC="0.96" CONTENT="ståndet"/><SP WIDTH="15" VPOS="598" HPOS="449"/>
							<String ID="string_113" HPOS="464" VPOS="599" WIDTH="117" HEIGHT="20" WC="0.93" CONTENT="inkommet"/><SP WIDTH="15" VPOS="599" HPOS="581"/>
							<String ID="string_114" HPOS="596" VPOS="598" WIDTH="116" HEIGHT="27" WC="0.96" CONTENT="protokoll,"/><SP WIDTH="11" VPOS="598" HPOS="712"/>
							<String ID="string_115" HPOS="723" VPOS="598" WIDTH="59" HEIGHT="22" WC="0.96" CONTENT="fördt"/><SP WIDTH="14" VPOS="598" HPOS="782"/>
							<String ID="string_116" HPOS="796" VPOS="599" WIDTH="35" HEIGHT="21" WC="0.93" CONTENT="vid"/><SP WIDTH="15" VPOS="599" HPOS="831"/>
							<String ID="string_117" HPOS="846" VPOS="599" WIDTH="48" HEIGHT="22" WC="0.92" CONTENT="bor-"/>
						</TextLine>
						<TextLine ID="line_14" HPOS="68" VPOS="627" WIDTH="825" HEIGHT="30">
							<String ID="string_118" HPOS="68" VPOS="629" WIDTH="149" HEIGHT="28" WC="0.91" CONTENT="gareståndets"/><SP WIDTH="19" VPOS="629" HPOS="217"/>
							<String ID="string_119" HPOS="236" VPOS="627" WIDTH="255" HEIGHT="22" WC="0.88" CONTENT="elektorssammanträde"/><SP WIDTH="18" VPOS="627" HPOS="491"/>
							<String ID="string_120" HPOS="509" VPOS="627" WIDTH="103" HEIGHT="26" WC="0.96" CONTENT="fredagen"/><SP WIDTH="16" VPOS="627" HPOS="612"/>
							<String ID="string_121" HPOS="628" VPOS="627" WIDTH="41" HEIGHT="21" WC="0.95" CONTENT="den"/><SP WIDTH="16" VPOS="627" HPOS="669"/>
							<String ID="string_122" HPOS="685" VPOS="627" WIDTH="28" HEIGHT="21" WC="0.95" CONTENT="23"/><SP WIDTH="15" VPOS="627" HPOS="713"/>
							<String ID="string_123" HPOS="728" VPOS="627" WIDTH="88" HEIGHT="21" WC="0.96" CONTENT="Januari"/><SP WIDTH="16" VPOS="627" HPOS="816"/>
							<String ID="string_124" HPOS="832" VPOS="627" WIDTH="61" HEIGHT="22" WC="0.96" CONTENT="1885."/>
						</TextLine>
						<TextLine ID="line_15" HPOS="69" VPOS="655" WIDTH="758" HEIGHT="28">
							<String ID="string_125" HPOS="69" VPOS="659" WIDTH="31" HEIGHT="21" WC="0.96" CONTENT="Ur"/><SP WIDTH="15" VPOS="659" HPOS="100"/>
							<String ID="string_126" HPOS="115" VPOS="657" WIDTH="93" HEIGHT="22" WC="0.96" CONTENT="nämnda"/><SP WIDTH="13" VPOS="657" HPOS="208"/>
							<String ID="string_127" HPOS="221" VPOS="655" WIDTH="108" HEIGHT="28" WC="0.96" CONTENT="protokoll"/><SP WIDTH="15" VPOS="655" HPOS="329"/>
							<String ID="string_128" HPOS="344" VPOS="655" WIDTH="105" HEIGHT="27" WC="0.95" CONTENT="framgick"/><SP WIDTH="16" VPOS="655" HPOS="449"/>
							<String ID="string_129" HPOS="465" VPOS="657" WIDTH="33" HEIGHT="19" WC="0.93" CONTENT="att"/><SP WIDTH="15" VPOS="657" HPOS="498"/>
							<String ID="string_130" HPOS="513" VPOS="655" WIDTH="98" HEIGHT="21" WC="0.91" CONTENT="ståndets"/><SP WIDTH="17" VPOS="655" HPOS="611"/>
							<String ID="string_131" HPOS="628" VPOS="655" WIDTH="107" HEIGHT="22" WC="0.96" CONTENT="elektorer"/><SP WIDTH="15" VPOS="655" HPOS="735"/>
							<String ID="string_132" HPOS="750" VPOS="657" WIDTH="77" HEIGHT="20" WC="0.96" CONTENT="utsett:"/>
						</TextLine>
					</TextBlock>
					<TextBlock ID="block_4" HPOS="138" VPOS="685" WIDTH="175" HEIGHT="22">
						<TextLine ID="line_16" HPOS="138" VPOS="685" WIDTH="175" HEIGHT="22">
							<String ID="string_133" HPOS="138" VPOS="686" WIDTH="34" HEIGHT="21" WC="0.95" CONTENT="till"/><SP WIDTH="14" VPOS="686" HPOS="172"/>
							<String ID="string_134" HPOS="186" VPOS="685" WIDTH="127" HEIGHT="21" WC="0.95" CONTENT="ledamöter:"/>
						</TextLine>
					</TextBlock>
					<TextBlock ID="block_5" HPOS="72" VPOS="711" WIDTH="823" HEIGHT="59">
						<TextLine ID="line_17" HPOS="138" VPOS="711" WIDTH="757" HEIGHT="29">
							<String ID="string_135" HPOS="138" VPOS="715" WIDTH="7" HEIGHT="20" WC="0.96" CONTENT="i"/><SP WIDTH="19" VPOS="715" HPOS="145"/>
							<String ID="string_136" HPOS="164" VPOS="713" WIDTH="188" HEIGHT="27" WC="0.91" CONTENT="lagutskottet:"/><SP WIDTH="24" VPOS="713" HPOS="352"/>
							<String ID="string_137" HPOS="376" VPOS="712" WIDTH="37" HEIGHT="21" WC="0.91" CONTENT="hrr"/><SP WIDTH="16" VPOS="712" HPOS="413"/>
							<String ID="string_138" HPOS="429" VPOS="712" WIDTH="96" HEIGHT="21" WC="0.92" CONTENT="Grönvik"/><SP WIDTH="16" VPOS="712" HPOS="525"/>
							<String ID="string_139" HPOS="541" VPOS="711" WIDTH="39" HEIGHT="22" WC="0.96" CONTENT="och"/><SP WIDTH="17" VPOS="711" HPOS="580"/>
							<String ID="string_140" HPOS="597" VPOS="711" WIDTH="115" HEIGHT="27" WC="0.96" CONTENT="Stenbäck,"/><SP WIDTH="16" VPOS="711" HPOS="712"/>
							<String ID="string_141" HPOS="728" VPOS="712" WIDTH="105" HEIGHT="22" WC="0.96" CONTENT="hvardera"/><SP WIDTH="14" VPOS="712" HPOS="833"/>
							<String ID="string_142" HPOS="847" VPOS="713" WIDTH="48" HEIGHT="22" WC="0.96" CONTENT="med"/>
						</TextLine>
						<TextLine ID="line_18" HPOS="72" VPOS="740" WIDTH="740" HEIGHT="30">
							<String ID="string_143" HPOS="72" VPOS="745" WIDTH="34" HEIGHT="25" WC="0.96" CONTENT="16,"/><SP WIDTH="15" VPOS="745" HPOS="106"/>
							<String ID="string_144" HPOS="121" VPOS="744" WIDTH="25" HEIGHT="20" WC="0.93" CONTENT="hr"/><SP WIDTH="16" VPOS="744" HPOS="146"/>
							<String ID="string_145" HPOS="162" VPOS="741" WIDTH="121" HEIGHT="23" WC="0.92" CONTENT="Serlachius"/><SP WIDTH="15" VPOS="741" HPOS="283"/>
							<String ID="string_146" HPOS="298" VPOS="741" WIDTH="49" HEIGHT="20" WC="0.96" CONTENT="med"/><SP WIDTH="17" VPOS="741" HPOS="347"/>
							<String ID="string_147" HPOS="364" VPOS="741" WIDTH="27" HEIGHT="21" WC="0.95" CONTENT="15"/><SP WIDTH="15" VPOS="741" HPOS="391"/>
							<String ID="string_148" HPOS="406" VPOS="741" WIDTH="39" HEIGHT="20" WC="0.96" CONTENT="och"/><SP WIDTH="16" VPOS="741" HPOS="445"/>
							<String ID="string_149" HPOS="461" VPOS="741" WIDTH="26" HEIGHT="20" WC="0.93" CONTENT="hr"/><SP WIDTH="15" VPOS="741" HPOS="487"/>
							<String ID="string_150" HPOS="502" VPOS="740" WIDTH="108" HEIGHT="26" WC="0.91" CONTENT="Clouberg"/><SP WIDTH="16" VPOS="740" HPOS="610"/>
							<String ID="string_151" HPOS="626" VPOS="740" WIDTH="49" HEIGHT="21" WC="0.96" CONTENT="med"/><SP WIDTH="17" VPOS="740" HPOS="675"/>
							<String ID="string_152" HPOS="692" VPOS="741" WIDTH="26" HEIGHT="20" WC="0.96" CONTENT="14"/><SP WIDTH="15" VPOS="741" HPOS="718"/>
							<String ID="string_153" HPOS="733" VPOS="742" WIDTH="79" HEIGHT="24" WC="0.96" CONTENT="röster;"/>
						</TextLine>
					</TextBlock>
					<TextBlock ID="block_6" HPOS="71" VPOS="768" WIDTH="825" HEIGHT="82">
						<TextLine ID="line_19" HPOS="139" VPOS="768" WIDTH="756" HEIGHT="27">
							<String ID="string_154" HPOS="139" VPOS="772" WIDTH="7" HEIGHT="20" WC="0.93" CONTENT="i"/><SP WIDTH="23" VPOS="772" HPOS="146"/>
							<String ID="string_155" HPOS="169" VPOS="768" WIDTH="264" HEIGHT="24" WC="0.91" CONTENT="ekonomiutskottet:"/><SP WIDTH="26" VPOS="768" HPOS="433"/>
							<String ID="string_156" HPOS="459" VPOS="769" WIDTH="38" HEIGHT="21" WC="0.91" CONTENT="hrr"/><SP WIDTH="22" VPOS="769" HPOS="497"/>
							<String ID="string_157" HPOS="519" VPOS="768" WIDTH="85" HEIGHT="27" WC="0.92" CONTENT="Hoving"/><SP WIDTH="24" VPOS="768" HPOS="604"/>
							<String ID="string_158" HPOS="628" VPOS="768" WIDTH="39" HEIGHT="22" WC="0.96" CONTENT="och"/><SP WIDTH="25" VPOS="768" HPOS="667"/>
							<String ID="string_159" HPOS="692" VPOS="768" WIDTH="118" HEIGHT="26" WC="0.93" CONTENT="Molander,"/><SP WIDTH="23" VPOS="768" HPOS="810"/>
							<String ID="string_160" HPOS="833" VPOS="769" WIDTH="62" HEIGHT="21" WC="0.92" CONTENT="hvar-"/>
						</TextLine>
						<TextLine ID="line_20" HPOS="71" VPOS="796" WIDTH="825" HEIGHT="28">
							<String ID="string_161" HPOS="71" VPOS="801" WIDTH="52" HEIGHT="21" WC="0.96" CONTENT="dera"/><SP WIDTH="22" VPOS="801" HPOS="123"/>
							<String ID="string_162" HPOS="145" VPOS="799" WIDTH="47" HEIGHT="21" WC="0.96" CONTENT="med"/><SP WIDTH="21" VPOS="799" HPOS="192"/>
							<String ID="string_163" HPOS="213" VPOS="798" WIDTH="33" HEIGHT="26" WC="0.95" CONTENT="16,"/><SP WIDTH="15" VPOS="798" HPOS="246"/>
							<String ID="string_164" HPOS="261" VPOS="797" WIDTH="26" HEIGHT="21" WC="0.93" CONTENT="hr"/><SP WIDTH="19" VPOS="797" HPOS="287"/>
							<String ID="string_165" HPOS="306" VPOS="797" WIDTH="106" HEIGHT="21" WC="0.91" CONTENT="Andersin"/><SP WIDTH="24" VPOS="797" HPOS="412"/>
							<String ID="string_166" HPOS="436" VPOS="797" WIDTH="49" HEIGHT="21" WC="0.96" CONTENT="med"/><SP WIDTH="21" VPOS="797" HPOS="485"/>
							<String ID="string_167" HPOS="506" VPOS="797" WIDTH="26" HEIGHT="21" WC="0.96" CONTENT="15"/><SP WIDTH="18" VPOS="797" HPOS="532"/>
							<String ID="string_168" HPOS="550" VPOS="796" WIDTH="39" HEIGHT="22" WC="0.96" CONTENT="och"/><SP WIDTH="23" VPOS="796" HPOS="589"/>
							<String ID="string_169" HPOS="612" VPOS="796" WIDTH="26" HEIGHT="22" WC="0.96" CONTENT="hr"/><SP WIDTH="22" VPOS="796" HPOS="638"/>
							<String ID="string_170" HPOS="660" VPOS="796" WIDTH="120" HEIGHT="28" WC="0.96" CONTENT="Malmgren"/><SP WIDTH="22" VPOS="796" HPOS="780"/>
							<String ID="string_171" HPOS="802" VPOS="798" WIDTH="48" HEIGHT="21" WC="0.96" CONTENT="med"/><SP WIDTH="20" VPOS="798" HPOS="850"/>
							<String ID="string_172" HPOS="870" VPOS="798" WIDTH="26" HEIGHT="21" WC="0.96" CONTENT="14"/>
						</TextLine>
						<TextLine ID="line_21" HPOS="71" VPOS="831" WIDTH="81" HEIGHT="19">
							<String ID="string_173" HPOS="71" VPOS="831" WIDTH="81" HEIGHT="19" WC="0.84" CONTENT="röster;"/>
						</TextLine>
					</TextBlock>
					<TextBlock ID="block_7" HPOS="71" VPOS="844" WIDTH="825" HEIGHT="66">
						<TextLine ID="line_22" HPOS="139" VPOS="844" WIDTH="757" HEIGHT="36">
							<String ID="string_174" HPOS="139" VPOS="844" WIDTH="13" HEIGHT="33" WC="0.95" CONTENT="i"/><SP WIDTH="18" VPOS="844" HPOS="152"/>
							<String ID="string_175" HPOS="170" VPOS="854" WIDTH="215" HEIGHT="22" WC="0.92" CONTENT="statsutskottet:"/><SP WIDTH="30" VPOS="854" HPOS="385"/>
							<String ID="string_176" HPOS="415" VPOS="854" WIDTH="38" HEIGHT="20" WC="0.88" CONTENT="hrr"/><SP WIDTH="26" VPOS="854" HPOS="453"/>
							<String ID="string_177" HPOS="479" VPOS="853" WIDTH="77" HEIGHT="21" WC="0.91" CONTENT="Heikel"/><SP WIDTH="27" VPOS="853" HPOS="556"/>
							<String ID="string_178" HPOS="583" VPOS="854" WIDTH="40" HEIGHT="21" WC="0.96" CONTENT="och"/><SP WIDTH="27" VPOS="854" HPOS="623"/>
							<String ID="string_179" HPOS="650" VPOS="853" WIDTH="119" HEIGHT="27" WC="0.96" CONTENT="Lindblom,"/><SP WIDTH="23" VPOS="853" HPOS="769"/>
							<String ID="string_180" HPOS="792" VPOS="854" WIDTH="104" HEIGHT="22" WC="0.96" CONTENT="hvardera"/>
						</TextLine>
						<TextLine ID="line_23" HPOS="71" VPOS="881" WIDTH="767" HEIGHT="29">
							<String ID="string_181" HPOS="71" VPOS="885" WIDTH="48" HEIGHT="22" WC="0.96" CONTENT="med"/><SP WIDTH="17" VPOS="885" HPOS="119"/>
							<String ID="string_182" HPOS="136" VPOS="884" WIDTH="34" HEIGHT="26" WC="0.96" CONTENT="16,"/><SP WIDTH="14" VPOS="884" HPOS="170"/>
							<String ID="string_183" HPOS="184" VPOS="883" WIDTH="26" HEIGHT="21" WC="0.96" CONTENT="hr"/><SP WIDTH="15" VPOS="883" HPOS="210"/>
							<String ID="string_184" HPOS="225" VPOS="883" WIDTH="109" HEIGHT="21" WC="0.96" CONTENT="Snellman"/><SP WIDTH="15" VPOS="883" HPOS="334"/>
							<String ID="string_185" HPOS="349" VPOS="881" WIDTH="50" HEIGHT="22" WC="0.96" CONTENT="med"/><SP WIDTH="17" VPOS="881" HPOS="399"/>
							<String ID="string_186" HPOS="416" VPOS="882" WIDTH="27" HEIGHT="21" WC="0.96" CONTENT="14"/><SP WIDTH="15" VPOS="882" HPOS="443"/>
							<String ID="string_187" HPOS="458" VPOS="881" WIDTH="40" HEIGHT="22" WC="0.96" CONTENT="och"/><SP WIDTH="15" VPOS="881" HPOS="498"/>
							<String ID="string_188" HPOS="513" VPOS="881" WIDTH="25" HEIGHT="21" WC="0.96" CONTENT="hr"/><SP WIDTH="14" VPOS="881" HPOS="538"/>
							<String ID="string_189" HPOS="552" VPOS="881" WIDTH="85" HEIGHT="28" WC="0.96" CONTENT="Nybom"/><SP WIDTH="15" VPOS="881" HPOS="637"/>
							<String ID="string_190" HPOS="652" VPOS="882" WIDTH="49" HEIGHT="21" WC="0.96" CONTENT="med"/><SP WIDTH="16" VPOS="882" HPOS="701"/>
							<String ID="string_191" HPOS="717" VPOS="883" WIDTH="25" HEIGHT="20" WC="0.95" CONTENT="11"/><SP WIDTH="17" VPOS="883" HPOS="742"/>
							<String ID="string_192" HPOS="759" VPOS="883" WIDTH="79" HEIGHT="20" WC="0.96" CONTENT="röster;"/>
						</TextLine>
					</TextBlock>
					<TextBlock ID="block_8" HPOS="72" VPOS="909" WIDTH="824" HEIGHT="56">
						<TextLine ID="line_24" HPOS="140" VPOS="909" WIDTH="756" HEIGHT="28">
							<String ID="string_193" HPOS="140" VPOS="913" WIDTH="7" HEIGHT="20" WC="0.93" CONTENT="i"/><SP WIDTH="18" VPOS="913" HPOS="147"/>
							<String ID="string_194" HPOS="165" VPOS="910" WIDTH="310" HEIGHT="27" WC="0.92" CONTENT="bevillningsutskottet:"/><SP WIDTH="23" VPOS="910" HPOS="475"/>
							<String ID="string_195" HPOS="498" VPOS="910" WIDTH="26" HEIGHT="21" WC="0.96" CONTENT="hr"/><SP WIDTH="18" VPOS="910" HPOS="524"/>
							<String ID="string_196" HPOS="542" VPOS="909" WIDTH="126" HEIGHT="28" WC="0.95" CONTENT="Borgström"/><SP WIDTH="16" VPOS="909" HPOS="668"/>
							<String ID="string_197" HPOS="684" VPOS="910" WIDTH="48" HEIGHT="21" WC="0.95" CONTENT="med"/><SP WIDTH="17" VPOS="910" HPOS="732"/>
							<String ID="string_198" HPOS="749" VPOS="911" WIDTH="33" HEIGHT="26" WC="0.93" CONTENT="16,"/><SP WIDTH="12" VPOS="911" HPOS="782"/>
							<String ID="string_199" HPOS="794" VPOS="910" WIDTH="26" HEIGHT="21" WC="0.93" CONTENT="hr"/><SP WIDTH="33" VPOS="910" HPOS="820"/>
							<String ID="string_200" HPOS="853" VPOS="917" WIDTH="43" HEIGHT="15" WC="0.91" CONTENT="Ham-"/>
						</TextLine>
						<TextLine ID="line_25" HPOS="72" VPOS="938" WIDTH="594" HEIGHT="27">
							<String ID="string_201" HPOS="72" VPOS="941" WIDTH="74" HEIGHT="22" WC="0.92" CONTENT="marén"/><SP WIDTH="16" VPOS="941" HPOS="146"/>
							<String ID="string_202" HPOS="162" VPOS="940" WIDTH="47" HEIGHT="21" WC="0.96" CONTENT="med"/><SP WIDTH="17" VPOS="940" HPOS="209"/>
							<String ID="string_203" HPOS="226" VPOS="940" WIDTH="26" HEIGHT="21" WC="0.96" CONTENT="13"/><SP WIDTH="15" VPOS="940" HPOS="252"/>
							<String ID="string_204" HPOS="267" VPOS="939" WIDTH="40" HEIGHT="21" WC="0.96" CONTENT="och"/><SP WIDTH="14" VPOS="939" HPOS="307"/>
							<String ID="string_205" HPOS="321" VPOS="939" WIDTH="26" HEIGHT="20" WC="0.93" CONTENT="hr"/><SP WIDTH="15" VPOS="939" HPOS="347"/>
							<String ID="string_206" HPOS="362" VPOS="939" WIDTH="101" HEIGHT="26" WC="0.92" CONTENT="Eneberg"/><SP WIDTH="16" VPOS="939" HPOS="463"/>
							<String ID="string_207" HPOS="479" VPOS="938" WIDTH="48" HEIGHT="21" WC="0.96" CONTENT="med"/><SP WIDTH="18" VPOS="938" HPOS="527"/>
							<String ID="string_208" HPOS="545" VPOS="939" WIDTH="26" HEIGHT="20" WC="0.95" CONTENT="12"/><SP WIDTH="16" VPOS="939" HPOS="571"/>
							<String ID="string_209" HPOS="587" VPOS="940" WIDTH="79" HEIGHT="24" WC="0.95" CONTENT="röster;"/>
						</TextLine>
					</TextBlock>
					<TextBlock ID="block_9" HPOS="73" VPOS="966" WIDTH="824" HEIGHT="56">
						<TextLine ID="line_26" HPOS="86" VPOS="966" WIDTH="811" HEIGHT="27">
							<String ID="string_210" HPOS="86" VPOS="966" WIDTH="3" HEIGHT="4" WC="0.59" CONTENT="*"/><SP WIDTH="51" VPOS="966" HPOS="89"/>
							<String ID="string_211" HPOS="140" VPOS="969" WIDTH="6" HEIGHT="21" WC="0.65" CONTENT="oi"/><SP WIDTH="16" VPOS="969" HPOS="146"/>
							<String ID="string_212" HPOS="162" VPOS="967" WIDTH="215" HEIGHT="23" WC="0.92" CONTENT="bankutskottet:"/><SP WIDTH="19" VPOS="967" HPOS="377"/>
							<String ID="string_213" HPOS="396" VPOS="967" WIDTH="27" HEIGHT="20" WC="0.96" CONTENT="hr"/><SP WIDTH="15" VPOS="967" HPOS="423"/>
							<String ID="string_214" HPOS="438" VPOS="966" WIDTH="124" HEIGHT="22" WC="0.96" CONTENT="Dahlström"/><SP WIDTH="16" VPOS="966" HPOS="562"/>
							<String ID="string_215" HPOS="578" VPOS="967" WIDTH="50" HEIGHT="21" WC="0.96" CONTENT="med"/><SP WIDTH="18" VPOS="967" HPOS="628"/>
							<String ID="string_216" HPOS="646" VPOS="967" WIDTH="32" HEIGHT="26" WC="0.96" CONTENT="17,"/><SP WIDTH="12" VPOS="967" HPOS="678"/>
							<String ID="string_217" HPOS="690" VPOS="967" WIDTH="25" HEIGHT="20" WC="0.95" CONTENT="hr"/><SP WIDTH="15" VPOS="967" HPOS="715"/>
							<String ID="string_218" HPOS="730" VPOS="967" WIDTH="105" HEIGHT="21" WC="0.96" CONTENT="Rosenius"/><SP WIDTH="13" VPOS="967" HPOS="835"/>
							<String ID="string_219" HPOS="848" VPOS="968" WIDTH="49" HEIGHT="21" WC="0.96" CONTENT="med"/>
						</TextLine>
						<TextLine ID="line_27" HPOS="73" VPOS="995" WIDTH="417" HEIGHT="27">
							<String ID="string_220" HPOS="73" VPOS="999" WIDTH="27" HEIGHT="21" WC="0.96" CONTENT="16"/><SP WIDTH="16" VPOS="999" HPOS="100"/>
							<String ID="string_221" HPOS="116" VPOS="997" WIDTH="39" HEIGHT="22" WC="0.96" CONTENT="och"/><SP WIDTH="15" VPOS="997" HPOS="155"/>
							<String ID="string_222" HPOS="170" VPOS="997" WIDTH="25" HEIGHT="21" WC="0.92" CONTENT="hr"/><SP WIDTH="14" VPOS="997" HPOS="195"/>
							<String ID="string_223" HPOS="209" VPOS="997" WIDTH="77" HEIGHT="25" WC="0.92" CONTENT="Elving"/><SP WIDTH="16" VPOS="997" HPOS="286"/>
							<String ID="string_224" HPOS="302" VPOS="995" WIDTH="48" HEIGHT="22" WC="0.96" CONTENT="med"/><SP WIDTH="17" VPOS="995" HPOS="350"/>
							<String ID="string_225" HPOS="367" VPOS="996" WIDTH="27" HEIGHT="21" WC="0.96" CONTENT="14"/><SP WIDTH="15" VPOS="996" HPOS="394"/>
							<String ID="string_226" HPOS="409" VPOS="997" WIDTH="81" HEIGHT="24" WC="0.96" CONTENT="röster;"/>
						</TextLine>
					</TextBlock>
					<TextBlock ID="block_10" HPOS="72" VPOS="1023" WIDTH="826" HEIGHT="86">
						<TextLine ID="line_28" HPOS="140" VPOS="1023" WIDTH="756" HEIGHT="28">
							<String ID="string_227" HPOS="140" VPOS="1027" WIDTH="7" HEIGHT="20" WC="0.93" CONTENT="i"/><SP WIDTH="23" VPOS="1027" HPOS="147"/>
							<String ID="string_228" HPOS="170" VPOS="1025" WIDTH="143" HEIGHT="22" WC="0.91" CONTENT="särskildta"/><SP WIDTH="18" VPOS="1025" HPOS="313"/>
							<String ID="string_229" HPOS="331" VPOS="1023" WIDTH="277" HEIGHT="28" WC="0.90" CONTENT="jernvägsutskottet:"/><SP WIDTH="24" VPOS="1023" HPOS="608"/>
							<String ID="string_230" HPOS="632" VPOS="1023" WIDTH="26" HEIGHT="21" WC="0.93" CONTENT="hr"/><SP WIDTH="18" VPOS="1023" HPOS="658"/>
							<String ID="string_231" HPOS="676" VPOS="1023" WIDTH="105" HEIGHT="22" WC="0.91" CONTENT="Sanmark"/><SP WIDTH="18" VPOS="1023" HPOS="781"/>
							<String ID="string_232" HPOS="799" VPOS="1025" WIDTH="48" HEIGHT="20" WC="0.96" CONTENT="med"/><SP WIDTH="17" VPOS="1025" HPOS="847"/>
							<String ID="string_233" HPOS="864" VPOS="1025" WIDTH="32" HEIGHT="25" WC="0.96" CONTENT="16,"/>
						</TextLine>
						<TextLine ID="line_29" HPOS="72" VPOS="1047" WIDTH="826" HEIGHT="34">
							<String ID="string_234" HPOS="72" VPOS="1055" WIDTH="26" HEIGHT="20" WC="0.93" CONTENT="hr"/><SP WIDTH="16" VPOS="1055" HPOS="98"/>
							<String ID="string_235" HPOS="114" VPOS="1055" WIDTH="95" HEIGHT="26" WC="0.91" CONTENT="Ignatius"/><SP WIDTH="15" VPOS="1055" HPOS="209"/>
							<String ID="string_236" HPOS="224" VPOS="1053" WIDTH="47" HEIGHT="21" WC="0.96" CONTENT="med"/><SP WIDTH="21" VPOS="1053" HPOS="271"/>
							<String ID="string_237" HPOS="292" VPOS="1053" WIDTH="33" HEIGHT="26" WC="0.96" CONTENT="15,"/><SP WIDTH="16" VPOS="1053" HPOS="325"/>
							<String ID="string_238" HPOS="341" VPOS="1053" WIDTH="26" HEIGHT="20" WC="0.91" CONTENT="hr"/><SP WIDTH="15" VPOS="1053" HPOS="367"/>
							<String ID="string_239" HPOS="382" VPOS="1052" WIDTH="107" HEIGHT="27" WC="0.91" CONTENT="Tallqvist"/><SP WIDTH="14" VPOS="1052" HPOS="489"/>
							<String ID="string_240" HPOS="503" VPOS="1052" WIDTH="49" HEIGHT="21" WC="0.96" CONTENT="med"/><SP WIDTH="16" VPOS="1052" HPOS="552"/>
							<String ID="string_241" HPOS="568" VPOS="1052" WIDTH="28" HEIGHT="21" WC="0.96" CONTENT="14"/><SP WIDTH="15" VPOS="1052" HPOS="596"/>
							<String ID="string_242" HPOS="611" VPOS="1051" WIDTH="39" HEIGHT="22" WC="0.96" CONTENT="och"/><SP WIDTH="16" VPOS="1051" HPOS="650"/>
							<String ID="string_243" HPOS="666" VPOS="1051" WIDTH="25" HEIGHT="21" WC="0.96" CONTENT="hr"/><SP WIDTH="15" VPOS="1051" HPOS="691"/>
							<String ID="string_244" HPOS="706" VPOS="1047" WIDTH="85" HEIGHT="26" WC="0.96" CONTENT="Åström"/><SP WIDTH="16" VPOS="1047" HPOS="791"/>
							<String ID="string_245" HPOS="807" VPOS="1053" WIDTH="49" HEIGHT="21" WC="0.96" CONTENT="med"/><SP WIDTH="15" VPOS="1053" HPOS="856"/>
							<String ID="string_246" HPOS="871" VPOS="1053" WIDTH="27" HEIGHT="21" WC="0.95" CONTENT="10"/>
						</TextLine>
						<TextLine ID="line_30" HPOS="72" VPOS="1085" WIDTH="82" HEIGHT="24">
							<String ID="string_247" HPOS="72" VPOS="1085" WIDTH="82" HEIGHT="24" WC="0.75" CONTENT="röster;"/>
						</TextLine>
					</TextBlock>
					<TextBlock ID="block_11" HPOS="72" VPOS="1109" WIDTH="826" HEIGHT="85">
						<TextLine ID="line_31" HPOS="140" VPOS="1109" WIDTH="758" HEIGHT="29">
							<String ID="string_248" HPOS="140" VPOS="1111" WIDTH="7" HEIGHT="21" WC="0.92" CONTENT="i"/><SP WIDTH="17" VPOS="1111" HPOS="147"/>
							<String ID="string_249" HPOS="164" VPOS="1110" WIDTH="145" HEIGHT="28" WC="0.92" CONTENT="särskildta"/><SP WIDTH="14" VPOS="1110" HPOS="309"/>
							<String ID="string_250" HPOS="323" VPOS="1109" WIDTH="54" HEIGHT="27" WC="0.91" CONTENT="lag-"/><SP WIDTH="15" VPOS="1109" HPOS="377"/>
							<String ID="string_251" HPOS="392" VPOS="1109" WIDTH="47" HEIGHT="21" WC="0.93" CONTENT="och"/><SP WIDTH="16" VPOS="1109" HPOS="439"/>
							<String ID="string_252" HPOS="455" VPOS="1109" WIDTH="269" HEIGHT="21" WC="0.91" CONTENT="ekonomiutskottet:"/><SP WIDTH="23" VPOS="1109" HPOS="724"/>
							<String ID="string_253" HPOS="747" VPOS="1109" WIDTH="37" HEIGHT="21" WC="0.91" CONTENT="hrr"/><SP WIDTH="15" VPOS="1109" HPOS="784"/>
							<String ID="string_254" HPOS="799" VPOS="1109" WIDTH="99" HEIGHT="22" WC="0.91" CONTENT="Numme-"/>
						</TextLine>
						<TextLine ID="line_32" HPOS="72" VPOS="1137" WIDTH="826" HEIGHT="28">
							<String ID="string_255" HPOS="72" VPOS="1140" WIDTH="32" HEIGHT="21" WC="0.96" CONTENT="lin"/><SP WIDTH="15" VPOS="1140" HPOS="104"/>
							<String ID="string_256" HPOS="119" VPOS="1139" WIDTH="39" HEIGHT="22" WC="0.95" CONTENT="och"/><SP WIDTH="16" VPOS="1139" HPOS="158"/>
							<String ID="string_257" HPOS="174" VPOS="1139" WIDTH="88" HEIGHT="26" WC="0.96" CONTENT="Öhman,"/><SP WIDTH="16" VPOS="1139" HPOS="262"/>
							<String ID="string_258" HPOS="278" VPOS="1138" WIDTH="106" HEIGHT="21" WC="0.96" CONTENT="hvardera"/><SP WIDTH="21" VPOS="1138" HPOS="384"/>
							<String ID="string_259" HPOS="405" VPOS="1137" WIDTH="48" HEIGHT="22" WC="0.96" CONTENT="med"/><SP WIDTH="18" VPOS="1137" HPOS="453"/>
							<String ID="string_260" HPOS="471" VPOS="1137" WIDTH="33" HEIGHT="26" WC="0.96" CONTENT="16,"/><SP WIDTH="16" VPOS="1137" HPOS="504"/>
							<String ID="string_261" HPOS="520" VPOS="1139" WIDTH="56" HEIGHT="19" WC="0.93" CONTENT="samt"/><SP WIDTH="18" VPOS="1139" HPOS="576"/>
							<String ID="string_262" HPOS="594" VPOS="1137" WIDTH="38" HEIGHT="21" WC="0.91" CONTENT="hrr"/><SP WIDTH="18" VPOS="1137" HPOS="632"/>
							<String ID="string_263" HPOS="650" VPOS="1137" WIDTH="108" HEIGHT="22" WC="0.92" CONTENT="Fabritius"/><SP WIDTH="16" VPOS="1137" HPOS="758"/>
							<String ID="string_264" HPOS="774" VPOS="1137" WIDTH="38" HEIGHT="22" WC="0.92" CONTENT="och"/><SP WIDTH="16" VPOS="1137" HPOS="812"/>
							<String ID="string_265" HPOS="828" VPOS="1138" WIDTH="70" HEIGHT="21" WC="0.92" CONTENT="Rönn-"/>
						</TextLine>
						<TextLine ID="line_33" HPOS="72" VPOS="1167" WIDTH="385" HEIGHT="27">
							<String ID="string_266" HPOS="72" VPOS="1168" WIDTH="62" HEIGHT="26" WC="0.96" CONTENT="bäck,"/><SP WIDTH="16" VPOS="1168" HPOS="134"/>
							<String ID="string_267" HPOS="150" VPOS="1167" WIDTH="103" HEIGHT="22" WC="0.96" CONTENT="hvardera"/><SP WIDTH="15" VPOS="1167" HPOS="253"/>
							<String ID="string_268" HPOS="268" VPOS="1167" WIDTH="49" HEIGHT="21" WC="0.96" CONTENT="med"/><SP WIDTH="17" VPOS="1167" HPOS="317"/>
							<String ID="string_269" HPOS="334" VPOS="1167" WIDTH="27" HEIGHT="20" WC="0.96" CONTENT="15"/><SP WIDTH="16" VPOS="1167" HPOS="361"/>
							<String ID="string_270" HPOS="377" VPOS="1167" WIDTH="80" HEIGHT="25" WC="0.96" CONTENT="röster;"/>
						</TextLine>
					</TextBlock>
					<TextBlock ID="block_12" HPOS="72" VPOS="1193" WIDTH="843" HEIGHT="86">
						<TextLine ID="line_34" HPOS="141" VPOS="1193" WIDTH="757" HEIGHT="29">
							<String ID="string_271" HPOS="141" VPOS="1197" WIDTH="7" HEIGHT="20" WC="0.96" CONTENT="i"/><SP WIDTH="20" VPOS="1197" HPOS="148"/>
							<String ID="string_272" HPOS="168" VPOS="1196" WIDTH="129" HEIGHT="21" WC="0.93" CONTENT="allmänna"/><SP WIDTH="15" VPOS="1196" HPOS="297"/>
							<String ID="string_273" HPOS="312" VPOS="1194" WIDTH="268" HEIGHT="28" WC="0.91" CONTENT="besvärsutskottet:"/><SP WIDTH="26" VPOS="1194" HPOS="580"/>
							<String ID="string_274" HPOS="606" VPOS="1194" WIDTH="27" HEIGHT="21" WC="0.92" CONTENT="hr"/><SP WIDTH="21" VPOS="1194" HPOS="633"/>
							<String ID="string_275" HPOS="654" VPOS="1193" WIDTH="124" HEIGHT="28" WC="0.91" CONTENT="Helsingius"/><SP WIDTH="23" VPOS="1193" HPOS="778"/>
							<String ID="string_276" HPOS="801" VPOS="1195" WIDTH="47" HEIGHT="21" WC="0.96" CONTENT="med"/><SP WIDTH="17" VPOS="1195" HPOS="848"/>
							<String ID="string_277" HPOS="865" VPOS="1195" WIDTH="33" HEIGHT="26" WC="0.96" CONTENT="16,"/>
						</TextLine>
						<TextLine ID="line_35" HPOS="72" VPOS="1223" WIDTH="827" HEIGHT="28">
							<String ID="string_278" HPOS="72" VPOS="1225" WIDTH="38" HEIGHT="21" WC="0.90" CONTENT="hrr"/><SP WIDTH="19" VPOS="1225" HPOS="110"/>
							<String ID="string_279" HPOS="129" VPOS="1224" WIDTH="101" HEIGHT="22" WC="0.96" CONTENT="Sundvall"/><SP WIDTH="19" VPOS="1224" HPOS="230"/>
							<String ID="string_280" HPOS="249" VPOS="1223" WIDTH="40" HEIGHT="22" WC="0.96" CONTENT="och"/><SP WIDTH="19" VPOS="1223" HPOS="289"/>
							<String ID="string_281" HPOS="308" VPOS="1223" WIDTH="95" HEIGHT="27" WC="0.94" CONTENT="Öhberg,"/><SP WIDTH="15" VPOS="1223" HPOS="403"/>
							<String ID="string_282" HPOS="418" VPOS="1223" WIDTH="108" HEIGHT="21" WC="0.95" CONTENT="hvardera"/><SP WIDTH="19" VPOS="1223" HPOS="526"/>
							<String ID="string_283" HPOS="545" VPOS="1223" WIDTH="48" HEIGHT="20" WC="0.96" CONTENT="med"/><SP WIDTH="21" VPOS="1223" HPOS="593"/>
							<String ID="string_284" HPOS="614" VPOS="1223" WIDTH="34" HEIGHT="26" WC="0.96" CONTENT="14,"/><SP WIDTH="16" VPOS="1223" HPOS="648"/>
							<String ID="string_285" HPOS="664" VPOS="1225" WIDTH="55" HEIGHT="18" WC="0.95" CONTENT="samt"/><SP WIDTH="19" VPOS="1225" HPOS="719"/>
							<String ID="string_286" HPOS="738" VPOS="1223" WIDTH="25" HEIGHT="20" WC="0.96" CONTENT="hr"/><SP WIDTH="15" VPOS="1223" HPOS="763"/>
							<String ID="string_287" HPOS="778" VPOS="1223" WIDTH="121" HEIGHT="28" WC="0.96" CONTENT="Chydenius"/>
						</TextLine>
						<TextLine ID="line_36" HPOS="73" VPOS="1252" WIDTH="842" HEIGHT="27">
							<String ID="string_288" HPOS="73" VPOS="1254" WIDTH="48" HEIGHT="21" WC="0.96" CONTENT="med"/><SP WIDTH="17" VPOS="1254" HPOS="121"/>
							<String ID="string_289" HPOS="138" VPOS="1253" WIDTH="26" HEIGHT="22" WC="0.95" CONTENT="13"/><SP WIDTH="16" VPOS="1253" HPOS="164"/>
							<String ID="string_290" HPOS="180" VPOS="1254" WIDTH="78" HEIGHT="25" WC="0.96" CONTENT="röster;"/><SP WIDTH="19" VPOS="1254" HPOS="258"/>
							<String ID="string_291" HPOS="277" VPOS="1252" WIDTH="110" HEIGHT="21" WC="0.96" CONTENT="äfvensom"/><SP WIDTH="526" VPOS="1252" HPOS="387"/>
							<String ID="string_292" HPOS="913" VPOS="1270" WIDTH="2" HEIGHT="2" WC="0.43" CONTENT=":"/>
						</TextLine>
					</TextBlock>
					<TextBlock ID="block_13" HPOS="73" VPOS="1279" WIDTH="825" HEIGHT="57">
						<TextLine ID="line_37" HPOS="142" VPOS="1279" WIDTH="756" HEIGHT="29">
							<String ID="string_293" HPOS="142" VPOS="1282" WIDTH="6" HEIGHT="20" WC="0.93" CONTENT="i"/><SP WIDTH="26" VPOS="1282" HPOS="148"/>
							<String ID="string_294" HPOS="174" VPOS="1280" WIDTH="317" HEIGHT="28" WC="0.91" CONTENT="expeditionsutskottet:"/><SP WIDTH="30" VPOS="1280" HPOS="491"/>
							<String ID="string_295" HPOS="521" VPOS="1279" WIDTH="25" HEIGHT="20" WC="0.96" CONTENT="hr"/><SP WIDTH="21" VPOS="1279" HPOS="546"/>
							<String ID="string_296" HPOS="567" VPOS="1279" WIDTH="149" HEIGHT="27" WC="0.96" CONTENT="Schybergson"/><SP WIDTH="23" VPOS="1279" HPOS="716"/>
							<String ID="string_297" HPOS="739" VPOS="1281" WIDTH="48" HEIGHT="20" WC="0.96" CONTENT="med"/><SP WIDTH="24" VPOS="1281" HPOS="787"/>
							<String ID="string_298" HPOS="811" VPOS="1281" WIDTH="27" HEIGHT="21" WC="0.96" CONTENT="13"/><SP WIDTH="22" VPOS="1281" HPOS="838"/>
							<String ID="string_299" HPOS="860" VPOS="1281" WIDTH="38" HEIGHT="21" WC="0.96" CONTENT="och"/>
						</TextLine>
						<TextLine ID="line_38" HPOS="73" VPOS="1309" WIDTH="420" HEIGHT="27">
							<String ID="string_300" HPOS="73" VPOS="1310" WIDTH="25" HEIGHT="21" WC="0.91" CONTENT="hr"/><SP WIDTH="20" VPOS="1310" HPOS="98"/>
							<String ID="string_301" HPOS="118" VPOS="1310" WIDTH="97" HEIGHT="26" WC="0.91" CONTENT="Eneberg"/><SP WIDTH="16" VPOS="1310" HPOS="215"/>
							<String ID="string_302" HPOS="231" VPOS="1309" WIDTH="48" HEIGHT="21" WC="0.96" CONTENT="med"/><SP WIDTH="16" VPOS="1309" HPOS="279"/>
							<String ID="string_303" HPOS="295" VPOS="1309" WIDTH="26" HEIGHT="21" WC="0.93" CONTENT="12"/><SP WIDTH="15" VPOS="1309" HPOS="321"/>
							<String ID="string_304" HPOS="336" VPOS="1310" WIDTH="81" HEIGHT="24" WC="0.92" CONTENT="röster;"/><SP WIDTH="19" VPOS="1310" HPOS="417"/>
							<String ID="string_305" HPOS="436" VPOS="1309" WIDTH="57" HEIGHT="20" WC="0.95" CONTENT="samt"/>
						</TextLine>
					</TextBlock>
					<TextBlock ID="block_14" HPOS="141" VPOS="1337" WIDTH="196" HEIGHT="27">
						<TextLine ID="line_39" HPOS="141" VPOS="1337" WIDTH="196" HEIGHT="27">
							<String ID="string_306" HPOS="141" VPOS="1338" WIDTH="34" HEIGHT="21" WC="0.93" CONTENT="till"/><SP WIDTH="15" VPOS="1338" HPOS="175"/>
							<String ID="string_307" HPOS="190" VPOS="1337" WIDTH="147" HEIGHT="27" WC="0.96" CONTENT="suppleanter:"/>
						</TextLine>
					</TextBlock>
					<TextBlock ID="block_15" HPOS="74" VPOS="1364" WIDTH="825" HEIGHT="57">
						<TextLine ID="line_40" HPOS="142" VPOS="1364" WIDTH="757" HEIGHT="28">
							<String ID="string_308" HPOS="142" VPOS="1367" WIDTH="6" HEIGHT="21" WC="0.93" CONTENT="i"/><SP WIDTH="20" VPOS="1367" HPOS="148"/>
							<String ID="string_309" HPOS="168" VPOS="1366" WIDTH="188" HEIGHT="26" WC="0.92" CONTENT="lagutskottet:"/><SP WIDTH="24" VPOS="1366" HPOS="356"/>
							<String ID="string_310" HPOS="380" VPOS="1365" WIDTH="25" HEIGHT="21" WC="0.96" CONTENT="hr"/><SP WIDTH="20" VPOS="1365" HPOS="405"/>
							<String ID="string_311" HPOS="425" VPOS="1364" WIDTH="54" HEIGHT="22" WC="0.96" CONTENT="Lille"/><SP WIDTH="21" VPOS="1364" HPOS="479"/>
							<String ID="string_312" HPOS="500" VPOS="1365" WIDTH="48" HEIGHT="21" WC="0.96" CONTENT="med"/><SP WIDTH="17" VPOS="1365" HPOS="548"/>
							<String ID="string_313" HPOS="565" VPOS="1365" WIDTH="26" HEIGHT="21" WC="0.96" CONTENT="15"/><SP WIDTH="16" VPOS="1365" HPOS="591"/>
							<String ID="string_314" HPOS="607" VPOS="1364" WIDTH="40" HEIGHT="22" WC="0.96" CONTENT="och"/><SP WIDTH="15" VPOS="1364" HPOS="647"/>
							<String ID="string_315" HPOS="662" VPOS="1364" WIDTH="26" HEIGHT="21" WC="0.96" CONTENT="hr"/><SP WIDTH="15" VPOS="1364" HPOS="688"/>
							<String ID="string_316" HPOS="703" VPOS="1364" WIDTH="87" HEIGHT="28" WC="0.96" CONTENT="Nyberg"/><SP WIDTH="18" VPOS="1364" HPOS="790"/>
							<String ID="string_317" HPOS="808" VPOS="1366" WIDTH="48" HEIGHT="21" WC="0.96" CONTENT="med"/><SP WIDTH="17" VPOS="1366" HPOS="856"/>
							<String ID="string_318" HPOS="873" VPOS="1367" WIDTH="26" HEIGHT="21" WC="0.96" CONTENT="13"/>
						</TextLine>
						<TextLine ID="line_41" HPOS="74" VPOS="1397" WIDTH="79" HEIGHT="24">
							<String ID="string_319" HPOS="74" VPOS="1397" WIDTH="79" HEIGHT="24" WC="0.92" CONTENT="röster;"/>
						</TextLine>
					</TextBlock>
					<TextBlock ID="block_16" HPOS="74" VPOS="1421" WIDTH="826" HEIGHT="84">
						<TextLine ID="line_42" HPOS="142" VPOS="1421" WIDTH="758" HEIGHT="26">
							<String ID="string_320" HPOS="142" VPOS="1423" WIDTH="7" HEIGHT="21" WC="0.93" CONTENT="i"/><SP WIDTH="16" VPOS="1423" HPOS="149"/>
							<String ID="string_321" HPOS="165" VPOS="1421" WIDTH="266" HEIGHT="23" WC="0.91" CONTENT="ekonomiutskottet:"/><SP WIDTH="17" VPOS="1421" HPOS="431"/>
							<String ID="string_322" HPOS="448" VPOS="1421" WIDTH="37" HEIGHT="20" WC="0.92" CONTENT="hrr"/><SP WIDTH="14" VPOS="1421" HPOS="485"/>
							<String ID="string_323" HPOS="499" VPOS="1421" WIDTH="114" HEIGHT="21" WC="0.92" CONTENT="Junnelius"/><SP WIDTH="17" VPOS="1421" HPOS="613"/>
							<String ID="string_324" HPOS="630" VPOS="1421" WIDTH="38" HEIGHT="21" WC="0.93" CONTENT="och"/><SP WIDTH="16" VPOS="1421" HPOS="668"/>
							<String ID="string_325" HPOS="684" VPOS="1421" WIDTH="100" HEIGHT="26" WC="0.88" CONTENT="Neovius,"/><SP WIDTH="11" VPOS="1421" HPOS="784"/>
							<String ID="string_326" HPOS="795" VPOS="1421" WIDTH="105" HEIGHT="22" WC="0.96" CONTENT="hvardera"/>
						</TextLine>
						<TextLine ID="line_43" HPOS="74" VPOS="1449" WIDTH="826" HEIGHT="27">
							<String ID="string_327" HPOS="74" VPOS="1453" WIDTH="48" HEIGHT="20" WC="0.96" CONTENT="med"/><SP WIDTH="17" VPOS="1453" HPOS="122"/>
							<String ID="string_328" HPOS="139" VPOS="1452" WIDTH="27" HEIGHT="21" WC="0.96" CONTENT="10"/><SP WIDTH="14" VPOS="1452" HPOS="166"/>
							<String ID="string_329" HPOS="180" VPOS="1452" WIDTH="75" HEIGHT="24" WC="0.96" CONTENT="röster,"/><SP WIDTH="16" VPOS="1452" HPOS="255"/>
							<String ID="string_330" HPOS="271" VPOS="1451" WIDTH="23" HEIGHT="20" WC="0.96" CONTENT="af"/><SP WIDTH="14" VPOS="1451" HPOS="294"/>
							<String ID="string_331" HPOS="308" VPOS="1450" WIDTH="73" HEIGHT="21" WC="0.95" CONTENT="hvilka"/><SP WIDTH="22" VPOS="1450" HPOS="381"/>
							<String ID="string_332" HPOS="403" VPOS="1449" WIDTH="26" HEIGHT="21" WC="0.93" CONTENT="hr"/><SP WIDTH="15" VPOS="1449" HPOS="429"/>
							<String ID="string_333" HPOS="444" VPOS="1449" WIDTH="120" HEIGHT="26" WC="0.91" CONTENT="Junnelius,"/><SP WIDTH="21" VPOS="1449" HPOS="564"/>
							<String ID="string_334" HPOS="585" VPOS="1449" WIDTH="57" HEIGHT="22" WC="0.96" CONTENT="efter"/><SP WIDTH="15" VPOS="1449" HPOS="642"/>
							<String ID="string_335" HPOS="657" VPOS="1449" WIDTH="73" HEIGHT="22" WC="0.93" CONTENT="derom"/><SP WIDTH="16" VPOS="1449" HPOS="730"/>
							<String ID="string_336" HPOS="746" VPOS="1449" WIDTH="63" HEIGHT="22" WC="0.92" CONTENT="skedt"/><SP WIDTH="15" VPOS="1449" HPOS="809"/>
							<String ID="string_337" HPOS="824" VPOS="1451" WIDTH="76" HEIGHT="25" WC="0.96" CONTENT="omval,"/>
						</TextLine>
						<TextLine ID="line_44" HPOS="75" VPOS="1478" WIDTH="756" HEIGHT="27">
							<String ID="string_338" HPOS="75" VPOS="1480" WIDTH="122" HEIGHT="22" WC="0.96" CONTENT="bestämdes"/><SP WIDTH="15" VPOS="1480" HPOS="197"/>
							<String ID="string_339" HPOS="212" VPOS="1485" WIDTH="45" HEIGHT="15" WC="0.96" CONTENT="som"/><SP WIDTH="16" VPOS="1485" HPOS="257"/>
							<String ID="string_340" HPOS="273" VPOS="1479" WIDTH="68" HEIGHT="21" WC="0.96" CONTENT="första"/><SP WIDTH="17" VPOS="1479" HPOS="341"/>
							<String ID="string_341" HPOS="358" VPOS="1478" WIDTH="40" HEIGHT="21" WC="0.96" CONTENT="och"/><SP WIDTH="15" VPOS="1478" HPOS="398"/>
							<String ID="string_342" HPOS="413" VPOS="1478" WIDTH="26" HEIGHT="21" WC="0.93" CONTENT="hr"/><SP WIDTH="14" VPOS="1478" HPOS="439"/>
							<String ID="string_343" HPOS="453" VPOS="1478" WIDTH="95" HEIGHT="21" WC="0.92" CONTENT="Neovius"/><SP WIDTH="17" VPOS="1478" HPOS="548"/>
							<String ID="string_344" HPOS="565" VPOS="1483" WIDTH="45" HEIGHT="16" WC="0.96" CONTENT="som"/><SP WIDTH="17" VPOS="1483" HPOS="610"/>
							<String ID="string_345" HPOS="627" VPOS="1478" WIDTH="67" HEIGHT="21" WC="0.96" CONTENT="andra"/><SP WIDTH="15" VPOS="1478" HPOS="694"/>
							<String ID="string_346" HPOS="709" VPOS="1478" WIDTH="122" HEIGHT="27" WC="0.96" CONTENT="suppleant;"/>
						</TextLine>
					</TextBlock>
					<TextBlock ID="block_17" HPOS="76" VPOS="1506" WIDTH="822" HEIGHT="55">
						<TextLine ID="line_45" HPOS="142" VPOS="1506" WIDTH="756" HEIGHT="23">
							<String ID="string_347" HPOS="142" VPOS="1508" WIDTH="7" HEIGHT="21" WC="0.96" CONTENT="i"/><SP WIDTH="19" VPOS="1508" HPOS="149"/>
							<String ID="string_348" HPOS="168" VPOS="1507" WIDTH="213" HEIGHT="22" WC="0.96" CONTENT="statsutskottet:"/><SP WIDTH="23" VPOS="1507" HPOS="381"/>
							<String ID="string_349" HPOS="404" VPOS="1507" WIDTH="26" HEIGHT="20" WC="0.93" CONTENT="hr"/><SP WIDTH="15" VPOS="1507" HPOS="430"/>
							<String ID="string_350" HPOS="445" VPOS="1506" WIDTH="113" HEIGHT="21" WC="0.92" CONTENT="Wasenius"/><SP WIDTH="24" VPOS="1506" HPOS="558"/>
							<String ID="string_351" HPOS="582" VPOS="1506" WIDTH="49" HEIGHT="21" WC="0.95" CONTENT="med"/><SP WIDTH="17" VPOS="1506" HPOS="631"/>
							<String ID="string_352" HPOS="648" VPOS="1507" WIDTH="27" HEIGHT="20" WC="0.95" CONTENT="14"/><SP WIDTH="19" VPOS="1507" HPOS="675"/>
							<String ID="string_353" HPOS="694" VPOS="1506" WIDTH="38" HEIGHT="21" WC="0.96" CONTENT="och"/><SP WIDTH="19" VPOS="1506" HPOS="732"/>
							<String ID="string_354" HPOS="751" VPOS="1506" WIDTH="25" HEIGHT="21" WC="0.92" CONTENT="hr"/><SP WIDTH="15" VPOS="1506" HPOS="776"/>
							<String ID="string_355" HPOS="791" VPOS="1513" WIDTH="19" HEIGHT="15" WC="0.92" CONTENT="v."/><SP WIDTH="15" VPOS="1513" HPOS="810"/>
							<String ID="string_356" HPOS="825" VPOS="1506" WIDTH="73" HEIGHT="23" WC="0.92" CONTENT="Pfaler"/>
						</TextLine>
						<TextLine ID="line_46" HPOS="76" VPOS="1536" WIDTH="184" HEIGHT="25">
							<String ID="string_357" HPOS="76" VPOS="1536" WIDTH="48" HEIGHT="21" WC="0.96" CONTENT="med"/><SP WIDTH="17" VPOS="1536" HPOS="124"/>
							<String ID="string_358" HPOS="141" VPOS="1537" WIDTH="25" HEIGHT="20" WC="0.96" CONTENT="12"/><SP WIDTH="16" VPOS="1537" HPOS="166"/>
							<String ID="string_359" HPOS="182" VPOS="1537" WIDTH="78" HEIGHT="24" WC="0.95" CONTENT="röster;"/>
						</TextLine>
					</TextBlock>
				</ComposedBlock>
			</PrintSpace>
		</Page>
	</Layout>
</alto>
