1100 1745
221 120 34 31 556
488 125 93 23 Bergarest.
593 125 43 19 1885.
660 125 20 18 27
693 125 50 19 Mars.

197 197 35 21 för
246 196 120 21 ständerna
379 195 72 20 kunde
465 194 78 27 uppstå
557 195 33 20 att
604 194 7 21 i
626 193 76 22 sådant
716 194 101 21 afseende
832 195 84 22 erhålla
928 196 102 27 lämpliga

197 231 108 22 personer,
321 226 55 19 utan
390 223 33 22 får
441 223 107 21 utskottet
569 223 33 20 till
624 223 115 20 ständerna
757 223 132 22 öfverlemna
907 226 33 20 att
954 225 76 22 härom

197 253 102 22 besluta.”

268 281 132 22 Skrifvelsen
416 279 114 22 bordlades
545 279 33 22 till
593 281 62 19 nästa
669 281 164 21 sammanträde.

267 395 42 21 Vid
323 393 55 23 härå
393 393 67 22 skedd
474 393 152 26 föredragning
640 392 24 21 af
676 392 152 27 lagutskottets
844 395 36 20 vid
890 397 85 19 senaste
985 395 44 27 ple-

198 430 52 15 num
265 423 121 26 bordlagda
399 422 137 21 betänkande
555 428 34 14 n:o
609 422 19 24 6,
648 427 34 14 om
698 421 90 26 ändring
803 421 23 21 af
839 423 28 20 51
884 423 39 20 och
938 423 28 21 52
982 423 25 27 88
1021 423 9 21 i

199 451 234 26 landtdagsordningen
449 450 23 21 af
486 450 41 21 den
544 450 27 21 15
590 449 31 27 (3)
642 449 54 26 april
712 449 61 26 1869,
789 449 150 23 innehållande
954 451 75 27 tillägg

200 487 34 15 om
250 480 138 21 motionsrätt
402 479 34 21 för
450 478 123 25 ständerna,
588 478 84 27 yttrade
687 478 32 26 sig
733 477 94 27 följande
842 479 78 21 talare:

268 509 55 20 Herr
347 507 159 27 Chydenius:
529 507 68 20 Innan
620 506 84 21 ständet
721 506 84 22 skrider
819 507 34 21 till
868 507 161 28 öfverläggning

200 537 40 22 och
254 537 71 21 beslut
341 542 36 15 om
392 535 74 28 sjelfva
484 535 37 21 det
542 535 100 27 yrkande,
665 540 45 15 som
728 535 25 20 af
768 535 143 26 lagutskottet
926 538 24 19 är
964 537 64 21 fram-

199 566 66 21 stäldt
279 566 8 20 i
302 565 49 21 dess
370 564 142 25 betänkande,
535 563 95 22 anhåller
649 563 37 27 jag
708 565 33 19 att
757 563 22 22 få
793 564 56 21 fästa
864 564 96 22 ständets
975 571 53 21 upp-

199 594 146 21 märksamhet
359 593 36 21 vid
410 599 26 15 en
455 592 164 26 omständighet,
638 597 46 16 som
702 591 67 22 finnes
788 593 95 20 omtalad
902 593 7 21 i
923 593 105 22 inlednin-

199 629 41 20 gen
255 623 32 20 till
301 622 62 21 detta
378 621 142 22 betänkande.
551 620 111 21 Utskottet
683 620 39 21 har
744 621 106 26 nemligen
872 621 75 27 begärt
966 622 63 21 utbe-

199 651 128 21 kommande
344 649 24 22 af
381 650 26 21 de
422 649 127 27 handlingar
568 649 39 21 hos
626 649 129 26 regeringen,
774 655 45 15 som
834 649 73 22 kunde
921 650 59 27 tjena
995 651 33 21 till

198 680 129 27 upplysning
342 678 92 21 rörande
450 678 60 21 detta
524 677 86 26 ärende,
626 683 48 15 men
690 678 38 21 har
742 677 47 22 icke
803 678 42 21 fått
860 679 33 26 sig
903 679 125 22 meddelade

200 708 27 21 de
241 707 115 28 protokoll,
376 713 46 15 som
444 707 54 20 förts
520 707 59 20 inom
601 706 311 22 minister-statssekreteriatet
926 707 49 21 med
990 714 38 15 an-

199 737 87 26 ledning
300 736 24 21 af
337 736 38 21 det
389 735 115 27 lagförslag
519 735 24 21 af
556 734 110 22 enahanda
681 735 99 26 innehåll,
794 741 46 15 som
852 735 36 21 vid
899 735 129 27 föregående

200 765 101 26 landtdag
316 771 39 14 var
370 764 116 21 ständerna
500 763 107 27 förelagdt
625 763 40 21 och
680 769 46 15 som
741 763 23 21 af
777 763 48 22 dem
840 765 53 20 utan
902 764 126 27 förändring

200 796 82 24 antogs,
298 799 50 16 men
363 792 81 22 hvilket
459 792 37 21 det
511 792 90 21 oaktadt
615 791 23 22 af
651 792 123 26 regeringen
789 792 87 27 afslogs.
899 793 128 26 Lagutskot-

200 824 32 20 tet
246 822 39 21 har
299 822 68 21 redan
382 821 58 27 sjelft
453 821 100 26 påpekat,
569 821 55 20 huru
638 820 50 27 föga
702 820 69 21 denna
785 823 79 24 vägran
880 821 45 21 står
939 822 6 20 i
957 821 70 22 öfver-

200 851 162 21 ensstämmelse
377 850 48 21 med
440 850 26 21 de
478 849 83 27 lagrum
572 849 31 21 uti
617 849 231 27 landtdagsordningen
860 850 40 21 och
910 851 117 26 regerings-

200 879 89 25 formen,
301 884 47 16 som
360 878 45 21 afse
418 880 32 19 att
462 877 80 21 bereda
549 877 116 21 ständerna
673 877 50 21 eller
734 877 62 21 deras
807 878 86 21 utskott
903 878 84 22 tillfälle
995 880 33 20 att

200 914 36 15 om
251 907 55 21 hvad
321 907 59 21 inom
394 906 126 27 regeringen
536 906 112 26 försiggått
663 906 47 20 med
725 906 115 27 anledning
856 906 23 21 af
892 906 26 22 de
926 907 100 27 ärenden,

200 936 129 26 landtdagen
348 935 126 25 behandlar,
488 934 22 22 få
528 935 42 21 den
588 934 126 26 kännedom,
730 940 46 16 som
790 934 42 22 kan
848 941 51 15 vara
914 935 22 21 af
950 936 76 26 nöden,

199 965 33 21 för
248 966 31 19 att
295 965 48 20 dess
359 964 70 20 beslut
444 963 35 21 må
493 964 68 20 varda
575 963 81 21 fattade
671 963 48 21 med
737 963 125 27 fullständig
881 964 64 26 insigt
962 964 7 21 i
985 964 43 22 alla

200 993 99 21 ärendets
314 992 191 26 omständigheter.

268 1021 66 21 Detta
349 1022 25 20 är
388 1021 41 21 den
442 1020 107 28 juridiska
564 1020 60 21 sidan
643 1020 23 21 af
682 1020 72 22 saken.
787 1020 50 22 Men
854 1021 37 27 jag
906 1021 38 21 ber
958 1022 33 20 att
1005 1021 23 22 få

199 1050 122 28 ytterligare
338 1049 120 26 framhålla,
473 1051 33 19 att
522 1055 33 15 om
570 1049 8 21 i
593 1049 65 26 något
677 1049 77 21 ärende
773 1055 26 15 en
818 1050 82 20 önskan
915 1050 39 21 hos
969 1052 59 19 stän-

199 1080 67 20 derna
279 1079 56 21 varit
350 1078 94 26 naturlig
459 1078 41 21 och
515 1078 121 26 berättigad
652 1079 32 19 att
702 1078 21 20 få
741 1078 35 21 del
795 1078 22 21 af
832 1078 58 21 hvad
908 1084 46 16 som
969 1078 59 22 förut

198 1108 58 21 inom
271 1107 125 27 regeringen
411 1106 102 22 förefallit
528 1106 7 21 i
550 1106 72 26 saken,
638 1106 24 21 så
677 1106 38 21 har
730 1107 36 21 det
776 1107 73 21 varit
844 1102 14 36 i
860 1107 76 21 denna.
952 1107 74 21 Såsom

196 1137 38 27 jag
249 1136 106 25 framhöll,
371 1135 55 21 hade
441 1136 106 26 nemligen
564 1141 25 15 en
605 1135 137 27 proposition,
758 1134 136 28 framlagd
871 1130 22 38 af
902 1136 125 26 regeringen

199 1165 55 27 sjelf,
270 1164 69 22 blifvit
355 1164 23 21 af
392 1164 116 21 ständerna
522 1164 103 26 enhälligt
640 1165 98 25 antagen,
757 1170 48 15 men
824 1164 37 21 det
880 1164 90 22 oaktadt
984 1164 43 22 för-

198 1194 83 21 kastats
303 1193 23 21 af
346 1193 132 26 regeringen.
509 1192 46 22 Och
577 1198 29 15 nu
625 1192 72 21 kunna
718 1193 21 20 vi
761 1192 47 22 icke
830 1192 22 22 få
874 1199 26 15 en
919 1192 108 22 autentisk

199 1222 126 27 upplysning
345 1227 41 20 om,
405 1221 74 21 hvilka
498 1221 47 22 skäl
563 1227 46 15 som
627 1220 106 22 föranledt
750 1221 125 27 regeringen
893 1222 33 21 till
944 1227 26 16 en
986 1222 41 21 slik

199 1251 81 27 åtgärd.
310 1251 46 21 När
378 1250 108 21 utskottet
507 1250 81 22 lemnat
610 1250 33 20 sin
665 1250 133 26 redogörelse
816 1250 34 21 för
869 1250 77 22 sakens
964 1250 63 27 gång,

198 1280 40 21 har
260 1279 37 21 det
319 1278 71 22 blifvit
411 1281 91 25 tvunget
524 1281 33 19 att
578 1278 141 22 framkomma
742 1278 47 22 med
807 1278 81 22 sådana
905 1279 121 27 yttranden,

199 1314 56 15 som:
271 1309 43 26 ,att
329 1308 38 20 det
382 1308 23 20 af
422 1307 26 21 de
464 1308 7 20 i
486 1309 90 19 senaten
590 1307 112 20 tillkomna
717 1307 126 27 handlingar
859 1309 49 18 trott
922 1308 32 26 sig
969 1307 59 22 finna

199 1338 33 20 att
251 1336 91 21 orsaken
360 1336 72 21 härtill
451 1342 51 15 vore
521 1337 33 20 att
572 1335 54 22 söka
644 1335 7 22 i
669 1335 56 22 vissa
744 1335 170 27 betänkligheter
929 1342 19 15 o.
964 1342 16 15 s.
996 1337 31 20 v.*

198 1365 44 22 Det
256 1367 24 19 är
294 1365 48 21 icke
357 1364 28 27 på
400 1365 82 20 sådana
496 1365 48 20 skäl
558 1371 46 14 som
620 1364 36 21 det
671 1366 32 19 att
718 1370 49 15 man
782 1365 76 25 ,trott"
874 1365 32 26 sig
920 1364 64 27 finna,
994 1366 35 20 att

198 1394 124 27 regeringen
337 1395 71 20 ansett
422 1393 24 21 så
461 1393 52 22 eller
527 1393 30 26 sä,
569 1399 46 15 som
626 1399 26 15 en
666 1393 216 26 folkrepresentation
892 1393 40 22 bör
941 1393 88 22 handla.

199 1422 49 21 Hon
263 1422 39 21 bör
317 1422 64 21 hafva
396 1423 44 20 rätt
458 1422 34 21 till
511 1421 71 22 bättre
600 1421 40 22 och
659 1421 86 22 säkrare
764 1421 121 23 kännedom
904 1428 35 15 om
954 1422 72 26 saken,

199 1453 28 19 än
245 1457 45 15 som
309 1451 30 26 så,
359 1450 27 21 då
404 1451 44 20 hon
467 1450 84 21 skrider
569 1450 33 21 till
620 1456 27 15 en
665 1449 70 28 frågas
754 1450 122 27 afgörande.
906 1451 40 26 Jag
965 1456 64 16 anser

198 1479 72 22 derför
291 1479 42 22 den
355 1479 83 22 skedda
456 1481 81 24 vägran
560 1481 33 19 att
611 1479 70 21 lemna
702 1479 152 27 upplysningar
879 1479 47 22 icke
952 1479 77 22 endast

198 1515 52 15 vara
268 1507 110 23 stridande
400 1509 57 20 emot
476 1508 26 21 de
521 1507 23 22 af
561 1507 142 27 lagutskottet
721 1508 90 21 anförda
833 1508 195 27 lagparagraferna,

198 1539 53 20 utan
266 1537 61 22 äfven
343 1539 58 19 emot
416 1536 76 27 sjelfva
506 1538 92 19 naturen
613 1535 23 22 af
650 1537 31 20 ett
696 1536 174 22 konstitutionelt
884 1537 122 21 statsskick.
