1098 1745
341 132 92 22 Borgarest.
445 131 44 18 1885.
512 131 21 18 27
545 131 36 18 Jan.
832 133 21 17 61

46 211 38 16 ver
94 202 143 23 folktätheten
249 201 7 20 i
267 199 100 22 Finland.
390 199 137 21 Vidsträckta
538 199 154 26 skogsmarker
703 199 108 27 medgifva
818 199 59 22 dess-

46 235 60 20 utom
129 231 48 21 icke
199 235 67 21 gerna
288 234 28 15 en
335 227 74 22 alltför
427 228 32 20 tät
477 226 132 27 befolkning,
627 233 33 15 om
676 227 70 21 denna
761 227 47 22 icke
822 228 56 21 varit

47 261 25 22 så
86 261 34 20 tät
134 260 33 20 att
181 258 41 21 den
238 257 22 21 af
274 256 98 21 sanitära
387 255 46 21 skäl
445 255 92 27 nödgats
548 255 90 27 ombyta
650 255 155 27 boningsplats.
832 255 46 28 Mig

46 294 66 22 synes
128 288 32 20 att
175 292 26 15 en
216 286 56 21 bana
286 284 110 26 utgående
404 279 59 41 -frän
475 279 130 41 Ostermyra,
624 284 38 21 der
677 284 41 21 den
730 283 148 28 Uleåborgska

47 317 71 21 banan
137 315 63 27 äfven
218 315 123 25 utmynnar,
361 317 76 22 genom
456 311 37 22 det
510 313 42 19 tätt
570 311 117 22 befolkade
705 311 77 22 Ilmola
800 319 77 20 genom

47 343 120 26 Kuurikka,
183 341 126 22 Östermark
325 340 41 21 och
380 340 83 26 Nerpes
479 339 49 21 med
543 341 71 20 större
631 339 69 22 fördel
715 340 71 22 kunde
800 341 78 26 dragas

47 373 35 22 till
100 371 75 23 Kaskö
193 373 27 18 än
239 370 33 21 till
292 368 153 22 Kristinestad.
475 368 72 21 Kaskö
564 368 66 21 hamn
645 369 25 20 är
684 369 96 26 ovanligt
795 370 83 26 rymlig,

47 402 26 22 sä
88 403 32 19 att
134 406 27 16 en
176 399 78 26 mängd
269 397 72 27 fartyg
357 396 111 27 samtidigt
482 396 72 21 kunna
569 396 61 27 ligga
642 397 43 21 der.
711 397 11 21 I
734 396 54 28 följd
800 397 23 22 af
833 398 46 21 sina

47 432 79 19 tvänne
144 428 80 26 inlopp,
240 427 36 20 det
291 426 66 20 södra
372 425 40 21 och
427 425 37 20 det
478 430 71 20 norra,
564 424 43 21 kan
624 425 42 20 den
681 425 110 22 dessutom
806 426 24 21 af
844 432 32 15 se-

48 457 108 28 gelfartyg
178 456 94 26 anlöpas,
295 453 122 21 oberoende
440 452 23 21 af
480 453 89 20 vindens
586 453 104 26 riktning.
724 453 43 21 För
786 454 26 21 de
831 454 47 27 fyra

47 487 69 21 första
134 483 202 23 vintermånaderna
350 481 63 21 torde
429 481 40 21 den
485 481 71 20 kunna
571 480 69 22 blifva
655 481 23 21 af
691 481 91 26 ungefär
797 488 81 15 samma

48 513 113 29 betydelse
175 513 34 21 för
224 517 63 16 norra
302 509 100 26 Finland,
419 515 45 15 som
479 509 77 26 Hangö
572 511 24 18 är
611 509 36 21 för
662 509 35 21 det
712 509 70 21 södra.
808 510 72 21 Kändt

49 545 25 19 är
92 544 33 20 att
142 541 50 22 hela
206 545 64 16 norra
284 538 93 21 Finland
392 537 69 22 måste
476 539 52 25 göra
543 537 47 21 sina
604 537 50 21 vår-
669 537 39 22 och
723 538 155 27 vinteruppköp

49 571 112 22 allaredan
182 570 8 20 i
212 567 127 28 September
362 566 40 21 och
425 565 84 22 således
531 565 95 21 förlorar
651 565 19 27 ej
686 566 54 21 blott
759 568 75 19 räntan
852 567 28 26 på

50 599 38 22 sitt
102 598 89 27 kapital,
206 599 52 19 utan
273 595 64 21 äfven
352 594 103 27 möjligen
469 593 128 22 inträffande
612 600 126 21 gynsamma
753 595 127 26 konjunktu-

50 633 42 16 rer.
128 627 34 20 De
176 625 101 24 fördelar,
294 629 47 15 som
356 623 74 20 Kaskö
445 622 64 21 hamn
524 622 109 26 erbjuder,
649 623 78 20 saknar
742 623 64 21 totalt
820 623 60 21 Kris-

49 655 101 22 tinestad.
173 654 99 25 Inloppet
286 651 32 21 dit
334 653 24 18 är
373 651 74 26 trångt
461 651 40 20 och
515 650 94 27 krokigt,
626 651 25 20 så
665 653 32 18 att
708 651 36 21 det
757 651 75 22 endast
842 658 38 14 un-

51 685 39 20 der
107 683 59 21 vissa
183 681 75 22 vindar
276 680 42 21 kan
337 685 107 20 passeras.
478 679 32 20 En
530 679 254 21 vinterkommunikation
801 680 79 21 mellan

50 712 74 21 Kaskö
140 711 39 21 och
194 708 114 23 Sundsvall
323 708 62 21 torde
401 707 34 21 väl
451 707 110 21 dessutom
576 707 48 21 icke
640 707 52 21 höra
708 707 34 21 till
756 708 124 26 omöjlighe-

51 742 69 20 terna.
158 739 47 21 Den
224 744 41 21 nya
283 735 198 22 mellanriksbanan
499 735 47 21 från
566 735 115 21 Sundsvall
699 736 33 21 till
752 735 128 27 Trondhjem

52 768 118 22 förmedlar
185 766 90 22 trafiken
290 765 49 20 från
355 764 40 21 och
410 764 28 26 på
453 764 78 25 Norge.
561 763 72 22 Norra
648 763 102 22 Finlands
765 764 116 27 produkter

51 797 29 27 gå
102 797 70 21 denna
190 797 40 24 väg
248 794 34 21 till
297 793 100 21 utlandet
416 792 39 21 och
475 792 26 21 de
520 792 78 21 norska
617 791 141 22 fisksorterna
777 792 53 21 söka
848 793 32 26 sig

52 831 82 16 samma
152 825 40 25 väg
210 823 55 21 fram
283 821 34 22 till
338 821 38 21 S:t.
396 820 138 27 Petersburg.
568 820 81 21 Härtill
668 820 96 21 kommer
779 823 55 18 ännu
849 823 33 18 att

52 854 42 20 den
117 853 23 21 af
160 852 42 26 mig
225 850 123 26 föreslagna
367 849 151 25 sträckningen
537 848 69 21 skulle
627 849 28 25 gå
673 855 76 19 genom
768 849 26 21 de
813 851 69 19 tätare

52 881 121 26 befolkade,
181 880 135 25 förmögnare
324 877 41 22 och
373 883 59 15 mera
440 876 161 27 producerande
610 876 119 22 socknarne
740 876 24 22 af
772 876 58 22 Vasa
840 877 42 21 län.

52 911 44 26 Jag
112 909 97 22 anhåller
224 907 72 22 derför
311 907 34 20 att
359 906 50 20 mitt
423 905 99 27 yttrande
534 905 66 20 måtte
612 905 103 26 medfölja
727 905 35 21 vid
774 905 108 21 remissen.

121 937 57 22 Herr
194 935 80 22 Lund:
297 935 52 20 Med
372 933 117 26 anledning
511 933 22 21 af
550 933 49 21 herr
618 933 110 21 Hedmans
745 933 137 27 andragande

53 967 39 21 ber
104 966 37 27 jag
156 965 22 21 få
192 964 76 21 anföra
282 963 105 26 följande:
418 962 74 21 Kaskö
511 962 49 21 stad
578 961 40 21 har
638 961 90 22 oaktadt
742 962 33 21 sin
790 961 92 22 förträff-

53 995 44 26 liga
111 995 72 24 hamn,
202 999 46 14 som
269 991 166 26 ursprungligen
457 996 39 15 var
518 989 74 22 afsedd
615 990 34 21 för
667 990 49 21 hela
734 990 36 21 det
785 991 97 26 nordliga

53 1023 85 22 landets
153 1021 70 26 behof,
239 1020 47 21 icke
301 1020 85 20 kunnat
401 1019 51 26 höja
467 1019 32 26 sig
513 1018 48 21 från
576 1018 40 21 den
632 1019 108 26 primitiva
750 1019 132 26 ståndpunkt

54 1052 42 21 den
110 1051 78 26 intagit
203 1049 39 21 och
257 1047 133 22 fortfarande
405 1047 90 26 intager.
525 1047 146 21 Kristinestad
686 1047 96 21 deremot
796 1047 38 20 har
844 1047 38 21 all-

54 1080 32 21 tid
104 1079 56 22 varit
182 1085 26 14 en
230 1077 82 27 ganska
329 1076 68 26 vigtig
416 1075 131 21 handelsort.
578 1075 55 20 Dess
652 1075 126 21 trafikanter
793 1075 89 22 besökte

53 1109 28 20 de
96 1109 58 20 stora
170 1105 154 22 marknaderna
340 1103 103 22 särskildt
457 1103 7 21 i
480 1105 58 19 östra
553 1103 39 21 och
608 1103 109 22 mellersta
730 1104 100 21 Finland.
854 1103 28 22 Så

54 1136 80 27 bygdes
150 1135 71 22 Saima
236 1134 66 21 kanal
320 1133 41 20 och
383 1132 75 27 gjorde
481 1132 42 21 slut
541 1131 28 27 på
587 1131 71 22 denna
672 1132 132 26 blomstring.
834 1133 47 20 Den

54 1165 46 22 lilla
114 1163 84 26 handel,
214 1169 45 14 som
274 1163 58 20 ännu
347 1167 27 15 en
389 1161 33 21 tid
436 1160 76 21 fortfor
527 1160 27 27 på
565 1160 151 26 Tammerfors,
727 1159 154 22 förminskades

53 1195 118 26 yttermera
185 1197 76 21 genom
273 1191 118 26 jernvägen
406 1189 47 21 från
469 1188 143 21 Tammerfors
628 1189 34 20 till
676 1189 138 20 Tavastehus.
845 1188 37 22 Se-

55 1222 43 21 dan
112 1222 40 21 har
171 1220 75 26 Hangö
267 1219 90 27 jernväg
379 1217 126 22 tillkommit
527 1218 55 19 samt
596 1223 31 14 nu
646 1218 71 20 senast
732 1217 58 21 Vasa
804 1217 77 26 banan,

53 1251 42 20 och
111 1255 62 22 synes
188 1249 70 20 denna
275 1246 136 22 sistnämnda
433 1245 86 21 komma
537 1245 135 26 småningom
690 1247 33 19 att
736 1245 80 22 förinta
830 1245 52 21 han-

53 1279 52 21 deln
119 1279 7 20 i
140 1276 150 26 Kristinestad,
313 1275 74 21 derest
408 1274 47 21 icke
479 1274 40 21 den
542 1273 80 21 bibana
641 1273 77 28 bygges
737 1274 88 21 hvarom
845 1274 37 27 jag

53 1307 145 27 petitionerat.
227 1303 126 22 Emellertid
368 1303 46 25 har,
430 1304 55 19 trots
501 1302 62 20 dessa
578 1301 140 27 svårigheter,
730 1303 75 20 staden
816 1303 66 20 under

53 1336 28 21 de
104 1336 30 21 tio
157 1335 83 20 senaste
262 1332 52 22 åren
339 1331 48 21 icke
410 1330 47 27 gått
479 1330 72 22 nedåt.
590 1330 132 27 Visserligen
744 1330 40 22 har
805 1331 78 27 impor-

54 1366 37 19 ten
116 1362 110 25 minskats,
252 1367 48 16 men
326 1361 104 26 exporten
457 1359 40 21 har
521 1359 8 20 i
554 1359 49 21 dess
628 1359 62 21 ställe
713 1359 68 22 ökats.
818 1359 65 22 Detta

52 1398 64 22 synes
131 1392 43 26 mig
189 1397 51 14 vara
255 1391 31 20 ett
300 1389 89 21 talande
404 1388 59 27 bevis
478 1387 33 22 för
527 1389 32 19 att
574 1387 146 22 Kristinestad
735 1389 24 20 är
774 1394 26 15 en
810 1389 73 20 natur-

54 1421 30 27 lig
99 1419 161 26 afsättningsort
274 1418 34 21 för
326 1417 66 21 södra
415 1416 139 21 Österbotten
574 1415 40 22 och
634 1417 32 20 att
684 1416 39 21 hos
738 1416 75 21 staden
828 1416 56 21 före-

53 1449 70 22 finnes
138 1449 42 20 den
194 1446 98 26 lifskraft,
308 1451 48 22 som
371 1445 67 21 borde
453 1444 74 21 kunna
541 1446 53 25 göra
608 1444 43 21 den
666 1444 32 21 till
713 1451 26 14 en
754 1445 66 26 vigtig
831 1444 52 21 han-

54 1478 83 21 delsort
151 1476 34 22 för
199 1475 49 22 hela
262 1475 64 21 södra
342 1473 147 22 Österbotten.

123 1505 34 22 Då
171 1505 64 26 ingen
249 1503 68 22 talare
332 1502 75 21 vidare
423 1501 73 22 anhöll
515 1507 35 15 om
569 1501 69 25 ordet,
654 1501 132 21 förklarades
802 1500 82 21 diskus-

53 1533 77 22 sionen
153 1532 93 27 afslutad
268 1531 40 22 och
329 1531 72 21 beslöt
426 1529 87 22 ståndet
534 1529 53 21 härå
608 1529 112 22 remittera
741 1529 49 22 herr
811 1529 73 21 Lunds
