1117 1817
0 848 20 17 ri

222 132 27 21 26
438 137 162 18 Presteständet
613 138 56 17 1872.
694 138 11 17 7
717 138 50 17 febr.

262 217 143 27 Domprosten
427 218 74 25 Borg
522 217 52 21 sade
596 217 31 26 sig
648 218 18 26 ej
683 217 56 22 velat
754 217 90 21 klandra
859 217 108 26 tidningen
982 216 39 21 och

193 245 55 22 hvad
265 252 45 15 som
326 245 63 25 skett,
405 248 51 19 utan
472 245 74 22 endast
562 245 62 22 hafva
640 248 69 19 ansett
723 245 32 27 sig
770 245 53 22 böra
838 245 55 22 fästa
908 244 113 28 uppmärk-

193 274 84 22 samhet
299 275 27 26 pä
348 274 148 26 förhällandet,
519 273 81 22 hvilket
616 273 32 22 för
663 273 111 22 framtiden
791 273 66 22 borde
872 273 148 26 förekommas,

193 303 27 26 pä
242 303 37 20 det
301 305 30 18 att
355 303 99 26 missnöje
469 303 39 21 och
524 308 38 15 oro
578 302 89 21 sålunda
682 302 46 21 icke
743 303 66 20 måtte
825 302 83 21 väckas.
924 315 27 2 —
966 302 10 21 1
991 301 29 22 af-

193 331 78 21 seende
290 331 13 21 å
326 331 238 26 expeditionsutskottet
580 331 85 26 yttrade
681 331 80 21 talaren
777 333 32 19 att
824 330 73 27 frågan
913 337 34 15 om
963 330 58 22 leda-

193 361 70 19 möter
277 359 7 20 i
300 359 117 22 detsamma
431 359 101 22 förevarit
548 360 74 20 endast
638 359 127 26 förslagsvis,
781 359 88 22 emedan
881 359 84 22 ståndet
975 359 45 21 icke

193 387 60 28 gifvit
269 387 133 22 elektorerne
418 388 65 27 något
498 388 97 27 uppdrag
610 387 6 22 i
632 387 60 22 detta
707 388 128 21 hänseende.

262 445 143 26 Domprosten
428 444 122 22 Renvall
571 445 85 26 yttrade
671 447 32 19 att
718 445 42 21 han
776 445 19 26 ej
813 444 47 22 ville
875 451 56 20 yppa
946 444 75 27 utgån-

192 479 40 21 gen
256 473 23 21 af
299 473 56 21 valet
377 473 46 21 utaf
439 473 118 21 ledamöter
572 473 6 21 i
594 473 91 22 nämnde
700 473 89 26 utskott,
805 479 34 16 om
855 473 86 22 ståndet
955 473 65 26 ansåg

193 501 56 22 valet
265 501 62 22 hafva
342 504 35 24 egt
392 508 46 15 rum
454 501 33 22 för
502 501 68 27 tidigt.

262 558 85 22 Doktor
361 559 133 27 Alop&us
510 559 100 22 förenade
626 559 32 26 sig
674 559 47 21 med
737 559 136 26 domprosten
889 557 89 22 Renvall

261 615 142 28 Domprosten
421 615 73 27 Borg
509 615 96 22 uttalade
620 616 34 21 sin
670 616 79 21 önskan
766 617 33 20 att
813 615 86 22 ståndet
914 614 48 21 ville
976 614 43 21 för-

192 643 61 22 klara
273 644 56 21 valet
350 644 22 21 af
393 644 117 21 ledamöter
525 644 5 21 i
547 644 238 27 expeditionsutskottet
801 644 32 21 för
847 643 81 27 giltigt;
951 643 69 22 beslöt

192 673 86 20 ståndet
300 675 31 18 att
353 672 91 22 berörde
465 673 33 20 val
520 673 66 21 borde
601 679 63 15 anses
680 673 89 26 ogiltigt,
786 672 47 21 ville
849 672 35 21 tal.
901 672 72 20 förena
988 671 31 27 sig

192 700 49 22 med
257 700 136 27 domprosten
408 700 94 22 Renvall.

261 757 154 27 Kyrkoherden
438 757 146 22 Helander
606 758 66 26 ansåg
688 757 17 27 ej
721 756 104 28 egentligt
839 759 32 19 att
887 756 133 22 elektorerna

192 785 77 21 skridit
286 786 82 21 utöfver
384 786 35 21 det
434 786 48 21 dem
497 786 57 26 gifna
570 786 96 27 uppdrag
682 786 39 21 och
736 786 100 21 förenade
851 785 32 27 sig
899 785 47 22 med
962 785 58 21 dom-

192 816 87 25 prosten
298 814 56 26 Borg
369 816 32 20 att
416 814 56 22 valet
487 814 68 22 skulle
571 820 61 16 anses
648 814 75 22 endast
737 814 70 21 såsom
823 816 31 19 ett
869 813 78 27 förslag
963 813 56 22 elek-

192 846 87 18 torerne
294 842 97 22 emellan.

262 899 143 27 Domprosten
427 898 117 22 Renvall
564 899 72 21 anhöll
658 899 7 21 i
687 899 106 27 egenskap
808 898 22 22 af
844 898 127 22 ordförande
986 898 33 22 för

193 928 134 21 elektorerne
342 930 31 19 att
389 928 22 21 få
426 928 97 21 meddela
538 928 106 26 utgången
660 927 22 22 af
696 927 159 27 ifrågavarande
872 927 43 26 val;
932 927 86 21 hvarom

191 956 54 26 icke,
267 956 48 21 ville
337 956 36 21 tal.
397 956 76 27 förtiga
495 956 36 22 det
554 956 42 21 tills
618 956 133 22 elektorerne
775 955 84 22 erhållit
876 956 96 26 uppdrag
986 958 32 19 att

192 984 91 22 förrätta
297 984 76 22 sådant
388 984 39 22 val.

262 1042 143 30 Domprosten
420 1041 72 27 Borg
507 1041 49 22 ville
571 1041 105 27 medgifva
691 1041 136 27 domprosten
842 1040 88 22 Renvall
945 1041 75 27 rättig-

192 1070 37 22 het
251 1068 34 24 att
305 1070 107 27 publicera
429 1070 99 26 samtliga
543 1069 135 27 utskottsval,
694 1076 48 15 men
757 1076 35 15 om
808 1070 85 20 ståndet
908 1069 46 22 icke
970 1075 49 16 vore

192 1098 157 22 tillfredsstäldt
372 1098 47 22 med
435 1098 53 27 dem,
504 1098 49 22 ville
568 1098 38 22 tal.
622 1098 17 26 ej
656 1086 71 34 ikläda
741 1098 33 26 sig
788 1104 77 16 ansvar
879 1098 33 21 för
927 1098 36 21 det
977 1098 41 26 val,

191 1133 46 15 som
261 1122 132 31 elektorerne
414 1126 100 22 förrättat
536 1127 84 21 utöfver
640 1126 61 22 deras
717 1126 134 27 befogenhet.
867 1138 28 3 —
911 1126 59 23 Härä
987 1114 31 33 af

192 1154 101 28 lägsnade
308 1155 32 27 sig
355 1155 37 22 tal.

261 1211 112 22 Professor
394 1211 131 22 Forsman
547 1211 86 28 yttrade
655 1213 33 20 att
710 1212 27 21 dä
755 1211 133 22 elektorerne
903 1211 54 26 ägde
972 1213 46 20 utse

191 1240 119 21 ledamöter
332 1240 7 21 i
361 1240 238 27 expeditionsutskottet
618 1240 40 22 och
676 1240 35 21 det
726 1240 47 22 icke
789 1239 83 22 tillkom
887 1240 85 21 ståndet
986 1241 33 20 att

191 1269 93 26 granska
306 1268 62 28 valet,
391 1275 49 15 vore
463 1269 36 21 det
519 1271 60 19 snart
593 1269 63 26 sagdt
671 1269 67 26 löjligt
753 1275 36 15 om
805 1268 17 27 ej
838 1269 107 26 utgången
961 1268 59 22 deraf

191 1297 137 22 meddelades
343 1297 40 22 och
397 1297 85 22 ståndet
496 1297 113 27 godkände
624 1297 123 22 detsamma.

260 1354 143 27 Domprosten
417 1353 121 22 Renvall
554 1353 72 22 kunde
641 1354 18 27 ej
676 1353 53 22 fatta
743 1353 56 22 huru
815 1353 136 28 domprosten
961 1353 58 28 Borg

191 1382 72 21 kunde
285 1382 56 27 gifva
361 1382 64 22 saken
449 1389 25 15 en
497 1382 67 21 sådan
587 1382 97 27 tolkning
705 1388 46 16 som
774 1382 64 22 skett.
868 1382 43 21 För
933 1382 32 22 sin
984 1382 34 22 del

191 1410 49 23 ville
255 1410 37 22 tal.
309 1410 57 22 hålla
381 1410 56 23 valet
453 1410 117 22 tillsvidare
584 1411 95 27 hemligt.

260 1467 121 22 Statsrådet
405 1467 141 22 Lindelöf
566 1468 67 26 ansåg
655 1467 72 22 vidare
752 1467 119 22 diskussion
897 1466 122 28 öfverflödig

191 1495 39 50 och
240 1495 107 50 JONNAN
368 1497 33 21 att
415 1495 112 23 resultatet
541 1496 24 21 af
578 1495 136 23 oftanämnde
729 1495 35 22 val
779 1495 69 23 blefve
863 1495 85 22 ständet
963 1495 55 22 med-

205 1525 64 21 eladt.
