1117 1817
231 118 42 22 494
439 122 161 18 Presteståndet
613 123 56 17 1872.
692 122 26 17 25
730 126 64 13 mars.

201 202 114 27 lagtexten,
331 209 45 15 som
391 203 64 21 också
470 202 32 22 för
516 204 33 20 att
564 202 26 22 de
606 202 74 22 liksom
692 201 137 28 fullständiga
840 202 118 27 meningen.
981 202 47 21 Ifall

202 231 36 22 det
261 231 127 27 högvördiga
403 231 84 22 ståndet
501 230 84 22 således
600 237 63 15 anser
678 230 101 27 förslaget
795 230 52 22 böra
861 231 167 21 återremitteras

201 259 6 22 i
223 259 106 22 anseende
344 259 31 21 till
390 259 216 28 interpunkteringen,
621 259 25 21 så
661 259 34 21 vill
708 259 35 26 jag
760 259 19 26 ej
796 265 51 16 vara
857 262 44 18 mot
911 259 42 22 det.
979 258 48 22 Men

202 288 87 21 dermed
304 289 91 20 uträttas
410 288 113 27 ingenting.
550 287 30 28 Ty
595 293 42 21 nog
652 287 72 28 tycker
736 287 37 27 jag
789 287 102 27 förslaget
901 294 36 15 var
948 287 81 28 ganska

201 317 78 26 tydligt
301 316 40 21 och
363 316 61 21 klart.
454 317 40 26 Jag
516 316 98 21 förordar
636 315 83 22 derföre
741 318 33 19 att
793 316 85 21 ståndet
892 316 68 22 skulle
975 316 53 27 god-

202 345 71 21 känna
288 345 115 21 utskottets
418 345 140 21 betänkande.

271 402 142 27 Domprosten
434 402 80 26 Borg:
545 401 41 27 Jag
608 401 35 21 vill
661 401 118 26 korteligen
796 403 77 20 nämna
887 403 33 20 att
937 402 26 21 10
978 401 48 27 kap.

201 430 26 22 R.
249 431 32 25 B.,
305 430 62 21 hvars
392 431 24 20 16
439 431 32 26 &:s
488 430 90 27 ändring
594 430 18 21 vi
628 430 62 21 hafva
705 429 32 22 för
752 436 43 18 oss,
811 430 90 21 handlar
916 437 34 15 om
967 429 61 27 ,laga

202 459 117 21 domstolar
334 459 39 21 och
388 459 142 26 hvarjehanda
544 458 186 27 rättegängsmäl*.
760 458 42 27 Jag
818 458 99 22 behöfver
928 459 17 26 ej
959 459 69 21 erinra

201 487 107 27 professor
330 487 110 22 Ehrström
464 487 72 22 derom
558 489 34 19 att
614 487 41 21 han
676 487 18 27 ej
710 487 32 21 för
757 487 78 26 många
850 487 77 21 veckor
941 487 64 21 sedan
1021 487 7 21 i

203 516 59 21 detta
283 516 62 21 stånd
360 516 83 27 yttrade
458 516 38 26 sig,
511 518 33 19 att
558 515 210 27 guvernörsembetet
783 515 105 27 svårligen
904 515 41 22 kan
961 515 67 22 kallas

202 545 69 26 någon
293 545 98 26 domstol,
412 545 79 20 hvilket
503 545 36 26 jag
554 543 60 22 äfven
630 550 63 15 anser
707 543 129 28 fullkomligt
851 546 47 19 rätt.
930 544 45 21 När
990 544 38 21 här

202 575 24 19 är
241 573 60 26 fråga
316 579 34 15 om
366 573 89 21 domstol
471 573 5 20 i
492 572 112 26 tvistemål,
619 574 24 20 sä
659 573 40 20 kan
715 572 32 21 väl
762 572 7 21 i
785 573 41 20 den
841 573 92 21 nämnda
947 573 45 27 $:en
1008 572 18 27 ej

202 607 65 21 gerna
282 602 113 27 inrymmas
411 601 54 27 plats
480 601 39 28 för
527 603 31 19 ett
572 601 76 21 sådant
663 601 78 26 tillägg,
757 607 47 15 som
815 601 140 26 lagutskottet
965 601 62 27 gjort.

202 630 43 21 Det
267 630 60 27 lyder
347 630 114 26 nemligen:
492 630 44 24 ,År
558 630 51 21 tvist
632 636 32 16 om
689 629 116 27 besittning
820 630 21 21 af
855 629 172 26 kronohemman,

203 658 52 22 eller
275 665 34 14 om
333 658 99 27 klyfning,
452 659 89 26 sytning,
558 657 97 25 vanhäfd,
671 660 111 22 ränterest,
799 658 52 21 eller
866 661 64 18 annat
945 658 82 24 sådant,

202 693 45 15 som
264 686 114 27 kronojord
394 688 66 24 rörer,
476 687 66 25 gånge
559 686 35 21 det
608 686 30 21 till
651 686 111 26 Kejsarens
773 686 254 27 Befallningshafvande*.

202 715 49 21 Icke
275 717 24 19 är
321 716 68 25 någon
413 715 89 21 domstol
525 721 25 14 en
574 714 230 28 pröfningsauktoritet,
828 721 45 15 som
891 717 69 25 yttrar
975 715 52 26 sig
1014 710 15 36 i

201 743 146 21 förhållanden
364 743 129 22 beträffande
509 743 40 21 den
564 744 54 26 jord,
634 750 44 14 som
692 743 71 21 tillhör
774 743 88 26 kronan,
874 744 102 20 huruvida
987 744 40 20 den

202 772 72 21 vidare
297 772 86 22 besittes
406 772 50 21 eller
479 778 33 15 om
535 772 196 26 besittningsrätten
754 772 67 26 enligt
840 772 34 26 lag
889 774 24 19 är
928 772 99 21 förlorad.

201 800 40 27 Jag
257 800 42 27 vill,
315 801 34 26 (dä
365 807 47 15 man
428 801 5 20 i
448 800 105 27 juridiska
568 800 35 21 fall
620 800 48 26 föga
684 801 63 25 vågar
762 802 33 19 tro
810 801 37 20 sitt
857 800 67 22 sunda
935 800 91 25 förnuft),

202 828 43 27 mig
260 828 31 22 till
308 831 53 19 tröst
377 836 100 20 upprepa,
493 831 32 19 att
540 829 64 21 ocksä
617 829 92 26 jurister,
727 828 75 21 liksom
816 829 42 27 jag,
873 831 66 25 yttrat
955 829 30 26 sig
996 831 32 19 att

203 858 25 20 14
245 858 10 25 8
272 858 6 20 i
294 857 156 26 ifrågavarande
467 857 79 27 kapitel
562 858 64 20 redan
643 857 122 26 tillräckligt
781 857 118 21 innehåller
909 864 34 14 om
954 857 74 21 tvister

199 886 173 26 jordlägenheter
393 886 96 24 emellan,
511 886 123 27 isynnerhet
656 892 34 14 om
713 886 38 20 den
767 892 40 14 ena
823 888 24 18 är
861 886 23 21 af
897 886 131 21 krononatur

202 914 39 21 och
257 914 40 22 den
313 914 66 22 andra
394 914 62 22 frälse
472 914 51 22 eller
538 915 77 20 skatte.
647 914 28 21 Sä
690 916 61 24 säger
766 916 15 19 t.
798 920 31 15 ex.
846 914 87 22 friherre
950 914 77 27 Carpe-

201 942 34 22 lan
259 943 6 20 i
288 943 32 21 sin
343 943 140 21 reservation:
507 943 100 28 ,emedan
634 944 24 19 14
678 943 10 24 $
708 944 24 19 10
748 942 48 28 kap.
814 943 23 21 R.
854 943 22 21 B.
893 943 87 26 stadgar
994 944 32 20 att

201 972 76 20 tvister
292 978 33 14 om
339 972 49 26 jord
403 972 38 21 och
456 972 52 26 gods
523 972 13 20 ä
551 971 73 21 landet
638 972 7 20 i
661 971 115 21 allmänhet
791 971 85 21 tillhöra
889 972 138 20 Häradsrätts

201 1000 149 21 afdömande*.
381 1000 137 21 Häradsrätts
541 1000 125 21 afdömande
689 1000 72 20 tillhör
780 1000 89 26 således,
885 1000 65 26 enligt
968 1001 25 20 14
1008 1000 18 27 $,

201 1034 26 15 en
243 1028 65 21 sådan
325 1029 54 21 tvist.
411 1028 43 22 När
469 1035 47 15 man
533 1028 33 21 vill
584 1029 65 21 ändra
665 1031 39 18 den
721 1029 26 20 16
763 1029 18 25 S,
798 1028 54 22 skall
868 1035 47 15 man
931 1028 18 26 ej
961 1028 66 21 ändra

201 1056 40 22 den
258 1058 29 22 sä,
303 1059 32 19 att
350 1064 49 14 man
414 1058 94 20 kommer
524 1057 52 21 fram
593 1057 47 21 med
656 1064 25 14 en
697 1057 78 25 onödig
791 1056 128 27 förändring,
932 1063 45 15 som
988 1056 39 22 alls

201 1085 62 27 ingen
279 1086 121 26 förändring
416 1088 29 22 är,
461 1088 50 18 utan
526 1092 45 15 som
588 1086 86 26 stadgar
690 1086 54 20 hvad
759 1085 58 21 förut
827 1088 24 18 är
861 1085 93 22 skrifvet.
978 1085 49 21 Man

201 1114 53 20 skall
271 1114 43 20 helt
330 1114 71 21 enkelt
416 1114 56 21 hälla
486 1114 31 26 sig
533 1114 31 21 till
581 1114 39 21 den
636 1114 128 26 förändring,
781 1115 65 20 saken
857 1114 103 26 päkallar,
971 1120 57 15 nem-

201 1141 56 27 ligen
273 1144 32 19 att
320 1142 151 27 pröfningsrätt
486 1143 69 20 säsom
572 1143 90 20 domstol
678 1144 23 19 är
713 1142 149 21 häradsrätten
874 1142 39 21 och
925 1143 16 26 ej
954 1148 73 20 guver-

201 1171 150 20 nörsembetet.
375 1171 40 26 Jag
430 1171 64 26 yrkar
508 1171 82 21 säledes
605 1171 29 26 pä
648 1171 119 26 antagande
784 1171 21 21 af
820 1171 49 20 herr
885 1177 39 14 von
941 1170 87 22 Hellens

201 1199 39 21 och
256 1199 84 26 lagman
356 1199 114 27 Cajanders
486 1199 138 21 reservation.

270 1256 109 21 Professor
395 1256 95 21 Cleve:
520 1255 40 26 Jag
576 1258 61 24 tager
652 1262 79 21 ogerna
747 1255 32 22 till
795 1256 60 21 ordet
871 1256 6 20 i
893 1262 25 15 en
934 1256 38 21 sak
982 1262 45 15 som

201 1285 76 23 denna,
293 1291 47 14 men
353 1285 37 26 jag
405 1285 67 20 finner
488 1285 41 26 mig
545 1285 53 20 dock
615 1285 108 20 uödsakad
742 1285 77 25 dertill,
836 1284 31 21 för
883 1287 32 18 att
931 1285 96 21 tillbaka-

201 1313 44 21 visa
268 1313 35 21 det
326 1313 130 26 pästäendet,
480 1315 31 19 att
532 1313 36 26 jag
591 1313 17 26 ej
630 1313 67 21 skulle
718 1313 71 21 kunna
804 1313 61 27 skilja
881 1313 76 21 mellan
973 1313 55 21 hvad

201 1341 89 26 ändring
305 1341 39 21 och
360 1342 147 27 upphäfvande
523 1341 35 21 vill
574 1344 56 23 säga.
654 1341 40 27 Jag
709 1341 32 22 får
752 1341 55 22 blott
823 1342 5 20 i
844 1341 75 22 sådant
930 1341 98 22 afseende

201 1370 108 26 anmärka,
325 1372 32 19 att
373 1370 103 21 utskottet
492 1370 76 21 ändrat
584 1371 25 20 16
626 1370 12 27 $
657 1372 23 19 10
697 1370 46 27 kap.
760 1370 24 21 R.
801 1371 24 20 B.
842 1371 27 26 pä
885 1371 35 20 det
935 1373 49 22 sätt,
996 1371 32 19 att

201 1399 36 20 det
259 1401 43 18 satt
325 1405 25 14 en
373 1405 26 20 ny
422 1401 44 19 text
487 1399 5 20 i
514 1398 72 21 stället
600 1398 33 21 för
648 1399 40 20 den
703 1398 75 27 gamla.
809 1399 31 21 En
857 1399 65 21 sädan
939 1397 89 27 ändring

200 1433 46 14 som
271 1427 38 20 den
333 1430 32 18 att
387 1427 44 21 helt
447 1427 38 21 och
502 1427 65 21 hållet
582 1427 133 26 omredigera
730 1433 25 15 en
771 1427 18 27 &,
805 1429 24 19 är
844 1427 33 21 väl
894 1428 35 20 det
945 1427 83 20 radika-

200 1455 54 21 laste
269 1455 147 27 upphäfvande
431 1455 21 22 af
466 1457 64 25 sagde
546 1457 18 25 8.
596 1455 28 21 Af
638 1456 65 21 sådan
719 1456 114 26 anledning
848 1458 71 25 syntes
935 1455 41 26 mig
992 1455 36 21 det

199 1484 7 20 i
222 1483 143 22 betänkandet
381 1484 122 27 begagnade
519 1485 62 20 ordet
598 1484 115 27 ,ändring*
731 1491 50 14 vara
797 1485 110 26 tvetydigt.
