1117 1817
334 148 161 16 Presteständet
509 148 55 16 1872.
581 148 12 16 6
606 148 58 20 april.
842 144 40 20 539

84 227 35 21 det
136 226 44 21 ofta
195 226 41 21 kan
252 226 91 27 inträffa,
359 229 30 18 att
405 226 40 21 han
462 226 49 21 med
527 226 85 27 ledning
628 226 22 21 af
664 227 46 20 dem
726 227 46 21 icke
787 227 41 21 kan
840 228 71 21 ästad-

84 255 85 22 komma
194 255 123 26 fullständig
338 255 114 26 bevisning.
484 255 44 21 Vär
553 255 34 27 lag
612 255 83 21 fordrar
717 255 158 27 nödvändigtvis
898 257 12 19 2

84 290 112 20 personers
211 283 156 27 samstämmiga
383 285 81 25 utsago,
481 283 33 21 för
526 286 31 18 att
568 286 30 18 ett
608 283 80 21 faktum
699 284 53 21 skall
766 291 49 14 vara
826 285 84 20 konsta-

84 313 76 20 teradt.
192 312 48 21 Men
262 313 58 20 detta
343 314 22 19 är
387 313 72 25 nägot,
481 318 46 15 som
550 312 5 21 i
578 312 100 21 brottmäl
701 312 44 21 ofta
767 315 24 18 är
806 313 57 21 svärt
879 315 32 19 att

84 340 147 22 ästadkomma
255 341 38 20 och
317 340 70 21 derför
408 341 68 20 mäste
496 341 24 26 ju
544 341 100 21 domaren
660 341 119 26 genomleta
794 347 25 15 en
835 341 75 27 mängd

84 369 100 21 liknelser
207 369 39 21 och
269 369 151 25 förhållanden,
436 371 56 19 samt
508 369 46 21 med
571 369 83 26 ledning
666 369 22 21 af
702 369 47 21 dem
765 369 85 22 försöka
865 369 48 27 sjelf

83 397 148 22 ästadkomma
249 397 113 27 bevisning.
393 397 58 22 Skall
470 397 37 22 det
523 404 28 14 nu
566 397 80 21 tillätas
662 404 25 14 en
703 400 48 24 part
766 400 33 19 att
814 399 97 20 fränvara

84 426 47 21 frän
152 425 125 26 domstolen,
293 427 24 20 sä
331 427 77 20 saknas
424 432 26 15 en
466 426 22 21 af
503 426 25 21 de
545 426 109 26 vigtigaste
670 425 122 22 faktorerna
807 427 103 26 nemligen

84 455 52 20 hans
159 461 51 20 egen
235 455 125 20 bekännelse
383 455 51 20 eller
456 454 156 26 framställning
634 461 34 14 om
690 455 71 25 saken,
785 455 38 21 och
846 455 65 21 mälet

84 483 139 22 Ofverlemnas
247 483 32 21 till
301 483 111 21 utförande
434 483 23 21 af
478 485 32 19 ett
528 483 84 26 ombud,
630 489 44 15 som
691 483 94 27 vanligen
802 484 61 21 söker
879 487 32 18 att

84 511 55 22 blott
154 514 51 24 göra
221 511 152 27 invändningar
387 514 55 19 samt
458 511 78 21 blanda
552 511 49 21 bort
616 512 64 21 saken
697 512 38 21 och
752 513 80 20 känner
842 512 68 21 denna

83 540 108 21 sakförare
214 540 46 21 icke
283 540 68 27 lagen,
373 541 24 20 sä
418 543 35 18 vet
473 540 42 21 han
530 541 128 20 ätminstone
675 543 31 18 att
722 540 95 27 tillämpa
832 541 78 26 ,prima

83 569 74 26 regula
177 569 74 26 juris".
281 569 42 21 Det
345 571 24 18 är
391 569 21 21 af
432 569 62 21 dessa
516 569 44 20 skäl
574 569 36 26 jag
626 575 68 18 anser,
710 571 32 19 att
757 569 118 21 införandet
890 569 22 22 af

83 597 139 21 omförmälda
245 597 115 26 stadgande
379 598 6 20 i
402 598 36 21 vär
453 597 77 25 lagbok
546 597 68 21 skulle
629 597 148 22 ästadkomma
792 604 24 15 en
833 598 76 27 menlig

83 626 100 21 inverkan
206 626 57 21 säväl
286 627 26 26 pä
333 626 72 27 sjelfva
427 626 167 27 lagskipningen,
614 632 45 15 som
676 626 63 21 ocksä
754 627 27 26 pä
797 627 112 26 aktningen

84 655 34 20 för
139 655 40 25 lag.
211 654 30 27 Ty
264 661 33 14 om
319 655 6 20 i
347 655 40 20 alla
406 656 82 19 smärre
504 654 107 23 brottmål,
627 655 69 20 såsom
713 658 13 17 t.
744 661 29 14 ex.
792 655 117 26 lägersmäl,

84 682 273 28 barnauppfostringshjelp,
375 682 61 27 olaga
452 682 122 27 försäljning
590 682 52 22 eller
658 683 141 27 utskänkning
814 683 21 21 af
850 684 59 20 brän-

84 711 33 21 vin
134 718 18 14 o.
169 718 15 14 s.
201 718 18 14 v.
235 712 46 22 den,
297 718 45 14 som
358 711 73 27 begätt
446 711 147 27 förbrytelsen,
606 712 45 20 icke
663 711 99 21 behöfver
778 712 131 26 personligen

83 739 79 22 infinna
184 740 37 26 sig,
245 742 50 19 utan
318 740 31 20 fär
364 746 61 16 svara
440 746 76 20 genom
533 740 84 20 ombud,
634 740 24 20 sä
674 740 83 20 komme
773 740 25 21 de
813 740 96 21 otvifvel-

83 768 69 26 aktigt
175 771 32 18 att
230 769 57 24 ökas,
311 769 86 21 emedan
420 769 109 20 skammen
553 771 32 18 att
607 768 63 21 blifva
691 768 77 26 dragen
784 768 53 21 inför
852 771 56 19 rätta

84 797 44 21 ofta
149 796 122 22 afskräcker
294 798 87 26 mängen
405 797 45 21 frän
467 800 32 18 att
514 796 54 27 begä
584 797 86 21 brottet.
699 796 78 22 Vidare
792 797 67 21 skulle
872 798 37 26 jag

84 825 48 27 vilja
155 825 111 22 hemställa
289 826 30 20 till
342 826 95 20 ständets
460 826 138 26 bedömande,
620 825 103 21 huruvida
747 826 25 26 ej,
791 832 33 14 om
841 826 67 21 denna

84 854 88 26 ändring
195 854 84 24 införes,
302 854 59 21 äfven
387 855 25 20 10
435 854 12 27 $
472 855 22 19 11
520 854 47 26 kap
591 854 25 21 R.
632 854 24 20 B.
672 854 67 21 borde
754 855 83 20 ändras.
867 855 42 21 Det

83 882 60 22 heter
165 882 104 26 nemligen
294 883 46 21 der:
365 883 23 24 ,I
407 882 101 22 brottmål
524 882 38 21 bör
578 883 56 25 then,
651 889 45 15 som
712 883 62 20 käres
789 882 30 26 til,
835 885 74 24 genast

83 911 13 21 å
111 911 89 21 Rättens
216 911 42 21 bud
273 912 31 20 till
320 918 59 14 svars
395 912 101 20 komma*.
520 911 58 21 Skall
594 912 69 20 denna
679 911 121 26 förändring
815 900 93 37 antagas,

83 940 24 20 sä
131 940 65 20 mäste
215 940 24 26 ju
262 940 59 21 äfven
344 940 31 21 hit
399 940 137 34 ovilkorligen
554 940 79 20 införas
650 940 19 23 ,i
685 940 85 20 svårare
787 940 120 21 brottmål".

82 968 32 27 Ty
129 968 40 21 den
184 968 127 26 förändring,
328 975 44 15 som
384 975 27 14 nu
424 970 24 19 är
461 968 124 25 föreslagen,
598 968 125 21 inskränker
735 969 40 20 den
789 968 119 26 personliga

82 996 129 22 inställelsen
233 997 53 21 inför
301 1000 55 18 rätta
373 997 53 21 blott
442 997 30 21 till
489 998 85 20 svårare
589 997 42 21 fall.
658 996 30 22 På
704 996 61 22 dessa
781 997 43 21 skäl
841 997 66 20 skulle

81 1025 36 27 jag
139 1032 50 14 vara
211 1025 47 27 föga
281 1026 49 26 böjd
353 1026 32 20 för
407 1026 130 24 antagandet
560 1026 21 20 af
602 1026 123 26 ifrågasatta
744 1025 164 27 lagförändring.

84 1053 72 22 Skulle
178 1054 63 21 likväl
261 1054 84 21 ståndet
364 1054 70 21 bifalla
451 1054 127 25 densamma,
595 1043 59 32 ville.
652 1054 40 27 jag
708 1054 84 21 förorda
808 1056 100 24 antagan-

83 1082 36 21 det
148 1082 22 21 af
199 1083 40 20 den
265 1082 22 22 af
310 1083 73 21 herrar
413 1089 18 14 v.
460 1082 86 21 Hellens
574 1072 40 32 och
642 1074 112 39 Öhrnberg
790 1070 118 38 föreslagna

83 1111 146 24 redaktionen,
251 1118 46 14 som
313 1118 49 19 eger
377 1111 134 26 obestridligt
526 1111 106 22 företräde
648 1110 86 22 framför
750 1112 39 20 den
805 1111 22 21 af
841 1110 66 26 lagut-

82 1139 81 21 skottet
178 1139 121 26 framlagda.

151 1195 89 22 Prosten
258 1197 166 26 Rosengren:
454 1196 9 21 I
478 1196 72 27 hvarje
565 1197 127 26 utveckling,
709 1203 34 14 om
760 1197 39 20 den
815 1199 23 18 är
855 1196 53 21 sund

84 1224 38 21 och
138 1225 69 26 riktig,.
224 1224 66 27 ligger
305 1225 59 21 alltid
381 1231 25 14 en
422 1225 88 21 tendens
526 1228 32 17 att
568 1225 78 25 frigöra
659 1226 30 25 sig
702 1225 45 21 från
759 1225 36 20 det
806 1224 102 27 tillfälliga

84 1252 38 21 och
145 1253 134 26 oväsentliga.
311 1254 48 21 Just
383 1253 68 22 denna
467 1253 101 21 karakter
583 1253 21 22 af
619 1253 153 26 oväsentlighet
787 1253 122 21 framkallar

83 1281 98 21 behofvet
196 1281 23 20 af
233 1282 121 27 förändring
366 1282 6 21 i
384 1283 60 20 dessa
458 1282 129 26 oväsentliga
599 1282 152 25 förhållanden,
764 1288 45 15 som
820 1281 89 21 visserli-

82 1315 40 21 gen
145 1310 26 26 på
194 1310 31 21 sin
249 1311 30 20 tid
304 1311 81 21 kunnat
407 1317 49 14 vara
474 1311 88 26 nyttiga,
580 1317 45 15 men
643 1311 80 26 tillfölje
740 1311 21 20 af
776 1310 131 21 tidsomstän-

84 1338 123 26 digheterna
229 1338 61 22 hafva
314 1339 87 21 förlorat
424 1339 45 21 sina
492 1339 110 26 gagnande
618 1339 134 26 egenskaper.
784 1339 30 20 På
829 1345 80 14 samma

83 1369 43 19 sätt
136 1367 85 21 arbetar
233 1368 64 21 också
308 1368 156 26 lagstiftningen
478 1370 32 18 att
520 1367 46 22 från
580 1368 220 26 lagbestämningarne
811 1367 97 26 borttaga

84 1395 40 26 det,
147 1401 45 15 som
213 1395 45 21 icke
274 1399 23 18 är
313 1397 127 25 nödvändigt
456 1396 38 21 och
511 1384 114 39 tidsenligt.
656 1396 55 21 Från
728 1392 59 25 detta
802 1395 53 28 syfte
871 1395 38 21 har

83 1413 60 32 äfven
167 1424 40 21 den
230 1425 76 26 nådiga
328 1425 157 26 propositionen
507 1426 77 23 utgått.
596 1413 16 32 %
632 1425 36 21 det
683 1429 31 16 att
731 1425 39 20 den
787 1425 31 20 för
833 1428 75 22 parten

83 1452 35 21 vill
141 1452 94 22 förenkla
257 1455 138 25 rättegängen
418 1453 38 21 och
480 1453 36 21 det
532 1454 86 21 dermed
634 1453 99 21 förenade
749 1453 97 21 besväret
861 1453 47 20 med

84 1487 57 16 resor
165 1488 25 15 m.
215 1487 26 15 m.
273 1482 45 21 Den
342 1481 110 27 kejserliga
475 1482 159 26 propositionen
656 1482 64 27 yrkar
743 1483 26 25 pä
785 1481 122 24 detsamma,

83 1515 45 15 som
143 1510 64 22 ocksä
222 1509 141 28 lagutskottet
378 1511 6 20 i
399 1511 37 20 sitt
452 1510 133 21 betänkande
601 1510 122 25 framhällit,
734 1516 47 15 men
791 1509 117 27 lagutskot-

82 1540 32 19 tet
136 1538 39 21 har
197 1539 54 21 dock
273 1541 5 18 i
294 1541 69 24 nägon
381 1538 33 21 del
429 1539 77 21 ändrat
522 1539 39 22 den
578 1539 111 26 kejserliga
704 1538 164 28 propositionen.
900 1537 9 22 I
