1117 1817
334 161 162 17 Presteståndet
509 161 55 17 1872.
591 162 23 16 12
625 165 63 13 mars.
862 157 41 21 293

106 240 50 27 ning
171 240 68 21 länets
253 242 105 24 guvernör
373 240 86 26 lemnat,
476 239 68 22 blifvit
558 240 130 21 reducerade
702 240 33 21 till
743 240 89 27 ungefär
843 242 89 24 100;000

106 269 59 22 mark
181 269 6 21 i
203 269 12 20 3
238 269 35 21 års
295 269 38 21 tid.
364 268 48 22 Med
431 275 27 14 en
473 269 66 20 sådan
555 275 83 15 summa
652 268 68 22 skulle
736 271 32 19 ett
783 271 70 20 större
867 270 64 21 ända-

106 297 42 22 mål
169 297 81 21 kunnat
268 297 79 22 vinnas.
377 297 43 21 Det
440 303 63 20 synes
526 297 42 27 mig
583 297 90 25 säledes,
691 297 69 21 såsom
776 303 35 16 om
827 299 105 21 utskottet

106 325 63 22 bordt
184 331 55 21 noga
253 325 111 28 öfverväga
379 325 44 25 allt,
440 325 40 21 och
502 325 46 22 icke
563 325 81 22 affärda
660 325 64 22 saken
740 327 69 20 såsom
825 333 29 15 nu
869 327 62 27 skett,

106 353 121 28 isynnerhet
241 360 46 16 som
303 357 60 18 orten
379 353 39 22 har
433 353 58 28 gjort
506 355 23 20 sä
543 353 107 28 betydliga
660 353 151 28 uppoffringar,
821 357 33 20 att
863 356 69 21 denna

106 382 44 22 lilla
165 383 48 20 stad
228 382 39 22 och
283 383 69 21 denna
367 383 55 20 enda
436 382 80 21 socken
530 382 93 27 erbjudit
637 382 32 27 sig
684 384 32 20 att
726 383 47 21 med
783 383 78 27 30,000
873 385 59 21 mark

106 410 103 27 befrämja
224 411 111 27 företaget.
366 411 111 22 Utskottet
492 411 55 21 hade
562 411 129 21 ätminstone
706 411 63 21 bordt
779 411 78 22 föreslä
867 413 65 26 nägot

107 439 119 26 alternativ,
241 439 123 27 isynnerhet
379 445 44 16 som
440 439 6 21 i
462 439 112 27 kejserliga
585 439 158 27 propositionen
755 441 88 20 nämnas
856 443 76 19 tvenne

107 467 126 22 alternativa
248 467 97 27 farleder,
360 467 23 22 af
397 467 71 22 hvilka
484 468 40 21 den
539 467 97 28 billigare
651 467 55 22 hade
722 468 81 21 kunnat
816 475 116 20 upprensas

107 495 32 22 för
154 503 26 14 en
195 497 91 21 kostnad
301 496 22 22 af
337 496 88 27 ungefär
440 497 79 26 50,000
534 497 60 21 mark
610 497 6 20 i
632 497 13 20 3
660 497 35 20 års
709 496 37 22 tid.
777 497 30 21 Af
819 497 41 21 allt
877 497 55 22 hvad

105 525 37 26 jag
165 531 30 15 nu
220 527 73 25 yttrat,
318 525 62 22 torde
405 525 36 21 det
462 524 88 27 framgä,
566 527 31 19 att
612 525 106 21 utskottet
733 525 115 22 behandlat
863 526 69 21 denna

107 553 60 27 fräga
182 553 48 22 med
243 555 70 20 större
324 553 155 26 nonchalance,
500 555 28 20 än
546 553 105 22 utskottet
666 553 63 21 bordt
744 553 46 22 läta
805 553 85 23 komma
899 554 33 27 sig

108 581 31 22 till
155 582 46 21 last.
232 582 39 22 Om
294 582 20 21 vi
337 582 18 27 ej
377 581 52 22 söka
444 584 34 19 att
497 581 137 28 understödja
649 581 133 27 berättigade
797 583 93 26 anspräk
905 583 27 27 pä

108 611 263 26 undervisningsanstalter
387 610 38 22 och
441 610 260 25 kommunikationsleder,
717 611 24 20 sä
755 613 46 18 tror
813 611 37 26 jag
865 613 32 19 att
911 611 20 21 vi

108 638 21 22 fä
143 645 26 15 en
189 639 118 26 stagnation
331 639 6 21 i
353 639 38 22 vär
405 639 229 26 samhällsutveckling,
649 645 45 15 som
710 639 96 21 kommer
821 642 32 19 att
869 639 63 22 blifva

108 667 83 27 mycket
213 668 140 26 ofördelaktig
375 668 32 20 för
429 669 38 19 vär
482 667 92 21 framtid.
605 667 75 21 Denna
697 667 60 26 fråga
771 667 86 21 hvartill
872 674 60 20 rege-

109 695 72 27 ringen
202 696 75 26 begärt
300 696 74 26 anslag
396 696 22 21 af
438 696 122 25 ständerna,
576 695 55 22 hade
646 695 69 26 bordt,
732 696 69 21 säsom
815 696 36 26 jag
867 696 64 22 redan

108 726 79 24 nämnt,
210 724 63 22 vinna
294 727 31 19 ett
347 726 69 20 större
431 724 107 24 afseende,
554 724 40 21 och
606 724 37 26 jag
659 726 46 19 tror
720 726 32 19 att
767 724 39 21 här
821 724 68 22 skulle
904 724 28 22 ha

108 752 54 22 varit
184 755 31 19 ett
237 753 82 27 företag
341 755 32 19 att
396 752 108 28 befrämja,
528 752 79 22 hvilket
627 752 18 27 ej
661 752 68 22 skulle
745 752 94 22 ruinerat
853 752 77 22 landet.

108 780 40 27 Jag
163 783 46 19 tror
224 784 31 18 att
270 781 151 27 kanalafgiften
437 781 32 21 till
486 788 26 15 en
520 783 45 19 stor
573 780 33 22 del
617 780 69 22 skulle
694 780 27 22 ha
729 780 86 22 betäckt
823 783 61 20 ränta
892 781 39 22 och

108 810 129 26 amortering
251 810 46 21 frän
312 810 67 22 första
401 810 91 21 stunden
515 816 45 15 som
583 809 90 21 kanalen
697 811 96 25 öppnats.
823 810 70 21 Fallet
907 812 25 19 är

108 838 103 27 nemligen
228 839 42 23 det,
286 840 32 20 att
333 838 40 22 här
387 838 18 27 ej
421 838 69 22 skulle
506 838 84 21 behöfts
606 838 66 26 nägra
686 838 85 21 slussar.
801 838 42 21 Det
862 838 70 27 gällde

107 866 56 22 blott
178 869 32 19 att
225 867 96 21 förbinda
337 870 76 18 tvenne
428 867 61 21 vikar
504 866 21 22 af
540 872 81 16 samma
636 866 37 27 sjö,
688 872 45 15 som
749 868 37 19 äro
805 866 92 22 ätskilda
911 866 22 22 af

108 897 30 19 ett
160 895 59 27 längt
241 896 38 21 och
295 895 63 22 smalt
373 898 44 24 näs,
434 896 38 20 der
488 895 34 21 vid
538 894 209 28 anläggningsstället
763 894 92 22 hvarken
871 896 61 20 torde

107 922 68 22 finnas
197 924 52 26 berg
272 924 51 21 eller
346 924 67 21 andra
434 923 145 22 naturhinder.
609 924 41 26 Jag
672 930 62 14 anser
756 923 42 27 mig
813 923 52 21 böra
879 924 53 26 yrka

107 952 84 26 frågans
207 952 120 22 återremiss
342 952 32 22 till
390 952 36 22 det
441 952 91 26 utskott,
547 958 45 15 som
608 952 24 21 sä
642 951 121 27 bristfälligt
778 952 39 21 och
827 952 105 21 vårdslöst

107 980 115 22 behandlat
237 981 128 21 densamma.

175 1037 89 22 Prosten
280 1038 91 26 Hjelt:
386 1038 41 22 Om
443 1038 40 21 här
499 1044 50 14 vore
562 1037 61 27 fråga
638 1043 34 15 om
688 1038 65 25 något
763 1036 91 22 tusental
864 1037 67 27 mark,

107 1066 24 21 sä
152 1066 55 22 hade
229 1066 104 22 utskottet
355 1066 34 22 väl
407 1066 69 22 funnit
492 1067 69 25 nägon
576 1068 66 24 utväg
657 1065 32 21 till
705 1066 61 21 dessa
781 1065 80 22 medels
876 1066 56 21 anvi-

108 1095 71 26 sande,
203 1101 46 15 men
271 1095 36 21 det
329 1097 24 19 är
373 1094 59 27 fräga
454 1101 34 15 om
504 1095 94 25 400,000
613 1094 60 21 mark
689 1094 52 21 eller
756 1093 53 22 efter
821 1093 76 27 afdrag
911 1094 22 22 af

108 1123 26 21 de
147 1124 80 25 40,000
241 1123 67 25 mark,
330 1130 45 15 som
391 1123 34 21 S:t
441 1123 88 21 Michels
544 1123 49 21 stad
607 1122 41 21 och
664 1122 97 27 omkrirg
776 1122 97 26 liggande
889 1123 42 26 nej-

108 1151 37 21 der
160 1151 62 22 hafva
237 1151 91 27 erbjudit
343 1152 32 25 sig
390 1154 32 19 att
437 1151 63 27 gifva,
515 1151 93 26 360,000
624 1151 67 26 mark,
707 1157 26 15 en
749 1157 80 14 summa
843 1157 45 15 som
899 1153 33 19 ut-

107 1181 38 25 gör
160 1180 28 27 2/,
196 1180 23 21 af
231 1180 41 21 den
288 1180 121 27 bevillning,
424 1186 44 15 som
485 1179 81 27 årligen
582 1179 107 27 uppbäres
703 1179 7 20 i
726 1179 94 21 Finland.
851 1179 34 21 Då
901 1181 31 19 ut-

107 1208 81 21 skottet
209 1209 23 20 af
253 1209 54 20 brist
331 1209 28 26 pä
381 1208 68 21 medel
472 1208 97 21 kommer
587 1210 33 19 att
636 1207 52 22 afslä
702 1207 181 27 framställningar
896 1213 35 16 om

108 1236 73 27 anslag
203 1237 32 21 till
257 1237 88 26 företag,
367 1243 46 15 som
434 1243 49 15 man
500 1236 137 26 ovilkorligen
654 1236 67 21 mäste
737 1236 94 21 erkänna
845 1242 51 15 vara
911 1235 22 22 af

108 1267 68 20 större
191 1265 44 26 vigt
256 1265 40 21 och
313 1265 118 28 betydelse;
447 1271 45 15 som
509 1267 37 19 äro
562 1264 135 27 gagneligare
711 1264 34 21 för
760 1270 26 15 en
800 1264 49 21 vida
863 1266 69 19 större

108 1293 122 27 befolkning
249 1295 27 20 än
295 1294 47 25 den,
355 1300 48 15 som
418 1293 68 22 skulle
502 1293 86 22 komma
602 1293 8 20 i
625 1293 125 26 ätnjutande
765 1292 22 22 af
801 1293 39 20 den
855 1291 77 28 ifräga-

108 1322 102 25 varande;
243 1328 44 15 som
310 1323 108 20 dessutom
438 1324 38 19 äro
500 1328 46 15 mer
568 1321 163 26 vinstgifvande;
747 1323 24 19 är
797 1321 34 21 det
854 1320 19 26 ej
900 1323 33 20 att

107 1350 101 22 förundra
229 1351 32 24 sig
276 1350 63 27 öfver,
355 1353 34 19 att
403 1350 112 26 utskottet,
530 1356 46 15 som
592 1349 77 22 ställde
684 1349 69 22 denna
767 1349 144 27 anslagsfräga
925 1349 7 22 i

108 1379 51 22 sista
174 1381 97 24 rummet,
290 1379 45 21 helt
349 1379 40 21 och
405 1379 67 21 hållet
487 1378 104 28 afstyrkte
603 1378 47 21 dess
661 1378 126 27 antagande.
813 1377 124 28 Geoomgär.

108 1414 47 15 man
175 1407 26 22 de
223 1407 229 27 stämmoprotokoller,
475 1413 46 16 som
543 1409 38 19 äro
601 1407 62 21 förde
677 1407 7 20 i
700 1407 26 21 de
741 1406 130 25 kommuner,
887 1412 45 16 som

107 1436 62 22 hafva
192 1436 66 21 lofvat
279 1435 88 28 bidraga
389 1436 33 21 till
436 1435 76 28 sjelfva
527 1435 115 27 företagets
656 1435 155 25 fullbordande,
826 1435 25 21 sä
865 1434 67 22 finnes

108 1464 21 23 af
143 1465 114 25 desamma,
277 1466 34 19 att
331 1471 50 15 man
404 1465 18 26 ej
442 1470 38 15 ens
495 1464 40 21 har
548 1464 89 27 påstått,
652 1465 28 20 än
696 1463 82 22 mindre
792 1463 81 21 kunnat
888 1463 45 22 visa

108 1495 31 20 att
155 1492 207 23 trafikkostnaderna
376 1493 69 21 skulle
460 1493 28 26 på
503 1493 67 26 något
583 1494 45 19 sätt
642 1491 91 22 betäcka
750 1491 183 22 underhållskost-

108 1522 99 26 naderna,
223 1521 53 22 allra
291 1521 64 22 minst
369 1521 71 22 lemna
454 1523 63 19 ränta
535 1521 40 21 och
590 1520 136 27 amortering.
757 1520 38 21 Att
810 1519 65 22 saken
890 1519 43 22 kan

108 1556 50 16 vara
178 1550 22 21 af
221 1556 26 15 en
269 1549 45 22 icke
337 1549 52 22 liten
404 1549 44 28 vigt
462 1550 33 21 för
511 1549 73 27 sjelfva
599 1548 33 23 S:t
646 1548 89 22 Michels
749 1548 48 22 stad
813 1547 35 22 vill
861 1547 36 28 jag
913 1547 18 27 ej
