1117 1817
344 125 163 18 Presteståndet
520 126 55 16 1872.
600 126 12 16 5
625 130 62 12 mars.
855 122 41 20 241

96 205 75 21 staden
194 204 90 27 belägna
305 204 129 27 fastigheter.
466 204 75 22 Ehuru
563 205 69 21 denna
647 204 183 28 stadsförfattning
852 206 6 21 i
881 207 45 21 sina

97 233 132 26 hufvuddrag
250 235 56 18 ännu
326 233 68 21 denna
410 233 41 26 dag
466 235 24 18 är
505 233 6 20 i
527 233 90 21 Finland
633 233 104 26 gällande,
753 233 62 22 hafva
831 234 54 21 dock
900 241 25 15 en

97 268 66 21 nyare
179 261 41 21 tids
236 267 57 15 mera
308 261 124 22 utvecklade
448 261 146 22 förhållanden
611 261 90 21 medfört
714 262 151 28 mångfalldiga
875 269 52 21 upp-

97 290 64 27 gifter
183 289 39 22 och
246 289 68 24 behof,
336 289 71 22 hvilka
421 290 47 21 icke
484 290 80 21 kunnat
580 296 61 15 anses
657 296 50 15 vara
723 290 22 21 af
758 293 47 18 rent
821 291 106 28 borgerlig

98 321 63 18 natur
183 318 38 21 och
245 318 82 21 derföre
350 318 46 21 icke
411 318 67 21 heller
495 319 49 20 bero
561 319 27 26 på
603 318 152 27 borgerskapet
770 322 89 24 ensamt,
876 322 49 19 utan

97 348 29 26 på
149 347 41 21 alla
212 347 165 21 stadsinvånare.
408 347 42 20 För
474 349 32 18 att
529 347 70 20 kunna
622 346 45 21 lösa
682 346 73 27 frågan
771 347 22 21 af
807 348 69 22 denna
891 349 35 21 be-

97 375 119 22 skaffenhet
237 375 38 21 har
291 381 46 15 man
353 375 53 26 tagit
421 375 33 21 sin
469 375 86 27 tillflykt
570 375 31 21 till
618 375 39 21 den
674 375 135 22 kommunala
825 377 100 26 förening,

98 410 45 15 som
159 404 6 20 i
182 403 82 26 vanliga
279 403 36 22 fall
331 403 101 22 omfattar
446 403 43 22 alla
505 403 51 22 eller
572 403 25 22 de
612 403 61 22 flesta
688 404 165 27 stadsinvånare,
868 412 58 14 nem-

98 432 55 27 ligen
170 433 39 20 den
226 432 95 27 kyrkliga
337 432 155 26 församlingen.

167 461 11 20 I
199 461 72 26 sjelfva
292 461 72 20 verket
380 461 38 20 har
433 461 83 21 således
532 461 78 20 vården
626 467 33 14 om
676 460 199 23 stadskommunens
890 468 36 15 an-

97 489 151 26 gelägenheter
264 489 115 21 ankommit
395 489 44 21 dels
456 490 26 25 på
498 489 159 26 borgerskapet,
669 489 171 26 representeradt
850 496 75 20 genom

99 518 26 20 de
141 517 78 22 äldstes
235 518 44 23 råd,
296 518 45 21 dels
356 519 27 25 på
398 517 42 22 alla
456 517 174 27 oprivilegierade
645 517 134 26 gårdsegare,
795 517 6 21 i
818 518 54 21 vissa
890 518 36 21 fall

98 546 61 21 äfven
175 547 6 19 i
197 546 94 26 förening
308 547 45 20 med
370 547 25 20 de
411 546 167 27 privilegierade,
594 545 39 22 och
650 545 44 22 dels
709 545 98 27 slutligen
824 547 26 26 på
861 550 66 18 samt-

99 575 40 26 lige
161 575 160 21 stadsinvånare
345 575 33 20 vid
401 575 165 26 kyrkostämma.
598 575 46 20 Den
662 574 108 26 svårighet
785 575 38 20 och
839 575 26 21 de
881 582 46 15 om-

98 604 87 25 gångar,
209 603 99 21 hvarmed
332 603 58 21 detta
409 603 123 21 invecklade
548 605 78 25 system
642 603 54 21 varit
711 603 103 25 förenadt,
831 605 36 20 äro
885 603 42 22 väl-

99 631 92 22 bekanta
207 632 38 21 och
262 631 87 22 allmänt
365 631 99 22 erkända.
496 632 46 21 Den
558 631 76 26 nådiga
650 631 157 27 propositionen
825 632 38 21 har
879 633 48 20 sökt

98 660 95 26 afhjelpa
215 661 61 20 dessa
294 660 197 21 missförhållanden
507 660 145 26 förnämligast
668 659 129 27 derigenom,
813 663 32 18 att
859 661 68 21 stads-

98 688 140 22 kommunens
253 688 42 21 alla
311 688 136 21 medlemmar
463 688 100 26 antingen
575 688 132 21 omedelbart
717 688 51 21 eller
778 694 76 20 genom
865 688 62 22 valda

98 717 199 26 stadsfullmäktige,
313 717 67 21 skulle
397 717 84 26 deltaga
497 717 6 20 i
520 716 79 22 besluts
616 716 95 22 fattande
726 717 90 21 rörande
832 717 95 21 kommu-

101 751 52 15 nens
177 746 40 20 alla
239 752 155 20 gemensamma
417 745 177 26 angelägenheter
612 747 56 19 samt
683 744 86 27 bidraga
785 745 32 21 till
832 746 95 21 kommu-

101 780 52 15 nens
169 774 85 26 utgifter
270 774 46 21 med
332 780 25 15 en
373 774 34 20 för
421 774 43 20 alla
479 774 65 20 behof
557 774 73 20 afsedd
645 774 186 26 kommunalskatt,
843 776 84 20 uttaxe-

99 802 39 20 rad
161 802 53 22 efter
236 803 115 23 skattören,
375 809 45 14 som
439 802 87 21 komma
542 804 31 19 att
588 802 84 27 påföras
688 802 39 21 hus
742 802 39 21 och
797 805 60 23 tomt,
871 804 54 25 jord,

99 832 75 25 näring
196 834 55 18 samt
274 830 91 27 aflöning
381 831 38 21 och
436 837 69 15 annan
522 831 98 24 inkomst,
637 831 47 20 med
700 830 136 27 iakttagande
852 832 75 21 endast

98 859 22 21 af
136 860 201 20 ofvanomförmälda
357 859 147 27 ridderskapet
520 859 38 21 och
574 859 62 21 adeln
652 862 54 18 samt
722 860 155 26 presteståndet
893 866 34 21 ge-

100 894 48 14 nom
165 888 118 26 privilegier
297 888 127 21 tillerkända
439 888 231 26 undantagsförmåner.

169 916 42 21 Det
234 917 60 21 faller
315 916 62 21 likväl
398 916 40 21 lätt
456 916 2 20 i
475 918 89 24 ögonen,
580 916 54 21 huru
650 916 184 26 gemensamheten
851 917 54 21 både
920 917 7 21 i

100 944 69 21 beslut
192 945 39 21 och
255 946 134 24 beskattning
412 947 61 24 göres
496 944 106 22 illusorisk
624 951 75 19 genom
719 945 69 21 denna
803 945 26 21 de
844 946 82 26 privile-

98 973 87 26 gierade
205 974 198 21 stadsinvånarenes
422 973 224 26 undantagsställning.
677 973 43 21 För
735 974 31 20 sin
782 972 90 28 aflöning
887 974 40 21 och

100 1001 65 27 öfriga
189 1002 122 25 inkomster,
335 1008 45 15 som
403 1002 45 20 icke
465 1001 90 27 härflyta
570 1002 22 20 af
606 1001 100 27 fastighet
721 1002 85 21 komma
821 1002 26 21 de
863 1002 64 27 enligt

100 1030 40 20 den
162 1030 76 26 nådiga
257 1030 157 27 propositionen
431 1032 31 18 att
478 1030 84 26 deltaga
578 1030 30 20 uti
624 1030 197 21 stadskommunens
837 1030 40 22 alla
893 1037 34 20 ge-

100 1064 129 16 mensamma
252 1059 91 26 utgifter.
374 1059 40 21 Vid
438 1058 118 26 debitering
577 1058 21 21 af
620 1058 83 26 afgifter
720 1058 33 21 för
767 1058 100 27 fastighet
881 1060 47 20 åter

100 1087 96 21 kommer
211 1087 112 21 framdeles
338 1087 83 21 skilnad
436 1090 32 18 att
483 1089 63 23 göras
562 1087 75 21 mellan
653 1088 80 20 sådana
749 1087 90 26 utgifter,
856 1088 71 21 hvilka

100 1116 66 25 enligt
188 1122 27 14 nu
234 1116 97 26 gällande
347 1116 130 25 stadganden
494 1116 78 21 räknas
587 1116 31 20 till
634 1115 93 26 egentlig
743 1115 104 27 borgerlig
862 1119 65 24 tunga

100 1143 39 21 och
163 1144 70 26 åligga
255 1144 152 27 borgerskapet
430 1146 83 18 ensamt
535 1143 51 22 eller
602 1143 6 21 i
624 1143 94 27 förening
734 1144 48 21 med
798 1144 129 27 oprivilegie-

99 1172 51 22 rade
173 1173 135 26 gårdsegare,
325 1173 39 20 och
379 1172 87 25 sådana,
483 1172 31 21 uti
529 1172 72 21 hvilka
616 1172 42 21 alla
674 1172 137 21 medlemmar
825 1172 22 21 af
861 1173 67 21 stads-

98 1200 129 22 kommunen
245 1201 50 20 böra
311 1201 91 26 deltaga.
429 1201 55 20 Från
502 1201 25 20 de
543 1201 56 20 förra
614 1200 61 21 skola
686 1201 158 26 privilegierade
856 1201 72 26 gårds-

98 1235 64 20 egare
179 1236 49 15 vara
244 1229 99 25 befriade,
359 1230 45 20 trån
422 1229 26 20 de
463 1235 75 15 senare
550 1229 52 21 icke.
627 1229 87 26 Följden
726 1229 62 21 häraf
798 1229 73 21 blifver
881 1229 46 22 icke

99 1257 90 21 allenast
208 1259 46 24 den,
270 1260 32 19 att
318 1258 25 21 de
359 1257 160 27 privilegierade
536 1257 162 22 medlemmarne
714 1257 22 22 af
750 1257 126 21 kommunen
893 1258 34 21 vid

99 1285 81 22 besluts
202 1286 95 21 fattande
320 1287 6 20 i
349 1286 106 21 allmänna
478 1286 178 27 angelägenheter
671 1288 58 19 rösta
745 1286 6 20 i
767 1292 25 14 en
809 1286 31 21 del
856 1285 72 28 frågor

100 1315 48 20 med
167 1315 71 26 högre,
261 1315 6 20 i
290 1315 67 20 andra
372 1315 47 20 åter
435 1314 47 21 med
498 1314 58 27 lägre
571 1314 94 26 röstetal,
683 1317 49 18 utan
749 1314 59 21 äfven
825 1314 38 21 den
881 1315 47 21 vida

100 1342 153 27 betänkligare,
269 1346 32 17 att
317 1343 143 26 debiteringen
478 1343 21 20 af
514 1343 134 21 kommunala
664 1343 109 26 utskylder
788 1343 67 20 måste
866 1343 61 21 verk-

100 1371 73 21 ställas
189 1372 52 21 efter
257 1371 56 21 olika
329 1372 91 25 grunder
436 1371 32 20 för
483 1371 69 21 skilda
568 1371 98 21 ändamål.
703 1371 46 21 Den
765 1371 5 20 i
787 1371 76 26 nådiga
878 1378 49 20 pro-

100 1400 119 26 positionen
243 1400 86 21 afsedda
344 1399 100 22 enkelhet
459 1400 39 21 och
515 1401 50 20 reda
580 1400 7 20 i
602 1400 110 21 städernas
729 1399 78 21 drätsel
823 1399 53 22 skall
891 1407 36 19 ge-

100 1435 48 14 nom
173 1429 58 20 detta
253 1428 131 22 förhållande
401 1428 5 21 i
422 1428 118 27 väsendtlig
559 1435 47 14 mon
622 1428 91 25 förfelas,
729 1428 89 21 likasom
833 1429 13 20 å
861 1429 67 21 andra

100 1456 59 21 sidan
176 1460 31 18 ett
223 1457 37 21 fält
275 1457 94 26 ständigt
385 1457 80 20 lemnas
481 1458 64 25 öppet
560 1457 33 20 för
608 1457 74 20 tvister
697 1457 110 26 angående
823 1457 105 26 omfånget

100 1485 24 21 af
145 1486 25 21 de
193 1492 75 19 genom
290 1485 147 27 privilegierna
453 1485 106 26 medgifna
574 1485 93 25 friheter,
682 1485 71 21 hvilka
769 1485 32 20 för
816 1485 111 21 framtiden

101 1513 63 22 blifva
187 1514 60 21 desto
270 1515 85 20 svårare
378 1516 32 19 att
434 1513 110 27 begränsa,
565 1514 24 26 ju
604 1520 45 15 mer
664 1514 41 20 den
720 1513 103 26 grundval
839 1513 31 21 för
885 1515 43 20 stä-

838 1553 21 17 16
