1117 1817
321 130 161 18 Presteståndet
495 130 57 18 1872,
578 130 22 16 16
611 134 63 13 mars.
846 125 42 21 349

88 210 113 25 uttrycken
225 210 55 27 syfta
300 210 45 26 just
367 210 28 26 på
413 209 71 27 dylika
500 209 152 26 förhållanden,
668 215 44 15 som
729 209 61 21 dessa
805 210 112 26 privilegii-

86 238 148 22 förhållanden
250 240 43 22 äro,
310 237 103 27 nemligen
429 238 70 21 såsom
515 237 127 27 betingande
658 243 25 16 en
698 237 83 22 förmån
797 238 28 27 på
839 237 78 22 audras

89 267 124 22 bekostnad.
245 266 61 22 Hvad
322 267 66 26 angår
403 268 87 25 prosten
506 265 121 27 Grönbergs
642 265 98 28 yttrande
756 272 35 15 om
806 266 111 27 ringheten

88 295 24 22 af
126 295 41 22 den
183 295 96 26 aflöning,
301 295 100 21 städerna
416 294 61 22 bestå
492 294 46 21 sina
553 297 89 24 prester,
658 294 24 21 så
697 294 89 21 innebär
802 295 59 21 detta
875 296 41 26 ytt-

87 325 68 20 rande
178 330 25 15 en
225 323 118 26 fullkomlig
365 323 95 26 sanning.
492 323 42 21 Det
556 325 24 19 är
594 323 52 20 visst
661 322 162 27 ett:beklagligt
838 323 79 22 förhäl-

90 352 68 27 lande,
181 358 46 15 men
249 352 35 27 jag
306 351 69 22 skulle
390 351 32 22 för
437 351 42 21 min
497 351 33 22 del
545 351 146 27 förnämligast
705 351 53 22 söka
773 352 96 26 grunden
884 351 32 22 till

87 381 62 21 detta
171 380 119 27 beklagliga
312 380 132 21 förbållande
464 380 46 27 just
525 380 6 21 i
546 380 108 26 ingenting
675 382 64 19 annat
754 382 26 19 än
797 381 119 26 privilegier

90 409 39 21 och
153 409 66 21 andra
241 409 105 21 likartade
368 408 187 27 omständigheter,
578 408 72 21 hvilka
664 408 119 27 säkerligen
800 408 62 22 hafva
877 409 39 21 hos

88 437 299 27 församlingsmedlemmarne
409 437 114 27 grundlagt
544 437 39 21 den
600 437 169 26 motsträfvighet
785 437 32 22 att
831 439 85 20 anstän-

90 466 45 27 digt
157 465 68 22 aflöna
245 465 38 22 sitt
305 465 141 28 presterskap,
470 472 46 15 som
531 466 6 21 i
553 465 72 22 landet
646 468 23 19 är
689 471 41 21 nog
745 465 85 22 allmän.
861 465 55 22 Herr

88 494 139 27 domprosten
249 494 88 21 Renvall
359 494 39 21 har
413 494 47 21 med
476 495 94 26 exempel
587 500 25 15 ur
628 494 99 21 historien
743 494 49 21 sökt
807 497 32 19 att
854 495 62 21 vinna

90 523 73 27 styrka
177 523 34 21 för
225 523 31 21 sin
271 523 62 26 äsigt.
358 523 144 26 Domprosten
517 523 39 20 har
571 522 64 21 bland
651 525 64 19 annat
729 522 103 28 åberopat
848 529 68 16 exem-

90 551 34 28 pel
147 551 44 22 från
215 551 96 27 England
327 551 39 21 och
382 551 85 26 Sverige
483 551 109 26 angående
608 551 119 27 privilegier
742 551 39 22 och
797 552 66 21 andra
879 557 36 15 un-

90 579 242 27 dantagsförhällanden,
355 586 46 15 som
423 579 6 22 i
452 580 63 21 dessa
537 580 74 21 länder
626 579 73 22 finnas.
730 579 48 22 Men
792 580 36 27 jag
843 580 73 27 tycker

89 610 33 19 att
137 608 135 27 domprosten
289 608 72 21 dervid
378 608 38 21 bar
431 608 86 27 förgätit
537 611 31 18 att
584 608 112 21 historiens
711 608 114 21 resultater
840 615 76 20 mogna

89 637 112 26 längsamt,
224 637 39 21 och
286 639 32 19 att
340 637 47 20 dei
404 637 68 21 tidens
488 637 118 21 fullbordan
623 637 99 21 stundom
738 636 115 22 framträda
869 637 46 21 med

89 672 26 14 en
131 665 138 26 väldsamhet,
284 671 45 15 som
345 666 18 26 ej
380 665 40 21 kan
436 668 66 18 annat
512 668 27 18 än
550 665 76 27 ingifva
637 665 50 21 fasa.
712 666 55 20 Herr
778 665 136 27 domprosten

87 694 64 20 torde
172 693 110 27 medgifva,
305 696 33 19 att
360 693 64 21 också
446 694 129 21 åtminstone
591 694 6 20 i
613 694 65 26 några
701 694 22 21 af
744 694 25 20 de
785 694 130 21 närvarande

88 722 131 21 samhällena
235 722 53 22 dock
303 722 68 21 finnas
387 722 126 27 olycksfrön.
543 722 118 22 Hvarföre?
683 722 32 22 De
730 722 68 22 finnas
813 722 38 22 der
861 728 55 16 eme-

88 751 43 21 dan
147 750 112 22 samhället
273 751 18 26 ej
307 750 60 22 alltid
383 752 38 25 gör
436 750 42 22 alla
494 750 101 27 tillbörlig
604 751 95 21 rättvisa.
724 750 191 22 Internationalens

91 781 71 25 ypest*
185 782 15 18 t.
217 786 31 14 ex.
272 780 43 26 (jag
330 779 53 21 skall
399 780 67 26 nyttja
482 780 84 26 uttryck
582 779 46 21 från
644 780 115 20 utskottets
774 779 141 27 betänkande)

89 810 25 18 är
129 808 18 26 ej
163 810 32 19 att
210 808 47 21 leka
273 808 54 21 med.
358 808 49 21 Men
422 808 53 21 skall
492 814 48 14 man
555 811 50 23 taga
620 808 51 21 reda
686 809 27 25 pä
729 808 47 21 dess
789 808 125 26 grundorsa-

89 836 39 22 ker
149 836 24 21 sä
195 838 46 20 tror
260 837 36 26 jag
311 838 32 20 att
359 836 25 21 de
400 836 56 27 ligga
468 836 46 27 just
529 836 6 21 i
550 836 80 22 sädana
646 836 133 27 obilligheter
795 837 38 21 och
849 838 65 20 orätt-

89 865 62 25 visor,
175 871 44 15 som
243 865 64 21 ocksä
327 864 146 28 privilegierna
488 865 108 21 innebära.
627 864 50 22 Man
692 866 86 26 slungar
794 868 23 18 ut
831 864 84 22 förban-

89 893 69 21 nelser
180 896 45 18 mot
240 894 138 20 kommunens
393 893 145 27 skräckvälde,
555 896 45 18 mot
614 893 183 27 internationalen,
814 896 43 18 mot
873 893 42 22 alla

88 921 130 22 väldsamma
233 922 143 21 revolutioner
391 922 39 21 och
446 922 188 26 omgestaltningar
649 922 6 20 i
672 922 107 21 historien.
811 922 49 21 Man
875 924 39 24 gör

87 950 37 22 det
147 950 48 21 med
216 952 63 24 rätta,
301 953 22 25 ty
339 951 18 20 vi
373 950 52 22 böra
438 950 23 27 ju
477 957 51 15 vara
542 950 28 22 all
586 950 104 27 mensklig
705 950 89 28 ordning
810 951 104 21 underdä-

88 978 53 27 nige.
173 978 49 22 Men
238 979 65 21 borde
319 986 48 14 man
383 979 18 27 ej
418 979 46 21 med
480 981 57 19 ännu
552 981 69 19 större
636 979 46 21 skäl
697 979 103 21 förbanna
811 979 26 21 de
847 981 66 19 orätt-

88 1006 62 27 visor,
171 1014 45 14 som
238 1007 109 21 framkalla
371 1008 61 20 dessa
450 1007 140 27 gräsligheter
605 1008 6 20 i
627 1008 117 21 historien?
761 1020 24 3 —
802 1002 112 32 Ätskilliga

88 1036 63 21 värde
174 1036 152 21 ständsbröder
349 1036 62 21 hafva
432 1036 39 21 här
486 1036 102 27 uppträdt
603 1036 32 21 till
651 1036 80 21 försvar
746 1036 32 21 för
793 1036 66 21 enkor
873 1036 39 22 och

87 1063 105 22 faderlösa
213 1064 39 22 och
275 1066 70 20 ansett
365 1067 32 19 att
413 1064 25 21 de
454 1065 66 21 borde
536 1065 67 21 under
617 1065 32 21 sin
665 1064 65 22 lifstid
746 1064 117 22 bibehällas
879 1065 34 21 vid

88 1092 26 22 de
136 1092 106 22 förmäner
264 1093 25 21 de
314 1099 27 15 nu
363 1093 89 26 ätnjuta.
484 1093 72 26 Detta,
572 1094 72 26 tycker
657 1093 43 27 jag,
716 1093 41 21 kan
773 1100 50 15 vara
838 1093 74 27 billigt.

85 1120 42 27 Jag
141 1121 39 21 har
195 1122 120 26 visserligen
333 1122 89 25 bidragit
437 1122 32 20 till
486 1121 159 22 bestämmande
660 1122 20 21 af
696 1122 40 21 den
752 1122 160 26 preskriptions-

87 1149 31 21 tid
133 1149 22 21 af
168 1149 41 21 fem
225 1151 30 24 är,
270 1156 45 15 som
331 1152 24 19 är
369 1149 117 27 föreslagen
502 1150 6 20 i
524 1150 115 21 utskottets
654 1150 141 21 betänkande.
818 1150 40 25 Jag
869 1150 44 21 vid-

87 1177 67 22 häller
177 1178 40 21 den
239 1180 61 24 ännu,
317 1185 47 14 men
377 1178 37 27 jag
428 1185 64 14 anser
506 1181 33 18 att
554 1179 36 20 det
606 1179 54 21 dock
676 1178 97 27 möjligen
790 1179 40 20 kan
845 1178 68 22 finnas

86 1205 46 22 skäl
148 1208 32 19 att
196 1207 108 21 utsträcka
320 1207 40 21 den
376 1207 55 21 ända
446 1207 31 20 till
494 1207 26 21 de
536 1213 28 15 nu
580 1207 96 21 lefvande
692 1207 104 21 enkornas
809 1207 102 27 dödedag,

85 1234 41 21 och
137 1234 42 21 "till
203 1235 47 21 dess
272 1235 80 21 barnen
375 1235 64 21 blifva
462 1235 105 27 myndiga,
590 1242 48 15 men
653 1236 18 26 ej
688 1236 60 21 desto
765 1235 77 27 längre.
872 1235 40 28 Jag

86 1269 62 15 anser
163 1263 63 21 likväl
243 1266 32 19 att
290 1264 35 21 det
341 1264 18 26 ej
375 1265 24 20 är
414 1265 24 20 sä
453 1263 88 22 alldeles
554 1264 129 27 nödvändigt
693 1266 32 19 att
736 1263 108 22 utsträcka
854 1263 57 22 tiden

85 1291 25 21 sä
125 1291 67 26 länge,
208 1292 83 21 derföre
306 1292 111 26 nemligen,
432 1294 32 19 att
476 1292 38 27 jag
529 1293 63 27 hyser
608 1293 39 21 den
662 1292 141 27 förhoppning
818 1294 32 19 att
862 1293 50 21 vära

86 1319 161 22 ständsbröders
263 1321 66 21 enkor
345 1321 39 21 och
399 1320 107 22 faderlösa
522 1321 52 21 barn
590 1321 98 27 slutligen
704 1321 39 21 och
758 1321 7 20 i
781 1327 25 15 en
820 1321 17 26 ej
849 1320 63 28 afläg-

84 1354 38 15 sen
146 1348 84 21 framtid
247 1349 84 21 komma
347 1351 32 20 att
394 1349 20 22 fä
429 1349 71 22 bättre
516 1350 95 21 utkomst
626 1356 76 20 genom
717 1351 69 20 större
801 1349 112 27 pensioner

86 1379 27 18 än
136 1377 25 21 de
184 1377 82 21 härtills
288 1377 51 22 haft.
371 1377 45 22 Här
438 1377 38 22 har
500 1380 83 19 nämnts
606 1380 32 19 att
652 1378 226 27 undantagsförmäner
893 1378 17 27 ej

86 1405 161 27 nödvändigtvis
263 1405 89 22 behöfva
367 1406 63 21 lända
446 1406 31 21 till
493 1406 82 27 förfäng
590 1407 33 21 för
638 1407 71 21 andra.
741 1407 51 27 (Det
807 1413 44 19 var,
867 1409 45 19 tror

82 1433 44 28 jag,
142 1434 137 27 domprosten
294 1434 95 27 Renvall,
405 1441 45 15 som
466 1435 74 27 gjorde
551 1435 41 22 den
603 1435 179 27 anmärkningen).
807 1435 32 22 De
849 1435 63 21 lända

86 1461 122 28 visserligen
230 1463 18 26 ej
272 1463 82 21 direkte
369 1463 32 22 till
416 1463 89 27 förfäng,
522 1470 46 15 men
582 1464 36 27 jag
634 1463 48 22 ville
697 1470 66 21 gerna
777 1466 49 19 veta
835 1463 77 22 hvilka

85 1491 226 28 undantagsförmäner
326 1492 18 27 ej
360 1492 108 21 indirekte
483 1492 69 21 skulle
564 1492 48 21 leda
622 1492 77 21 dertill.
723 1492 61 21 Hvad
795 1499 45 14 som
851 1494 60 19 värre

83 1521 34 19 är:
141 1519 80 22 sådana
243 1520 226 27 undantagsförmåner
491 1523 37 19 äro
552 1521 32 21 till
606 1520 82 27 förfång
703 1520 33 22 för
750 1520 161 22 innehafvarene
