1117 1817
223 134 41 21 258
438 137 163 19 Presteståndet
613 138 55 18 1872.
691 139 12 17 7
714 142 63 13 mars.

261 218 35 21 7:o
312 218 108 26 angående
436 218 75 21 remiss
533 217 33 21 till
581 217 107 22 allmänna
703 217 194 22 besvärsutskottet
911 216 23 22 af
947 216 73 22 ätskil-

191 246 43 27 liga
256 246 180 27 petitionsförslag
460 252 35 15 om
518 245 168 28 reorganisation
707 245 23 22 af
750 245 138 22 landtmäteri
903 245 39 22 och
957 245 63 21 forst-

194 275 107 26 väsendet,

261 423 34 21 8:0
311 422 108 27 angående
442 422 74 21 remiss
538 421 32 22 till
591 422 160 21 statsutskottet
766 421 23 22 af
802 421 77 27 nådiga
895 422 125 27 propositio-

192 457 42 16 nen
250 457 35 15 om
300 451 113 21 anvisande
429 451 22 21 af
464 450 92 21 kreditiv
571 450 32 21 till
619 450 249 27 undsättningsåtgärder
883 450 68 22 under
961 450 58 21 miss-

193 480 75 21 växtår
283 479 52 22 eller
350 479 66 22 andra
431 479 181 26 utomordentliga
627 479 73 26 behof;

263 622 24 21 B.
304 621 45 22 från
365 621 187 28 borgareståndet:

264 680 33 20 1:0
314 679 109 26 angående
438 679 74 21 remiss
527 679 32 20 till
581 678 206 22 ekonomiutskottet
802 678 22 22 af
837 678 50 22 herr
902 678 119 28 Nylanders

193 707 180 28 petitionsförslag
387 707 91 21 rörande
494 707 182 27 kronoskogarne;

263 862 34 20 2:0
313 861 108 27 angående
436 861 74 21 remiss
525 860 31 22 till
573 860 141 27 lagutskottet
729 861 22 21 af
765 861 50 21 herr
829 860 122 22 Molanders
966 860 54 27 peti-

194 889 135 27 tionsförslag
350 896 35 15 om
405 890 263 27 justitiedepartementets
688 890 6 20 i
709 889 113 27 kejserliga
842 892 87 19 senaten
952 895 68 15 owmor-

193 918 119 27 ganisation
334 918 32 22 till
389 924 25 15 en
436 918 76 26 högsta
536 918 91 22 domstol
643 920 55 20 samt
712 918 122 22 inrättande
850 918 22 22 af
885 920 32 20 ett
929 918 91 27 justitie-

195 946 168 22 ombudsmanna
378 946 92 26 embete;

264 1100 23 21 C.
303 1099 45 22 från
363 1100 147 27 ridderskapet
526 1100 39 22 och
581 1100 71 22 adeln:

264 1157 33 20 1:o
312 1156 107 27 angående
434 1156 75 22 remiss
524 1156 32 21 till
572 1156 106 22 allmänna
694 1157 193 21 besvärsutskottet
901 1156 22 22 af
932 1157 88 21 friherre

193 1190 40 15 von
249 1184 69 22 Troils
340 1185 180 27 petitionsförslag
541 1191 33 16 om
590 1185 169 27 reorganisation
775 1185 22 22 af
811 1185 76 27 högsta
902 1185 117 22 domstolen

193 1213 7 21 i
215 1213 84 26 landet;

262 1361 33 20 2:0
311 1360 108 27 angående
442 1361 74 21 remiss
539 1361 32 21 till
594 1363 153 20 sammansatta
771 1363 64 20 stats-
859 1361 39 22 och
913 1361 107 22 ekonomi-

192 1388 107 22 utskottet
321 1389 21 21 af
364 1389 76 26 nådiga
462 1389 159 27 propositionen
645 1396 34 15 om
701 1389 115 22 anvisande
839 1389 22 22 af
881 1389 90 22 kreditiv
987 1389 32 22 till

191 1417 69 50 Porse
266 1413 175 58 CeNINgSätgärder
464 1417 68 22 under
550 1418 125 21 missväxter
690 1418 53 22 eller
758 1418 67 22 andra
840 1418 180 27 utomordentliga

207 1451 59 20 ehof;
