1117 1817
340 133 162 19 Presteståndet
515 134 54 17 1872.
594 134 11 17 7
616 138 62 12 mars.
855 129 40 21 271

98 214 94 26 legierna
207 213 66 21 borde
289 214 48 21 vika
352 214 31 21 för
399 214 69 21 tidens
483 213 54 27 kraf,
553 216 55 19 samt
622 214 54 27 yrka
690 213 75 22 remiss
782 213 33 21 till
831 214 94 21 enskilda

98 241 197 23 besvärsutskottet.

166 298 203 27 Kontraktsprosten
385 298 151 27 Alopaeus:
552 299 40 26 Jag
608 299 38 20 har
661 299 65 20 redan
743 298 31 21 till
790 305 26 15 en
832 299 34 22 del
879 299 46 21 blif-

97 327 30 21 vit
149 327 144 21 förekommen
315 327 21 21 af
357 329 85 24 prosten
462 327 59 26 Hjelt
536 327 6 21 i
559 327 54 21 hvad
628 327 35 26 jag
678 327 55 21 hade
749 329 31 19 att
795 329 57 25 säga.
883 328 42 21 Det

98 362 38 15 var
157 355 118 27 egentligen
292 356 47 21 med
355 355 113 27 anledning
484 355 22 22 af
520 355 136 27 domprosten
672 355 69 27 Borgs
756 357 106 26 yttrande,
878 363 45 15 som

96 385 36 26 jag
155 384 91 27 begärde
268 384 65 21 ordet.
365 384 40 26 Jag
427 383 32 22 för
482 383 42 22 min
548 383 34 22 del
597 384 73 27 tycker
686 386 38 23 att,
740 390 34 15 om
791 385 64 26 något
871 385 53 20 skall

98 413 71 24 afstås,
191 413 23 20 så
236 412 65 21 borde
319 413 26 20 de
360 413 58 20 äldre
433 412 165 21 innehafvarene
613 412 23 21 af
648 412 160 27 embetsgårdar
823 413 54 21 afstå
892 414 32 20 sin

98 441 134 21 skattefrihet
254 441 32 21 för
308 441 67 26 dessa,
398 441 66 21 hellre
487 443 27 19 än
535 443 31 19 att
582 442 66 20 enkor
663 441 39 22 och
719 441 51 21 barn
786 441 97 21 beröfvas
899 441 25 22 de

99 469 130 27 rättigheter,
253 470 26 21 de
301 469 67 22 hafva.
399 469 48 22 Men
466 470 36 26 jag
518 476 62 15 anser
596 470 41 26 mig
653 470 17 26 ej
688 476 36 15 ens
740 470 47 21 med
803 469 52 27 godt
870 476 55 15 sam-

99 500 46 19 vete
161 498 71 21 kunna
247 500 59 19 rösta
321 498 32 21 för
368 498 65 24 detta,
449 498 64 21 innan
531 498 55 21 mina
602 498 158 21 kommittenter
775 499 6 20 i
798 498 47 21 hela
857 498 68 21 stiftet

99 526 68 21 blifvit
189 529 96 19 närmare
308 527 6 20 i
337 527 64 21 saken
422 527 72 20 hörda.
526 527 61 20 Hvad
610 527 46 21 åter
677 527 125 26 prestenkor
818 527 38 20 och
874 527 51 21 barn

99 555 106 26 beträffar,
229 555 24 21 så
271 555 37 21 ber
320 555 37 26 jag
372 557 32 19 att
418 555 20 21 få
454 555 56 21 fästa
525 555 187 27 uppmärksamhet
727 555 34 21 vid
777 555 41 21 den
834 557 90 19 omstän-

100 583 96 26 digheten
217 586 31 19 att
271 584 61 21 deras
355 583 75 22 villkor
452 585 38 20 äro
514 584 80 26 ganska
615 584 72 21 snäfva
702 583 39 22 och
757 586 32 18 att
804 587 121 22 presternas

99 612 98 21 sterbhus
212 614 55 19 ännu
283 613 67 20 under
365 619 24 14 en
406 612 49 27 lång
470 612 31 21 tid
518 612 77 21 framåt
610 612 17 26 ej
644 612 71 21 kunna
728 612 43 21 utfå
783 612 37 21 full
831 613 93 26 pension,

99 643 50 19 utan
165 641 66 21 måste
248 641 71 26 åtnöja
333 641 31 26 sig
380 641 47 21 med
443 647 26 14 en
484 641 60 26 ringa
560 641 33 20 del
610 640 64 21 deraf.
705 641 44 20 För
764 643 31 18 att
811 641 17 26 ej
845 640 80 27 årligen

99 669 90 21 behöfva
210 669 60 27 flytta
292 670 55 26 köpa
363 669 26 21 de
404 670 31 26 sig
451 669 97 26 vanligen
564 675 24 15 en
606 675 51 20 egen
673 669 60 26 ringa
749 669 70 26 hydda
834 669 6 20 i
856 669 69 25 någon

100 697 21 21 af
143 698 24 20 de
188 698 81 20 mindre
284 698 105 24 städerna,
406 698 38 21 och
460 697 98 27 uppoffra
574 697 32 21 för
621 698 59 20 detta
696 697 98 21 ändamål
811 697 39 21 den
866 697 59 27 ringa

100 726 96 26 penning,
223 726 25 21 de
271 726 98 27 möjligen
392 726 70 22 kunna
485 732 45 20 ega.
566 726 59 21 Dock
647 726 35 21 vill
703 726 36 26 jag
762 726 17 26 ej
803 725 122 27 ytterligare

99 761 94 20 upprepa
214 755 54 21 hvad
290 754 35 28 jag
347 755 64 21 redan
432 754 74 21 härom
522 757 54 24 sagt,
592 757 50 18 utan
658 760 62 16 anser
736 754 41 26 mig
793 753 61 22 hafva
869 754 56 27 gjort

100 783 123 27 tillräckligt
245 789 74 21 genom
343 786 31 18 att
393 784 82 26 engång
490 782 62 22 hafva
568 783 64 21 fästat
647 782 214 28 uppmärksamheten
877 782 47 22 der-

100 812 39 20 vid.
169 812 40 27 Jag
231 811 33 21 för
287 812 41 20 min
352 812 33 21 del
401 812 67 20 skulle
484 818 72 20 gerna,
573 818 33 14 om
622 812 34 26 jag
672 811 37 21 det
724 811 77 25 kunde,
817 811 108 21 utsträcka

99 840 91 26 lindring
213 840 48 21 med
283 840 97 22 afseende
402 841 13 20 å
432 840 128 34 deltagande
575 840 6 20 i
598 840 25 21 de
638 840 135 21 kommunala
789 839 136 27 utskylderna

100 868 31 21 till
154 871 57 19 ännu
233 868 65 22 andra
321 869 65 21 enkor
409 868 39 22 och
470 868 53 21 barn
538 870 26 19 än
576 871 131 30 presternas.
738 868 78 21 Vidare
832 868 93 21 anhåller

98 897 37 32 jag
150 900 31 18 att
197 897 20 21 få
233 903 93 21 upprepa
342 899 26 19 de
383 898 64 25 fakta,
463 903 46 15 som
523 897 36 26 jag
575 897 5 21 i
596 897 47 21 mitt
654 897 127 32 föregående
792 896 133 32 andragande

101 926 5 20 i
130 926 85 20 korthet
231 928 113 18 omnämnt.
374 926 10 21 I
403 926 25 21 de
444 926 82 20 mindre
542 926 143 26 uppstäderna
700 926 6 20 i
722 926 78 22 landet,
817 925 36 21 der
869 926 55 20 inne-

101 955 115 20 vånarenes
237 954 57 21 antal
316 956 23 19 är
360 955 65 25 ringa,
448 954 38 21 har
507 960 48 15 man
572 954 60 21 äflats
648 954 46 21 med
711 957 32 17 att
758 953 62 27 skilja
833 953 31 27 sig
880 954 45 20 från

100 982 225 22 landskommunernas
338 983 138 27 jurisdiction.
509 983 65 21 Detta
589 982 39 21 har
642 983 58 21 skett
716 982 91 25 derföre,
822 984 32 18 att
870 982 56 20 trafi-

100 1011 103 21 kanterna
219 1011 174 27 borgareståndet
409 1012 6 20 i
431 1011 106 25 städerna,
554 1011 32 21 för
596 1011 31 21 sin
639 1010 62 22 trafik
713 1010 61 22 hafva
786 1010 63 22 behof
859 1010 65 21 deraf.

100 1039 49 21 Men
172 1040 75 21 sådant
269 1039 85 27 ålägger
369 1040 154 26 borgerskapet
538 1039 108 27 betydliga
661 1039 92 27 utgifter.
784 1038 120 22 Skollärare
918 1039 7 20 i

100 1068 61 21 dessa
184 1068 115 27 uppstäder
320 1068 62 21 hafva
405 1068 87 21 alldeles
513 1068 46 21 icke
582 1068 65 21 behof
668 1068 22 21 af
705 1068 68 21 denna
786 1067 137 27 jurisdiction.

99 1096 33 21 De
153 1097 68 21 skulle
245 1103 49 15 vara
310 1097 83 26 mycket
409 1096 85 22 belåtna
510 1097 47 20 med
573 1099 31 18 att
620 1096 20 22 få
655 1096 53 21 höra
723 1096 68 21 under
806 1096 120 20 häradsrät-

100 1127 35 18 ten
159 1125 6 20 i
185 1125 40 20 den
241 1125 100 26 landsort,
359 1126 36 20 der
410 1125 75 21 staden
502 1127 24 18 är
541 1124 95 27 belägen.
666 1125 80 21 Genom
763 1130 26 15 en
805 1124 120 25 förändring

100 1153 6 20 i
122 1153 25 22 de
163 1153 134 21 kommunala
314 1153 158 22 förhållandena
488 1153 68 21 skulle
572 1153 25 21 de
613 1153 84 21 komma
713 1155 32 19 att
760 1153 71 21 skatta
843 1152 32 21 för
886 1152 38 21 och

99 1182 48 21 med
171 1182 79 25 ganska
276 1182 65 27 dryga
364 1182 83 26 afgifter
468 1181 85 27 deltaga
576 1182 6 20 i
606 1181 39 22 den
661 1181 131 22 institutions
808 1181 116 21 underhåll.

99 1216 45 15 som
167 1210 118 27 egentligen
302 1210 54 21 blott
371 1211 95 20 kommer
482 1210 26 21 de
524 1210 142 21 trafikerande
682 1209 31 22 till
729 1210 61 25 godo.
822 1209 64 21 Detta
901 1211 24 19 är

100 1238 64 22 också
187 1240 30 19 ett
240 1239 51 26 skäl,
316 1239 97 21 hvarföre
432 1239 36 26 jag
490 1241 112 19 motsätter
624 1239 43 26 mig
690 1245 25 15 en
731 1238 122 25 förändring
868 1237 6 20 i
890 1237 35 22 det

99 1266 121 22 bestående.

168 1323 110 22 Professor
293 1324 143 21 Forsman:
458 1324 41 26 Jag
514 1324 38 21 har
568 1324 6 21 i
590 1323 98 22 afseende
703 1324 14 21 å
727 1323 70 27 gamla
808 1323 117 26 privilegier

100 1359 25 15 en
141 1352 47 21 litet
204 1358 69 15 annan
289 1353 64 21 tanke
369 1355 25 18 än
411 1353 115 21 öfverlärar
542 1352 107 21 Kihlman.
670 1352 41 27 Jag
726 1355 45 18 tror
784 1352 17 27 ej
813 1354 32 19 att
855 1351 70 27 dylika

99 1380 105 22 enskildta
227 1381 197 27 ståndsprivilegier,
443 1387 46 16 som
505 1381 39 21 här
558 1383 25 19 är
597 1380 60 27 fråga
672 1387 41 20 om,
729 1381 72 20 kunna
817 1380 108 21 betraktas

99 1410 68 21 såsom
192 1410 65 26 något
279 1409 56 27 slags
357 1409 77 28 Magna
456 1409 80 22 Charta
551 1409 129 32 libertatum,
696 1409 71 21 hvilka
783 1410 36 20 det
835 1415 48 15 vore
899 1415 25 14 en

98 1438 117 27 grannlaga
237 1437 38 22 sak
299 1440 31 19 att
352 1438 72 27 afsäga
446 1439 38 26 sig,
508 1438 67 21 ehuru
594 1438 37 27 jag
646 1437 115 27 medgifver
777 1440 32 19 att
825 1437 35 21 det
875 1443 50 15 vore

99 1466 88 22 alldeles
209 1467 88 26 onödigt
319 1467 39 21 och
380 1451 125 47 opåkalladt
523 1468 32 20 att
570 1468 51 25 göra
636 1467 69 26 någon
721 1466 108 26 afsägelse,
845 1472 45 15 som
907 1465 16 26 ej

98 1495 34 21 för
154 1495 93 22 tillfället
271 1495 104 22 behöfves.
406 1495 38 22 Ett
466 1495 78 22 sådant
566 1495 64 21 behof
651 1495 39 21 har
711 1495 54 21 dock
782 1501 27 14 nu
825 1493 98 22 inträffat.

99 1523 84 27 Frågan
199 1525 24 20 är
237 1523 104 28 nemligen
357 1530 35 15 om
408 1525 32 20 att
455 1523 21 22 få
490 1523 187 22 stadskommunen
688 1523 81 21 ordnad
781 1523 26 27 på
818 1525 31 19 ett
861 1523 64 25 något
