1117 1817
343 125 162 18 Presteståndet
518 127 54 16 1872.
597 126 27 18 27
635 126 51 17 febr.
860 121 43 21 213

103 204 110 23 hållandet
233 205 90 21 emellan
345 204 48 22 Gud
416 204 39 22 och
471 206 55 23 dem,
542 205 99 21 hvarföre
657 205 133 27 själavården
806 206 35 20 vid
857 212 26 15 en
897 206 33 21 så-

104 233 41 22 dan
160 233 79 22 anstalt
255 233 65 22 borde
335 233 131 22 handhafvas
482 233 24 22 af
520 240 26 15 en
560 236 65 24 prest,
637 239 45 16 som
697 240 52 15 vore
763 233 72 22 bättre
847 233 84 25 aflönad

103 264 27 19 än
153 262 40 21 den
217 267 44 16 som
277 261 33 22 för
325 262 36 21 det
378 262 8 21 i
401 262 78 27 nådiga
494 262 160 27 propositionen
670 262 120 27 föreslagna
805 263 90 22 arvodet
909 263 23 22 af

105 291 62 26 1,000
189 290 61 21 mark
271 290 75 21 endast
369 290 72 21 tidtals
464 290 91 22 besöker
570 291 113 21 anstalten.
713 291 45 21 Min
773 291 106 28 innerliga
893 293 38 20 ön-

103 319 52 21 skan
171 325 50 15 vore
242 319 83 21 derföre
345 321 33 19 att
393 319 35 21 vid
443 325 26 15 en
485 319 67 22 sådan
567 319 121 22 kuranstalt
703 319 69 22 skulle
787 320 102 22 anställas
904 326 26 15 en

102 349 67 26 prest,
183 353 46 16 som
244 347 47 22 icke
305 353 51 16 vore
371 349 69 20 sämre
456 347 85 22 aflönad
556 350 26 19 än
594 348 147 21 öfverläkaren
753 348 36 21 vid
799 349 130 27 densamma,

103 378 23 25 ty
140 377 51 20 våra
213 376 107 21 allmänna
342 376 110 25 anstalter,
468 376 52 22 våra
535 377 123 26 fångvårds-
674 377 76 21 liksom
766 377 40 21 ock
821 377 53 22 våra
889 377 41 22 hit-

103 404 44 22 tills
161 405 82 21 vordna
258 405 206 21 dårvårdsanstalter
479 405 44 21 lida
538 405 70 22 såsom
624 405 89 22 allmänt
727 405 68 21 kändt
809 407 31 24 är,
857 405 22 22 af
889 406 41 21 den

103 433 134 27 synnerligen
260 436 59 19 stora
340 433 186 27 bristfälligheten,
550 435 32 20 att
602 437 112 24 presterna
735 434 36 21 vid
789 433 48 22 dem
853 436 37 19 äro
906 434 26 22 så

102 461 38 22 illa
167 461 96 22 aflönade
287 463 33 20 att
343 462 26 21 de
391 462 33 21 för
447 462 175 21 handhafvandet
644 463 22 21 af
680 463 32 21 sin
728 463 72 26 tjenst,
816 462 113 27 omöjligen

103 490 72 21 kunna
197 490 97 28 uppoffra
317 491 40 21 den
373 491 38 25 tid,
426 497 46 15 som
488 491 36 21 vid
539 497 26 16 en
576 491 24 21 så
610 491 111 22 ömmande
732 491 119 27 befattning
861 491 68 22 skulle

103 525 52 15 vara
169 519 82 26 önsklig
273 519 40 21 och
336 519 138 27 ovilkorligen
496 519 96 27 behöflig.
624 520 66 21 Detta
705 521 24 19 är
744 520 7 21 i
765 519 88 22 korthet
867 520 63 27 sagdt

102 547 57 22 hvad
179 547 37 27 jag
238 548 93 21 önskade
350 548 22 21 få
394 548 130 21 antecknadt
538 549 7 20 i
560 548 136 27 protokollet,
712 548 34 21 för
760 550 33 19 att
808 548 75 27 åtfölja
897 554 32 16 re-

103 576 77 21 missen
195 576 33 21 till
243 576 159 22 vederbörande
417 577 90 21 utskott.

172 633 155 22 Remitterades
341 633 34 22 till
389 635 61 20 stats-
468 633 41 22 och
524 633 210 22 ekonomiutskottet.

173 776 33 21 9:o
236 775 82 27 Nådiga
340 776 162 27 propositionen
524 782 34 15 n:o
581 776 27 21 34
632 782 34 16 om
689 776 125 28 försäljning
829 776 23 22 af
865 778 64 20 stats-

100 804 141 27 jernvägarne
256 804 7 21 i
278 804 79 22 landet.

171 862 156 22 Remitterades
348 862 33 21 till
403 863 153 20 sammansatta
572 864 65 19 stats-
660 862 39 23 och
723 862 206 22 ekonomiutskottet

171 1020 119 28 Föredrogs
312 1022 125 20 ständernas
460 1021 203 27 bankfullmäktiges
682 1020 111 22 skrifvelse
807 1020 24 22 af
844 1021 41 21 den
900 1021 24 21 31

99 1049 91 27 januari,
213 1056 46 15 som
280 1050 66 21 redan
369 1056 26 15 en
413 1050 74 26 längre
502 1050 32 21 tid
549 1050 56 21 varit
620 1050 114 26 bordlagd;
751 1050 48 21 med
815 1050 113 26 anledning

102 1078 76 21 hvaraf

170 1141 200 26 kontraktsprosten
393 1141 124 26 Alopus
539 1141 96 26 yttrade:
660 1140 69 22 Sedan
753 1141 36 20 det
812 1147 28 14 nu
855 1140 70 21 blifvit

101 1169 86 21 ständet
201 1169 122 22 meddeladt
338 1171 33 20 att
386 1169 84 22 ständet
487 1169 67 21 under
570 1176 25 14 en
610 1169 78 21 veckas
703 1169 31 21 tid
750 1169 39 21 har
799 1169 83 21 tillfälle
895 1171 32 19 att

100 1200 51 24 taga
170 1197 119 22 kännedom
312 1204 34 15 om
362 1198 132 26 ritningarna
510 1198 32 21 till
558 1198 36 21 det
609 1197 120 28 föreslagna
744 1204 42 21 nya
801 1197 126 24 bankhuset,

101 1226 39 21 och
156 1226 28 21 dä
198 1226 38 27 jag
258 1226 147 27 förnämligast
428 1227 62 26 yrkat
512 1228 32 19 att
566 1226 156 27 handlingarna
745 1226 68 21 skulle
828 1227 57 26 ligga
899 1226 28 27 pä

101 1254 81 27 bordet,
205 1255 66 21 redan
293 1255 56 21 varit
363 1255 8 21 i
386 1255 83 21 tilltälle
484 1257 34 19 att
533 1255 32 21 till
581 1261 25 15 en
623 1255 34 21 del
672 1261 23 15 se
710 1255 92 21 nämnda
817 1255 110 26 ritningar,

100 1283 68 21 skulle
188 1283 37 26 jag
247 1283 118 26 hemställa,
387 1289 34 15 om
436 1283 48 22 icke
500 1283 86 21 ständet
600 1289 29 15 nu
644 1283 77 23 kunde,
738 1283 32 21 till
785 1283 106 21 vinnande
906 1283 23 21 af

100 1311 38 27 tid,
153 1311 112 22 remittera
285 1312 75 27 sjelfva
379 1312 66 21 saken
460 1311 34 22 till
510 1312 164 21 bankutskottet
689 1311 39 22 och
745 1311 117 22 emellertid
877 1313 50 26 taga

99 1340 120 23 kännedom
235 1346 34 17 om
290 1341 138 27 ritningarna,
448 1341 66 21 innan
530 1341 36 21 det
581 1341 87 26 slutliga
683 1341 126 27 afgörandet
823 1339 102 22 inträffar.

99 1368 41 29 Jag
154 1369 97 21 anhåller
272 1368 56 23 blott
347 1371 32 20 att
394 1369 22 22 få
435 1369 34 21 till
484 1369 132 27 protokollet
630 1369 89 28 tillägga
734 1369 40 21 den
790 1369 87 26 önskan,
893 1370 34 22 att

100 1397 54 24 efter
169 1397 41 22 den
225 1398 120 21 kännedom
358 1397 37 28 jag
410 1398 66 22 redan
492 1398 55 27 tagit
562 1404 34 15 om
612 1397 207 28 kostnadsförslaget
833 1397 40 23 och
888 1397 37 23 rit-

99 1425 102 28 ningarne
223 1426 33 22 till
279 1426 36 23 det
336 1433 41 21 nya
392 1427 68 24 huset,
478 1426 40 21 den
534 1427 40 26 lyx,
590 1433 45 15 som
647 1428 24 20 är
686 1426 118 27 föreslagen
819 1426 35 22 vid
869 1425 58 24 utfö-

100 1455 76 21 randet
191 1454 24 22 af
227 1455 74 26 sjelfva
323 1455 89 26 arbetet,
428 1455 67 21 måtte
510 1455 66 27 något
590 1455 127 22 inskränkas
731 1455 39 21 och
786 1454 142 24 bankutskot-

100 1485 32 20 tet
146 1485 50 25 taga
211 1483 7 21 i
233 1483 155 28 öfvervägande
404 1484 26 21 de
444 1483 146 28 besparingar,
606 1489 46 16 som
663 1483 100 28 möjligen
774 1483 72 22 kunna
856 1485 69 25 göras.
