1117 1817
237 152 43 22 588
453 158 163 17 Presteståndet
629 158 55 17 1872.
709 158 20 16 11
739 157 62 22 april.

209 237 52 27 berg
283 237 120 21 framstäldt
418 237 213 26 petitionsmemorial
646 237 108 27 angående
770 237 121 21 inrättande
906 237 7 21 i
928 231 47 27 Åbo
992 237 47 20 stad

208 267 23 20 af
245 273 26 14 en
287 266 124 27 fullständig
426 265 156 22 lärdomsskola
597 266 48 21 med
660 265 82 22 finskan
758 265 31 21 till
807 265 232 27 undervisningsspråk.

209 295 135 21 Memorialet
366 295 122 20 framhåller
503 294 59 21 såväl
578 295 40 20 den
635 294 93 26 mäktiga
743 294 77 27 impuls
836 301 25 14 en
877 294 66 21 sådan
959 295 80 20 läroan-

209 324 63 21 stalts
294 323 121 21 inrättande
436 323 8 20 i
467 323 36 21 det
520 323 112 26 sydvestra
647 323 102 20 Finlands
765 323 111 26 vigtigaste
892 323 48 20 stad
956 323 84 20 komme

209 354 33 19 att
263 352 74 21 utöfva
357 352 28 26 pä
406 351 208 22 folkskoleväsendet
636 351 6 21 i
665 352 68 20 denna
756 351 32 22 del
809 351 22 21 af
844 351 79 24 landet,
939 357 44 15 som
1000 351 40 21 ock

209 381 41 20 den
274 380 138 25 obestridliga
435 381 105 20 orättvisa
562 382 58 19 emot
636 380 40 21 den
692 380 77 21 talrika
785 380 68 21 finska
868 379 148 27 befolkningen
1032 379 8 21 i

210 409 71 21 denna
303 409 102 24 landsort,
428 415 45 14 som
494 409 67 26 ligger
578 409 50 24 deri,
646 411 32 18 att
693 409 110 24 föräldrar,
819 409 72 20 hvilka
907 408 44 21 dels
966 409 7 20 i
988 408 52 27 följd

210 437 23 22 af
247 438 48 21 sina
309 437 227 27 förmögenhetsvilkor
552 437 45 21 dels
608 437 39 21 ock
660 437 22 21 af
694 437 45 21 sina
752 437 64 21 barns
826 437 133 21 utmärktare
969 439 71 18 natur-

210 467 65 26 anlag
297 467 70 20 känna
390 467 31 26 sig
443 466 90 21 manade
556 468 32 19 att
611 466 22 21 ät
656 466 61 21 dessa
739 466 52 21 söka
810 465 100 22 förskaffa
933 472 25 15 en
975 465 66 26 högre

210 495 103 26 bildning,
330 495 60 21 skola
405 501 22 15 se
443 495 46 20 dem
506 495 94 20 afvisade
612 494 47 21 frän
672 495 83 20 inträde
768 495 5 20 i
787 494 167 21 lärdomsskolan
966 495 74 20 endast

211 524 28 26 pä
258 524 40 20 den
314 524 68 25 grund
398 525 32 19 att
446 524 32 22 de,
493 523 70 21 såsom
578 523 106 21 hafvande
699 523 81 21 finskan
797 523 31 21 till
844 523 133 25 modersmål,
993 522 47 21 icke

211 552 73 21 kunna
307 554 49 25 taga
379 552 33 21 del
434 552 6 21 i
456 559 24 14 en
497 552 204 26 skolundervisning,
717 558 45 15 som
778 552 107 21 meddelas
901 552 27 26 pä
943 551 96 22 svenska.

281 581 68 20 Dessa
372 581 21 20 af
415 581 140 28 petitionären
581 580 125 21 framhällna
731 580 45 21 skäl
801 587 62 20 synas
888 580 104 21 utskottet
1016 580 24 21 sä

211 609 94 24 talande,
328 611 32 19 att
383 609 35 21 det
439 609 46 21 icke
508 610 66 19 annat
597 609 41 20 kan
661 611 26 18 än
710 609 105 26 tillstyrka
838 609 58 21 bifall
915 609 32 20 till
963 608 39 22 den
1019 608 23 21 af

212 637 79 21 honom
307 637 73 27 gjorda
396 637 104 22 anhållan.
524 637 31 27 Ty
570 637 99 21 förnekas
685 637 40 21 kan
742 637 32 22 väl
787 637 46 22 icke
844 637 39 21 den
896 637 144 26 vexelverkan,

212 672 46 14 som
274 666 112 21 förefinnes
402 665 89 21 emellan
508 668 31 18 ett
554 666 62 20 lands
632 666 56 20 olika
703 666 214 25 bildningsanstalter,
929 668 31 19 ett
973 665 67 21 blom-

211 694 88 21 strande
322 694 194 22 folkskoleväsende
539 694 125 21 förutsätter
687 694 129 26 nödvändigt
839 701 25 15 en
887 694 86 21 fortsatt
990 694 51 26 följd

211 722 23 22 af
255 723 269 26 undervisningsanstalter,
548 723 38 21 der
609 722 82 22 landets
713 725 68 21 söner,
798 723 70 20 hvilka
884 722 75 22 sädant
975 722 66 22 önska

212 751 40 21 och
276 751 69 21 dertill
369 751 60 21 hafva
453 751 82 21 tillfälle
552 751 38 21 och
608 751 92 24 kallelse,
716 752 71 20 kunna
803 752 26 26 pä
845 752 39 20 den
901 752 5 20 i
923 750 118 22 folkskolan

212 780 64 26 lagda
299 780 94 26 grunden
415 780 68 26 fortgå
499 779 31 21 till
547 786 25 14 en
590 780 38 20 allt
643 780 65 26 högre
725 780 162 26 bildningsgrad.
917 780 58 20 Intet
990 779 50 24 folk,

213 808 39 21 och
276 808 82 22 säledes
379 808 46 22 icke
447 808 66 21 heller
534 808 40 21 och
597 810 26 19 än
645 808 80 21 mindre
741 809 34 20 det
789 808 151 26 jemförelsevis
955 808 87 26 fätaliga

212 836 69 22 finska
304 837 71 25 folket,
397 837 37 21 har
457 838 37 20 råd
518 840 32 18 att
573 837 95 26 förspilla
686 837 83 27 andliga
785 836 80 22 krafter
880 836 39 22 och
935 836 107 26 förmågor

212 871 77 21 genom
306 865 107 21 bristande
429 872 37 14 ans
482 866 38 20 och
538 865 135 21 omvärdnad.
697 866 30 21 Ar
743 866 35 20 det
794 865 105 26 verkligen
917 865 66 21 allvar
994 865 48 21 med

213 894 26 20 de
262 894 33 21 för
317 894 39 20 den
382 894 114 21 nationella
519 894 109 20 kulturens
652 894 119 26 utveckling
793 894 100 25 vidtagna
907 894 134 26 ätgärderna,

213 922 72 21 kunna
304 922 111 26 omöjligen
431 922 128 26 önskningar
575 923 5 20 i
597 923 37 20 det
649 922 59 27 syfte,
725 922 86 21 hvarom
828 922 39 21 här
881 924 24 19 är
920 922 65 26 fräga,
1002 922 40 20 till-

213 950 118 22 bakavisas.
363 951 65 21 Deras
445 951 147 26 rättmätighet
608 953 24 19 är
646 951 7 21 i
670 953 79 24 ögonen
766 952 98 20 fallande.

241 1002 19 27 A
284 980 28 21 Sä
335 979 86 27 specielt
443 980 55 20 hvad
521 980 66 26 angär
610 986 25 14 en
658 979 53 21 finsk
734 979 165 22 lärdomsskolas
921 979 121 21 inrättande

213 1008 6 21 i
262 1008 35 21 Abo.

284 1037 74 21 Denna
381 1036 46 21 stad
450 1036 101 27 omgifves
574 1036 54 22 intill
651 1037 45 21 sina
719 1039 73 25 portar
815 1037 22 21 af
858 1036 44 22 helt
922 1036 40 21 och
977 1036 66 21 hället

213 1064 69 22 finska
305 1065 90 21 socknar
417 1066 47 20 med
488 1065 46 21 icke
550 1065 60 27 ringa
625 1065 128 27 folkmängd.
785 1065 79 21 Staden
881 1064 51 27 sjelf,
949 1065 47 21 med
1012 1065 30 21 in-

214 1096 59 19 emot
291 1094 77 24 20,000
384 1094 98 21 invånare
498 1096 24 18 är
537 1094 32 20 till
585 1094 31 20 sin
632 1094 166 27 spräkkarakter
813 1094 153 26 öfvervägande
981 1093 61 21 finsk.

214 1122 28 21 Af
257 1129 24 14 en
299 1122 31 21 till
346 1116 46 27 Åbo
409 1122 241 27 domkyrkoförsamling
666 1122 39 21 den
724 1124 25 19 14
765 1122 53 27 april
833 1122 95 21 sistlidne
944 1123 23 20 är
983 1121 60 27 ingif-

214 1157 39 14 ven
270 1151 109 20 skrifvelse
394 1150 44 21 från
455 1150 94 21 komitön
566 1151 32 20 för
614 1151 137 26 uppgörande
767 1151 21 21 af
802 1151 78 26 förslag
891 1150 30 21 till
936 1150 107 27 organisa-

213 1179 46 21 tion
274 1180 20 20 af
310 1179 192 21 folkskolväsendet
517 1179 6 20 i
538 1173 48 27 Äbo
601 1179 55 26 stad,
672 1179 22 21 af
707 1179 84 22 hvilken
807 1179 109 21 skrifvelse
927 1181 115 18 transsumt

213 1207 80 22 härhos
310 1207 86 27 bifogas,
413 1207 110 24 inhemtas,
540 1210 32 19 att
587 1208 22 21 af
623 1208 63 26 2,334
702 1208 59 25 barn,
774 1209 56 20 inom
842 1207 119 22 skolåldern
973 1208 70 20 6—14

213 1236 31 25 år,
268 1236 71 21 hvilka
358 1236 97 21 tillhörde
472 1236 26 21 de
514 1236 81 21 mindre
610 1236 123 21 bemedlade
749 1236 96 21 hemmen
861 1236 56 21 inom
934 1236 40 21 den
990 1242 15 15 s.
1022 1236 20 20 k.

214 1265 117 21 arbetande
354 1264 192 23 samhällsklassen,
570 1271 50 14 voro
642 1266 40 19 786
698 1265 86 21 svenskt
799 1265 85 21 talande
901 1264 39 21 och
957 1271 43 14 mer
1016 1266 27 19 än

214 1293 89 22 dubbelt
320 1293 58 21 detta
394 1293 63 25 antal,
474 1293 51 21 eller
543 1294 68 25 1,598,
627 1293 65 21 finskt
707 1293 91 21 talande.
830 1293 38 22 Ett
883 1293 92 21 ordnadt
991 1293 52 21 folk-

214 1321 134 28 skolsystem,
371 1321 65 26 enligt
458 1321 80 22 hvilket
561 1323 6 19 i
590 1321 69 22 skilda
682 1322 71 21 skolor
771 1322 150 25 undervisning
935 1321 108 22 meddelas

215 1350 135 21 uteslutande
375 1351 27 25 pä
424 1349 74 25 finska,
521 1351 76 20 liksom
620 1351 7 20 i
650 1351 65 20 andra
739 1351 74 21 endast
835 1351 27 26 pä
885 1350 95 26 svenska,
1005 1351 39 20 har

214 1385 89 14 numera
325 1379 6 20 i
375 1378 27 21 Åbo
421 1379 48 20 stad
484 1379 89 20 kommit
589 1379 32 20 till
637 1379 68 26 stånd,
722 1379 106 21 äfvensom
845 1379 58 26 lägre
919 1379 125 21 elementar-

214 1407 82 25 skolan,
320 1407 5 20 i
349 1407 218 21 öfverensstämmelse
591 1407 47 21 med
656 1407 97 27 gällande
767 1408 111 26 gymnasii-
893 1407 39 22 och
947 1407 97 21 skolord-

215 1436 57 26 ning,
297 1435 59 22 alltid
379 1435 44 22 haft
439 1436 104 21 särskilda
560 1435 137 27 afdelningar,
714 1436 37 21 der
766 1437 23 20 ät
805 1436 150 21 finskttalande
971 1441 73 21 gossar

215 1464 150 27 undervisning
388 1464 116 21 meddelats
527 1464 27 27 pä
578 1465 62 20 deras
663 1464 132 21 modersmål.
826 1465 49 21 Men
899 1467 32 18 att
949 1467 48 23 taga
1013 1465 31 20 ett

215 1495 47 24 steg
285 1493 72 26 längre
379 1493 28 26 pä
430 1492 187 27 bildningssträten
640 1493 38 20 har
694 1493 54 21 varit
764 1493 38 21 och
818 1495 23 19 är
857 1493 38 21 allt
911 1495 56 18 ännu
983 1493 61 20 dessa

215 1521 126 24 förmenadt,
358 1521 70 21 derest
443 1521 26 21 de
484 1521 46 21 icke
546 1521 56 22 velat
618 1521 52 21 eller
686 1521 47 27 vilja
748 1521 75 27 utbyta
839 1520 150 23 modersmålet
1000 1523 44 19 mot

215 1552 32 19 ett
270 1549 33 22 för
325 1550 47 21 dem
388 1549 136 27 fremmande,
541 1550 73 21 sävida
630 1550 6 20 i
652 1550 65 26 högre
733 1549 191 22 elementarskolan
940 1549 104 22 svenskan
