1117 1817
240 147 42 19 448
454 150 162 18 Presteståndet
630 152 55 16 1872.
703 152 22 16 21
739 156 64 13 mars.

211 231 26 21 de
260 231 58 21 hålla
340 231 50 20 land
411 231 38 21 och
472 230 44 21 folk
531 231 7 20 i
554 231 92 21 ledband
662 231 53 21 efter
730 231 49 22 sina
795 238 53 20 egna
863 231 94 27 afsigter.
989 231 50 21 Man

211 259 72 22 kunde
306 259 97 27 möjligen
427 259 39 21 här
487 259 99 24 invända,
610 261 32 19 att
662 259 44 27 just
729 260 26 21 de
772 263 58 18 stora
847 261 191 26 peningeresurser,

210 295 46 14 som
279 294 75 20 genom
377 288 47 21 dem
445 288 144 21 inkommen
575 284 16 35 i
611 288 79 24 landet,
713 289 6 20 i
742 289 87 26 månget
852 289 105 21 häseende
972 289 67 20 måste

211 317 66 21 verka
299 316 91 21 lifvande
413 317 38 20 och
474 317 143 21 befordrande
639 317 27 26 på
689 317 39 20 den
745 317 109 22 allmänna
869 317 169 22 samfundsverk-

207 345 120 26 samheten,
350 345 86 21 emedan
460 345 35 21 det
518 347 24 19 är
560 345 33 21 väl
609 345 73 22 kändt,
698 347 32 19 att
747 346 37 21 det
799 348 24 19 är
839 346 25 21 de
880 347 59 26 ringa
955 347 83 26 tillgån-

210 380 67 21 garna
293 374 7 20 i
315 373 47 22 vårt
385 373 55 26 land,
464 380 44 15 som
524 374 34 21 stå
573 374 145 21 hämmande
710 369 14 36 i
734 376 68 24 vägen
819 375 32 21 för
866 375 74 26 många
958 375 82 26 nyttiga

211 403 89 26 företag,
316 408 45 15 som
384 403 66 20 under
466 403 70 20 bättre
551 403 118 26 pekuniära
684 403 147 22 förhållanden
848 403 40 22 lätt
903 403 69 21 kunde
988 403 50 21 stäl-

210 431 32 22 las
257 431 7 21 i
280 431 65 27 gång;
368 437 47 14 men
438 437 48 15 man
508 431 35 21 må
565 431 17 26 ej
606 431 92 26 glömma
719 431 83 26 härvid,
825 432 55 21 hvad
897 433 61 20 dessa
975 432 63 26 judar

211 460 45 21 från
280 460 31 21 sin
334 459 45 22 sida
402 459 67 27 aldrig
491 459 67 21 skulle
582 460 98 26 glömma,
704 460 106 27 nemligen
830 463 32 18 att
877 461 160 26 ifrågavarande

210 488 107 26 kapitaler
332 488 18 26 ej
367 494 49 15 vore
432 488 56 24 våra,
506 488 18 27 ej
542 488 99 21 tillhörde
657 488 47 21 vårt
725 488 70 22 finska
814 489 50 25 folk,
881 492 51 18 utan
948 489 90 21 nämnde

208 517 150 26 judekolonier
380 517 71 20 ibland
475 523 40 17 oss,
539 517 72 21 hvilka
634 523 41 20 nog
697 517 68 21 skulle
793 517 68 22 förstå
883 520 32 19 att
931 524 107 15 ensamma

212 546 67 26 draga
294 545 47 21 hela
357 545 88 27 profiten
462 545 65 21 deraf.
561 546 42 21 Det
618 552 50 14 vore
684 546 18 26 ej
719 546 84 21 landets
819 546 74 26 fördel,
910 549 50 18 utan
977 547 61 20 deras

212 577 48 24 eget
275 574 96 25 intresse,
387 580 44 15 som
448 574 135 21 uteslutande
598 574 70 21 skulle
683 574 32 21 för
731 575 48 20 dem
797 581 50 15 vara
863 577 31 19 ett
909 575 129 26 ögonmärke

211 603 46 24 och,
281 602 55 21 hvad
359 604 61 19 värre
442 605 30 22 är,
490 603 25 20 de
531 602 68 22 skulle
615 603 19 26 ej
650 603 36 20 det
701 603 95 26 ringaste
812 603 63 22 tveka
891 606 32 19 att
939 603 51 21 söka
1006 604 32 20 sin

211 633 68 24 nytta,
295 637 33 15 om
343 631 24 21 så
381 631 96 26 passade,
493 631 28 26 på
536 631 118 21 bekostnad
670 631 23 21 af
705 631 49 21 hela
770 632 37 21 det
822 632 68 21 finska
906 632 76 21 folkets
998 632 40 21 väl.

211 660 142 26 Egennyttan,
376 660 72 20 ockret
471 660 39 20 och
531 660 139 20 snikenheten
685 660 66 20 samla
767 661 63 20 alltid
845 661 46 21 sina
907 661 80 21 skatter
1002 667 36 19 ge-

211 694 49 14 nom
275 688 77 20 andras
367 688 124 26 utsugande.
521 688 28 21 Så
564 688 50 21 sker
629 689 36 20 det
680 688 6 21 i
702 688 65 21 smått
788 689 39 21 och
843 690 23 20 så
882 689 6 21 i
904 692 60 18 stort.
996 689 42 21 För

211 718 33 19 att
258 716 17 27 ej
292 716 69 26 någon
387 717 34 20 må
444 716 95 27 beskylla
554 717 42 26 mig
612 717 32 21 för
659 717 120 26 partiskhet
795 718 39 20 och
850 718 82 20 fördom
949 720 43 18 mot
1005 718 32 26 ju-

212 745 71 26 darne,
299 745 35 21 vill
351 745 62 21 också
427 745 37 27 jag
479 745 38 21 här
532 745 100 23 förklara,
653 747 31 19 att
700 746 35 20 det
750 747 25 19 är
791 746 66 21 hellre
873 746 109 21 beundran
998 746 53 21 och
1039 741 16 35 .

211 774 98 26 sympati,
325 780 45 14 som
383 774 37 26 jag
435 774 62 26 hyser
512 774 32 20 för
560 774 60 21 detta
634 774 63 26 högst
713 774 150 26 märkvärdiga
874 775 93 21 Herrans
976 781 61 20 egen-

212 802 112 25 domsfolk,
348 802 48 21 med
412 802 46 21 dess
474 803 46 20 rika
535 803 86 26 andliga
636 802 116 26 begåfning,
769 804 48 20 med
833 804 70 20 denna
917 804 121 20 underbara

213 831 114 26 smidighet
342 830 40 21 och
396 831 132 27 skicklighet,
544 837 45 15 som
605 833 45 24 gör,
667 833 32 19 att
714 831 26 21 de
755 831 62 21 äfven
826 832 67 21 under
904 832 26 21 de
943 832 94 21 svåraste

212 859 146 21 förhållanden
382 859 68 21 förmå
474 860 73 26 svinga
569 860 32 26 sig
624 866 42 20 upp
690 860 31 20 till
744 860 47 21 sina
807 861 143 26 förtryckares
966 862 71 20 ledare

215 888 38 21 och
269 888 145 21 beherrskare.
444 888 48 21 Men
505 888 37 26 jag
557 888 39 21 ber
611 888 61 25 blott,
690 890 31 19 att
736 889 57 21 mina
809 890 64 20 värde
886 890 151 20 ständsbröder

212 916 49 21 ville
285 916 99 21 betänka,
401 919 31 18 att
448 917 25 21 de
486 916 69 27 judar,
571 918 48 20 med
636 917 71 21 hvilka
722 918 18 20 vi
757 917 39 21 här
812 918 68 20 skulle
895 918 21 21 få
932 920 32 19 att
979 920 57 24 göra,

213 945 16 26 ej
254 947 37 19 äro
315 945 151 21 vesterlandets
482 946 122 26 europeiskt
620 946 90 21 bildade,
727 948 50 18 utan
795 948 83 19 österns
894 946 144 22 ociviliserade

207 974 73 26 judar,
297 974 143 20 beherrskade
455 980 45 15 som
516 974 26 21 de
558 976 36 19 äro
611 974 23 21 af
647 975 128 25 urgammalt
791 974 38 22 hat
844 978 44 18 mot
904 982 33 14 oss
949 975 89 25 kristna,

213 1002 72 21 hvilka
300 1002 26 20 de
342 1002 25 26 ej,
384 1003 86 25 gudnås,
487 1003 27 20 ha
530 1003 64 26 något
610 1003 111 21 historiskt
737 1003 45 21 skäl
799 1006 33 18 att
847 1010 51 15 vara
908 1004 131 20 tacksamma

213 1031 40 21 och
276 1030 106 27 välvilliga
405 1034 61 23 emot,
483 1031 33 21 för
531 1033 31 19 att
578 1032 26 20 de
620 1032 64 20 hafva
699 1038 26 14 en
741 1032 95 26 religion,
853 1039 44 14 som
915 1033 18 25 ej
949 1033 38 20 har
1003 1032 35 21 be-

213 1062 62 18 varat
298 1060 70 26 gamla
384 1062 145 19 testamentets
545 1060 49 21 ädla
609 1060 127 21 universella
752 1061 120 24 tendenser,
889 1061 71 21 hvilka
976 1062 4 19 i
997 1061 42 21 kri-

212 1088 125 21 stendomen
361 1088 61 21 hafva
444 1088 63 26 slagit
531 1091 24 18 ut
575 1089 31 20 sin
624 1089 98 24 blomma,
738 1091 51 19 utan
807 1090 62 20 hafva
885 1090 91 20 hårdnat
991 1090 6 20 i
1014 1096 25 14 en

213 1116 151 27 trångbröstad
387 1117 142 20 kristendoms
551 1117 93 26 fientliga
668 1118 59 25 ande,
746 1118 89 26 insupen
851 1119 64 20 redan
932 1119 46 20 med
995 1124 44 15 mo-

213 1145 148 26 dersmjölken,
386 1145 38 21 och
448 1151 44 15 som
516 1146 67 20 under
605 1146 67 26 skydd
696 1146 22 20 af
739 1146 25 21 de
780 1147 130 20 talmudiska
925 1147 115 20 skrifterna

212 1173 79 21 räknar
314 1173 51 21 svek
388 1174 38 20 och
449 1174 117 26 bedrägeri,
589 1175 110 26 begångna
719 1177 44 18 mot
786 1175 86 25 kristna,
889 1175 18 26 ej
923 1175 69 21 såsom
1009 1177 31 19 ett

212 1202 34 27 fel,
269 1205 52 18 utan
344 1202 66 21 hellre
432 1209 45 14 som
501 1209 25 14 en
549 1203 105 26 förtjenst.
689 1203 40 26 Jag
744 1203 41 20 kan
801 1204 83 20 således
900 1203 18 27 ej
935 1204 105 21 öfverens-

213 1233 90 18 stämma
319 1231 47 20 med
389 1233 134 19 reservanten
538 1231 8 20 i
562 1231 52 21 hans
629 1232 32 20 uti
677 1231 104 21 utskottet
797 1232 96 21 uttalade
909 1233 60 26 åsigt,
986 1235 32 18 att
1033 1232 7 20 i

211 1259 102 26 judarnes
336 1259 94 26 religion,
455 1260 104 26 nemligen
582 1261 26 20 de
628 1260 70 27 judar,
722 1260 72 21 hvilka
811 1261 38 20 här
864 1263 37 18 äro
917 1261 6 20 i
939 1261 65 26 fråga,
1021 1260 18 27 ej

213 1288 61 25 ingår
297 1288 64 25 något
384 1287 104 28 fiendtligt
504 1291 45 18 mot
564 1289 39 20 den
620 1289 7 20 i
643 1289 47 20 vårt
705 1289 121 26 landslagar
842 1290 39 21 och
897 1289 143 22 institutioner

213 1317 96 20 uttalade
325 1317 72 20 moral.
421 1317 31 20 Då
468 1317 65 26 enligt
548 1317 43 20 min
607 1317 52 21 fulla
675 1317 139 27 öfvertygelse
830 1320 31 19 ett
877 1319 117 26 mägtigare
1006 1318 34 27 ju-

214 1345 57 20 diskt
293 1345 118 26 inflytande
432 1345 7 21 i
455 1346 46 20 vårt
516 1346 50 20 land
582 1346 68 21 skulle
666 1346 38 20 här
719 1346 68 21 införa
804 1349 31 18 ett
850 1347 192 20 främmandartadt

214 1373 39 21 och
269 1373 28 26 på
319 1373 49 26 lång
383 1374 31 20 tid
430 1374 168 21 oassimilerbart
614 1375 90 20 element
719 1375 6 20 i
741 1375 203 26 samhällskroppen,
961 1375 80 21 kanske

213 1402 24 20 så
251 1402 85 27 mycket
352 1402 114 27 vådligare,
482 1409 45 14 som
544 1403 34 20 det
586 1403 153 26 jemförelsevis
751 1409 49 15 vore
812 1410 57 14 mera
879 1404 162 26 undanskymdt,

214 1430 39 21 och
270 1431 27 20 då
309 1431 38 26 jag
361 1431 69 20 tillika
445 1431 67 21 måste
527 1431 79 27 befara,
622 1434 32 19 att
666 1432 40 20 den
718 1432 177 26 utomordentligt
905 1433 52 26 högt
972 1432 70 21 drifna

211 1459 87 26 judiska
319 1459 176 27 förslagenheten,
517 1460 76 21 driften
610 1460 39 21 och
666 1460 238 27 beräkningsförmågan
921 1461 67 20 skulle
1004 1461 37 20 all-

215 1488 58 20 deles
289 1487 95 24 förlama,
401 1490 31 19 att
448 1488 18 27 ej
482 1490 58 24 säga,
557 1489 139 26 tillintetgöra
711 1489 46 20 vårt
773 1489 60 20 äfven
850 1489 61 26 eljest
921 1489 48 26 föga
977 1489 64 27 prak-

214 1517 57 20 tiska
291 1516 54 21 folks
369 1522 64 21 svaga
461 1517 128 26 sträfvande,
614 1519 31 19 att
668 1517 119 27 upparbeta
809 1518 30 25 sig
862 1518 32 21 till
917 1518 125 21 ekonomisk

214 1545 176 26 sjelfständighet,
413 1546 41 20 kan
476 1545 37 27 jag
536 1545 17 27 ej
577 1550 65 17 annat
665 1548 26 19 än
713 1546 85 21 tillråda
813 1546 27 21 all
857 1546 134 27 försigtighet
1007 1547 35 20 vid
