1117 1817
341 136 161 19 Presteståndet
515 137 55 17 1872.
587 137 23 17 19
622 136 52 18 febr.
853 132 39 20 145

165 213 146 26 Öfverläraren
327 217 141 21 Kihlman:
492 217 10 20 I
518 216 113 27 anledning
646 216 22 21 af
682 216 39 21 den
731 215 128 27 föregäende
869 216 53 21 tala-

95 253 48 15 rens
166 245 105 28 yttrande,
294 245 39 21 bör
352 245 37 27 jag
409 247 77 19 nämna
501 247 32 19 att
547 245 89 26 tillgång
651 245 28 26 pä
694 243 77 22 aflidne
786 243 136 28 straffängars

95 275 94 27 kroppar
203 273 33 22 väl
252 273 73 26 finnes,
341 280 47 15 men
403 273 47 22 icke
466 273 6 21 i
488 273 114 27 tillräcklig
616 273 85 26 mängd.

165 336 110 21 Professor
290 335 158 22 Ehrström:
478 335 40 27 Jag
532 335 97 22 anhäller
644 335 21 21 fä
680 337 77 19 nämna
772 336 33 20 att
819 335 67 22 redan
899 335 24 22 är

98 367 54 20 1747
175 365 44 21 blef
239 365 100 26 stadgadt
353 365 7 20 i
375 364 92 27 Sverige,
491 366 32 19 att
542 364 56 21 döda
613 363 94 28 kroppar
721 363 54 22 efter
791 363 64 22 oäkta
870 363 53 22 barn

95 394 56 26 finge
166 393 106 27 begagnas
287 393 34 21 vid
337 393 26 21 de
378 392 133 22 anatomiska
526 393 114 21 studierna.
664 392 65 21 Detta
745 392 116 26 stadgande
871 398 52 21 upp-

96 422 73 22 häfdes
186 423 54 20 1770
255 421 7 21 i
277 421 98 22 afseende
391 421 12 21 å
418 421 80 26 Upsala
520 421 130 21 universitet.
681 420 109 21 Huruvida
802 421 70 26 någon
882 420 42 21 för-

95 451 90 26 ändring
201 450 44 21 deri
260 450 120 21 sedermera
395 449 101 26 inträffat,
511 449 81 22 känner
604 449 37 27 jag
656 449 26 27 ej.

165 513 70 22 Sedan
251 513 90 26 ständet,
357 513 27 26 pä
400 513 72 20 derom
488 512 60 27 gjord
563 511 161 27 framställning,
736 513 70 20 ansett
816 512 109 27 petitions-

96 541 133 22 memorialet
250 541 90 27 förtjena
363 541 104 25 afseende,
488 540 80 22 beslöts
582 540 102 27 enhälligt
699 542 32 19 att
750 540 109 21 remittera
879 540 46 21 det-

96 577 81 15 samma
193 569 31 22 till
240 569 95 22 enskilda
350 569 198 22 besvärsutskottet.

167 734 119 26 Föredrogs
309 736 30 19 ett
361 733 196 26 protokollsutdrag
579 733 46 21 från
646 732 148 27 ridderskapet
809 733 39 21 och
863 732 62 22 adeln

97 763 24 21 af
141 763 40 21 den
206 764 25 20 14
251 762 85 26 dennes,
352 762 148 21 innehållande
516 761 155 22 underrättelse
686 761 46 22 icke
747 761 90 21 allenast
852 762 73 21 derom

98 793 33 19 att
145 791 147 27 ridderskapet
309 790 38 22 och
360 790 61 22 adeln
436 790 96 26 godkänt
552 790 225 26 redaktionsförslaget
795 790 33 21 till
844 790 81 22 tacksä-

97 820 160 26 gelseadressen
273 819 32 21 till
321 820 25 20 H.
363 819 25 21 K.
407 819 43 26 M:t,
466 821 52 19 utan
534 818 61 22 äfven
610 825 36 15 om
662 819 35 21 det
712 818 77 25 beslut,
805 818 59 22 hvari
884 818 42 22 rid-

98 848 115 27 derskapet
234 848 40 21 och
295 848 61 21 adeln
372 850 85 19 stannat
472 847 6 21 i
494 847 98 22 afseende
607 848 13 20 &
635 849 66 19 sättet
715 846 33 22 för
763 846 111 22 adressens
889 853 37 15 un-

98 876 165 22 derskrifvande.

167 939 101 21 Härefter
283 938 104 28 begärdes
402 938 62 22 ordet
478 938 23 22 af

168 1002 84 21 Doktor
274 1002 156 26 Alopaeus,
453 1008 45 15 som
517 1001 94 27 yttrade:
642 1001 70 22 Sedan
727 1000 20 22 vi
763 1007 29 15 nu
807 1000 72 22 erfarit
895 1002 32 20 att

99 1031 64 21 också
187 1030 145 27 ridderskapet
355 1030 39 22 och
417 1030 61 22 adeln
493 1030 68 26 afböjt
576 1030 166 21 bondeståndets
757 1029 122 27 inbjudning
895 1030 32 20 att

98 1066 77 20 genom
198 1065 26 15 en
240 1058 90 22 särskild
351 1059 123 27 deputation
489 1058 101 22 framföra
605 1058 41 21 den
661 1058 144 26 underdåniga
820 1058 106 26 adressen,

99 1089 25 20 så
147 1088 31 21 får
198 1088 37 26 jag
257 1087 120 27 ödmjukast
399 1087 32 21 till
452 1088 85 20 ståndet
552 1086 118 26 hemställa,
686 1092 34 15 om
737 1086 17 27 ej
771 1086 156 26 prestaståndet

100 1116 48 21 ville
170 1116 74 26 frångå
267 1116 37 21 sitt
319 1116 57 20 förra
391 1116 70 20 beslut
476 1118 32 18 att
523 1115 74 21 förena
612 1115 32 26 sig
659 1115 48 20 med
722 1114 155 21 bondeståndet
892 1120 35 15 om

100 1151 26 15 en
142 1144 135 27 deputations
292 1143 128 22 afsändande
436 1143 32 22 till
485 1144 59 21 Hans
560 1143 100 27 Majestät
675 1143 104 26 Kejsaren
789 1145 55 19 samt
854 1142 73 21 förena

100 1173 32 26 sig
155 1173 47 21 med
225 1172 148 27 ridderskapet
395 1172 39 21 och
450 1172 62 21 adeln
528 1171 39 22 och
582 1171 176 27 borgareståndet
773 1171 108 22 äfvensom
896 1171 30 21 in-

101 1201 64 26 bjuda
181 1201 155 22 bondeståndet
350 1203 32 19 att
397 1201 65 21 också
477 1201 45 21 deri
537 1200 74 21 förena
626 1200 32 27 sig
673 1200 48 21 med
736 1199 161 28 presteståndet.

169 1263 154 28 Kyrkoherden
347 1263 139 22 Snellman
509 1263 66 26 ansåg
596 1263 66 21 saken
677 1262 53 22 böra
745 1261 90 28 förfalla,
850 1261 27 22 då
891 1261 36 22 två

101 1292 63 22 stånd
178 1293 85 20 stadnat
278 1292 7 21 i
301 1294 31 19 ett
347 1295 45 18 mot
407 1292 26 21 de
448 1291 56 22 båda
520 1291 77 28 öfrigas
612 1293 89 20 motsatt
716 1291 76 22 beslut.

171 1353 110 23 Professor
303 1354 141 22 Forsman:
474 1353 42 28 Jag
537 1353 38 22 ber
597 1355 33 20 att
650 1353 21 22 få
692 1353 138 27 understödja
851 1353 78 22 doktor

102 1383 113 27 Alopaeus”
230 1382 84 27 förslag,
330 1383 40 21 och
385 1383 35 20 vill
436 1383 74 21 endast
526 1382 102 22 anmärka
643 1384 32 19 att
690 1381 73 27 frågan
779 1387 34 16 om
828 1383 66 20 sättet
908 1381 19 27 ej

102 1412 42 21 kan
159 1411 87 22 alldeles
261 1411 89 22 förfalla,
367 1413 22 26 ty
405 1412 64 27 något
484 1413 44 19 sätt
543 1411 67 21 måste
623 1411 33 20 väl
672 1411 6 20 i
694 1411 41 20 alla
745 1410 36 21 fall
792 1410 70 27 väljas.
885 1410 44 21 För

103 1440 41 21 min
168 1439 35 22 del
225 1439 48 22 ville
292 1440 37 26 jag
351 1440 83 25 föreslå,
458 1441 32 20 att
504 1439 85 22 ståndet
604 1439 100 26 enhälligt
720 1439 85 26 frångår
820 1439 37 21 sitt
872 1438 57 22 förra

103 1468 76 25 beslut,
195 1469 27 20 då
237 1469 36 20 det
289 1468 74 21 endast
379 1471 24 18 är
417 1468 59 26 fråga
492 1474 34 15 om
542 1474 26 15 en
583 1467 47 22 icke
645 1467 132 28 synnerligen
793 1467 65 26 vigtig
869 1466 59 25 form,

102 1497 41 21 och
163 1497 69 21 tillika
254 1497 73 21 derom
350 1497 135 21 underrättar
507 1496 157 21 bondeståndet
686 1496 47 21 med
755 1495 124 28 inbjudning
897 1497 32 20 att

103 1525 155 22 bondeståndet
273 1525 48 22 ville
336 1525 79 22 förfara
429 1526 27 26 på
472 1531 80 15 samma
567 1526 48 21 sätt.

839 1562 22 19 10
