1117 1817
233 140 42 20 438
445 143 162 18 Presteståndet
620 144 56 17 1872.
699 144 22 17 21
734 148 64 12 mars.

205 231 60 16 mera
280 224 61 21 heter
356 224 36 21 det
407 224 6 20 i
430 224 39 20 den
485 229 27 15 nu
524 224 158 25 ifrågavarande
695 224 24 19 16
731 224 11 25 $
754 224 23 20 af
786 229 81 15 samma
877 224 48 26 kap.
949 222 85 26 ,Tvista

205 253 174 22 kronohemman,
397 254 30 19 ett
442 252 52 21 eller
508 251 57 25 flere,
582 258 34 14 om
630 252 48 25 jord
694 251 42 28 och
749 251 135 28 byaskilnad;
901 251 60 27 lägge
976 251 57 20 them

206 298 11 9 n
220 281 129 25 Konungens
364 280 226 26 Befalningsbafvande
606 280 93 21 mellan".
722 280 31 21 Är
769 281 14 20 &
798 280 78 21 endera
887 280 60 21 sidan
957 280 77 21 skatte-

206 310 52 21 eller
282 308 119 27 frälsejord;
424 310 66 25 gänge
507 308 46 21 thet
569 308 30 21 till
616 309 162 26 ,Häradsrätt*.
809 309 92 21 Gränsar
917 309 30 20 till
964 309 70 20 thessa

206 338 131 25 almänning;
361 343 49 15 vare
426 337 34 26 lag
475 343 89 15 samma:
581 337 39 21 vch
636 337 97 21 förordne
750 337 130 26 Konungens
896 337 138 26 Befallnings-

206 366 105 21 hafvande
333 367 75 25 nägon,
431 372 44 15 som
491 366 13 21 &
519 365 104 22 embetets
646 368 77 23 vägnar
737 368 40 19 när
793 368 29 23 är,
839 367 22 20 tä
876 365 87 22 Kronan
979 365 33 21 del
1028 365 6 20 i

205 395 66 20 saken
288 394 92 21 hafver*.
405 395 45 20 Den
466 401 28 14 nu
510 394 158 26 ifrågavarande
684 394 117 27 ändringen
815 394 33 21 vill
860 393 89 22 afskaffa
959 394 76 21 sakens

207 423 128 21 hänvisande
356 423 32 20 till
408 423 142 26 ,Konungens
566 423 239 25 Befalningshafvande*
821 423 6 20 i
843 423 58 26 fråga
917 429 33 14 om
963 422 72 27 jorda-

207 452 74 21 tvister
304 451 165 22 kronohemman
492 451 96 21 emellan.
618 451 87 21 Derföre
725 451 90 22 föreslås
831 451 36 21 det
883 452 5 19 i
905 451 38 21 den
960 451 76 26 nådiga

207 480 158 27 propositionen
388 480 85 25 ,Tvista
489 479 135 22 innehafvare
640 479 21 22 af
675 480 174 25 kronohemman,
866 483 31 18 ett
913 479 50 22 eller
978 479 57 23 flere,

207 515 33 14 om
263 515 56 20 egor,
343 508 113 26 råskilnad,
472 508 125 21 fiskevatten
614 508 51 21 eller
680 508 135 27 qvarnställe,
832 508 60 27 lägge
908 508 128 21 Häradsrätt

207 537 48 21 dem
271 537 110 20 emellan".
412 537 44 20 När
476 537 34 20 det
527 536 40 21 blir
583 536 58 27 fråga
657 543 33 14 om
705 537 76 20 tvister
797 537 88 21 emellan
902 537 78 20 skatte-
996 532 40 25 och

207 565 111 26 frälsejord
334 566 13 20 å
362 571 39 15 ena
417 565 59 21 sidan
492 568 54 17 samt
562 565 114 26 kronojord
692 566 12 20 å
720 565 39 21 den
777 566 72 25 andra,
865 567 24 19 är
903 565 35 20 det
949 565 86 21 alldeles

207 594 89 25 onödigt
319 596 30 18 att
373 593 5 21 i
402 595 31 24 Sn
456 596 93 24 upptaga
564 593 61 21 hvem
642 600 43 14 som
701 593 54 22 skall
772 594 72 24 afgöra
860 594 86 24 tvisten;
963 596 21 24 ty
1000 594 36 20 det

207 625 24 18 är
244 623 24 26 ju
285 622 86 21 alldeles
387 622 105 26 sjelffallet
508 625 38 23 att,
563 622 26 21 dä
605 623 35 20 det
656 622 258 26 undantagsförhällande,
926 629 44 14 som
982 622 54 21 varit

206 650 129 22 stadfästadt
358 651 164 20 kronohemman
546 651 96 23 emellan,
666 653 24 18 är
708 651 121 26 upphäfvet,
846 652 74 19 tvister
936 651 5 20 i
957 651 79 20 sådana

207 679 43 25 fall,
275 679 64 26 enligt
363 680 10 24 $
400 681 30 22 14,
454 679 116 20 tillkomma
595 679 130 21 häradsrätts
742 679 121 26 afgörande.
894 679 72 26 Enligt
981 679 56 21 hvad

207 707 107 27 professor
337 707 108 21 Ehrström
470 707 38 21 har
531 707 75 25 anfört,
630 707 52 21 höra
705 708 64 20 ocksä
793 707 152 27 allmänningar
970 708 67 20 under

209 736 62 20 dessa
287 736 156 26 benämningar,
460 736 38 20 der
513 736 77 20 sådana
609 735 72 21 finnas.
711 736 40 26 Jag
768 736 79 21 önskar
862 736 82 20 derföre
960 736 76 20 under-

207 764 63 21 stöda
294 764 48 20 herr
365 770 11 14 v
400 764 85 21 Hellens
501 764 85 26 förslag,
602 765 68 20 säsom
686 765 93 20 varande
796 767 93 18 närmast
905 764 40 21 den
961 764 75 26 nädiga

208 793 165 26 propositionen,
397 792 59 21 äfven
480 793 4 20 i
508 794 36 19 det
566 795 31 18 att
620 793 40 20 han
682 792 88 22 föreslår
786 793 123 25 förändring
925 792 21 22 af
961 794 26 20 40
1003 793 11 26 $
1030 793 6 20 i

208 821 77 26 Kongl.
304 821 157 21 Instruktionen
478 821 31 20 för
525 821 198 26 landshöfdingarne
739 821 23 21 af
776 822 39 20 den
833 822 13 20 4
857 821 114 21 november
984 822 52 20 1734

209 849 39 21 och
266 849 22 21 af
303 851 26 19 20
347 850 11 26 $
374 850 7 20 i
397 849 75 26 Kongl.
488 850 151 20 Resolutionen
655 851 27 25 pä
697 850 117 26 allmogens
831 850 74 21 besvär
921 850 22 20 af
957 851 38 20 den
1010 850 26 21 29

206 878 45 26 juni
270 878 59 21 1752.

279 935 110 21 Professor
412 935 154 21 Ehrström:
599 936 79 20 Lektor
699 935 107 21 Johnsson
830 936 38 20 har
886 936 61 26 yrkat
963 936 26 26 pä
1004 938 33 18 att

209 964 52 21 sista
285 964 109 26 meningen
411 964 5 20 i
433 964 39 20 den
494 964 117 26 föreslagna
627 964 114 26 ändringen
759 963 20 21 af
800 965 22 19 16
838 964 11 27 $
868 966 24 19 10
908 964 47 26 kap.
972 965 22 20 R.
1011 964 25 21 B.

208 993 68 21 skulle
299 993 56 24 utgä,
381 992 85 21 emedan
487 992 115 21 utskottets
625 992 135 25 formulering
784 993 59 21 deraf
864 993 38 21 har
917 992 120 22 framkallat

209 1022 56 20 olika
281 1021 78 25 äsigter
374 1020 65 21 redan
456 1021 37 20 hos
509 1021 144 21 ledamöterne
669 1022 4 18 i
690 1021 111 24 utskottet,
823 1021 39 21 och
879 1021 81 21 derföre
976 1022 60 20 äfven

209 1050 21 20 af
246 1049 119 27 lagskipare
381 1049 69 21 kunde
465 1050 69 20 tolkas
550 1050 62 20 olika.
645 1050 41 20 För
702 1050 40 20 min
760 1050 33 20 del
811 1050 38 20 har
861 1050 36 26 jag
914 1052 70 19 ansett
997 1050 39 21 den

209 1078 84 23 tvekan,
317 1084 44 14 som
385 1077 87 21 friherre
492 1078 102 26 Carpelan
611 1078 83 24 uttalat,
711 1078 18 26 ej
745 1084 51 15 vara
812 1078 123 26 tillräckligt
951 1078 86 21 motive-

209 1107 48 25 rad;
276 1110 27 23 ty,
321 1106 26 21 dä
363 1107 4 19 i
385 1106 113 21 utskottets
514 1106 78 26 förslag
607 1106 96 22 hänvisas
720 1106 31 21 till
767 1106 55 22 hvad
838 1114 45 14 som
899 1107 99 21 särskildt
1014 1109 24 19 är

209 1135 108 26 stadgadt,
341 1135 23 20 sä
381 1135 39 20 kan
438 1135 57 20 detta
510 1135 18 26 ej
545 1141 65 19 gerna
626 1135 100 20 innebära
743 1138 72 21 annat,
831 1137 26 18 än
874 1136 55 20 hvad
945 1136 6 19 i
967 1138 71 19 ämnet

209 1163 141 21 öfverhufvud
372 1165 24 18 är
411 1163 104 26 stadgadt,
532 1163 38 20 och
587 1163 81 21 således
685 1163 58 21 äfven
761 1166 32 18 att
808 1170 37 19 syn
861 1163 53 21 skall
931 1164 105 23 anställas,

209 1191 39 21 och
266 1194 31 18 att
314 1191 68 21 denna
398 1197 36 20 syn
450 1191 6 20 i
473 1192 53 20 vissa
542 1191 35 21 fall
594 1193 84 25 pröfvas
694 1191 21 21 af
729 1192 156 25 häradsrätten,
901 1193 69 20 såsom
984 1193 6 20 i
1001 1193 11 20 2
1026 1193 11 26 $

209 1221 27 20 27
261 1220 47 26 kap.
332 1220 17 20 B
377 1220 23 20 B.
420 1222 67 23 säges.
517 1220 40 26 Jag
574 1227 60 14 anser
651 1221 66 26 nägon
734 1221 78 20 tvekan
829 1221 71 20 derom
917 1222 23 20 sä
956 1221 82 27 mycket

209 1249 81 20 mindre
307 1249 70 20 kunna
393 1249 126 26 uppkomma
542 1255 44 14 som
604 1249 34 20 det
654 1249 5 20 i
673 1249 71 27 9827
757 1249 48 26 kap.
818 1249 22 21 B.
851 1249 22 21 B.
885 1251 24 19 är
925 1249 112 26 bestämdt,

209 1280 32 18 att
257 1277 90 26 ändring
363 1277 4 20 i
385 1277 158 20 häradsrättens
560 1277 69 21 beslut
645 1277 108 26 angäende
770 1284 37 20 syn
823 1279 13 20 &
852 1278 121 26 kronogärd
984 1278 54 21 skall

209 1305 63 21 sökas
295 1306 38 20 hos
349 1307 130 24 guvernören
496 1305 51 21 eller
564 1301 18 35 ,,
578 1306 128 24 Konungens
722 1306 244 26 Befalningshafvande*,
998 1307 41 21 Det

209 1336 24 19 är
249 1334 107 21 dessutom
374 1334 4 20 i
395 1334 58 26 fråga
469 1340 33 15 om
519 1334 85 27 sytning
625 1335 38 20 och
680 1337 63 18 annat
760 1335 73 26 dylikt,
850 1341 45 14 som
911 1337 36 19 rör
962 1336 76 21 krono-

209 1362 99 21 hemman
322 1358 9 36 =
340 1362 140 27 uttryckligen
496 1363 105 26 stadgadt,
618 1365 31 18 att
666 1363 70 26 frågor
751 1363 74 21 derom
841 1363 60 21 skola
917 1364 122 21 förberedas

210 1391 33 20 vid
260 1391 121 20 häradsrätt
398 1391 37 20 och
452 1391 91 21 derifrån
559 1392 27 25 gå
602 1391 32 21 till
649 1393 137 24 guvernören.
819 1391 44 22 Allt
881 1391 59 22 detta
956 1393 83 20 komme

209 1419 131 21 fortfarande
363 1421 32 19 att
417 1419 61 26 gälla,
502 1419 39 21 och
564 1426 34 20 jag
619 1419 67 22 finner
706 1421 17 25 ej
741 1421 68 25 någon
827 1421 126 26 motsägelse
969 1421 70 20 härtill

209 1447 57 27 ligga
289 1448 5 19 i
319 1448 40 20 den
382 1447 23 21 af
424 1448 105 21 utskottet
551 1448 120 26 föreslagna
687 1449 138 21 redaktionen
842 1449 22 20 af
880 1450 25 19 16
922 1450 11 26 &
952 1451 24 19 10
992 1449 47 27 kap.

209 1476 25 21 R.
251 1476 18 21 B.
307 1476 74 21 Likväl
399 1476 33 20 vill
448 1476 35 26 jag
498 1477 111 26 medgifva,
626 1479 31 18 att
672 1477 51 20 sista
740 1478 110 25 meningen
867 1477 6 20 i
889 1479 10 24 $
916 1478 80 25 ganska
1006 1478 34 21 väl

209 1505 42 20 kan
275 1505 105 25 umbäras,
403 1505 25 20 dä
452 1505 35 20 det
509 1505 140 27 uttryckligen
665 1505 66 22 finnes
747 1506 102 21 särskildt
865 1507 104 25 stadgadt,
986 1507 54 21 huru

209 1534 60 20 såväl
292 1533 47 21 med
363 1534 36 20 det
422 1539 38 15 ena
485 1539 44 15 som
547 1534 47 20 med
610 1534 36 21 det
662 1534 65 21 andra
742 1534 55 21 skall
814 1535 95 21 förfaras.
940 1535 42 21 För
998 1536 42 21 min
