1117 1817
215 137 41 21 326
426 140 162 18 Presteståndet
600 142 56 17 1872.
680 143 22 15 14
715 146 61 12 mars.

185 222 24 21 af
227 222 160 26 ifrågavarande
401 220 114 27 giftermål,
531 221 88 20 emedan
635 221 59 21 äfven
711 221 68 21 andra
794 222 88 20 orsaker
897 221 71 21 kunna
983 221 31 20 in-

186 249 65 22 verka
273 250 28 27 på
323 250 118 21 resultatet.
472 249 65 22 Emot
559 249 61 21 dessa
643 249 118 22 statistiska
777 249 107 27 uppgifter
900 249 38 22 och
955 249 58 21 äfven

185 281 59 19 emot
259 278 125 27 påståendet
400 281 31 18 att
446 277 130 27 sedligheten
592 277 6 21 i
614 278 72 21 landet
701 278 68 21 skulle
786 278 61 21 hotas
863 277 22 22 af
894 277 121 26 betänkliga

185 307 74 23 vädor,
282 307 41 20 kan
346 306 122 22 framhållas
486 308 32 19 att
532 305 51 22 flere
599 307 73 20 länder
688 306 56 21 förut
759 306 64 21 hafva
839 307 176 26 experimenterat

184 337 29 25 på
229 335 59 21 detta
305 335 82 26 vådliga
403 337 46 19 sätt.
474 335 43 28 Det
532 334 61 21 torde
609 335 17 26 ej
641 341 49 15 vara
701 335 100 24 obekant,
815 336 32 19 att
859 341 48 15 man
918 335 6 21 i
935 335 78 21 Frank-

186 364 45 21 rike
255 363 73 21 tillåtit
346 363 71 27 dylika
432 363 118 26 äktenskap
566 366 55 19 samt
636 363 32 21 till
684 363 39 21 och
740 363 49 22 med
808 363 108 25 medgifvit
931 363 84 27 dispens

186 392 33 21 för
241 392 118 27 äktenskap
380 391 60 22 äfven
456 393 6 20 i
479 394 97 19 närmare
591 391 166 28 skyldskapsled.
791 391 48 22 Men
859 391 117 22 Frankrike
992 394 24 19 är

186 421 122 21 nuförtiden
331 421 46 20 icke
400 421 106 26 populärt.
530 420 39 21 och
590 421 36 26 jag
648 420 35 21 vill
705 420 18 27 ej
742 421 63 20 stöda
822 420 42 26 mig
879 421 27 26 på
921 421 94 26 exempel

186 449 99 26 derifrån,
311 449 26 21 då
359 449 59 21 äfven
435 449 36 26 jag
487 449 66 21 måste
569 455 51 15 anse
635 449 89 21 sederna
741 449 110 20 derstädes
867 449 6 20 i
889 449 76 26 många
979 448 37 21 fall

187 485 51 14 vara
261 484 42 20 nog
325 477 73 27 slappa.
435 478 101 21 Deremot
560 477 61 21 torde
644 477 36 21 det
703 478 17 25 ej
743 477 68 21 finnas
833 478 82 26 många,
936 483 44 15 som
996 477 18 27 ej

187 506 63 22 ställa
266 506 39 21 den
322 506 60 27 tyska
398 506 99 21 nationen
514 505 37 22 och
568 506 100 21 särskildt
683 505 36 22 det
734 505 123 28 preussiska
873 505 66 22 folket
953 505 61 27 högt;

187 535 39 21 och
247 535 37 26 jag
299 534 79 21 tillåter
393 535 42 26 mig
451 535 82 20 derföre
549 536 32 19 att
596 535 108 24 anmärka,
720 537 33 18 att
769 534 205 27 äktenskapshinder
989 535 27 26 på

187 563 70 27 grund
279 563 21 21 af
322 565 51 18 nära
388 563 234 26 blodsförvandtskap*)
638 564 101 19 existerat
754 563 6 20 i
779 563 94 21 Preusen
889 563 127 21 åtminstone

187 592 65 21 sedan
270 592 60 22 1794,
348 592 25 20 dä
385 591 39 22 den
436 591 120 27 preussiska
569 607 10 9 ,,
582 591 106 25 allmänna
699 591 147 21 landsrätten*
859 591 42 21 blef
911 591 103 27 gällande.

187 621 43 20 Det
253 622 24 19 är
295 621 5 20 i
317 620 106 26 Tyskland
439 620 55 21 blott
510 620 150 22 undantagsvis
676 619 37 22 och
730 619 96 22 särdeles
841 619 6 21 i
863 620 26 21 de
904 619 112 22 katholska

187 648 109 24 länderna,
313 655 44 14 som
374 655 47 14 man
437 648 111 21 bibehällit
564 649 25 20 de
604 648 70 27 gamla
690 648 93 27 lagarne.
816 648 43 21 Har
874 648 142 21 förhällandet

187 677 7 21 i
209 677 105 21 Preussen
330 677 17 26 ej
365 677 44 21 ledt
424 677 30 20 till
472 678 64 25 nägot
551 677 85 21 svärare
651 677 90 21 resultat
757 679 27 18 än
801 679 32 18 att
849 677 35 21 det
897 677 119 25 preussiska

187 705 67 21 folket
275 705 44 21 helt
339 711 48 20 nyss
403 705 80 21 kunnat
498 705 98 21 utveckla
611 711 25 15 en
652 704 57 22 kraft
724 711 45 15 som
786 705 98 21 förvänat
899 705 48 21 hela
963 705 51 21 verl-

188 734 47 26 den,
259 734 22 20 sä
305 734 40 20 kan
369 734 35 20 det
426 734 18 26 ej
469 733 65 21 heller
554 733 31 21 för
601 734 46 20 värt
662 733 44 21 lilla
721 733 43 21 folk
782 732 63 22 blifva
860 734 24 20 sä
899 733 70 27 farligt
984 736 32 18 att

187 762 72 21 tillåta
273 762 118 26 äktenskap
407 762 88 21 emellan
512 762 146 26 syskonbarn.'

256 790 41 27 Jag
319 790 115 27 tillstyrker
454 790 154 26 godkännande
631 790 21 21 af
673 790 118 21 utskottets
808 790 131 22 betänkande
955 790 59 22 äfven

188 820 27 26 på
235 819 36 21 det
286 819 22 21 af
322 818 49 22 flere
388 819 66 21 talare
470 819 64 21 redan
548 818 125 22 framhållna
688 819 75 25 skälet,
781 821 32 19 att
829 819 40 21 alla
885 819 109 26 dispenser
1008 820 6 19 i

188 848 61 20 civila
273 848 40 21 mål
335 848 92 26 förringa
450 847 114 27 aktningen
588 848 31 20 för
641 847 61 27 lagen
718 849 56 19 samt
791 847 63 22 också
868 847 101 21 innebära
984 849 31 20 ett

187 876 80 26 vådligt
291 876 149 26 medgifvande,
464 876 80 21 hvilket
566 876 18 26 ej
607 876 67 20 sällan
694 876 67 20 blifvit
778 876 105 21 utsträckt
895 876 78 26 jemväl
984 876 31 21 till

187 905 47 21 icke
249 904 6 21 i
272 905 34 26 lag
321 904 105 27 medgifna
441 904 151 22 förhållanden.
616 904 42 21 Det
674 904 38 21 har
728 904 69 21 blifvit
813 904 103 24 anmärkt,
933 907 32 18 att
980 904 35 22 det

188 940 29 14 nu
226 933 55 27 hade
289 934 54 20 varit
353 936 67 18 större
431 933 45 21 skäl
486 936 30 18 att
528 932 105 28 upphäfva
644 932 88 22 hindren
744 933 33 21 för
788 933 117 26 äktenskap
916 932 6 21 i
933 934 82 26 svåger-

188 961 40 27 lag.
259 962 67 21 Afven
340 963 35 25 jag
391 968 61 15 anser
468 961 69 21 dertill
552 961 62 21 hafva
627 962 69 20 funnit
707 962 57 24 skäl;
782 968 46 14 men
846 961 26 21 då
888 962 40 20 den
939 962 75 26 nådiga

188 990 157 27 propositionen
362 990 71 21 derom
449 991 53 20 intet
518 992 93 23 nämner,
628 990 38 21 har
682 990 141 25 lagutskottet
839 990 17 26 ej
873 990 80 21 kunnat
966 992 48 24 taga

188 1020 69 25 någon
274 1018 117 27 befattning
407 1019 46 21 med
470 1019 60 21 dessa
545 1018 212 27 äktenskapshinder.

257 1121 33 20 Då
313 1121 55 21 tiden
392 1127 86 14 numera
495 1121 129 21 framskridit
640 1121 31 21 till
688 1121 91 21 klockan
795 1121 28 27 1/,
839 1122 12 20 3
867 1128 17 13 e.
901 1128 26 14 m.
944 1121 70 21 afbröt

187 1149 26 20 hr
235 1149 145 21 talmannen
404 1149 97 21 ärendets
519 1149 127 27 behandling
664 1150 33 20 för
715 1150 60 20 detta
791 1149 162 26 sammanträde,
969 1156 45 15 som

187 1177 84 22 derföre
287 1184 29 15 nu
331 1178 112 27 upplöstes.

257 1269 66 22 Nästa
339 1269 83 27 plenum
439 1271 89 19 utsattes
544 1269 31 21 till
591 1269 100 27 lördagen
705 1269 40 22 den
760 1271 25 19 16
797 1269 78 22 dennes
887 1269 27 21 kl.
928 1269 42 22 10f
986 1276 27 15 m.

792 1326 21 17 In
826 1325 61 18 fidem:

688 1366 51 21 Carl
756 1366 51 21 Joh.
824 1367 131 28 Lindegvist.

257 1463 15 21 *j
291 1463 66 17 Genom
376 1463 108 18 förbiseende
502 1468 54 17 synes
572 1463 67 17 talaren
651 1463 29 17 vid
692 1463 135 22 genomgående
839 1463 18 17 af
869 1462 103 23 protokollet
983 1462 31 17 här

187 1485 53 18 hafva
252 1486 84 17 utstrukit
348 1486 54 17 orden
414 1486 24 22 »ej
451 1486 45 23 ham,
508 1485 60 18 hvilka
580 1486 93 17 återfinnas
686 1486 5 17 i
703 1486 30 17 det
746 1486 123 22 ursprungliga
881 1485 98 22 konceptet.

844 1509 42 22 Utg.
898 1513 46 13 anm.
