1117 1817
213 127 42 21 270
430 130 162 19 Presteständet
605 132 56 17 1872.
686 132 11 17 7
708 136 62 12 mars.

184 211 71 21 kunna
271 211 40 21 och
325 211 53 21 böra
393 210 110 27 aflägsnas,
519 211 39 20 och
574 211 105 20 utskottet
693 210 38 21 har
746 213 55 19 trott
817 214 31 18 att
858 212 75 21 sådant
943 211 69 21 skulle

184 241 56 20 ännu
255 240 14 20 å
281 240 68 21 denna
364 239 101 27 landtdag
481 239 72 20 kunna
567 239 163 21 åstadkommas.
753 239 11 22 I
780 239 105 22 utskottet
897 239 39 22 har
947 239 66 22 också

184 267 68 22 blifvit
271 267 116 27 ifrågasatt,
410 267 55 21 hvad
488 267 49 21 herr
560 267 75 27 biskop
658 267 119 22 Schauman
793 274 29 15 nu
837 268 108 27 föreslagit
959 268 6 21 i
981 268 30 21 af-

184 297 77 21 seende
283 297 14 20 å
319 295 193 27 embetsgårdarne,
536 296 103 26 nemligen
654 299 32 18 att
700 296 149 27 privilegierna
864 297 6 20 i
885 296 98 22 afseende
998 297 14 21 å

185 325 60 21 dessa
267 324 68 21 skulle
357 324 82 27 afsägas
461 324 56 21 blott
539 323 33 22 för
594 325 117 21 framtiden,
728 324 40 21 och
783 325 106 21 utskottet
904 325 38 21 har
960 327 51 20 trott

185 360 25 14 en
231 353 66 21 sådan
312 353 132 24 bestämning
460 353 71 21 kunna
547 352 105 27 tillämpas
667 353 59 21 äfven
741 354 14 20 å
771 353 81 22 sådana
867 354 83 26 gårdar,
965 360 45 15 som

185 387 50 20 egas
253 381 24 21 af
290 381 95 22 ståndets
400 381 118 22 ledamöter
532 382 69 20 såsom
618 381 62 21 deras
696 381 112 26 enskildta,
825 381 50 22 eller
889 382 123 21 innehafvas

184 409 24 22 af
229 410 126 27 prestenkor
378 409 39 22 och
438 410 59 21 barn.
530 409 49 22 Man
598 410 38 21 har
651 409 103 26 nemligen
771 410 18 25 ej
807 411 62 25 velat,
885 413 32 18 att
932 410 25 21 de
974 417 36 14 nu-

185 439 92 21 varande
301 439 161 20 innehafvarene
484 438 68 21 skulle
575 438 48 21 med
646 445 36 14 ens
705 438 98 22 beröfvas
822 439 61 21 deras
898 441 49 22 rätt,
964 445 47 15 men

185 470 70 19 ansett
277 467 193 26 grannlagenheten
493 466 79 27 fordra,
594 469 32 18 att
648 467 77 26 förslag
747 467 74 21 härom
843 467 55 26 finge
913 467 97 22 väckas
997 462 15 36 i

184 495 73 27 sjelfva
279 495 36 22 det
330 495 154 27 priviligierade
498 495 92 21 ståndet.
621 495 49 21 Man
686 495 39 21 har
740 496 105 25 anmärkt,
861 498 32 19 att
909 496 101 21 lärostån-

185 524 46 21 dets
253 524 6 21 i
281 524 48 21 stad
351 523 81 22 boende
456 523 147 22 medlemmars
626 525 55 20 samt
703 523 76 27 fattiga
800 524 77 21 enkors
892 524 39 21 och
947 524 63 21 barns

184 552 114 27 tillgångar
313 552 67 21 blefve
395 551 149 25 förminskade,
560 551 44 22 ifall
616 553 115 20 utskottets
745 552 127 21 hemställan
883 553 68 20 skulle
963 553 47 21 leda

184 580 31 21 till
238 581 157 26 privilegiernas
417 580 152 27 upphäfvande.
602 580 49 21 Men
667 581 27 20 då
708 581 106 21 utskottet
829 581 80 21 fattade
924 581 37 21 sitt
976 581 35 21 be-

184 609 47 27 slut,
252 609 93 26 förbisäg
361 609 36 21 det
413 609 24 26 ej,
454 611 32 18 att
502 609 69 21 denna
586 609 120 26 minskning
721 609 47 21 icke
784 609 83 21 komme
883 612 32 18 att
931 609 79 22 drabba

185 637 47 23 alla,
255 640 51 19 utan
323 637 54 21 blott
392 644 24 14 en
433 637 33 21 del
482 637 22 21 af
518 638 167 25 presteständets
701 638 5 20 i
722 638 48 21 stad
787 637 82 22 boende
884 637 125 27 ledamöter;

185 668 22 24 ty
229 665 46 21 icke
298 665 41 21 alla
362 669 80 23 prester
465 672 39 20 ega
521 665 78 27 gårdar
614 666 6 20 i
636 666 52 21 stad.
720 666 79 21 Likaså
814 665 100 22 förhåller
929 666 35 21 det
979 667 31 25 sig

185 694 38 21 ock
240 694 47 21 med
304 694 124 26 prestenkor
443 694 39 21 och
498 694 121 26 prestbarn;
642 697 23 24 ty
680 694 54 21 blott
750 694 34 26 de,
800 700 45 15 som
861 696 36 19 äro
913 700 62 20 egare
990 694 22 22 af

184 722 85 26 gårdar;
290 723 65 25 draga
377 724 60 25 nytta
459 722 22 21 af
503 723 60 20 dessa
579 722 124 27 privilegier.
734 722 276 28 Kommunalförvaltnings-

184 750 101 27 förslaget
307 752 38 24 går
367 753 24 19 ut
413 751 26 26 på
462 753 31 19 att
514 750 42 22 alla
572 751 125 21 innevånare
713 751 6 20 i
734 751 49 21 stad
799 751 59 21 skola
873 751 33 21 för
921 751 45 21 sina
981 752 30 20 in-

185 780 94 20 komster
301 780 70 20 skatta
394 779 31 21 till
446 779 81 25 staden,
551 780 39 20 och
614 779 35 21 det
672 782 23 18 är
712 780 141 26 uttryckligen
870 780 93 23 nämndt,
978 782 33 19 att

185 808 31 20 till
237 808 68 25 grund
329 807 31 21 för
383 808 121 26 taxeringen
520 808 60 21 skola
596 808 72 26 läggas
684 808 58 21 äfven
759 808 114 26 pensioner
887 808 39 21 och
942 814 68 15 annan

184 836 99 21 inkomst.
314 836 31 21 De
368 836 124 27 prestenkor
515 836 39 21 och
577 836 59 23 barn,
656 842 45 15 som
717 838 37 19 äro
773 836 84 21 bosatta
872 836 5 21 i
893 836 54 24 stad,
963 843 47 15 men

185 865 17 25 ej
219 871 39 19 ega
273 865 83 26 gårdar,
373 867 49 18 utan
437 864 54 22 lefva
506 864 22 21 af
542 865 87 26 pension
645 864 51 22 eller
711 867 66 19 annat
793 865 122 25 understöd,
926 864 20 22 få
958 865 52 21 såle-

185 893 37 21 des
237 892 112 22 framdeles
365 893 85 26 erlägga
466 892 84 28 afgifter
565 893 31 21 till
612 893 75 21 staden
702 893 33 21 för
751 893 62 21 dessa
828 893 45 21 sina
889 893 119 27 tillgångar;

185 921 110 21 hvaremot
318 922 31 26 de,
373 928 44 14 som
438 924 36 18 äro
497 922 5 20 i
526 922 40 21 den
585 928 58 14 mera
658 922 86 26 lyckligt
760 922 81 21 lottade
857 922 98 26 ställning
971 922 38 20 och

184 950 62 21 hafva
261 950 83 26 gårdar,
360 950 17 26 ej
394 950 67 21 skulle
477 950 89 21 behöfva
582 950 71 21 skatta
669 950 31 21 för
715 951 40 20 den
772 952 60 24 nytta
848 950 51 21 eller
911 950 99 27 inkomst,

185 978 26 21 de
227 978 62 21 hafva
304 979 22 20 af
340 978 65 21 dessa.
435 978 60 21 Hvad
511 978 186 27 embetsgårdarne
713 978 107 25 beträffar,
836 979 79 26 nödgas
923 979 38 26 jag
971 979 39 21 ock

185 1007 108 25 anmärka,
306 1009 31 19 att
353 1007 18 26 ej
387 1006 41 22 alla
444 1010 82 23 prester
542 1007 6 20 i
564 1007 99 21 städerna
678 1010 36 18 äro
729 1007 6 20 i
747 1007 125 27 åtnjutande
883 1006 64 27 deraf,
959 1010 50 18 utan

185 1035 55 21 blott
263 1042 26 14 en
308 1035 32 21 del
357 1036 21 20 af
392 1036 65 20 desse.
487 1035 73 27 Enligt
576 1036 100 26 förslaget
691 1036 30 20 till
739 1036 249 26 kommunalförvaltning
1003 1036 6 20 i

185 1064 47 21 stad
255 1064 84 21 komme
359 1064 94 26 taxering
476 1064 32 20 till
526 1064 170 27 stadsutskylder
710 1066 31 19 att
757 1064 38 21 ske
811 1064 32 21 för
858 1064 91 21 inkomst
964 1065 46 20 icke

186 1092 54 21 blott
255 1092 22 21 af
291 1092 58 21 löner
365 1092 38 22 och
419 1093 111 25 pensioner
546 1096 55 17 samt
613 1095 65 18 annat
694 1092 73 27 dylikt,
785 1094 50 20 utan
851 1093 38 20 ock
905 1093 21 20 af
936 1093 74 26 näring

184 1120 39 21 och
246 1120 99 27 fastighet
381 1120 110 21 Förblefve
514 1127 27 14 nu
563 1121 166 26 prestaståndets
745 1121 161 26 embetsgärdar
927 1121 83 26 privile-

185 1149 90 25 gierade,
297 1150 24 20 sä
344 1149 69 21 kunde
434 1149 62 21 deras
518 1149 135 21 innehafvare
673 1149 46 21 icke
735 1151 85 19 taxeras
835 1149 32 20 för
883 1149 40 21 den
939 1149 71 21 tillök-

185 1177 50 27 ning
253 1177 6 20 i
275 1177 92 22 inkomst
380 1177 26 21 de
421 1177 61 21 hafva
497 1184 76 19 genom
590 1177 106 27 hyresfritt
711 1177 138 27 begagnande
865 1177 21 22 af
900 1178 109 26 gärdarne.

185 1205 46 22 Den
254 1205 149 27 likformighet,
426 1212 45 15 som
493 1212 48 15 man
557 1206 56 21 velat
628 1206 154 26 ästadkomma,
798 1205 87 22 innebär
901 1206 24 26 ej,
941 1207 68 20 säsom

186 1233 140 22 öfverläraren
342 1234 98 21 Kihlman
456 1234 76 27 anfört,
548 1235 74 20 endast
638 1241 24 14 en
674 1234 283 27 bokföringsangelägenhet.
980 1235 30 27 Ty

185 1263 24 20 sä
226 1261 61 28 länge
302 1263 54 21 vissa
371 1263 77 26 gärdar
464 1265 36 18 äro
516 1263 166 26 privilegierade,
699 1264 67 20 mäste
783 1263 95 26 taxering
893 1263 38 21 ske
947 1263 64 21 skildt

185 1290 32 22 för
239 1291 92 21 inkomst
351 1291 46 22 från
420 1291 100 26 fastighet
536 1291 38 21 och
590 1291 65 21 skildt
670 1291 32 21 för
718 1298 70 14 annan
804 1291 98 26 inkomst,
918 1291 6 21 i
939 1291 72 22 stället

184 1319 33 21 för
233 1322 32 19 att
280 1319 27 22 all
323 1320 55 27 slags
393 1320 92 21 inkomst
500 1320 70 21 kunde
586 1319 27 28 pä
629 1326 25 15 en
670 1320 55 27 gäng
741 1323 90 23 taxeras,
849 1319 79 22 hvilket
943 1320 67 21 skulle

184 1348 49 21 leda
248 1348 31 21 till
295 1351 31 18 ett
342 1348 46 21 med
405 1348 93 27 billighet
515 1355 57 14 mera
588 1348 229 21 öfverensstämmande
832 1348 138 26 förhällande,
984 1348 27 21 dä

184 1376 69 21 säsom
270 1377 65 21 kändt
350 1379 29 24 är,
395 1377 75 26 mänga
484 1377 56 26 köpa
555 1377 78 26 gärdar
648 1378 27 25 pä
690 1377 69 26 skuld,
776 1380 51 18 utan
843 1379 31 18 att
889 1377 121 26 gerigenom

184 1405 21 21 fä
227 1405 69 26 nägon
319 1405 80 26 verklig
421 1405 111 26 tillökning
556 1405 22 21 af
598 1405 32 21 sin
645 1405 152 26 förmögenhet.
829 1405 49 21 Men
894 1405 66 27 enligt
975 1405 36 21 det

184 1433 77 26 nädiga
284 1433 99 27 förslaget
405 1433 67 22 skulle
493 1440 25 14 en
534 1433 128 27 gärdsägare
678 1434 85 21 komma
779 1436 32 19 att
826 1433 70 22 betala
911 1433 100 22 särskildt

184 1461 32 22 för
238 1462 32 21 sin
292 1463 52 26 gärd
367 1462 38 21 och
429 1462 101 21 särskildt
552 1462 32 21 för
606 1463 45 20 sina
672 1462 65 21 andra
753 1462 123 26 inkomster,
893 1462 79 21 hvilket
987 1464 24 19 är

184 1490 89 27 obilligt.
303 1491 40 26 Jag
365 1490 83 21 förenar
470 1490 42 27 mig
535 1491 83 21 derföre
642 1491 47 21 med
706 1490 55 27 dem,
777 1497 46 15 som
839 1497 50 15 anse
905 1492 32 19 att
951 1490 59 27 privi-
