<?xml version="1.0" encoding="UTF-8"?>
<alto xmlns="http://www.loc.gov/standards/alto/ns-v3#" xmlns:xlink="http://www.w3.org/1999/xlink" xmlns:xsi="http://www.w3.org/2001/XMLSchema-instance" xsi:schemaLocation="http://www.loc.gov/standards/alto/ns-v3# http://www.loc.gov/alto/v3/alto-3-0.xsd">
	<Description>
		<MeasurementUnit>pixel</MeasurementUnit>
		<sourceImageInformation>
			<fileName>/tmp/tess_f8_qzpst_input.PNG</fileName>
		</sourceImageInformation>
		<OCRProcessing ID="OCR_0">
			<ocrProcessingStep>
				<processingSoftware>
					<softwareName>tesseract 5.3.4</softwareName>
				</processingSoftware>
			</ocrProcessingStep>
		</OCRProcessing>
	</Description>
	<Layout>
		<Page WIDTH="1117" HEIGHT="1817" PHYSICAL_IMG_NR="0" ID="page_0">
			<PrintSpace HPOS="0" VPOS="0" WIDTH="1117" HEIGHT="1817">
				<ComposedBlock ID="cblock_0" HPOS="351" VPOS="137" WIDTH="549" HEIGHT="24">
					<TextBlock ID="block_0" HPOS="351" VPOS="137" WIDTH="549" HEIGHT="24">
						<TextLine ID="line_0" HPOS="351" VPOS="137" WIDTH="549" HEIGHT="24">
							<String ID="string_0" HPOS="351" VPOS="140" WIDTH="161" HEIGHT="17" WC="0.92" CONTENT="Presteståndet"/><SP WIDTH="14" VPOS="140" HPOS="512"/>
							<String ID="string_1" HPOS="526" VPOS="141" WIDTH="54" HEIGHT="16" WC="0.96" CONTENT="1872."/><SP WIDTH="24" VPOS="141" HPOS="580"/>
							<String ID="string_2" HPOS="604" VPOS="141" WIDTH="12" HEIGHT="16" WC="0.96" CONTENT="3"/><SP WIDTH="13" VPOS="141" HPOS="616"/>
							<String ID="string_3" HPOS="629" VPOS="140" WIDTH="57" HEIGHT="21" WC="0.94" CONTENT="april."/><SP WIDTH="173" VPOS="140" HPOS="686"/>
							<String ID="string_4" HPOS="859" VPOS="137" WIDTH="41" HEIGHT="21" WC="0.96" CONTENT="515"/>
						</TextLine>
					</TextBlock>
				</ComposedBlock>
				<GraphicalElement ID="cblock_1" HPOS="470" VPOS="174" WIDTH="458" HEIGHT="5"></GraphicalElement >
				<ComposedBlock ID="cblock_2" HPOS="99" VPOS="218" WIDTH="829" HEIGHT="1339">
					<TextBlock ID="block_1" HPOS="99" VPOS="218" WIDTH="829" HEIGHT="1339">
						<TextLine ID="line_1" HPOS="101" VPOS="218" WIDTH="827" HEIGHT="29">
							<String ID="string_5" HPOS="101" VPOS="218" WIDTH="32" HEIGHT="21" WC="0.87" CONTENT="till"/><SP WIDTH="23" VPOS="218" HPOS="133"/>
							<String ID="string_6" HPOS="156" VPOS="218" WIDTH="107" HEIGHT="27" WC="0.93" CONTENT="professor"/><SP WIDTH="23" VPOS="218" HPOS="263"/>
							<String ID="string_7" HPOS="286" VPOS="218" WIDTH="112" HEIGHT="21" WC="0.91" CONTENT="Forsmans"/><SP WIDTH="22" VPOS="218" HPOS="398"/>
							<String ID="string_8" HPOS="420" VPOS="219" WIDTH="84" HEIGHT="20" WC="0.95" CONTENT="erinran"/><SP WIDTH="22" VPOS="219" HPOS="504"/>
							<String ID="string_9" HPOS="526" VPOS="220" WIDTH="77" HEIGHT="23" WC="0.95" CONTENT="derom,"/><SP WIDTH="17" VPOS="220" HPOS="603"/>
							<String ID="string_10" HPOS="620" VPOS="222" WIDTH="32" HEIGHT="18" WC="0.96" CONTENT="att"/><SP WIDTH="15" VPOS="222" HPOS="652"/>
							<String ID="string_11" HPOS="667" VPOS="219" WIDTH="139" HEIGHT="28" WC="0.96" CONTENT="folkbildning"/><SP WIDTH="15" VPOS="219" HPOS="806"/>
							<String ID="string_12" HPOS="821" VPOS="221" WIDTH="39" HEIGHT="21" WC="0.93" CONTENT="och"/><SP WIDTH="15" VPOS="221" HPOS="860"/>
							<String ID="string_13" HPOS="875" VPOS="222" WIDTH="53" HEIGHT="21" WC="0.90" CONTENT="folk-"/>
						</TextLine>
						<TextLine ID="line_2" HPOS="101" VPOS="246" WIDTH="826" HEIGHT="29">
							<String ID="string_14" HPOS="101" VPOS="246" WIDTH="151" HEIGHT="22" WC="0.92" CONTENT="skoleväsende"/><SP WIDTH="15" VPOS="246" HPOS="252"/>
							<String ID="string_15" HPOS="267" VPOS="249" WIDTH="37" HEIGHT="18" WC="0.96" CONTENT="äro"/><SP WIDTH="16" VPOS="249" HPOS="304"/>
							<String ID="string_16" HPOS="320" VPOS="247" WIDTH="67" HEIGHT="21" WC="0.96" CONTENT="skilda"/><SP WIDTH="15" VPOS="247" HPOS="387"/>
							<String ID="string_17" HPOS="402" VPOS="247" WIDTH="67" HEIGHT="21" WC="0.96" CONTENT="saker."/><SP WIDTH="33" VPOS="247" HPOS="469"/>
							<String ID="string_18" HPOS="502" VPOS="247" WIDTH="42" HEIGHT="21" WC="0.96" CONTENT="Det"/><SP WIDTH="21" VPOS="247" HPOS="544"/>
							<String ID="string_19" HPOS="565" VPOS="249" WIDTH="23" HEIGHT="19" WC="0.95" CONTENT="är"/><SP WIDTH="17" VPOS="249" HPOS="588"/>
							<String ID="string_20" HPOS="605" VPOS="249" WIDTH="69" HEIGHT="24" WC="0.95" CONTENT="något,"/><SP WIDTH="17" VPOS="249" HPOS="674"/>
							<String ID="string_21" HPOS="691" VPOS="254" WIDTH="44" HEIGHT="15" WC="0.96" CONTENT="som"/><SP WIDTH="14" VPOS="254" HPOS="735"/>
							<String ID="string_22" HPOS="749" VPOS="249" WIDTH="36" HEIGHT="26" WC="0.96" CONTENT="jag"/><SP WIDTH="16" VPOS="249" HPOS="785"/>
							<String ID="string_23" HPOS="801" VPOS="251" WIDTH="45" HEIGHT="19" WC="0.96" CONTENT="tror"/><SP WIDTH="15" VPOS="251" HPOS="846"/>
							<String ID="string_24" HPOS="861" VPOS="251" WIDTH="32" HEIGHT="20" WC="0.96" CONTENT="att"/><SP WIDTH="16" VPOS="251" HPOS="893"/>
							<String ID="string_25" HPOS="909" VPOS="251" WIDTH="18" HEIGHT="20" WC="0.96" CONTENT="vi"/>
						</TextLine>
						<TextLine ID="line_3" HPOS="101" VPOS="275" WIDTH="826" HEIGHT="28">
							<String ID="string_26" HPOS="101" VPOS="275" WIDTH="52" HEIGHT="21" WC="0.96" CONTENT="hvar"/><SP WIDTH="18" VPOS="275" HPOS="153"/>
							<String ID="string_27" HPOS="171" VPOS="275" WIDTH="37" HEIGHT="21" WC="0.96" CONTENT="och"/><SP WIDTH="17" VPOS="275" HPOS="208"/>
							<String ID="string_28" HPOS="225" VPOS="281" WIDTH="25" HEIGHT="15" WC="0.96" CONTENT="en"/><SP WIDTH="16" VPOS="281" HPOS="250"/>
							<String ID="string_29" HPOS="266" VPOS="275" WIDTH="69" HEIGHT="21" WC="0.96" CONTENT="känna"/><SP WIDTH="16" VPOS="275" HPOS="335"/>
							<String ID="string_30" HPOS="351" VPOS="276" WIDTH="82" HEIGHT="26" WC="0.96" CONTENT="mycket"/><SP WIDTH="17" VPOS="276" HPOS="433"/>
							<String ID="string_31" HPOS="450" VPOS="275" WIDTH="38" HEIGHT="22" WC="0.95" CONTENT="väl."/><SP WIDTH="33" VPOS="275" HPOS="488"/>
							<String ID="string_32" HPOS="521" VPOS="275" WIDTH="47" HEIGHT="22" WC="0.96" CONTENT="Men"/><SP WIDTH="17" VPOS="275" HPOS="568"/>
							<String ID="string_33" HPOS="585" VPOS="276" WIDTH="37" HEIGHT="21" WC="0.96" CONTENT="här"/><SP WIDTH="16" VPOS="276" HPOS="622"/>
							<String ID="string_34" HPOS="638" VPOS="278" WIDTH="24" HEIGHT="19" WC="0.95" CONTENT="är"/><SP WIDTH="15" VPOS="278" HPOS="662"/>
							<String ID="string_35" HPOS="677" VPOS="276" WIDTH="17" HEIGHT="26" WC="0.95" CONTENT="ej"/><SP WIDTH="18" VPOS="276" HPOS="694"/>
							<String ID="string_36" HPOS="712" VPOS="277" WIDTH="57" HEIGHT="26" WC="0.96" CONTENT="fråga"/><SP WIDTH="16" VPOS="277" HPOS="769"/>
							<String ID="string_37" HPOS="785" VPOS="283" WIDTH="34" HEIGHT="15" WC="0.92" CONTENT="om"/><SP WIDTH="11" VPOS="283" HPOS="819"/>
							<String ID="string_38" HPOS="830" VPOS="277" WIDTH="97" HEIGHT="22" WC="0.91" CONTENT="folkbild-"/>
						</TextLine>
						<TextLine ID="line_4" HPOS="101" VPOS="303" WIDTH="826" HEIGHT="28">
							<String ID="string_39" HPOS="101" VPOS="304" WIDTH="50" HEIGHT="26" WC="0.95" CONTENT="ning"/><SP WIDTH="23" VPOS="304" HPOS="151"/>
							<String ID="string_40" HPOS="174" VPOS="305" WIDTH="6" HEIGHT="19" WC="0.96" CONTENT="i"/><SP WIDTH="23" VPOS="305" HPOS="180"/>
							<String ID="string_41" HPOS="203" VPOS="303" WIDTH="120" HEIGHT="26" WC="0.95" CONTENT="allmänhet,"/><SP WIDTH="25" VPOS="303" HPOS="323"/>
							<String ID="string_42" HPOS="348" VPOS="304" WIDTH="37" HEIGHT="21" WC="0.95" CONTENT="här"/><SP WIDTH="23" VPOS="304" HPOS="385"/>
							<String ID="string_43" HPOS="408" VPOS="306" WIDTH="22" HEIGHT="19" WC="0.95" CONTENT="är"/><SP WIDTH="23" VPOS="306" HPOS="430"/>
							<String ID="string_44" HPOS="453" VPOS="303" WIDTH="60" HEIGHT="27" WC="0.96" CONTENT="fråga"/><SP WIDTH="17" VPOS="303" HPOS="513"/>
							<String ID="string_45" HPOS="530" VPOS="311" WIDTH="32" HEIGHT="14" WC="0.96" CONTENT="om"/><SP WIDTH="17" VPOS="311" HPOS="562"/>
							<String ID="string_46" HPOS="579" VPOS="304" WIDTH="60" HEIGHT="25" WC="0.96" CONTENT="hvad,"/><SP WIDTH="17" VPOS="304" HPOS="639"/>
							<String ID="string_47" HPOS="656" VPOS="311" WIDTH="43" HEIGHT="14" WC="0.96" CONTENT="som"/><SP WIDTH="17" VPOS="311" HPOS="699"/>
							<String ID="string_48" HPOS="716" VPOS="305" WIDTH="60" HEIGHT="26" WC="0.96" CONTENT="ingår"/><SP WIDTH="15" VPOS="305" HPOS="776"/>
							<String ID="string_49" HPOS="791" VPOS="305" WIDTH="6" HEIGHT="20" WC="0.92" CONTENT="i"/><SP WIDTH="15" VPOS="305" HPOS="797"/>
							<String ID="string_50" HPOS="812" VPOS="306" WIDTH="115" HEIGHT="22" WC="0.89" CONTENT="folkskole-"/>
						</TextLine>
						<TextLine ID="line_5" HPOS="102" VPOS="331" WIDTH="825" HEIGHT="30">
							<String ID="string_51" HPOS="102" VPOS="332" WIDTH="101" HEIGHT="21" WC="0.96" CONTENT="väsendet"/><SP WIDTH="14" VPOS="332" HPOS="203"/>
							<String ID="string_52" HPOS="217" VPOS="332" WIDTH="69" HEIGHT="21" WC="0.93" CONTENT="såsom"/><SP WIDTH="17" VPOS="332" HPOS="286"/>
							<String ID="string_53" HPOS="303" VPOS="331" WIDTH="199" HEIGHT="28" WC="0.91" CONTENT="folkundervisning."/><SP WIDTH="31" VPOS="331" HPOS="502"/>
							<String ID="string_54" HPOS="533" VPOS="333" WIDTH="9" HEIGHT="20" WC="0.92" CONTENT="I"/><SP WIDTH="20" VPOS="333" HPOS="542"/>
							<String ID="string_55" HPOS="562" VPOS="333" WIDTH="38" HEIGHT="21" WC="0.96" CONTENT="den"/><SP WIDTH="17" VPOS="333" HPOS="600"/>
							<String ID="string_56" HPOS="617" VPOS="333" WIDTH="59" HEIGHT="26" WC="0.95" CONTENT="ingår"/><SP WIDTH="16" VPOS="333" HPOS="676"/>
							<String ID="string_57" HPOS="692" VPOS="334" WIDTH="149" HEIGHT="27" WC="0.96" CONTENT="undervisning"/><SP WIDTH="15" VPOS="334" HPOS="841"/>
							<String ID="string_58" HPOS="856" VPOS="336" WIDTH="5" HEIGHT="20" WC="0.93" CONTENT="i"/><SP WIDTH="17" VPOS="336" HPOS="861"/>
							<String ID="string_59" HPOS="878" VPOS="335" WIDTH="49" HEIGHT="22" WC="0.91" CONTENT="reli-"/>
						</TextLine>
						<TextLine ID="line_6" HPOS="100" VPOS="360" WIDTH="826" HEIGHT="27">
							<String ID="string_60" HPOS="100" VPOS="361" WIDTH="56" HEIGHT="26" WC="0.93" CONTENT="gion,"/><SP WIDTH="17" VPOS="361" HPOS="156"/>
							<String ID="string_61" HPOS="173" VPOS="360" WIDTH="42" HEIGHT="21" WC="0.96" CONTENT="tills"/><SP WIDTH="16" VPOS="360" HPOS="215"/>
							<String ID="string_62" HPOS="231" VPOS="361" WIDTH="56" HEIGHT="23" WC="0.96" CONTENT="dato,"/><SP WIDTH="16" VPOS="361" HPOS="287"/>
							<String ID="string_63" HPOS="303" VPOS="361" WIDTH="105" HEIGHT="20" WC="0.96" CONTENT="äfvensom"/><SP WIDTH="16" VPOS="361" HPOS="408"/>
							<String ID="string_64" HPOS="424" VPOS="361" WIDTH="6" HEIGHT="20" WC="0.96" CONTENT="i"/><SP WIDTH="16" VPOS="361" HPOS="430"/>
							<String ID="string_65" HPOS="446" VPOS="361" WIDTH="59" HEIGHT="26" WC="0.96" CONTENT="sång,"/><SP WIDTH="18" VPOS="361" HPOS="505"/>
							<String ID="string_66" HPOS="523" VPOS="361" WIDTH="38" HEIGHT="21" WC="0.96" CONTENT="och"/><SP WIDTH="16" VPOS="361" HPOS="561"/>
							<String ID="string_67" HPOS="577" VPOS="362" WIDTH="23" HEIGHT="21" WC="0.96" CONTENT="så"/><SP WIDTH="16" VPOS="362" HPOS="600"/>
							<String ID="string_68" HPOS="616" VPOS="362" WIDTH="50" HEIGHT="21" WC="0.96" CONTENT="visst"/><SP WIDTH="11" VPOS="362" HPOS="666"/>
							<String ID="string_69" HPOS="677" VPOS="368" WIDTH="44" HEIGHT="15" WC="0.96" CONTENT="som"/><SP WIDTH="13" VPOS="368" HPOS="721"/>
							<String ID="string_70" HPOS="734" VPOS="363" WIDTH="60" HEIGHT="20" WC="0.96" CONTENT="dessa"/><SP WIDTH="11" VPOS="363" HPOS="794"/>
							<String ID="string_71" HPOS="805" VPOS="365" WIDTH="36" HEIGHT="20" WC="0.96" CONTENT="två"/><SP WIDTH="10" VPOS="365" HPOS="841"/>
							<String ID="string_72" HPOS="851" VPOS="366" WIDTH="75" HEIGHT="19" WC="0.96" CONTENT="ämnen"/>
						</TextLine>
						<TextLine ID="line_7" HPOS="100" VPOS="389" WIDTH="826" HEIGHT="27">
							<String ID="string_73" HPOS="100" VPOS="389" WIDTH="56" HEIGHT="21" WC="0.95" CONTENT="båda"/><SP WIDTH="15" VPOS="389" HPOS="156"/>
							<String ID="string_74" HPOS="171" VPOS="389" WIDTH="53" HEIGHT="21" WC="0.92" CONTENT="höra"/><SP WIDTH="15" VPOS="389" HPOS="224"/>
							<String ID="string_75" HPOS="239" VPOS="389" WIDTH="30" HEIGHT="20" WC="0.92" CONTENT="till"/><SP WIDTH="17" VPOS="389" HPOS="269"/>
							<String ID="string_76" HPOS="286" VPOS="389" WIDTH="110" HEIGHT="21" WC="0.92" CONTENT="folkskole-"/><SP WIDTH="17" VPOS="389" HPOS="396"/>
							<String ID="string_77" HPOS="413" VPOS="389" WIDTH="38" HEIGHT="21" WC="0.93" CONTENT="och"/><SP WIDTH="15" VPOS="389" HPOS="451"/>
							<String ID="string_78" HPOS="466" VPOS="389" WIDTH="230" HEIGHT="27" WC="0.91" CONTENT="klockarebildningen,"/><SP WIDTH="12" VPOS="389" HPOS="696"/>
							<String ID="string_79" HPOS="708" VPOS="390" WIDTH="24" HEIGHT="21" WC="0.96" CONTENT="så"/><SP WIDTH="12" VPOS="390" HPOS="732"/>
							<String ID="string_80" HPOS="744" VPOS="391" WIDTH="49" HEIGHT="20" WC="0.96" CONTENT="visst"/><SP WIDTH="11" VPOS="391" HPOS="793"/>
							<String ID="string_81" HPOS="804" VPOS="397" WIDTH="45" HEIGHT="16" WC="0.93" CONTENT="som"/><SP WIDTH="12" VPOS="397" HPOS="849"/>
							<String ID="string_82" HPOS="861" VPOS="395" WIDTH="65" HEIGHT="19" WC="0.92" CONTENT="meto-"/>
						</TextLine>
						<TextLine ID="line_8" HPOS="101" VPOS="417" WIDTH="824" HEIGHT="25">
							<String ID="string_83" HPOS="101" VPOS="417" WIDTH="40" HEIGHT="22" WC="0.96" CONTENT="den"/><SP WIDTH="16" VPOS="417" HPOS="141"/>
							<String ID="string_84" HPOS="157" VPOS="420" WIDTH="32" HEIGHT="18" WC="0.96" CONTENT="att"/><SP WIDTH="16" VPOS="420" HPOS="189"/>
							<String ID="string_85" HPOS="205" VPOS="417" WIDTH="110" HEIGHT="22" WC="0.96" CONTENT="undervisa"/><SP WIDTH="16" VPOS="417" HPOS="315"/>
							<String ID="string_86" HPOS="331" VPOS="418" WIDTH="5" HEIGHT="20" WC="0.96" CONTENT="i"/><SP WIDTH="16" VPOS="418" HPOS="336"/>
							<String ID="string_87" HPOS="352" VPOS="418" WIDTH="102" HEIGHT="21" WC="0.96" CONTENT="hvardera"/><SP WIDTH="16" VPOS="418" HPOS="454"/>
							<String ID="string_88" HPOS="470" VPOS="419" WIDTH="68" HEIGHT="20" WC="0.96" CONTENT="måste"/><SP WIDTH="17" VPOS="419" HPOS="538"/>
							<String ID="string_89" HPOS="555" VPOS="418" WIDTH="84" HEIGHT="21" WC="0.96" CONTENT="komma"/><SP WIDTH="15" VPOS="418" HPOS="639"/>
							<String ID="string_90" HPOS="654" VPOS="422" WIDTH="32" HEIGHT="17" WC="0.96" CONTENT="att"/><SP WIDTH="16" VPOS="422" HPOS="686"/>
							<String ID="string_91" HPOS="702" VPOS="419" WIDTH="52" HEIGHT="21" WC="0.96" CONTENT="höra"/><SP WIDTH="15" VPOS="419" HPOS="754"/>
							<String ID="string_92" HPOS="769" VPOS="419" WIDTH="32" HEIGHT="21" WC="0.92" CONTENT="till"/><SP WIDTH="12" VPOS="419" HPOS="801"/>
							<String ID="string_93" HPOS="813" VPOS="419" WIDTH="112" HEIGHT="23" WC="0.92" CONTENT="folkskole-"/>
						</TextLine>
						<TextLine ID="line_9" HPOS="101" VPOS="445" WIDTH="825" HEIGHT="28">
							<String ID="string_94" HPOS="101" VPOS="445" WIDTH="134" HEIGHT="22" WC="0.96" CONTENT="seminarium"/><SP WIDTH="16" VPOS="445" HPOS="235"/>
							<String ID="string_95" HPOS="251" VPOS="446" WIDTH="4" HEIGHT="20" WC="0.96" CONTENT="i"/><SP WIDTH="16" VPOS="446" HPOS="255"/>
							<String ID="string_96" HPOS="271" VPOS="446" WIDTH="112" HEIGHT="27" WC="0.95" CONTENT="Jyväskylä"/><SP WIDTH="22" VPOS="446" HPOS="383"/>
							<String ID="string_97" HPOS="405" VPOS="446" WIDTH="39" HEIGHT="21" WC="0.95" CONTENT="och"/><SP WIDTH="16" VPOS="446" HPOS="444"/>
							<String ID="string_98" HPOS="460" VPOS="446" WIDTH="32" HEIGHT="21" WC="0.93" CONTENT="till"/><SP WIDTH="17" VPOS="446" HPOS="492"/>
							<String ID="string_99" HPOS="509" VPOS="447" WIDTH="242" HEIGHT="25" WC="0.92" CONTENT="klockareseminarium,"/><SP WIDTH="16" VPOS="447" HPOS="751"/>
							<String ID="string_100" HPOS="767" VPOS="447" WIDTH="108" HEIGHT="22" WC="0.92" CONTENT="hvarhelst"/><SP WIDTH="16" VPOS="447" HPOS="875"/>
							<String ID="string_101" HPOS="891" VPOS="449" WIDTH="35" HEIGHT="22" WC="0.96" CONTENT="det"/>
						</TextLine>
						<TextLine ID="line_10" HPOS="101" VPOS="474" WIDTH="824" HEIGHT="29">
							<String ID="string_102" HPOS="101" VPOS="474" WIDTH="139" HEIGHT="26" WC="0.95" CONTENT="organiseras,"/><SP WIDTH="16" VPOS="474" HPOS="240"/>
							<String ID="string_103" HPOS="256" VPOS="475" WIDTH="23" HEIGHT="20" WC="0.96" CONTENT="så"/><SP WIDTH="16" VPOS="475" HPOS="279"/>
							<String ID="string_104" HPOS="295" VPOS="475" WIDTH="50" HEIGHT="21" WC="0.96" CONTENT="visst"/><SP WIDTH="15" VPOS="475" HPOS="345"/>
							<String ID="string_105" HPOS="360" VPOS="477" WIDTH="45" HEIGHT="19" WC="0.96" CONTENT="tror"/><SP WIDTH="12" VPOS="477" HPOS="405"/>
							<String ID="string_106" HPOS="417" VPOS="475" WIDTH="37" HEIGHT="26" WC="0.96" CONTENT="jag"/><SP WIDTH="15" VPOS="475" HPOS="454"/>
							<String ID="string_107" HPOS="469" VPOS="477" WIDTH="33" HEIGHT="19" WC="0.96" CONTENT="att"/><SP WIDTH="16" VPOS="477" HPOS="502"/>
							<String ID="string_108" HPOS="518" VPOS="481" WIDTH="47" HEIGHT="15" WC="0.96" CONTENT="man"/><SP WIDTH="17" VPOS="481" HPOS="565"/>
							<String ID="string_109" HPOS="582" VPOS="476" WIDTH="16" HEIGHT="25" WC="0.96" CONTENT="ej"/><SP WIDTH="18" VPOS="476" HPOS="598"/>
							<String ID="string_110" HPOS="616" VPOS="475" WIDTH="40" HEIGHT="21" WC="0.96" CONTENT="kan"/><SP WIDTH="18" VPOS="475" HPOS="656"/>
							<String ID="string_111" HPOS="674" VPOS="476" WIDTH="77" HEIGHT="26" WC="0.96" CONTENT="logiskt"/><SP WIDTH="14" VPOS="476" HPOS="751"/>
							<String ID="string_112" HPOS="765" VPOS="477" WIDTH="61" HEIGHT="26" WC="0.96" CONTENT="påstå"/><SP WIDTH="16" VPOS="477" HPOS="826"/>
							<String ID="string_113" HPOS="842" VPOS="479" WIDTH="31" HEIGHT="19" WC="0.96" CONTENT="att"/><SP WIDTH="12" VPOS="479" HPOS="873"/>
							<String ID="string_114" HPOS="885" VPOS="477" WIDTH="40" HEIGHT="22" WC="0.96" CONTENT="den"/>
						</TextLine>
						<TextLine ID="line_11" HPOS="101" VPOS="503" WIDTH="824" HEIGHT="28">
							<String ID="string_115" HPOS="101" VPOS="503" WIDTH="159" HEIGHT="25" WC="0.93" CONTENT="ifrågavarande"/><SP WIDTH="15" VPOS="503" HPOS="260"/>
							<String ID="string_116" HPOS="275" VPOS="503" WIDTH="186" HEIGHT="27" WC="0.91" CONTENT="angelägenheten,"/><SP WIDTH="17" VPOS="503" HPOS="461"/>
							<String ID="string_117" HPOS="478" VPOS="503" WIDTH="104" HEIGHT="26" WC="0.92" CONTENT="nemligen"/><SP WIDTH="18" VPOS="503" HPOS="582"/>
							<String ID="string_118" HPOS="600" VPOS="504" WIDTH="106" HEIGHT="21" WC="0.91" CONTENT="klockare-"/><SP WIDTH="17" VPOS="504" HPOS="706"/>
							<String ID="string_119" HPOS="723" VPOS="504" WIDTH="38" HEIGHT="21" WC="0.93" CONTENT="och"/><SP WIDTH="16" VPOS="504" HPOS="761"/>
							<String ID="string_120" HPOS="777" VPOS="505" WIDTH="148" HEIGHT="26" WC="0.91" CONTENT="organistbild-"/>
						</TextLine>
						<TextLine ID="line_12" HPOS="100" VPOS="531" WIDTH="826" HEIGHT="30">
							<String ID="string_121" HPOS="100" VPOS="531" WIDTH="77" HEIGHT="26" WC="0.96" CONTENT="ningen"/><SP WIDTH="23" VPOS="531" HPOS="177"/>
							<String ID="string_122" HPOS="200" VPOS="531" WIDTH="67" HEIGHT="21" WC="0.95" CONTENT="skulle"/><SP WIDTH="24" VPOS="531" HPOS="267"/>
							<String ID="string_123" HPOS="291" VPOS="538" WIDTH="48" HEIGHT="15" WC="0.96" CONTENT="vara"/><SP WIDTH="23" VPOS="538" HPOS="339"/>
							<String ID="string_124" HPOS="362" VPOS="533" WIDTH="63" HEIGHT="25" WC="0.96" CONTENT="något"/><SP WIDTH="23" VPOS="533" HPOS="425"/>
							<String ID="string_125" HPOS="448" VPOS="532" WIDTH="132" HEIGHT="21" WC="0.96" CONTENT="främmande"/><SP WIDTH="18" VPOS="532" HPOS="580"/>
							<String ID="string_126" HPOS="598" VPOS="532" WIDTH="32" HEIGHT="21" WC="0.93" CONTENT="för"/><SP WIDTH="15" VPOS="532" HPOS="630"/>
							<String ID="string_127" HPOS="645" VPOS="533" WIDTH="212" HEIGHT="22" WC="0.91" CONTENT="folkskoleväsendet."/><SP WIDTH="29" VPOS="533" HPOS="857"/>
							<String ID="string_128" HPOS="886" VPOS="535" WIDTH="40" HEIGHT="26" WC="0.96" CONTENT="Jag"/>
						</TextLine>
						<TextLine ID="line_13" HPOS="102" VPOS="559" WIDTH="824" HEIGHT="29">
							<String ID="string_129" HPOS="102" VPOS="559" WIDTH="34" HEIGHT="21" WC="0.93" CONTENT="vill"/><SP WIDTH="24" VPOS="559" HPOS="136"/>
							<String ID="string_130" HPOS="160" VPOS="559" WIDTH="85" HEIGHT="28" WC="0.93" CONTENT="tillägga"/><SP WIDTH="22" VPOS="559" HPOS="245"/>
							<String ID="string_131" HPOS="267" VPOS="562" WIDTH="56" HEIGHT="19" WC="0.96" CONTENT="ännu"/><SP WIDTH="15" VPOS="562" HPOS="323"/>
							<String ID="string_132" HPOS="338" VPOS="563" WIDTH="31" HEIGHT="18" WC="0.96" CONTENT="att"/><SP WIDTH="13" VPOS="563" HPOS="369"/>
							<String ID="string_133" HPOS="382" VPOS="561" WIDTH="42" HEIGHT="26" WC="0.96" CONTENT="jag,"/><SP WIDTH="16" VPOS="561" HPOS="424"/>
							<String ID="string_134" HPOS="440" VPOS="561" WIDTH="5" HEIGHT="20" WC="0.96" CONTENT="i"/><SP WIDTH="18" VPOS="561" HPOS="445"/>
							<String ID="string_135" HPOS="463" VPOS="560" WIDTH="66" HEIGHT="21" WC="0.96" CONTENT="likhet"/><SP WIDTH="16" VPOS="560" HPOS="529"/>
							<String ID="string_136" HPOS="545" VPOS="561" WIDTH="46" HEIGHT="21" WC="0.96" CONTENT="med"/><SP WIDTH="17" VPOS="561" HPOS="591"/>
							<String ID="string_137" HPOS="608" VPOS="561" WIDTH="54" HEIGHT="21" WC="0.96" CONTENT="hvad"/><SP WIDTH="16" VPOS="561" HPOS="662"/>
							<String ID="string_138" HPOS="678" VPOS="561" WIDTH="75" HEIGHT="27" WC="0.96" CONTENT="biskop"/><SP WIDTH="15" VPOS="561" HPOS="753"/>
							<String ID="string_139" HPOS="768" VPOS="561" WIDTH="119" HEIGHT="23" WC="0.96" CONTENT="Schauman"/><SP WIDTH="15" VPOS="561" HPOS="887"/>
							<String ID="string_140" HPOS="902" VPOS="565" WIDTH="24" HEIGHT="20" WC="0.96" CONTENT="så"/>
						</TextLine>
						<TextLine ID="line_14" HPOS="101" VPOS="588" WIDTH="825" HEIGHT="28">
							<String ID="string_141" HPOS="101" VPOS="588" WIDTH="33" HEIGHT="21" WC="0.95" CONTENT="väl"/><SP WIDTH="17" VPOS="588" HPOS="134"/>
							<String ID="string_142" HPOS="151" VPOS="588" WIDTH="37" HEIGHT="21" WC="0.95" CONTENT="och"/><SP WIDTH="17" VPOS="588" HPOS="188"/>
							<String ID="string_143" HPOS="205" VPOS="589" WIDTH="55" HEIGHT="20" WC="0.96" CONTENT="klart"/><SP WIDTH="15" VPOS="589" HPOS="260"/>
							<String ID="string_144" HPOS="275" VPOS="589" WIDTH="100" HEIGHT="26" WC="0.96" CONTENT="uttryckt,"/><SP WIDTH="16" VPOS="589" HPOS="375"/>
							<String ID="string_145" HPOS="391" VPOS="595" WIDTH="67" HEIGHT="15" WC="0.91" CONTENT="anser."/><SP WIDTH="18" VPOS="595" HPOS="458"/>
							<String ID="string_146" HPOS="476" VPOS="591" WIDTH="32" HEIGHT="19" WC="0.96" CONTENT="att"/><SP WIDTH="13" VPOS="591" HPOS="508"/>
							<String ID="string_147" HPOS="521" VPOS="589" WIDTH="45" HEIGHT="26" WC="0.96" CONTENT="just"/><SP WIDTH="15" VPOS="589" HPOS="566"/>
							<String ID="string_148" HPOS="581" VPOS="591" WIDTH="26" HEIGHT="24" WC="0.93" CONTENT="på"/><SP WIDTH="13" VPOS="591" HPOS="607"/>
							<String ID="string_149" HPOS="620" VPOS="590" WIDTH="165" HEIGHT="26" WC="0.91" CONTENT="bevillningsväg"/><SP WIDTH="10" VPOS="590" HPOS="785"/>
							<String ID="string_150" HPOS="795" VPOS="590" WIDTH="60" HEIGHT="22" WC="0.96" CONTENT="skola"/><SP WIDTH="11" VPOS="590" HPOS="855"/>
							<String ID="string_151" HPOS="866" VPOS="591" WIDTH="60" HEIGHT="22" WC="0.96" CONTENT="dessa"/>
						</TextLine>
						<TextLine ID="line_15" HPOS="102" VPOS="617" WIDTH="825" HEIGHT="27">
							<String ID="string_152" HPOS="102" VPOS="617" WIDTH="67" HEIGHT="21" WC="0.96" CONTENT="medel"/><SP WIDTH="22" VPOS="617" HPOS="169"/>
							<String ID="string_153" HPOS="191" VPOS="623" WIDTH="34" HEIGHT="15" WC="0.92" CONTENT="oss"/><SP WIDTH="22" VPOS="623" HPOS="225"/>
							<String ID="string_154" HPOS="247" VPOS="617" WIDTH="104" HEIGHT="23" WC="0.92" CONTENT="förunnas,"/><SP WIDTH="17" VPOS="617" HPOS="351"/>
							<String ID="string_155" HPOS="368" VPOS="617" WIDTH="50" HEIGHT="22" WC="0.96" CONTENT="eller"/><SP WIDTH="16" VPOS="617" HPOS="418"/>
							<String ID="string_156" HPOS="434" VPOS="618" WIDTH="64" HEIGHT="21" WC="0.96" CONTENT="också"/><SP WIDTH="17" VPOS="618" HPOS="498"/>
							<String ID="string_157" HPOS="515" VPOS="618" WIDTH="24" HEIGHT="26" WC="0.96" CONTENT="ej."/><SP WIDTH="32" VPOS="618" HPOS="539"/>
							<String ID="string_158" HPOS="571" VPOS="618" WIDTH="110" HEIGHT="21" WC="0.96" CONTENT="Erkänner"/><SP WIDTH="16" VPOS="618" HPOS="681"/>
							<String ID="string_159" HPOS="697" VPOS="619" WIDTH="17" HEIGHT="25" WC="0.95" CONTENT="ej"/><SP WIDTH="17" VPOS="619" HPOS="714"/>
							<String ID="string_160" HPOS="731" VPOS="618" WIDTH="68" HEIGHT="21" WC="0.97" CONTENT="finska"/><SP WIDTH="15" VPOS="618" HPOS="799"/>
							<String ID="string_161" HPOS="814" VPOS="619" WIDTH="65" HEIGHT="22" WC="0.96" CONTENT="folket"/><SP WIDTH="15" VPOS="619" HPOS="879"/>
							<String ID="string_162" HPOS="894" VPOS="623" WIDTH="33" HEIGHT="18" WC="0.96" CONTENT="att"/>
						</TextLine>
						<TextLine ID="line_16" HPOS="102" VPOS="645" WIDTH="824" HEIGHT="29">
							<String ID="string_163" HPOS="102" VPOS="645" WIDTH="35" HEIGHT="21" WC="0.96" CONTENT="det"/><SP WIDTH="16" VPOS="645" HPOS="137"/>
							<String ID="string_164" HPOS="153" VPOS="646" WIDTH="26" HEIGHT="26" WC="0.93" CONTENT="på"/><SP WIDTH="16" VPOS="646" HPOS="179"/>
							<String ID="string_165" HPOS="195" VPOS="645" WIDTH="248" HEIGHT="27" WC="0.90" CONTENT="religionsundervisning"/><SP WIDTH="17" VPOS="645" HPOS="443"/>
							<String ID="string_166" HPOS="460" VPOS="647" WIDTH="39" HEIGHT="20" WC="0.93" CONTENT="och"/><SP WIDTH="17" VPOS="647" HPOS="499"/>
							<String ID="string_167" HPOS="516" VPOS="647" WIDTH="119" HEIGHT="26" WC="0.91" CONTENT="kyrkosång"/><SP WIDTH="16" VPOS="647" HPOS="635"/>
							<String ID="string_168" HPOS="651" VPOS="646" WIDTH="34" HEIGHT="21" WC="0.93" CONTENT="vill"/><SP WIDTH="18" VPOS="646" HPOS="685"/>
							<String ID="string_169" HPOS="703" VPOS="647" WIDTH="94" HEIGHT="26" WC="0.92" CONTENT="uppoffra"/><SP WIDTH="20" VPOS="647" HPOS="797"/>
							<String ID="string_170" HPOS="817" VPOS="649" WIDTH="70" HEIGHT="25" WC="0.96" CONTENT="något,"/><SP WIDTH="16" VPOS="649" HPOS="887"/>
							<String ID="string_171" HPOS="903" VPOS="650" WIDTH="23" HEIGHT="20" WC="0.96" CONTENT="så"/>
						</TextLine>
						<TextLine ID="line_17" HPOS="99" VPOS="674" WIDTH="826" HEIGHT="27">
							<String ID="string_172" HPOS="99" VPOS="675" WIDTH="25" HEIGHT="19" WC="0.96" CONTENT="är"/><SP WIDTH="17" VPOS="675" HPOS="124"/>
							<String ID="string_173" HPOS="141" VPOS="674" WIDTH="35" HEIGHT="20" WC="0.96" CONTENT="det"/><SP WIDTH="15" VPOS="674" HPOS="176"/>
							<String ID="string_174" HPOS="191" VPOS="674" WIDTH="18" HEIGHT="26" WC="0.96" CONTENT="ej"/><SP WIDTH="17" VPOS="674" HPOS="209"/>
							<String ID="string_175" HPOS="226" VPOS="675" WIDTH="81" HEIGHT="25" WC="0.96" CONTENT="värdigt"/><SP WIDTH="16" VPOS="675" HPOS="307"/>
							<String ID="string_176" HPOS="323" VPOS="675" WIDTH="31" HEIGHT="19" WC="0.96" CONTENT="för"/><SP WIDTH="16" VPOS="675" HPOS="354"/>
							<String ID="string_177" HPOS="370" VPOS="675" WIDTH="100" HEIGHT="20" WC="0.93" CONTENT="Finlands"/><SP WIDTH="17" VPOS="675" HPOS="470"/>
							<String ID="string_178" HPOS="487" VPOS="675" WIDTH="133" HEIGHT="26" WC="0.91" CONTENT="prestestånd"/><SP WIDTH="16" VPOS="675" HPOS="620"/>
							<String ID="string_179" HPOS="636" VPOS="678" WIDTH="32" HEIGHT="18" WC="0.93" CONTENT="att"/><SP WIDTH="15" VPOS="678" HPOS="668"/>
							<String ID="string_180" HPOS="683" VPOS="675" WIDTH="126" HEIGHT="26" WC="0.92" CONTENT="petitionera"/><SP WIDTH="17" VPOS="675" HPOS="809"/>
							<String ID="string_181" HPOS="826" VPOS="676" WIDTH="51" HEIGHT="21" WC="0.96" CONTENT="eller"/><SP WIDTH="12" VPOS="676" HPOS="877"/>
							<String ID="string_182" HPOS="889" VPOS="683" WIDTH="36" HEIGHT="15" WC="0.96" CONTENT="ens"/>
						</TextLine>
						<TextLine ID="line_18" HPOS="100" VPOS="702" WIDTH="825" HEIGHT="30">
							<String ID="string_183" HPOS="100" VPOS="702" WIDTH="53" HEIGHT="26" WC="0.96" CONTENT="yrka"/><SP WIDTH="22" VPOS="702" HPOS="153"/>
							<String ID="string_184" HPOS="175" VPOS="703" WIDTH="27" HEIGHT="26" WC="0.93" CONTENT="på"/><SP WIDTH="23" VPOS="703" HPOS="202"/>
							<String ID="string_185" HPOS="225" VPOS="702" WIDTH="134" HEIGHT="22" WC="0.91" CONTENT="statsmedels"/><SP WIDTH="22" VPOS="702" HPOS="359"/>
							<String ID="string_186" HPOS="381" VPOS="703" WIDTH="139" HEIGHT="21" WC="0.96" CONTENT="användande"/><SP WIDTH="22" VPOS="703" HPOS="520"/>
							<String ID="string_187" HPOS="542" VPOS="704" WIDTH="22" HEIGHT="20" WC="0.96" CONTENT="åt"/><SP WIDTH="16" VPOS="704" HPOS="564"/>
							<String ID="string_188" HPOS="580" VPOS="704" WIDTH="57" HEIGHT="20" WC="0.96" CONTENT="detta"/><SP WIDTH="16" VPOS="704" HPOS="637"/>
							<String ID="string_189" HPOS="653" VPOS="703" WIDTH="48" HEIGHT="21" WC="0.92" CONTENT="håll."/><SP WIDTH="32" VPOS="703" HPOS="701"/>
							<String ID="string_190" HPOS="733" VPOS="704" WIDTH="74" HEIGHT="21" WC="0.88" CONTENT="Staten"/><SP WIDTH="16" VPOS="704" HPOS="807"/>
							<String ID="string_191" HPOS="823" VPOS="706" WIDTH="23" HEIGHT="20" WC="0.96" CONTENT="är"/><SP WIDTH="15" VPOS="706" HPOS="846"/>
							<String ID="string_192" HPOS="861" VPOS="706" WIDTH="64" HEIGHT="26" WC="0.96" CONTENT="något"/>
						</TextLine>
						<TextLine ID="line_19" HPOS="101" VPOS="731" WIDTH="825" HEIGHT="28">
							<String ID="string_193" HPOS="101" VPOS="733" WIDTH="65" HEIGHT="18" WC="0.95" CONTENT="annat"/><SP WIDTH="22" VPOS="733" HPOS="166"/>
							<String ID="string_194" HPOS="188" VPOS="732" WIDTH="27" HEIGHT="20" WC="0.96" CONTENT="än"/><SP WIDTH="23" VPOS="732" HPOS="215"/>
							<String ID="string_195" HPOS="238" VPOS="731" WIDTH="86" HEIGHT="27" WC="0.92" CONTENT="kyrkan."/><SP WIDTH="32" VPOS="731" HPOS="324"/>
							<String ID="string_196" HPOS="356" VPOS="732" WIDTH="40" HEIGHT="20" WC="0.96" CONTENT="Det"/><SP WIDTH="22" VPOS="732" HPOS="396"/>
							<String ID="string_197" HPOS="418" VPOS="734" WIDTH="24" HEIGHT="18" WC="0.93" CONTENT="är"/><SP WIDTH="23" VPOS="734" HPOS="442"/>
							<String ID="string_198" HPOS="465" VPOS="731" WIDTH="83" HEIGHT="21" WC="0.92" CONTENT="derföre"/><SP WIDTH="20" VPOS="731" HPOS="548"/>
							<String ID="string_199" HPOS="568" VPOS="732" WIDTH="36" HEIGHT="26" WC="0.96" CONTENT="jag"/><SP WIDTH="23" VPOS="732" HPOS="604"/>
							<String ID="string_200" HPOS="627" VPOS="732" WIDTH="5" HEIGHT="20" WC="0.96" CONTENT="i"/><SP WIDTH="20" VPOS="732" HPOS="632"/>
							<String ID="string_201" HPOS="652" VPOS="732" WIDTH="157" HEIGHT="21" WC="0.44" CONTENT="reservationen"/><SP WIDTH="16" VPOS="732" HPOS="809"/>
							<String ID="string_202" HPOS="825" VPOS="735" WIDTH="52" HEIGHT="24" WC="0.95" CONTENT="sagt,"/><SP WIDTH="17" VPOS="735" HPOS="877"/>
							<String ID="string_203" HPOS="894" VPOS="736" WIDTH="32" HEIGHT="19" WC="0.97" CONTENT="att"/>
						</TextLine>
						<TextLine ID="line_20" HPOS="102" VPOS="758" WIDTH="823" HEIGHT="31">
							<String ID="string_204" HPOS="102" VPOS="758" WIDTH="149" HEIGHT="22" WC="0.89" CONTENT="tillbakavisas"/><SP WIDTH="23" VPOS="758" HPOS="251"/>
							<String ID="string_205" HPOS="274" VPOS="759" WIDTH="43" HEIGHT="21" WC="0.96" CONTENT="kan"/><SP WIDTH="21" VPOS="759" HPOS="317"/>
							<String ID="string_206" HPOS="338" VPOS="760" WIDTH="71" HEIGHT="20" WC="0.96" CONTENT="denna"/><SP WIDTH="11" VPOS="760" HPOS="409"/>
							<String ID="string_207" HPOS="420" VPOS="760" WIDTH="72" HEIGHT="27" WC="0.96" CONTENT="fråga"/><SP WIDTH="17" VPOS="760" HPOS="492"/>
							<String ID="string_208" HPOS="509" VPOS="760" WIDTH="26" HEIGHT="27" WC="0.95" CONTENT="ej."/><SP WIDTH="31" VPOS="760" HPOS="535"/>
							<String ID="string_209" HPOS="566" VPOS="761" WIDTH="38" HEIGHT="24" WC="0.96" CONTENT="De,"/><SP WIDTH="16" VPOS="761" HPOS="604"/>
							<String ID="string_210" HPOS="620" VPOS="766" WIDTH="45" HEIGHT="16" WC="0.96" CONTENT="som"/><SP WIDTH="16" VPOS="766" HPOS="665"/>
							<String ID="string_211" HPOS="681" VPOS="760" WIDTH="53" HEIGHT="21" WC="0.96" CONTENT="lefva"/><SP WIDTH="17" VPOS="760" HPOS="734"/>
							<String ID="string_212" HPOS="751" VPOS="761" WIDTH="33" HEIGHT="21" WC="0.96" CONTENT="vid"/><SP WIDTH="15" VPOS="761" HPOS="784"/>
							<String ID="string_213" HPOS="799" VPOS="762" WIDTH="36" HEIGHT="20" WC="0.93" CONTENT="det"/><SP WIDTH="15" VPOS="762" HPOS="835"/>
							<String ID="string_214" HPOS="850" VPOS="762" WIDTH="75" HEIGHT="27" WC="0.92" CONTENT="kyrko-"/>
						</TextLine>
						<TextLine ID="line_21" HPOS="102" VPOS="788" WIDTH="823" HEIGHT="28">
							<String ID="string_215" HPOS="102" VPOS="789" WIDTH="62" HEIGHT="21" WC="0.96" CONTENT="möte,"/><SP WIDTH="23" VPOS="789" HPOS="164"/>
							<String ID="string_216" HPOS="187" VPOS="794" WIDTH="45" HEIGHT="15" WC="0.96" CONTENT="som"/><SP WIDTH="25" VPOS="794" HPOS="232"/>
							<String ID="string_217" HPOS="257" VPOS="788" WIDTH="94" HEIGHT="21" WC="0.96" CONTENT="kommer"/><SP WIDTH="21" VPOS="788" HPOS="351"/>
							<String ID="string_218" HPOS="372" VPOS="791" WIDTH="32" HEIGHT="19" WC="0.96" CONTENT="att"/><SP WIDTH="22" VPOS="791" HPOS="404"/>
							<String ID="string_219" HPOS="426" VPOS="795" WIDTH="34" HEIGHT="15" WC="0.94" CONTENT="om"/><SP WIDTH="24" VPOS="795" HPOS="460"/>
							<String ID="string_220" HPOS="484" VPOS="789" WIDTH="65" HEIGHT="26" WC="0.94" CONTENT="något"/><SP WIDTH="20" VPOS="789" HPOS="549"/>
							<String ID="string_221" HPOS="569" VPOS="790" WIDTH="24" HEIGHT="20" WC="0.96" CONTENT="år"/><SP WIDTH="16" VPOS="790" HPOS="593"/>
							<String ID="string_222" HPOS="609" VPOS="789" WIDTH="91" HEIGHT="21" WC="0.96" CONTENT="härefter"/><SP WIDTH="16" VPOS="789" HPOS="700"/>
							<String ID="string_223" HPOS="716" VPOS="792" WIDTH="80" HEIGHT="24" WC="0.96" CONTENT="öppnas"/><SP WIDTH="16" VPOS="792" HPOS="796"/>
							<String ID="string_224" HPOS="812" VPOS="790" WIDTH="32" HEIGHT="20" WC="0.96" CONTENT="för"/><SP WIDTH="15" VPOS="790" HPOS="844"/>
							<String ID="string_225" HPOS="859" VPOS="790" WIDTH="66" HEIGHT="22" WC="0.95" CONTENT="första"/>
						</TextLine>
						<TextLine ID="line_22" HPOS="101" VPOS="817" WIDTH="824" HEIGHT="27">
							<String ID="string_226" HPOS="101" VPOS="817" WIDTH="82" HEIGHT="26" WC="0.96" CONTENT="gången"/><SP WIDTH="16" VPOS="817" HPOS="183"/>
							<String ID="string_227" HPOS="199" VPOS="817" WIDTH="6" HEIGHT="20" WC="0.96" CONTENT="i"/><SP WIDTH="16" VPOS="817" HPOS="205"/>
							<String ID="string_228" HPOS="221" VPOS="817" WIDTH="46" HEIGHT="21" WC="0.96" CONTENT="vårt"/><SP WIDTH="16" VPOS="817" HPOS="267"/>
							<String ID="string_229" HPOS="283" VPOS="817" WIDTH="54" HEIGHT="24" WC="0.94" CONTENT="land,"/><SP WIDTH="17" VPOS="817" HPOS="337"/>
							<String ID="string_230" HPOS="354" VPOS="817" WIDTH="19" HEIGHT="21" WC="0.96" CONTENT="få"/><SP WIDTH="17" VPOS="817" HPOS="373"/>
							<String ID="string_231" HPOS="390" VPOS="817" WIDTH="31" HEIGHT="21" WC="0.96" CONTENT="väl"/><SP WIDTH="16" VPOS="817" HPOS="421"/>
							<String ID="string_232" HPOS="437" VPOS="824" WIDTH="22" HEIGHT="14" WC="0.96" CONTENT="se"/><SP WIDTH="17" VPOS="824" HPOS="459"/>
							<String ID="string_233" HPOS="476" VPOS="818" WIDTH="42" HEIGHT="23" WC="0.96" CONTENT="det,"/><SP WIDTH="17" VPOS="818" HPOS="518"/>
							<String ID="string_234" HPOS="535" VPOS="820" WIDTH="31" HEIGHT="18" WC="0.96" CONTENT="att"/><SP WIDTH="16" VPOS="820" HPOS="566"/>
							<String ID="string_235" HPOS="582" VPOS="818" WIDTH="42" HEIGHT="20" WC="0.93" CONTENT="ifall"/><SP WIDTH="17" VPOS="818" HPOS="624"/>
							<String ID="string_236" HPOS="641" VPOS="818" WIDTH="126" HEIGHT="26" WC="0.91" CONTENT="landtdagen"/><SP WIDTH="16" VPOS="818" HPOS="767"/>
							<String ID="string_237" HPOS="783" VPOS="818" WIDTH="64" HEIGHT="21" WC="0.92" CONTENT="afslår"/><SP WIDTH="12" VPOS="818" HPOS="847"/>
							<String ID="string_238" HPOS="859" VPOS="819" WIDTH="66" HEIGHT="21" WC="0.96" CONTENT="denna"/>
						</TextLine>
						<TextLine ID="line_23" HPOS="101" VPOS="844" WIDTH="825" HEIGHT="29">
							<String ID="string_239" HPOS="101" VPOS="844" WIDTH="65" HEIGHT="27" WC="0.96" CONTENT="fråga,"/><SP WIDTH="22" VPOS="844" HPOS="166"/>
							<String ID="string_240" HPOS="188" VPOS="845" WIDTH="52" HEIGHT="21" WC="0.96" CONTENT="skall"/><SP WIDTH="21" VPOS="845" HPOS="240"/>
							<String ID="string_241" HPOS="261" VPOS="846" WIDTH="39" HEIGHT="20" WC="0.96" CONTENT="den"/><SP WIDTH="17" VPOS="846" HPOS="300"/>
							<String ID="string_242" HPOS="317" VPOS="852" WIDTH="48" HEIGHT="14" WC="0.96" CONTENT="vara"/><SP WIDTH="16" VPOS="852" HPOS="365"/>
							<String ID="string_243" HPOS="381" VPOS="852" WIDTH="26" HEIGHT="20" WC="0.96" CONTENT="ny"/><SP WIDTH="16" VPOS="852" HPOS="407"/>
							<String ID="string_244" HPOS="423" VPOS="846" WIDTH="33" HEIGHT="20" WC="0.96" CONTENT="vid"/><SP WIDTH="18" VPOS="846" HPOS="456"/>
							<String ID="string_245" HPOS="474" VPOS="846" WIDTH="140" HEIGHT="26" WC="0.96" CONTENT="kyrkomötet."/><SP WIDTH="33" VPOS="846" HPOS="614"/>
							<String ID="string_246" HPOS="647" VPOS="846" WIDTH="47" HEIGHT="21" WC="0.96" CONTENT="Men"/><SP WIDTH="14" VPOS="846" HPOS="694"/>
							<String ID="string_247" HPOS="708" VPOS="846" WIDTH="37" HEIGHT="26" WC="0.96" CONTENT="jag"/><SP WIDTH="14" VPOS="846" HPOS="745"/>
							<String ID="string_248" HPOS="759" VPOS="846" WIDTH="97" HEIGHT="27" WC="0.96" CONTENT="tillägger"/><SP WIDTH="14" VPOS="846" HPOS="856"/>
							<String ID="string_249" HPOS="870" VPOS="850" WIDTH="56" HEIGHT="19" WC="0.96" CONTENT="ännu"/>
						</TextLine>
						<TextLine ID="line_24" HPOS="102" VPOS="874" WIDTH="823" HEIGHT="29">
							<String ID="string_250" HPOS="102" VPOS="879" WIDTH="24" HEIGHT="17" WC="0.96" CONTENT="en"/><SP WIDTH="23" VPOS="879" HPOS="126"/>
							<String ID="string_251" HPOS="149" VPOS="874" WIDTH="62" HEIGHT="25" WC="0.96" CONTENT="gång,"/><SP WIDTH="24" VPOS="874" HPOS="211"/>
							<String ID="string_252" HPOS="235" VPOS="874" WIDTH="39" HEIGHT="20" WC="0.96" CONTENT="den"/><SP WIDTH="22" VPOS="874" HPOS="274"/>
							<String ID="string_253" HPOS="296" VPOS="874" WIDTH="53" HEIGHT="20" WC="0.92" CONTENT="skall"/><SP WIDTH="23" VPOS="874" HPOS="349"/>
							<String ID="string_254" HPOS="372" VPOS="875" WIDTH="76" HEIGHT="21" WC="0.92" CONTENT="söndra"/><SP WIDTH="24" VPOS="875" HPOS="448"/>
							<String ID="string_255" HPOS="472" VPOS="874" WIDTH="36" HEIGHT="22" WC="0.96" CONTENT="det"/><SP WIDTH="15" VPOS="874" HPOS="508"/>
							<String ID="string_256" HPOS="523" VPOS="874" WIDTH="67" HEIGHT="21" WC="0.96" CONTENT="finska"/><SP WIDTH="16" VPOS="874" HPOS="590"/>
							<String ID="string_257" HPOS="606" VPOS="874" WIDTH="66" HEIGHT="21" WC="0.96" CONTENT="folket"/><SP WIDTH="16" VPOS="874" HPOS="672"/>
							<String ID="string_258" HPOS="688" VPOS="875" WIDTH="5" HEIGHT="20" WC="0.96" CONTENT="i"/><SP WIDTH="17" VPOS="875" HPOS="693"/>
							<String ID="string_259" HPOS="710" VPOS="875" WIDTH="47" HEIGHT="21" WC="0.96" CONTENT="dess"/><SP WIDTH="16" VPOS="875" HPOS="757"/>
							<String ID="string_260" HPOS="773" VPOS="875" WIDTH="52" HEIGHT="21" WC="0.96" CONTENT="allra"/><SP WIDTH="16" VPOS="875" HPOS="825"/>
							<String ID="string_261" HPOS="841" VPOS="876" WIDTH="84" HEIGHT="27" WC="0.96" CONTENT="dyraste"/>
						</TextLine>
						<TextLine ID="line_25" HPOS="100" VPOS="901" WIDTH="825" HEIGHT="29">
							<String ID="string_262" HPOS="100" VPOS="901" WIDTH="152" HEIGHT="27" WC="0.96" CONTENT="förhållanden,"/><SP WIDTH="15" VPOS="901" HPOS="252"/>
							<String ID="string_263" HPOS="267" VPOS="902" WIDTH="6" HEIGHT="20" WC="0.93" CONTENT="i"/><SP WIDTH="16" VPOS="902" HPOS="273"/>
							<String ID="string_264" HPOS="289" VPOS="902" WIDTH="131" HEIGHT="28" WC="0.91" CONTENT="bildningens"/><SP WIDTH="16" VPOS="902" HPOS="420"/>
							<String ID="string_265" HPOS="436" VPOS="902" WIDTH="38" HEIGHT="22" WC="0.96" CONTENT="och"/><SP WIDTH="18" VPOS="902" HPOS="474"/>
							<String ID="string_266" HPOS="492" VPOS="903" WIDTH="39" HEIGHT="21" WC="0.96" CONTENT="den"/><SP WIDTH="17" VPOS="903" HPOS="531"/>
							<String ID="string_267" HPOS="548" VPOS="903" WIDTH="80" HEIGHT="21" WC="0.96" CONTENT="kristna"/><SP WIDTH="16" VPOS="903" HPOS="628"/>
							<String ID="string_268" HPOS="644" VPOS="903" WIDTH="111" HEIGHT="21" WC="0.96" CONTENT="kärlekens"/><SP WIDTH="16" VPOS="903" HPOS="755"/>
							<String ID="string_269" HPOS="771" VPOS="903" WIDTH="70" HEIGHT="27" WC="0.93" CONTENT="heliga"/><SP WIDTH="10" VPOS="903" HPOS="841"/>
							<String ID="string_270" HPOS="851" VPOS="905" WIDTH="74" HEIGHT="21" WC="0.91" CONTENT="intres-"/>
						</TextLine>
						<TextLine ID="line_26" HPOS="100" VPOS="930" WIDTH="825" HEIGHT="29">
							<String ID="string_271" HPOS="100" VPOS="936" WIDTH="43" HEIGHT="15" WC="0.96" CONTENT="sen."/><SP WIDTH="26" VPOS="936" HPOS="143"/>
							<String ID="string_272" HPOS="169" VPOS="930" WIDTH="25" HEIGHT="21" WC="0.96" CONTENT="Vi"/><SP WIDTH="17" VPOS="930" HPOS="194"/>
							<String ID="string_273" HPOS="211" VPOS="930" WIDTH="61" HEIGHT="22" WC="0.96" CONTENT="hafva"/><SP WIDTH="15" VPOS="930" HPOS="272"/>
							<String ID="string_274" HPOS="287" VPOS="931" WIDTH="81" HEIGHT="23" WC="0.96" CONTENT="samlat,"/><SP WIDTH="17" VPOS="931" HPOS="368"/>
							<String ID="string_275" HPOS="385" VPOS="932" WIDTH="18" HEIGHT="20" WC="0.96" CONTENT="vi"/><SP WIDTH="18" VPOS="932" HPOS="403"/>
							<String ID="string_276" HPOS="421" VPOS="934" WIDTH="83" HEIGHT="24" WC="0.96" CONTENT="prester"/><SP WIDTH="15" VPOS="934" HPOS="504"/>
							<String ID="string_277" HPOS="519" VPOS="932" WIDTH="47" HEIGHT="20" WC="0.96" CONTENT="med"/><SP WIDTH="17" VPOS="932" HPOS="566"/>
							<String ID="string_278" HPOS="583" VPOS="932" WIDTH="49" HEIGHT="20" WC="0.93" CONTENT="våra"/><SP WIDTH="16" VPOS="932" HPOS="632"/>
							<String ID="string_279" HPOS="648" VPOS="932" WIDTH="277" HEIGHT="27" WC="0.91" CONTENT="församlingsmedlemmar,"/>
						</TextLine>
						<TextLine ID="line_27" HPOS="100" VPOS="958" WIDTH="825" HEIGHT="27">
							<String ID="string_280" HPOS="100" VPOS="958" WIDTH="73" HEIGHT="27" WC="0.95" CONTENT="hvarje"/><SP WIDTH="16" VPOS="958" HPOS="173"/>
							<String ID="string_281" HPOS="189" VPOS="959" WIDTH="78" HEIGHT="26" WC="0.96" CONTENT="söndag"/><SP WIDTH="17" VPOS="959" HPOS="267"/>
							<String ID="string_282" HPOS="284" VPOS="959" WIDTH="67" HEIGHT="21" WC="0.96" CONTENT="medel"/><SP WIDTH="16" VPOS="959" HPOS="351"/>
							<String ID="string_283" HPOS="367" VPOS="960" WIDTH="32" HEIGHT="21" WC="0.96" CONTENT="för"/><SP WIDTH="14" VPOS="960" HPOS="399"/>
							<String ID="string_284" HPOS="413" VPOS="963" WIDTH="82" HEIGHT="19" WC="0.96" CONTENT="statens"/><SP WIDTH="17" VPOS="963" HPOS="495"/>
							<String ID="string_285" HPOS="512" VPOS="960" WIDTH="103" HEIGHT="25" WC="0.96" CONTENT="ändamål,"/><SP WIDTH="19" VPOS="960" HPOS="615"/>
							<String ID="string_286" HPOS="634" VPOS="960" WIDTH="20" HEIGHT="21" WC="0.96" CONTENT="vi"/><SP WIDTH="15" VPOS="960" HPOS="654"/>
							<String ID="string_287" HPOS="669" VPOS="960" WIDTH="63" HEIGHT="21" WC="0.96" CONTENT="hafva"/><SP WIDTH="15" VPOS="960" HPOS="732"/>
							<String ID="string_288" HPOS="747" VPOS="960" WIDTH="76" HEIGHT="22" WC="0.95" CONTENT="samlat"/><SP WIDTH="15" VPOS="960" HPOS="823"/>
							<String ID="string_289" HPOS="838" VPOS="960" WIDTH="32" HEIGHT="22" WC="0.93" CONTENT="för"/><SP WIDTH="15" VPOS="960" HPOS="870"/>
							<String ID="string_290" HPOS="885" VPOS="961" WIDTH="40" HEIGHT="21" WC="0.91" CONTENT="fat-"/>
						</TextLine>
						<TextLine ID="line_28" HPOS="100" VPOS="988" WIDTH="825" HEIGHT="27">
							<String ID="string_291" HPOS="100" VPOS="988" WIDTH="44" HEIGHT="26" WC="0.96" CONTENT="tiga"/><SP WIDTH="22" VPOS="988" HPOS="144"/>
							<String ID="string_292" HPOS="166" VPOS="988" WIDTH="133" HEIGHT="25" WC="0.96" CONTENT="studerande,"/><SP WIDTH="24" VPOS="988" HPOS="299"/>
							<String ID="string_293" HPOS="323" VPOS="988" WIDTH="32" HEIGHT="21" WC="0.93" CONTENT="för"/><SP WIDTH="22" VPOS="988" HPOS="355"/>
							<String ID="string_294" HPOS="377" VPOS="988" WIDTH="239" HEIGHT="27" WC="0.91" CONTENT="fängelseinrättningar,"/><SP WIDTH="24" VPOS="988" HPOS="616"/>
							<String ID="string_295" HPOS="640" VPOS="988" WIDTH="112" HEIGHT="22" WC="0.92" CONTENT="lasaretter"/><SP WIDTH="23" VPOS="988" HPOS="752"/>
							<String ID="string_296" HPOS="775" VPOS="995" WIDTH="18" HEIGHT="15" WC="0.83" CONTENT="0."/><SP WIDTH="22" VPOS="995" HPOS="793"/>
							<String ID="string_297" HPOS="815" VPOS="995" WIDTH="17" HEIGHT="15" WC="0.96" CONTENT="s."/><SP WIDTH="20" VPOS="995" HPOS="832"/>
							<String ID="string_298" HPOS="852" VPOS="996" WIDTH="16" HEIGHT="14" WC="0.96" CONTENT="v."/><SP WIDTH="19" VPOS="996" HPOS="868"/>
							<String ID="string_299" HPOS="887" VPOS="990" WIDTH="38" HEIGHT="21" WC="0.96" CONTENT="och"/>
						</TextLine>
						<TextLine ID="line_29" HPOS="100" VPOS="1016" WIDTH="825" HEIGHT="28">
							<String ID="string_300" HPOS="100" VPOS="1016" WIDTH="67" HEIGHT="21" WC="0.91" CONTENT="samla"/><SP WIDTH="23" VPOS="1016" HPOS="167"/>
							<String ID="string_301" HPOS="190" VPOS="1016" WIDTH="108" HEIGHT="26" WC="0.90" CONTENT="framgent."/><SP WIDTH="33" VPOS="1016" HPOS="298"/>
							<String ID="string_302" HPOS="331" VPOS="1017" WIDTH="74" HEIGHT="27" WC="0.91" CONTENT="Aldrig"/><SP WIDTH="21" VPOS="1017" HPOS="405"/>
							<String ID="string_303" HPOS="426" VPOS="1017" WIDTH="61" HEIGHT="21" WC="0.91" CONTENT="hafva"/><SP WIDTH="17" VPOS="1017" HPOS="487"/>
							<String ID="string_304" HPOS="504" VPOS="1018" WIDTH="18" HEIGHT="19" WC="0.93" CONTENT="vi"/><SP WIDTH="17" VPOS="1018" HPOS="522"/>
							<String ID="string_305" HPOS="539" VPOS="1017" WIDTH="69" HEIGHT="26" WC="0.92" CONTENT="dragit"/><SP WIDTH="15" VPOS="1017" HPOS="608"/>
							<String ID="string_306" HPOS="623" VPOS="1017" WIDTH="5" HEIGHT="20" WC="0.93" CONTENT="i"/><SP WIDTH="17" VPOS="1017" HPOS="628"/>
							<String ID="string_307" HPOS="645" VPOS="1017" WIDTH="134" HEIGHT="21" WC="0.91" CONTENT="betänkande"/><SP WIDTH="16" VPOS="1017" HPOS="779"/>
							<String ID="string_308" HPOS="795" VPOS="1019" WIDTH="32" HEIGHT="19" WC="0.96" CONTENT="att"/><SP WIDTH="16" VPOS="1019" HPOS="827"/>
							<String ID="string_309" HPOS="843" VPOS="1018" WIDTH="18" HEIGHT="20" WC="0.92" CONTENT="vi"/><SP WIDTH="15" VPOS="1018" HPOS="861"/>
							<String ID="string_310" HPOS="876" VPOS="1018" WIDTH="27" HEIGHT="26" WC="0.92" CONTENT="gä"/><SP WIDTH="15" VPOS="1018" HPOS="903"/>
							<String ID="string_311" HPOS="918" VPOS="1019" WIDTH="7" HEIGHT="20" WC="0.96" CONTENT="i"/>
						</TextLine>
						<TextLine ID="line_30" HPOS="101" VPOS="1044" WIDTH="824" HEIGHT="29">
							<String ID="string_312" HPOS="101" VPOS="1044" WIDTH="60" HEIGHT="21" WC="0.93" CONTENT="dessa"/><SP WIDTH="24" VPOS="1044" HPOS="161"/>
							<String ID="string_313" HPOS="185" VPOS="1044" WIDTH="31" HEIGHT="21" WC="0.93" CONTENT="för"/><SP WIDTH="16" VPOS="1044" HPOS="216"/>
							<String ID="string_314" HPOS="232" VPOS="1045" WIDTH="79" HEIGHT="27" WC="0.93" CONTENT="kyrkan"/><SP WIDTH="16" VPOS="1045" HPOS="311"/>
							<String ID="string_315" HPOS="327" VPOS="1046" WIDTH="46" HEIGHT="20" WC="0.96" CONTENT="icke"/><SP WIDTH="14" VPOS="1046" HPOS="373"/>
							<String ID="string_316" HPOS="387" VPOS="1046" WIDTH="131" HEIGHT="21" WC="0.93" CONTENT="främmande"/><SP WIDTH="16" VPOS="1046" HPOS="518"/>
							<String ID="string_317" HPOS="534" VPOS="1045" WIDTH="92" HEIGHT="21" WC="0.96" CONTENT="ärenden"/><SP WIDTH="38" VPOS="1045" HPOS="626"/>
							<String ID="string_318" HPOS="664" VPOS="1046" WIDTH="73" HEIGHT="26" WC="0.73" CONTENT="Aldrig"/><SP WIDTH="16" VPOS="1046" HPOS="737"/>
							<String ID="string_319" HPOS="753" VPOS="1046" WIDTH="61" HEIGHT="21" WC="0.95" CONTENT="hafva"/><SP WIDTH="16" VPOS="1046" HPOS="814"/>
							<String ID="string_320" HPOS="830" VPOS="1046" WIDTH="19" HEIGHT="21" WC="0.93" CONTENT="vi"/><SP WIDTH="14" VPOS="1046" HPOS="849"/>
							<String ID="string_321" HPOS="863" VPOS="1047" WIDTH="62" HEIGHT="26" WC="0.96" CONTENT="yrkat"/>
						</TextLine>
						<TextLine ID="line_31" HPOS="100" VPOS="1073" WIDTH="827" HEIGHT="28">
							<String ID="string_322" HPOS="100" VPOS="1075" WIDTH="32" HEIGHT="19" WC="0.96" CONTENT="att"/><SP WIDTH="16" VPOS="1075" HPOS="132"/>
							<String ID="string_323" HPOS="148" VPOS="1073" WIDTH="80" HEIGHT="27" WC="0.93" CONTENT="kyrkan"/><SP WIDTH="17" VPOS="1073" HPOS="228"/>
							<String ID="string_324" HPOS="245" VPOS="1074" WIDTH="65" HEIGHT="20" WC="0.91" CONTENT="mätte"/><SP WIDTH="15" VPOS="1074" HPOS="310"/>
							<String ID="string_325" HPOS="325" VPOS="1074" WIDTH="68" HEIGHT="22" WC="0.92" CONTENT="äterfä"/><SP WIDTH="16" VPOS="1074" HPOS="393"/>
							<String ID="string_326" HPOS="409" VPOS="1074" WIDTH="25" HEIGHT="21" WC="0.96" CONTENT="de"/><SP WIDTH="16" VPOS="1074" HPOS="434"/>
							<String ID="string_327" HPOS="450" VPOS="1074" WIDTH="75" HEIGHT="26" WC="0.95" CONTENT="medel,"/><SP WIDTH="17" VPOS="1074" HPOS="525"/>
							<String ID="string_328" HPOS="542" VPOS="1080" WIDTH="44" HEIGHT="15" WC="0.96" CONTENT="som"/><SP WIDTH="16" VPOS="1080" HPOS="586"/>
							<String ID="string_329" HPOS="602" VPOS="1074" WIDTH="81" HEIGHT="27" WC="0.93" CONTENT="kyrkan"/><SP WIDTH="16" VPOS="1074" HPOS="683"/>
							<String ID="string_330" HPOS="699" VPOS="1074" WIDTH="81" HEIGHT="26" WC="0.92" CONTENT="samlat,"/><SP WIDTH="13" VPOS="1074" HPOS="780"/>
							<String ID="string_331" HPOS="793" VPOS="1075" WIDTH="32" HEIGHT="20" WC="0.96" CONTENT="för"/><SP WIDTH="12" VPOS="1075" HPOS="825"/>
							<String ID="string_332" HPOS="837" VPOS="1077" WIDTH="32" HEIGHT="19" WC="0.93" CONTENT="att"/><SP WIDTH="11" VPOS="1077" HPOS="869"/>
							<String ID="string_333" HPOS="880" VPOS="1075" WIDTH="47" HEIGHT="26" WC="0.92" CONTENT="sjelf"/>
						</TextLine>
						<TextLine ID="line_32" HPOS="100" VPOS="1102" WIDTH="826" HEIGHT="28">
							<String ID="string_334" HPOS="100" VPOS="1102" WIDTH="97" HEIGHT="20" WC="0.96" CONTENT="använda"/><SP WIDTH="16" VPOS="1102" HPOS="197"/>
							<String ID="string_335" HPOS="213" VPOS="1102" WIDTH="46" HEIGHT="20" WC="0.96" CONTENT="dem"/><SP WIDTH="16" VPOS="1102" HPOS="259"/>
							<String ID="string_336" HPOS="275" VPOS="1102" WIDTH="6" HEIGHT="20" WC="0.93" CONTENT="i"/><SP WIDTH="15" VPOS="1102" HPOS="281"/>
							<String ID="string_337" HPOS="296" VPOS="1102" WIDTH="92" HEIGHT="26" WC="0.92" CONTENT="kristligt"/><SP WIDTH="15" VPOS="1102" HPOS="388"/>
							<String ID="string_338" HPOS="403" VPOS="1102" WIDTH="59" HEIGHT="27" WC="0.96" CONTENT="syfte."/><SP WIDTH="28" VPOS="1102" HPOS="462"/>
							<String ID="string_339" HPOS="490" VPOS="1103" WIDTH="24" HEIGHT="21" WC="0.93" CONTENT="Vi"/><SP WIDTH="16" VPOS="1103" HPOS="514"/>
							<String ID="string_340" HPOS="530" VPOS="1102" WIDTH="61" HEIGHT="22" WC="0.96" CONTENT="hafva"/><SP WIDTH="16" VPOS="1102" HPOS="591"/>
							<String ID="string_341" HPOS="607" VPOS="1102" WIDTH="17" HEIGHT="27" WC="0.93" CONTENT="ej"/><SP WIDTH="18" VPOS="1102" HPOS="624"/>
							<String ID="string_342" HPOS="642" VPOS="1103" WIDTH="77" HEIGHT="21" WC="0.91" CONTENT="erinrat"/><SP WIDTH="17" VPOS="1103" HPOS="719"/>
							<String ID="string_343" HPOS="736" VPOS="1103" WIDTH="79" HEIGHT="27" WC="0.96" CONTENT="derom,"/><SP WIDTH="16" VPOS="1103" HPOS="815"/>
							<String ID="string_344" HPOS="831" VPOS="1105" WIDTH="32" HEIGHT="19" WC="0.93" CONTENT="att"/><SP WIDTH="10" VPOS="1105" HPOS="863"/>
							<String ID="string_345" HPOS="873" VPOS="1103" WIDTH="53" HEIGHT="22" WC="0.92" CONTENT="lasa-"/>
						</TextLine>
						<TextLine ID="line_33" HPOS="100" VPOS="1130" WIDTH="826" HEIGHT="27">
							<String ID="string_346" HPOS="100" VPOS="1132" WIDTH="66" HEIGHT="18" WC="0.92" CONTENT="retter"/><SP WIDTH="22" VPOS="1132" HPOS="166"/>
							<String ID="string_347" HPOS="188" VPOS="1130" WIDTH="39" HEIGHT="21" WC="0.93" CONTENT="och"/><SP WIDTH="23" VPOS="1130" HPOS="227"/>
							<String ID="string_348" HPOS="250" VPOS="1130" WIDTH="233" HEIGHT="27" WC="0.92" CONTENT="fängelseinrättningar"/><SP WIDTH="23" VPOS="1130" HPOS="483"/>
							<String ID="string_349" HPOS="506" VPOS="1137" WIDTH="17" HEIGHT="15" WC="0.81" CONTENT="o."/><SP WIDTH="25" VPOS="1137" HPOS="523"/>
							<String ID="string_350" HPOS="548" VPOS="1137" WIDTH="15" HEIGHT="15" WC="0.96" CONTENT="s."/><SP WIDTH="24" VPOS="1137" HPOS="563"/>
							<String ID="string_351" HPOS="587" VPOS="1137" WIDTH="17" HEIGHT="14" WC="0.96" CONTENT="v."/><SP WIDTH="20" VPOS="1137" HPOS="604"/>
							<String ID="string_352" HPOS="624" VPOS="1131" WIDTH="70" HEIGHT="21" WC="0.96" CONTENT="kunna"/><SP WIDTH="15" VPOS="1131" HPOS="694"/>
							<String ID="string_353" HPOS="709" VPOS="1131" WIDTH="73" HEIGHT="22" WC="0.73" CONTENT="finnas."/><SP WIDTH="17" VPOS="1131" HPOS="782"/>
							<String ID="string_354" HPOS="799" VPOS="1137" WIDTH="45" HEIGHT="15" WC="0.93" CONTENT="som"/><SP WIDTH="15" VPOS="1137" HPOS="844"/>
							<String ID="string_355" HPOS="859" VPOS="1132" WIDTH="67" HEIGHT="21" WC="0.96" CONTENT="sakna"/>
						</TextLine>
						<TextLine ID="line_34" HPOS="100" VPOS="1157" WIDTH="825" HEIGHT="29">
							<String ID="string_356" HPOS="100" VPOS="1157" WIDTH="151" HEIGHT="26" WC="0.91" CONTENT="hufvudsaken,"/><SP WIDTH="22" VPOS="1157" HPOS="251"/>
							<String ID="string_357" HPOS="273" VPOS="1159" WIDTH="102" HEIGHT="26" WC="0.91" CONTENT="nemligen"/><SP WIDTH="23" VPOS="1159" HPOS="375"/>
							<String ID="string_358" HPOS="398" VPOS="1159" WIDTH="168" HEIGHT="22" WC="0.92" CONTENT="kristendomens"/><SP WIDTH="22" VPOS="1159" HPOS="566"/>
							<String ID="string_359" HPOS="588" VPOS="1165" WIDTH="66" HEIGHT="16" WC="0.93" CONTENT="sanna"/><SP WIDTH="15" VPOS="1165" HPOS="654"/>
							<String ID="string_360" HPOS="669" VPOS="1159" WIDTH="56" HEIGHT="27" WC="0.88" CONTENT="hjelp"/><SP WIDTH="17" VPOS="1159" HPOS="725"/>
							<String ID="string_361" HPOS="742" VPOS="1162" WIDTH="44" HEIGHT="19" WC="0.93" CONTENT="mot"/><SP WIDTH="15" VPOS="1162" HPOS="786"/>
							<String ID="string_362" HPOS="801" VPOS="1160" WIDTH="69" HEIGHT="21" WC="0.92" CONTENT="nöden"/><SP WIDTH="17" VPOS="1160" HPOS="870"/>
							<String ID="string_363" HPOS="887" VPOS="1160" WIDTH="38" HEIGHT="21" WC="0.96" CONTENT="och"/>
						</TextLine>
						<TextLine ID="line_35" HPOS="100" VPOS="1186" WIDTH="825" HEIGHT="25">
							<String ID="string_364" HPOS="100" VPOS="1186" WIDTH="115" HEIGHT="21" WC="0.90" CONTENT="uselheten."/><SP WIDTH="24" VPOS="1186" HPOS="215"/>
							<String ID="string_365" HPOS="239" VPOS="1187" WIDTH="24" HEIGHT="21" WC="0.93" CONTENT="Vi"/><SP WIDTH="16" VPOS="1187" HPOS="263"/>
							<String ID="string_366" HPOS="279" VPOS="1187" WIDTH="62" HEIGHT="22" WC="0.92" CONTENT="hafva"/><SP WIDTH="15" VPOS="1187" HPOS="341"/>
							<String ID="string_367" HPOS="356" VPOS="1187" WIDTH="63" HEIGHT="22" WC="0.93" CONTENT="lefvat"/><SP WIDTH="15" VPOS="1187" HPOS="419"/>
							<String ID="string_368" HPOS="434" VPOS="1188" WIDTH="6" HEIGHT="21" WC="0.96" CONTENT="i"/><SP WIDTH="16" VPOS="1188" HPOS="440"/>
							<String ID="string_369" HPOS="456" VPOS="1190" WIDTH="32" HEIGHT="19" WC="0.93" CONTENT="ett"/><SP WIDTH="15" VPOS="1190" HPOS="488"/>
							<String ID="string_370" HPOS="503" VPOS="1187" WIDTH="131" HEIGHT="22" WC="0.93" CONTENT="förhällande"/><SP WIDTH="15" VPOS="1187" HPOS="634"/>
							<String ID="string_371" HPOS="649" VPOS="1188" WIDTH="32" HEIGHT="21" WC="0.96" CONTENT="till"/><SP WIDTH="16" VPOS="1188" HPOS="681"/>
							<String ID="string_372" HPOS="697" VPOS="1191" WIDTH="76" HEIGHT="20" WC="0.96" CONTENT="staten,"/><SP WIDTH="17" VPOS="1191" HPOS="773"/>
							<String ID="string_373" HPOS="790" VPOS="1188" WIDTH="37" HEIGHT="21" WC="0.97" CONTENT="der"/><SP WIDTH="15" VPOS="1188" HPOS="827"/>
							<String ID="string_374" HPOS="842" VPOS="1188" WIDTH="19" HEIGHT="21" WC="0.93" CONTENT="vi"/><SP WIDTH="13" VPOS="1188" HPOS="861"/>
							<String ID="string_375" HPOS="874" VPOS="1189" WIDTH="51" HEIGHT="20" WC="0.93" CONTENT="känt"/>
						</TextLine>
						<TextLine ID="line_36" HPOS="100" VPOS="1215" WIDTH="825" HEIGHT="28">
							<String ID="string_376" HPOS="100" VPOS="1221" WIDTH="35" HEIGHT="15" WC="0.96" CONTENT="oss"/><SP WIDTH="16" VPOS="1221" HPOS="135"/>
							<String ID="string_377" HPOS="151" VPOS="1215" WIDTH="39" HEIGHT="25" WC="0.96" CONTENT="väl,"/><SP WIDTH="17" VPOS="1215" HPOS="190"/>
							<String ID="string_378" HPOS="207" VPOS="1215" WIDTH="38" HEIGHT="22" WC="0.96" CONTENT="och"/><SP WIDTH="17" VPOS="1215" HPOS="245"/>
							<String ID="string_379" HPOS="262" VPOS="1216" WIDTH="19" HEIGHT="21" WC="0.97" CONTENT="vi"/><SP WIDTH="15" VPOS="1216" HPOS="281"/>
							<String ID="string_380" HPOS="296" VPOS="1216" WIDTH="67" HEIGHT="21" WC="0.93" CONTENT="skulle"/><SP WIDTH="16" VPOS="1216" HPOS="363"/>
							<String ID="string_381" HPOS="379" VPOS="1217" WIDTH="72" HEIGHT="22" WC="0.96" CONTENT="önska,"/><SP WIDTH="18" VPOS="1217" HPOS="451"/>
							<String ID="string_382" HPOS="469" VPOS="1219" WIDTH="45" HEIGHT="18" WC="0.96" CONTENT="tror"/><SP WIDTH="12" VPOS="1219" HPOS="514"/>
							<String ID="string_383" HPOS="526" VPOS="1217" WIDTH="43" HEIGHT="26" WC="0.96" CONTENT="jag,"/><SP WIDTH="17" VPOS="1217" HPOS="569"/>
							<String ID="string_384" HPOS="586" VPOS="1219" WIDTH="31" HEIGHT="18" WC="0.96" CONTENT="att"/><SP WIDTH="17" VPOS="1219" HPOS="617"/>
							<String ID="string_385" HPOS="634" VPOS="1217" WIDTH="35" HEIGHT="20" WC="0.93" CONTENT="det"/><SP WIDTH="16" VPOS="1217" HPOS="669"/>
							<String ID="string_386" HPOS="685" VPOS="1217" WIDTH="65" HEIGHT="20" WC="0.96" CONTENT="måtte"/><SP WIDTH="15" VPOS="1217" HPOS="750"/>
							<String ID="string_387" HPOS="765" VPOS="1216" WIDTH="76" HEIGHT="27" WC="0.96" CONTENT="fortgå,"/><SP WIDTH="16" VPOS="1216" HPOS="841"/>
							<String ID="string_388" HPOS="857" VPOS="1219" WIDTH="22" HEIGHT="24" WC="0.96" CONTENT="ty"/><SP WIDTH="11" VPOS="1219" HPOS="879"/>
							<String ID="string_389" HPOS="890" VPOS="1217" WIDTH="35" HEIGHT="26" WC="0.96" CONTENT="jag"/>
						</TextLine>
						<TextLine ID="line_37" HPOS="100" VPOS="1243" WIDTH="826" HEIGHT="29">
							<String ID="string_390" HPOS="100" VPOS="1243" WIDTH="71" HEIGHT="22" WC="0.85" CONTENT="älskar"/><SP WIDTH="21" VPOS="1243" HPOS="171"/>
							<String ID="string_391" HPOS="192" VPOS="1244" WIDTH="18" HEIGHT="26" WC="0.94" CONTENT="ej"/><SP WIDTH="22" VPOS="1244" HPOS="210"/>
							<String ID="string_392" HPOS="232" VPOS="1247" WIDTH="60" HEIGHT="24" WC="0.96" CONTENT="ropet"/><SP WIDTH="15" VPOS="1247" HPOS="292"/>
							<String ID="string_393" HPOS="307" VPOS="1245" WIDTH="27" HEIGHT="26" WC="0.93" CONTENT="pä"/><SP WIDTH="15" VPOS="1245" HPOS="334"/>
							<String ID="string_394" HPOS="349" VPOS="1245" WIDTH="24" HEIGHT="20" WC="0.93" CONTENT="fri"/><SP WIDTH="17" VPOS="1245" HPOS="373"/>
							<String ID="string_395" HPOS="390" VPOS="1245" WIDTH="120" HEIGHT="27" WC="0.93" CONTENT="kyrklighet"/><SP WIDTH="15" VPOS="1245" HPOS="510"/>
							<String ID="string_396" HPOS="525" VPOS="1245" WIDTH="64" HEIGHT="21" WC="0.96" CONTENT="innan"/><SP WIDTH="16" VPOS="1245" HPOS="589"/>
							<String ID="string_397" HPOS="605" VPOS="1245" WIDTH="39" HEIGHT="21" WC="0.93" CONTENT="den"/><SP WIDTH="17" VPOS="1245" HPOS="644"/>
							<String ID="string_398" HPOS="661" VPOS="1245" WIDTH="74" HEIGHT="21" WC="0.92" CONTENT="blifver"/><SP WIDTH="15" VPOS="1245" HPOS="735"/>
							<String ID="string_399" HPOS="750" VPOS="1245" WIDTH="30" HEIGHT="21" WC="0.93" CONTENT="till"/><SP WIDTH="17" VPOS="1245" HPOS="780"/>
							<String ID="string_400" HPOS="797" VPOS="1245" WIDTH="129" HEIGHT="27" WC="0.92" CONTENT="nödvändig-"/>
						</TextLine>
						<TextLine ID="line_38" HPOS="100" VPOS="1271" WIDTH="825" HEIGHT="26">
							<String ID="string_401" HPOS="100" VPOS="1271" WIDTH="42" HEIGHT="21" WC="0.84" CONTENT="het."/><SP WIDTH="31" VPOS="1271" HPOS="142"/>
							<String ID="string_402" HPOS="173" VPOS="1271" WIDTH="58" HEIGHT="22" WC="0.87" CONTENT="Skall"/><SP WIDTH="24" VPOS="1271" HPOS="231"/>
							<String ID="string_403" HPOS="255" VPOS="1273" WIDTH="36" HEIGHT="21" WC="0.93" CONTENT="det"/><SP WIDTH="22" VPOS="1273" HPOS="291"/>
							<String ID="string_404" HPOS="313" VPOS="1273" WIDTH="43" HEIGHT="24" WC="0.96" CONTENT="ske,"/><SP WIDTH="19" VPOS="1273" HPOS="356"/>
							<String ID="string_405" HPOS="375" VPOS="1275" WIDTH="24" HEIGHT="20" WC="0.93" CONTENT="sä"/><SP WIDTH="16" VPOS="1275" HPOS="399"/>
							<String ID="string_406" HPOS="415" VPOS="1275" WIDTH="66" HEIGHT="20" WC="0.96" CONTENT="måste"/><SP WIDTH="17" VPOS="1275" HPOS="481"/>
							<String ID="string_407" HPOS="498" VPOS="1274" WIDTH="35" HEIGHT="20" WC="0.97" CONTENT="det"/><SP WIDTH="15" VPOS="1274" HPOS="533"/>
							<String ID="string_408" HPOS="548" VPOS="1273" WIDTH="33" HEIGHT="21" WC="0.93" CONTENT="väl"/><SP WIDTH="16" VPOS="1273" HPOS="581"/>
							<String ID="string_409" HPOS="597" VPOS="1273" WIDTH="43" HEIGHT="22" WC="0.96" CONTENT="ske."/><SP WIDTH="31" VPOS="1273" HPOS="640"/>
							<String ID="string_410" HPOS="671" VPOS="1273" WIDTH="44" HEIGHT="22" WC="0.96" CONTENT="Och"/><SP WIDTH="16" VPOS="1273" HPOS="715"/>
							<String ID="string_411" HPOS="731" VPOS="1274" WIDTH="27" HEIGHT="21" WC="0.96" CONTENT="dä"/><SP WIDTH="15" VPOS="1274" HPOS="758"/>
							<String ID="string_412" HPOS="773" VPOS="1275" WIDTH="25" HEIGHT="19" WC="0.96" CONTENT="är"/><SP WIDTH="15" VPOS="1275" HPOS="798"/>
							<String ID="string_413" HPOS="813" VPOS="1273" WIDTH="33" HEIGHT="22" WC="0.93" CONTENT="väl"/><SP WIDTH="16" VPOS="1273" HPOS="846"/>
							<String ID="string_414" HPOS="862" VPOS="1274" WIDTH="63" HEIGHT="21" WC="0.96" CONTENT="också"/>
						</TextLine>
						<TextLine ID="line_39" HPOS="100" VPOS="1300" WIDTH="825" HEIGHT="30">
							<String ID="string_415" HPOS="100" VPOS="1300" WIDTH="81" HEIGHT="27" WC="0.93" CONTENT="möjligt"/><SP WIDTH="23" VPOS="1300" HPOS="181"/>
							<String ID="string_416" HPOS="204" VPOS="1303" WIDTH="31" HEIGHT="18" WC="0.93" CONTENT="att"/><SP WIDTH="21" VPOS="1303" HPOS="235"/>
							<String ID="string_417" HPOS="256" VPOS="1302" WIDTH="19" HEIGHT="20" WC="0.93" CONTENT="vi"/><SP WIDTH="23" VPOS="1302" HPOS="275"/>
							<String ID="string_418" HPOS="298" VPOS="1302" WIDTH="17" HEIGHT="26" WC="0.92" CONTENT="ej"/><SP WIDTH="25" VPOS="1302" HPOS="315"/>
							<String ID="string_419" HPOS="340" VPOS="1309" WIDTH="57" HEIGHT="14" WC="0.93" CONTENT="mera"/><SP WIDTH="22" VPOS="1309" HPOS="397"/>
							<String ID="string_420" HPOS="419" VPOS="1302" WIDTH="79" HEIGHT="28" WC="0.93" CONTENT="begära"/><SP WIDTH="18" VPOS="1302" HPOS="498"/>
							<String ID="string_421" HPOS="516" VPOS="1302" WIDTH="65" HEIGHT="26" WC="0.92" CONTENT="nägra"/><SP WIDTH="15" VPOS="1302" HPOS="581"/>
							<String ID="string_422" HPOS="596" VPOS="1301" WIDTH="194" HEIGHT="28" WC="0.90" CONTENT="bevillningsmedel"/><SP WIDTH="17" VPOS="1301" HPOS="790"/>
							<String ID="string_423" HPOS="807" VPOS="1302" WIDTH="34" HEIGHT="21" WC="0.93" CONTENT="vid"/><SP WIDTH="15" VPOS="1302" HPOS="841"/>
							<String ID="string_424" HPOS="856" VPOS="1303" WIDTH="69" HEIGHT="26" WC="0.92" CONTENT="nägon"/>
						</TextLine>
						<TextLine ID="line_40" HPOS="100" VPOS="1328" WIDTH="827" HEIGHT="29">
							<String ID="string_425" HPOS="100" VPOS="1328" WIDTH="101" HEIGHT="27" WC="0.7" CONTENT="landtuag"/><SP WIDTH="15" VPOS="1328" HPOS="201"/>
							<String ID="string_426" HPOS="216" VPOS="1329" WIDTH="33" HEIGHT="21" WC="0.93" CONTENT="för"/><SP WIDTH="15" VPOS="1329" HPOS="249"/>
							<String ID="string_427" HPOS="264" VPOS="1331" WIDTH="49" HEIGHT="20" WC="0.96" CONTENT="våra"/><SP WIDTH="16" VPOS="1331" HPOS="313"/>
							<String ID="string_428" HPOS="329" VPOS="1331" WIDTH="105" HEIGHT="21" WC="0.93" CONTENT="klockare."/><SP WIDTH="30" VPOS="1331" HPOS="434"/>
							<String ID="string_429" HPOS="464" VPOS="1331" WIDTH="63" HEIGHT="20" WC="0.94" CONTENT="Ännu"/><SP WIDTH="15" VPOS="1331" HPOS="527"/>
							<String ID="string_430" HPOS="542" VPOS="1330" WIDTH="68" HEIGHT="21" WC="0.96" CONTENT="skulle"/><SP WIDTH="14" VPOS="1330" HPOS="610"/>
							<String ID="string_431" HPOS="624" VPOS="1333" WIDTH="35" HEIGHT="24" WC="0.96" CONTENT="jag"/><SP WIDTH="16" VPOS="1333" HPOS="659"/>
							<String ID="string_432" HPOS="675" VPOS="1330" WIDTH="48" HEIGHT="27" WC="0.93" CONTENT="vilja"/><SP WIDTH="16" VPOS="1330" HPOS="723"/>
							<String ID="string_433" HPOS="739" VPOS="1331" WIDTH="87" HEIGHT="26" WC="0.96" CONTENT="tillägga"/><SP WIDTH="10" VPOS="1331" HPOS="826"/>
							<String ID="string_434" HPOS="836" VPOS="1333" WIDTH="31" HEIGHT="18" WC="0.97" CONTENT="ett"/><SP WIDTH="11" VPOS="1333" HPOS="867"/>
							<String ID="string_435" HPOS="878" VPOS="1331" WIDTH="49" HEIGHT="21" WC="0.97" CONTENT="kort"/>
						</TextLine>
						<TextLine ID="line_41" HPOS="101" VPOS="1357" WIDTH="825" HEIGHT="28">
							<String ID="string_436" HPOS="101" VPOS="1357" WIDTH="38" HEIGHT="22" WC="0.93" CONTENT="ord"/><SP WIDTH="16" VPOS="1357" HPOS="139"/>
							<String ID="string_437" HPOS="155" VPOS="1357" WIDTH="78" HEIGHT="26" WC="0.90" CONTENT="derom,"/><SP WIDTH="14" VPOS="1357" HPOS="233"/>
							<String ID="string_438" HPOS="247" VPOS="1358" WIDTH="102" HEIGHT="22" WC="0.96" CONTENT="huruvida"/><SP WIDTH="11" VPOS="1358" HPOS="349"/>
							<String ID="string_439" HPOS="360" VPOS="1359" WIDTH="60" HEIGHT="22" WC="0.93" CONTENT="dessa"/><SP WIDTH="11" VPOS="1359" HPOS="420"/>
							<String ID="string_440" HPOS="431" VPOS="1359" WIDTH="132" HEIGHT="22" WC="0.91" CONTENT="läroämnen:"/><SP WIDTH="12" VPOS="1359" HPOS="563"/>
							<String ID="string_441" HPOS="575" VPOS="1359" WIDTH="113" HEIGHT="26" WC="0.93" CONTENT="aritmetik,"/><SP WIDTH="11" VPOS="1359" HPOS="688"/>
							<String ID="string_442" HPOS="699" VPOS="1359" WIDTH="138" HEIGHT="26" WC="0.90" CONTENT="stilskrifning"/><SP WIDTH="11" VPOS="1359" HPOS="837"/>
							<String ID="string_443" HPOS="848" VPOS="1365" WIDTH="18" HEIGHT="15" WC="0.89" CONTENT="o."/><SP WIDTH="12" VPOS="1365" HPOS="866"/>
							<String ID="string_444" HPOS="878" VPOS="1366" WIDTH="16" HEIGHT="14" WC="0.96" CONTENT="s."/><SP WIDTH="12" VPOS="1366" HPOS="894"/>
							<String ID="string_445" HPOS="906" VPOS="1365" WIDTH="20" HEIGHT="14" WC="0.96" CONTENT="v."/>
						</TextLine>
						<TextLine ID="line_42" HPOS="100" VPOS="1385" WIDTH="824" HEIGHT="29">
							<String ID="string_446" HPOS="100" VPOS="1385" WIDTH="65" HEIGHT="22" WC="0.93" CONTENT="borde"/><SP WIDTH="23" VPOS="1385" HPOS="165"/>
							<String ID="string_447" HPOS="188" VPOS="1387" WIDTH="103" HEIGHT="22" WC="0.92" CONTENT="uteslutas"/><SP WIDTH="22" VPOS="1387" HPOS="291"/>
							<String ID="string_448" HPOS="313" VPOS="1387" WIDTH="46" HEIGHT="22" WC="0.92" CONTENT="frän"/><SP WIDTH="22" VPOS="1387" HPOS="359"/>
							<String ID="string_449" HPOS="381" VPOS="1387" WIDTH="259" HEIGHT="27" WC="0.92" CONTENT="undervisningsomrädet"/><SP WIDTH="15" VPOS="1387" HPOS="640"/>
							<String ID="string_450" HPOS="655" VPOS="1388" WIDTH="6" HEIGHT="20" WC="0.96" CONTENT="i"/><SP WIDTH="17" VPOS="1388" HPOS="661"/>
							<String ID="string_451" HPOS="678" VPOS="1387" WIDTH="99" HEIGHT="22" WC="0.93" CONTENT="klockare"/><SP WIDTH="20" VPOS="1387" HPOS="777"/>
							<String ID="string_452" HPOS="797" VPOS="1387" WIDTH="127" HEIGHT="22" WC="0.92" CONTENT="seminariet."/>
						</TextLine>
						<TextLine ID="line_43" HPOS="100" VPOS="1415" WIDTH="825" HEIGHT="28">
							<String ID="string_453" HPOS="100" VPOS="1415" WIDTH="43" HEIGHT="21" WC="0.95" CONTENT="Det"/><SP WIDTH="22" VPOS="1415" HPOS="143"/>
							<String ID="string_454" HPOS="165" VPOS="1416" WIDTH="23" HEIGHT="19" WC="0.95" CONTENT="är"/><SP WIDTH="22" VPOS="1416" HPOS="188"/>
							<String ID="string_455" HPOS="210" VPOS="1415" WIDTH="6" HEIGHT="20" WC="0.95" CONTENT="i"/><SP WIDTH="24" VPOS="1415" HPOS="216"/>
							<String ID="string_456" HPOS="240" VPOS="1415" WIDTH="40" HEIGHT="21" WC="0.92" CONTENT="den"/><SP WIDTH="22" VPOS="1415" HPOS="280"/>
							<String ID="string_457" HPOS="302" VPOS="1416" WIDTH="54" HEIGHT="21" WC="0.96" CONTENT="enda"/><SP WIDTH="20" VPOS="1416" HPOS="356"/>
							<String ID="string_458" HPOS="376" VPOS="1417" WIDTH="95" HEIGHT="26" WC="0.96" CONTENT="punkten"/><SP WIDTH="21" VPOS="1417" HPOS="471"/>
							<String ID="string_459" HPOS="492" VPOS="1416" WIDTH="36" HEIGHT="27" WC="0.93" CONTENT="jag"/><SP WIDTH="23" VPOS="1416" HPOS="528"/>
							<String ID="string_460" HPOS="551" VPOS="1416" WIDTH="17" HEIGHT="27" WC="0.96" CONTENT="ej"/><SP WIDTH="17" VPOS="1416" HPOS="568"/>
							<String ID="string_461" HPOS="585" VPOS="1416" WIDTH="41" HEIGHT="21" WC="0.93" CONTENT="kan"/><SP WIDTH="16" VPOS="1416" HPOS="626"/>
							<String ID="string_462" HPOS="642" VPOS="1416" WIDTH="48" HEIGHT="21" WC="0.96" CONTENT="dela"/><SP WIDTH="15" VPOS="1416" HPOS="690"/>
							<String ID="string_463" HPOS="705" VPOS="1416" WIDTH="75" HEIGHT="27" WC="0.93" CONTENT="biskop"/><SP WIDTH="15" VPOS="1416" HPOS="780"/>
							<String ID="string_464" HPOS="795" VPOS="1416" WIDTH="130" HEIGHT="21" WC="0.67" CONTENT="Schaumaus"/>
						</TextLine>
						<TextLine ID="line_44" HPOS="99" VPOS="1443" WIDTH="827" HEIGHT="28">
							<String ID="string_465" HPOS="99" VPOS="1443" WIDTH="60" HEIGHT="26" WC="0.91" CONTENT="äsigt."/><SP WIDTH="31" VPOS="1443" HPOS="159"/>
							<String ID="string_466" HPOS="190" VPOS="1443" WIDTH="40" HEIGHT="27" WC="0.96" CONTENT="Jag"/><SP WIDTH="23" VPOS="1443" HPOS="230"/>
							<String ID="string_467" HPOS="253" VPOS="1444" WIDTH="75" HEIGHT="21" WC="0.93" CONTENT="tänker"/><SP WIDTH="22" VPOS="1444" HPOS="328"/>
							<String ID="string_468" HPOS="350" VPOS="1445" WIDTH="104" HEIGHT="26" WC="0.92" CONTENT="nemligen"/><SP WIDTH="22" VPOS="1445" HPOS="454"/>
							<String ID="string_469" HPOS="476" VPOS="1445" WIDTH="28" HEIGHT="26" WC="0.93" CONTENT="pä"/><SP WIDTH="20" VPOS="1445" HPOS="504"/>
							<String ID="string_470" HPOS="524" VPOS="1445" WIDTH="48" HEIGHT="21" WC="0.93" CONTENT="värt"/><SP WIDTH="19" VPOS="1445" HPOS="572"/>
							<String ID="string_471" HPOS="591" VPOS="1445" WIDTH="61" HEIGHT="21" WC="0.92" CONTENT="lands"/><SP WIDTH="15" VPOS="1445" HPOS="652"/>
							<String ID="string_472" HPOS="667" VPOS="1444" WIDTH="118" HEIGHT="27" WC="0.92" CONTENT="fattigdom,"/><SP WIDTH="13" VPOS="1444" HPOS="785"/>
							<String ID="string_473" HPOS="798" VPOS="1445" WIDTH="37" HEIGHT="26" WC="0.96" CONTENT="jag"/><SP WIDTH="14" VPOS="1445" HPOS="835"/>
							<String ID="string_474" HPOS="849" VPOS="1445" WIDTH="77" HEIGHT="21" WC="0.96" CONTENT="tänker"/>
						</TextLine>
						<TextLine ID="line_45" HPOS="100" VPOS="1471" WIDTH="824" HEIGHT="29">
							<String ID="string_475" HPOS="100" VPOS="1472" WIDTH="27" HEIGHT="25" WC="0.96" CONTENT="pä"/><SP WIDTH="15" VPOS="1472" HPOS="127"/>
							<String ID="string_476" HPOS="142" VPOS="1471" WIDTH="53" HEIGHT="27" WC="0.96" CONTENT="dem,"/><SP WIDTH="17" VPOS="1471" HPOS="195"/>
							<String ID="string_477" HPOS="212" VPOS="1477" WIDTH="45" HEIGHT="16" WC="0.92" CONTENT="som"/><SP WIDTH="16" VPOS="1477" HPOS="257"/>
							<String ID="string_478" HPOS="273" VPOS="1474" WIDTH="36" HEIGHT="20" WC="0.92" CONTENT="äro"/><SP WIDTH="16" VPOS="1474" HPOS="309"/>
							<String ID="string_479" HPOS="325" VPOS="1473" WIDTH="110" HEIGHT="22" WC="0.92" CONTENT="utrustade"/><SP WIDTH="15" VPOS="1473" HPOS="435"/>
							<String ID="string_480" HPOS="450" VPOS="1473" WIDTH="48" HEIGHT="21" WC="0.93" CONTENT="med"/><SP WIDTH="16" VPOS="1473" HPOS="498"/>
							<String ID="string_481" HPOS="514" VPOS="1473" WIDTH="128" HEIGHT="27" WC="0.90" CONTENT="sänggäfvan"/><SP WIDTH="15" VPOS="1473" HPOS="642"/>
							<String ID="string_482" HPOS="657" VPOS="1473" WIDTH="87" HEIGHT="22" WC="0.92" CONTENT="framför"/><SP WIDTH="16" VPOS="1473" HPOS="744"/>
							<String ID="string_483" HPOS="760" VPOS="1474" WIDTH="76" HEIGHT="25" WC="0.91" CONTENT="mänga"/><SP WIDTH="15" VPOS="1474" HPOS="836"/>
							<String ID="string_484" HPOS="851" VPOS="1473" WIDTH="73" HEIGHT="21" WC="0.96" CONTENT="andra."/>
						</TextLine>
						<TextLine ID="line_46" HPOS="99" VPOS="1500" WIDTH="828" HEIGHT="28">
							<String ID="string_485" HPOS="99" VPOS="1500" WIDTH="50" HEIGHT="21" WC="0.95" CONTENT="Icke"/><SP WIDTH="22" VPOS="1500" HPOS="149"/>
							<String ID="string_486" HPOS="171" VPOS="1500" WIDTH="71" HEIGHT="22" WC="0.96" CONTENT="kunna"/><SP WIDTH="19" VPOS="1500" HPOS="242"/>
							<String ID="string_487" HPOS="261" VPOS="1501" WIDTH="26" HEIGHT="21" WC="0.93" CONTENT="de"/><SP WIDTH="14" VPOS="1501" HPOS="287"/>
							<String ID="string_488" HPOS="301" VPOS="1502" WIDTH="104" HEIGHT="26" WC="0.96" CONTENT="genomgå"/><SP WIDTH="15" VPOS="1502" HPOS="405"/>
							<String ID="string_489" HPOS="420" VPOS="1504" WIDTH="31" HEIGHT="19" WC="0.93" CONTENT="ett"/><SP WIDTH="15" VPOS="1504" HPOS="451"/>
							<String ID="string_490" HPOS="466" VPOS="1502" WIDTH="97" HEIGHT="21" WC="0.96" CONTENT="läroverk"/><SP WIDTH="16" VPOS="1502" HPOS="563"/>
							<String ID="string_491" HPOS="579" VPOS="1501" WIDTH="32" HEIGHT="22" WC="0.96" CONTENT="för"/><SP WIDTH="15" VPOS="1501" HPOS="611"/>
							<String ID="string_492" HPOS="626" VPOS="1504" WIDTH="32" HEIGHT="19" WC="0.93" CONTENT="att"/><SP WIDTH="15" VPOS="1504" HPOS="658"/>
							<String ID="string_493" HPOS="673" VPOS="1502" WIDTH="94" HEIGHT="21" WC="0.92" CONTENT="inhemta"/><SP WIDTH="15" VPOS="1502" HPOS="767"/>
							<String ID="string_494" HPOS="782" VPOS="1501" WIDTH="77" HEIGHT="26" WC="0.93" CONTENT="nödiga"/><SP WIDTH="15" VPOS="1501" HPOS="859"/>
							<String ID="string_495" HPOS="874" VPOS="1501" WIDTH="53" HEIGHT="21" WC="0.91" CONTENT="kun-"/>
						</TextLine>
						<TextLine ID="line_47" HPOS="100" VPOS="1528" WIDTH="826" HEIGHT="29">
							<String ID="string_496" HPOS="100" VPOS="1528" WIDTH="77" HEIGHT="27" WC="0.92" CONTENT="skaper"/><SP WIDTH="22" VPOS="1528" HPOS="177"/>
							<String ID="string_497" HPOS="199" VPOS="1529" WIDTH="6" HEIGHT="21" WC="0.91" CONTENT="i"/><SP WIDTH="24" VPOS="1529" HPOS="205"/>
							<String ID="string_498" HPOS="229" VPOS="1529" WIDTH="68" HEIGHT="28" WC="0.91" CONTENT="öfrigt,"/><SP WIDTH="25" VPOS="1529" HPOS="297"/>
							<String ID="string_499" HPOS="322" VPOS="1533" WIDTH="50" HEIGHT="18" WC="0.97" CONTENT="utan"/><SP WIDTH="13" VPOS="1533" HPOS="372"/>
							<String ID="string_500" HPOS="385" VPOS="1530" WIDTH="37" HEIGHT="27" WC="0.96" CONTENT="jag"/><SP WIDTH="15" VPOS="1530" HPOS="422"/>
							<String ID="string_501" HPOS="437" VPOS="1537" WIDTH="68" HEIGHT="19" WC="0.96" CONTENT="anser,"/><SP WIDTH="16" VPOS="1537" HPOS="505"/>
							<String ID="string_502" HPOS="521" VPOS="1532" WIDTH="32" HEIGHT="19" WC="0.96" CONTENT="att"/><SP WIDTH="16" VPOS="1532" HPOS="553"/>
							<String ID="string_503" HPOS="569" VPOS="1530" WIDTH="25" HEIGHT="21" WC="0.93" CONTENT="de"/><SP WIDTH="16" VPOS="1530" HPOS="594"/>
							<String ID="string_504" HPOS="610" VPOS="1530" WIDTH="20" HEIGHT="21" WC="0.93" CONTENT="fä"/><SP WIDTH="16" VPOS="1530" HPOS="630"/>
							<String ID="string_505" HPOS="646" VPOS="1531" WIDTH="91" HEIGHT="26" WC="0.96" CONTENT="timmar,"/><SP WIDTH="16" VPOS="1531" HPOS="737"/>
							<String ID="string_506" HPOS="753" VPOS="1536" WIDTH="45" HEIGHT="15" WC="0.96" CONTENT="som"/><SP WIDTH="17" VPOS="1536" HPOS="798"/>
							<String ID="string_507" HPOS="815" VPOS="1530" WIDTH="25" HEIGHT="21" WC="0.96" CONTENT="de"/><SP WIDTH="15" VPOS="1530" HPOS="840"/>
							<String ID="string_508" HPOS="855" VPOS="1530" WIDTH="71" HEIGHT="21" WC="0.96" CONTENT="kunna"/>
						</TextLine>
					</TextBlock>
				</ComposedBlock>
			</PrintSpace>
		</Page>
	</Layout>
</alto>
