1117 1817
347 129 163 18 Presteståndet
522 130 56 18 1872.
602 131 9 16 1
623 134 62 12 mars.
861 125 42 20 217

104 215 64 22 nyare
183 208 237 28 brottmålsförfattning
435 209 115 27 medgifver
565 209 117 22 ådömande
698 209 22 21 af
731 208 142 28 frihetsstraff,
888 210 43 21 för-

103 237 114 28 brytarene
233 237 122 27 härigenom
371 240 37 19 äro
423 237 92 22 ådömde
531 239 31 20 att
577 238 90 21 insättas
679 238 7 21 i
696 237 171 26 straffanstalter,
879 237 52 21 hvil-

103 265 40 22 kas
157 265 86 27 ledning
258 268 55 19 ännu
329 266 46 21 icke
390 266 81 21 kunnat
486 266 106 22 anförtros
604 267 22 20 åt
637 265 70 22 dertill
718 266 77 21 enkom
805 265 126 23 förberedde

103 293 155 27 föreståndare;
282 294 6 21 i
311 295 71 20 hvilka
405 295 132 26 själavården
561 297 23 19 är
600 295 122 26 uppdragen
738 295 23 20 åt
776 297 114 24 prestmän,
905 295 26 21 de

104 323 38 21 der
157 322 32 21 för
204 323 70 26 knapp
290 323 91 26 aflöning
395 323 45 21 icke
454 323 72 21 kunna
537 323 86 22 odeladt
634 329 54 20 egna
700 323 31 21 sin
743 323 31 21 tid
783 323 24 21 åt
817 323 26 22 de
855 324 76 25 många

103 350 71 27 fallne,
189 351 72 22 hvilka
276 351 33 21 för
324 352 31 21 sin
371 351 178 28 återupprättelse
565 358 49 15 vore
630 351 5 21 i
651 351 65 22 behof
730 351 22 22 af
766 351 25 22 de
807 351 67 22 förres
884 351 47 22 niti-

104 379 38 22 ska
165 379 38 22 och
226 379 136 22 kärleksfulla
384 380 140 25 omvårdnad;
547 380 86 22 hvarest
656 382 74 19 nästan
746 380 109 27 ingenting
869 383 63 24 göres

104 408 32 21 för
151 410 32 19 att
198 414 74 21 genom
289 409 148 26 undervisning
453 409 5 20 i
474 409 131 21 kristendom
616 409 39 21 och
672 409 66 21 andra
749 408 121 27 kunskaper
880 409 51 27 lyfta

104 436 134 27 förbrytaren
253 436 53 22 ifrån
323 437 34 21 det
373 437 233 26 okunnighetsmörker,
621 437 60 21 hvari
697 437 41 21 han
753 437 32 21 till
801 437 37 21 sitt
852 436 81 22 förderf

105 464 84 26 famlat;
211 465 86 22 hvarest
319 472 25 15 en
367 465 125 28 förbrytare,
516 473 51 18 som,
583 465 33 22 för
638 465 147 27 obekantskap
803 465 48 22 med
867 466 65 26 något

104 493 58 28 yrke,
185 493 54 22 varit
263 494 101 21 hänvisad
385 494 55 21 blott
462 494 33 21 till
518 495 36 21 det
568 494 108 27 simplaste
692 494 204 26 daglönare-arbete,
912 494 17 26 ej

105 521 67 22 sällan
194 522 78 21 saknar
294 523 81 21 tillfälle
397 525 32 19 att
444 523 20 21 få
480 522 46 22 lära
540 523 32 26 sig
587 523 69 26 någon
672 523 112 26 bandslöjd
799 522 53 21 eller
867 523 64 26 något

104 550 125 25 handtverk,
251 551 102 21 hvarmed
375 551 42 22 han
439 551 54 22 efter
516 551 128 22 strafftidens
666 553 79 25 utgång
765 551 70 21 kunde
849 551 81 27 årligen

104 579 89 26 försörja
215 579 42 27 sig;
281 580 84 21 hvarest
388 579 60 22 äfven
470 580 88 27 tillgång
581 579 30 22 till
634 579 74 22 arbete
723 579 74 27 plägar
813 582 62 25 tryta,
891 579 39 22 och

104 607 102 27 fångarne
228 608 83 21 derföre
328 608 21 21 få
364 610 26 19 än
406 609 72 21 vidare
494 609 62 26 vänja
571 609 31 26 sig
617 608 35 21 vid
668 608 39 21 den
724 608 61 27 lättja
800 608 40 21 och
855 607 76 28 sysslo-

104 635 75 26 löshet,
203 643 45 14 som
267 636 40 22 fört
323 637 24 21 så
362 638 89 25 mången
467 637 22 21 af
504 637 46 21 dem
566 637 31 21 till
614 637 64 24 brott,
694 639 55 19 samt
764 637 85 21 hvarest
865 637 66 21 under

106 664 67 21 denna
195 665 136 27 sysslolöshet
351 665 60 21 äfven
426 665 40 21 den
483 665 81 21 mindre
580 665 131 21 fördertvade
727 666 18 26 ej
762 665 66 21 sällan
844 665 41 21 blir
900 666 31 20 ett

106 692 51 22 offer
171 692 33 22 för
219 693 40 21 den
275 699 57 15 mera
347 693 127 22 förhärdade
490 694 87 26 fångens
592 694 128 25 intalanden,
737 694 24 21 så
776 696 31 18 att
823 694 41 20 han
877 693 53 21 ifrån

105 720 165 23 straffanstalten
286 723 62 25 utgår
363 724 75 22 sämre,
454 724 27 19 än
497 722 41 21 han
554 729 43 17 var,
614 723 26 20 då
656 722 40 21 han
713 722 31 21 dit
758 722 78 21 inkom.

174 749 40 22 Till
237 750 61 21 dessa
321 750 64 22 redan
408 751 6 20 i
430 750 39 22 och
485 750 33 22 för
532 751 31 26 sig
579 752 23 20 så
617 752 61 20 svåra
694 751 137 26 olägenheter
846 751 84 21 komma

105 780 56 19 ännu
177 779 72 23 andra,
266 778 70 22 hvilka
351 781 94 19 närmast
460 780 52 20 bero
528 780 22 20 af
564 779 122 27 dröjsmålet
702 779 47 21 med
765 779 135 21 utfärdandet
910 778 21 22 af

105 806 40 22 den
160 813 41 21 nya
216 806 148 28 författningen
381 814 34 14 om
430 807 130 22 afskaffande
572 808 22 21 af
608 808 54 21 vissa
677 807 123 23 straffarter,
817 808 68 21 såsom
898 809 33 19 att

105 835 142 21 domstolarne
264 836 129 21 fortfarande
409 837 67 21 måste
492 836 70 27 hjelpa
577 836 31 27 sig
623 836 53 22 fram
692 839 50 19 utan
759 836 26 21 de
800 835 131 22 föreskrifter

105 870 34 14 om
157 864 195 27 sammanläggning
367 864 22 22 af
402 864 65 26 straff,
484 865 72 21 hvilka
570 865 6 21 i
592 865 91 21 nämnda
698 864 123 27 författning
837 864 93 22 innehål-

104 891 41 27 las;
167 895 32 18 att
221 893 18 26 ej
261 892 66 22 heller
341 894 26 20 de
383 900 46 20 nya,
445 893 32 21 till
494 894 26 20 de
535 894 136 21 latitudinära
686 893 130 21 straffbuden
832 892 98 27 lämpade

104 920 186 28 bestämningarne
304 922 7 20 i
327 928 80 15 samma
422 921 124 28 författning
561 922 108 27 angående
680 922 103 26 häktning
793 924 56 19 ännu
859 922 72 20 kunna

104 950 63 26 göras
181 949 105 26 gällande,
302 950 134 26 hvarigenom
452 951 88 26 onödigt
555 950 85 22 lidande
654 951 95 26 uppstår,
765 956 19 15 o.
799 956 27 15 m.
843 950 12 21 d

173 978 45 21 Allt
233 978 58 21 detta
307 985 62 15 anser
381 978 37 26 jag
432 980 24 20 så
472 978 190 27 behjertansvärdt,
678 981 31 19 att
721 979 38 27 jag
774 978 17 27 ej
803 978 41 22 kan
855 978 74 22 under-

104 1006 44 21 låta
170 1008 32 19 att
223 1006 33 22 för
272 1007 41 21 min
329 1007 34 21 del
379 1007 67 21 uttala
462 1008 41 20 den
519 1010 105 19 varmaste
639 1007 87 24 önskan,
743 1010 31 18 att
790 1007 36 21 det
841 1007 88 26 utskott,

104 1040 45 16 som
173 1034 96 22 kommer
290 1038 33 18 att
345 1036 111 21 förbereda
479 1036 184 27 handläggningen
678 1036 23 21 af
715 1036 39 21 den
769 1036 161 26 ifrågavarande

104 1063 118 26 Kejserliga
237 1064 163 26 propositionen,
417 1065 65 21 måtte
498 1064 85 27 påfinna
594 1066 71 25 någon
675 1066 64 25 utväg
749 1064 32 22 till
794 1064 136 22 anskaffande

104 1091 23 21 af
139 1092 68 21 medel
223 1092 32 21 till
271 1092 205 27 fängelseväsendets
491 1093 115 21 ordnande.

173 1120 56 25 Men,
252 1120 61 21 äfven
336 1128 33 14 om
388 1122 74 26 anslag
476 1121 34 21 för
524 1122 120 21 ändamålet
660 1122 41 21 kan
717 1121 22 21 af
752 1122 105 20 utskottet
872 1121 59 22 anvi-

104 1153 41 20 sas,
167 1149 24 20 så
211 1148 62 22 beror
295 1149 82 22 ändock
400 1149 22 22 af
442 1152 66 19 sättet
524 1149 38 22 och
578 1150 123 26 ordningen,
717 1150 80 26 hvarpå
813 1150 117 21 detsamma

104 1177 112 24 användes,
239 1177 102 22 huruvida
364 1177 191 22 straffanstalterna
578 1178 88 27 tidigare
688 1178 52 21 eller
762 1179 90 21 sednare
869 1178 61 21 skola

103 1205 86 21 komma
213 1205 6 21 i
243 1206 36 21 det
301 1206 65 27 skick,
389 1209 33 18 att
445 1207 25 20 de
494 1213 40 21 nya
556 1207 175 26 författningarne
754 1207 71 20 kunna
849 1207 8 21 i
881 1207 48 21 dem

103 1233 113 27 tillämpas.

171 1262 43 21 Det
235 1264 25 19 är
282 1262 85 27 bekant,
390 1265 32 19 att
442 1263 74 26 sjelfva
538 1263 26 21 de
587 1263 128 28 byggnader,
739 1264 6 21 i
760 1264 71 21 hvilka
847 1263 82 22 landets

103 1290 164 22 straffanstalter
288 1297 29 16 nu
339 1293 37 19 äro
399 1291 103 27 inrymda,
524 1291 83 22 befinna
629 1293 31 26 sig
682 1293 6 20 i
706 1294 32 19 ett
753 1292 121 26 otidsenligt
889 1291 40 22 och

103 1318 65 22 delvis
190 1319 61 21 äfven
267 1319 121 27 bristfälligt
403 1320 67 24 skick;
495 1320 39 21 och
551 1321 35 20 det
602 1327 50 15 vore
667 1321 83 22 derföre
765 1321 52 21 visst
832 1320 97 27 önskligt,

103 1349 32 19 att
157 1347 108 22 desamma
288 1350 59 19 snart
368 1349 71 21 kunde
458 1348 32 21 till
505 1351 70 19 större
591 1349 60 21 delen
667 1351 91 20 ersättas
773 1350 22 21 af
809 1355 46 21 nya,
871 1355 59 16 mera

102 1375 180 28 ändamålsenliga
305 1376 128 28 byggnader,
449 1377 6 20 i
471 1377 72 21 hvilka
558 1379 31 20 ett
604 1377 123 27 tillräckligt
743 1378 57 21 antal
815 1377 115 27 fängceller

103 1404 19 27 ej
141 1404 84 21 komme
241 1407 32 19 att
288 1405 83 22 saknas.
403 1405 49 22 Men
467 1405 71 22 dertill
553 1405 102 22 behöfvas
670 1407 103 26 miljoner,
790 1406 39 22 och
844 1406 85 21 förden-

102 1433 55 21 skull
177 1433 96 22 kommer
288 1433 70 22 dertill
373 1433 61 22 äfven
450 1440 26 15 en
492 1434 49 27 lång
556 1434 50 27 följd
622 1434 22 22 af
657 1435 25 21 år
697 1437 32 19 att
743 1435 56 27 åtgå.
830 1435 43 21 När
889 1441 41 21 nya

103 1460 217 29 fängelsebyggnader
339 1462 79 28 (hvilka
432 1463 116 26 ingalunda
562 1463 67 22 borde
641 1463 64 22 blifva
720 1464 67 27 några
802 1463 127 27 praktbygg-

102 1490 75 26 nader)
198 1490 107 27 uppföras,
329 1491 61 21 torde
413 1491 37 22 det
471 1491 65 22 också
558 1498 52 15 vara
627 1491 75 28 nödigt
716 1494 33 19 att
763 1491 54 22 offra
832 1491 97 22 behofret

101 1517 47 23 icke
169 1518 56 22 blott
247 1519 33 21 för
303 1519 40 22 den
363 1519 38 26 tid,
424 1525 45 16 som
484 1525 30 16 nu
529 1522 24 19 är
568 1520 55 25 inne,
639 1523 51 18 utan
705 1520 61 22 äfven
782 1521 33 21 för
829 1527 26 14 en
871 1526 58 15 mera
