1117 1817
214 129 41 22 160
428 134 163 17 Presteståndet
604 135 56 17 1872.
677 134 27 17 20
716 134 51 16 febr.

254 215 34 20 6:0
309 214 23 21 af
350 214 162 24 densamme,
528 220 34 15 om
582 214 127 21 inrättande
723 214 30 23 af
764 216 29 18 ett
805 216 50 30 nytt
870 214 142 20 sammansatt

179 238 72 37 finskt
263 243 28 49 fe
280 243 178 20 olkskolelärare-
474 241 39 22 och
528 243 257 40 lärarinneseminarium
801 243 8 19 i
823 236 95 33 Nyslott,
939 240 22 23 af
974 240 39 22 föl-

182 271 66 27 jande
271 271 80 28 lydelse:

412 355 40 22 Till
468 355 138 28 Högvördiga
620 355 166 22 Presteständet.

254 412 45 22 För
320 412 136 27 framgängen
479 412 22 21 af
522 413 37 20 det
578 413 114 21 nationella
707 412 216 27 utvecklingsarbetet
939 413 23 19 är
978 411 35 22 det

185 441 34 22 väl
235 441 22 22 af
271 441 50 26 vigt,
337 443 32 19 att
383 441 46 21 icke
444 441 68 21 folket
526 441 54 26 sjelf,
596 441 40 21 den
652 443 57 20 stora
725 447 83 15 massan
824 441 23 21 af
855 440 99 21 nationen
965 440 48 21 sak-

185 476 40 15 nar
241 470 47 21 den
311 470 133 26 nödvändiga
466 469 179 27 förutsättningen
669 469 32 22 för
719 470 32 21 sin
765 469 95 22 fortvaro
875 482 28 2 —
919 475 25 14 en
960 474 52 15 sann

185 494 147 41 folkbildning.
363 498 74 21 Såsom
457 498 83 28 vehikel
555 498 33 21 för
604 499 68 20 denna
687 499 68 20 måste
770 497 112 27 tidsenliga
897 496 117 23 folkskolor

185 527 7 20 i
208 527 67 21 första
290 527 56 20 hand
361 533 67 15 anses.
453 522 31 26 Är
500 527 40 20 den
555 529 71 19 satsen
642 533 52 14 sann
710 529 32 19 att
758 527 97 24 ,läraren
871 528 38 25 gör
919 525 93 26 skolan",

186 556 24 20 så
229 555 56 21 inses
302 556 39 20 lätt
356 555 84 21 hvilken
456 555 44 26 vigt
514 555 61 21 äfven
592 555 94 27 deruppå
701 555 72 26 ligger,
790 557 32 19 att
837 538 177 48 ändamålsenligt

185 583 86 22 bildade
296 583 69 22 lärare
392 583 91 22 erhålles
508 590 76 20 genom
605 583 112 27 tidsenliga
739 583 129 22 seminarier.
899 583 45 21 Den
967 589 46 14 som

186 612 55 21 varit
264 612 5 21 i
293 611 82 22 tillfälle
398 614 32 19 att
448 614 50 25 taga
513 612 119 21 kännedom
648 618 34 15 om
698 612 37 21 vår
751 618 56 20 unga
821 612 116 21 folkskolas
952 611 62 21 friskt

186 641 40 21 och
248 640 196 27 förhoppningsrikt
459 641 143 26 uppspirande
617 640 74 26 brodd,
707 640 54 21 skall
776 641 81 26 nödgas
872 640 95 21 erkänna
981 641 33 20 att

186 669 37 21 det
244 669 68 21 första
334 669 306 25 folkskollärareseminarium,
663 669 21 20 vi
706 669 63 21 hafva
789 669 6 20 i
811 669 78 24 landet,
905 668 108 21 allaredan

186 699 123 22 motsvarat,
323 697 22 26 ja
360 696 130 22 öfverträffat
502 698 26 20 de
539 697 171 27 förhoppningar,
723 703 48 15 man
782 697 60 21 ställt
851 697 28 27 på
890 696 123 22 detsamma.

185 725 62 22 Dock
262 732 39 15 var
317 726 58 21 detta
391 725 55 21 blott
461 728 31 18 ett
507 726 55 21 enda
577 727 140 20 sammansatt
731 725 136 21 seminarium
883 726 26 25 på
925 731 25 15 en
960 724 54 22 folk-

186 754 79 26 mängd
284 754 22 21 af
318 756 51 19 nära
384 755 36 21 två
434 754 98 26 miljoner
546 754 129 22 menniskor.
705 754 104 21 Behofvet
825 754 21 21 af
859 753 51 22 flere
925 753 89 21 semina-

186 783 49 25 rier,
259 782 122 27 isynnerhet
402 782 33 21 för
458 784 40 20 den
520 783 91 21 svenska
626 782 150 27 befolkningen
791 783 7 20 i
813 782 80 25 landet,
909 781 44 22 blef
967 782 47 21 der-

186 810 46 22 före
254 811 57 21 inom
332 811 49 21 kort
395 811 101 26 kännbar,
513 812 40 20 och
569 811 19 21 vi
605 811 62 21 hafva
682 818 27 14 nu
725 812 40 20 den
781 810 85 28 glädjen
881 813 32 19 att
928 810 86 21 konsta-

187 841 46 19 tera
249 839 130 21 tillkomsten
395 840 23 20 af
432 842 31 18 ett
478 840 86 21 svenskt
579 839 334 22 folkskollärarinneseminarium
924 839 7 21 i
942 839 72 21 Eknäs

187 868 40 21 och
249 868 64 21 hafva
333 870 32 19 att
384 870 68 19 motse
467 870 31 19 ett
514 871 65 18 annat
593 868 87 22 svenskt
695 867 296 22 folkskollärareseminarium
1007 868 7 20 i

187 896 135 27 Ny-Carleby
344 896 65 22 redan
432 896 176 22 nästkommande
631 897 54 21 höst.
708 909 28 3 —
758 896 49 22 Men
821 897 38 20 har
874 895 98 22 behofvet
987 896 27 26 på

187 924 124 22 seminarier
334 924 86 22 härmed
442 925 68 21 blifvit
533 925 101 27 afhulpet,
656 925 63 21 hafva
741 925 21 21 vi
783 925 48 21 med
851 924 121 22 inrättande
994 924 22 22 af

187 954 63 20 dessa
272 952 96 28 fullgjort
390 954 55 21 allan
468 954 164 26 rättfärdighet?
662 954 42 21 Det
725 954 40 20 har
788 954 81 20 bevisat
884 953 32 26 sig
931 955 32 19 att
978 952 36 22 det

186 982 70 21 finska
270 982 74 25 folket,
359 982 81 21 nödens
455 982 40 21 och
510 982 81 22 dödens
606 982 24 21 år
646 982 88 22 oaktadt
751 982 39 22 och
807 984 51 19 utan
874 983 32 19 att
915 981 99 21 förlamas

188 1010 22 21 af
224 1011 139 26 motgångens
378 1010 128 27 pröfningar,
522 1011 92 27 skyndat
628 1012 33 20 att
676 1010 87 27 tillegna
778 1010 31 27 sig
822 1010 132 26 bildningens
967 1010 46 26 dyr-

188 1038 53 22 bara
255 1038 112 22 förmoner.
398 1039 38 21 Ett
451 1039 185 21 beundransvärdt
651 1040 69 20 tidens
735 1038 86 22 tecken!
850 1039 41 21 Vid
908 1039 51 21 1871
979 1039 35 21 års

188 1068 80 26 utgång
283 1067 98 27 utgjorde
396 1067 155 22 folkskolornas
566 1068 59 21 antal
642 1068 46 25 193,
699 1068 7 20 i
716 1067 73 21 hvilka
799 1067 149 26 undervisning
959 1066 55 22 med-

189 1096 86 21 delades
291 1095 22 21 af
327 1097 40 20 118
383 1095 67 22 lärare
466 1096 113 27 (nemligen
597 1097 40 21 108
653 1096 34 21 vid
701 1096 69 22 finska
785 1096 39 21 och
842 1096 25 21 10
880 1096 34 20 vid
925 1095 90 22 svenska

188 1124 81 26 skolor)
292 1127 55 18 samt
370 1125 26 20 75
419 1124 119 21 lärarinnor
560 1124 34 33 (af
612 1124 71 21 hvilka
705 1126 26 19 62
749 1124 35 21 vid
799 1124 68 21 finska
882 1124 39 21 och
939 1124 25 21 13
980 1124 34 21 vid

188 1152 91 21 svenska
293 1152 82 27 skolor)
391 1153 38 21 och
442 1155 56 18 ännu
513 1153 61 25 ingår
588 1153 8 21 i
607 1153 69 21 denna
689 1153 117 31 beräkning
817 1153 46 20 icke
873 1152 141 27 lärareperso-

188 1181 63 21 nalen
267 1181 34 21 vid
317 1181 145 21 folkskolorna
477 1182 6 20 i
498 1169 84 34 landets
597 1181 79 26 städer,
691 1181 71 21 hvilka
777 1181 58 21 inom
847 1181 64 26 något
921 1181 24 21 år
955 1180 60 22 skola

187 1209 64 22 hafva
271 1211 31 19 ett
316 1210 149 21 motsvarande
481 1211 57 20 antal
553 1209 123 22 folkskolor.
707 1209 112 27 Välsignar
833 1209 84 22 Herren
931 1208 84 23 landets

188 1238 68 27 gröda
272 1237 39 22 och
327 1237 32 22 får
373 1237 147 22 erfarenheten
536 1239 60 21 äfven
611 1238 39 21 här
664 1238 65 21 blifva
739 1244 26 15 en
776 1238 114 26 ledstjerna
900 1237 32 21 för
942 1237 72 26 folket,

189 1267 23 20 så
227 1266 54 21 skall
297 1266 99 21 behofvet
411 1266 21 21 af
445 1266 118 22 folkskolor
578 1267 56 21 inom
650 1267 49 21 kort
715 1266 160 27 mångdubblas.
899 1265 44 22 Och
956 1266 6 21 i
975 1266 40 21 och

189 1295 48 21 med
257 1295 118 21 detsamma
390 1295 54 21 skall
459 1295 36 21 det
510 1295 72 22 bevisa
594 1296 31 25 sig
641 1297 32 20 att
688 1295 26 22 de
729 1295 122 21 nuvarande
865 1295 151 21 seminarierna

188 1323 47 21 icke
259 1325 37 19 äro
319 1323 103 26 tillfyllest
444 1324 23 21 så
489 1324 83 26 mycket
589 1330 64 21 mera,
669 1330 46 15 som
730 1324 66 21 redan
811 1323 68 21 under
894 1323 122 21 nuvarande

189 1351 146 22 förhållanden
358 1351 58 22 öfver
436 1354 27 19 60
479 1352 117 21 folkskolor
611 1353 28 26 på
654 1353 77 25 landet,
748 1352 111 21 städernas
875 1351 140 25 oberäknade,

189 1380 68 21 måste
279 1380 73 21 skötas
370 1379 23 22 af
405 1387 107 20 personer,
527 1380 73 22 hvilka
614 1381 47 21 icke
676 1381 123 26 genomgått
814 1380 135 21 seminarium
965 1379 51 22 eller

189 1408 119 26 egentligen
324 1408 101 22 utbildats
440 1409 32 21 för
482 1409 235 22 folkskollärarekallet.
741 1409 68 21 Alltså
819 1421 28 3 —
858 1408 7 21 i
876 1408 140 22 betraktande

189 1436 63 21 häraf
265 1439 25 19 är
305 1439 32 19 ett
351 1437 122 27 ytterligare
488 1438 135 21 seminarium
639 1439 140 20 sammansatt
790 1437 39 22 och
839 1436 71 27 finskt,
924 1437 5 20 i
941 1437 75 26 högsta

189 1466 67 20 måtto
280 1465 21 21 af
319 1465 99 22 behofvet
432 1466 115 27 påkalladt.
578 1466 43 21 För
636 1468 33 19 att
684 1466 99 24 förklara,
799 1465 98 22 hvarföre
909 1465 38 27 jag
961 1465 55 21 före-

189 1493 63 27 slagit
275 1495 33 20 att
330 1494 59 21 detta
410 1494 134 21 seminarium
560 1494 67 22 borde
643 1501 51 14 vara
706 1494 75 26 finskt,
797 1493 101 22 behöfver
909 1493 38 27 jag
961 1493 55 22 blott

189 1521 71 22 erinra
275 1528 35 15 om
323 1521 131 28 folkmängds
469 1523 143 22 förhållandet
626 1523 6 21 i
648 1523 96 26 Finland,
757 1523 37 21 der
805 1523 40 21 den
855 1521 70 22 finska
937 1522 79 22 befolk-
