1117 1817
363 140 165 18 Presteståndet
540 141 56 17 1872.
622 141 21 17 17
655 140 50 18 febr.
881 136 39 22 101

122 220 39 21 den
178 220 107 26 ställning,
301 220 58 21 hvari
374 220 84 21 landets
474 220 78 26 högsta
568 220 86 21 domare
669 226 28 15 nu
709 220 86 21 befinna
810 220 38 27 sig,
857 220 37 27 jag
903 220 46 22 haft

121 248 33 22 för
169 250 88 24 ögonen.

191 277 48 20 Men
256 277 97 21 domares
372 277 145 26 oafsättlighet
533 289 25 3 —
575 277 39 21 och
630 277 87 21 härmed
732 277 79 21 förstår
823 277 37 27 jag
875 277 74 21 endast

121 305 99 28 trygghet
236 307 58 19 emot
309 305 114 26 afsättning
438 305 86 22 förutan
538 305 128 26 ransakning
678 305 39 22 och
729 306 48 21 dom
788 319 27 2 —
826 305 123 22 förutsätter

122 333 135 26 ansvarighet
271 333 55 21 inför
341 333 35 27 lag
391 334 39 21 och
443 340 25 15 en
485 333 126 28 fortgående
626 333 100 22 kontroll.

190 362 10 21 I
223 361 56 22 förra
301 361 108 22 afseendet
432 369 50 15 vore
505 369 26 14 en
555 362 162 27 omgestaltning
739 362 23 21 af
781 362 39 21 den
836 363 7 20 i
859 364 26 20 16
900 364 12 25 S
927 361 23 22 af

123 391 54 20 1772
193 391 34 20 års
242 391 171 26 Regeringsform
428 391 128 21 omnämnda
572 391 93 25 riksrätt,
679 390 84 22 hvilken
778 391 7 21 i
801 391 104 21 anseende
915 391 33 21 till

121 419 126 21 förändrade
270 419 147 21 förhållanden
434 425 29 15 nu
478 419 48 22 icke
541 419 41 21 kan
597 419 132 26 fullständigt
744 421 168 24 sammansättas,
928 419 22 21 af

122 447 105 27 synnerlig
249 447 48 27 vigt.
329 447 49 22 Men
399 448 36 27 jag
458 454 63 15 anser
543 448 43 26 mig
607 447 82 22 ändock
710 447 46 22 icke
772 454 29 15 nu
815 448 53 21 böra
883 447 65 22 väcka

121 475 59 27 fråga
204 476 79 21 derom.
313 475 40 27 Jag
375 478 53 23 tror,
450 479 33 18 att
506 477 49 21 med
577 477 39 20 den
632 476 87 26 aktning
735 476 32 21 för
782 476 41 26 lag,
839 476 39 21 den
894 482 53 15 sam-

122 505 150 26 vetsgrannhet
287 504 39 21 och
342 505 158 24 hederskänsla,
516 511 45 23 som
578 505 64 21 redan
655 505 23 20 så
688 504 62 27 länge
762 505 93 20 utmärkt
865 505 83 21 landets

122 532 158 27 domarekorps,
302 539 25 15 en
351 533 99 22 moralisk
469 533 94 22 kontroll
578 533 54 21 skall
648 533 116 21 tillsvidare
779 539 50 15 vara
844 533 47 21 fullt
906 533 41 21 till-

121 561 86 27 räcklig,
231 563 55 20 samt
308 564 32 19 att
363 568 25 15 en
411 562 73 25 sådan,
508 562 60 21 äfven
591 561 32 21 för
642 561 67 22 folket
724 561 116 28 tryggande
855 561 92 22 kontroll

122 590 69 21 kunde
214 590 80 26 vinnas,
313 590 4 21 i
335 590 100 22 händelse
450 593 32 18 ett
498 590 83 22 embete
596 589 68 22 blefve
679 590 102 21 inrättadt
797 590 32 21 för
844 589 103 22 handhaf-

122 618 67 21 vande
211 619 14 20 å
247 619 129 21 Ständernas
400 621 78 25 vägnar
502 619 22 21 af
538 619 111 21 enahanda
664 618 99 21 inseende
779 618 57 21 öfver
851 619 96 26 lagarnes

121 647 143 26 iakttagande,
287 653 45 15 som
355 647 23 22 af
397 647 147 22 Prokuratorn
566 648 13 21 å
594 647 150 26 "Regeringens
765 649 79 24 vägnar
858 647 89 25 utöfvas,

122 675 87 21 sålunda
232 675 61 25 dock,
314 677 31 19 att
369 676 40 20 den
432 676 22 21 af
475 676 120 21 Ständerna
611 675 61 21 valde
688 675 149 21 innehafvaren
853 675 22 21 af
889 675 59 21 detta

122 703 89 26 embete,
234 704 48 26 sjelf
298 704 2 20 i
317 704 30 21 sin
364 704 217 22 embetsverksamhet
596 703 98 21 frikallad
709 703 46 21 frän
771 710 25 14 en
812 703 21 21 af
846 704 101 26 Regerin-

121 738 39 20 gen
183 732 58 21 öfver
263 732 77 21 honom
360 732 85 22 utöfvad
461 732 100 24 kontroll,
578 732 45 22 icke
639 732 66 21 heller
721 732 68 21 skulle
805 738 38 19 ega
857 734 44 19 rätt
916 734 32 19 att

121 760 84 22 sträcka
227 760 38 22 sitt
286 761 100 21 inseende
409 761 31 21 till
462 761 242 27 Generalguvernörens,
726 760 221 22 Ministerstatssekre-

121 791 101 23 terarens,
246 789 40 21 den
308 789 34 21 vid
363 790 208 21 Statssekretariatet
593 789 89 21 tillsatta
705 789 102 26 Komitös,
831 788 116 28 Kejserliga

122 817 102 22 Senatens
250 818 39 21 och
315 818 157 22 Prokuratorns
500 818 188 26 embetsätgärder,
715 818 67 20 ehuru
805 817 88 27 tillgäng
915 817 32 21 till

121 845 102 22 Senatens
239 846 106 27 protokoll
362 847 82 21 ändock
460 846 63 22 torde
539 846 51 21 böra
605 847 33 21 stä
654 846 77 21 honom
745 848 74 24 öppen.

189 874 41 26 Jag
252 876 65 25 vägar
339 875 82 21 derföre
441 876 153 20 vördsammast
612 874 90 26 anhälla,
719 877 33 19 att
767 874 36 22 det
817 874 130 27 högvördiga

120 902 161 22 Prestaständet
304 903 48 21 ville
371 903 90 27 benäget
476 904 6 20 i
499 903 153 27 öfvervägande
668 905 55 24 taga,
739 902 104 22 huruvida
858 902 89 22 Ständet

120 931 46 21 icke
181 932 71 21 kunde
267 932 56 21 finna
338 932 32 26 sig
386 932 87 21 manadt
488 934 32 19 att
535 932 32 21 för
582 932 32 21 sin
630 931 40 26 del,
687 932 52 21 eller
753 933 131 24 gemensamt
899 931 48 21 med

121 960 26 21 de
165 960 66 24 öfriga
246 960 101 26 Ständen,
363 967 34 15 om
414 961 60 21 dessa
491 960 71 22 dertill
576 960 116 27 samtycka,
708 960 32 21 till
756 960 59 21 Hans
830 959 117 27 Kejserliga

120 988 106 27 Majestät,
249 989 38 21 vär
308 989 149 27 allernädigste
480 988 123 27 Storfurste,
626 989 50 27 ingä
697 989 49 21 med
767 995 26 15 en
816 988 130 26 underdänig

120 1017 88 26 petition
225 1017 82 21 derom:

189 1048 32 18 att
236 1046 59 21 Hans
311 1046 117 26 Kejserliga
444 1046 100 26 Majestät
560 1046 82 21 täcktes
656 1045 7 21 i
678 1046 67 21 nåder
760 1048 49 24 taga
821 1045 35 21 det
867 1044 79 22 honom

120 1074 6 20 i
142 1074 25 20 71
185 1075 10 25 &
211 1074 22 21 af
249 1074 241 27 Landtdagsordningen
506 1074 131 21 förbehållna
652 1074 113 21 initiativet
780 1073 31 21 till
827 1073 119 21 inrättande

120 1102 22 22 af
162 1108 26 15 en
210 1103 48 21 med
281 1103 126 27 oafsättlige,
422 1102 96 26 lagfarne
533 1102 86 22 domare
635 1102 91 22 beklädd
742 1102 77 26 högsta
833 1101 91 22 domstol
940 1101 6 21 i

119 1130 96 23 Finland,
238 1137 45 15 som
307 1137 50 15 vore
379 1131 83 21 domför
484 1131 47 21 med
554 1130 66 22 minst
641 1131 41 20 fem
698 1131 117 20 ledamöter
830 1132 55 19 samt
899 1129 48 22 fullt

120 1159 148 22 motsvarande
291 1159 54 22 hvad
364 1166 33 15 om
413 1166 25 14 en
454 1159 67 21 sådan
537 1159 91 22 domstol
644 1159 5 20 i
666 1159 12 21 2
694 1159 95 27 punkten
805 1158 21 22 af
842 1159 53 20 1789
911 1157 35 22 års

119 1187 124 27 Förenings-
263 1187 39 22 och
317 1187 165 22 Säkerhets-akt
497 1189 55 20 samt
567 1187 108 27 angående
691 1188 97 21 domares
803 1186 144 25 oafsättlighet

120 1216 29 21 uti
171 1216 198 27 Riksdagsbeslutet
392 1217 40 21 den
458 1217 28 20 23
508 1216 50 21 Juni
575 1217 55 20 1786
646 1217 40 20 och
701 1215 147 22 stadfästelsen
863 1215 13 21 å
893 1215 53 21 För-

120 1244 80 27 enings-
211 1245 39 21 och
261 1245 179 21 Säkerhetsakten
451 1245 67 21 finnes
528 1245 106 26 stadgadt,
645 1244 39 21 och
696 1244 84 21 hvilken
792 1243 47 22 med
848 1243 98 28 styrelse-

120 1273 39 21 och
181 1273 210 27 regeringsåtgärder
413 1273 17 26 ej
454 1273 52 27 egde
530 1275 49 24 taga
602 1279 69 15 annan
687 1273 124 26 befattning,
827 1274 26 19 än
869 1271 77 27 afgifva

118 1301 125 22 utlåtanden
258 1302 5 20 i
279 1301 223 28 lagstiftningsfrågor;

187 1330 107 22 äfvensom
310 1343 28 3 —
353 1330 33 21 för
401 1329 120 22 kontrollen
536 1329 58 22 öfver
609 1330 69 21 denna
694 1329 91 22 domstol
800 1328 39 23 och
848 1327 98 28 lagarnes

118 1358 161 22 handbafvande
294 1359 7 21 i
313 1359 116 21 allmänhet
439 1371 28 3 -—
477 1359 33 20 till
519 1359 121 21 inrättande
651 1357 22 22 af
682 1360 31 19 ett
723 1360 48 25 nytt
783 1357 88 26 embete,
882 1357 63 22 hvars

118 1387 23 22 af
161 1387 118 22 Ständerne
302 1387 62 22 valde
386 1387 142 26 innehafvare,
551 1387 48 22 med
621 1387 124 27 åtnjutande
768 1385 136 22 öfverhufvud
924 1385 23 22 af

119 1415 111 22 enahanda
252 1416 133 26 rättigheter,
400 1422 45 15 som
461 1415 119 22 tillkomma
595 1415 142 27 prokuratorn
753 1415 6 21 i
775 1414 118 27 Kejserliga
907 1413 38 23 Se-

119 1446 63 19 naten
205 1444 33 21 för
255 1444 96 25 Finland,
367 1444 68 21 skulle
450 1456 24 3 —
493 1444 88 21 likasom
598 1444 68 21 denne
680 1444 14 21 &
708 1443 143 28 Regeringens
865 1445 81 24 vägnar

120 1472 124 22 öfvervakar
265 1473 99 26 lagarnes
386 1472 134 27 tillämpning
541 1485 25 2 —
590 1479 40 20 ega
646 1473 14 20 å
675 1472 129 22 Ständernas
819 1473 78 24 vägnar
912 1473 33 19 ut-

119 1501 46 21 öfva
190 1501 100 22 inseende
315 1501 58 22 öfver
398 1501 172 21 handhafvandet
590 1500 22 22 af
632 1500 85 22 landets
737 1500 60 27 lagar
817 1501 56 20 samt
894 1505 51 16 vara

119 1529 82 27 skyldig
217 1531 32 20 att
263 1536 36 15 om
313 1529 32 22 sin
361 1529 135 22 verksamhet
511 1529 89 22 emellan
616 1529 153 27 landtdagarne
785 1528 31 22 till
827 1528 118 22 Ständerna
