1117 1817
205 130 40 21 182
418 134 162 18 Presteståndet
592 136 56 16 1872.
673 136 26 16 28
711 135 46 17 febr

177 222 66 14 nerne
258 215 119 23 bordlades,
392 215 117 26 hvarjemte
524 215 84 26 tryckta
622 215 107 26 exemplar
744 214 23 21 af
776 215 49 21 dem
837 215 63 22 bland
911 215 95 21 ståndets

178 243 137 22 medlemmar
330 243 114 22 utdelades.

248 374 41 21 Vid
310 374 40 21 den
365 374 92 21 derefter
473 376 107 25 upptagna
596 375 73 26 frågan
686 381 32 15 om
735 374 201 28 bankfullmäktiges
951 375 56 21 förut

179 403 118 26 bordlagda
319 403 108 22 skrifvelse
450 403 23 21 af
494 403 40 21 den
558 403 34 24 31,
605 403 43 27 jan.
672 409 33 15 om
722 405 31 19 ett
769 406 48 24 nytt
832 403 97 22 bankhus
941 404 65 26 jemte

180 431 182 27 kostnadsförslag
377 431 32 21 till
424 432 124 24 detsamma,
565 431 125 22 hemställde
707 432 48 21 herr
773 432 124 21 talmannen
907 432 32 21 till
950 433 57 20 stån-

180 461 42 21 det,
244 460 104 21 huruvida
369 461 90 20 nämnda
482 460 109 21 skrifvelse
614 461 39 20 och
677 460 182 27 kostnadsförslag
879 461 128 21 fortfarande

179 489 69 21 skulle
264 489 63 21 blifva
342 489 97 26 liggande
456 489 26 26 på
498 489 82 26 bordet,
596 489 44 21 tills
656 489 130 26 ritningarne
802 489 22 21 af
838 489 95 22 ståndets
950 489 57 22 med-

179 517 89 22 lemmar
285 517 67 21 blifvit
366 517 148 26 genomsedda,
531 517 51 21 eller
598 524 33 14 om
647 517 69 22 beslut
731 518 112 26 angående
853 518 74 21 remiss
938 518 69 21 kunde

178 546 69 21 fattas.

248 603 119 22 Statsrådet
390 602 132 22 Lindelöf
544 603 130 25 meddelade,
691 603 6 20 i
713 602 114 28 anledning
842 603 67 24 häraf,
925 605 31 19 att
971 603 35 21 rit-

181 631 102 27 ningarne
305 631 6 21 i
327 631 72 27 början
416 631 22 21 af
450 633 62 19 nästa
528 631 64 21 vecka
608 631 68 21 skulle
691 631 31 21 till
736 632 107 26 påseende
859 631 125 27 framläggas
1000 631 5 21 i

181 660 174 21 bankutskottets
370 659 56 22 lokal
441 660 7 20 i
463 659 141 22 riddarhuset.

249 717 89 21 Prosten
354 717 130 21 Borenius
500 717 64 26 ansåg
581 716 35 22 det
631 723 51 15 vara
697 717 48 21 bäst
760 719 33 19 att
808 719 75 25 genast
897 717 109 21 remittera

180 746 125 21 skrifvelsen
323 745 31 21 till
369 745 168 25 bankutskottet,
554 746 27 26 på
596 746 36 20 det
647 748 32 18 att
694 746 88 20 ärendet
798 746 46 21 icke
859 746 68 21 skulle
943 746 64 26 draga

181 777 24 18 ut
220 775 27 26 på
262 774 65 21 tiden.
357 774 137 26 Ritningarne
509 774 71 21 kunde
594 774 24 26 ju
634 774 84 21 ståndet
733 774 66 21 sedan
816 774 85 22 erhälla.

249 832 84 20 Doktor
348 831 134 27 Alopaeus
497 832 96 26 yttrade:
609 832 40 26 Jag
664 831 33 21 för
713 832 41 20 min
771 831 34 21 del
820 832 40 20 har
875 831 56 21 förut
946 832 62 27 yrkat

180 862 33 19 att
226 860 35 26 jag
274 860 18 26 ej
309 860 40 21 kan
365 860 83 21 besluta
463 866 34 15 om
512 860 82 26 remiss,
610 860 64 21 innan
687 860 36 26 jag
738 860 40 21 har
793 860 40 21 fått
845 866 23 16 se
879 860 128 27 ritningarne

181 888 32 22 till
230 888 36 21 det
281 895 40 21 nya
337 888 69 26 huset;
422 894 80 16 samma
517 889 95 26 yrkande
628 888 85 28 förnyar
725 888 38 28 jag
778 888 6 21 i
801 889 46 27 dag.

249 946 142 26 Domprosten
415 945 119 21 Renvall:
557 945 162 21 Presteståndet
741 945 71 21 beslöt
834 946 121 25 förslagsvis
977 947 31 19 att

181 974 130 26 ritningarne
333 974 67 21 skulle
418 974 94 21 förvaras
528 974 27 26 på
570 974 145 21 riddarhusets
731 974 75 21 kansli.
837 974 90 21 Derföre
942 974 66 21 borde

181 1003 34 21 väl
237 1003 32 21 till
286 1003 144 27 ridderskapet
448 1003 38 21 och
503 1002 63 22 adeln
582 1002 74 22 aflåtas
672 1009 25 14 en
712 1002 94 27 begäran
822 1005 32 19 att
869 1003 20 21 få
905 1003 47 21 dem
968 1002 40 22 för-

181 1032 78 20 varade
275 1032 26 26 på
317 1032 47 20 dess
379 1031 67 21 kansli
484 1031 33 21 Nu
533 1032 39 20 har
587 1031 117 21 emellertid
721 1031 60 22 detta
796 1032 63 20 stånd
874 1031 93 21 beslutat
977 1033 32 19 att

181 1060 110 21 remittera
307 1059 71 27 sjelfva
393 1060 63 20 akten
473 1060 31 20 till
522 1060 161 21 bankutskottet
698 1060 38 21 och
753 1062 32 18 att
801 1060 129 26 ritningarne
941 1059 67 22 skulle

181 1095 51 15 vara
248 1088 130 27 tillgängliga
393 1088 38 21 hos
447 1088 64 22 detta.
537 1088 27 22 Så
580 1088 64 22 också
661 1089 182 25 borgareståndet.
868 1088 49 22 Men
930 1090 78 25 preste-

181 1117 86 21 ståndet
290 1118 41 20 kan
348 1118 47 20 icke
410 1117 82 20 besluta
508 1119 32 19 att
555 1117 130 26 ritningarne
700 1117 60 20 skola
776 1117 95 21 förvaras
887 1118 26 25 på
928 1117 80 21 riddar-

182 1145 137 22 huskansliet.
342 1152 33 14 om
395 1145 145 27 ridderskapet
556 1145 39 21 och
611 1145 61 21 adeln
689 1145 17 26 ej
723 1145 67 26 gifver
806 1146 37 21 sitt
858 1145 58 22 bifall
932 1145 75 21 dertill.

181 1174 40 26 Jag
245 1174 92 21 önskade
359 1176 32 19 att
413 1174 84 21 ståndet
519 1173 69 22 skulle
606 1174 73 21 förena
694 1174 32 26 sig
742 1174 48 21 med
807 1174 147 26 ridderskapet
970 1173 38 22 och

183 1202 62 21 adeln
261 1205 55 18 samt
331 1202 179 27 borgareståndet.

251 1259 90 22 Prosten
365 1259 78 27 Hjelt
464 1259 70 21 anhöll
558 1262 32 19 att
612 1260 20 21 få
654 1260 129 21 understöda
804 1260 77 21 doktor
896 1259 112 27 Alopaeus.

253 1317 89 22 Ständet
357 1317 48 21 fann
421 1317 31 20 till
468 1317 50 26 följd
534 1316 66 26 häraf,
616 1317 32 20 för
664 1317 51 26 godt
731 1319 32 19 att
778 1317 44 21 låta
837 1317 173 21 bankfullmäkti-

181 1351 38 22 ges
235 1345 108 22 skrifvelse
360 1345 39 21 och
414 1345 180 27 kostnadstörslag
609 1347 115 25 yttermera
740 1345 57 27 ligga
813 1346 26 27 på
855 1345 82 22 bordet.

253 1471 120 26 Föredrogs
394 1471 135 27 domprosten
550 1471 133 22 Renvalls
698 1471 117 27 bordlagda
831 1471 179 27 petitionsförslag

183 1500 110 27 angående
316 1500 108 27 byggande
442 1500 22 21 af
479 1506 27 15 en
519 1500 89 26 jernväg
622 1500 47 21 från
705 1500 26 21 Åbo
747 1499 59 22 öfver
821 1499 142 23 Tammerfors
978 1499 32 22 till

184 1528 131 23 Tavastehus
330 1529 7 20 i
352 1528 111 27 anledning
479 1528 75 22 hvaraf
567 1529 63 22 ordet
644 1529 104 26 begärdes
763 1528 24 21 af
