1117 1817
329 125 163 18 Presteståndet
504 126 54 17 1872.
582 126 22 16 19
616 130 62 12 mars.
845 121 42 21 409

90 205 153 26 öfvervägande
265 204 39 22 och
327 205 56 26 gjort
406 205 54 21 hvad
477 205 37 21 det
529 205 38 21 har
582 207 70 19 ansett
668 211 49 15 vara
732 205 54 21 bäst.
818 206 48 20 Men
879 206 37 25 jag

90 235 59 25 tager
169 233 42 25 mig
226 233 81 21 likvisst
324 233 40 21 den
380 233 88 21 friheten
486 235 32 19 att
533 233 34 21 vid
584 233 114 21 utskottets
715 233 134 22 betänkande
865 235 51 25 göra

90 261 40 22 den
153 261 89 26 erinran,
259 264 32 18 att
306 261 123 26 pröfningen
445 262 27 25 på
489 261 88 22 förhand
594 261 22 21 af
630 268 25 14 en
672 267 85 20 persons
773 262 143 27 ordentlighet

90 290 38 21 och
144 289 103 27 sedlighet
263 297 26 14 m.
307 296 27 16 m.
351 291 67 20 såsom
436 290 70 21 vilkor
521 290 123 21 hädanefter
659 289 33 21 för
707 290 102 26 rättighet
825 293 32 19 att
867 291 49 20 idka

90 325 25 14 en
133 318 127 27 försäljning,
277 325 44 14 som
338 318 67 21 hittils
421 319 54 20 varit
492 319 22 20 åt
529 319 51 20 hvar
596 318 38 21 och
651 325 25 14 en
693 319 88 20 medlem
797 319 6 20 i
820 320 96 20 kommu-

90 353 39 15 nen
153 347 122 26 medgifven,
300 349 62 24 utgör
385 349 30 18 ett
431 347 171 26 tillbakagående
618 347 5 20 i
640 347 36 21 vår
692 347 223 26 näringslagstiftning,

90 375 83 22 hvartill
197 375 24 21 de
244 375 147 21 förhållanden
407 376 67 20 under
490 375 71 21 hvilka
577 376 39 20 den
633 375 100 21 utbreder
749 375 37 26 sig,
803 376 115 26 ingalunda

90 403 58 26 gifvit
170 405 69 25 någon
263 404 118 25 anledning.
413 404 89 21 Derföre
518 404 67 21 skulle
598 404 36 25 jag
649 403 120 26 ingalunda,
786 403 31 21 för
833 405 36 20 det
885 406 31 19 att

90 432 97 27 möjligen
204 433 5 19 i
226 439 24 14 en
267 432 51 21 eller
334 439 68 14 annan
418 432 124 27 församling
557 433 71 20 oskick
644 434 50 24 äger
710 439 51 17 rum,
779 432 48 26 vilja
842 433 27 26 gå
884 432 31 21 till

90 461 120 26 regeringen
233 461 46 20 med
303 467 25 14 en
352 461 87 26 petition
464 467 34 14 om
519 461 70 26 något,
605 467 44 14 som
667 467 46 14 man
731 461 65 20 måste
813 461 102 26 medgifva

90 491 31 19 att
143 490 76 20 strider
242 491 44 18 mot
308 489 25 21 de
349 489 39 21 fria
403 489 144 26 grundsatser,
563 495 45 15 som
624 491 36 18 äro
678 489 93 21 uttalade
787 489 6 20 i
812 490 53 20 1568
881 489 35 21 års

90 517 128 26 författning.
250 517 48 21 Men
320 524 49 14 vore
389 524 27 14 nu
432 519 29 24 så,
479 520 32 18 att
527 517 103 22 missbruk
647 517 38 21 och
703 517 126 27 oordningar
845 517 21 22 af
880 517 35 22 be-

90 547 116 25 tänkligare
222 549 33 18 art
271 545 67 22 skulle
355 547 26 25 på
397 545 49 22 flera
462 546 76 21 ställen
554 549 39 23 äga
609 552 52 17 rum,
678 546 37 21 och
731 548 32 19 att
779 546 61 21 dessa
855 546 61 21 miss-

89 574 53 21 bruk
166 575 39 20 och
223 575 128 25 oordningar
366 581 49 14 vore
432 581 24 14 en
474 574 51 27 följd
541 575 21 20 af
576 575 40 20 den
633 575 124 25 obetingade
774 575 141 26 försäljnings-

89 605 76 21 rätten,
182 603 67 21 skulle
262 603 37 26 jag
314 603 32 20 tör
363 603 40 20 min
420 603 33 21 del
470 603 83 22 förselä,
566 605 32 18 att
608 603 116 26 petitionen
735 603 30 20 till
780 603 59 21 Hans
850 603 66 26 Maje-

89 634 43 19 stät
157 631 44 21 helt
223 631 70 21 enkelt
316 631 67 21 skulle
405 631 113 25 innehålla,
541 634 31 18 att
595 632 60 21 Hans
678 631 116 27 Kejserliga
817 632 100 26 Majestät

90 661 80 20 täcktes
194 660 116 20 bestämma
333 662 38 21 att,
387 660 44 21 ifall
448 660 104 21 missbruk
569 660 38 20 och
624 660 144 25 utsväfningar
784 661 33 20 vid
833 660 82 24 ställen,

90 688 37 21 der
147 688 142 26 ölförsäljning
305 690 50 24 äger
371 695 52 17 rum,
439 688 137 25 förekomma,
593 688 36 21 det
646 688 64 20 måtte
726 694 49 14 vara
791 688 78 22 tillåtet
885 688 31 20 för

90 717 226 21 kommunalnämnden
334 719 31 18 att
381 717 33 20 vid
430 716 97 27 lämpligt
543 717 47 25 vite,
607 716 80 21 hvilket
697 716 22 21 af
729 716 57 21 Hans
800 716 115 27 Kejserliga

90 745 99 27 Majestät
211 745 31 21 till
258 746 37 20 sitt
311 745 161 27 maximibelopp
489 745 67 21 skulle
572 744 134 25 bestämmas,
722 745 96 26 förbjuda
834 745 82 26 försälj-

90 774 81 26 ningen,
196 774 38 21 och
258 774 87 20 hänvisa
360 774 46 24 den,
423 774 62 20 hvars
502 776 42 18 rätt
557 774 68 20 blifvit
640 774 117 25 inskränkt,
773 776 32 19 att
820 774 97 21 deröfver

90 802 31 26 sig
144 802 87 21 besvära
254 802 37 20 hos
314 802 211 26 guvernörsembetet.
562 802 74 21 Såsom
660 802 47 20 stöd
730 802 33 21 för
779 803 67 20 denna
861 802 56 26 äsigt

90 830 67 21 skulle
170 831 37 26 jag
223 831 47 25 vilja
285 830 99 26 äberopa,
401 834 31 17 att
448 831 34 20 vid
499 830 55 21 förra
571 830 134 26 landtdagen,
722 830 27 22 dä
764 831 35 20 det
812 837 35 14 var
858 830 58 26 fräga

91 865 33 15 om
140 859 68 21 skilda
223 860 131 25 stadganden
371 859 33 21 för
419 860 54 23 dem,
490 866 45 14 som
552 859 117 21 missbruka
685 859 122 27 försäljoing
823 859 21 21 af
855 859 61 21 brän-

92 887 33 21 vin
148 888 38 20 och
209 888 66 20 andra
297 888 149 26 spritdrycker,
470 887 162 26 formuleringen
650 887 21 21 af
685 887 25 21 de
727 888 128 26 paragrafer,
871 894 45 14 som

90 916 89 26 angingo
195 916 243 26 straffbestämningarne
454 916 47 21 icke
517 916 83 26 gjordes
617 916 23 20 af
654 916 118 26 ständerna,
790 919 49 18 utan
851 916 65 20 öfver-

91 944 106 21 lämnades
214 946 35 19 det
263 945 22 20 ät
301 945 123 26 regeringen
441 947 31 19 att
490 944 71 21 derom
578 946 96 19 närmare
690 944 122 27 bestämma,
829 944 87 21 emedan

91 973 39 20 den
147 973 70 21 bättre
232 976 26 18 än
275 974 68 25 någon
361 980 67 14 annan
445 974 41 19 kan
505 973 94 25 bedöma,
616 973 69 20 hvilka
701 973 99 26 åtgärder
815 973 32 20 till
859 973 57 20 miss-

91 1001 86 21 brukets
200 1001 173 21 förekommande
395 1008 49 14 vore
460 1001 22 21 af
497 1001 98 21 behofvet
611 1002 116 26 påkallade.
758 1001 39 25 Jag
813 1002 104 20 erkänner

92 1030 49 20 visst
164 1032 31 18 att
218 1036 27 14 nu
268 1030 159 26 ifrågavarande
450 1030 120 26 lagförslag,
594 1036 44 14 som
662 1036 61 20 synes
745 1036 48 14 vara
809 1029 108 22 afskrifvet

91 1058 45 21 från
156 1065 25 14 en
197 1059 74 20 svensk
287 1058 123 26 författning
426 1059 4 19 i
448 1058 59 21 detta
523 1060 60 19 ämne
600 1058 46 20 med
663 1058 40 21 den
719 1058 80 21 skilnad
816 1058 54 21 blott
885 1060 32 18 att

92 1086 103 21 riksdaler
217 1089 36 18 äro
270 1087 136 21 förvandlade
422 1087 31 20 till
470 1087 67 23 mark,
556 1087 38 20 har
610 1087 83 26 mycket
708 1087 44 21 skäl
769 1087 32 20 för
815 1087 38 25 sig,
870 1093 46 14 men

92 1115 35 20 det
150 1122 48 13 vore
219 1116 22 25 ju
265 1115 69 20 bättre
357 1118 32 17 att
412 1115 58 21 Hans
495 1115 118 26 Kejserliga
637 1115 99 26 Majestät
752 1115 21 20 af
787 1116 129 25 sakkunnige

92 1145 47 19 män
155 1143 42 21 låte
213 1143 98 21 utarbeta
327 1150 24 14 en
368 1143 130 26 författning.

160 1200 204 26 Kontraktsprosten
388 1200 108 21 Berner:
519 1200 39 24 Jag
580 1200 32 21 för
627 1200 41 21 min
685 1200 33 21 del
735 1200 40 21 kan
792 1200 45 21 icke
853 1203 64 18 annat

92 1230 26 19 än
139 1228 5 20 i
161 1229 36 20 det
213 1231 105 18 närmaste
333 1229 113 26 godkänna
462 1229 96 20 enskilda
574 1229 201 20 besvärsutskottets
792 1228 77 26 förslag
885 1228 31 21 till

92 1257 93 26 petition.
218 1257 41 21 Det
281 1259 24 18 är
323 1263 25 15 en
364 1257 68 26 gifven
448 1257 45 26 sak,
510 1260 31 18 att
557 1257 41 21 alla
613 1257 133 26 rusgifvande
763 1257 97 26 dryckers
876 1256 41 21 för-

91 1285 89 26 säljning
202 1285 64 21 borde
290 1286 38 20 och
353 1285 99 21 behöfver
474 1285 74 21 ställas
571 1285 66 21 under
654 1285 97 21 kontroll.
781 1285 66 21 Hvem
864 1285 53 21 skall

92 1314 32 20 väl
147 1315 96 20 närmare
267 1314 69 21 kunna
361 1313 130 22 kontrollera
510 1314 34 21 det
560 1316 26 19 än
603 1315 137 20 kommunens
756 1321 50 18 egen
823 1314 92 27 styrelse.

92 1342 45 21 Här
151 1344 24 18 är
190 1342 5 20 i
212 1342 107 26 frägasatt,
336 1343 102 20 huruvida
454 1343 36 20 det
506 1345 24 18 är
546 1343 80 26 möjligt
637 1342 32 21 för
680 1343 67 26 någon
759 1346 31 17 att
802 1343 115 20 bestämma

92 1371 27 26 pä
135 1370 88 21 förhand
239 1377 24 14 en
280 1377 87 20 persons
383 1371 115 20 redbarhet
514 1371 6 20 i
536 1371 123 20 utöfvaudet
675 1371 19 20 af
711 1372 50 19 hans
778 1370 85 21 rörelse.

160 1399 32 21 En
218 1399 168 25 landthandlare,
412 1399 132 24 skomakare,
570 1406 25 14 en
621 1399 116 21 skräddare
763 1399 98 20 behöfver
887 1401 30 18 ett

92 1427 131 25 frejdebevis,
239 1427 32 21 för
286 1431 32 17 att
333 1428 20 21 fä
370 1427 130 27 privilegium
517 1427 31 21 för
563 1428 125 20 utöfvandet
703 1427 21 21 af
738 1428 36 21 sitt
791 1428 125 24 händtverk;

92 1455 54 22 huru
170 1457 82 26 mycket
275 1463 44 14 mer
342 1456 98 21 behöfver
459 1456 46 21 icke
522 1457 38 20 den
577 1457 65 20 andre
657 1463 74 20 genom
748 1459 30 18 ett
794 1456 123 26 frejdebevis

92 1484 136 27 ädagalägga,
252 1487 31 18 att
305 1485 23 20 ät
349 1484 78 21 honom
451 1485 40 20 kan
508 1485 106 20 anförtros
630 1491 25 14 en
672 1485 97 26 farligare
784 1484 132 25 haudtering,

92 1513 68 20 såsom
184 1519 25 14 en
233 1513 142 26 ölförsäljning
397 1515 29 18 är.
456 1513 87 21 Således
567 1513 64 21 borde
655 1513 35 21 det
712 1513 17 26 ej
753 1513 38 21 alls
812 1512 105 21 komma
901 1508 18 36 i
