1117 1817
221 130 43 22 212
434 132 162 19 Presteståndet
608 133 55 18 1872.
686 133 25 17 27
723 132 53 18 febr.

193 216 69 21 sattes
278 215 8 20 i
301 214 83 21 tillfälle
407 215 32 20 att
461 212 79 28 afgifva
554 213 39 20 sitt
607 212 99 27 yttrande
721 212 42 21 och
778 212 67 21 sedan
859 212 71 21 lemna
944 211 36 21 det
990 210 33 21 till

195 243 234 26 bevillningsutskottet
451 242 33 21 för
506 243 34 20 att
558 241 4 21 i
576 241 154 26 sammanhang
745 240 50 21 med
810 240 75 27 frågan
899 246 35 15 om
949 238 74 22 bevill-

193 273 80 26 ningen
288 271 33 21 till
335 271 145 26 fängelsernas
495 269 110 22 ordnande
620 272 111 24 upptagas.

264 328 91 21 Prosten
375 327 86 27 Hjelt:
484 327 42 27 Jag
548 327 68 21 skulle
637 333 66 20 gerna
724 326 76 21 förena
822 326 43 27 mig
883 325 48 22 med
946 325 78 21 doktor

195 357 108 28 Alopaus,
326 363 34 15 om
382 357 63 20 titeln
467 355 69 22 skulle
558 355 50 27 lyda
633 357 33 20 att
680 355 36 21 det
731 355 72 26 gällde
818 353 170 23 bestämmandet
1002 353 22 22 af

195 386 98 27 grunden
308 385 32 22 för
363 384 207 28 fängelseväsendets
586 384 116 26 ordnande,
717 389 50 15 men
783 383 27 21 dä
825 383 36 22 det
876 385 23 19 är
914 383 61 26 fräga
988 387 35 16 om

196 415 81 26 anslag,
293 420 62 16 anser
367 414 38 27 jag
419 415 33 20 att
466 413 142 27 lagutskottet
623 413 46 20 icke
684 413 41 20 kan
744 412 83 21 befatta
842 412 32 27 sig
889 411 48 22 med
951 411 72 21 saken.

195 443 61 22 Hans
273 443 118 27 Kejserliga
413 442 102 27 Majestät
530 441 39 21 har
584 441 19 27 ej
619 441 104 21 infordrat
738 441 101 26 yttrande
854 446 35 15 om
904 439 120 28 grunderna

196 472 34 21 för
245 471 207 28 fängelseväsendets
474 470 117 26 ordnande,
607 472 52 19 utan
674 469 76 27 begärt
765 469 82 27 anslag,
863 469 32 21 för
910 470 32 20 att
956 468 68 21 ordna

196 500 198 27 fängelseväsendet
408 500 28 26 pä
452 499 36 21 det
503 500 50 23 sätt,
568 504 46 16 som
629 498 58 21 förut
701 500 24 19 är
741 497 100 22 bestämt.

266 557 110 21 Professor
398 556 162 21 Ehrström:
583 555 43 21 För
646 555 43 21 min
713 555 32 22 del
770 555 69 21 skulle
859 555 37 26 jag
910 555 35 20 väl
959 560 65 21 gerna

197 586 75 21 förena
295 585 42 27 mig
359 585 49 21 med
430 585 78 20 doktor
530 584 108 27 Alopseus,
655 590 47 15 men
717 584 7 21 i
740 583 144 22 betraktande
899 583 24 21 af
935 583 40 21 den
990 585 33 18 ut-

197 615 62 26 gäng,
282 620 46 15 som
351 620 25 15 en
399 613 59 27 dylik
480 612 99 22 anhällan
602 615 73 18 senast
696 614 67 25 rönte,
787 619 62 14 anser
869 612 37 27 jag
921 611 42 27 mig
977 611 47 22 icke

197 643 64 22 hafva
284 642 46 22 skäl
353 642 77 25 dertill,
452 643 52 20 utan
527 641 97 21 anhäller
644 643 33 19 att
699 641 62 21 äfven
777 641 7 21 i
800 641 69 21 denna
884 640 59 27 fräga
957 639 21 22 fä
992 640 32 21 in-

197 672 87 21 komma
306 671 48 21 med
377 670 102 27 skriftligt
498 670 142 26 andragande,
656 676 45 14 som
717 669 57 27 finge
787 669 74 27 ätfölja
876 669 100 21 remissen
991 668 33 22 till

197 699 161 23 vederbörande
373 698 89 22 utskott.

267 756 32 22 På
321 758 87 25 prosten
430 756 92 26 Hjelts
545 756 85 26 förslag,
654 755 149 21 remitterades
818 754 160 28 propositionen
993 753 32 22 till

197 786 154 21 sammansatta
366 786 62 20 stats-
445 784 39 22 och
501 784 212 22 ekonomiutskottet.

269 918 34 20 7:o
333 916 83 26 Nädiga
437 916 160 26 propositionen
620 922 34 15 n:o
676 916 33 26 30,
732 914 111 27 angående
858 914 132 27 uppförande
1004 913 24 22 af

199 947 78 19 tvenne
292 944 99 28 fyrbäkar
406 945 7 20 i
428 944 88 27 Ladoga
531 944 39 27 sjö.

268 1001 155 22 Remitterades
438 1001 33 21 till
486 1003 64 19 stats-
566 1001 39 22 och
621 1000 212 22 ekonomiutskottet.

269 1139 34 20 8:o
333 1138 82 27 Nädiga
436 1137 160 27 propositionen
619 1143 35 16 n:o
671 1138 32 25 32,
720 1143 34 16 om
771 1138 74 27 anslag
859 1137 33 21 för
907 1137 120 21 inrättande

202 1167 23 21 af
239 1173 26 15 en
280 1173 27 20 ny
322 1166 120 21 kuranstalt
457 1166 33 21 för
504 1166 135 27 sinnessjuka
654 1166 7 21 i
676 1166 78 21 landet.

270 1235 207 26 Kontraktsprosten
492 1235 107 21 Berner
614 1234 71 22 anhöll
701 1241 35 14 om
751 1235 64 21 ordet
829 1235 40 20 och
879 1234 93 27 yttrade:
987 1235 41 26 Jag

201 1264 40 21 har
266 1264 76 27 begärt
364 1264 67 23 ordet,
454 1263 33 21 för
510 1265 32 19 att
565 1263 21 21 fä
608 1263 8 21 i
638 1263 131 27 protokollet
791 1264 86 26 intagen
891 1269 26 15 en
930 1263 99 21 anhällan

201 1293 80 24 derom,
298 1294 32 19 att
347 1292 35 21 det
397 1292 89 25 utskott,
502 1292 32 21 till
553 1291 81 22 hvilket
643 1292 69 21 denna
726 1292 79 27 nädiga
813 1291 132 27 proposition
953 1291 75 22 blifver

201 1321 132 26 remitterad,
356 1321 66 21 mätte
444 1320 56 22 fästa
522 1321 33 20 sin
570 1320 120 27 synnerliga
704 1321 190 26 uppmärksamhet
909 1321 71 26 därpä,
996 1322 33 19 att

202 1349 36 21 vid
253 1355 27 15 en
295 1349 121 22 kuranstalt
438 1349 33 21 för
494 1349 139 26 sinnessjuka,
650 1355 26 15 en
691 1349 145 21 framstäende
851 1349 44 26 vigt
910 1349 39 21 bör
964 1349 65 21 fästas

201 1378 36 21 vid
260 1377 40 22 den
323 1377 86 27 andliga
430 1377 60 26 värd,
506 1383 45 16 som
575 1378 26 21 de
624 1377 131 28 sinnessjuke
771 1378 22 21 fä
807 1378 94 27 ätnjuta;
917 1379 23 26 ty
955 1377 35 22 det
1005 1379 24 20 är

201 1406 65 21 allom
282 1407 68 20 kändt
365 1406 55 21 huru
435 1406 62 27 djupt
512 1406 86 27 religiös
612 1406 76 21 känsla
703 1406 68 21 finnes
785 1406 40 21 hos
840 1406 48 21 värt
903 1405 68 22 finska
978 1405 50 22 folk.

202 1435 80 21 Likasä
297 1437 24 19 är
337 1435 36 21 det
388 1435 63 21 allom
467 1435 73 26 kändt,
556 1436 32 20 att
603 1435 21 21 fä
640 1435 63 21 bland
720 1435 97 26 därarne,
834 1435 23 21 af
870 1435 41 20 den
926 1434 103 22 oförderf-

201 1463 54 22 vade
271 1463 105 27 allmogen
396 1463 128 27 isynnerhet,
540 1463 74 26 finnas,
630 1463 39 22 hos
683 1463 72 22 hvilka
771 1463 18 27 ej
807 1463 35 22 det
857 1464 76 21 väckta
948 1469 81 16 samve-

201 1493 32 20 tet
248 1491 107 22 herrskar.
385 1492 42 21 Det
449 1494 25 19 är
489 1492 64 21 allom
574 1492 73 26 kändt,
663 1494 32 19 att
710 1492 39 21 hos
765 1492 61 21 desse
842 1492 63 21 därar
920 1492 70 21 städse
1005 1494 25 19 är

201 1521 70 27 nägon
294 1521 87 26 längtan
404 1520 53 22 efter
480 1520 109 28 försoning
610 1521 40 21 och
672 1521 78 26 klagan
770 1521 59 21 öfver
845 1521 35 21 det
896 1521 77 21 brutna
987 1520 43 22 för-
