1117 1817
304 128 1 6 '
342 128 162 18 Presteständet
516 129 55 17 1872.
596 130 28 16 20
636 129 50 17 febr.
861 124 40 21 165

104 208 37 22 dra
163 208 67 25 mark,
247 208 38 21 och
301 210 23 20 sä
339 208 36 22 illa
389 209 64 21 lönad
469 208 33 22 för
516 209 38 21 sitt
569 209 80 25 arbete,
665 208 92 27 nedböjd
771 208 23 21 af
808 208 123 27 bekymmer

103 237 40 22 och
165 236 89 22 fruktlös
276 239 77 20 väntan
376 238 27 26 på
419 237 177 27 löneförbättring
611 237 32 22 får
658 237 102 26 nedlägga
775 237 155 27 herdestafven,

103 265 164 22 efterlemnande
282 265 75 22 hustru
372 266 40 21 och
427 265 53 22 barn
496 266 7 21 i
518 266 37 21 det
570 266 97 27 djupaste
682 265 80 22 armod.

171 293 40 26 Jag
231 296 24 19 är
270 293 128 28 öfvertygad,
414 296 32 19 att
462 294 61 27 ingen
540 294 22 21 af
575 295 57 20 mina
646 294 145 26 högtvördade
806 294 124 22 ständsbrö-

103 322 38 22 der
155 321 54 22 skall
224 322 71 21 kunna
306 322 57 27 jäfva
379 323 55 21 hvad
446 323 38 26 jag
499 329 28 15 nu
543 323 45 21 haft
603 325 51 19 äran
666 322 78 22 anföra.
768 323 49 21 Men
829 323 35 22 det
875 323 54 22 skall

103 350 106 22 mähända
224 351 117 25 anmärkas,
357 353 32 20 att
405 351 64 22 innan
485 351 178 27 prestaflöningen
679 351 74 21 hunnit
768 351 64 22 blifva
847 351 83 22 behöri-

102 385 41 21 gen
158 379 97 27 reglerad
269 380 45 21 stär
329 379 38 22 här
382 379 110 28 ingenting
506 381 32 20 att
553 382 69 24 göras,
638 379 89 22 emedan
747 386 34 15 oss
796 381 77 21 saknas
889 387 42 15 me-

103 407 35 22 del
153 407 38 22 och
206 410 89 25 utvägar
309 410 32 19 att
356 407 92 28 afhjelpa
464 408 36 21 det
515 408 89 21 anförda
619 407 192 22 missförhällandet
827 409 38 21 och
881 415 48 15 man

103 436 46 21 icke
172 436 108 27 rimligtvis
302 437 110 26 härvidlag
434 437 42 21 kan
498 439 52 24 göra
572 437 92 27 anspräk
680 437 26 26 pä
723 437 133 27 statsanslag.
887 437 44 21 För

103 465 43 21 min
169 465 34 22 del
226 466 63 25 vågar
307 465 36 27 jag
362 465 53 22 dock
430 466 7 21 i
454 465 98 22 afseende
566 466 14 21 &
595 465 70 22 denna
680 465 59 27 fråga
754 465 52 28 hysa
821 465 40 22 den
877 467 53 20 mot-

103 495 56 20 satta
181 493 88 27 äsigten,
293 496 31 19 att
346 493 39 22 här
408 493 44 22 kan
468 493 40 22 och
524 493 38 21 bör
576 494 116 27 någonting
707 495 68 25 göras,
793 493 39 22 och
847 496 32 19 att
895 493 35 23 det

101 521 44 28 just
160 524 24 19 är
199 525 68 18 staten
283 529 44 15 som
343 522 6 21 i
365 522 69 21 denna
450 522 109 22 behofvets
574 523 64 21 stund
653 522 39 21 bör
707 523 84 21 komma
807 523 81 26 kyrkan
898 522 32 22 till

103 550 62 27 hjelp.
197 551 30 27 Ty
251 552 35 20 det
301 551 38 21 bör
352 551 23 26 ju
391 551 45 21 icke
452 551 96 26 förbises,
564 553 32 20 att
611 551 81 27 kyrkan
708 552 82 25 engång
805 551 68 27 hulpit
888 553 43 20 sta-

103 580 36 20 ten
162 579 48 22 med
234 581 31 20 att
287 579 55 22 afstä
356 581 27 25 2/,
399 579 23 21 af
434 579 46 22 sina
496 580 118 21 inkomster
628 579 33 22 till
677 579 40 22 den
733 579 100 22 sednares
848 579 81 22 förmån

104 607 39 22 och
158 607 61 22 häraf
233 607 38 22 har
286 611 68 18 staten
371 608 69 27 dragit
456 611 61 24 nyttä
532 609 6 20 i
553 608 51 21 flere
618 608 84 21 hundra
717 609 31 20 är.
778 608 76 21 Dertill
870 609 60 20 kom-

103 642 45 15 mer
170 637 39 21 ock
231 639 32 19 att
285 637 110 21 lutherska
417 637 81 26 kyrkan
519 637 5 20 i
545 637 91 21 Finland
652 639 56 19 ännu
723 636 130 22 fortfarande
868 639 64 24 utgör

103 665 131 27 statskyrka:
258 667 69 19 staten
351 665 156 21 omhänderhar
524 665 80 21 hennes
619 665 178 27 angelägenheter
811 665 7 21 i
833 665 52 21 sista
899 666 31 20 in-

103 695 58 19 stans
184 693 38 21 och
245 694 157 26 presterskapet
424 694 41 21 kan
482 694 6 20 i
504 694 76 26 mänga
602 694 113 21 afseenden
731 694 108 21 betraktas
851 693 79 27 jemväl

103 727 45 15 som
171 724 80 19 statens
272 722 87 26 tjenare.
389 722 73 22 Under
484 723 80 21 sädana
580 722 145 22 förhällanden
741 722 41 21 kan
797 722 35 27 jag
847 722 84 22 derföre

103 750 46 21 icke
172 756 51 16 anse
245 750 36 22 det
303 757 50 15 vara
376 753 64 19 annat
456 753 27 19 än
498 750 74 28 billigt,
589 752 33 20 att
636 753 69 19 staten
723 757 27 15 nu
765 751 6 20 i
787 751 32 21 sin
834 754 35 18 tur
883 757 47 15 som

104 784 26 15 en
145 778 168 28 interimsätgärd
329 779 80 21 lemnar
424 780 68 26 några
506 779 76 27 bidrag
596 779 32 21 till
644 779 147 22 förbättrande
803 779 22 21 af
833 780 26 21 de
869 780 60 26 ringa

103 806 95 22 aflönade
221 810 117 24 prestmäns
359 808 138 21 ekonomiska
512 808 108 26 ställning;
637 808 24 21 sä
676 808 83 27 mycket
774 814 44 15 mer
833 814 44 16 som
893 808 37 22 det

103 836 61 21 torde
179 836 50 26 ätgä
244 838 55 19 ännu
315 837 75 26 många
405 837 31 26 år,
452 837 63 21 innan
532 836 40 22 den
587 837 92 21 nämnda
695 836 180 27 löneregleringen
887 836 42 22 kän

104 864 157 27 ävägabringas.
292 865 41 21 Det
348 864 70 27 gamla
434 865 135 27 ordspråket:
586 872 40 19 ,en
642 865 68 27 hastig
726 864 56 28 hjelp
797 867 24 19 är
837 872 25 14 en
878 865 51 21 dub-

104 892 33 22 bel
152 892 68 28 hjelp*
235 893 39 21 har
289 893 39 21 här
343 894 31 20 sin
389 896 59 19 stora
463 893 115 27 betydelse.

172 922 50 21 Med
243 922 113 27 anledning
379 922 22 21 af
421 922 56 21 hvad
496 922 38 27 jag
556 929 28 15 nu
607 922 44 21 haft
672 924 51 19 äran
738 924 63 25 yttra,
817 922 64 27 vägar
893 922 36 27 jag

104 950 107 21 vördsamt
225 950 116 28 framlägga
357 951 36 21 det
407 950 85 27 förslag,
508 953 32 19 att
552 951 131 27 högvördiga
693 951 156 27 presteständet
861 950 68 22 skulle

103 978 32 22 till
151 978 58 22 Hans
225 979 116 27 Kejserliga
357 979 100 27 Majestät
472 979 49 27 ingå
536 980 48 21 med
599 979 89 27 petition
705 979 22 21 af
741 979 35 21 det
788 979 92 21 innehåll
890 981 38 25 att,

103 1008 59 20 intill
183 1008 48 20 dess
254 1014 25 15 en
301 1015 59 13 mera
380 1008 103 21 rationell
500 1008 38 20 och
554 1008 102 28 tidsenlig
672 1008 107 27 reglering
795 1008 31 27 af
834 1010 95 25 prester-

102 1035 87 28 skapets
211 1036 97 27 aflöning
326 1036 73 21 kunde
413 1035 146 29 genomföras,
574 1036 68 22 skulle
658 1039 32 19 ett
705 1036 122 27 lönebidrag
842 1036 31 21 till
888 1036 41 22 för-

103 1065 48 20 män
167 1064 32 21 för
213 1064 36 22 illa
265 1064 95 22 aflönade
375 1068 83 24 prester
474 1065 70 22 ansläs
555 1066 22 21 af
586 1065 138 22 statsmedlen
735 1064 56 22 efter
802 1064 38 22 här
851 1065 78 21 nedan-

102 1093 89 21 nämnda
208 1094 99 25 grunder:

171 1121 60 22 Efter
245 1123 12 18 5
273 1123 35 20 års
323 1122 139 27 tjenstgöring
477 1122 85 21 utfaller
578 1124 31 20 ett
624 1122 141 21 lönetillskott
777 1122 23 21 af
811 1122 40 21 150
861 1122 67 24 mark,

103 1149 52 22 efter
171 1151 26 20 10
211 1151 35 20 års
261 1150 70 27 tjenst,
341 1151 42 20 300
399 1151 66 24 mark,
480 1151 54 21 efter
551 1152 25 20 15
592 1151 35 21 års
642 1151 65 26 tjenst
721 1151 43 20 450
779 1149 39 22 och
833 1150 54 22 efter
901 1151 28 21 20

102 1179 36 20 års
153 1178 138 27 tjenstgöring
306 1180 41 21 600
363 1179 66 21 mark.
461 1179 73 21 Likväl
550 1179 68 22 skulle
634 1179 105 26 iakttagas
754 1181 38 23 att,
809 1185 33 15 om
852 1185 76 21 genom

102 1207 163 21 lönetillskottet
287 1207 47 22 hela
355 1207 62 22 lönen
433 1208 42 21 kan
488 1214 65 16 anses
568 1209 70 26 uppgä
654 1207 31 22 till
701 1208 64 26 2,000
780 1207 65 26 mark,
861 1207 67 22 skulle

102 1235 125 28 ytterligare
249 1235 92 22 tillskott
356 1236 46 21 icke
417 1236 72 22 vidare
506 1236 92 27 beviljas.
629 1236 40 21 Om
685 1237 47 20 åter
747 1235 64 28 något
827 1235 101 28 obetydli-

102 1270 50 21 gare
168 1263 76 28 belopp
260 1265 67 21 skulle
342 1265 71 24 fattas,
429 1265 70 21 kunde
515 1265 114 22 tillskottet
644 1265 128 21 bestämmas
783 1265 29 24 sä,
823 1266 32 19 att
865 1264 62 21 lönen

102 1293 105 27 uppginge
222 1293 53 21 efter
291 1293 198 27 medelmarkegäng
504 1293 32 22 till
552 1293 88 28 ungefär
655 1294 130 21 sistnämnda
801 1299 86 15 summa.

170 1321 11 21 I
202 1321 81 22 saknad
305 1321 23 22 af
343 1324 97 19 närmare
455 1322 152 27 upplysningar
622 1323 41 20 kan
676 1322 37 27 jag
727 1321 47 22 icke
789 1321 33 22 för
837 1321 91 22 tillfällei

102 1349 98 28 uppgifva
222 1349 81 22 antalet
325 1350 22 21 af
366 1351 61 27 ringa
450 1350 96 22 aflönade
568 1353 108 25 prestmän
692 1351 6 20 i
714 1350 26 21 de
758 1350 68 21 skilda
841 1349 86 28 katego-

102 1378 77 26 rierna;
196 1384 47 15 men
259 1384 34 15 om
309 1385 48 15 man
373 1382 95 24 antager,
484 1381 32 19 att
532 1380 61 21 deras
606 1379 58 22 antal
674 1379 163 27 approximativt
847 1379 81 26 uppgär

102 1407 31 21 till
156 1407 40 21 150
218 1406 39 22 och
280 1406 106 23 beräknar
407 1407 167 22 lönetillskotten
597 1408 6 21 i
627 1407 100 22 medeltal
749 1407 32 22 till
804 1408 41 21 300
860 1407 67 26 mark,

102 1435 67 22 skulle
185 1435 96 28 omkring
296 1437 77 26 45,000
389 1437 60 21 mark
464 1436 86 21 komma
565 1438 33 20 att
608 1438 76 25 utgöra
695 1437 36 20 det
742 1436 109 27 tillfälliga,
861 1435 67 28 ärliga

101 1461 155 35 statsanslaget.
440 1486 2 3 N

171 1493 39 21 Till
226 1493 134 22 undvikande
375 1493 22 22 af
411 1493 138 28 misstydning
564 1493 62 22 torde
641 1500 51 15 vara
707 1493 73 26 nödigt
791 1495 32 20 att
831 1493 96 28 upplysa,

102 1523 32 20 att
148 1527 76 21 genom
240 1528 29 15 nu
283 1521 144 23 framkastade
442 1521 80 28 förslag
536 1522 69 22 skulle
618 1522 37 27 jag
670 1522 6 21 i
692 1522 98 22 afseende
805 1523 13 21 &
832 1522 43 22 min
890 1527 37 16 en-
