<?xml version="1.0" encoding="UTF-8"?>
<alto xmlns="http://www.loc.gov/standards/alto/ns-v3#" xmlns:xlink="http://www.w3.org/1999/xlink" xmlns:xsi="http://www.w3.org/2001/XMLSchema-instance" xsi:schemaLocation="http://www.loc.gov/standards/alto/ns-v3# http://www.loc.gov/alto/v3/alto-3-0.xsd">
	<Description>
		<MeasurementUnit>pixel</MeasurementUnit>
		<sourceImageInformation>
			<fileName>/tmp/tess_xm0nqvbl_input.PNG</fileName>
		</sourceImageInformation>
		<OCRProcessing ID="OCR_0">
			<ocrProcessingStep>
				<processingSoftware>
					<softwareName>tesseract 5.3.4</softwareName>
				</processingSoftware>
			</ocrProcessingStep>
		</OCRProcessing>
	</Description>
	<Layout>
		<Page WIDTH="1117" HEIGHT="1817" PHYSICAL_IMG_NR="0" ID="page_0">
			<PrintSpace HPOS="0" VPOS="0" WIDTH="1117" HEIGHT="1817">
				<GraphicalElement ID="cblock_0" HPOS="0" VPOS="724" WIDTH="6" HEIGHT="502"></GraphicalElement >
				<ComposedBlock ID="cblock_1" HPOS="221" VPOS="133" WIDTH="553" HEIGHT="23">
					<TextBlock ID="block_0" HPOS="221" VPOS="133" WIDTH="553" HEIGHT="23">
						<TextLine ID="line_0" HPOS="221" VPOS="133" WIDTH="553" HEIGHT="23">
							<String ID="string_0" HPOS="221" VPOS="133" WIDTH="28" HEIGHT="21" WC="0.96" CONTENT="66"/><SP WIDTH="184" VPOS="133" HPOS="249"/>
							<String ID="string_1" HPOS="433" VPOS="137" WIDTH="161" HEIGHT="18" WC="0.92" CONTENT="Presteståndet"/><SP WIDTH="13" VPOS="137" HPOS="594"/>
							<String ID="string_2" HPOS="607" VPOS="138" WIDTH="55" HEIGHT="18" WC="0.94" CONTENT="1872."/><SP WIDTH="25" VPOS="138" HPOS="662"/>
							<String ID="string_3" HPOS="687" VPOS="138" WIDTH="22" HEIGHT="17" WC="0.92" CONTENT="13"/><SP WIDTH="12" VPOS="138" HPOS="709"/>
							<String ID="string_4" HPOS="721" VPOS="138" WIDTH="53" HEIGHT="17" WC="0.96" CONTENT="febr."/>
						</TextLine>
					</TextBlock>
				</ComposedBlock>
				<GraphicalElement ID="cblock_2" HPOS="192" VPOS="171" WIDTH="815" HEIGHT="7"></GraphicalElement >
				<ComposedBlock ID="cblock_3" HPOS="191" VPOS="217" WIDTH="829" HEIGHT="56">
					<TextBlock ID="block_1" HPOS="191" VPOS="217" WIDTH="829" HEIGHT="56">
						<TextLine ID="line_1" HPOS="192" VPOS="217" WIDTH="828" HEIGHT="28">
							<String ID="string_5" HPOS="192" VPOS="224" WIDTH="48" HEIGHT="15" WC="0.96" CONTENT="man"/><SP WIDTH="17" VPOS="224" HPOS="240"/>
							<String ID="string_6" HPOS="257" VPOS="218" WIDTH="39" HEIGHT="21" WC="0.95" CONTENT="alls"/><SP WIDTH="15" VPOS="218" HPOS="296"/>
							<String ID="string_7" HPOS="311" VPOS="218" WIDTH="36" HEIGHT="21" WC="0.93" CONTENT="vill"/><SP WIDTH="15" VPOS="218" HPOS="347"/>
							<String ID="string_8" HPOS="362" VPOS="220" WIDTH="92" HEIGHT="25" WC="0.92" CONTENT="upptaga"/><SP WIDTH="16" VPOS="220" HPOS="454"/>
							<String ID="string_9" HPOS="470" VPOS="218" WIDTH="40" HEIGHT="20" WC="0.96" CONTENT="den"/><SP WIDTH="16" VPOS="218" HPOS="510"/>
							<String ID="string_10" HPOS="526" VPOS="217" WIDTH="52" HEIGHT="22" WC="0.93" CONTENT="eller"/><SP WIDTH="15" VPOS="217" HPOS="578"/>
							<String ID="string_11" HPOS="593" VPOS="217" WIDTH="78" HEIGHT="22" WC="0.92" CONTENT="förvisa"/><SP WIDTH="15" VPOS="217" HPOS="671"/>
							<String ID="string_12" HPOS="686" VPOS="218" WIDTH="40" HEIGHT="21" WC="0.96" CONTENT="den"/><SP WIDTH="16" VPOS="218" HPOS="726"/>
							<String ID="string_13" HPOS="742" VPOS="217" WIDTH="33" HEIGHT="21" WC="0.96" CONTENT="till"/><SP WIDTH="16" VPOS="217" HPOS="775"/>
							<String ID="string_14" HPOS="791" VPOS="218" WIDTH="66" HEIGHT="26" WC="0.96" CONTENT="något"/><SP WIDTH="10" VPOS="218" HPOS="857"/>
							<String ID="string_15" HPOS="867" VPOS="218" WIDTH="88" HEIGHT="21" WC="0.96" CONTENT="utskott."/><SP WIDTH="22" VPOS="218" HPOS="955"/>
							<String ID="string_16" HPOS="977" VPOS="218" WIDTH="43" HEIGHT="21" WC="0.96" CONTENT="Det"/>
						</TextLine>
						<TextLine ID="line_2" HPOS="191" VPOS="245" WIDTH="829" HEIGHT="28">
							<String ID="string_17" HPOS="191" VPOS="246" WIDTH="91" HEIGHT="25" WC="0.96" CONTENT="innebär"/><SP WIDTH="15" VPOS="246" HPOS="282"/>
							<String ID="string_18" HPOS="297" VPOS="246" WIDTH="107" HEIGHT="27" WC="0.96" CONTENT="ingenting"/><SP WIDTH="15" VPOS="246" HPOS="404"/>
							<String ID="string_19" HPOS="419" VPOS="248" WIDTH="65" HEIGHT="19" WC="0.95" CONTENT="annat"/><SP WIDTH="15" VPOS="248" HPOS="484"/>
							<String ID="string_20" HPOS="499" VPOS="248" WIDTH="26" HEIGHT="19" WC="0.96" CONTENT="än"/><SP WIDTH="16" VPOS="248" HPOS="525"/>
							<String ID="string_21" HPOS="541" VPOS="245" WIDTH="154" HEIGHT="28" WC="0.96" CONTENT="bordläggning"/><SP WIDTH="16" VPOS="245" HPOS="695"/>
							<String ID="string_22" HPOS="711" VPOS="245" WIDTH="40" HEIGHT="22" WC="0.95" CONTENT="och"/><SP WIDTH="13" VPOS="245" HPOS="751"/>
							<String ID="string_23" HPOS="764" VPOS="246" WIDTH="37" HEIGHT="27" WC="0.96" CONTENT="jag"/><SP WIDTH="13" VPOS="246" HPOS="801"/>
							<String ID="string_24" HPOS="814" VPOS="246" WIDTH="77" HEIGHT="21" WC="0.96" CONTENT="önskar"/><SP WIDTH="10" VPOS="246" HPOS="891"/>
							<String ID="string_25" HPOS="901" VPOS="247" WIDTH="64" HEIGHT="21" WC="0.96" CONTENT="också"/><SP WIDTH="12" VPOS="247" HPOS="965"/>
							<String ID="string_26" HPOS="977" VPOS="246" WIDTH="43" HEIGHT="21" WC="0.96" CONTENT="det."/>
						</TextLine>
					</TextBlock>
				</ComposedBlock>
				<ComposedBlock ID="cblock_4" HPOS="191" VPOS="314" WIDTH="829" HEIGHT="228">
					<TextBlock ID="block_2" HPOS="191" VPOS="314" WIDTH="829" HEIGHT="228">
						<TextLine ID="line_3" HPOS="261" VPOS="314" WIDTH="757" HEIGHT="28">
							<String ID="string_27" HPOS="261" VPOS="314" WIDTH="83" HEIGHT="22" WC="0.93" CONTENT="Doktor"/><SP WIDTH="22" VPOS="314" HPOS="344"/>
							<String ID="string_28" HPOS="366" VPOS="314" WIDTH="161" HEIGHT="27" WC="0.91" CONTENT="Hornborg:"/><SP WIDTH="30" VPOS="314" HPOS="527"/>
							<String ID="string_29" HPOS="557" VPOS="314" WIDTH="11" HEIGHT="21" WC="0.95" CONTENT="I"/><SP WIDTH="22" VPOS="314" HPOS="568"/>
							<String ID="string_30" HPOS="590" VPOS="314" WIDTH="70" HEIGHT="22" WC="0.95" CONTENT="denna"/><SP WIDTH="22" VPOS="314" HPOS="660"/>
							<String ID="string_31" HPOS="682" VPOS="314" WIDTH="37" HEIGHT="22" WC="0.96" CONTENT="sak"/><SP WIDTH="15" VPOS="314" HPOS="719"/>
							<String ID="string_32" HPOS="734" VPOS="314" WIDTH="63" HEIGHT="21" WC="0.93" CONTENT="torde"/><SP WIDTH="15" VPOS="314" HPOS="797"/>
							<String ID="string_33" HPOS="812" VPOS="315" WIDTH="172" HEIGHT="27" WC="0.91" CONTENT="skiljaktigheten"/><SP WIDTH="15" VPOS="315" HPOS="984"/>
							<String ID="string_34" HPOS="999" VPOS="314" WIDTH="19" HEIGHT="27" WC="0.96" CONTENT="ej"/>
						</TextLine>
						<TextLine ID="line_4" HPOS="191" VPOS="343" WIDTH="829" HEIGHT="27">
							<String ID="string_35" HPOS="191" VPOS="349" WIDTH="51" HEIGHT="16" WC="0.96" CONTENT="vara"/><SP WIDTH="22" VPOS="349" HPOS="242"/>
							<String ID="string_36" HPOS="264" VPOS="344" WIDTH="25" HEIGHT="21" WC="0.96" CONTENT="så"/><SP WIDTH="20" VPOS="344" HPOS="289"/>
							<String ID="string_37" HPOS="309" VPOS="345" WIDTH="50" HEIGHT="24" WC="0.96" CONTENT="stor,"/><SP WIDTH="25" VPOS="345" HPOS="359"/>
							<String ID="string_38" HPOS="384" VPOS="349" WIDTH="44" HEIGHT="15" WC="0.96" CONTENT="som"/><SP WIDTH="23" VPOS="349" HPOS="428"/>
							<String ID="string_39" HPOS="451" VPOS="343" WIDTH="35" HEIGHT="21" WC="0.96" CONTENT="det"/><SP WIDTH="22" VPOS="343" HPOS="486"/>
							<String ID="string_40" HPOS="508" VPOS="343" WIDTH="36" HEIGHT="21" WC="0.96" CONTENT="vill"/><SP WIDTH="22" VPOS="343" HPOS="544"/>
							<String ID="string_41" HPOS="566" VPOS="349" WIDTH="68" HEIGHT="21" WC="0.94" CONTENT="synas."/><SP WIDTH="32" VPOS="349" HPOS="634"/>
							<String ID="string_42" HPOS="666" VPOS="343" WIDTH="59" HEIGHT="21" WC="0.86" CONTENT="Efter"/><SP WIDTH="24" VPOS="343" HPOS="725"/>
							<String ID="string_43" HPOS="749" VPOS="343" WIDTH="43" HEIGHT="21" WC="0.96" CONTENT="min"/><SP WIDTH="16" VPOS="343" HPOS="792"/>
							<String ID="string_44" HPOS="808" VPOS="343" WIDTH="134" HEIGHT="27" WC="0.95" CONTENT="uppfattning"/><SP WIDTH="14" VPOS="343" HPOS="942"/>
							<String ID="string_45" HPOS="956" VPOS="343" WIDTH="64" HEIGHT="21" WC="0.96" CONTENT="beror"/>
						</TextLine>
						<TextLine ID="line_5" HPOS="191" VPOS="371" WIDTH="828" HEIGHT="27">
							<String ID="string_46" HPOS="191" VPOS="371" WIDTH="170" HEIGHT="27" WC="0.92" CONTENT="skiljaktigheten"/><SP WIDTH="23" VPOS="371" HPOS="361"/>
							<String ID="string_47" HPOS="384" VPOS="372" WIDTH="27" HEIGHT="26" WC="0.96" CONTENT="på"/><SP WIDTH="21" VPOS="372" HPOS="411"/>
							<String ID="string_48" HPOS="432" VPOS="371" WIDTH="108" HEIGHT="27" WC="0.96" CONTENT="ingenting"/><SP WIDTH="22" VPOS="371" HPOS="540"/>
							<String ID="string_49" HPOS="562" VPOS="374" WIDTH="72" HEIGHT="23" WC="0.96" CONTENT="annat,"/><SP WIDTH="24" VPOS="374" HPOS="634"/>
							<String ID="string_50" HPOS="658" VPOS="374" WIDTH="26" HEIGHT="19" WC="0.96" CONTENT="än"/><SP WIDTH="23" VPOS="374" HPOS="684"/>
							<String ID="string_51" HPOS="707" VPOS="373" WIDTH="32" HEIGHT="20" WC="0.96" CONTENT="att"/><SP WIDTH="22" VPOS="373" HPOS="739"/>
							<String ID="string_52" HPOS="761" VPOS="373" WIDTH="88" HEIGHT="25" WC="0.95" CONTENT="prosten"/><SP WIDTH="23" VPOS="373" HPOS="849"/>
							<String ID="string_53" HPOS="872" VPOS="372" WIDTH="58" HEIGHT="26" WC="0.95" CONTENT="Hjelt"/><SP WIDTH="15" VPOS="372" HPOS="930"/>
							<String ID="string_54" HPOS="945" VPOS="371" WIDTH="74" HEIGHT="27" WC="0.96" CONTENT="begärt"/>
						</TextLine>
						<TextLine ID="line_6" HPOS="191" VPOS="399" WIDTH="827" HEIGHT="28">
							<String ID="string_55" HPOS="191" VPOS="400" WIDTH="155" HEIGHT="27" WC="0.96" CONTENT="bordläggning"/><SP WIDTH="15" VPOS="400" HPOS="346"/>
							<String ID="string_56" HPOS="361" VPOS="401" WIDTH="32" HEIGHT="20" WC="0.96" CONTENT="för"/><SP WIDTH="14" VPOS="401" HPOS="393"/>
							<String ID="string_57" HPOS="407" VPOS="400" WIDTH="68" HEIGHT="27" WC="0.95" CONTENT="tidigt."/><SP WIDTH="23" VPOS="400" HPOS="475"/>
							<String ID="string_58" HPOS="498" VPOS="399" WIDTH="31" HEIGHT="28" WC="0.96" CONTENT="Ty"/><SP WIDTH="15" VPOS="399" HPOS="529"/>
							<String ID="string_59" HPOS="544" VPOS="399" WIDTH="54" HEIGHT="22" WC="0.96" CONTENT="först"/><SP WIDTH="14" VPOS="399" HPOS="598"/>
							<String ID="string_60" HPOS="612" VPOS="399" WIDTH="66" HEIGHT="22" WC="0.96" CONTENT="borde"/><SP WIDTH="16" VPOS="399" HPOS="678"/>
							<String ID="string_61" HPOS="694" VPOS="400" WIDTH="32" HEIGHT="21" WC="0.96" CONTENT="väl"/><SP WIDTH="16" VPOS="400" HPOS="726"/>
							<String ID="string_62" HPOS="742" VPOS="399" WIDTH="78" HEIGHT="28" WC="0.95" CONTENT="frågas,"/><SP WIDTH="16" VPOS="399" HPOS="820"/>
							<String ID="string_63" HPOS="836" VPOS="407" WIDTH="34" HEIGHT="14" WC="0.96" CONTENT="om"/><SP WIDTH="11" VPOS="407" HPOS="870"/>
							<String ID="string_64" HPOS="881" VPOS="400" WIDTH="72" HEIGHT="21" WC="0.95" CONTENT="remiss"/><SP WIDTH="12" VPOS="400" HPOS="953"/>
							<String ID="string_65" HPOS="965" VPOS="399" WIDTH="53" HEIGHT="22" WC="0.96" CONTENT="skall"/>
						</TextLine>
						<TextLine ID="line_7" HPOS="193" VPOS="428" WIDTH="826" HEIGHT="27">
							<String ID="string_66" HPOS="193" VPOS="429" WIDTH="43" HEIGHT="22" WC="0.89" CONTENT="ske."/><SP WIDTH="32" VPOS="429" HPOS="236"/>
							<String ID="string_67" HPOS="268" VPOS="429" WIDTH="76" HEIGHT="22" WC="0.87" CONTENT="Svaras"/><SP WIDTH="15" VPOS="429" HPOS="344"/>
							<String ID="string_68" HPOS="359" VPOS="429" WIDTH="101" HEIGHT="26" WC="0.96" CONTENT="enhälligt"/><SP WIDTH="12" VPOS="429" HPOS="460"/>
							<String ID="string_69" HPOS="472" VPOS="428" WIDTH="30" HEIGHT="27" WC="0.96" CONTENT="ja,"/><SP WIDTH="15" VPOS="428" HPOS="502"/>
							<String ID="string_70" HPOS="517" VPOS="430" WIDTH="24" HEIGHT="19" WC="0.96" CONTENT="är"/><SP WIDTH="15" VPOS="430" HPOS="541"/>
							<String ID="string_71" HPOS="556" VPOS="429" WIDTH="66" HEIGHT="20" WC="0.95" CONTENT="saken"/><SP WIDTH="15" VPOS="429" HPOS="622"/>
							<String ID="string_72" HPOS="637" VPOS="428" WIDTH="51" HEIGHT="25" WC="0.95" CONTENT="slut;"/><SP WIDTH="17" VPOS="428" HPOS="688"/>
							<String ID="string_73" HPOS="705" VPOS="435" WIDTH="47" HEIGHT="14" WC="0.96" CONTENT="men"/><SP WIDTH="17" VPOS="435" HPOS="752"/>
							<String ID="string_74" HPOS="769" VPOS="431" WIDTH="25" HEIGHT="18" WC="0.97" CONTENT="är"/><SP WIDTH="13" VPOS="431" HPOS="794"/>
							<String ID="string_75" HPOS="807" VPOS="429" WIDTH="80" HEIGHT="21" WC="0.96" CONTENT="önskan"/><SP WIDTH="12" VPOS="429" HPOS="887"/>
							<String ID="string_76" HPOS="899" VPOS="435" WIDTH="33" HEIGHT="15" WC="0.97" CONTENT="om"/><SP WIDTH="13" VPOS="435" HPOS="932"/>
							<String ID="string_77" HPOS="945" VPOS="429" WIDTH="74" HEIGHT="21" WC="0.96" CONTENT="remiss"/>
						</TextLine>
						<TextLine ID="line_8" HPOS="193" VPOS="457" WIDTH="826" HEIGHT="27">
							<String ID="string_78" HPOS="193" VPOS="458" WIDTH="46" HEIGHT="21" WC="0.96" CONTENT="icke"/><SP WIDTH="16" VPOS="458" HPOS="239"/>
							<String ID="string_79" HPOS="255" VPOS="457" WIDTH="98" HEIGHT="27" WC="0.96" CONTENT="enhällig,"/><SP WIDTH="16" VPOS="457" HPOS="353"/>
							<String ID="string_80" HPOS="369" VPOS="458" WIDTH="27" HEIGHT="21" WC="0.96" CONTENT="då"/><SP WIDTH="15" VPOS="458" HPOS="396"/>
							<String ID="string_81" HPOS="411" VPOS="459" WIDTH="23" HEIGHT="20" WC="0.96" CONTENT="är"/><SP WIDTH="12" VPOS="459" HPOS="434"/>
							<String ID="string_82" HPOS="446" VPOS="457" WIDTH="36" HEIGHT="21" WC="0.96" CONTENT="det"/><SP WIDTH="16" VPOS="457" HPOS="482"/>
							<String ID="string_83" HPOS="498" VPOS="457" WIDTH="30" HEIGHT="21" WC="0.96" CONTENT="tid"/><SP WIDTH="16" VPOS="457" HPOS="528"/>
							<String ID="string_84" HPOS="544" VPOS="459" WIDTH="32" HEIGHT="19" WC="0.96" CONTENT="att"/><SP WIDTH="16" VPOS="459" HPOS="576"/>
							<String ID="string_85" HPOS="592" VPOS="457" WIDTH="78" HEIGHT="26" WC="0.96" CONTENT="begära"/><SP WIDTH="16" VPOS="457" HPOS="670"/>
							<String ID="string_86" HPOS="686" VPOS="457" WIDTH="153" HEIGHT="27" WC="0.96" CONTENT="bordläggning"/><SP WIDTH="16" VPOS="457" HPOS="839"/>
							<String ID="string_87" HPOS="855" VPOS="457" WIDTH="39" HEIGHT="22" WC="0.97" CONTENT="och"/><SP WIDTH="16" VPOS="457" HPOS="894"/>
							<String ID="string_88" HPOS="910" VPOS="457" WIDTH="27" HEIGHT="21" WC="0.96" CONTENT="då"/><SP WIDTH="14" VPOS="457" HPOS="937"/>
							<String ID="string_89" HPOS="951" VPOS="457" WIDTH="68" HEIGHT="20" WC="0.96" CONTENT="måste"/>
						</TextLine>
						<TextLine ID="line_9" HPOS="192" VPOS="485" WIDTH="827" HEIGHT="28">
							<String ID="string_90" HPOS="192" VPOS="486" WIDTH="75" HEIGHT="27" WC="0.93" CONTENT="frågan"/><SP WIDTH="23" VPOS="486" HPOS="267"/>
							<String ID="string_91" HPOS="290" VPOS="486" WIDTH="131" HEIGHT="27" WC="0.89" CONTENT="bordläggas,"/><SP WIDTH="21" VPOS="486" HPOS="421"/>
							<String ID="string_92" HPOS="442" VPOS="486" WIDTH="69" HEIGHT="21" WC="0.96" CONTENT="fastän"/><SP WIDTH="16" VPOS="486" HPOS="511"/>
							<String ID="string_93" HPOS="527" VPOS="486" WIDTH="64" HEIGHT="21" WC="0.96" CONTENT="också"/><SP WIDTH="16" VPOS="486" HPOS="591"/>
							<String ID="string_94" HPOS="607" VPOS="485" WIDTH="55" HEIGHT="22" WC="0.96" CONTENT="blott"/><SP WIDTH="15" VPOS="485" HPOS="662"/>
							<String ID="string_95" HPOS="677" VPOS="491" WIDTH="25" HEIGHT="16" WC="0.93" CONTENT="en"/><SP WIDTH="15" VPOS="491" HPOS="702"/>
							<String ID="string_96" HPOS="717" VPOS="485" WIDTH="166" HEIGHT="22" WC="0.91" CONTENT="ståndsmedlem"/><SP WIDTH="16" VPOS="485" HPOS="883"/>
							<String ID="string_97" HPOS="899" VPOS="485" WIDTH="67" HEIGHT="22" WC="0.92" CONTENT="skulle"/><SP WIDTH="15" VPOS="485" HPOS="966"/>
							<String ID="string_98" HPOS="981" VPOS="485" WIDTH="38" HEIGHT="22" WC="0.90" CONTENT="be-"/>
						</TextLine>
						<TextLine ID="line_10" HPOS="192" VPOS="515" WIDTH="106" HEIGHT="27">
							<String ID="string_99" HPOS="192" VPOS="517" WIDTH="49" HEIGHT="25" WC="0.92" CONTENT="gärt"/><SP WIDTH="15" VPOS="517" HPOS="241"/>
							<String ID="string_100" HPOS="256" VPOS="515" WIDTH="42" HEIGHT="21" WC="0.96" CONTENT="det."/>
						</TextLine>
					</TextBlock>
				</ComposedBlock>
				<ComposedBlock ID="cblock_5" HPOS="192" VPOS="582" WIDTH="826" HEIGHT="57">
					<TextBlock ID="block_3" HPOS="192" VPOS="582" WIDTH="826" HEIGHT="57">
						<TextLine ID="line_11" HPOS="262" VPOS="582" WIDTH="756" HEIGHT="28">
							<String ID="string_101" HPOS="262" VPOS="583" WIDTH="141" HEIGHT="27" WC="0.92" CONTENT="Domprosten"/><SP WIDTH="15" VPOS="583" HPOS="403"/>
							<String ID="string_102" HPOS="418" VPOS="583" WIDTH="82" HEIGHT="26" WC="0.96" CONTENT="Borg:"/><SP WIDTH="30" VPOS="583" HPOS="500"/>
							<String ID="string_103" HPOS="530" VPOS="582" WIDTH="33" HEIGHT="22" WC="0.94" CONTENT="Då"/><SP WIDTH="16" VPOS="582" HPOS="563"/>
							<String ID="string_104" HPOS="579" VPOS="583" WIDTH="78" HEIGHT="21" WC="0.93" CONTENT="doktor"/><SP WIDTH="15" VPOS="583" HPOS="657"/>
							<String ID="string_105" HPOS="672" VPOS="582" WIDTH="115" HEIGHT="28" WC="0.92" CONTENT="Hornborg"/><SP WIDTH="16" VPOS="582" HPOS="787"/>
							<String ID="string_106" HPOS="803" VPOS="583" WIDTH="39" HEIGHT="21" WC="0.96" CONTENT="har"/><SP WIDTH="10" VPOS="583" HPOS="842"/>
							<String ID="string_107" HPOS="852" VPOS="585" WIDTH="67" HEIGHT="25" WC="0.96" CONTENT="yttrat"/><SP WIDTH="14" VPOS="585" HPOS="919"/>
							<String ID="string_108" HPOS="933" VPOS="583" WIDTH="7" HEIGHT="21" WC="0.96" CONTENT="i"/><SP WIDTH="14" VPOS="583" HPOS="940"/>
							<String ID="string_109" HPOS="954" VPOS="583" WIDTH="64" HEIGHT="21" WC="0.96" CONTENT="saken"/>
						</TextLine>
						<TextLine ID="line_12" HPOS="192" VPOS="611" WIDTH="496" HEIGHT="28">
							<String ID="string_110" HPOS="192" VPOS="612" WIDTH="56" HEIGHT="21" WC="0.96" CONTENT="hvad"/><SP WIDTH="13" VPOS="612" HPOS="248"/>
							<String ID="string_111" HPOS="261" VPOS="612" WIDTH="37" HEIGHT="27" WC="0.96" CONTENT="jag"/><SP WIDTH="15" VPOS="612" HPOS="298"/>
							<String ID="string_112" HPOS="313" VPOS="611" WIDTH="98" HEIGHT="26" WC="0.93" CONTENT="önskade,"/><SP WIDTH="17" VPOS="611" HPOS="411"/>
							<String ID="string_113" HPOS="428" VPOS="611" WIDTH="65" HEIGHT="22" WC="0.91" CONTENT="afstår"/><SP WIDTH="13" VPOS="611" HPOS="493"/>
							<String ID="string_114" HPOS="506" VPOS="611" WIDTH="37" HEIGHT="27" WC="0.96" CONTENT="jag"/><SP WIDTH="14" VPOS="611" HPOS="543"/>
							<String ID="string_115" HPOS="557" VPOS="611" WIDTH="47" HEIGHT="22" WC="0.96" CONTENT="från"/><SP WIDTH="16" VPOS="611" HPOS="604"/>
							<String ID="string_116" HPOS="620" VPOS="611" WIDTH="68" HEIGHT="22" WC="0.96" CONTENT="ordet."/>
						</TextLine>
					</TextBlock>
				</ComposedBlock>
				<ComposedBlock ID="cblock_6" HPOS="191" VPOS="674" WIDTH="828" HEIGHT="199">
					<TextBlock ID="block_4" HPOS="191" VPOS="674" WIDTH="828" HEIGHT="199">
						<TextLine ID="line_13" HPOS="261" VPOS="674" WIDTH="757" HEIGHT="22">
							<String ID="string_117" HPOS="261" VPOS="675" WIDTH="120" HEIGHT="21" WC="0.96" CONTENT="Statsrådet"/><SP WIDTH="24" VPOS="675" HPOS="381"/>
							<String ID="string_118" HPOS="405" VPOS="674" WIDTH="146" HEIGHT="22" WC="0.96" CONTENT="Lindelöf:"/><SP WIDTH="30" VPOS="674" HPOS="551"/>
							<String ID="string_119" HPOS="581" VPOS="675" WIDTH="34" HEIGHT="20" WC="0.95" CONTENT="Då"/><SP WIDTH="21" VPOS="675" HPOS="615"/>
							<String ID="string_120" HPOS="636" VPOS="675" WIDTH="36" HEIGHT="20" WC="0.96" CONTENT="det"/><SP WIDTH="16" VPOS="675" HPOS="672"/>
							<String ID="string_121" HPOS="688" VPOS="676" WIDTH="23" HEIGHT="19" WC="0.96" CONTENT="är"/><SP WIDTH="15" VPOS="676" HPOS="711"/>
							<String ID="string_122" HPOS="726" VPOS="674" WIDTH="81" HEIGHT="22" WC="0.96" CONTENT="tillåtet"/><SP WIDTH="16" VPOS="674" HPOS="807"/>
							<String ID="string_123" HPOS="823" VPOS="677" WIDTH="32" HEIGHT="18" WC="0.96" CONTENT="att"/><SP WIDTH="14" VPOS="677" HPOS="855"/>
							<String ID="string_124" HPOS="869" VPOS="675" WIDTH="107" HEIGHT="20" WC="0.96" CONTENT="remittera"/><SP WIDTH="16" VPOS="675" HPOS="976"/>
							<String ID="string_125" HPOS="992" VPOS="680" WIDTH="26" HEIGHT="15" WC="0.95" CONTENT="en"/>
						</TextLine>
						<TextLine ID="line_14" HPOS="191" VPOS="702" WIDTH="827" HEIGHT="28">
							<String ID="string_126" HPOS="191" VPOS="703" WIDTH="91" HEIGHT="27" WC="0.96" CONTENT="petition"/><SP WIDTH="22" VPOS="703" HPOS="282"/>
							<String ID="string_127" HPOS="304" VPOS="702" WIDTH="46" HEIGHT="22" WC="0.93" CONTENT="icke"/><SP WIDTH="21" VPOS="702" HPOS="350"/>
							<String ID="string_128" HPOS="371" VPOS="702" WIDTH="89" HEIGHT="22" WC="0.90" CONTENT="allenast"/><SP WIDTH="22" VPOS="702" HPOS="460"/>
							<String ID="string_129" HPOS="482" VPOS="702" WIDTH="32" HEIGHT="22" WC="0.92" CONTENT="till"/><SP WIDTH="23" VPOS="702" HPOS="514"/>
							<String ID="string_130" HPOS="537" VPOS="702" WIDTH="92" HEIGHT="22" WC="0.91" CONTENT="enskildt"/><SP WIDTH="22" VPOS="702" HPOS="629"/>
							<String ID="string_131" HPOS="651" VPOS="702" WIDTH="177" HEIGHT="23" WC="0.91" CONTENT="besvärsutskott,"/><SP WIDTH="16" VPOS="702" HPOS="828"/>
							<String ID="string_132" HPOS="844" VPOS="705" WIDTH="50" HEIGHT="19" WC="0.96" CONTENT="utan"/><SP WIDTH="17" VPOS="705" HPOS="894"/>
							<String ID="string_133" HPOS="911" VPOS="702" WIDTH="60" HEIGHT="22" WC="0.95" CONTENT="äfven"/><SP WIDTH="16" VPOS="702" HPOS="971"/>
							<String ID="string_134" HPOS="987" VPOS="702" WIDTH="31" HEIGHT="21" WC="0.95" CONTENT="till"/>
						</TextLine>
						<TextLine ID="line_15" HPOS="192" VPOS="731" WIDTH="827" HEIGHT="27">
							<String ID="string_135" HPOS="192" VPOS="732" WIDTH="89" HEIGHT="22" WC="0.96" CONTENT="allmänt"/><SP WIDTH="22" VPOS="732" HPOS="281"/>
							<String ID="string_136" HPOS="303" VPOS="731" WIDTH="88" HEIGHT="27" WC="0.96" CONTENT="utskott,"/><SP WIDTH="23" VPOS="731" HPOS="391"/>
							<String ID="string_137" HPOS="414" VPOS="732" WIDTH="22" HEIGHT="21" WC="0.96" CONTENT="så"/><SP WIDTH="16" VPOS="732" HPOS="436"/>
							<String ID="string_138" HPOS="452" VPOS="731" WIDTH="60" HEIGHT="21" WC="0.96" CONTENT="torde"/><SP WIDTH="16" VPOS="731" HPOS="512"/>
							<String ID="string_139" HPOS="528" VPOS="731" WIDTH="36" HEIGHT="21" WC="0.96" CONTENT="det"/><SP WIDTH="16" VPOS="731" HPOS="564"/>
							<String ID="string_140" HPOS="580" VPOS="731" WIDTH="6" HEIGHT="21" WC="0.96" CONTENT="i"/><SP WIDTH="16" VPOS="731" HPOS="586"/>
							<String ID="string_141" HPOS="602" VPOS="732" WIDTH="77" HEIGHT="26" WC="0.96" CONTENT="många"/><SP WIDTH="15" VPOS="732" HPOS="679"/>
							<String ID="string_142" HPOS="694" VPOS="731" WIDTH="36" HEIGHT="21" WC="0.95" CONTENT="fall"/><SP WIDTH="15" VPOS="731" HPOS="730"/>
							<String ID="string_143" HPOS="745" VPOS="731" WIDTH="65" HEIGHT="21" WC="0.95" CONTENT="blifva"/><SP WIDTH="15" VPOS="731" HPOS="810"/>
							<String ID="string_144" HPOS="825" VPOS="732" WIDTH="58" HEIGHT="20" WC="0.96" CONTENT="svårt"/><SP WIDTH="15" VPOS="732" HPOS="883"/>
							<String ID="string_145" HPOS="898" VPOS="733" WIDTH="32" HEIGHT="19" WC="0.96" CONTENT="att"/><SP WIDTH="15" VPOS="733" HPOS="930"/>
							<String ID="string_146" HPOS="945" VPOS="732" WIDTH="74" HEIGHT="26" WC="0.96" CONTENT="genast"/>
						</TextLine>
						<TextLine ID="line_16" HPOS="191" VPOS="759" WIDTH="827" HEIGHT="26">
							<String ID="string_147" HPOS="191" VPOS="760" WIDTH="84" HEIGHT="22" WC="0.96" CONTENT="besluta"/><SP WIDTH="22" VPOS="760" HPOS="275"/>
							<String ID="string_148" HPOS="297" VPOS="766" WIDTH="34" HEIGHT="15" WC="0.95" CONTENT="om"/><SP WIDTH="23" VPOS="766" HPOS="331"/>
							<String ID="string_149" HPOS="354" VPOS="760" WIDTH="78" HEIGHT="25" WC="0.95" CONTENT="remiss,"/><SP WIDTH="24" VPOS="760" HPOS="432"/>
							<String ID="string_150" HPOS="456" VPOS="760" WIDTH="88" HEIGHT="21" WC="0.96" CONTENT="emedan"/><SP WIDTH="23" VPOS="760" HPOS="544"/>
							<String ID="string_151" HPOS="567" VPOS="760" WIDTH="36" HEIGHT="21" WC="0.96" CONTENT="det"/><SP WIDTH="21" VPOS="760" HPOS="603"/>
							<String ID="string_152" HPOS="624" VPOS="760" WIDTH="27" HEIGHT="21" WC="0.96" CONTENT="då"/><SP WIDTH="21" VPOS="760" HPOS="651"/>
							<String ID="string_153" HPOS="672" VPOS="759" WIDTH="59" HEIGHT="22" WC="0.96" CONTENT="äfven"/><SP WIDTH="24" VPOS="759" HPOS="731"/>
							<String ID="string_154" HPOS="755" VPOS="759" WIDTH="67" HEIGHT="22" WC="0.96" CONTENT="borde"/><SP WIDTH="15" VPOS="759" HPOS="822"/>
							<String ID="string_155" HPOS="837" VPOS="760" WIDTH="133" HEIGHT="23" WC="0.96" CONTENT="bestämmas,"/><SP WIDTH="16" VPOS="760" HPOS="970"/>
							<String ID="string_156" HPOS="986" VPOS="759" WIDTH="32" HEIGHT="21" WC="0.96" CONTENT="till"/>
						</TextLine>
						<TextLine ID="line_17" HPOS="191" VPOS="788" WIDTH="828" HEIGHT="27">
							<String ID="string_157" HPOS="191" VPOS="788" WIDTH="81" HEIGHT="22" WC="0.96" CONTENT="hvilket"/><SP WIDTH="18" VPOS="788" HPOS="272"/>
							<String ID="string_158" HPOS="290" VPOS="788" WIDTH="23" HEIGHT="22" WC="0.96" CONTENT="af"/><SP WIDTH="22" VPOS="788" HPOS="313"/>
							<String ID="string_159" HPOS="335" VPOS="788" WIDTH="25" HEIGHT="22" WC="0.96" CONTENT="de"/><SP WIDTH="16" VPOS="788" HPOS="360"/>
							<String ID="string_160" HPOS="376" VPOS="789" WIDTH="74" HEIGHT="26" WC="0.96" CONTENT="många"/><SP WIDTH="15" VPOS="789" HPOS="450"/>
							<String ID="string_161" HPOS="465" VPOS="788" WIDTH="110" HEIGHT="22" WC="0.93" CONTENT="utskotten"/><SP WIDTH="16" VPOS="788" HPOS="575"/>
							<String ID="string_162" HPOS="591" VPOS="788" WIDTH="116" HEIGHT="27" WC="0.92" CONTENT="petitionen"/><SP WIDTH="16" VPOS="788" HPOS="707"/>
							<String ID="string_163" HPOS="723" VPOS="788" WIDTH="55" HEIGHT="22" WC="0.96" CONTENT="skall"/><SP WIDTH="15" VPOS="788" HPOS="778"/>
							<String ID="string_164" HPOS="793" VPOS="788" WIDTH="126" HEIGHT="22" WC="0.65" CONTENT="remitteras."/><SP WIDTH="30" VPOS="788" HPOS="919"/>
							<String ID="string_165" HPOS="949" VPOS="788" WIDTH="70" HEIGHT="21" WC="0.93" CONTENT="Alltså"/>
						</TextLine>
						<TextLine ID="line_18" HPOS="191" VPOS="816" WIDTH="827" HEIGHT="28">
							<String ID="string_166" HPOS="191" VPOS="824" WIDTH="62" HEIGHT="15" WC="0.96" CONTENT="anser"/><SP WIDTH="20" VPOS="824" HPOS="253"/>
							<String ID="string_167" HPOS="273" VPOS="817" WIDTH="38" HEIGHT="27" WC="0.96" CONTENT="jag"/><SP WIDTH="21" VPOS="817" HPOS="311"/>
							<String ID="string_168" HPOS="332" VPOS="819" WIDTH="31" HEIGHT="19" WC="0.93" CONTENT="att"/><SP WIDTH="24" VPOS="819" HPOS="363"/>
							<String ID="string_169" HPOS="387" VPOS="816" WIDTH="153" HEIGHT="28" WC="0.92" CONTENT="bordlägnning"/><SP WIDTH="19" VPOS="816" HPOS="540"/>
							<String ID="string_170" HPOS="559" VPOS="816" WIDTH="22" HEIGHT="22" WC="0.93" CONTENT="af"/><SP WIDTH="14" VPOS="816" HPOS="581"/>
							<String ID="string_171" HPOS="595" VPOS="816" WIDTH="116" HEIGHT="28" WC="0.92" CONTENT="petitionen"/><SP WIDTH="15" VPOS="816" HPOS="711"/>
							<String ID="string_172" HPOS="726" VPOS="817" WIDTH="7" HEIGHT="21" WC="0.96" CONTENT="i"/><SP WIDTH="15" VPOS="817" HPOS="733"/>
							<String ID="string_173" HPOS="748" VPOS="816" WIDTH="73" HEIGHT="28" WC="0.96" CONTENT="hvarje"/><SP WIDTH="16" VPOS="816" HPOS="821"/>
							<String ID="string_174" HPOS="837" VPOS="816" WIDTH="100" HEIGHT="22" WC="0.96" CONTENT="händelse"/><SP WIDTH="16" VPOS="816" HPOS="937"/>
							<String ID="string_175" HPOS="953" VPOS="816" WIDTH="65" HEIGHT="22" WC="0.96" CONTENT="borde"/>
						</TextLine>
						<TextLine ID="line_19" HPOS="191" VPOS="852" WIDTH="109" HEIGHT="21">
							<String ID="string_176" HPOS="191" VPOS="852" WIDTH="39" HEIGHT="21" WC="0.93" CONTENT="ega"/><SP WIDTH="17" VPOS="852" HPOS="230"/>
							<String ID="string_177" HPOS="247" VPOS="852" WIDTH="53" HEIGHT="15" WC="0.96" CONTENT="rum."/>
						</TextLine>
					</TextBlock>
				</ComposedBlock>
				<ComposedBlock ID="cblock_7" HPOS="188" VPOS="907" WIDTH="830" HEIGHT="118">
					<TextBlock ID="block_5" HPOS="188" VPOS="907" WIDTH="830" HEIGHT="114">
						<TextLine ID="line_20" HPOS="260" VPOS="907" WIDTH="758" HEIGHT="27">
							<String ID="string_178" HPOS="260" VPOS="908" WIDTH="142" HEIGHT="26" WC="0.92" CONTENT="Domprosten"/><SP WIDTH="22" VPOS="908" HPOS="402"/>
							<String ID="string_179" HPOS="424" VPOS="908" WIDTH="81" HEIGHT="26" WC="0.94" CONTENT="Borg:"/><SP WIDTH="31" VPOS="908" HPOS="505"/>
							<String ID="string_180" HPOS="536" VPOS="908" WIDTH="41" HEIGHT="26" WC="0.94" CONTENT="Jag"/><SP WIDTH="15" VPOS="908" HPOS="577"/>
							<String ID="string_181" HPOS="592" VPOS="914" WIDTH="62" HEIGHT="15" WC="0.96" CONTENT="anser"/><SP WIDTH="15" VPOS="914" HPOS="654"/>
							<String ID="string_182" HPOS="669" VPOS="910" WIDTH="38" HEIGHT="24" WC="0.96" CONTENT="att,"/><SP WIDTH="16" VPOS="910" HPOS="707"/>
							<String ID="string_183" HPOS="723" VPOS="914" WIDTH="34" HEIGHT="15" WC="0.95" CONTENT="om"/><SP WIDTH="18" VPOS="914" HPOS="757"/>
							<String ID="string_184" HPOS="775" VPOS="914" WIDTH="25" HEIGHT="15" WC="0.93" CONTENT="en"/><SP WIDTH="16" VPOS="914" HPOS="800"/>
							<String ID="string_185" HPOS="816" VPOS="908" WIDTH="73" HEIGHT="21" WC="0.92" CONTENT="remiss"/><SP WIDTH="16" VPOS="908" HPOS="889"/>
							<String ID="string_186" HPOS="905" VPOS="908" WIDTH="53" HEIGHT="21" WC="0.93" CONTENT="skall"/><SP WIDTH="15" VPOS="908" HPOS="958"/>
							<String ID="string_187" HPOS="973" VPOS="907" WIDTH="45" HEIGHT="27" WC="0.93" CONTENT="ske,"/>
						</TextLine>
						<TextLine ID="line_21" HPOS="191" VPOS="936" WIDTH="827" HEIGHT="27">
							<String ID="string_188" HPOS="191" VPOS="937" WIDTH="23" HEIGHT="21" WC="0.96" CONTENT="sä"/><SP WIDTH="11" VPOS="937" HPOS="214"/>
							<String ID="string_189" HPOS="225" VPOS="936" WIDTH="40" HEIGHT="22" WC="0.96" CONTENT="bör"/><SP WIDTH="16" VPOS="936" HPOS="265"/>
							<String ID="string_190" HPOS="281" VPOS="943" WIDTH="48" HEIGHT="15" WC="0.93" CONTENT="man"/><SP WIDTH="16" VPOS="943" HPOS="329"/>
							<String ID="string_191" HPOS="345" VPOS="937" WIDTH="63" HEIGHT="21" WC="0.93" CONTENT="ocksä"/><SP WIDTH="14" VPOS="937" HPOS="408"/>
							<String ID="string_192" HPOS="422" VPOS="938" WIDTH="56" HEIGHT="25" WC="0.90" CONTENT="säga,"/><SP WIDTH="16" VPOS="938" HPOS="478"/>
							<String ID="string_193" HPOS="494" VPOS="936" WIDTH="62" HEIGHT="22" WC="0.93" CONTENT="hvart"/><SP WIDTH="16" VPOS="936" HPOS="556"/>
							<String ID="string_194" HPOS="572" VPOS="936" WIDTH="40" HEIGHT="22" WC="0.96" CONTENT="den"/><SP WIDTH="15" VPOS="936" HPOS="612"/>
							<String ID="string_195" HPOS="627" VPOS="936" WIDTH="54" HEIGHT="22" WC="0.93" CONTENT="skall"/><SP WIDTH="16" VPOS="936" HPOS="681"/>
							<String ID="string_196" HPOS="697" VPOS="936" WIDTH="126" HEIGHT="22" WC="0.92" CONTENT="remitteras."/><SP WIDTH="32" VPOS="936" HPOS="823"/>
							<String ID="string_197" HPOS="855" VPOS="936" WIDTH="86" HEIGHT="22" WC="0.89" CONTENT="Säledes"/><SP WIDTH="15" VPOS="936" HPOS="941"/>
							<String ID="string_198" HPOS="956" VPOS="942" WIDTH="62" HEIGHT="16" WC="0.96" CONTENT="anser"/>
						</TextLine>
						<TextLine ID="line_22" HPOS="188" VPOS="964" WIDTH="830" HEIGHT="28">
							<String ID="string_199" HPOS="188" VPOS="965" WIDTH="37" HEIGHT="27" WC="0.87" CONTENT="jag"/><SP WIDTH="22" VPOS="965" HPOS="225"/>
							<String ID="string_200" HPOS="247" VPOS="965" WIDTH="116" HEIGHT="21" WC="0.91" CONTENT="statsrådet"/><SP WIDTH="22" VPOS="965" HPOS="363"/>
							<String ID="string_201" HPOS="385" VPOS="965" WIDTH="106" HEIGHT="21" WC="0.89" CONTENT="Lindelöfs"/><SP WIDTH="23" VPOS="965" HPOS="491"/>
							<String ID="string_202" HPOS="514" VPOS="965" WIDTH="138" HEIGHT="27" WC="0.96" CONTENT="anmärkning"/><SP WIDTH="24" VPOS="965" HPOS="652"/>
							<String ID="string_203" HPOS="676" VPOS="965" WIDTH="17" HEIGHT="27" WC="0.94" CONTENT="ej"/><SP WIDTH="24" VPOS="965" HPOS="693"/>
							<String ID="string_204" HPOS="717" VPOS="971" WIDTH="50" HEIGHT="15" WC="0.96" CONTENT="vara"/><SP WIDTH="16" VPOS="971" HPOS="767"/>
							<String ID="string_205" HPOS="783" VPOS="964" WIDTH="23" HEIGHT="22" WC="0.93" CONTENT="af"/><SP WIDTH="14" VPOS="964" HPOS="806"/>
							<String ID="string_206" HPOS="820" VPOS="966" WIDTH="68" HEIGHT="26" WC="0.93" CONTENT="någon"/><SP WIDTH="16" VPOS="966" HPOS="888"/>
							<String ID="string_207" HPOS="904" VPOS="964" WIDTH="114" HEIGHT="28" WC="0.92" CONTENT="afgörande"/>
						</TextLine>
						<TextLine ID="line_23" HPOS="190" VPOS="989" WIDTH="233" HEIGHT="36">
							<String ID="string_208" HPOS="190" VPOS="989" WIDTH="115" HEIGHT="36" WC="0.96" CONTENT="betydelse."/><SP WIDTH="116" VPOS="989" HPOS="305"/>
							<String ID="string_209" HPOS="421" VPOS="1006" WIDTH="2" HEIGHT="2" WC="0.73" CONTENT=":"/>
						</TextLine>
					</TextBlock>
				</ComposedBlock>
				<ComposedBlock ID="cblock_8" HPOS="189" VPOS="1061" WIDTH="827" HEIGHT="199">
					<TextBlock ID="block_6" HPOS="189" VPOS="1061" WIDTH="827" HEIGHT="199">
						<TextLine ID="line_24" HPOS="259" VPOS="1061" WIDTH="757" HEIGHT="27">
							<String ID="string_210" HPOS="259" VPOS="1061" WIDTH="110" HEIGHT="22" WC="0.96" CONTENT="Professor"/><SP WIDTH="16" VPOS="1061" HPOS="369"/>
							<String ID="string_211" HPOS="385" VPOS="1061" WIDTH="90" HEIGHT="22" WC="0.96" CONTENT="Cleve:"/><SP WIDTH="24" VPOS="1061" HPOS="475"/>
							<String ID="string_212" HPOS="499" VPOS="1062" WIDTH="40" HEIGHT="26" WC="0.96" CONTENT="Jag"/><SP WIDTH="15" VPOS="1062" HPOS="539"/>
							<String ID="string_213" HPOS="554" VPOS="1062" WIDTH="39" HEIGHT="21" WC="0.96" CONTENT="har"/><SP WIDTH="16" VPOS="1062" HPOS="593"/>
							<String ID="string_214" HPOS="609" VPOS="1062" WIDTH="74" HEIGHT="26" WC="0.96" CONTENT="begärt"/><SP WIDTH="15" VPOS="1062" HPOS="683"/>
							<String ID="string_215" HPOS="698" VPOS="1062" WIDTH="61" HEIGHT="21" WC="0.96" CONTENT="ordet"/><SP WIDTH="16" VPOS="1062" HPOS="759"/>
							<String ID="string_216" HPOS="775" VPOS="1062" WIDTH="74" HEIGHT="21" WC="0.96" CONTENT="endast"/><SP WIDTH="16" VPOS="1062" HPOS="849"/>
							<String ID="string_217" HPOS="865" VPOS="1061" WIDTH="33" HEIGHT="21" WC="0.96" CONTENT="för"/><SP WIDTH="15" VPOS="1061" HPOS="898"/>
							<String ID="string_218" HPOS="913" VPOS="1063" WIDTH="32" HEIGHT="20" WC="0.93" CONTENT="att"/><SP WIDTH="15" VPOS="1063" HPOS="945"/>
							<String ID="string_219" HPOS="960" VPOS="1061" WIDTH="56" HEIGHT="21" WC="0.92" CONTENT="hem-"/>
						</TextLine>
						<TextLine ID="line_25" HPOS="190" VPOS="1090" WIDTH="826" HEIGHT="27">
							<String ID="string_220" HPOS="190" VPOS="1090" WIDTH="69" HEIGHT="23" WC="0.96" CONTENT="ställa,"/><SP WIDTH="17" VPOS="1090" HPOS="259"/>
							<String ID="string_221" HPOS="276" VPOS="1090" WIDTH="103" HEIGHT="22" WC="0.96" CONTENT="huruvida"/><SP WIDTH="16" VPOS="1090" HPOS="379"/>
							<String ID="string_222" HPOS="395" VPOS="1091" WIDTH="35" HEIGHT="21" WC="0.96" CONTENT="det"/><SP WIDTH="15" VPOS="1091" HPOS="430"/>
							<String ID="string_223" HPOS="445" VPOS="1092" WIDTH="23" HEIGHT="19" WC="0.96" CONTENT="är"/><SP WIDTH="15" VPOS="1092" HPOS="468"/>
							<String ID="string_224" HPOS="483" VPOS="1090" WIDTH="97" HEIGHT="27" WC="0.96" CONTENT="lämpligt"/><SP WIDTH="15" VPOS="1090" HPOS="580"/>
							<String ID="string_225" HPOS="595" VPOS="1093" WIDTH="32" HEIGHT="19" WC="0.96" CONTENT="att"/><SP WIDTH="16" VPOS="1093" HPOS="627"/>
							<String ID="string_226" HPOS="643" VPOS="1090" WIDTH="39" HEIGHT="22" WC="0.96" CONTENT="här"/><SP WIDTH="15" VPOS="1090" HPOS="682"/>
							<String ID="string_227" HPOS="697" VPOS="1090" WIDTH="108" HEIGHT="22" WC="0.96" CONTENT="diskutera"/><SP WIDTH="16" VPOS="1090" HPOS="805"/>
							<String ID="string_228" HPOS="821" VPOS="1090" WIDTH="140" HEIGHT="27" WC="0.96" CONTENT="principfråga"/><SP WIDTH="15" VPOS="1090" HPOS="961"/>
							<String ID="string_229" HPOS="976" VPOS="1090" WIDTH="40" HEIGHT="21" WC="0.96" CONTENT="och"/>
						</TextLine>
						<TextLine ID="line_26" HPOS="190" VPOS="1118" WIDTH="826" HEIGHT="28">
							<String ID="string_230" HPOS="190" VPOS="1120" WIDTH="18" HEIGHT="26" WC="0.96" CONTENT="ej"/><SP WIDTH="20" VPOS="1120" HPOS="208"/>
							<String ID="string_231" HPOS="228" VPOS="1120" WIDTH="41" HEIGHT="20" WC="0.96" CONTENT="den"/><SP WIDTH="22" VPOS="1120" HPOS="269"/>
							<String ID="string_232" HPOS="291" VPOS="1119" WIDTH="66" HEIGHT="26" WC="0.95" CONTENT="fråga,"/><SP WIDTH="16" VPOS="1119" HPOS="357"/>
							<String ID="string_233" HPOS="373" VPOS="1125" WIDTH="45" HEIGHT="15" WC="0.96" CONTENT="som"/><SP WIDTH="16" VPOS="1125" HPOS="418"/>
							<String ID="string_234" HPOS="434" VPOS="1121" WIDTH="23" HEIGHT="18" WC="0.96" CONTENT="är"/><SP WIDTH="15" VPOS="1121" HPOS="457"/>
							<String ID="string_235" HPOS="472" VPOS="1119" WIDTH="32" HEIGHT="20" WC="0.96" CONTENT="för"/><SP WIDTH="15" VPOS="1119" HPOS="504"/>
							<String ID="string_236" HPOS="519" VPOS="1119" WIDTH="89" HEIGHT="21" WC="0.96" CONTENT="handen."/><SP WIDTH="32" VPOS="1119" HPOS="608"/>
							<String ID="string_237" HPOS="640" VPOS="1119" WIDTH="42" HEIGHT="21" WC="0.96" CONTENT="Det"/><SP WIDTH="14" VPOS="1119" HPOS="682"/>
							<String ID="string_238" HPOS="696" VPOS="1119" WIDTH="67" HEIGHT="26" WC="0.96" CONTENT="gäller"/><SP WIDTH="15" VPOS="1119" HPOS="763"/>
							<String ID="string_239" HPOS="778" VPOS="1125" WIDTH="29" HEIGHT="14" WC="0.96" CONTENT="nu"/><SP WIDTH="16" VPOS="1125" HPOS="807"/>
							<String ID="string_240" HPOS="823" VPOS="1119" WIDTH="75" HEIGHT="21" WC="0.96" CONTENT="endast"/><SP WIDTH="15" VPOS="1119" HPOS="898"/>
							<String ID="string_241" HPOS="913" VPOS="1118" WIDTH="103" HEIGHT="21" WC="0.96" CONTENT="huruvida"/>
						</TextLine>
						<TextLine ID="line_27" HPOS="190" VPOS="1147" WIDTH="826" HEIGHT="27">
							<String ID="string_242" HPOS="190" VPOS="1147" WIDTH="69" HEIGHT="22" WC="0.96" CONTENT="denna"/><SP WIDTH="22" VPOS="1147" HPOS="259"/>
							<String ID="string_243" HPOS="281" VPOS="1147" WIDTH="60" HEIGHT="26" WC="0.96" CONTENT="fråga"/><SP WIDTH="22" VPOS="1147" HPOS="341"/>
							<String ID="string_244" HPOS="363" VPOS="1147" WIDTH="53" HEIGHT="21" WC="0.93" CONTENT="skall"/><SP WIDTH="23" VPOS="1147" HPOS="416"/>
							<String ID="string_245" HPOS="439" VPOS="1147" WIDTH="127" HEIGHT="27" WC="0.92" CONTENT="bordläggas"/><SP WIDTH="20" VPOS="1147" HPOS="566"/>
							<String ID="string_246" HPOS="586" VPOS="1147" WIDTH="51" HEIGHT="22" WC="0.96" CONTENT="eller"/><SP WIDTH="15" VPOS="1147" HPOS="637"/>
							<String ID="string_247" HPOS="652" VPOS="1147" WIDTH="26" HEIGHT="27" WC="0.95" CONTENT="ej."/><SP WIDTH="31" VPOS="1147" HPOS="678"/>
							<String ID="string_248" HPOS="709" VPOS="1147" WIDTH="90" HEIGHT="21" WC="0.96" CONTENT="Prosten"/><SP WIDTH="16" VPOS="1147" HPOS="799"/>
							<String ID="string_249" HPOS="815" VPOS="1147" WIDTH="59" HEIGHT="27" WC="0.96" CONTENT="Hjelt"/><SP WIDTH="15" VPOS="1147" HPOS="874"/>
							<String ID="string_250" HPOS="889" VPOS="1147" WIDTH="38" HEIGHT="21" WC="0.96" CONTENT="har"/><SP WIDTH="15" VPOS="1147" HPOS="927"/>
							<String ID="string_251" HPOS="942" VPOS="1147" WIDTH="74" HEIGHT="26" WC="0.96" CONTENT="begärt"/>
						</TextLine>
						<TextLine ID="line_28" HPOS="189" VPOS="1175" WIDTH="826" HEIGHT="28">
							<String ID="string_252" HPOS="189" VPOS="1176" WIDTH="159" HEIGHT="27" WC="0.95" CONTENT="bordläggning,"/><SP WIDTH="24" VPOS="1176" HPOS="348"/>
							<String ID="string_253" HPOS="372" VPOS="1175" WIDTH="35" HEIGHT="22" WC="0.96" CONTENT="det"/><SP WIDTH="21" VPOS="1175" HPOS="407"/>
							<String ID="string_254" HPOS="428" VPOS="1175" WIDTH="34" HEIGHT="21" WC="0.96" CONTENT="vill"/><SP WIDTH="23" VPOS="1175" HPOS="462"/>
							<String ID="string_255" HPOS="485" VPOS="1178" WIDTH="57" HEIGHT="24" WC="0.95" CONTENT="säga,"/><SP WIDTH="23" VPOS="1178" HPOS="542"/>
							<String ID="string_256" HPOS="565" VPOS="1176" WIDTH="41" HEIGHT="21" WC="0.96" CONTENT="han"/><SP WIDTH="23" VPOS="1176" HPOS="606"/>
							<String ID="string_257" HPOS="629" VPOS="1175" WIDTH="39" HEIGHT="22" WC="0.92" CONTENT="har"/><SP WIDTH="23" VPOS="1175" HPOS="668"/>
							<String ID="string_258" HPOS="691" VPOS="1175" WIDTH="60" HEIGHT="28" WC="0.92" CONTENT="gifvit"/><SP WIDTH="16" VPOS="1175" HPOS="751"/>
							<String ID="string_259" HPOS="767" VPOS="1175" WIDTH="110" HEIGHT="26" WC="0.96" CONTENT="tillkänna,"/><SP WIDTH="16" VPOS="1175" HPOS="877"/>
							<String ID="string_260" HPOS="893" VPOS="1177" WIDTH="32" HEIGHT="20" WC="0.96" CONTENT="att"/><SP WIDTH="14" VPOS="1177" HPOS="925"/>
							<String ID="string_261" HPOS="939" VPOS="1175" WIDTH="42" HEIGHT="22" WC="0.95" CONTENT="han"/><SP WIDTH="15" VPOS="1175" HPOS="981"/>
							<String ID="string_262" HPOS="996" VPOS="1175" WIDTH="19" HEIGHT="26" WC="0.95" CONTENT="ej"/>
						</TextLine>
						<TextLine ID="line_29" HPOS="189" VPOS="1204" WIDTH="827" HEIGHT="28">
							<String ID="string_263" HPOS="189" VPOS="1211" WIDTH="28" HEIGHT="14" WC="0.96" CONTENT="nu"/><SP WIDTH="23" VPOS="1211" HPOS="217"/>
							<String ID="string_264" HPOS="240" VPOS="1205" WIDTH="41" HEIGHT="21" WC="0.96" CONTENT="kan"/><SP WIDTH="21" VPOS="1205" HPOS="281"/>
							<String ID="string_265" HPOS="302" VPOS="1206" WIDTH="57" HEIGHT="26" WC="0.96" CONTENT="yttra"/><SP WIDTH="22" VPOS="1206" HPOS="359"/>
							<String ID="string_266" HPOS="381" VPOS="1204" WIDTH="37" HEIGHT="27" WC="0.95" CONTENT="sig,"/><SP WIDTH="22" VPOS="1204" HPOS="418"/>
							<String ID="string_267" HPOS="440" VPOS="1204" WIDTH="38" HEIGHT="21" WC="0.96" CONTENT="och"/><SP WIDTH="16" VPOS="1204" HPOS="478"/>
							<String ID="string_268" HPOS="494" VPOS="1205" WIDTH="87" HEIGHT="21" WC="0.96" CONTENT="dermed"/><SP WIDTH="15" VPOS="1205" HPOS="581"/>
							<String ID="string_269" HPOS="596" VPOS="1205" WIDTH="74" HEIGHT="26" WC="0.96" CONTENT="tycker"/><SP WIDTH="12" VPOS="1205" HPOS="670"/>
							<String ID="string_270" HPOS="682" VPOS="1205" WIDTH="43" HEIGHT="26" WC="0.96" CONTENT="jag,"/><SP WIDTH="16" VPOS="1205" HPOS="725"/>
							<String ID="string_271" HPOS="741" VPOS="1206" WIDTH="32" HEIGHT="19" WC="0.96" CONTENT="att"/><SP WIDTH="15" VPOS="1206" HPOS="773"/>
							<String ID="string_272" HPOS="788" VPOS="1204" WIDTH="65" HEIGHT="21" WC="0.96" CONTENT="saken"/><SP WIDTH="16" VPOS="1204" HPOS="853"/>
							<String ID="string_273" HPOS="869" VPOS="1210" WIDTH="28" HEIGHT="15" WC="0.96" CONTENT="nu"/><SP WIDTH="15" VPOS="1210" HPOS="897"/>
							<String ID="string_274" HPOS="912" VPOS="1204" WIDTH="39" HEIGHT="21" WC="0.96" CONTENT="bör"/><SP WIDTH="15" VPOS="1204" HPOS="951"/>
							<String ID="string_275" HPOS="966" VPOS="1210" WIDTH="50" HEIGHT="15" WC="0.96" CONTENT="vara"/>
						</TextLine>
						<TextLine ID="line_30" HPOS="189" VPOS="1233" WIDTH="88" HEIGHT="27">
							<String ID="string_276" HPOS="189" VPOS="1233" WIDTH="88" HEIGHT="27" WC="0.90" CONTENT="afgjord."/>
						</TextLine>
					</TextBlock>
				</ComposedBlock>
				<ComposedBlock ID="cblock_9" HPOS="186" VPOS="1300" WIDTH="830" HEIGHT="228">
					<TextBlock ID="block_7" HPOS="186" VPOS="1300" WIDTH="830" HEIGHT="228">
						<TextLine ID="line_31" HPOS="258" VPOS="1300" WIDTH="757" HEIGHT="29">
							<String ID="string_277" HPOS="258" VPOS="1302" WIDTH="83" HEIGHT="21" WC="0.92" CONTENT="Doktor"/><SP WIDTH="22" VPOS="1302" HPOS="341"/>
							<String ID="string_278" HPOS="363" VPOS="1301" WIDTH="157" HEIGHT="28" WC="0.92" CONTENT="Hornborg:"/><SP WIDTH="30" VPOS="1301" HPOS="520"/>
							<String ID="string_279" HPOS="550" VPOS="1302" WIDTH="41" HEIGHT="26" WC="0.96" CONTENT="Jag"/><SP WIDTH="18" VPOS="1302" HPOS="591"/>
							<String ID="string_280" HPOS="609" VPOS="1301" WIDTH="68" HEIGHT="22" WC="0.96" CONTENT="skulle"/><SP WIDTH="15" VPOS="1301" HPOS="677"/>
							<String ID="string_281" HPOS="692" VPOS="1301" WIDTH="52" HEIGHT="28" WC="0.96" CONTENT="yrka"/><SP WIDTH="15" VPOS="1301" HPOS="744"/>
							<String ID="string_282" HPOS="759" VPOS="1301" WIDTH="28" HEIGHT="27" WC="0.96" CONTENT="på"/><SP WIDTH="16" VPOS="1301" HPOS="787"/>
							<String ID="string_283" HPOS="803" VPOS="1303" WIDTH="32" HEIGHT="20" WC="0.96" CONTENT="att"/><SP WIDTH="15" VPOS="1303" HPOS="835"/>
							<String ID="string_284" HPOS="850" VPOS="1301" WIDTH="36" HEIGHT="22" WC="0.96" CONTENT="det"/><SP WIDTH="14" VPOS="1301" HPOS="886"/>
							<String ID="string_285" HPOS="900" VPOS="1301" WIDTH="7" HEIGHT="20" WC="0.96" CONTENT="i"/><SP WIDTH="16" VPOS="1301" HPOS="907"/>
							<String ID="string_286" HPOS="923" VPOS="1300" WIDTH="92" HEIGHT="27" WC="0.95" CONTENT="enlighet"/>
						</TextLine>
						<TextLine ID="line_32" HPOS="188" VPOS="1328" WIDTH="827" HEIGHT="29">
							<String ID="string_287" HPOS="188" VPOS="1330" WIDTH="48" HEIGHT="21" WC="0.89" CONTENT="med"/><SP WIDTH="23" VPOS="1330" HPOS="236"/>
							<String ID="string_288" HPOS="259" VPOS="1330" WIDTH="229" HEIGHT="27" WC="0.89" CONTENT="landtdagsordningen"/><SP WIDTH="23" VPOS="1330" HPOS="488"/>
							<String ID="string_289" HPOS="511" VPOS="1330" WIDTH="39" HEIGHT="21" WC="0.96" CONTENT="och"/><SP WIDTH="21" VPOS="1330" HPOS="550"/>
							<String ID="string_290" HPOS="571" VPOS="1330" WIDTH="71" HEIGHT="27" WC="0.96" CONTENT="vanlig"/><SP WIDTH="22" VPOS="1330" HPOS="642"/>
							<String ID="string_291" HPOS="664" VPOS="1330" WIDTH="69" HEIGHT="27" WC="0.95" CONTENT="praxis"/><SP WIDTH="16" VPOS="1330" HPOS="733"/>
							<String ID="string_292" HPOS="749" VPOS="1329" WIDTH="60" HEIGHT="22" WC="0.95" CONTENT="alltid"/><SP WIDTH="16" VPOS="1329" HPOS="809"/>
							<String ID="string_293" HPOS="825" VPOS="1329" WIDTH="53" HEIGHT="22" WC="0.96" CONTENT="först"/><SP WIDTH="15" VPOS="1329" HPOS="878"/>
							<String ID="string_294" HPOS="893" VPOS="1329" WIDTH="67" HEIGHT="21" WC="0.93" CONTENT="skulle"/><SP WIDTH="15" VPOS="1329" HPOS="960"/>
							<String ID="string_295" HPOS="975" VPOS="1328" WIDTH="40" HEIGHT="21" WC="0.92" CONTENT="frå-"/>
						</TextLine>
						<TextLine ID="line_33" HPOS="187" VPOS="1357" WIDTH="829" HEIGHT="28">
							<String ID="string_296" HPOS="187" VPOS="1365" WIDTH="38" HEIGHT="20" WC="0.96" CONTENT="gas"/><SP WIDTH="23" VPOS="1365" HPOS="225"/>
							<String ID="string_297" HPOS="248" VPOS="1365" WIDTH="34" HEIGHT="15" WC="0.95" CONTENT="om"/><SP WIDTH="17" VPOS="1365" HPOS="282"/>
							<String ID="string_298" HPOS="299" VPOS="1359" WIDTH="36" HEIGHT="21" WC="0.95" CONTENT="det"/><SP WIDTH="15" VPOS="1359" HPOS="335"/>
							<String ID="string_299" HPOS="350" VPOS="1359" WIDTH="54" HEIGHT="21" WC="0.95" CONTENT="skall"/><SP WIDTH="15" VPOS="1359" HPOS="404"/>
							<String ID="string_300" HPOS="419" VPOS="1359" WIDTH="64" HEIGHT="21" WC="0.96" CONTENT="blifva"/><SP WIDTH="15" VPOS="1359" HPOS="483"/>
							<String ID="string_301" HPOS="498" VPOS="1359" WIDTH="74" HEIGHT="21" WC="0.96" CONTENT="remiss"/><SP WIDTH="16" VPOS="1359" HPOS="572"/>
							<String ID="string_302" HPOS="588" VPOS="1358" WIDTH="52" HEIGHT="21" WC="0.96" CONTENT="eller"/><SP WIDTH="14" VPOS="1358" HPOS="640"/>
							<String ID="string_303" HPOS="654" VPOS="1359" WIDTH="26" HEIGHT="26" WC="0.93" CONTENT="ej."/><SP WIDTH="30" VPOS="1359" HPOS="680"/>
							<String ID="string_304" HPOS="710" VPOS="1358" WIDTH="81" HEIGHT="21" WC="0.92" CONTENT="Blifver"/><SP WIDTH="15" VPOS="1358" HPOS="791"/>
							<String ID="string_305" HPOS="806" VPOS="1358" WIDTH="36" HEIGHT="21" WC="0.96" CONTENT="det"/><SP WIDTH="15" VPOS="1358" HPOS="842"/>
							<String ID="string_306" HPOS="857" VPOS="1357" WIDTH="80" HEIGHT="26" WC="0.95" CONTENT="remiss,"/><SP WIDTH="16" VPOS="1357" HPOS="937"/>
							<String ID="string_307" HPOS="953" VPOS="1357" WIDTH="23" HEIGHT="21" WC="0.96" CONTENT="så"/><SP WIDTH="16" VPOS="1357" HPOS="976"/>
							<String ID="string_308" HPOS="992" VPOS="1359" WIDTH="24" HEIGHT="19" WC="0.96" CONTENT="är"/>
						</TextLine>
						<TextLine ID="line_34" HPOS="187" VPOS="1385" WIDTH="828" HEIGHT="29">
							<String ID="string_309" HPOS="187" VPOS="1387" WIDTH="109" HEIGHT="26" WC="0.96" CONTENT="naturligt,"/><SP WIDTH="17" VPOS="1387" HPOS="296"/>
							<String ID="string_310" HPOS="313" VPOS="1389" WIDTH="31" HEIGHT="19" WC="0.95" CONTENT="att"/><SP WIDTH="16" VPOS="1389" HPOS="344"/>
							<String ID="string_311" HPOS="360" VPOS="1387" WIDTH="36" HEIGHT="22" WC="0.96" CONTENT="det"/><SP WIDTH="15" VPOS="1387" HPOS="396"/>
							<String ID="string_312" HPOS="411" VPOS="1387" WIDTH="17" HEIGHT="27" WC="0.95" CONTENT="ej"/><SP WIDTH="16" VPOS="1387" HPOS="428"/>
							<String ID="string_313" HPOS="444" VPOS="1387" WIDTH="41" HEIGHT="21" WC="0.96" CONTENT="blir"/><SP WIDTH="15" VPOS="1387" HPOS="485"/>
							<String ID="string_314" HPOS="500" VPOS="1387" WIDTH="160" HEIGHT="27" WC="0.96" CONTENT="bordläggning."/><SP WIDTH="30" VPOS="1387" HPOS="660"/>
							<String ID="string_315" HPOS="690" VPOS="1387" WIDTH="41" HEIGHT="26" WC="0.96" CONTENT="Jag"/><SP WIDTH="15" VPOS="1387" HPOS="731"/>
							<String ID="string_316" HPOS="746" VPOS="1393" WIDTH="79" HEIGHT="20" WC="0.96" CONTENT="menar,"/><SP WIDTH="16" VPOS="1393" HPOS="825"/>
							<String ID="string_317" HPOS="841" VPOS="1389" WIDTH="32" HEIGHT="19" WC="0.96" CONTENT="att"/><SP WIDTH="11" VPOS="1389" HPOS="873"/>
							<String ID="string_318" HPOS="884" VPOS="1385" WIDTH="131" HEIGHT="28" WC="0.96" CONTENT="proposition"/>
						</TextLine>
						<TextLine ID="line_35" HPOS="188" VPOS="1415" WIDTH="826" HEIGHT="28">
							<String ID="string_319" HPOS="188" VPOS="1422" WIDTH="34" HEIGHT="15" WC="0.96" CONTENT="om"/><SP WIDTH="22" VPOS="1422" HPOS="222"/>
							<String ID="string_320" HPOS="244" VPOS="1415" WIDTH="55" HEIGHT="22" WC="0.96" CONTENT="både"/><SP WIDTH="22" VPOS="1415" HPOS="299"/>
							<String ID="string_321" HPOS="321" VPOS="1416" WIDTH="74" HEIGHT="21" WC="0.96" CONTENT="remiss"/><SP WIDTH="23" VPOS="1416" HPOS="395"/>
							<String ID="string_322" HPOS="418" VPOS="1416" WIDTH="38" HEIGHT="21" WC="0.96" CONTENT="och"/><SP WIDTH="22" VPOS="1416" HPOS="456"/>
							<String ID="string_323" HPOS="478" VPOS="1415" WIDTH="152" HEIGHT="27" WC="0.96" CONTENT="bordläggning"/><SP WIDTH="16" VPOS="1415" HPOS="630"/>
							<String ID="string_324" HPOS="646" VPOS="1416" WIDTH="17" HEIGHT="27" WC="0.96" CONTENT="ej"/><SP WIDTH="17" VPOS="1416" HPOS="663"/>
							<String ID="string_325" HPOS="680" VPOS="1415" WIDTH="66" HEIGHT="22" WC="0.96" CONTENT="borde"/><SP WIDTH="15" VPOS="1415" HPOS="746"/>
							<String ID="string_326" HPOS="761" VPOS="1415" WIDTH="38" HEIGHT="22" WC="0.96" CONTENT="ske"/><SP WIDTH="16" VPOS="1415" HPOS="799"/>
							<String ID="string_327" HPOS="815" VPOS="1415" WIDTH="27" HEIGHT="27" WC="0.96" CONTENT="på"/><SP WIDTH="15" VPOS="1415" HPOS="842"/>
							<String ID="string_328" HPOS="857" VPOS="1421" WIDTH="81" HEIGHT="15" WC="0.96" CONTENT="samma"/><SP WIDTH="15" VPOS="1421" HPOS="938"/>
							<String ID="string_329" HPOS="953" VPOS="1415" WIDTH="61" HEIGHT="25" WC="0.96" CONTENT="gång,"/>
						</TextLine>
						<TextLine ID="line_36" HPOS="187" VPOS="1443" WIDTH="827" HEIGHT="28">
							<String ID="string_330" HPOS="187" VPOS="1446" WIDTH="51" HEIGHT="19" WC="0.96" CONTENT="utan"/><SP WIDTH="24" VPOS="1446" HPOS="238"/>
							<String ID="string_331" HPOS="262" VPOS="1447" WIDTH="32" HEIGHT="18" WC="0.96" CONTENT="att"/><SP WIDTH="22" VPOS="1447" HPOS="294"/>
							<String ID="string_332" HPOS="316" VPOS="1444" WIDTH="36" HEIGHT="21" WC="0.96" CONTENT="det"/><SP WIDTH="23" VPOS="1444" HPOS="352"/>
							<String ID="string_333" HPOS="375" VPOS="1445" WIDTH="6" HEIGHT="20" WC="0.96" CONTENT="i"/><SP WIDTH="23" VPOS="1445" HPOS="381"/>
							<String ID="string_334" HPOS="404" VPOS="1444" WIDTH="92" HEIGHT="27" WC="0.95" CONTENT="enlighet"/><SP WIDTH="22" VPOS="1444" HPOS="496"/>
							<String ID="string_335" HPOS="518" VPOS="1445" WIDTH="48" HEIGHT="20" WC="0.93" CONTENT="med"/><SP WIDTH="23" VPOS="1445" HPOS="566"/>
							<String ID="string_336" HPOS="589" VPOS="1444" WIDTH="230" HEIGHT="27" WC="0.91" CONTENT="landtdagsordningen"/><SP WIDTH="22" VPOS="1444" HPOS="819"/>
							<String ID="string_337" HPOS="841" VPOS="1443" WIDTH="39" HEIGHT="22" WC="0.91" CONTENT="och"/><SP WIDTH="23" VPOS="1443" HPOS="880"/>
							<String ID="string_338" HPOS="903" VPOS="1443" WIDTH="111" HEIGHT="26" WC="0.90" CONTENT="landtdags"/>
						</TextLine>
						<TextLine ID="line_37" HPOS="186" VPOS="1471" WIDTH="828" HEIGHT="29">
							<String ID="string_339" HPOS="186" VPOS="1473" WIDTH="71" HEIGHT="26" WC="0.95" CONTENT="praxis"/><SP WIDTH="22" VPOS="1473" HPOS="257"/>
							<String ID="string_340" HPOS="279" VPOS="1473" WIDTH="54" HEIGHT="21" WC="0.96" CONTENT="först"/><SP WIDTH="22" VPOS="1473" HPOS="333"/>
							<String ID="string_341" HPOS="355" VPOS="1473" WIDTH="67" HEIGHT="22" WC="0.96" CONTENT="skulle"/><SP WIDTH="22" VPOS="1473" HPOS="422"/>
							<String ID="string_342" HPOS="444" VPOS="1473" WIDTH="70" HEIGHT="27" WC="0.96" CONTENT="frågas"/><SP WIDTH="23" VPOS="1473" HPOS="514"/>
							<String ID="string_343" HPOS="537" VPOS="1473" WIDTH="109" HEIGHT="26" WC="0.96" CONTENT="angående"/><SP WIDTH="22" VPOS="1473" HPOS="646"/>
							<String ID="string_344" HPOS="668" VPOS="1472" WIDTH="73" HEIGHT="22" WC="0.96" CONTENT="remiss"/><SP WIDTH="24" VPOS="1472" HPOS="741"/>
							<String ID="string_345" HPOS="765" VPOS="1472" WIDTH="40" HEIGHT="21" WC="0.96" CONTENT="och"/><SP WIDTH="21" VPOS="1472" HPOS="805"/>
							<String ID="string_346" HPOS="826" VPOS="1472" WIDTH="65" HEIGHT="22" WC="0.96" CONTENT="sedan"/><SP WIDTH="16" VPOS="1472" HPOS="891"/>
							<String ID="string_347" HPOS="907" VPOS="1471" WIDTH="107" HEIGHT="27" WC="0.96" CONTENT="angående"/>
						</TextLine>
						<TextLine ID="line_38" HPOS="187" VPOS="1501" WIDTH="160" HEIGHT="27">
							<String ID="string_348" HPOS="187" VPOS="1501" WIDTH="160" HEIGHT="27" WC="0.96" CONTENT="bordläggning."/>
						</TextLine>
					</TextBlock>
				</ComposedBlock>
			</PrintSpace>
		</Page>
	</Layout>
</alto>
