1117 1817
333 125 163 18 Presteståndet
509 126 55 17 1872.
589 127 22 16 17
624 126 51 17 febr.
855 120 28 22 93

150 205 131 22 Besvarades
303 205 102 26 enhälligt
427 206 49 20 med
494 204 30 28 ja,
545 206 39 21 och
607 208 65 24 antog
687 206 86 20 ståndet
788 206 122 25 derigenom

82 234 117 27 petitionen
215 234 70 21 såsom
300 233 41 26 sin;
358 233 80 22 hvilket
446 233 80 27 jemväl
536 233 68 22 borde
614 234 49 27 ingå
672 234 8 21 i
690 233 221 27 protokollsutäraget

82 269 48 20 ang.
146 262 128 27 petitionens
286 261 57 22 förut
353 262 99 21 beslutna
462 263 74 20 remiss
547 263 34 20 till
591 263 107 20 allmänna
708 262 201 22 besvärsutskottet.

151 381 84 22 Doktor
257 381 100 27 Alopeus
379 381 40 21 och
433 383 88 25 prosten
536 381 123 22 Durchman
674 381 133 22 återkommo
823 381 40 22 och
878 382 32 21 in-

82 411 51 26 togo
148 409 47 22 sina
209 409 87 28 platser.

151 507 121 26 Föredrogs
294 508 31 19 ett
346 506 23 22 af
389 506 107 27 professor
516 506 63 22 Cleve
594 507 117 21 inlemnadt
726 506 184 27 petitionsförslag

83 535 110 27 angående
215 535 108 26 åtskilliga
342 535 151 22 skolväsendet
508 535 7 21 i
530 536 72 21 landet
617 535 92 21 rörande
725 535 184 26 angelägenheter,

82 564 126 27 sålydande:

311 637 39 22 Till
366 637 137 27 Högvördiga
518 637 169 22 Prestaståndet.

153 694 68 22 Sedan
245 694 40 21 den
308 694 65 27 högre
395 694 75 21 skolan
494 694 6 20 i
523 694 47 21 vårt
592 694 56 26 land,
668 694 26 26 på
709 694 68 26 grund
793 694 22 21 af
826 700 26 15 en
865 694 47 21 utaf

83 724 74 25 regent
180 722 39 22 och
242 722 86 22 ständer
343 724 131 25 gemensamt
489 725 91 24 antagen
596 722 40 26 lag,
652 722 67 21 under
735 728 25 15 en
776 722 31 21 tid
823 722 22 21 af
859 724 51 20 nära

84 751 83 21 hundra
190 751 38 21 och
251 751 60 27 tjugu
333 752 30 24 år,
379 753 51 19 utan
446 752 67 25 några
528 752 85 20 svårare
628 750 130 27 rubbningar
773 751 85 21 fortsatt
873 751 38 21 sitt

84 779 171 27 välsignelserika
271 780 72 20 arbete
359 779 32 21 för
406 779 131 27 ungdomens
554 779 100 27 bildning,
670 779 99 21 inträdde
781 780 47 24 den,
840 779 69 22 såsom

84 808 80 21 bekant
183 810 30 24 är,
229 809 25 20 år
271 809 50 20 1841
340 809 28 26 på
383 808 141 21 reformernas
540 808 61 21 svåra
616 808 38 21 och
671 808 74 26 farliga
761 808 62 21 bana.
853 808 56 21 Full-

84 836 94 26 ständigt
201 836 195 27 omorganiserades
413 836 65 21 likväl
494 836 121 21 läroverket
632 836 54 21 först
701 842 75 20 genom
793 836 117 28 Gymnasii-

84 864 40 22 och
143 864 169 27 Skolordningen
328 864 23 22 af
363 866 24 20 år
405 866 60 20 1843.
492 865 33 21 En
541 864 34 22 del
591 864 21 22 af
626 865 26 21 de
668 864 154 26 förändringar,
838 864 72 22 hvilka

84 899 75 20 genom
182 893 68 21 denna
273 893 123 27 författning
418 893 100 26 infördes,
540 900 50 14 voro
609 896 51 18 utan
676 893 70 21 tvifvel
763 893 112 27 påkallade
890 893 22 21 af

84 922 141 21 framskridna
248 922 194 26 tidsförhållanden,
459 928 48 14 men
523 922 66 21 andra
604 922 61 26 hade,
679 924 78 25 tyvärr,
773 922 32 21 sin
821 922 68 26 grund
904 922 6 20 i

84 950 105 26 tillfälliga
204 950 39 22 och
260 950 81 22 derföre
357 950 110 22 ohållbara
482 950 79 26 åsigter
576 950 39 21 och
630 950 158 21 förmenanden.
811 950 32 21 De
854 956 56 16 men-

84 978 42 26 liga
145 978 104 26 följderna
264 979 61 21 häraf
340 979 72 26 dröjde
427 979 18 27 ej
462 978 67 22 heller
544 980 32 20 att
592 979 44 21 visa
651 979 37 26 sig.
719 972 109 32 Åtskilligt
843 979 67 21 måste

84 1007 34 21 vid
143 1007 159 27 tillämpningen
327 1007 119 22 modifieras
474 1007 39 21 och
536 1007 89 21 sålunda
647 1009 62 25 göras
731 1007 110 27 oskadligt.
880 1007 30 21 Pä

84 1035 59 21 detta
155 1038 44 18 sätt
214 1036 54 21 hade
284 1036 59 21 äfven
359 1036 74 21 skolan
449 1036 23 21 så
485 1036 135 26 temmeligen
630 1036 115 21 återfunnit
755 1036 70 26 stadig
835 1035 74 27 grund,

84 1064 27 20 då
126 1070 25 15 en
167 1071 28 21 ny
210 1064 115 27 Gymnasii-
342 1064 39 22 och
397 1064 142 26 Skolordning
554 1065 24 20 år
595 1065 54 20 1856
666 1064 132 21 emanerade.
812 1076 24 2 —
849 1064 60 21 Hade

84 1092 64 21 redan
167 1093 40 20 den
223 1092 21 22 af
259 1093 23 21 år
299 1094 54 20 1843
369 1093 6 21 i
390 1093 45 21 icke
452 1094 60 25 ringa
527 1093 51 26 grad
594 1094 46 25 gått
655 1093 53 20 ifrån
725 1093 25 21 de
765 1093 144 26 grundsatser,

83 1121 31 20 uti
130 1121 71 20 hvilka
216 1121 40 20 den
269 1121 67 21 finska
347 1122 74 20 skolan
437 1121 23 21 af
472 1122 60 20 ålder
548 1123 35 24 egt
595 1121 37 21 sitt
642 1121 54 26 stöd,
707 1122 24 19 så
742 1120 131 27 öfvergåfvos
884 1121 25 20 de

83 1155 29 14 nu
127 1151 75 19 nästan
219 1149 44 22 helt
278 1150 39 21 och
333 1149 71 22 hållet.
428 1149 24 27 Ej
469 1149 68 22 under
552 1149 89 25 således,
658 1156 33 14 om
707 1149 89 26 farhåga
812 1149 97 27 uppstod,

83 1177 94 22 särdeles
200 1177 39 22 hos
261 1178 86 21 skolans
369 1185 51 20 egne
441 1180 55 19 män.
514 1191 27 2 —
556 1178 42 21 Det
618 1184 62 21 synes
703 1177 61 22 äfven
782 1184 45 15 som
842 1177 67 22 skulle

83 1205 84 22 landets
190 1206 101 27 faderliga
315 1207 38 21 och
376 1207 32 21 för
430 1207 131 25 ungdomens
576 1206 95 26 bildning
687 1206 111 21 ömmande
814 1206 96 26 regering

82 1237 60 18 snart
164 1241 42 20 nog
229 1235 88 21 kommit
339 1235 32 21 till
394 1235 40 21 den
456 1235 64 26 insigt
543 1237 32 19 att
596 1234 153 22 skolreformen
764 1235 47 20 icke
827 1235 26 26 på
869 1234 40 21 den

83 1262 82 22 härtills
189 1263 94 26 inslagna
299 1266 66 24 vägen
380 1263 70 22 kunde
465 1263 86 27 bringas
566 1263 33 21 till
614 1265 31 19 ett
660 1263 91 21 önskadt
767 1263 40 21 och
823 1262 87 28 lyckligt

82 1291 52 26 slut;
151 1291 128 22 åtminstone
295 1292 38 21 bör
349 1293 35 20 det
400 1292 48 21 med
463 1292 133 21 tacksamhet
610 1291 153 27 ihågkommas,
779 1293 32 19 att
825 1291 34 20 vid
870 1291 40 20 den

83 1319 66 27 högre
171 1320 74 21 skolan
267 1320 103 22 anställde
385 1321 69 20 lärare
469 1321 25 20 år
512 1321 54 20 1860
581 1320 81 22 erhöllo
678 1320 74 26 nådigt
767 1319 95 22 tillstånd
878 1321 32 20 att

83 1348 32 21 till
139 1355 26 14 en
189 1349 72 26 början
283 1349 87 21 stiftsvis
391 1349 165 26 sammanträda,
574 1348 34 21 för
622 1351 32 18 att
669 1348 121 27 öfverlägga
806 1354 34 15 om
855 1347 55 22 läro-

83 1377 84 21 verkets
191 1377 183 27 angelägenheter,
390 1380 54 19 samt
460 1379 32 20 att
509 1377 47 22 dem
572 1377 97 26 derefter,
685 1383 76 20 genom
776 1377 78 26 nådiga
869 1376 40 21 för-

82 1405 117 27 ordningen
222 1405 22 22 af
265 1406 40 21 den
325 1407 27 20 30
367 1406 88 21 Januari
472 1407 61 22 1862,
550 1406 136 21 tillerkändes
702 1407 44 20 rätt
761 1407 38 24 att,
815 1405 44 21 ifall
874 1405 36 21 det

82 1434 77 25 ansågs
175 1435 79 26 nödigt,
270 1435 61 20 hvart
347 1435 67 26 tredje
428 1435 26 21 år
468 1434 78 21 samlas
562 1435 31 20 till
610 1434 87 21 allmänt
708 1435 63 20 möte.
795 1434 42 21 Det
848 1433 62 22 torde

83 1462 39 21 ock
143 1463 70 21 kunna
229 1465 68 24 sägas,
315 1465 31 19 att
362 1463 82 21 landets
460 1463 117 22 skollärare
592 1463 13 20 å
620 1463 32 20 sin
668 1463 45 20 sida
729 1462 54 25 sökt,
800 1461 69 22 såvidt
884 1461 26 22 de

83 1490 36 21 det
141 1491 93 26 förmått,
258 1494 107 19 motsvara
387 1492 36 21 det
442 1491 128 26 förtroende,
588 1491 46 21 dem
650 1491 89 21 sålunda
753 1491 74 26 nådigt
842 1490 69 21 blifvit

82 1518 104 23 bevisadt.
215 1520 41 21 Vid
276 1521 36 20 det
334 1520 67 21 första
423 1520 107 21 allmänna
549 1519 186 22 skolläraremötet
749 1519 7 21 i
771 1519 138 26 Tavastehus,
