1117 1817
335 144 161 18 Presteståndet
510 146 56 16 1872.
584 146 21 16 21
618 150 62 12 mars.
844 142 41 20 447

88 226 59 21 detta
169 226 105 24 afseende,
297 227 68 24 steget
385 226 32 19 väl
442 225 66 21 borde
531 227 60 24 tagas
614 225 48 20 fullt
680 227 23 18 ut
719 226 6 20 i
742 226 35 20 det
792 226 60 26 syfte,
869 233 44 15 som

87 254 49 21 herr
160 254 117 21 Edelsköld
292 254 7 21 i
315 254 32 21 sin
369 254 131 20 reservation
524 253 86 21 utvisat.
649 253 48 21 Man
713 253 42 22 kan
771 254 18 27 ej
806 254 59 24 neka,
882 257 33 18 att

88 283 33 20 vid
147 283 62 20 dessa
233 282 52 21 våra
310 283 126 26 landtdagar
452 283 5 20 i
474 282 118 21 allmänhet
607 282 148 27 förändringar
771 283 38 21 och
824 283 89 21 förbätt-

87 311 72 27 ringar
183 311 68 21 blifvit
273 311 137 26 genomförda
434 311 49 20 med
506 317 26 14 en
547 311 93 25 raskhet,
656 317 44 14 som
717 317 58 15 mera
790 311 39 22 har
844 311 71 27 frågat

88 339 53 22 efter
166 339 55 22 hvad
248 339 74 22 målets
345 339 186 27 principriktighet
546 339 90 26 fordrar,
652 341 26 18 än
702 339 54 21 efter
778 340 136 21 tidsomstän-

86 368 99 27 digheten
197 368 39 21 och
246 368 113 21 historiska
370 367 154 26 förhållanden,
535 367 80 22 hvilkas
624 367 121 27 sorgfälliga
755 368 116 27 afvägande
878 369 35 21 vid

87 397 159 26 tillämpningen
263 397 22 21 af
299 397 60 26 eljest
375 396 173 27 begreppsenligt
570 396 78 27 riktiga
663 397 105 26 principer
784 397 52 21 dock
853 398 60 21 torde

86 425 53 21 böra
163 431 50 15 vara
235 432 27 14 en
285 425 149 26 hufvudsaklig
457 425 85 26 uppgift
565 425 32 20 för
613 425 72 26 hvarje
701 425 60 20 lands
776 425 138 27 lagstiftande

87 454 70 26 korps.
189 454 38 21 Att
242 454 123 26 härigenom
381 456 31 19 ett
428 454 38 20 och
484 456 65 18 annat
564 454 48 20 med
628 460 58 14 mera
704 453 133 22 brådskande
853 455 59 25 ifver,

87 485 26 18 än
129 483 74 26 nödigt
219 483 54 20 hade
288 483 61 21 varit,
365 482 38 21 har
418 483 70 20 blifvit
504 482 130 21 stadfästadt
649 482 38 21 hos
703 489 34 14 oss
747 483 69 20 såsom
830 483 40 26 lag,
881 485 33 19 ett

87 511 38 21 och
142 513 71 23 annat,
234 511 33 21 för
284 511 81 21 hvilket
380 511 46 20 vårt
442 511 45 20 folk
504 511 18 26 ej
538 513 56 18 ännu
610 511 55 20 varit
681 511 106 26 verkligen
804 511 109 22 förberedt

88 540 39 21 och
143 542 71 24 moget
229 540 40 21 och
283 546 45 15 som
345 539 70 22 derför
430 539 18 27 ej
466 539 68 21 heller
549 539 113 26 uppburits
673 539 21 21 af
703 540 111 21 nationens
826 541 37 20 sed
873 541 38 20 och

87 569 146 25 medvetande,
257 569 82 26 hvarpå
361 568 63 21 likväl
448 569 28 20 all
493 568 40 26 lag,
550 568 32 21 för
597 571 32 18 att
645 568 70 21 kunna
731 568 62 21 hafva
807 569 32 20 sin
855 571 57 19 rätta

86 597 63 24 kraft,
173 597 68 21 måste
263 597 76 21 basera
361 597 37 26 sig,
422 597 60 20 detta
498 597 60 20 torde
575 603 55 19 man,
647 597 47 20 med
711 597 84 24 ledning
811 597 22 20 af
847 597 64 21 redan

87 632 83 14 vunnen
186 625 127 25 erfarenhet,
329 632 50 14 vara
395 625 57 26 villig
469 628 33 18 att
518 625 110 26 medgifva.
644 625 40 26 Jag
700 625 90 26 befarar,
805 629 32 17 att
848 626 64 21 bland

87 656 81 19 ämnen.
184 661 45 14 som
246 655 71 20 kunna
332 655 85 20 komma
429 654 69 21 under
506 654 37 21 vår
552 654 163 26 öfverläggning,
728 655 35 20 det
774 654 139 21 förevarande

88 682 38 21 hör
141 683 32 20 till
190 683 54 25 dem,
260 689 45 14 som
321 682 72 21 fordra
409 683 39 20 den
465 682 55 21 allra
535 687 152 16 varsammaste
706 682 133 27 behandling.
870 683 41 21 Det

87 713 24 19 är
133 711 123 27 visserligen
279 718 25 14 en
327 711 65 26 riktig
408 711 140 26 anmärkning
564 711 22 21 af
599 711 143 26 petitionären
758 713 37 23 att,
812 711 23 21 så
850 712 61 26 länge

88 740 35 20 det
138 740 122 20 nuvarande
273 740 191 26 judereglementet
480 740 38 20 hos
534 746 34 14 oss
584 746 50 20 eger
648 740 96 25 bestånd,
755 739 72 27 hvarje
839 740 72 21 bildad

84 768 51 26 jude
151 769 67 20 måste
241 769 63 20 tveka
320 771 31 18 att
367 768 125 23 hitkomma,
509 768 109 20 hvaremot
633 768 67 21 under
716 774 58 15 mera
789 774 122 20 gynsamma

86 797 146 21 förhållanden
249 804 47 13 man
312 797 70 21 kunde
398 797 81 26 hoppas
496 799 32 18 att
543 802 101 20 personer
655 797 23 20 af
687 796 71 27 judisk
769 797 58 25 börd,
839 797 73 21 hvilka

87 826 68 20 blefve
178 826 47 20 vårt
248 826 49 20 land
316 826 53 20 både
386 825 31 21 till
433 827 62 25 nytta
510 825 38 21 och
565 825 71 25 heder,
652 826 67 20 skulle
736 826 63 20 bland
816 832 33 14 oss
865 832 45 14 var-

86 854 69 26 aktigt
178 854 74 21 nedslå
274 854 45 21 sina
338 854 93 26 bopålar.
464 854 64 21 Detta
544 856 23 18 är
582 854 77 20 sakens
675 860 39 14 ena
729 854 54 22 sida:
800 860 47 14 men
864 854 48 21 dess

87 883 66 21 andra
175 883 46 21 sida
244 885 23 19 är
291 885 37 18 att,
353 889 33 15 om
411 883 65 21 redan
498 889 28 14 nu
542 882 67 21 under
625 883 25 20 de
666 883 61 20 svåra
742 883 68 20 vilkor
825 882 39 22 och
880 883 31 20 in-

86 911 161 27 skränkningar,
271 918 43 14 som
331 911 6 21 i
353 911 48 21 vårt
423 912 50 20 land
496 911 54 21 varit
571 911 100 25 rådande,
694 912 106 26 åtskilliga
813 911 62 27 judar
891 911 23 21 af

87 940 39 21 den
149 940 67 26 lägsta
238 940 159 26 bildningsgrad
420 940 64 20 hafva
504 940 70 25 börjat
597 940 93 20 innästla
711 940 38 27 sig,
774 940 35 20 det
827 942 23 19 är
865 940 47 20 fara

86 969 61 20 värdt
163 971 32 18 att
211 969 71 26 dylika
297 968 108 27 subjekter
421 969 6 19 i
443 968 49 21 hela
507 970 95 19 svärmar
617 968 68 21 skulle
696 968 31 21 hit
737 970 130 24 inströmma,
877 975 34 14 om

87 998 46 20 dem
149 997 69 21 skulle
234 997 140 21 tillförsäkras
389 997 52 21 fulla
457 997 170 26 medborgerliga
643 997 134 26 rättigheter;
797 999 28 25 ty,
841 997 70 21 såsom

86 1026 65 20 också
173 1026 128 25 föregående
322 1026 68 20 talare
406 1028 80 22 nämnt,
502 1025 39 21 bör
557 1032 48 14 man
621 1026 34 20 väl
671 1026 140 26 ihågkomma,
828 1028 32 18 att
876 1026 35 20 det

86 1054 18 26 ej
121 1056 24 18 är
159 1054 46 21 från
221 1054 107 27 Tyskland
341 1054 39 21 och
396 1054 92 26 Sverige,
505 1057 50 18 utan
572 1054 46 20 från
634 1054 102 25 Kurland,
748 1054 103 21 Lithauen
872 1054 39 21 och

86 1083 71 24 Polen,
181 1089 46 15 som
252 1084 67 20 under
333 1084 80 20 sådana
428 1082 148 22 förhållanden
592 1083 26 21 de
634 1083 105 26 egentliga
751 1083 86 26 judiska
852 1082 59 21 kolo-

86 1111 94 21 nisterna
202 1118 50 14 vore
277 1114 31 18 att
328 1111 125 21 införvänta.
470 1112 38 20 och
525 1111 78 26 följden
620 1112 63 20 häraf
697 1112 67 20 blefve
780 1111 69 23 också,
866 1114 46 18 tror

84 1139 43 27 jag,
149 1139 162 27 otvifvelaktigt,
335 1142 32 19 att
390 1139 142 21 förhållandet
553 1140 57 21 inom
626 1146 26 14 en
667 1140 133 26 opåräknadt
815 1139 49 21 kort
879 1140 32 20 tid

86 1168 68 21 skulle
170 1168 65 21 blifva
249 1169 39 20 här
304 1169 117 20 detsamma
436 1175 46 14 som
498 1169 36 20 det
548 1170 24 19 är
588 1169 44 20 der.
656 1168 45 21 Och
717 1169 108 20 hurudant
839 1170 24 19 är
878 1168 33 21 väl

86 1197 142 20 förhållandet
243 1197 7 20 i
265 1197 26 21 de
306 1197 142 26 nyssnämnda
464 1197 114 20 länderna?
594 1197 74 21 Såvidt
680 1197 37 26 jag
733 1197 38 20 har
787 1197 81 20 kunnat
881 1197 30 20 in-

87 1225 76 26 hemta,
181 1225 188 22 öfverensstämma
385 1225 42 21 alla
442 1225 168 21 underrättelser
626 1226 50 24 deri,
690 1228 32 18 att
738 1226 35 20 det
789 1227 23 19 är
821 1225 90 26 judarne

86 1259 45 15 som
155 1254 48 21 med
226 1254 58 21 tiden
305 1254 63 21 hafva
386 1254 63 27 slagit
464 1255 67 20 under
546 1254 32 27 sig
594 1254 28 21 all
638 1254 83 27 handel,
737 1255 41 20 alla
793 1253 119 22 handtverk

86 1282 40 21 och
141 1283 106 26 näringar,
264 1285 31 18 att
311 1283 35 20 det
362 1285 23 18 är
399 1283 96 26 judarne,
512 1289 44 14 som
578 1283 119 26 ombesörja
713 1283 42 20 alla
769 1282 74 21 behofs
859 1288 52 20 upp-

86 1311 97 26 fyllande,
208 1317 47 15 men
278 1311 64 21 också
355 1311 119 21 bestämma
488 1312 66 25 priset
569 1312 27 25 på
612 1311 42 21 alla
669 1311 56 26 slags
741 1311 171 26 förnödenheter,

86 1340 32 20 att
140 1339 36 21 det
198 1341 25 18 är
235 1340 97 26 judarne,
351 1346 45 15 som
413 1339 109 27 öfvertaga
538 1340 42 21 alla
596 1340 172 26 entreprenader,
785 1342 31 19 att
831 1340 5 20 i
854 1340 58 20 kort-

85 1367 37 22 het
137 1368 25 21 de
183 1369 52 25 göra
251 1369 27 20 all
294 1369 132 20 konkurrens
442 1368 33 21 för
490 1369 68 20 andra
572 1369 48 20 med
636 1369 32 26 sig
684 1369 85 26 omöjlig
784 1369 6 20 i
807 1368 105 21 auseende

85 1396 33 21 till
142 1397 61 20 deras
225 1397 100 21 inbördes
351 1397 190 26 sammanhållning
564 1397 38 21 och
626 1397 26 21 de
676 1397 101 26 ofantliga
799 1397 112 26 kapitaler,

85 1425 112 21 hvaröfver
220 1425 25 20 de
268 1428 131 23 gemensamt
422 1426 70 20 kunna
515 1425 88 27 förfoga,
627 1426 39 21 och
689 1432 44 15 som
758 1427 26 18 de
807 1425 47 21 med
871 1425 40 20 den

86 1454 103 23 klokaste,
213 1453 172 27 hänsynslösaste
407 1454 117 26 beräkning
546 1455 104 20 använda.
681 1455 42 20 Det
741 1457 24 18 är
779 1454 83 21 således
879 1454 32 25 de,

85 1488 45 15 som
153 1482 79 21 oaktad
255 1483 28 20 all
307 1486 56 24 yttre
386 1483 146 26 oansenlighet
548 1483 39 21 och
604 1483 129 26 ödmjukhet,
750 1483 108 26 enväldigt
873 1484 38 19 äro

85 1511 74 20 herrar
182 1511 39 21 och
244 1513 92 20 mästare
358 1512 7 20 i
388 1512 35 20 det
444 1511 122 27 pekuniära,
582 1518 46 15 som
644 1512 63 20 likväl
723 1511 67 21 måste
806 1511 105 21 erkännas

85 1541 76 24 utgöra
177 1542 32 18 ett
224 1540 103 27 underlag
342 1540 39 21 och
397 1539 67 22 vilkor
480 1540 32 21 för
527 1540 39 21 allt
581 1540 179 21 samfundslif
729 1535 36 36 och
774 1540 137 25 hvarigenom
