1117 1817
323 147 159 18 Presteståndet
496 148 57 16 1872.
577 148 12 16 3
602 147 59 21 april.
837 142 41 20 507

81 228 76 19 tvenne
172 226 207 27 bildningsanstalter
393 226 32 21 för
440 226 102 22 klockare
557 227 57 21 inom
629 227 68 21 stiftet
712 226 113 24 inrättade,
840 226 67 21 erhöll

82 254 138 27 domkapitlet
242 255 6 20 i
272 255 73 26 nådigt
366 255 92 26 reskript
480 255 23 21 af
526 255 39 21 den
588 255 24 21 17
630 261 56 15 mars
703 255 61 24 1863,
780 255 36 21 det
832 255 76 26 nådiga

81 289 54 20 svar,
158 285 31 18 att
213 283 58 21 Hans
293 283 118 27 Kejserliga
433 283 101 27 Majestät
556 283 33 22 för
611 283 48 22 hela
682 283 71 22 landet
773 283 6 21 i
794 283 114 28 Jyväskylä

81 311 47 21 låtit
149 311 80 22 inrätta
244 314 31 19 ett
289 311 247 27 folkskoleseminarium,
553 312 38 21 der
606 313 59 20 detta
680 311 65 22 behof
759 312 70 21 kunde
845 311 63 22 ända-

82 339 117 28 målsenligt
221 340 103 27 afhjelpas
345 340 66 27 enligt
429 341 49 26 plan
495 341 7 20 i
519 341 36 21 det
570 341 76 26 nådiga
662 340 139 27 reglementet
815 340 33 22 för
863 340 45 22 det-

80 374 81 15 samma
197 369 42 20 Det
261 375 36 15 var
320 369 47 21 med
388 369 114 27 anledning
524 369 60 22 deraf
604 375 45 15 som
668 369 157 26 presteståndet
841 368 66 23 vände

82 396 31 27 sig
128 397 21 20 åt
165 397 35 21 det
216 397 71 26 hållet,
303 397 39 22 och
358 397 6 21 i
380 397 37 22 sitt
431 397 213 27 petitionsmemorial
660 397 98 22 framhöll
769 397 40 21 den
821 397 86 25 önskan,

82 428 31 18 att
136 431 25 15 en
183 425 184 28 bildningsanstalt
389 426 32 21 för
443 426 107 21 blifvande
572 426 102 21 klockare
699 426 39 21 och
761 426 118 26 organister
901 425 6 21 i

81 453 113 28 Jyväskylä
209 454 68 21 skulle
291 454 154 27 inorganiseras
461 457 5 18 i
483 455 127 21 seminariet.
634 454 40 26 Jag
690 454 34 21 vill
741 454 18 27 ej
777 454 62 27 klaga
850 454 58 21 öfver

82 482 54 21 hvad
158 489 45 14 som
226 483 62 21 skedt
310 485 29 20 är.
371 483 62 22 Såväl
448 483 183 27 öfverinspektorn
647 483 32 21 för
695 482 212 22 folkskoleundervis-

82 511 75 26 ningen
180 511 5 20 i
209 511 78 26 landet,
309 518 46 15 som
378 512 108 21 direktorn
503 511 33 22 för
551 512 59 21 detta
625 511 133 22 seminarium
775 511 62 21 hafva
852 513 55 19 tvärt

81 541 43 19 satt
144 540 31 25 sig
191 543 58 18 emot
264 540 68 21 denna
347 540 105 26 anhållan;
469 540 27 21 de
512 540 61 21 hafva
589 540 64 21 också
669 540 103 21 beräknat
787 539 121 22 omkostna-

82 567 64 22 derna
168 568 32 21 till
216 569 36 20 det
267 569 65 27 dryga
347 569 100 26 beloppet
462 569 22 21 af
499 569 77 24 21,000
592 569 60 21 mark
668 569 38 21 och
723 568 121 21 derutöfver
859 568 48 21 årli-

81 602 45 21 gen.
157 597 40 26 Jag
220 597 34 20 vill
277 597 17 26 ej
319 597 46 21 med
387 597 76 27 många
485 597 40 22 ord
540 597 112 27 uppehålla
669 597 41 26 mig
725 597 34 20 vid
775 596 132 28 öfverstyrel-

81 631 48 15 sens
151 625 32 21 för
207 625 148 22 skolväsendet
379 626 120 21 underbara
521 626 85 27 förslag,
630 628 32 19 att
678 625 103 27 nemligen
797 625 110 22 klockares

81 654 39 21 och
136 654 127 25 organisters
280 654 118 26 utbildning
413 654 68 21 skulle
498 654 129 26 ombesörjas
642 654 23 21 af
678 655 146 25 organisterna
839 655 6 20 i
861 653 47 22 lan-

81 682 47 20 dets
149 682 133 21 stiftsstäder.
313 682 42 21 Det
371 685 23 19 är
409 689 45 15 mer
469 685 33 19 att
518 682 96 25 beklaga,
630 685 32 19 att
677 684 151 19 sammansatta
845 684 62 19 stats-

81 710 39 21 och
143 710 210 26 ekonomiutskottet,
369 712 23 20 så
408 712 90 26 mycket,
515 711 58 21 lånat
588 712 36 20 sitt
640 713 38 19 öra
693 711 30 21 till
740 711 61 21 dessa
817 710 90 22 utlåtan-

81 738 47 22 den.
158 739 40 26 Jag
221 740 34 20 vill
277 739 74 21 endast
374 740 94 21 relevera
490 740 55 20 hvad
566 740 37 26 jag
618 740 6 20 i
640 740 42 20 min
698 740 129 20 reservation
844 741 63 25 öppet

82 767 83 23 uttalat,
189 768 36 20 det
246 768 109 26 nämligen,
372 770 32 20 att
419 774 33 16 om
469 768 173 28 öfverstyrelsens
658 768 32 21 för
704 768 147 21 skolväsendet
867 768 40 21 för-

81 795 46 27 slag
149 798 32 19 att
205 796 92 27 afhjelpa
322 797 108 21 klockare-
455 797 40 21 och
521 796 228 27 organistbildningens
771 796 38 22 sak
831 802 75 20 genom

82 824 107 22 elevernas
214 824 127 22 hänvisande
367 825 31 21 till
421 826 147 26 organisterna
592 826 5 20 i
621 825 156 21 stiftsstäderna
799 825 6 21 i
828 825 79 25 landet,

82 852 67 22 skulle
164 854 27 26 gå
206 853 5 21 i
228 853 125 25 fullbordan,
369 854 24 21 så
408 860 50 15 vore
474 854 36 21 det
526 857 35 18 ute
578 854 47 21 med
640 854 27 21 all
684 860 51 15 sann
747 853 107 22 klockare-
867 854 39 21 och

82 882 189 26 organistbildning
287 882 4 20 i
308 883 47 21 vårt
365 882 55 22 land.
440 882 41 27 Jag
492 882 38 22 ber
542 885 32 19 att
586 882 20 22 få
619 882 86 21 hänvisa
717 882 32 21 till
761 882 42 21 min
814 888 92 16 reserva-

82 910 44 21 tion
149 910 39 22 och
211 911 31 20 till
264 912 37 20 vår
323 911 6 21 i
351 911 71 21 landet
444 918 28 14 nu
487 911 104 27 gällande,
608 911 65 26 enligt
689 911 42 21 min
747 910 160 28 öfvertygelse
897 906 14 36 i

81 940 76 25 ytterst
173 940 76 26 många
265 939 111 21 afseenden
393 940 51 26 högt
458 940 102 26 förtjenta
576 939 108 28 kyrkolag.
715 940 10 20 I
741 939 98 21 afseende
849 939 57 25 derå,

82 969 32 19 att
135 967 99 21 klockare
249 968 19 26 ej
284 970 36 19 äro
333 968 75 21 endast
423 968 72 22 ledare
511 968 22 21 af
545 969 79 25 sången
640 968 34 21 vid
689 968 151 26 gudstjensten,
857 970 50 19 utan

81 995 7 21 i
111 995 48 22 hela
180 996 47 21 vårt
243 996 48 22 land
306 996 60 22 äfven
382 997 73 20 lärare
466 996 43 28 för
524 996 155 28 kyrkosången,
696 996 88 22 likasom
800 999 32 19 att
847 996 60 22 desse

81 1024 59 26 ringe
162 1026 47 19 män
232 1026 33 20 stå
288 1026 26 26 på
337 1032 25 14 en
379 1025 61 27 plats,
456 1032 46 15 som
519 1025 5 21 i
541 1026 46 20 vårt
600 1025 50 21 land
665 1025 6 21 i
688 1026 36 20 vår
739 1025 122 21 nuvarande
877 1025 29 21 tid

81 1054 25 20 är
124 1052 23 22 af
160 1053 40 21 den
217 1053 74 27 högsta
307 1053 113 28 betydelse,
438 1054 104 26 nemligen
558 1054 72 21 såvida
646 1054 46 21 dem
707 1054 81 26 åligger
803 1054 39 21 den
854 1053 53 28 för-

81 1083 34 19 sta
138 1082 99 26 religions
259 1082 182 27 undervisningen,
464 1082 84 21 hvilken
567 1082 52 21 hvar
635 1088 48 16 man
698 1082 56 22 inom
771 1082 58 21 detta
844 1082 62 22 stånd

82 1110 32 20 väl
138 1112 34 19 vet
194 1112 30 19 att
243 1110 114 27 ingalunda
373 1111 82 21 derföre
471 1113 25 19 är
511 1112 38 20 den
566 1111 92 25 lättaste,
675 1111 38 21 och
729 1111 89 21 emedan
832 1110 36 27 jag
883 1113 24 19 är

82 1137 71 22 derom
175 1138 128 27 öfvertygad,
325 1142 32 18 att
372 1139 157 27 presteståndet
545 1139 58 21 delar
618 1139 41 21 den
674 1139 87 27 åsigten,
777 1141 32 19 att
825 1139 36 21 vår
876 1139 31 21 tid

81 1167 113 26 genomgås
211 1167 22 21 af
247 1174 24 14 en
287 1167 97 27 grundlig
395 1168 39 21 och
446 1168 178 27 genomgripande
636 1167 76 22 reform
723 1168 6 20 i
740 1167 48 22 hela
800 1167 107 27 religions-

81 1195 267 27 undervisningsväsendet,
371 1197 88 20 emedan
481 1196 37 27 jag
540 1199 24 18 är
586 1196 128 27 öfvertygad,
738 1199 31 18 att
785 1196 55 21 mina
855 1196 52 27 högt

82 1223 114 22 värderade
212 1224 151 22 ståndsbröder
379 1225 16 26 ej
413 1225 49 26 vilja
472 1225 86 21 förneka
570 1227 32 19 att
612 1225 48 21 hela
670 1225 40 21 den
722 1225 99 26 religions
831 1225 75 21 under-

81 1251 86 28 visning,
191 1259 45 15 som
259 1253 74 22 hittills
356 1253 7 20 i
385 1253 97 22 hemmen
505 1254 54 21 varit
582 1253 103 26 gällande,
708 1253 63 22 afsett
790 1253 74 22 endast
880 1259 26 16 en

81 1280 108 21 mekanisk
206 1281 70 28 öfning
291 1282 7 22 i
313 1282 50 21 ords
379 1282 86 21 läsande
482 1282 38 21 och
535 1282 184 26 ihågkommande,
736 1288 46 15 men
793 1281 114 27 ingalunda

81 1315 26 14 en
130 1309 97 22 lefvande
249 1316 52 15 sann
323 1310 98 27 religions
444 1311 150 26 undervisning
615 1311 5 20 i
637 1310 59 22 Guds
711 1310 96 21 lefvande
823 1310 44 24 ord,
883 1312 24 20 är

78 1337 36 27 jag
130 1337 47 22 med
193 1338 98 22 afseende
306 1340 13 21 &
334 1339 39 22 allt
388 1339 65 26 detta,
470 1339 122 27 öfvertygad
608 1345 41 20 om,
666 1341 31 19 att
712 1339 62 26 ingen
787 1339 22 21 af
818 1345 34 15 oss
865 1339 41 21 kan

80 1372 51 15 anse
147 1366 35 21 det
198 1366 32 21 för
245 1371 70 22 annat,
332 1370 26 19 än
373 1369 77 26 ytterst
466 1368 81 27 vigtigt,
563 1370 33 19 att
610 1368 21 21 få
646 1368 34 21 vid
696 1368 37 21 vär
748 1368 46 21 sida
807 1367 30 22 till
851 1367 56 22 kloc-

80 1395 57 25 kare,
160 1395 71 21 hvilka
254 1396 35 21 det
311 1397 80 26 äligger
408 1399 32 18 att
456 1397 6 20 i
479 1397 39 21 den
534 1397 66 21 första
615 1397 98 26 religions
729 1396 176 27 undervisningen

79 1422 82 23 biträda
184 1430 41 18 oss,
250 1424 79 22 sädana
351 1427 48 20 män
422 1431 46 15 som
491 1427 37 19 äro
550 1425 109 27 förmögne
681 1425 22 21 af
720 1431 26 15 en
762 1431 52 15 sann
830 1425 75 21 under-

79 1451 81 28 visning
176 1453 27 26 pä
219 1453 38 21 den
274 1454 117 27 mundtliga
405 1454 259 26 undervisningsgrunden
680 1454 5 20 i
702 1453 39 22 den
757 1453 70 27 heliga
842 1453 64 22 histo-

78 1480 51 26 rien,
149 1481 23 21 sä
195 1483 32 20 att
249 1481 26 22 de
297 1483 34 20 mä
354 1482 70 21 kunna
447 1484 77 25 tränga
539 1482 31 21 till
587 1483 40 20 den
643 1482 94 21 innersta
753 1482 79 21 kärnan
848 1482 6 21 i
870 1482 36 21 det

77 1509 122 27 gudomliga
221 1510 66 21 ordet.
303 1523 28 3 —
346 1512 42 20 Det
410 1513 24 18 är
449 1510 23 22 af
486 1511 78 21 sädana
580 1511 52 24 skäl,
649 1511 39 21 och
704 1511 26 21 dä
743 1510 37 27 jag
795 1511 32 20 för
843 1510 62 27 ingen

78 1536 34 22 del
133 1537 40 22 kan
189 1539 112 26 godkänna
317 1539 92 22 hvarken
426 1539 116 22 utskottets
556 1539 135 22 betänkande
707 1539 52 21 eller
775 1539 26 21 de
817 1538 88 22 motiver
