1117 1817
235 128 42 21 272
445 132 162 18 Presteständet
620 132 54 17 1872.
688 132 11 17 7
711 136 62 12 mars.

199 214 24 21 sä
243 216 39 19 när
295 214 83 26 jemlikt
393 216 49 23 sätt,
458 214 24 20 sä
497 215 32 19 att
544 212 42 21 alla
601 213 126 21 innevänare
743 212 6 21 i
766 212 55 27 stad,
837 212 68 22 skulle
921 212 83 27 deltaga
1019 212 6 21 i

199 242 199 22 stadskommunens
420 241 132 27 rättigheter,
568 242 69 20 säsom
653 241 138 21 medlemmar
806 241 6 20 i
829 241 46 26 den,
891 241 39 22 och
945 240 81 22 säledes

200 271 64 21 ocksä
279 271 172 26 skyldigheterna
467 269 64 22 blifva
548 269 112 22 desamma.
692 269 41 21 Det
748 271 25 19 är
788 269 89 26 säledes,
893 269 64 27 enligt
972 269 54 22 hvad

197 299 36 27 jag
256 299 41 21 kan
320 298 62 25 finna,
406 305 25 15 en
454 298 80 27 verklig
550 298 107 26 rättighet,
674 304 44 15 som
734 300 121 19 motsvarar
871 298 67 21 denna
953 297 73 26 ifräga-

200 327 92 22 varande
313 327 127 26 skyldighet,
462 327 92 22 hvilken,
570 333 75 20 genom
661 326 148 27 upphäfvande
825 326 22 21 af
860 327 166 26 presterskapets

199 355 126 28 privilegier,
341 355 68 22 skulle
423 356 91 21 inträda.
538 355 40 26 Jag
594 361 62 15 anser
670 355 64 21 ocksä
750 355 26 26 ej,
793 357 32 19 att
841 355 36 22 det
891 355 67 22 skulle
971 355 56 26 tjena

200 384 32 21 till
248 385 64 26 nägot
327 387 32 18 att
375 384 85 21 dermed
477 384 66 26 draga
558 386 24 18 ut
597 384 27 26 pä
639 384 66 25 tiden;
722 386 23 24 ty
761 383 44 21 förr
820 383 52 22 eller
883 390 74 15 senare
968 383 59 22 skola

201 413 154 26 otvifvelaktigt
377 413 61 21 dessa
460 412 160 27 ifrägavarande
636 411 164 28 bestämningar,
816 412 127 21 ätminstone
959 413 68 25 nägon

201 441 33 21 del
259 441 22 22 af
301 441 52 25 dem,
377 441 85 21 komma
484 443 32 19 att
531 441 21 20 få
567 440 56 27 gifva
638 441 54 20 vika.
722 440 41 27 Jag
778 440 68 21 skulle
862 441 63 20 likväl
941 443 32 18 tro
988 442 39 23 att,

200 471 69 20 säsom
293 470 64 21 ocksä
379 469 56 22 förut
450 469 68 21 blifvit
536 469 80 27 antydt,
633 470 69 25 nägon
718 469 91 21 skillnad
825 469 40 21 bör
879 469 71 21 kunna
965 471 62 24 göras

200 498 77 21 mellan
301 498 56 21 olika
380 498 128 27 paragrafer,
531 504 45 14 som
600 497 5 20 i
628 498 117 21 utskottets
767 497 134 22 betänkande
919 498 108 26 päpekats.

201 527 61 21 Efter
277 527 55 21 hvad
346 527 35 26 jag
397 529 45 18 tror
457 526 42 26 mig
515 529 54 22 veta,
586 525 39 22 har
640 532 47 15 man
698 526 57 21 inom
767 526 72 26 sjelfva
851 527 103 20 utskottet
965 526 63 21 ocksä

201 555 41 21 fäst
263 556 60 25 ringa
344 555 97 22 afseende
464 555 34 21 vid
522 555 121 26 betydelsen
656 554 22 22 af
692 554 26 21 de
734 554 164 27 bestämningar,
914 561 44 15 som
974 554 54 22 före-

201 584 86 21 komma
304 584 6 21 i
325 585 12 20 7
353 584 39 21 och
410 585 24 20 12
450 583 32 28 8&,
498 583 111 22 hvaremot
624 583 39 22 den
682 583 59 21 10:de
757 585 24 19 är
797 584 46 22 den,
859 589 45 16 som
920 583 38 22 här
969 585 23 20 är
1007 583 23 22 af

201 613 50 26 vigt.
282 613 40 26 Jag
345 612 68 21 skulle
435 612 33 21 för
490 611 43 22 min
552 611 33 22 del
602 612 17 25 ej
636 614 33 19 tro
686 614 31 19 att
732 613 11 20 7
761 612 39 21 och
820 613 23 20 12
860 612 28 28 88
904 612 26 21 ha
945 613 23 20 sä
983 614 45 19 stor

201 640 109 27 betydelse
331 641 32 20 för
385 641 138 21 kommunens
546 641 150 26 organisation,
719 642 33 19 att
775 641 62 20 deras
860 641 167 26 upphäfvande
1013 636 19 35 i

202 669 159 26 ifrägavarande
385 669 119 21 hänseende
526 675 49 15 vore
591 675 37 14 ens
644 668 105 27 behöfligt.
781 669 33 21 De
829 669 55 21 bäda
899 669 129 21 sistnämnda

201 697 25 27 88
249 697 76 21 beröra
348 698 102 26 nemligen
468 697 79 21 sådana
563 696 158 27 privilegierade
737 697 144 27 stadsgärdar,
897 704 44 14 som
957 698 71 24 kunna

202 726 110 21 betraktas
328 726 68 21 såsom
411 726 93 26 publika,
521 726 19 20 d.
557 732 19 16 v.
591 732 16 14 s.
624 726 68 20 såsom
709 726 140 21 kommunens
865 726 100 26 egendom
977 726 51 21 eller

202 756 81 20 statens
307 755 108 26 egendom,
438 754 104 26 nemligen
566 754 181 26 presteboställen,
774 754 120 27 bolgärdar.
919 754 54 22 skol-
989 754 39 22 och

202 783 135 21 universitets
357 782 77 28 gärdar
457 782 39 22 och
518 782 76 28 dylika.
625 782 65 22 Skola
712 782 80 22 sädana
815 783 83 26 deltaga
916 783 3 20 i
934 783 94 21 kommu-

202 817 52 15 nens
277 814 71 24 tunga,
371 812 23 20 sä
417 813 23 19 är
463 811 35 21 det
514 811 57 21 klart
592 813 32 19 att
639 811 39 21 den
695 810 62 27 utgift
773 811 48 21 dem
838 811 86 21 dermed
938 811 89 27 päföres,

203 840 67 21 mäste
293 840 46 21 dem
363 841 26 26 pä
404 842 65 19 annat
489 842 43 18 sätt
548 841 96 19 ersättas.
675 840 64 20 Detta
756 846 50 14 vore
822 840 74 21 endast
911 846 25 14 en
952 840 76 26 onödig

203 869 96 25 omgäng,
317 868 37 22 och
371 868 36 21 det
421 868 107 29 förefaller
544 868 42 26 mig
600 868 69 21 säsom
681 874 33 14 om
726 868 26 20 de
763 868 56 21 bäda
829 869 119 26 punkterna
959 868 69 22 kunde

202 903 65 20 gerna
290 898 33 20 stä
345 896 83 22 orörda.
458 897 103 21 Deremot
581 896 55 21 hvad
654 898 25 19 10
695 896 94 26 punkten
806 896 106 27 beträffar,
928 898 23 20 sä
967 902 61 16 anser

200 925 42 26 jag,
269 927 32 19 att
328 925 36 21 det
393 925 6 21 i
424 925 98 21 afseende
551 925 13 21 &
590 924 40 22 den
655 931 50 15 vore
732 925 99 26 önskligt,
859 928 31 19 att
917 925 35 21 det
978 925 50 27 hög-

202 953 87 27 vördiga
310 954 85 21 ständet
415 953 69 22 skulle
505 953 49 27 ingä
575 953 27 27 pä
622 954 35 20 det
676 953 85 27 förslag,
777 960 45 15 som
839 954 21 21 af
874 953 154 22 kommunalut-

202 982 81 21 skottet
298 982 39 22 har
351 983 73 26 gjorts.
454 982 75 21 Likväl
544 984 46 19 tror
603 982 35 26 jag
655 984 38 24 att,
709 982 69 21 såsom
795 982 60 22 äfven
871 982 22 22 af
904 983 65 26 några
981 982 46 21 blif-

203 1010 29 21 vit
247 1010 118 27 föreslaget,
381 1011 65 26 nägot
461 1010 98 22 afseende
575 1010 65 21 borde
655 1010 65 22 fästas
735 1010 82 22 kanske
827 1011 34 21 vid
873 1017 24 15 en
909 1011 39 21 och
960 1017 67 15 annan

203 1040 111 20 ömmande
336 1039 162 27 omständighet,
520 1045 45 15 som
588 1038 32 22 för
638 1039 135 26 ögonblicket
788 1040 41 20 kan
845 1039 94 21 medföra
954 1039 74 21 förlust

202 1067 32 21 för
249 1068 101 21 enskilda.
374 1068 40 26 Jag
429 1070 46 18 tror
490 1070 32 18 att
538 1068 36 20 det
589 1074 50 14 vore
654 1067 46 21 skäl
717 1069 37 24 att,
769 1068 70 21 såsom
850 1068 106 26 professor
966 1068 62 21 Cleve

202 1096 101 27 förordat,
325 1097 32 20 för
379 1096 66 22 enkor
463 1096 39 21 och
518 1096 142 26 minderåriga
676 1096 51 21 barn
743 1099 56 18 samt
815 1096 105 22 måhända
934 1096 42 21 alla
992 1103 36 14 nu-

202 1125 92 20 varande
317 1125 135 20 innehafvare
475 1124 22 21 af
516 1124 147 27 privilegierad
685 1124 100 26 fastighet
807 1124 7 21 i
836 1126 47 20 stad
906 1125 76 20 föreslå
1002 1131 25 14 en

202 1153 190 26 preskriptionstid,
415 1159 45 14 som
484 1153 70 20 kunde
577 1153 63 21 räcka
655 1155 15 18 t.
686 1159 31 14 ex.
736 1153 3 20 i
756 1153 26 21 10
797 1153 29 21 år.
858 1153 33 21 Då
906 1159 48 15 man
969 1156 59 23 tager

202 1181 6 22 i
231 1181 146 27 betraktande,
398 1183 31 19 att
445 1187 25 15 en
486 1181 53 26 gård
554 1181 7 20 i
576 1181 53 27 stad,
644 1187 46 15 som
705 1181 39 21 har
760 1181 67 22 blifvit
843 1182 52 26 köpt
910 1182 22 21 af
945 1187 25 16 en
986 1181 42 27 pri-

202 1209 115 27 vilegierad
339 1216 76 21 person
438 1210 6 20 i
467 1210 36 21 det
522 1212 58 19 stora
595 1209 46 22 hela
658 1209 17 27 ej
692 1209 39 22 har
746 1210 73 21 kostat
834 1210 79 21 honom
929 1216 57 15 mera
1001 1212 27 19 än

203 1238 40 21 den
261 1238 69 22 skulle
345 1239 26 21 ha
386 1238 78 25 kostat,
480 1239 6 20 i
500 1237 36 22 fall
552 1239 41 20 han
609 1238 17 27 ej
643 1238 54 21 varit
713 1238 153 27 privilegierad,
883 1239 87 21 emedan
985 1239 42 20 han

203 1267 17 26 ej
244 1267 116 26 vanligtvis,
384 1267 51 21 eller
456 1266 130 22 åtminstone
604 1267 5 20 i
626 1267 62 26 högst
703 1267 20 20 få
738 1267 43 26 fall,
797 1267 39 21 har
851 1268 69 25 någon
936 1267 92 26 egentlig

202 1295 132 22 konkurrens
350 1295 21 21 af
385 1295 65 22 andra
464 1295 166 27 privilegierade,
646 1295 23 21 så
685 1295 41 21 kan
743 1301 48 16 man
807 1296 18 26 ej
841 1296 24 21 så
880 1295 86 22 alldeles
976 1295 52 27 högt

202 1324 115 26 uppskatta
337 1324 39 21 den
397 1323 76 22 förlust
492 1323 42 22 han
557 1323 68 22 skulle
646 1323 43 22 lida
704 1330 76 20 genom
796 1324 129 27 privilegiets
940 1324 88 27 upphäf-

202 1352 74 21 vande.
307 1353 42 20 Får
364 1352 41 21 han
421 1352 38 21 allt
475 1351 131 22 fortfarande
622 1352 69 26 någon
706 1352 31 21 tid
753 1352 76 21 framåt
845 1355 62 22 ännu,
923 1356 14 19 t.
953 1359 31 15 ex.
996 1354 32 19 ett

202 1380 51 21 visst
274 1381 57 21 antal
353 1381 30 25 år,
405 1381 83 26 åtnjuta
509 1387 81 14 samma
612 1380 106 22 förmåner
735 1387 46 15 som
797 1381 82 26 hittills,
894 1382 23 20 så
933 1381 39 21 bör
987 1381 41 21 den

202 1408 81 26 förlust,
307 1415 45 15 som
375 1409 41 21 han
432 1409 98 27 möjligen
546 1409 38 21 har
600 1409 80 21 kunnat
695 1411 58 24 göra,
770 1415 51 16 vara
836 1410 77 21 honom
929 1409 32 21 till
976 1409 51 22 fullo

202 1440 72 18 ersatt.
305 1437 106 27 Föröfrigt
432 1437 39 22 har
490 1437 37 27 jag
550 1437 32 22 för
598 1437 41 21 min
656 1437 33 22 del
705 1437 109 27 ingenting
829 1440 63 23 emot,
909 1440 31 19 att
955 1437 73 26 frågan

202 1465 123 28 hänskjutes
341 1466 31 21 till
389 1466 95 21 enskilda
498 1466 200 26 besvärsutskottet,
717 1466 124 27 isynnerhet
853 1473 34 14 om
898 1466 84 21 ståndet
992 1466 36 21 vill

202 1496 33 20 att
257 1495 66 26 några
342 1497 96 18 närmare
458 1494 159 27 bestämningar
636 1494 61 22 skola
717 1494 95 27 föreslås,
834 1495 25 21 så
873 1495 62 21 torde
949 1495 79 21 sådana

202 1523 121 27 lämpligast
338 1523 71 21 kunna
424 1523 120 21 diskuteras
560 1523 22 21 af
597 1529 25 15 en
638 1525 86 24 trängre
739 1523 66 22 krets.
