1117 1817
336 110 162 18 Presteständet
512 111 54 16 1872.
594 111 12 16 9
619 111 57 20 april.
854 106 41 20 567

303 230 63 27 Den
384 230 18 27 9
420 229 81 34 april
519 229 41 27 kl.
579 230 31 26 11
630 229 21 26 f.
671 237 38 19 m.

166 303 171 22 Sammanträdet
353 303 107 28 öppnades
476 304 47 21 med
540 303 44 21 bön
597 305 27 26 på
638 303 67 21 finska
721 304 86 26 språket
823 303 22 22 af
855 304 70 21 lektor

96 331 157 27 Johnsson;
277 332 106 21 hvarefter
405 338 81 21 upprop
510 332 85 25 skedde,
615 332 72 21 dervid
702 338 86 20 prosten
804 332 65 21 Lilius
886 333 38 21 och

98 361 77 20 doktor
197 360 106 27 Alopaeus
326 361 142 21 antecknades
490 361 69 21 såsom
579 361 145 25 frånvarande,
741 361 39 20 den
795 360 57 22 förre
867 361 5 20 i
889 367 34 15 an-

97 389 77 21 seende
189 389 32 21 till
237 389 129 21 fortfarande
381 389 99 26 ledighet,
498 389 39 21 och
553 389 41 21 den
609 395 74 15 senare
699 389 32 20 för
747 389 144 26 opasslighet.'

165 531 124 22 Justerades
304 531 40 22 fem
361 531 196 28 protokollsutdrag
572 531 32 22 för
621 532 39 21 den
677 533 12 20 6
705 532 84 21 dennes.

165 680 40 21 Till
219 680 102 26 justering
337 680 107 27 upplästes
460 680 132 27 protokollet
607 680 33 20 för
655 680 39 21 den
713 682 24 20 19
753 680 95 22 sistlidne
860 687 62 15 mars.

165 828 134 28 Föredrogos
319 829 38 21 och
373 828 143 22 antecknades
532 828 92 27 följande
640 828 46 22 från
703 828 175 27 borgareståndet
893 834 30 16 1n-

97 858 77 20 komna
190 858 195 26 protokollsutdrag
400 858 32 20 för
448 858 40 20 den
506 858 12 20 3
534 858 88 20 dennes:

165 929 22 20 a)
203 926 48 20 med
267 926 201 26 tillkännagifvande
485 926 79 25 derom,
581 928 32 18 att
628 926 85 20 ståndet
723 926 46 20 icke
780 926 81 20 kunnat
871 925 52 27 god-

97 954 70 21 känna
190 954 77 26 nådiga
290 954 157 27 propositionen
471 960 34 15 om
528 954 65 21 sådan
617 954 89 26 ändring
726 954 22 20 af
763 955 26 20 16
805 954 10 26 $
834 955 25 20 10
875 954 47 26 kap.

97 982 130 26 Rättegångs
243 982 87 27 Balken,
347 985 31 19 att
394 982 114 27 egotvister
526 982 88 22 emellan
630 982 165 22 kronohemman
812 982 111 22 framdeles

97 1011 59 21 skola
178 1010 23 22 af
222 1011 106 21 allmänna
353 1011 114 21 domstolar
490 1013 103 25 upptagas
609 1011 38 21 och
664 1011 89 26 afgöras,
769 1010 39 22 och
824 1011 17 26 ej
857 1010 67 22 heller

97 1040 150 26 lagutskottets
271 1040 97 20 deröfver
390 1040 77 26 afgifna
491 1040 141 23 betänkande,
651 1042 50 18 utan
717 1040 83 20 förenat
815 1040 31 26 sig
861 1039 7 21 i
884 1039 39 21 den

97 1068 21 21 af
132 1068 49 21 herr
198 1074 39 15 von
254 1068 87 21 Hellens
357 1071 43 18 mot
416 1068 145 21 betänkandet
576 1068 73 26 gjorda
666 1068 38 21 och
720 1068 22 21 af
756 1068 49 20 herr
821 1068 103 26 Cajander

96 1096 98 21 biträdda
209 1097 140 24 reservation;

165 1159 20 26 b)
201 1159 109 26 angående
331 1159 161 26 godkännande,
512 1159 54 21 efter
581 1159 103 21 särskilda
700 1159 112 26 ändringar
827 1159 38 21 och
882 1159 41 20 till-

96 1187 55 26 lägg,
174 1187 21 21 af
218 1188 76 26 nådiga
309 1187 159 27 propositionen
484 1194 34 15 om
534 1188 89 26 ändring
639 1187 21 21 af
674 1188 29 20 20
719 1188 12 26 $
746 1187 30 21 uti
792 1187 77 26 nådiga
884 1187 40 21 för-

96 1216 123 25 ordningen,
235 1217 110 26 angäende
361 1216 75 21 handel
452 1215 39 22 och
508 1216 98 27 näringar
621 1216 6 21 i
643 1216 96 25 Finland,
755 1215 68 27 gifven
841 1216 40 21 den
897 1217 26 19 24

96 1243 92 22 februari
206 1245 63 24 1868;
287 1245 38 20 och

165 1308 18 24 €)
199 1307 91 21 rörande
306 1307 155 26 godkännande
476 1307 22 21 af
512 1309 152 19 sammansatta
682 1310 63 18 stats-
761 1307 40 21 och
817 1307 106 21 ekonomi-

96 1335 116 21 utskottets
227 1335 135 22 betänkande
377 1335 6 21 i
400 1336 112 26 anledning
528 1335 22 22 af
559 1336 77 25 nädiga
647 1336 158 27 propositionen
817 1335 107 27 angäende

96 1363 73 27 anslag
184 1363 22 21 af
220 1363 194 28 bevillningsmedel
429 1364 32 21 till
478 1371 25 14 en
519 1365 79 20 anstalt
613 1364 32 21 för
661 1364 109 21 klockares
786 1364 39 21 och
842 1364 81 26 organi-

96 1395 55 18 sters
166 1391 101 28 bildning.
