1117 1817
219 120 42 20 256
433 125 163 17 Presteståndet
610 126 52 16 1872.
688 126 11 17 7
711 129 62 13 mars.

219 233 170 33 Torsdagen
408 233 57 27 den
484 233 16 27 7
519 240 81 19 mars
620 233 67 28 1872
704 233 41 26 kl.
766 233 33 27 12
817 233 169 32 middagen.

260 302 61 21 Efter
336 302 35 21 det
387 301 40 22 bön
443 303 28 25 på
486 302 91 21 svenska
592 301 87 27 språket
694 301 67 21 blifvit
778 302 103 21 förrättad
897 302 23 21 af
932 303 86 26 prosten

190 331 111 26 Borenius,
324 330 79 22 skedde
426 336 89 21 upprop,
539 330 87 21 hvarvid
647 331 96 20 ståndets
767 331 98 26 samtlige
881 330 138 21 medlemmar

191 359 103 22 befunnos
310 359 136 21 närvarande.

260 490 141 21 Elektorerna
423 490 92 21 anmälte
538 491 33 20 att
587 490 33 25 de,
643 490 64 27 enligt
723 490 48 21 dem
787 490 66 27 gifvet
868 491 102 26 uppdrag,
986 490 32 21 till

191 519 67 25 fjerde
284 519 92 21 ledamot
399 519 5 20 i
428 519 106 21 allmänna
561 518 191 21 besvärsutskottet
779 521 68 19 utsett
876 519 43 21 vice
946 521 73 24 pastor

191 547 108 25 Lilius;
323 547 87 22 hvarom
434 547 17 26 ej
476 547 82 21 mindre
573 547 97 21 bemälda
686 547 83 21 utskott
784 550 26 19 än
828 548 119 27 respektive
963 547 56 21 med-

191 576 91 21 stånden
299 576 64 21 borde
377 582 76 20 genom
470 575 197 28 protokollsutdrag
682 576 141 21 underrättas.

262 707 225 27 Protokollsutdragen
509 706 33 22 för
562 706 41 22 den
630 708 12 20 5
666 706 77 22 dennes
768 707 108 27 upplästes
899 707 31 21 till
950 707 68 27 juste-

191 736 46 26 ring
264 735 105 22 äfvensom
402 735 134 27 protokollen
564 735 32 21 för
621 735 40 21 den
688 736 31 25 15,
749 737 24 19 17
800 736 39 21 och
867 736 25 21 19
916 736 101 21 sistvikne

191 764 109 22 Februari.

260 896 119 26 Föredrogs
395 895 52 21 hans
463 894 98 22 Exellens
577 894 234 27 Generalguvernörens
827 895 108 22 skrifvelse
947 895 22 21 af
978 895 39 21 den

193 925 36 23 (22
245 924 63 21 Febr.
325 925 12 19 5
353 924 73 25 Mars),
444 923 21 21 af
479 923 100 25 innehäll,
596 926 32 18 att
643 923 58 21 Hans
717 923 56 27 Kejs.
791 923 39 21 M:t
846 924 69 20 täckts
931 924 5 20 i
952 924 66 20 näder

191 952 108 25 förordna,
324 953 35 20 det
382 952 33 21 mä
438 952 72 26 frägan
534 958 34 15 om
592 952 137 20 statsverkets
753 952 135 26 godtgörelse
908 952 33 21 för
957 952 25 21 de
998 951 22 22 af

191 981 138 21 statsmedlen
345 980 117 27 förskjutna
473 980 147 21 annuiteterna
634 980 12 21 å
655 980 162 26 jernvägslänen
829 980 32 21 för
875 981 143 21 1868—1870

191 1010 40 21 och
250 1010 51 21 1871
319 1009 115 22 tillsvidare
449 1008 81 22 lemnas
546 1009 111 21 beroende.

260 1066 10 21 I
293 1066 152 26 sammanhang
469 1066 87 20 härmed
579 1066 108 26 upplästes
709 1064 46 22 frän
777 1066 116 21 relationen
910 1066 108 26 angäende

191 1095 139 21 statsverkets
345 1094 103 27 tillstånd,
471 1094 55 21 hvad
542 1094 48 21 med
606 1094 97 21 afseende
718 1095 13 20 å
746 1094 137 22 utfärdandet
898 1094 22 22 af
934 1094 40 21 den
990 1101 28 15 nu

190 1124 113 25 ätertagna
318 1123 158 27 propositionen
492 1124 12 19 å
520 1123 60 20 sidan
597 1124 13 19 6
626 1122 66 21 finnes
707 1123 94 22 nämndt,

261 1254 120 26 Föredrogs
405 1255 30 20 ett
456 1253 46 22 från
519 1253 156 22 bondeståndet
690 1253 116 22 inkommet
822 1253 197 27 protokollsutdrag

191 1282 22 21 af
236 1283 40 20 den
303 1284 24 20 19
351 1283 109 24 Februari,
484 1283 59 20 hvari
568 1282 156 27 presteståndet
739 1282 98 26 inbjudes
853 1283 32 20 att
900 1281 70 22 förena
987 1282 32 26 sig

192 1317 33 15 om
242 1313 78 19 tvänne
343 1311 22 21 af
386 1311 203 26 landtdagsmännen
614 1311 23 20 A.
655 1311 109 20 Meurman
781 1310 38 21 och
836 1310 95 21 Heikura
947 1311 73 21 inlem-

191 1339 51 21 nadt
258 1339 180 27 petitionsförslag
454 1346 33 14 om
503 1339 107 26 åtskilliga
626 1339 149 21 skolväsendet
789 1339 92 21 rörande
896 1338 77 27 frågor.

261 1397 32 20 På
308 1396 153 27 framställning
478 1396 20 21 af
512 1396 50 21 herr
578 1396 161 21 talmannen
755 1395 70 22 beslöt
845 1395 86 22 ståndet
946 1395 74 21 enhäl-

191 1425 39 26 ligt
245 1427 34 18 att
289 1427 78 25 antaga
382 1425 92 21 berörda
488 1425 134 26 inbjudning;
639 1425 86 20 hvarom
742 1424 197 45 BrOfoKONSUtdrag
952 1423 68 22 skulle

191 1453 32 21 till
239 1453 156 22 bondeståndet
411 1453 129 27 expedieras.
