1117 1817
335 135 163 18 Presteståndet
510 136 56 17 1872.
590 137 22 16 19
626 136 50 17 febr.
854 132 39 20 127

162 216 119 25 Föredrogs
295 215 230 26 generalguvernörens
540 215 109 21 skrifvelse
665 216 21 20 af
700 216 40 20 den
758 216 24 20 17
799 216 31 27 (5)
841 216 78 22 dennes

91 244 66 27 jemte
179 243 84 27 bifogad
286 259 6 10 ,
297 243 97 26 Relation
411 243 31 22 till
459 243 101 22 Finlands
575 245 25 20 år
617 245 54 20 1872
687 243 126 22 församlade
829 245 92 22 Ständer

94 279 34 15 om
149 272 142 21 Statsverkets
311 272 101 21 tillstånd.
443 272 97 27 Afgifven
556 272 22 21 af
592 272 241 27 Finans-Expeditionen
849 273 6 21 i
871 273 51 27 Kej-

93 301 77 26 serliga
185 300 91 22 Senaten
292 300 33 22 för
340 300 89 21 Finland
446 301 40 20 den
502 301 28 20 20
542 301 85 26 januari
645 301 75 21 1872".

161 357 126 22 Skrifvelsen
303 357 39 22 och
359 357 115 22 relationen
490 357 23 22 af
526 357 85 22 hvilken
627 357 107 28 exemplar
749 358 92 22 utdelats
858 359 63 22 bland

93 386 95 22 ståndets
204 386 143 26 medlemmar,
363 386 113 21 bordlades
492 386 31 21 till
540 389 60 18 nästa
616 387 161 21 sammanträde.

162 529 119 27 Föredrogs
303 529 125 22 ständernas
450 529 202 27 bankfullmäktiges
674 529 117 27 bordlagda
812 529 108 22 skrifvelse

93 557 21 21 af
136 557 39 22 den
198 559 24 20 31
245 559 82 26 januari
348 558 65 27 jemte
436 558 182 27 kostnadsförslag
640 558 31 21 till
695 560 46 25 nytt
764 558 97 21 bankhus
881 559 39 21 och

93 587 310 26 tomtvärderingsinstrument.

162 643 48 22 Med
230 643 112 27 anledning
362 643 60 22 häraf
436 643 104 28 begärdes
558 644 61 21 ordet
635 643 22 22 af
667 643 84 22 Doktor
766 643 151 27 Alopaeus,

92 677 45 15 som
152 673 93 26 yttrade:
269 673 94 20 Emedan
379 672 131 26 ritningarna
521 672 32 21 till
564 673 6 19 i
582 672 58 26 fråga
651 672 92 21 varande
754 672 97 21 bankhus
862 675 56 18 ännu

92 700 18 26 ej
127 700 54 21 varit
196 700 129 27 tillgängliga
341 700 32 21 för
383 702 96 20 ståndets
492 700 144 27 medlemmar,
647 700 64 27 yrkar
719 701 36 26 jag
766 700 153 27 bordläggning

92 728 22 22 af
128 728 152 28 handlingarna
295 729 32 21 till
343 729 47 21 dess
405 729 132 27 ritningarna
552 730 90 21 kommit
657 729 85 22 ståndet
757 729 32 21 till
804 729 75 21 handa.

161 786 88 21 Ståndet
271 786 100 21 förenade
393 786 31 26 sig
447 786 6 20 i
476 786 78 22 doktor
569 786 88 28 Alopaei
673 786 79 27 förslag
767 786 40 22 och
822 786 97 21 handlin-

91 820 65 21 garna
171 814 112 22 bordlades
299 814 55 28 förty
369 814 129 28 ytterligare.

85 975 3 3 ;
159 957 119 27 Föredrogs
301 958 123 21 ständernas
448 958 200 27 hbankfullmäktiges
671 958 117 26 bordlagda
808 957 109 22 skrifvelse

90 986 24 21 af
134 985 39 21 den
197 986 22 20 31
243 986 84 26 januari
343 986 66 27 jemte
423 986 79 27 förslag
518 986 31 22 till
564 989 47 25 nytt
626 986 128 27 reglemente
769 986 32 21 för
817 986 100 21 Finlands

90 1014 63 26 bank,
169 1014 80 22 hvilket
265 1016 26 26 på
307 1014 78 27 förslag
400 1014 22 22 af
436 1015 78 21 doktor
530 1015 106 27 Alopaeus
651 1015 147 21 remitterades
809 1014 31 22 till
851 1015 66 21 bank-

90 1043 111 21 utskottet.

158 1185 120 27 Föredrogs
293 1185 107 27 professor
415 1185 91 22 Cleves
522 1185 118 27 bordlagda
655 1185 210 28 petitionsmemorial
881 1192 36 15 an-

89 1214 81 26 gående
185 1214 107 27 åtskilliga
307 1214 149 21 skolväsendet
471 1214 91 21 rörande
576 1214 185 27 angelägenheter.

157 1271 10 21 I
183 1271 112 27 anledning
311 1271 59 22 deraf
384 1271 84 27 yttrade
484 1271 40 27 sig:

157 1328 142 27 Domprosten
322 1328 79 27 Borg:
431 1327 41 27 Jag
495 1328 39 21 har
552 1327 75 27 begärt
643 1327 67 27 ordet,
726 1327 33 22 för
773 1329 33 20 att
821 1326 31 22 till
868 1333 48 21 pro-

89 1356 89 21 tokollet
201 1356 20 21 få
237 1357 128 21 antecknadt
380 1357 39 21 och
435 1356 101 22 remissen
552 1356 32 21 till
600 1356 159 21 vederbörande
774 1356 83 21 utskott
873 1355 43 21 vid-

88 1385 72 26 fogadt
181 1385 56 21 hvad
257 1385 36 26 jag
315 1385 6 21 i
343 1385 86 22 korthet
444 1391 63 15 anser
522 1385 42 26 mig
579 1385 52 21 böra
647 1385 69 21 erinra
731 1385 35 20 vid
782 1385 35 20 det
833 1383 22 22 af
868 1390 49 21 pro-

86 1413 81 22 fessorn
184 1413 63 22 Cleve
262 1413 119 22 inlemnade
397 1413 39 22 och
452 1413 33 21 till
502 1414 59 21 detta
576 1413 85 27 plenum
677 1413 118 26 bordlagda
805 1412 111 27 petitions-

86 1441 80 28 förslag
181 1443 90 20 rörande
287 1442 85 21 skolans
387 1442 6 21 i
409 1442 47 21 vårt
472 1441 68 22 finska
556 1442 116 21 fosterland
683 1443 24 20 så
716 1444 78 25 ytterst
805 1441 112 22 ömmande

87 1471 183 26 angelägenheter.
299 1471 40 26 Jag
355 1470 99 22 omfattar
470 1471 6 20 i
493 1471 41 26 dag
549 1471 43 20 lika
607 1472 69 19 varmt
690 1477 46 14 som
752 1470 34 21 vid
797 1470 40 21 den
849 1469 68 22 första

86 1499 176 27 föredragningen
277 1499 202 27 petitionsförslaget
494 1499 6 20 i
517 1499 48 21 dess
580 1499 141 27 hufvudsyfte,
735 1498 39 22 och
785 1505 62 15 anser
857 1498 59 21 stån-

87 1527 35 22 det
145 1527 48 22 med
215 1527 48 22 fullt
285 1528 46 21 skäl
346 1527 62 22 hafva
423 1527 99 28 upptagit
538 1527 118 22 detsamma
670 1528 71 21 såsom
755 1527 48 25 sitt;
819 1533 48 15 men
879 1526 37 27 jag
