1117 1817
222 126 40 20 192
434 131 161 18 Presteståndet
608 132 54 17 1872.
687 132 26 16 23
726 131 53 17 febr.

191 211 101 21 remissen
312 211 32 21 till
359 218 79 15 samma
454 211 87 26 utskott,
558 218 33 14 om
607 211 105 27 nemligen
728 212 91 21 ärendet
834 211 95 22 kommer
944 212 32 20 att
991 211 31 21 dit

191 240 127 21 remitteras.

261 297 120 21 Statsrådet
403 296 135 21 Lindelöf
559 296 38 21 och
620 299 86 24 prosten
725 296 81 25 Hjelt
821 297 79 27 ansågo
916 299 32 19 att
963 296 59 27 fråga

191 325 57 21 blott
264 325 65 21 borde
345 325 64 21 blifva
424 331 34 15 om
471 325 79 21 remiss,

262 382 80 21 Lektor
377 381 131 22 Johnsson:
532 382 40 26 Jag
587 382 49 21 ville
652 382 63 21 också
731 382 56 21 blott
798 384 119 23 omnämna,
931 384 33 19 att
975 383 47 20 mitt

192 411 136 26 andragande
344 411 17 26 ej
378 417 37 14 var
430 411 5 20 i
452 411 35 20 det
502 410 53 27 syfte
570 413 33 18 att
618 410 112 21 framkalla
746 411 71 26 någon
833 411 125 25 diskussion,
971 413 50 19 utan

192 442 32 19 att
239 439 20 21 få
276 440 35 20 det
328 439 29 21 till
373 439 133 27 protokollet,
523 439 32 21 för
570 441 32 19 att
617 439 74 26 åtfölja
705 439 110 21 remissen.

261 496 32 21 På
313 496 151 26 framställning
480 496 22 21 af
518 496 49 21 herr
583 496 169 26 talmannen,
769 496 71 21 beslöt
855 497 84 21 ståndet
950 495 72 22 enhäl-

192 524 38 27 ligt
245 528 32 17 act
293 525 108 20 remittera
416 525 115 26 petitionen
548 525 31 20 till
596 525 106 20 allmänna
717 525 202 21 besvärsutskottet.

261 581 50 22 Vice
327 584 72 24 pastor
414 581 179 22 Westerlund
610 581 70 22 anhöll
697 588 28 14 nu
741 588 34 15 om
793 582 62 21 ordet
868 582 38 21 och
917 582 105 25 genmälte

192 609 71 22 lektor
284 610 105 21 Johnsson
413 611 46 20 med
482 610 100 26 följande:
612 610 41 27 Jag
676 611 66 20 måste
758 610 135 27 naturligtvis
910 609 110 27 medgifva,

192 641 32 18 att
247 639 84 26 Kuopio
354 639 65 26 ligger
442 641 96 19 närmare
560 639 119 26 Uleåborgs
702 639 33 20 län
755 639 39 21 och
811 639 26 21 de
853 639 96 26 nordliga
965 639 57 21 trak-

193 669 66 22 terna,
283 669 26 19 än
332 667 91 27 Nyslott,
443 670 54 18 samt
512 670 32 18 att
560 674 54 19 man,
632 674 34 14 om
682 667 235 21 kommunikationerna
933 667 88 21 emellan

193 695 84 27 Kuopio
299 696 39 20 och
361 696 26 21 de
406 695 80 27 sydliga
502 698 86 18 orterna
603 702 50 14 vore
668 696 24 20 så
708 696 62 26 goda,
786 702 46 14 som
849 696 84 21 anfördt
948 695 73 26 blifvit,

193 723 66 22 borde
282 724 71 21 kunna
375 724 113 21 förutsätta
511 731 24 14 en
555 726 69 19 större
639 726 60 25 nytta
714 724 21 21 af
751 724 36 21 det
803 724 118 27 föreslagna
934 724 88 22 semina-

193 752 51 21 riets
267 753 107 26 placering
395 753 7 21 i
424 752 91 27 Kuopio,
536 754 26 20 än
578 753 22 21 af
614 753 48 21 dess
677 752 138 27 förläggande
831 753 6 21 i
853 753 90 27 Nyslott.
974 753 48 21 Men

191 780 38 27 jag
250 783 23 18 är
296 781 54 21 dock
372 782 6 20 i
401 781 115 21 allmänhet
531 782 17 26 ej
565 782 69 26 någon
652 783 38 19 vän
706 781 21 21 af
743 782 165 26 centralisation,
925 782 38 20 och
979 783 44 20 sär-

193 809 65 21 skildt
274 810 55 21 hvad
345 809 99 22 beträffar
460 810 135 21 läroverkens
608 810 112 26 placering.
748 810 84 26 Kuopio
844 810 39 21 har
892 810 65 21 redan
969 810 54 21 läro-

195 838 50 20 verk
267 838 23 21 af
312 839 75 26 många
409 838 45 27 slag
468 851 26 2 —
509 839 37 26 jag
566 838 101 22 behöfver
690 838 17 27 ej
730 838 103 21 särskildt
854 839 39 21 här
913 839 110 27 uppräkna

195 866 54 22 dem.
275 867 103 21 Hurudan
394 867 66 21 andan
477 868 27 26 på
520 870 61 18 orten
597 869 29 24 är,
644 866 96 22 hurudan
756 867 40 21 den
813 867 109 27 grundval,
934 868 27 26 på
972 867 51 21 hvil-

194 894 41 21 ken
251 896 62 20 dessa
329 896 95 21 läroverk
440 896 37 20 der
493 896 66 21 måste
575 896 75 21 basera
666 896 37 26 sig,
719 895 36 21 vill
768 896 37 26 jag
821 896 34 21 vid
871 896 59 21 detta
943 896 80 21 tillfälle

195 923 46 21 icke
264 926 97 19 närmare
383 924 91 26 utlägga,
491 927 22 24 ty
529 924 35 21 det
579 924 71 21 kunde
665 924 80 21 kanske
761 926 66 24 stöta;
844 931 48 15 men
905 925 37 26 jag
958 926 66 20 måste

196 952 53 21 dock
265 952 68 22 uttala
349 952 42 22 min
407 953 142 27 öfvertygelse,
566 955 32 19 att
614 952 83 27 Kuopio
713 953 46 21 icke
775 955 23 19 är
815 954 40 20 den
871 955 41 22 ort,
926 954 37 20 der
976 959 48 15 man

195 981 123 27 ytterligare
334 982 39 20 bör
387 982 84 26 placera
487 984 30 18 ett
533 982 103 25 läroverk,
658 988 44 14 som
720 981 35 21 vill
771 981 44 21 afse
827 982 131 26 ungdomens
974 988 50 20 upp-

195 1008 86 22 fostran.
313 1010 40 26 Jag
376 1011 63 25 vågar
461 1013 33 18 tro
518 1012 31 19 att
571 1010 86 27 Nyslott
673 1010 6 20 i
696 1010 34 21 det
745 1010 60 21 fallet
821 1012 24 19 är
859 1012 32 19 att
906 1010 118 26 föredraga.

195 1037 41 27 Jag
259 1038 39 21 har
321 1039 39 21 ock
383 1038 69 22 anfört
466 1038 106 27 åtskilliga
587 1039 46 21 skäl
649 1038 32 21 för
696 1038 135 27 placeringen
847 1039 22 21 af
883 1038 121 22 seminariet
1018 1039 7 20 i

196 1066 86 27 Nyslott
305 1068 40 20 och
366 1067 35 21 vill
424 1067 54 21 blott
501 1066 91 28 tillägga,
610 1069 32 19 att
657 1067 61 21 äfven
733 1066 92 28 Nyslott,
841 1074 77 20 genom
933 1068 32 20 sin
981 1073 44 15 om-

196 1094 104 23 budsman
323 1097 6 19 i
353 1096 179 26 borgareståndet,
555 1096 92 26 erbjudit
662 1102 81 15 samma
758 1095 99 27 fördelar,
873 1102 46 15 som
934 1096 90 26 Kuopio.

197 1123 44 21 Min
263 1124 138 27 öfvertygelse
420 1126 24 19 är
458 1124 6 21 i
480 1124 41 21 alla
536 1124 36 21 fall
588 1124 46 25 den,
650 1126 32 19 att
698 1124 86 27 Nyslott
799 1124 55 21 skall
869 1127 48 18 veta
933 1124 93 21 tillräck-

197 1151 38 27 ligt
258 1152 51 27 högt
332 1153 114 26 uppskatta
465 1155 74 25 nyttan
554 1153 22 20 af
590 1155 31 19 ett
636 1153 141 25 seminarium,
794 1153 33 21 för
843 1155 32 19 att
891 1152 96 28 uppoffra
1002 1153 24 20 så

197 1181 90 27 mycket,
304 1187 45 16 som
366 1181 35 22 det
416 1181 48 27 kan,
480 1181 32 21 för
528 1181 59 22 detta
602 1181 88 22 allmänt
705 1181 84 28 nyttiga
803 1181 90 27 företag.

266 1238 98 21 Derefter
379 1238 119 27 uppträdde
513 1238 71 21 vidare
599 1239 7 20 i
621 1238 75 27 frågan
711 1238 162 21 nedannämnde
888 1238 77 21 talare:

265 1295 206 27 Kontraktsprosten
495 1296 114 21 Berner:
639 1295 41 26 Jag
702 1295 35 20 vill
753 1295 5 20 i
775 1295 41 21 allo
833 1295 72 21 förena
921 1296 42 27 mig
979 1295 48 22 med

196 1324 45 21 vice
264 1327 73 23 pastor
359 1323 139 22 Westerlund.
529 1324 40 27 Jag
591 1327 46 18 tror
660 1324 41 26 mig
717 1323 62 22 hafva
793 1324 74 26 giltiga
882 1324 46 21 skäl
943 1325 33 21 för
991 1325 37 20 det

197 1352 106 27 yrkandet
326 1355 37 23 att,
388 1359 32 14 om
444 1353 99 21 behofvet
566 1352 106 27 verkligen
695 1352 96 27 påkallar
814 1353 131 21 inrättandet
961 1353 21 21 af
996 1354 32 20 ett

198 1383 47 24 nytt
260 1381 136 21 seminarium
411 1382 6 20 i
432 1382 48 20 vårt
495 1381 55 27 land,
566 1381 24 21 så
604 1381 40 21 bör
659 1381 34 21 vid
709 1381 48 21 dess
772 1381 121 21 inrättande
909 1382 36 21 det
957 1381 70 27 olyck-

198 1409 43 26 liga
263 1411 58 20 östra
344 1410 89 21 Finland
455 1410 85 21 komma
554 1410 7 21 i
577 1410 65 26 fråga.
674 1410 46 21 Den
743 1409 61 22 delen
827 1409 23 22 af
864 1411 46 20 vårt
925 1410 50 21 land
990 1410 38 21 har

199 1437 59 22 alltid
282 1438 55 21 varit
359 1439 109 20 vanlottad
490 1439 6 20 i
515 1439 59 26 fråga
590 1445 34 14 om
639 1438 155 21 läroanstalter.
825 1438 86 22 Således
927 1438 65 21 redan
1007 1438 23 22 af

201 1466 36 21 det
259 1468 59 20 stora
340 1467 69 21 skälet
431 1469 29 19 att
484 1467 21 21 få
524 1473 26 15 en
565 1467 65 21 sådan
646 1466 126 22 läroanstalt
787 1467 24 21 så
826 1469 53 19 nära
894 1469 57 19 östra
968 1467 60 22 delen

201 1494 21 21 af
243 1495 74 21 landet
339 1501 45 16 som
408 1496 86 27 möjligt,
518 1502 61 15 anser
599 1496 37 27 jag
654 1496 36 21 det
705 1495 119 26 föreslagna
839 1495 122 22 seminariet
977 1495 52 22 böra

201 1523 95 26 placeras
316 1524 7 21 i
345 1523 91 29 Nyslott.
466 1525 39 21 Ett
523 1524 52 26 skäl,
591 1531 46 15 som
652 1524 123 27 ytterligare
791 1523 55 22 talar
860 1523 34 22 för
909 1524 42 21 min
967 1524 61 28 åsigt,
