1117 1817
207 132 28 20 40
419 136 162 18 Presteständet
593 137 55 17 1872.
674 137 23 17 10
710 136 51 18 febr.

251 216 119 27 Föredrogs
391 216 77 27 nådiga
484 216 159 27 propositionen
662 222 34 15 n:o
712 216 34 24 11,
762 222 33 15 om
811 215 120 27 antagande
946 214 22 22 af
982 221 24 15 en

179 244 141 27 Förordning,
336 245 107 26 angående
458 246 99 19 närmare
572 244 159 22 bestämmande
747 243 22 22 af
776 243 125 22 löftesmans
911 249 97 16 ansvars-

179 273 126 28 skyldighet.

249 329 155 22 Remitterades
420 329 102 27 enhälligt
538 329 32 22 till
585 329 146 28 lagutskottet.

250 461 119 26 Föredrogs
385 460 75 27 nådiga
476 460 161 27 propositionen
652 467 34 14 n:o
700 461 31 25 12,
741 459 108 28 angående
860 459 149 28 upphäfvande

180 489 21 22 af
216 489 13 21 3
244 489 14 28 &
274 489 12 21 2
302 489 47 27 kap.
365 489 24 22 G.
405 489 24 22 B.

250 551 155 22 Remitterades
420 551 102 28 enhälligt
537 551 33 22 till
586 551 146 28 lagutskottet.

250 682 120 27 Föredrogs
393 682 76 27 nädiga
492 682 159 28 propositionen
667 689 34 15 n:o
721 684 32 24 13,
769 682 110 27 angäende
894 682 116 27 förklaring

181 710 22 23 af
217 712 26 20 24
259 711 40 21 och
315 712 26 20 29
358 712 23 26 88
397 712 5 20 i
418 711 192 27 Konkursstadgan
626 711 40 21 den
681 712 13 20 9
710 711 115 21 november
841 712 61 20 1868.

251 768 155 22 Remitterades
421 768 102 27 enhälligt
538 768 32 22 till
586 768 146 27 lagutskottet.

250 900 119 26 Föredrogs
391 899 76 27 nädiga
483 899 159 27 propositionen
658 906 34 14 n:o
710 900 32 25 14,
758 900 110 26 angäende
884 899 89 27 ändring
988 899 22 22 af

181 928 13 21 3
209 928 12 28 8
237 928 6 21 i
259 928 78 26 Kongl.
359 928 121 21 Försäkran
495 927 33 22 för
543 928 153 27 borgerskapet
711 928 39 22 och
766 928 99 21 städerne
881 928 41 22 den
937 928 28 21 23
979 928 31 22 fe-

180 956 72 22 bruari
270 957 59 21 1789.

250 1013 155 22 Remitterades
420 1013 101 27 enhälligt
537 1013 31 21 till
586 1013 147 27 lagutskottet.

250 1144 31 22 Pä
301 1144 117 22 framställd
439 1144 59 27 fräga
522 1151 33 14 om
572 1145 68 26 nägon
657 1144 23 21 af
692 1145 95 21 ständets
803 1144 136 21 medlemmar
954 1144 55 21 hade

181 1173 117 26 nägonting
319 1175 32 19 att
373 1173 73 22 anföra
468 1172 124 22 meddelade
608 1172 142 22 öfverläraren
766 1173 134 21 Kihlman
916 1174 32 20 att
963 1173 47 26 löjt-

180 1203 79 20 nanten
282 1201 106 22 Fabritius
410 1208 50 15 vore
482 1201 81 21 beredd
583 1203 33 19 att
638 1201 31 21 till
692 1203 61 20 nästa
768 1201 157 22 sammanträde
940 1201 70 22 lemna

181 1230 132 27 stenografer
334 1229 32 22 till
389 1230 95 21 ständets
507 1229 123 27 disposition
652 1232 55 19 samt
728 1232 32 19 att
776 1229 140 22 öfverläraren
933 1229 75 22 Linde-

181 1258 56 27 gvist
259 1258 46 22 icke
321 1258 70 21 kunde
405 1259 61 20 träda
481 1259 6 20 i
503 1258 140 27 tjenstgöring
658 1259 69 21 såsom
742 1258 133 22 sekreterare
890 1258 45 21 före
950 1259 59 21 män-

181 1287 75 26 dagen.
286 1287 86 22 Hvilket
389 1287 147 22 antecknades.

250 1383 89 22 Ständet
354 1383 100 22 ätskildes
468 1383 28 22 kl.
513 1383 47 22 half
573 1385 13 20 2
602 1390 17 15 e.
636 1389 26 16 m.

799 1439 21 18 In
832 1439 63 18 fidem:

745 1469 77 21 Viktor
837 1468 104 21 PFavorin.
