1117 1817
223 125 42 35 262
442 133 162 18 Presteståndet
616 134 54 17 1872.
690 134 11 17 7
713 138 63 13 mars.

195 213 80 26 vidgas.
306 214 31 21 De
358 214 66 21 borde
445 213 83 22 således
550 214 64 21 också
629 213 103 22 likställas
748 214 49 21 med
813 214 63 27 öfrigt
891 214 129 27 borgerskap

195 242 6 21 i
217 242 78 24 städer,
311 242 39 21 och
363 242 65 27 jemte
444 242 36 21 det
495 244 32 19 att
542 241 62 22 dessa
622 242 120 27 åberopade
758 242 107 22 förmåner
879 243 7 20 i
902 245 119 24 presternas

195 271 120 26 privilegier
338 271 123 26 upphäfvas,
485 270 60 21 äfven
568 271 26 20 14
609 271 11 26 $
636 271 6 20 i
658 271 231 26 landtdagsordningen
906 271 115 27 upphäfvas

195 298 40 22 och
257 298 82 22 således
355 299 77 21 valrätt
447 298 139 21 tillerkännas
602 299 26 21 de
643 300 88 25 prester,
748 299 72 22 hvilka
835 301 37 20 äro
887 299 133 27 gårdsegare,

195 328 24 20 så
241 329 33 19 att
296 327 26 21 de
345 333 38 21 ega
399 327 223 27 representationsrätt
638 327 5 20 i
660 327 183 26 borgareständet.
874 329 27 20 14
915 327 12 28 $
942 328 79 21 undan-

194 357 61 25 tager
269 355 104 27 nemligen
389 355 107 22 bestämdt
516 355 26 22 de
556 356 134 26 gärdsegare,
707 355 71 22 hvilka
793 356 86 22 tillhöra
894 357 126 26 prestestän-

195 383 40 22 det.
260 384 113 21 Dessutom
384 384 67 21 skulle
460 385 37 26 jag
508 384 48 27 vilja
565 384 55 21 fästa
634 385 215 26 uppmärksamheten
861 385 71 21 dervid
944 387 31 19 att
986 388 34 18 det

195 411 54 23 finns
272 413 81 21 klasser
368 412 23 22 af
404 413 222 21 stadskommunernas
642 412 137 22 medlemmar
795 413 70 22 hvilka
881 413 62 22 hafva
958 413 62 25 vissa,

195 441 60 21 äfven
279 441 44 22 ofta
345 441 105 21 lukrativa
473 441 107 21 förmåner
602 441 31 26 sig
655 441 135 25 tillerkända,
807 448 44 15 som
867 443 66 20 andra
949 442 70 21 sakna.

193 469 40 26 Jag
257 473 35 18 vet
314 469 103 28 nemligen
436 472 32 19 att
482 469 6 21 i
503 470 81 26 ganska
597 471 76 25 mänga
688 469 22 22 af
723 471 52 20 vära
790 471 45 20 smä
851 471 77 26 städer,
944 470 6 21 i
965 477 55 14 som-

194 497 41 27 liga
251 497 97 27 borgare,
364 498 7 21 i
387 498 65 21 andra
468 498 104 26 husägare
588 500 36 19 äro
641 498 86 26 tillagda
743 498 66 21 lotter
823 499 23 20 af
860 499 39 21 den
909 499 54 25 jord,
975 505 44 15 som

194 526 23 21 af
238 526 81 21 kronan
343 529 24 18 är
382 526 99 27 upplåten
497 527 23 20 ät
535 527 82 25 staden,
633 527 5 20 i
655 527 87 20 främsta
759 529 91 19 rummet
865 527 26 21 de
907 527 111 27 burskaps-

195 555 82 26 ägande
300 555 5 20 i
331 561 25 15 en
371 555 41 21 viss
428 555 154 26 nummerföljd,
598 555 36 21 det
649 555 66 21 andra
731 561 63 20 egare
809 555 22 21 af
846 556 54 21 vissa
915 555 63 22 bland
994 555 26 22 de

193 583 70 26 gamla
286 584 111 26 gårdarna,
418 583 109 22 hvaremot
546 589 91 20 egarena
652 583 21 21 af
688 589 63 21 nyare
767 584 78 26 gårdar
860 584 45 21 helt
920 584 38 21 och
975 584 44 21 häl-

194 611 31 21 let
249 611 66 22 sakna
340 612 54 21 dem.
432 612 77 21 Vidare
530 618 63 15 anser
610 612 37 27 jag
670 611 41 27 mig
735 612 52 21 böra
803 613 82 26 päpeka
901 615 38 22 att,
954 613 65 20 sedan

194 640 59 21 detta
268 640 79 27 förslag
361 640 68 21 blifvit
444 641 111 21 inskränkt
570 640 31 21 till
617 641 106 24 städerna,
740 647 25 14 en
781 644 46 18 stor
842 641 66 21 likhet
917 641 101 26 uppkom-

194 668 39 21 mit
248 668 77 22 mellan
347 669 158 27 presterskapet
528 670 28 25 pä
574 668 73 22 landet
662 669 39 20 och
717 669 179 27 presterskapet
886 664 12 36 i
912 669 105 21 städerna.

194 696 50 22 Man
267 696 101 28 pälägger
393 697 157 32 presterskapet
574 697 6 20 i
602 697 101 21 städerna
717 703 26 14 en
760 699 72 25 tunga,
847 704 45 14 som
909 704 48 15 man
973 697 47 27 sjelf

194 725 37 21 vill
246 725 138 27 undandraga
398 725 31 27 sig
445 727 27 25 pä
486 725 79 25 landet,
582 726 70 20 säsom
664 726 233 26 ingvarteringsstunga
912 726 39 21 och
967 726 51 21 häll-

193 753 251 27 skjutsningsskyldighet
468 749 12 36 —
487 754 42 21 Det
552 754 40 22 blir
613 754 83 21 således
718 754 36 20 två
776 754 56 26 slags
856 754 120 27 kategorier
998 754 22 22 af

194 782 197 26 presteprivilegier.
420 782 41 27 Jag
483 782 73 27 tycker
581 782 88 21 derföre.
686 784 32 19 att
733 782 41 21 den
790 782 132 25 hemställan,
937 789 45 15 som
998 782 22 22 af

193 810 229 22 kommunalutskottet
448 811 73 27 gjorts,
543 811 18 25 ej
585 811 39 21 har
646 812 65 24 något
731 810 48 22 skäl
797 810 32 22 för
845 811 38 27 sig,
898 812 63 20 innan
976 811 42 21 alla

194 839 61 21 dessa
278 838 71 28 frågor
371 839 67 21 blifvit
460 839 123 26 tillräckligt
605 839 65 25 lösta;
687 846 46 14 men
750 839 60 21 dessa
826 839 72 27 frågor
913 840 71 21 kunna
998 840 18 26 ej

193 867 56 21 lösas
265 868 28 26 på
308 868 36 20 det
358 870 49 23 sätt,
423 874 45 15 som
485 874 27 14 nu
527 870 25 18 är
566 867 120 26 föreslaget,
702 868 117 21 utskottets
835 868 136 21 medlemmar
986 874 32 21 sy-

194 902 37 15 nes
246 896 47 21 icke
309 896 62 21 hafva
386 896 102 25 besinnat,
505 898 32 19 att
552 896 69 21 denna
637 896 59 26 fråga
711 896 73 21 tillhör
799 896 57 22 olika
872 896 99 28 rättsfält,
986 899 32 19 att

193 924 41 21 den
259 925 66 21 måste
347 924 114 22 behandlas
484 924 57 22 såväl
560 925 27 26 på
600 924 91 27 juridisk
706 931 46 15 som
767 924 96 22 finansiel
880 927 45 24 väg.
955 925 62 21 Annu

193 952 69 22 skulle
275 953 36 27 jag
334 953 47 21 med
397 953 97 21 afseende
510 953 12 21 å
539 953 53 21 hvad
609 953 200 27 kontraktsprosten
825 953 101 21 Hackzell
942 953 75 25 anfört,

194 980 50 28 vilja
259 981 56 21 fästa
330 982 212 26 uppmärksamheten
558 982 80 26 dervid,
654 984 32 18 att
701 982 40 20 den
757 982 158 25 inskränkning,
928 988 45 14 som
985 982 33 20 för

193 1010 101 21 städerna
309 1010 98 27 möjligen
423 1010 5 20 i
444 1010 98 21 afseende
557 1011 13 20 å
585 1010 130 26 seglationen
732 1010 39 21 har
786 1011 96 26 uppstått
890 1010 127 26 derigenom,

193 1040 33 19 att
248 1038 206 27 landtmannafartyg
472 1038 40 22 fått
527 1038 153 22 vidsträcktare
696 1038 125 26 rättigheter
836 1040 27 19 än
879 1038 62 25 förut,
957 1044 61 20 grun-

193 1066 40 22 dar
247 1067 32 26 sig
295 1068 27 26 på
337 1074 25 14 en
377 1067 129 27 författning,
522 1073 46 15 som
584 1069 24 19 är
623 1066 132 22 tillkommen
771 1068 28 26 på
813 1066 155 22 administrativ
978 1069 40 25 väg

193 1094 40 22 och
249 1098 45 18 mot
309 1096 162 26 borgerskapets
487 1095 55 27 vilja,
559 1102 47 14 men
622 1096 26 20 de
664 1095 132 27 rättigheter,
812 1102 45 14 som
873 1095 145 23 landtmanna-

192 1122 71 28 fartyg
285 1123 68 26 hafva,
375 1126 37 19 äro
434 1124 81 26 ganska
533 1124 51 21 små.
614 1124 33 21 De
662 1124 20 21 få
697 1124 59 25 segla
771 1124 27 26 på
813 1124 100 26 nordsjön
929 1123 39 21 och
984 1124 34 21 be-

193 1151 52 22 söka
261 1151 26 22 de
303 1152 34 21 vid
360 1151 98 27 engelska
481 1152 73 21 kuster
575 1151 89 27 belägna
680 1152 94 26 hamnar,
791 1158 46 15 men
855 1152 25 21 de
896 1152 19 21 få
931 1152 45 21 icke
992 1153 26 26 gå

193 1179 127 24 derutöfver.
351 1180 85 22 Således
458 1183 24 18 är
504 1180 128 27 rättigheten
654 1180 32 21 till
701 1180 104 27 seglation
821 1181 27 26 på
863 1180 26 21 de
904 1183 57 19 stora
976 1180 42 22 far-

193 1210 87 20 vattnen
303 1209 45 21 helt
370 1209 39 21 och
432 1209 65 21 hållet
519 1209 124 21 tillerkändt
664 1209 111 21 städernas
791 1209 135 26 borgerskap.
957 1209 61 21 Hvad

193 1237 73 22 vidare
282 1237 208 22 landthandlandena
505 1237 138 24 vidkommer,
659 1243 52 20 som,
727 1238 70 21 såsom
813 1239 126 22 omnämnts,
950 1237 68 21 skulle

192 1267 52 24 göra
266 1268 31 19 ett
313 1266 87 27 ingrepp
419 1266 7 21 i
441 1266 165 27 borgerskapets
621 1266 5 21 i
642 1266 101 21 städerna
757 1265 132 27 rättigheter,
906 1266 23 21 så
945 1268 23 19 är
984 1265 35 22 det

193 1293 64 22 också
283 1295 71 26 något,
378 1300 45 15 som
446 1294 44 21 före
514 1296 54 19 1868
590 1295 35 20 års
648 1293 123 28 författning
787 1294 68 21 blifvit
871 1293 106 23 beslutadt
992 1295 26 25 på

193 1322 155 22 administrativ
372 1325 45 24 väg.
446 1322 101 22 Tvärtom
573 1323 39 21 har
637 1329 48 15 man
712 1323 57 26 gjort
789 1323 152 26 inskränkning
956 1323 6 20 i
978 1322 40 22 den

193 1350 170 22 administrativa
378 1351 150 27 författningen
544 1357 77 20 genom
639 1352 53 21 1867
708 1351 35 21 års
759 1351 190 26 landtdagsbeslut,
965 1357 54 15 eme-

193 1379 40 21 dan
250 1385 49 15 man
315 1379 139 27 uttryckligen
476 1379 93 22 bestämt
590 1382 32 19 att
643 1385 26 16 en
685 1379 181 22 landthandlande
881 1379 18 27 ej
915 1379 68 21 skulle
998 1379 21 21 få

192 1406 87 23 bosätta
293 1408 32 26 sig
341 1407 39 22 och
395 1408 49 21 idka
460 1408 77 21 handel
553 1408 55 21 inom
625 1414 26 15 en
666 1408 42 21 viss
723 1410 93 24 terräng,
832 1414 35 15 om
881 1408 36 27 jag
930 1408 19 26 ej
960 1407 58 22 miss-

192 1437 61 26 tager
274 1436 43 27 mig
339 1443 26 14 en
388 1436 35 27 mil
444 1436 46 21 från
506 1436 72 27 hvarje
593 1436 55 26 stad,
662 1436 29 27 ja,
707 1443 48 14 man
770 1437 48 26 gick
833 1438 56 19 ännu
904 1436 72 26 längre
992 1438 26 19 än

192 1464 102 27 någonsin
317 1464 57 21 förut
397 1465 38 21 och
473 1465 58 21 gjorde
554 1464 32 21 till
601 1465 81 21 förmån
699 1464 32 21 för
748 1466 99 20 städerne
863 1467 32 19 ett
909 1465 87 27 ingrepp
1012 1464 6 21 i

193 1492 40 22 den
256 1493 179 26 näringsidkande
452 1467 120 58 ällmogens
594 1495 49 20 rätt.
674 1493 30 27 Ty
720 1493 36 21 det
771 1493 128 21 bestämmes
915 1493 103 26 nemligen

191 1521 8 20 i
214 1527 81 16 samma
315 1521 129 28 författning,
468 1523 32 20 att
515 1521 167 27 näringsidkare,
698 1527 46 16 som
759 1521 84 22 befinna
859 1521 32 27 sig
905 1521 57 22 inom
977 1520 41 23 fem
