1117 1817
328 123 161 17 Presteständet
503 124 55 16 1872.
581 124 21 16 21
615 128 61 12 mars.
858 119 42 21 429

100 203 154 26 benämningen
269 202 110 22 bördsrätt
394 202 63 22 likväl
473 202 64 22 hafva
552 203 84 21 erhållit
652 209 26 15 en
689 203 47 21 litet
747 203 56 21 olika
815 204 112 26 egenskap,

100 231 146 22 betecknande
266 231 94 22 bondens
376 231 83 26 ärftliga
474 231 179 27 besittningsrätt,
670 237 46 15 men
732 231 46 21 icke
793 231 136 27 fullständiga

100 259 132 28 eganderätt.
255 259 140 22 Fördenskull
411 259 74 27 tyckas
500 259 77 22 Jokkis
592 259 217 22 bördsrättshemman
825 259 32 22 till
868 260 61 21 deras

100 288 122 22 nuvarande
245 290 62 19 natur
331 295 50 14 vara
403 290 75 19 nästan
495 288 25 21 så
535 288 121 21 beskaffade
672 294 43 15 som
731 288 144 21 frälse-skatte
890 287 39 22 och

101 323 58 15 mera
181 316 64 22 frälse
267 319 26 18 än
316 317 75 21 skatte.
423 317 37 20 Att
484 316 64 22 likväl
572 317 141 21 förhållandet
735 317 59 20 äfven
819 317 47 21 med
882 317 46 21 dem

100 345 162 27 ursprungligen
285 345 54 21 varit
361 347 31 19 ett
415 347 72 24 annat,
512 347 45 19 tror
579 345 105 21 utskottet
705 345 32 26 sig
752 345 71 21 kunna
838 345 56 22 sluta
909 345 22 22 af

101 373 92 28 följande
209 373 64 22 fakta.

170 401 27 22 Af
212 402 35 21 det
263 402 258 26 omröstningsprotokoll,
536 409 44 14 som
596 403 24 20 år
638 403 53 20 1779
707 401 82 21 tillkom
800 401 6 21 i
817 395 46 28 Åbo
877 401 52 22 Hof-

102 432 43 19 rätt
167 431 6 20 i
196 431 138 26 rättegången
357 430 89 21 emellan
462 430 77 21 Jokkis
554 431 108 20 bönderne
678 430 38 21 och
733 430 125 27 lagmannen
874 430 55 21 Reu-

101 459 91 21 terholm
209 459 38 21 och
263 459 91 27 följande
369 459 25 20 år
409 459 102 21 särskildt
527 459 92 27 trycktes
635 459 5 20 i
657 459 130 24 Stockholm,
803 459 68 21 finner
881 465 48 14 man

101 487 94 27 tydligen
216 489 32 20 att
264 487 25 21 de
305 487 102 25 hemman,
423 494 45 14 som
484 487 7 21 i
508 487 74 27 början
598 488 23 20 af
634 487 107 27 sjuttonde
757 487 68 21 seklet
840 487 89 21 förläna-

101 516 38 21 des
153 517 23 20 åt
191 516 74 27 Jesper
281 516 105 21 Mattsson
401 515 78 26 Kruus,
503 516 106 27 verkligen
625 515 114 28 utgjordes,
754 516 128 21 åtminstone
897 515 31 21 till

102 546 79 19 största
203 544 68 24 delen,
293 545 23 20 af
337 544 89 27 gammal
446 545 126 26 skattejord.
603 544 28 22 Sä
647 544 31 21 till
694 544 94 27 exempel
804 544 66 21 finnes
886 543 43 22 deri

102 573 98 21 anmärkt
215 575 32 19 att
263 573 54 20 1575
333 573 34 21 års
380 573 105 26 jordebok
502 573 100 21 särskildt
617 575 86 19 nämner
718 573 119 20 böndernes
849 573 80 20 skatte-

102 603 121 19 mannarätt
244 601 97 22 sålunda:
365 604 31 18 att
418 601 76 22 Jokkis
517 602 96 25 fjerding,
632 607 44 16 som
694 601 25 21 då
735 607 37 15 var
787 601 105 21 förlänadt
907 601 22 21 åt

102 629 51 22 Klas
175 629 101 27 Fleming,
299 630 121 26 visserligen
443 629 114 22 framdeles
580 630 39 21 bör
641 630 114 20 antecknas
775 630 69 21 såsom
860 629 68 24 frälse,

103 665 46 14 men
173 658 106 21 bönderne
302 658 64 21 likväl
389 658 116 21 benämnas
528 659 143 20 frälse-skatte
694 658 80 21 bönder
789 657 39 22 och
845 657 84 27 erlägga

102 686 41 22 den
159 686 104 27 tillfälliga
278 686 78 27 gärden
373 686 31 21 till
420 686 83 22 kronan
514 688 69 20 såsom
594 686 158 22 skattebönder.
776 686 73 21 Ehuru
859 686 68 21 seder-

103 721 57 15 mera
182 715 7 20 i
214 716 54 20 1602
289 716 34 20 års
338 715 159 27 förläningsbok
514 716 74 20 orden:
605 715 62 25 ,,med
682 717 61 19 ränta
758 715 39 21 och
813 714 115 27 lägenhet",

103 744 73 26 tyckas
198 744 55 26 syfta
276 744 71 26 derpå,
363 745 32 19 att
410 743 60 21 äfven
486 743 74 27 sjelfva
576 744 150 26 eganderätten
745 743 68 21 skulle
828 743 101 21 förlänats

102 772 24 21 åt
140 772 78 24 Kruus,
234 772 67 21 måste
317 778 46 14 man
380 772 64 21 likväl
459 772 58 21 sluta
536 774 33 19 att
584 772 106 27 uttrycket
706 772 96 26 uppstått
817 772 22 20 af
852 771 75 21 kansli-

102 800 141 22 skrifvarenes
266 800 208 27 ouppmärksamhet:
500 803 22 25 ty
547 802 31 20 1:o
597 800 70 21 kunde
681 800 47 21 icke
743 800 81 21 kronan
840 800 89 21 bortför-

103 828 47 22 läna
174 829 117 21 böndernes
313 829 131 26 eganderätt,
461 829 40 21 och
518 830 32 20 2:o
566 829 106 21 inhemtar
687 835 54 19 man,
757 831 32 19 att
804 828 34 21 vid
853 828 76 27 grund-

103 857 114 26 läggandet
239 857 22 21 af
281 857 74 21 Jokkis
378 858 119 26 säterigård
513 858 27 26 på
556 858 90 26 Hyrsylä
662 857 37 21 och
716 857 53 21 Niva
785 857 62 27 byars
864 856 65 26 mark,

103 886 81 26 slägten
207 886 71 21 Kruus
301 892 75 20 genom
392 886 117 26 ordentligt
525 886 41 26 köp
582 886 39 21 och
637 886 48 26 byte
701 886 78 20 tillöste
795 886 31 26 sig
841 885 90 27 egande-

104 916 69 19 rätten
189 914 21 21 af
225 914 60 22 dessa
300 914 134 26 lägenheters
445 915 89 24 bönder,
545 914 81 22 hvilkas
638 914 192 21 skattemannarätt
843 914 88 21 sålunda

104 942 27 22 då
146 943 109 21 erkändes.
286 942 73 22 Under
373 943 95 21 tidernas
483 943 51 27 lopp
554 942 112 22 inträffade
681 942 33 22 väl
729 943 65 21 sedan
811 944 31 19 att
857 942 74 21 å'tskil-

104 971 41 26 liga
160 971 123 27 lägenheter
298 971 32 21 för
345 973 129 19 ränterester
490 971 70 21 såldes
578 971 39 21 och
632 971 89 21 sålunda
736 972 85 20 kommo
837 971 6 20 i
859 971 71 21 frälse-

104 1006 59 14 mans
185 1000 56 21 hand
264 1000 51 20 eller
337 1000 69 21 blefvo
430 1002 48 19 rent
500 1000 70 21 frälse.
600 1000 49 21 Men
670 1002 55 18 ännu
740 1000 24 20 år
781 1000 60 25 1685,
858 999 26 21 då
899 998 32 22 för

105 1028 36 20 det
163 1028 5 20 i
191 1029 36 20 det
245 1028 126 26 föregående
387 1028 92 21 nämnda
495 1028 137 27 bytesköpets
647 1028 54 21 skull
717 1034 26 15 en
759 1028 54 21 skild
827 1028 104 26 jordebok

104 1057 137 26 upprättades
258 1057 57 21 öfver
329 1056 81 22 Jokkis
426 1056 130 28 lägenheter,
572 1063 62 21 synes
650 1063 38 14 ena
705 1056 78 21 hälften
799 1056 62 21 hafva
877 1056 54 20 varit

104 1085 127 26 skattejord;
255 1085 101 21 likaledes
379 1085 24 21 år
429 1086 59 25 1729,
509 1086 26 20 då
551 1085 95 21 arfskifte
662 1085 78 21 skedde
756 1084 89 22 emellan
860 1084 71 26 grefve

104 1113 153 28 Lewenhaupts
281 1113 110 26 arfvingar.
422 1114 68 20 Dessa
509 1114 168 21 skattehemman
694 1113 94 21 kallades
804 1119 28 15 nu
847 1119 84 15 omvex-

104 1141 62 21 lande
189 1141 243 26 ,bördsrättshemman*
456 1144 57 19 samt
533 1142 90 24 ,skatte-
639 1141 39 22 och
693 1141 237 26 bördsrättshemman",

106 1170 38 21 och
167 1170 6 20 i
195 1169 98 22 afseende
316 1170 12 21 å
350 1170 47 21 dem
420 1170 108 27 iakttogos
552 1170 41 21 alla
615 1170 25 21 de
656 1169 138 24 rättsformer,
809 1176 46 15 som
870 1170 61 26 lagen

106 1199 85 25 stadgar
214 1199 5 20 i
242 1199 97 20 afseende
362 1199 13 20 å
397 1199 177 25 skattehemman,
598 1199 103 26 nemligen
725 1198 100 25 arfskifte,
849 1198 81 26 lagfart,

106 1227 53 20 fasta
182 1233 26 14 m.
223 1227 26 26 fl.,
267 1227 114 26 hvarjemte
397 1227 76 21 endast
486 1227 192 26 jordeboksräntan
694 1227 76 26 ansågs
786 1227 68 20 såsom
871 1227 60 20 dessa

105 1255 108 21 hemmans
229 1255 77 27 lagliga
321 1255 115 27 utskylder,
453 1262 48 14 men
517 1255 40 22 den
574 1256 110 26 ,Stadga*,
700 1255 87 21 hvarom
798 1255 68 26 någon
877 1255 54 26 gång

105 1283 212 22 öfverenskommelse
340 1284 47 21 med
404 1284 47 21 dem
467 1284 69 21 blifvit
552 1283 76 22 träffad
643 1285 77 25 (såsom
737 1284 47 21 med
800 1283 131 21 frälse-land-

106 1312 79 21 bönder
201 1319 37 14 var
253 1312 92 27 vanligt),
362 1312 110 27 upphörde
489 1312 60 21 alltid
565 1315 38 18 när
618 1313 109 20 bönderna
741 1313 7 20 i
765 1312 58 21 detta
833 1312 99 21 afseende

106 1340 119 21 försvarade
248 1341 31 21 sin
301 1343 48 19 rätt.
379 1341 87 21 Således
490 1347 62 20 synes
572 1341 76 27 tydligt
663 1343 31 18 att
709 1341 80 21 Jokkis'
805 1341 127 20 bördsrätts-

105 1369 98 21 hemman
219 1369 60 21 alltid
294 1370 89 26 ansägos
399 1370 70 20 säsom
485 1369 199 26 skattelägenheter,
700 1369 39 21 och
755 1369 68 21 denna
839 1369 92 26 uppfatt-

106 1398 49 25 ning
177 1397 22 21 af
221 1398 60 21 deras
303 1398 133 21 skattenatur
452 1404 62 20 synes
530 1397 62 22 hafva
607 1397 119 22 förändrats
741 1397 52 21 först
809 1400 44 18 mot
867 1397 66 21 slutet

106 1426 22 20 af
148 1428 84 19 senaste
255 1426 141 21 århundrade.
425 1426 11 21 I
452 1426 128 27 ofvansagde
596 1432 84 21 process
696 1426 67 21 finner
778 1432 48 15 man
842 1428 32 19 att
888 1425 44 26 lag-

106 1461 48 14 man
177 1455 136 21 Reuterholm
336 1455 89 26 pästätt:
442 1457 33 18 att
490 1455 42 20 alla
548 1454 31 21 till
594 1455 75 21 Jokkis
684 1455 53 26 gods
751 1454 95 21 hörande
861 1454 70 26 lägen-

106 1483 66 26 heter,
189 1483 60 21 äfven
265 1483 32 24 de,
313 1489 45 15 som
374 1483 131 21 benämndes
521 1483 253 25 ,bördsrättshemman*,
791 1489 50 14 voro
857 1482 32 21 till
899 1482 32 21 sin

106 1513 62 19 natur
183 1511 116 27 frälsejord,
316 1511 146 27 medgifvande
479 1511 75 22 endast
570 1512 41 23 det,
627 1513 31 20 att
673 1511 7 21 i
696 1511 35 21 det
746 1511 130 21 sistnämnda
891 1510 40 21 sla-
