1117 1817
350 134 163 18 Presteståndet
527 135 53 18 1872.
593 136 27 16 20
645 135 51 17 febr.
871 130 39 20 173

114 215 78 22 verkan
208 214 6 21 i
229 214 94 21 hemmet
337 214 68 21 skulle
419 220 52 15 vara
486 214 6 21 i
508 214 63 21 stånd
583 216 33 19 att
626 214 125 21 underhålla
761 214 31 26 sig
803 216 50 19 utan
863 214 77 21 andras

112 243 142 26 betungande,
275 243 74 21 blifver
364 243 40 21 lätt
420 242 102 22 medellös
537 249 75 20 genom
628 241 177 22 underhällandet
820 242 34 21 vid
869 241 71 22 skolor

112 271 24 22 af
157 273 32 20 tre
211 271 32 21 till
265 277 36 15 sex
317 277 65 21 yngre
398 271 144 26 medlemmar,
558 271 46 22 ofta
618 271 109 26 samtidigt
743 271 39 21 och
798 271 66 21 under
879 270 61 21 tiotal

112 301 32 23 år,
167 300 75 21 medan
258 299 26 22 de
299 299 178 22 hemmavarande
492 299 130 22 fördenskull
638 299 80 26 nödgas
733 299 114 22 inskränka
861 299 32 26 sig
908 298 32 22 till

112 329 39 21 det
172 329 96 26 yttersta.
299 328 44 21 Och
364 328 61 21 hvem
448 330 24 19 är
487 328 43 26 det,
545 335 46 14 som
607 328 76 27 drager
698 329 74 26 nyttan
788 328 21 21 af
823 328 41 21 alla
879 327 62 22 dessa

114 357 127 21 försakelser
263 357 39 21 och
325 356 115 22 kostnader
462 356 34 21 för
518 357 68 21 blotta
608 356 134 22 underhållet
763 357 14 20 å
793 357 39 21 den
848 359 39 23 ort,
903 356 38 21 der

112 385 76 22 skolan
204 388 23 18 är
242 385 102 27 belägen?
374 385 72 22 Sällan
462 387 24 19 är
502 385 35 21 det
552 385 93 27 familjen
661 384 53 27 sjelf,
729 384 67 21 sällan
812 385 128 21 åtminstone

114 414 7 21 i
137 413 133 22 ekonomiskt
285 413 127 25 hänseende,
427 416 52 19 utan
496 414 36 21 det
547 416 23 19 är
585 413 118 22 samhället.
731 413 104 21 Hvarföre
847 412 54 23 skall
913 413 27 21 då

113 442 61 21 detta
196 444 56 19 ännu
274 442 75 27 ålägga
372 442 26 21 de
419 442 66 21 redan
508 442 56 21 förut
587 442 120 27 betungade
724 448 27 15 en
766 441 113 27 skolafgift,
895 447 45 16 som

115 471 109 26 medtager
238 470 60 22 äfven
314 471 133 26 förmögnare
462 470 100 27 familjers
578 470 119 27 tillgångar,
713 477 47 14 men
771 470 83 27 tvingar
864 469 76 22 medel-

113 499 70 22 lösare
199 499 112 26 föräldrar,
327 499 71 22 hvilka
413 499 47 22 icke
475 499 50 27 vilja
539 499 105 28 paradera
659 499 47 22 med
721 499 32 21 sin
769 499 117 26 fattigdom,
901 500 38 24 att,

115 528 48 21 med
185 527 126 22 försakande
333 527 23 22 af
376 527 169 28 skolbildningen
567 527 33 22 för
622 528 46 21 sina
684 527 59 26 barn,
758 527 7 21 i
780 527 64 21 förtid
858 527 83 22 inkasta

113 557 64 21 dessa
199 557 26 26 på
246 556 155 26 lefnadsbanor,
424 556 73 22 hvilka
519 556 121 27 visserligen
656 556 38 22 allt
708 556 54 21 ifrån
779 555 72 27 början
867 555 73 22 tillför-

113 585 65 22 säkra
193 585 47 21 dem
256 585 126 27 nödtorftigt
397 585 119 26 uppehälle,
532 591 48 16 men
596 585 80 22 kanske
691 585 6 20 i
713 584 112 22 framtiden
837 583 55 28 gifva
904 590 36 15 an-

113 613 87 26 ledning
222 613 31 21 till
275 613 106 28 missnöje,
405 613 25 22 då
454 613 26 22 de
502 613 85 22 komma
610 613 32 22 till
665 613 64 27 insigt
750 619 41 20 om,
807 615 32 19 att
854 613 25 21 de
894 613 47 21 icke

114 643 44 20 valt
173 642 42 21 kall
232 641 53 22 efter
297 642 32 21 sin
344 642 94 21 kallelse.

184 670 105 22 Särskildt
304 671 64 26 vågar
381 671 36 26 jag
432 671 155 21 vördsammast
599 671 55 21 fästa
666 671 134 26 Högvördiga
809 670 132 22 Prestestån-

115 698 47 22 dets
177 699 189 27 uppmärksamhet
382 699 40 27 vid,
438 701 32 19 att
485 699 97 27 förhöjda
598 698 131 27 skolafgifter
745 699 6 21 i
766 699 32 21 sin
814 700 47 20 mån
877 698 64 22 redan

115 728 74 20 verkat
213 727 112 26 hinderligt
347 727 33 21 för
403 728 58 21 detta
484 728 73 21 stånds
572 728 139 26 rekrytering,
727 727 84 22 hvilken
827 728 66 20 under
908 727 33 21 år-

115 756 124 21 hundraden
260 756 57 21 skett
332 756 176 26 hufvudsakligen
524 762 25 15 ur
565 756 25 21 de
606 756 82 21 mindre
703 756 124 21 bemedlade
842 755 99 22 folkklas-

114 790 69 20 serna,
200 784 39 22 och
254 784 39 27 får,
309 784 67 22 under
390 784 152 28 förutsättning
557 786 31 20 att
604 785 36 21 det
652 785 135 27 Högvördiga
798 784 89 22 Ståndet
898 784 44 22 lika

115 815 70 19 varmt
206 813 103 21 nitälskar
331 813 32 21 för
385 813 160 27 församlingens
568 813 39 21 och
626 813 130 21 läroverkets
771 813 108 21 förseende
894 813 48 21 med

116 841 123 27 tillräckligt
253 841 58 22 antal
326 842 33 21 för
374 842 36 21 sitt
425 842 44 21 kall
485 841 175 27 ändamålsenligt
675 842 85 21 bildade
775 848 105 21 personer,
895 847 46 15 som

114 870 35 21 för
170 870 67 21 andra
259 870 211 24 sambällsintressen,
493 871 27 26 på
543 870 36 21 det
602 870 191 22 vördnadsfullaste
811 870 84 21 anhälla
910 872 32 19 att

116 898 137 27 Högvördiga
277 898 89 22 Ständet
389 899 91 27 benäget
497 898 49 22 ville
561 899 73 21 förena
649 900 31 26 sig
696 905 34 15 om
745 898 162 22 framhällandet
921 898 22 22 af

117 927 36 21 det
174 927 186 27 maktpäliggande
382 928 7 20 i
410 927 188 27 undervisningens
620 927 166 22 kostnadsfrihet
805 927 8 21 i
828 927 40 21 den
883 926 59 22 lärda

114 954 76 23 skolan
207 956 39 21 och
261 955 251 27 fruntimmersskolorna,
528 958 55 19 samt
598 962 34 16 om
649 962 25 15 en
690 956 131 26 underdänig
835 955 107 27 petition
933 950 13 37 i

116 984 37 21 det
167 983 60 28 syfte,
243 986 32 20 att
290 984 40 22 den
346 984 144 27 skattebörda,
507 991 45 15 som
568 984 6 21 i
590 984 134 28 skolafgiften
739 991 28 15 nu
778 986 61 25 tungt
851 984 92 21 drabbar

114 1012 140 22 skolbarnens
276 1012 110 27 föräldrar,
407 1014 67 20 mätte
496 1012 83 28 aflyftas
594 1013 47 25 och,
657 1014 6 20 i
679 1013 100 21 händelse
795 1019 68 15 annan
878 1014 65 26 utväg

116 1040 46 22 icke
185 1041 117 27 förefinnes,
325 1041 92 22 fördelas
438 1042 28 27 pä
488 1042 42 21 alla
548 1042 140 27 medborgare
703 1042 6 20 i
725 1042 48 21 män
789 1041 22 22 af
825 1042 60 21 deras
900 1041 42 21 till-

114 1070 88 26 gångar.

185 1126 130 27 Helsingfors
331 1127 40 22 den
388 1128 27 20 20
430 1127 103 22 Februari
551 1128 63 21 1872.

600 1183 82 28 Alfred
697 1183 102 28 Brynolf
810 1183 63 21 Roos.

606 1223 69 18 Ombud,
688 1223 27 18 för
740 1223 117 22 presterskapet
868 1222 6 17 i

688 1246 22 18 bo
738 1245 73 18 Erkestift.

184 1325 11 22 I
210 1325 37 21 det
261 1325 22 22 af
297 1325 141 28 petitionären
454 1326 95 22 uttalade
565 1326 158 27 önskningsmäl
736 1325 99 22 förenade
845 1325 32 27 sig
886 1325 57 22 stän-

116 1354 43 27 det,
175 1353 48 22 med
239 1354 108 27 undantag
362 1355 22 21 af
397 1357 87 25 prosten
500 1355 60 26 Hjelt
574 1355 40 21 och
625 1355 199 27 kontraktsprosten
835 1353 106 28 Alopeus,

116 1389 47 15 men
186 1381 69 23 beslöt
277 1385 33 19 att
332 1383 101 27 förslaget
448 1383 68 22 skulle
532 1383 56 27 ligga
602 1384 14 21 å
631 1383 76 22 bordet
722 1383 31 22 till
769 1383 174 22 nästkommande

116 1411 91 27 plenum.
