1117 1817
343 149 163 18 Prestestänäet
519 150 54 17 1872.
597 151 27 16 23
636 150 51 17 febr.
861 146 39 20 197

168 229 11 21 I
199 229 136 26 domprosten
357 229 69 27 Borgs
447 229 132 22 reservation
601 229 116 22 instämde:
737 229 76 28 biskop
829 229 100 23 Schau-

99 263 69 19 man,
192 257 77 22 doktor
291 258 153 27 Alopaeus,
461 257 79 22 doktor
555 257 158 28 Hornborg,
728 258 201 27 kontraktsprosten

100 285 139 27 Hackzell,
262 286 199 27 kontraktsprosten
484 286 116 27 Berner,
624 287 70 21 lektor
715 287 146 26 Johnsson,
884 287 45 22 vice

99 316 74 25 pastor
187 315 180 24 Westerlund,
385 315 77 21 doktor
472 315 124 27 Lampén,
606 315 78 22 doktor
695 315 134 28 Granfelt,
842 317 87 26 prosten

100 343 86 21 Durch
198 349 45 16 man
264 343 40 22 och
319 344 44 21 vice
378 345 74 25 pastor
468 343 86 22 Öller.

168 485 119 27 Föredrogs
308 485 149 28 kyrkoherden
476 486 64 21 Roos'
556 486 118 27 bordlagda
688 486 188 27 petitionsförslag,
892 492 36 16 an-

99 514 82 27 gäende
203 514 146 27 skolafgiftens
371 514 133 22 afskaffande
519 515 7 21 i
541 515 84 21 landets
640 515 109 27 offentliga
763 515 166 22 lärdomsskolor

100 543 39 21 och
155 543 222 21 fruntimmersskolor.

168 600 153 27 Kyrkoherden
343 600 81 21 Roos:
454 600 41 27 Jag
518 600 95 22 anhäller
635 607 34 15 om
685 601 74 21 remiss
774 600 33 21 till
822 601 107 21 allmänna

100 628 198 28 besvärsutskottet,
313 629 89 21 emedan
418 629 69 21 denna
502 629 60 26 fräga
577 630 46 21 stär
637 629 7 21 i
660 629 152 26 sammanhang
822 629 48 22 med
880 635 47 21 pro-

99 657 69 21 fessor
191 657 73 22 Cleves
287 657 38 22 och
348 658 73 21 rektor
443 657 110 22 Hallstens
568 658 189 26 petitionsförslag,
772 657 73 22 hvilka
859 657 70 22 blifvit

100 685 137 22 remitterade
252 686 33 20 till
299 686 92 21 nämnda
406 686 91 21 utskott.

169 742 49 22 Med
234 742 154 28 öfvervägande
403 742 111 27 pluralitet
528 742 68 22 beslöt
612 743 85 21 ständet
709 744 33 20 att
753 743 110 21 remittera
875 743 54 27 peti-

101 770 158 28 tionsförslaget
273 771 33 21 till
321 771 107 22 allmänna
442 771 200 22 besvärsutskottet.

169 828 101 22 Härefter
291 828 104 26 begärdes
417 828 62 22 ordet
500 828 24 22 af
544 830 87 25 prosten
653 828 87 27 Hjelt,
763 834 46 16 som
831 828 95 28 yttrade:

100 856 40 28 Jag
155 856 36 22 vill
205 857 84 27 päpeka
303 859 31 19 ett
349 857 93 27 misstag,
458 863 46 15 som
520 859 24 19 är
559 857 105 27 begänget
679 856 23 22 af
715 857 148 27 petitionären,
874 857 7 21 i
892 857 37 21 det

100 885 42 21 han
164 887 69 25 säger,
255 887 32 19 att
301 885 136 27 skolafgiften
452 887 24 19 är
491 886 114 26 päbjuden,
620 886 34 20 för
668 888 33 18 att
716 886 87 21 dermed
818 886 41 21 öka
873 886 55 21 lära-

100 920 62 15 renes
182 914 66 21 löner.
277 914 42 21 Det
334 916 24 19 är
373 916 31 20 ett
419 914 91 21 faktiskt
524 914 95 27 misstag,
634 920 46 16 som
696 914 93 27 framgär
804 920 25 15 ur
843 914 86 22 författ-

101 942 77 26 ningen
201 942 22 21 af
243 943 40 21 den
299 943 27 21 30
341 949 56 15 mars
415 943 59 21 1862.
504 942 99 22 Nämnda
618 943 61 27 afgift
694 944 24 20 är
733 942 143 28 uttryckligen
891 942 36 28 pä-

101 970 84 28 bjuden,
206 970 32 22 för
257 974 32 18 att
305 972 85 20 dermed
406 970 102 22 förskaffa
522 972 129 21 materialier
666 971 24 21 af
702 978 65 20 nyare
783 970 146 23 beskaffenhet

101 1000 32 21 till
149 999 106 22 skolorna.
283 1000 66 22 Detta
364 1000 50 21 ville
426 1000 38 27 jag
479 1000 63 21 hafva
556 1000 32 21 till
604 1000 131 27 protokollet
750 1000 135 26 antecknadt,
896 999 33 22 för

102 1030 32 20 att
149 1028 99 27 medfölja
263 1029 101 21 remissen
379 1028 34 22 till
426 1028 108 22 allmänna
549 1028 199 23 besvärsutskottet.

170 1170 69 22 Sedan
261 1171 27 21 de
310 1171 33 21 till
359 1171 151 26 föredragning
524 1171 8 20 i
547 1171 79 26 dagens
640 1170 86 27 plenum
742 1170 111 22 bestämda
867 1172 61 19 ären-

102 1199 37 22 der
153 1199 88 22 härmed
260 1205 51 16 voro
327 1199 105 22 afslutade
447 1199 104 27 begärdes
566 1199 62 22 ordet
643 1199 23 21 af
678 1200 87 26 prosten
780 1198 86 27 Hjelt,
881 1205 46 15 som

100 1229 95 26 yttrade:
225 1228 40 27 Jag
286 1228 49 21 ville
358 1234 76 21 genom
457 1228 49 21 herr
528 1227 123 23 talmannen
672 1227 64 22 hafva
758 1227 115 22 hemstäldt
894 1227 34 21 till

101 1257 91 26 ständet,
214 1257 104 21 huruvida
339 1257 18 27 ej
381 1257 85 21 ständet
480 1256 50 21 ville
546 1257 84 22 besluta
644 1257 33 20 att
692 1256 32 21 för
739 1256 26 21 de
781 1255 146 28 arkiv-medel,

101 1291 45 16 som
169 1287 36 20 äro
229 1285 99 26 samlade,
351 1285 44 22 läta
417 1285 79 27 inköpa
518 1285 102 21 Finlands
634 1285 234 26 författningssamling.
897 1283 31 28 Ty

102 1314 36 21 det
151 1315 25 20 är
190 1314 84 27 mycket
289 1314 58 21 svärt
362 1315 33 20 att
408 1314 33 21 för
456 1313 74 27 hvarje
544 1314 57 27 gäng
615 1313 72 22 hemta
707 1312 222 28 författningssamlin-

100 1348 41 21 gen
164 1342 48 21 med
234 1343 37 26 sig,
293 1343 27 21 dä
335 1343 40 21 den
390 1342 102 22 behöfves
507 1342 45 21 här.
581 1342 43 22 Det
638 1344 25 19 är
678 1341 19 28 ej
713 1342 67 21 heller
795 1341 65 28 något
874 1340 53 28 skäl,

101 1373 33 20 att
148 1370 154 23 arkiv-medlen
317 1371 56 28 ligga
387 1371 8 21 i
409 1364 51 29 Åbo
476 1371 131 27 domkapitel
622 1370 118 22 oanvända.

169 1429 84 21 Doktor
268 1429 152 26 Hornborg:
446 1428 41 27 Jag
502 1428 78 21 önskar
590 1427 168 28 tillkännagifva,
769 1428 33 21 att
811 1427 41 22 den
862 1426 67 22 saken

101 1457 108 22 lemnades
223 1457 36 22 vid
273 1457 52 22 sista
339 1457 129 27 landtdagen
484 1457 112 27 beroende,
612 1457 40 21 och
664 1456 37 27 jag
716 1456 86 21 förenar
816 1455 59 27 mig
862 1450 11 39 i
886 1454 41 22 allo

101 1486 49 22 med
171 1488 88 25 prosten
280 1485 59 28 Hjelt
361 1492 34 15 om
418 1485 185 27 nödvändigheten
618 1487 33 20 att
666 1485 128 21 åtminstone
809 1484 63 21 hafva
886 1483 43 22 för-

101 1515 219 27 fattningssamlingen
341 1516 76 25 genast
441 1513 125 28 tillgänglig.
603 1513 73 27 Enligt
697 1513 44 22 min
763 1513 91 27 mening,
876 1517 52 16 vore

102 1544 47 21 2:ne
165 1543 107 28 exemplar
287 1543 61 22 deraf
361 1542 111 28 behöfliga,
489 1543 88 22 emedan
590 1542 37 28 jag
642 1544 46 20 tror
697 1543 34 20 att
742 1541 85 22 ståndet
839 1541 19 27 ej
869 1540 60 21 kom-
