1117 1817
353 140 163 18 Presteståndet
528 142 55 16 1872.
608 142 26 16 28
647 141 50 17 febr.
874 137 38 21 181

182 220 115 26 Angående
319 220 107 27 professor
445 220 124 21 Ehrströms
585 227 75 15 senare
674 221 212 26 petitionsmemorial
902 223 41 20 för-

112 249 37 21 föll
166 248 73 27 frågan
256 255 33 14 om
305 249 130 26 inbjudning.

182 373 119 27 Föredrogs
316 374 40 21 den
371 374 65 21 sedan
448 373 128 27 föregående
587 374 85 27 plenum
683 374 118 27 bordlagda
812 392 8 7 ,
825 375 117 22 relationen

73 416 5 7 +
114 409 35 14 om
164 402 138 21 statsverkets
316 402 108 22 tillstånd"
440 403 41 20 och
496 403 148 21 remitterades
660 403 32 21 till
707 403 165 22 statsutskottet.

184 539 90 22 Ständet
289 540 101 21 åtskildes
406 540 27 21 kl.
451 540 13 21 2
480 547 18 14 e.
515 546 26 15 m.

724 596 21 17 In
759 596 61 18 fidem:

646 637 53 21 Carl
713 637 50 21 Joh.
779 637 132 28 Lindegvist.

156 871 152 33 Fredagen
335 871 58 27 den
415 871 33 27 23
466 870 139 28 februari
624 870 68 28 1872
709 871 41 27 kl.
768 870 35 28 10
821 871 22 27 f.
861 879 38 19 m.

182 940 170 21 Sammanträdet
367 940 109 27 öppnades
492 940 48 21 med
555 940 41 21 bön
612 940 27 27 pä
654 940 91 21 svenska
760 940 86 26 spräket
857 940 22 22 af
887 940 53 22 kon-

113 968 156 27 traktsprosten
285 968 110 27 Sohlberg.

181 1099 75 22 Säsom
275 1099 139 22 fränvarande
430 1100 149 25 antecknades,
596 1100 34 21 vid
646 1100 93 21 anstäldt
754 1106 82 21 upprop
852 1102 85 25 prosten

113 1128 100 25 Hofdahl,
237 1134 44 15 som
305 1128 22 21 af
347 1128 130 21 fortfarande
500 1128 180 26 sjukdomsförfall
702 1129 53 20 varit
771 1128 121 22 förhindrad
907 1130 32 20 att

114 1156 31 21 till
160 1156 128 27 landtdagen
304 1156 79 21 infinna
399 1157 37 26 sig.

180 1282 119 27 Föredrogs
322 1289 25 15 en
370 1282 109 22 skrifvelse
499 1282 22 21 af
534 1283 40 20 den
593 1283 24 20 15
634 1282 92 21 februari
742 1282 45 21 frän
803 1282 136 21 statsutskot-

112 1313 36 24 tet,
171 1311 147 22 innehällande
339 1311 83 27 uppgift
444 1311 58 21 öfver
528 1311 164 21 medlemmarne
717 1311 6 20 i
749 1311 40 21 den
815 1310 123 27 delegation,

111 1339 159 22 statsutskottet
292 1340 56 21 inom
371 1340 32 27 sig
424 1341 74 24 utsett,
520 1339 32 21 för
574 1341 32 20 att
624 1340 48 27 ingä
690 1339 6 21 i
711 1341 151 20 sammansatta
877 1341 61 20 stats-

112 1368 39 21 och
167 1368 210 21 ekonomiutskottet.
408 1368 87 21 Hvilket
511 1368 149 21 antecknades.

180 1505 119 27 Föredrogs
323 1505 235 28 Generalguvernörens
573 1505 109 22 skrifvelse
698 1505 22 22 af
735 1505 39 22 den
791 1506 27 21 20
833 1506 29 26 (8)
878 1493 69 36 febr.,

109 1534 66 26 jemte
195 1533 123 22 skrifvelsen
335 1534 83 27 bilagde
434 1534 34 21 nio
484 1533 118 28 Kejserliga
618 1534 161 27 propositioner.
810 1533 127 28 Propositio-
