1117 1817
364 142 162 18 Presteståndet
538 144 54 16 1872.
617 144 13 16 8
644 143 50 17 febr.
887 138 27 21 39

185 224 120 26 Föredrogs
327 224 78 26 nådiga
422 223 158 27 propositionen
596 229 34 15 n:o
648 224 33 23 10,
697 223 110 26 angående
822 223 122 27 förändring

118 252 20 22 af
159 253 26 21 de
208 252 47 21 med
277 252 117 25 Kuusamo,
416 251 121 22 Kemiträsk
560 251 40 22 och
623 251 123 27 Kuolajärvi
767 251 130 22 sockneboer
914 251 30 22 af-

117 281 82 21 slutade
214 280 187 22 knektekontrakt.

185 338 143 26 Domprosten
350 337 67 27 Borg
440 338 65 26 ansåg
525 337 74 22 remiss
614 337 32 21 till
662 339 31 20 ett
708 337 71 22 enkelt
796 337 83 22 utskott
893 343 51 15 vara

118 366 69 22 bättre
209 368 27 19 än
259 366 32 21 till
313 368 32 19 ett
361 368 147 19 sammansatt.
538 366 33 21 Då
588 365 90 22 ärendet
692 365 66 27 enligt
773 365 48 22 tal:s
837 366 54 27 åsigt
906 371 37 16 var

118 395 22 21 af
161 394 123 22 ekonomisk
306 396 39 25 art,
369 394 66 21 borde
451 395 158 26 propositionen
625 394 121 21 remitteras
762 394 32 21 till
811 394 132 22 ekonomiut-

117 425 80 20 skottet
219 423 39 22 och
280 423 65 22 sedan
368 423 98 26 möjligen
489 429 34 15 om
546 423 59 21 detta
620 423 84 21 utskott
719 423 78 26 ansåge
813 423 36 21 det
863 422 80 27 nödigt,

117 451 32 22 till
164 454 139 19 sammansatt
317 451 106 22 ekonomi-
439 451 40 22 och
494 451 143 22 statsutskott.

186 508 51 21 Vice
261 511 87 24 pastorn
371 507 85 22 Lilius
480 508 85 27 yttrade
588 510 32 19 att
642 507 158 28 propositionen
823 507 68 28 gällde
913 507 30 22 af-

117 536 103 27 skiljande
242 537 23 20 af
280 536 115 27 kronojord
411 536 40 22 och
466 536 82 22 således
563 543 37 14 var
615 539 48 19 rent
678 536 125 21 ekonomisk
818 539 55 18 samt
888 536 55 28 förty

118 565 66 22 borde
199 565 130 27 handläggas
344 565 75 22 endast
434 564 22 22 af
470 565 210 22 ekonomiutskottet.

187 628 204 27 Kontraktsprosten
413 627 140 27 Sohlberg
575 628 81 27 yrkade
678 628 27 27 på
720 627 74 22 remiss
809 627 32 22 till
856 629 87 20 statsut-

118 657 87 25 skottet,
231 657 88 21 emedan
345 656 159 27 propositionen
532 656 133 21 behandlade
688 659 31 18 ett
741 656 6 21 i
769 657 103 20 samband
896 656 48 21 med

119 684 250 28 roteringsskyldigheten
391 684 87 22 stående
500 685 79 21 ärende
602 684 51 22 eller
668 684 123 27 förändring
806 684 23 22 af
842 684 101 22 kontrakt

118 713 109 27 angående
242 712 96 22 befrielse
353 713 47 21 från
415 713 101 27 rotering.

186 776 89 22 Prosten
286 776 56 21 Dur
351 776 30 22 ch
388 782 58 15 man
456 776 85 27 yttrade
551 778 33 19 att
594 776 26 21 de
630 776 7 21 i
648 776 159 27 propositionen
818 776 126 22 omnämnda

117 804 137 26 sockneboer,
274 804 69 22 såvidt
364 805 36 21 tal.
424 804 75 28 kände,
522 805 78 26 ansågo
622 805 88 21 ärendet
732 805 70 21 såsom
820 811 26 15 en
861 804 83 28 privile-

117 832 93 28 giifråga.

185 896 110 22 Professor
317 896 152 22 Ehrström
492 896 84 27 yttrade
592 898 32 19 att
638 896 159 28 propositionen
813 896 69 27 gällde
897 896 46 22 icke

118 924 89 22 allenast
222 924 109 22 storskifte
346 924 40 22 och
400 924 159 27 skattläggning
574 924 40 22 och
629 924 82 22 säledes
732 931 38 15 var
784 924 22 22 af
820 924 124 22 ekonomisk

118 954 40 25 art,
179 954 50 20 utan
253 952 61 22 äfven
329 953 102 21 kontrakt
446 954 109 25 angäende
570 952 98 22 befrielse
683 953 46 21 frän
744 953 101 27 rotering,
860 952 85 22 hvarför

118 980 36 23 tal.
177 981 80 27 yrkade
278 982 28 26 pä
327 982 171 27 propositionens
520 982 152 21 remitterande
694 982 33 21 till
742 984 139 19 sammansatt
895 981 49 22 eko-

117 1009 66 22 nomi-
199 1009 39 23 och
252 1010 143 22 statsutskott.

187 1072 206 28 Kontraktsprosten
430 1072 119 28 Sohlberg
563 1072 101 22 förenade
674 1073 32 27 sig
717 1072 48 22 med
777 1072 105 28 professor
892 1072 53 22 Ehr-

116 1102 73 20 ström.

185 1163 34 21 Då
234 1163 62 27 ingen
311 1163 68 22 talare
395 1163 71 22 vidare
481 1163 93 22 anmälte
589 1163 33 27 sig
636 1163 143 22 framställdes
795 1163 90 28 följande
896 1169 48 21 pro-

116 1191 101 28 position:

186 1254 70 22 Anser
275 1254 85 22 ständet
379 1254 159 28 propositionen
554 1255 53 21 böra
622 1254 121 22 remitteras
759 1254 32 21 till
807 1256 139 20 sammansatt

117 1282 110 22 ekonomi-
242 1283 39 22 och
296 1283 137 22 statsutskott
448 1283 53 21 eller
516 1283 75 22 endast
606 1283 32 21 till
653 1283 220 21 ekonomiutskottet?
899 1282 46 22 Den

118 1317 45 15 som
179 1311 64 27 yrkar
257 1311 74 22 remiss
346 1311 33 22 till
393 1313 141 20 sammansatt
548 1312 108 21 ekonomi-
672 1311 39 22 och
727 1311 136 22 statsutskott
873 1317 73 16 svarar

116 1339 29 27 ja,
161 1339 40 22 den
216 1345 45 16 som
276 1340 65 27 yrkar
355 1340 74 22 remiss
444 1339 33 22 till
492 1340 205 21 ekonomiutskottet
711 1345 74 16 svarar
801 1339 41 27 nej.

187 1402 130 22 Besvarades
338 1403 49 22 med
408 1403 26 21 19
451 1403 23 27 ja
489 1404 45 20 mot
550 1403 26 21 13
592 1403 42 26 nej;
650 1402 41 22 och
705 1402 69 22 skulle
789 1401 157 28 propositionen

118 1430 83 23 säledes
216 1431 119 22 remitteras
350 1431 32 22 till
397 1433 141 20 sammansatt
552 1431 108 22 ekonomi-
676 1431 39 22 och
731 1431 143 22 statsutskott.
