1117 1817
322 155 159 23 Presteständet
494 156 55 17 1872.
574 156 19 17 11
606 156 59 21 april.
833 151 40 21 587

144 229 69 22 Sedan
230 231 62 19 nästa
307 229 84 27 plenum
408 229 69 21 blifvit
492 231 68 20 utsatt
575 230 32 21 till
622 230 115 27 torsdagen
754 230 39 21 den
811 231 23 20 11
853 231 50 20 den-

76 264 38 15 nes
128 258 28 21 kl.
175 259 25 20 10
215 257 14 22 f.
246 264 34 17 m.,
296 257 102 22 åtskildes
413 258 86 21 ståndet
514 258 28 21 kl.
558 259 12 20 2
587 265 17 14 e.
619 265 27 14 m.

685 320 20 18 In
720 321 61 17 fidem:

606 366 52 21 Carl
674 366 49 21 Joh.
739 367 134 27 Lindeqvist.

185 531 169 34 Torsdagen
373 532 57 27 den
450 532 31 27 11
500 531 80 34 april
598 531 41 28 kl.
658 531 36 28 10
711 531 23 29 f.
753 539 38 19 m.

144 600 70 22 Sedan
236 601 167 21 sammanträdet
425 603 91 25 öppnats
534 601 48 21 med
598 601 42 21 bön
655 601 28 26 på
698 600 68 22 finska
781 601 86 26 språket
883 601 22 21 af

75 629 201 27 kontraktsprosten
297 629 86 26 Berner,
406 629 80 22 skedde
506 635 88 21 upprop,
617 629 89 21 hvarvid
729 629 68 22 såsom
819 629 84 22 fränva-

76 658 66 21 rande
159 657 143 22 antecknades
317 660 86 24 prosten
419 658 66 21 Lilius
501 658 6 21 i
523 658 105 21 anseende
643 658 33 21 till
692 658 131 21 fortfarande
838 659 65 26 ledig-

75 686 37 22 het
128 686 39 21 och
183 686 136 27 domprosten
334 686 58 27 Borg
406 687 32 21 för
454 686 95 22 anmäldt
564 686 155 27 sjukdomsfall.

143 818 41 21 Till
197 818 104 27 justering
316 818 109 27 upplästes
438 818 35 21 två
485 818 197 27 protokollsutdrag
695 818 33 21 för
741 818 39 21 den
792 819 12 20 9
818 818 85 22 dennes.

144 949 120 27 Föredrogs
280 950 39 20 och
335 950 142 21 antecknades
493 952 31 19 ett
538 950 197 26 protokolisutdrag
747 950 46 21 från
805 950 99 26 borgare-

76 978 85 21 ståndet
183 978 22 21 af
226 978 40 21 den
289 980 12 20 6
325 978 84 25 dennes,
430 978 150 22 innehållande
602 979 156 21 underrättelse
781 979 72 21 derom
871 980 33 20 att

76 1006 177 27 borgareståndet
274 1007 95 27 godkänt
391 1007 151 26 lagutskottets
563 1007 135 21 betänkande
722 1007 7 21 i
751 1007 114 26 anledning
882 1007 23 21 af

75 1035 78 27 nådiga
180 1036 159 26 propositionen
367 1036 110 26 angående
506 1036 115 21 förändrad
648 1036 79 26 lydelse
753 1036 22 21 af
800 1036 9 20 1
836 1036 12 26 $
878 1037 25 21 15

75 1063 49 27 kap.
139 1064 24 21 R.
180 1064 24 21 B.

145 1189 118 26 Föredrogs
285 1189 96 21 enskilda
400 1189 202 21 besvärsutskottets
619 1189 134 20 betänkande
768 1189 6 20 i
790 1189 114 26 anledning

76 1217 23 22 af
119 1218 44 21 vice
185 1219 88 25 pastorn
289 1218 119 27 Dahlbergs
423 1217 181 27 petitionsförslag
620 1217 110 26 angående
745 1217 121 21 inrättande
882 1217 24 21 af

76 1246 133 27 fullständigt
224 1246 65 21 finskt
304 1246 215 22 elementarläroverk
533 1246 8 21 i
556 1241 54 32 Åbo,
626 1246 24 21 så
665 1245 99 28 lydande:

128 1309 241 23 PRESTESTÅNDETS

209 1359 27 23 BE
406 1377 5 6 .

88 1359 105 24 ENSKILDA
237 1354 168 30 BESYÄRSUTSKOTT
474 1382 40 22 Till
530 1383 138 26 Högvördiga
683 1382 167 22 Presteständet.

104 1439 120 23 Helsingfors,
232 1439 17 17 d.
258 1440 12 17 9
279 1440 51 22 april
335 1441 57 17 1872.

146 1520 135 27 Högvördiga
296 1521 162 21 Presteständet
473 1521 38 21 har
521 1521 32 20 till
563 1520 38 21 sitt
614 1521 97 20 enskilda
722 1521 181 21 besvärsutskotts

76 1548 154 23 förberedande
253 1549 129 27 behandling
397 1549 138 22 öfverlemnat
550 1551 32 20 ett
597 1549 23 21 af
633 1549 45 21 vice
693 1551 88 25 pastorn
797 1549 25 22 G.
838 1549 65 21 Dahl-
