1117 1817
324 122 159 16 Presteständet
497 122 54 16 1872.
576 122 12 16 9
602 122 58 20 april.
839 116 38 20 571

152 201 9 20 I
177 200 73 26 frägan
267 206 33 15 om
316 200 136 21 meddelande
468 200 22 21 af
505 200 104 22 decharze
624 202 22 20 ät
662 200 203 22 bankodirektionen
876 201 33 21 för

82 229 51 21 ären
158 229 61 25 1868,
245 229 53 20 1869
321 229 38 20 och
384 229 54 20 1870
460 229 103 20 stannade
586 229 91 24 ständet,
695 229 25 26 pä
737 229 70 21 derom
825 229 21 20 af
860 229 49 21 herr

83 258 161 20 talmannen
259 257 60 26 gjord
335 256 158 27 framställning,
509 257 5 20 i
531 257 36 21 det
583 257 74 23 beslut,
674 260 31 18 att
722 257 187 26 bankfullmäktige

82 285 69 22 skulle
173 285 80 21 erhålla
277 285 4 20 i
305 286 94 26 uppdrag
421 288 31 18 att
468 286 96 20 meddela
580 285 202 22 bankodirektionen
799 285 40 21 den
855 285 53 22 före-

84 314 72 25 slagna
172 314 125 26 dechargen.

151 371 40 21 Vid
208 371 51 20 härä
276 371 61 20 väckt
352 370 58 27 fräga
426 377 32 14 om
475 371 33 20 val
525 371 22 20 af
557 371 187 26 bankfullmägtige
755 371 38 21 och
805 371 104 21 revisorer

81 403 56 18 samt
152 399 135 26 suppleanter
303 399 32 21 för
349 399 103 22 hvardera
468 399 94 21 tillsades
578 400 62 20 ordet
655 399 52 21 först

152 456 147 22 Öfverläraren
315 457 138 23 Kihlman,
470 463 44 15 som
530 457 92 26 yttrade:
648 457 49 20 Med
708 457 97 21 afseende
815 458 13 20 å
840 457 68 20 denna

83 485 64 27 fräga,
172 485 33 20 vill
227 485 36 26 jag
280 485 109 21 hemställa
406 485 29 21 till
452 486 36 20 det
504 485 128 26 högvördiga
647 485 90 23 ständet,
754 485 102 21 huruvida
873 485 36 21 det

83 514 18 26 ej
126 520 49 15 vore
190 514 46 21 skäl
252 515 31 19 att
299 514 113 26 uppskjuta
428 514 53 21 valet
498 513 23 21 af
533 513 139 26 fullmäktige.
689 514 102 21 revisorer
806 514 38 21 och
861 520 47 20 sup-

83 543 102 26 pleanter,
208 542 54 21 iotill
286 542 47 21 dess
350 543 171 20 bankutskottets
536 543 98 26 yttrande
650 542 57 21 öfver
723 543 138 22 reslementet
876 542 32 21 för

83 571 102 21 Finlands
209 571 55 20 bank
289 571 66 20 blifvit
378 571 68 26 tryckt
462 571 38 20 och
518 571 21 20 af
553 571 85 21 ståndet
654 571 139 20 diskuteradt.
824 571 9 20 I
849 571 59 20 detta

83 599 128 26 reglemente
235 599 48 25 ingå
307 599 102 26 nemligen
433 599 156 26 bestämningar
604 600 4 19 i
626 599 97 21 afseende
742 600 12 20 å
769 599 56 21 såväl
843 599 65 21 bank-

81 627 142 27 fullmägtiges
239 634 43 14 som
299 628 114 21 revisorers
428 628 132 25 åligganden,
577 628 38 21 och
632 627 81 21 derföre
730 634 60 21 synes
807 628 40 26 mig
861 628 46 20 skä-

81 656 45 26 ligt,
143 659 31 18 att
191 656 55 21 valet
261 655 21 22 af
298 657 58 20 desse
372 657 144 20 funktionärer
532 656 66 21 skulle
615 657 123 25 uppskjutas
754 657 23 20 så
792 656 67 26 länge,
876 659 31 18 att

81 685 62 20 deras
159 684 125 26 åligganden
301 684 69 21 kunna
386 684 63 21 blifva
465 684 144 22 dessförinnan
626 685 22 19 af
658 684 112 21 ständerna
781 684 125 21 fastställda.

151 742 89 20 Prosten
264 741 86 26 Hjelt:
383 741 145 21 Ofverläraren
552 742 109 20 Kihlmans
680 742 134 26 andragande
830 742 77 20 strider

82 774 45 17 mot
149 771 26 20 68
199 770 12 28 $
227 771 5 19 i
249 770 237 26 landtdagsordningen;
504 772 21 24 ty
542 770 59 21 äfven
618 777 32 13 om
668 770 35 21 det
719 770 21 21 af
755 770 152 21 bankfullmäk-

82 799 42 26 tige
147 799 74 26 gjorda
243 798 100 26 förslaget
365 801 91 24 antages.
474 798 51 21 eller
540 799 130 25 underginge
686 799 81 20 hvilken
785 799 122 24 förändring

82 834 44 14 som
143 828 60 23 helst,
220 828 23 20 så
259 828 66 20 måste
341 827 26 21 de
382 827 159 27 ifrågavarande
552 828 172 20 funktionärerne
735 827 73 21 finnas.
834 826 73 22 Skulle

82 856 37 20 det
141 856 61 20 hafva
226 856 53 20 varit
295 862 24 14 en
336 856 96 26 kejserlig
449 856 137 26 proposition,
602 856 24 20 så
641 856 68 20 skulle
726 856 35 20 det
776 856 61 20 hafva
854 855 53 21 varit

82 884 45 21 skäl
143 887 32 18 att
191 884 97 27 möjligen
305 884 55 25 bida,
377 891 46 13 men
440 886 35 19 det
490 886 24 18 är
527 885 23 25 ju
566 887 30 18 ett
612 884 21 21 af
648 884 187 26 bankfullmäktige
848 884 58 20 hem-

82 912 66 22 stäldt
163 912 84 26 förslag,
264 919 51 18 som,
332 913 63 20 innan
412 913 34 20 det
463 914 95 20 kommer
573 916 31 17 att
620 912 62 27 gälla,
694 912 120 24 ovilkorligt
825 912 82 21 fordrar

83 941 58 21 Hans
159 941 108 26 Majestäts
283 942 158 25 godkännande.
474 941 123 21 Emellertid
614 942 66 20 måste
696 941 38 21 allt
749 942 26 25 gå
791 941 30 21 sin
835 941 72 26 jemna

82 970 56 26 gång
160 970 37 20 och
221 970 81 20 således
325 970 60 20 äfven
402 970 187 24 bankfullmäktige
606 970 37 20 och
661 971 102 19 revisorer
778 969 73 25 finnas,
868 968 39 22 och

82 998 32 21 för
137 998 85 21 ståndet
245 999 91 20 återstår
356 998 17 26 ej
391 999 63 25 något
470 1001 64 18 annat
550 1000 26 18 än
592 1002 32 17 att
639 998 90 26 fullgöra
745 999 25 20 68
787 998 13 26 $
816 998 5 20 i
839 998 67 20 landt-

82 1026 175 26 dagsordningen.
289 1027 40 21 Det
352 1029 23 19 är
398 1027 17 26 ej
432 1027 32 20 för
478 1027 41 21 den
535 1027 54 21 skull
606 1027 61 26 sagdt
683 1029 32 18 att
730 1027 55 20 valet
800 1026 54 20 skall
869 1026 38 21 ske

82 1056 6 19 i
105 1055 46 26 dag,
169 1062 47 14 men
233 1055 127 21 åtminstone
376 1056 46 20 med
439 1056 35 20 det
490 1055 72 21 första.

151 1112 89 21 Prosten
257 1112 148 26 Grönberg
421 1112 96 21 biträdde
534 1115 84 23 prosten
635 1112 64 26 Hjelt.

151 1169 120 20 Statsrådet
294 1169 142 20 Lindelöf:
466 1169 40 26 Jag
522 1168 84 21 förenar
621 1168 43 27 mig
679 1169 63 20 också
757 1168 48 21 med
821 1170 86 24 prosten

83 1197 64 26 Hjelt,
171 1203 47 14 men
241 1197 95 21 anhåller
359 1197 101 26 derjemte
483 1200 31 18 att
537 1197 20 20 få
574 1197 53 20 fästa
643 1197 213 26 uppmärksamheten
873 1196 34 21 vid

82 1226 40 20 den
146 1225 183 27 omständigheten
353 1229 37 22 att,
416 1226 62 20 innan
502 1225 31 21 val
558 1225 22 21 af
597 1225 135 26 fullmägtige,
749 1225 102 21 revisorer
868 1225 38 20 och

81 1254 136 26 suppleanter
240 1254 40 21 kan
304 1254 112 26 företagas,
432 1254 36 21 det
483 1257 24 18 är
523 1254 72 26 nödigt
610 1256 30 19 att
658 1254 41 21 alla
714 1254 88 21 stånden
819 1253 88 21 kommit

81 1282 96 21 öfverens
193 1289 33 14 om
244 1283 35 20 det
295 1283 56 20 antal
367 1289 44 14 som
428 1283 52 20 skall
498 1283 64 26 väljas
578 1282 40 21 och
633 1285 32 18 att
678 1283 67 20 denna
755 1283 59 24 fråga
825 1282 82 21 således

81 1311 73 20 främst
171 1311 38 21 och
225 1311 63 21 innan
305 1312 67 25 någon
389 1317 69 14 annan
473 1311 76 26 åtgärd
566 1311 100 25 vidtages,
684 1311 65 20 borde
764 1312 89 25 afgöras.

151 1367 148 22 Öfverläraren
321 1368 139 21 Kihlman:
492 1369 10 24 $
526 1369 27 20 68
575 1368 5 20 i
602 1367 227 26 landtdagsordningen
846 1369 61 24 säger

82 1397 33 20 att
131 1396 31 21 val
179 1395 39 22 bör
233 1395 100 22 förrättas
349 1397 23 20 så
388 1397 68 25 tidigt,
472 1399 32 18 att
517 1397 25 20 de
554 1396 86 21 utsedde
652 1396 129 26 fullmägtige
793 1397 33 19 må
837 1396 68 20 kunna

82 1425 95 21 tillträda
192 1425 30 20 sin
239 1424 124 27 befattning,
381 1425 73 21 medan
469 1425 114 21 ständerna
595 1427 56 18 ännu
662 1427 36 18 äro
710 1425 98 20 samlade.
833 1425 74 20 Denna

82 1453 132 27 bestämning
230 1453 72 26 lägger
317 1453 17 26 ej
352 1455 64 24 något
431 1453 73 21 hinder
519 1453 5 20 i
542 1456 65 23 vägen
622 1453 32 20 för
670 1453 65 20 valets
752 1453 155 26 uppskjutande

82 1482 26 26 på
124 1483 65 25 några
205 1481 82 26 veckar,
304 1482 39 21 och
360 1482 70 26 längre
447 1482 30 21 tid
493 1481 100 22 behöfves
609 1481 25 26 ej,
651 1482 31 20 för
697 1485 32 17 att
742 1481 35 21 det
788 1488 40 19 nya
839 1481 68 26 regle-

82 1513 80 18 mentet
184 1510 54 21 skall
262 1511 70 20 kunna
355 1510 63 21 blifva
440 1510 138 27 färdigtryckt
601 1510 38 21 och
664 1510 104 27 förelagdt
786 1510 120 21 ständerna.
