1117 1817
330 138 160 18 Presteståndet
504 139 54 17 1872.
577 140 24 16 21
614 144 60 12 mars.
848 136 39 20 451

89 224 118 21 synagoger
228 218 21 26 ($
265 218 41 27 22).
338 218 10 21 I
364 218 89 21 Finland
472 218 58 27 fingo
546 219 81 21 således
643 220 65 25 några
721 220 63 25 judar
799 220 18 25 ej
834 220 84 22 bosätta

89 246 36 27 sig.
155 246 43 21 Det
220 247 24 20 är
264 249 69 22 sannt,
357 249 31 18 att
411 247 6 20 i
438 247 61 21 detta
520 247 180 27 judereglemente
723 248 142 21 förekommer
887 251 31 18 ett

89 274 116 26 stadgande
225 274 7 21 i
247 275 52 20 sista
315 275 19 26 $,
350 275 81 21 hvilket
443 275 37 27 jag
496 275 69 22 finner
580 278 32 19 att
628 282 24 15 en
669 276 51 21 värd
736 277 88 20 medlem
841 277 22 21 af
876 277 41 21 rid-

90 303 113 26 derskapet
226 304 38 20 och
288 303 62 21 adeln
373 303 39 21 har
434 304 72 21 anfört
528 305 68 20 såsom
620 304 58 21 bevis
694 305 65 26 derpå
774 307 32 18 att
821 305 18 27 ej
855 306 62 26 judar

88 337 50 15 vore
163 331 92 27 afgjordt
280 331 111 27 förbjudne
416 335 32 18 att
471 333 65 21 vistas
558 333 7 20 i
590 333 96 20 Finland.
718 333 41 21 Det
785 334 59 21 heter
869 335 47 20 der:

89 359 23 25 »I
130 359 102 22 händelse
247 360 68 27 någon
332 360 21 21 af
365 361 70 26 judisk
451 361 81 26 nation,
548 367 44 15 som
609 367 50 15 vore
675 361 98 27 antingen
789 362 22 21 af
825 363 92 21 särdeles

88 390 46 19 stor
148 388 152 27 förmögenhet,
317 389 51 21 eller
384 390 38 20 ock
438 396 52 20 eger
506 391 68 25 någon
591 389 56 21 förut
661 389 38 22 här
710 390 92 21 obekant
813 391 103 26 kunskap,

88 416 100 21 hvarmed
211 417 41 21 han
275 417 48 21 ville
338 417 32 21 hit
385 417 81 28 inflytta
483 419 40 20 och
540 418 58 27 börja
614 419 68 26 någon
698 425 27 20 ny
741 419 39 20 och
795 419 56 21 förut
867 420 50 25 opå-

88 445 61 21 tänkt
171 445 157 28 ,handelsgren
345 446 50 21 eller
410 447 206 27 slöjdinrättning*,
632 453 44 15 som
692 447 67 21 finnes
774 447 63 22 lända
853 448 64 21 Riket

88 473 31 21 till
141 480 25 15 en
191 473 132 28 besynnerlig
346 474 81 22 förmon
451 475 40 21 och
515 477 66 25 nytta,
604 475 67 21 skulle
694 476 76 21 sådant
786 476 37 21 hos
839 476 74 26 Kongl.

88 502 247 27 Commerce-Collegium
352 503 167 27 tillkännagifva,
539 505 23 20 så
579 503 35 21 vill
629 504 76 26 Kongl.
723 504 123 27 Collegium,
863 505 54 21 efter

87 531 82 21 thervid
192 531 33 26 sig
247 531 121 22 företeende
391 532 145 26 anledningar,
559 539 25 14 en
606 532 65 21 sådan
688 533 37 20 hos
741 533 74 26 Kongl.
834 533 82 26 Maj:t
906 527 14 36 i

87 559 168 27 underdånighet
277 560 83 21 anmäla
383 561 30 20 till
433 561 85 27 ,några
534 561 98 27 specielle
643 561 128 27 förmoners
787 561 37 20 och
840 564 76 24 rättiy-

87 589 67 20 heters
178 588 143 26 åtnjutande"
343 589 83 21 utöfver
449 589 56 21 hvad
528 589 5 20 i
556 589 70 21 thetta
648 589 143 27 Reglemente,
817 596 44 15 som
885 590 32 21 för

85 617 84 26 judiska
192 617 71 21 nation
287 617 6 20 i
316 617 115 22 allmänhet
454 620 24 19 är
501 617 105 27 gällande,
629 617 67 22 finnes
717 618 119 26 stadgadt*.
867 618 48 21 Men

88 645 55 21 hvad
158 645 39 21 här
211 648 67 24 säges,
295 645 66 27 gäller
377 646 54 21 blott
447 653 25 14 en
489 646 125 27 utvidgning
629 646 22 21 af
665 647 25 20 de
706 647 106 20 förmoner
823 647 37 20 och
873 649 43 18 rät-

87 673 98 26 tigheter,
201 680 46 15 som
262 674 70 21 kunde
347 674 87 26 beviljas
448 675 91 26 judarne
554 676 27 25 på
597 675 26 21 de
638 677 58 18 orter
711 676 38 19 der
765 675 24 21 de
806 675 53 21 hade
872 677 44 19 rät-

87 702 67 26 tighet
177 704 32 19 att
231 702 84 22 bosätta
338 703 37 26 sig,
392 703 46 21 icke
454 706 31 18 ett
502 703 82 21 ökande
600 703 22 21 af
636 703 61 21 dessa
713 707 67 17 orters
797 704 62 24 antal,
877 703 38 21 och

87 730 41 22 kan
151 730 88 22 sålunda
261 731 18 27 ej
301 731 84 21 anföras
400 738 44 14 som
462 734 32 18 ett
509 732 48 20 stöd
572 732 33 20 för
620 732 36 20 det
672 734 32 18 att
719 732 65 26 enligt
798 732 118 25 juderegle-

87 761 81 19 mentet
189 759 63 27 judar
274 760 67 20 skulle
365 759 18 21 få
404 760 26 20 bo
446 760 5 20 i
468 760 98 21 Finland.
597 760 113 21 Dessutom
726 760 69 27 gällde
811 760 35 21 det
861 760 55 21 blott

87 788 79 21 sådana
185 794 101 21 personer
301 788 22 21 af
334 788 84 27 judiska
433 789 108 25 nationen,
557 794 45 16 som
619 788 98 27 antingen
734 789 53 21 bade
803 795 25 15 en
844 789 72 21 särde-

87 816 30 21 les
139 818 45 19 stor
198 816 151 26 förmögenhet,
367 816 51 22 eller
433 817 40 21 ock
491 817 53 26 egde
559 818 69 26 någon
644 817 6 20 i
666 817 71 21 landet
753 817 56 21 förut
824 817 92 21 obekant

87 844 103 27 kunskap,
207 844 102 22 hvarmed
324 845 41 21 han
381 845 48 21 ville
444 845 83 27 inflytta
544 845 38 22 och
599 846 59 26 börja
674 847 68 24 någon
755 852 32 21 ny,
799 845 50 21 eller
859 846 57 20 förut

87 873 103 27 opätänkt
213 873 157 28 ,handelsyren
393 874 52 20 eller
467 874 201 28 slöjdinrättning*,
690 881 44 15 som
750 874 87 21 befanns
853 874 63 21 lända

87 902 55 20 riket
164 902 32 20 till
219 908 25 15 en
266 902 133 27 besynnerlig
421 902 83 22 förmon
525 903 39 21 och
584 904 64 26 nyttä,
666 909 46 15 men
729 903 17 26 ej
763 903 72 25 andra,
852 904 14 19 t.
883 908 31 15 ex.

87 930 175 27 vetenskapsmän
287 931 39 21 och
350 931 134 21 konstnärer.
515 932 41 20 Det
582 933 24 19 är
631 934 63 18 sannt
716 933 31 19 att
769 932 120 20 sedermera
909 931 6 20 i

87 959 98 21 sednaste
201 959 60 24 tider,
278 959 55 21 blott
347 959 33 21 för
395 960 67 26 några
477 960 25 20 år
516 960 72 26 sedan,
605 966 25 14 en
646 959 123 27 författning
779 960 7 20 i
798 960 67 20 denna
878 959 37 21 sak

87 988 27 26 pä
129 987 155 21 administrativ
299 990 40 24 väg
354 988 37 20 hos
407 994 35 15 oss
457 988 123 25 utkommit;
598 994 46 15 men
661 988 48 21 med
725 988 98 21 afseende
833 989 12 20 ä
856 988 59 20 inne-

86 1015 67 22 hället
175 1016 39 21 och
238 1016 121 27 betydelsen
383 1016 22 21 af
426 1016 70 22 denna
518 1016 124 26 författning
658 1017 59 21 delar
729 1017 36 26 jag
781 1016 6 21 i
803 1016 41 22 allo
861 1016 54 21 hvad

88 1044 134 27 domprosten
237 1044 89 22 Renvall
342 1045 71 21 derom
429 1047 75 25 yttrat.
534 1045 125 26 Korteligen
674 1045 68 26 sagdt,
758 1045 24 21 sä
797 1047 36 19 äro
849 1044 66 26 enligt

87 1079 28 15 nu
138 1072 97 27 gällande
257 1072 148 27 författningar
421 1074 66 26 nägra
500 1074 64 26 judar
580 1074 17 26 ej
614 1073 132 26 berättigade
761 1075 32 19 att
809 1073 106 26 verkligen

86 1101 85 21 bosätta
192 1101 31 27 sig
245 1102 6 20 i
270 1102 96 26 Finland,
382 1104 51 19 utan
450 1102 26 21 de
492 1104 37 19 äro
544 1102 45 21 helt
605 1102 38 21 och
660 1102 67 21 hället
741 1102 113 26 utstängda
869 1101 46 21 frän

87 1130 47 20 värt
157 1130 54 20 land.
243 1130 48 21 Men
315 1132 31 19 ett
365 1130 77 21 sädant
457 1130 154 26 lagstadgande
627 1137 61 14 anser
701 1130 36 27 jag
752 1137 51 14 vara
817 1130 7 20 i
840 1130 75 26 högsta

86 1158 52 27 grad
154 1158 110 21 inhumant
280 1158 39 21 och
335 1158 88 27 obilligt,
440 1159 100 26 antingen
558 1165 47 14 man
621 1159 110 21 betraktar
743 1159 90 26 judarne
845 1159 69 20 säsom

87 1186 116 27 utgörande
227 1189 30 18 ett
279 1187 101 21 särskildt
402 1187 204 26 religionssamfund,
622 1187 51 22 eller
688 1193 26 15 en
729 1187 91 21 särskild
835 1186 79 21 nation.

86 1215 43 21 Det
144 1221 24 15 ar
183 1215 51 20 visst
249 1218 69 23 sannt,
334 1217 31 19 att
380 1216 6 20 i
402 1215 59 22 äldre
478 1215 54 22 tider
547 1216 80 21 sädana
642 1215 122 22 restriktiva
779 1215 136 26 lagstadgan-

87 1243 40 21 den
150 1245 57 19 emot
226 1243 89 27 judarne
339 1250 49 15 voro
411 1244 99 27 gällande
532 1244 7 20 i
564 1244 26 21 de
612 1243 62 22 flesta
695 1244 124 27 europeiska
835 1243 79 21 länder.

86 1271 50 22 Men
157 1271 26 22 de
201 1271 62 22 hafva
278 1272 127 27 längesedan
421 1272 69 21 blifvit
507 1272 106 27 upphäfna
627 1273 6 20 i
649 1273 97 26 Europas
762 1271 151 22 kulturländer.

86 1300 42 21 Det
150 1299 56 26 land,
229 1307 45 14 som
297 1307 38 14 var
355 1303 82 24 trögast
452 1301 6 20 i
475 1303 33 19 att
523 1301 106 26 upphäfva
644 1301 62 21 dessa
721 1301 59 26 lagar
796 1301 38 21 och
850 1301 65 25 nägot

86 1328 55 22 lossa
163 1329 28 26 pä
213 1329 26 21 de
261 1329 63 24 band,
347 1335 45 16 som
415 1329 6 21 i
443 1330 77 21 sädant
544 1330 118 21 hänseende
681 1329 132 26 förefunnits,
829 1331 24 19 är
867 1329 48 20 värt

86 1357 76 22 fordna
177 1357 123 22 moderland
317 1357 90 28 Sverige.
439 1358 61 21 Efter
516 1358 35 21 det
567 1360 31 19 att
614 1358 65 21 redan
696 1358 89 26 tidigare
797 1358 64 25 nägra
872 1359 43 18 rät-

86 1385 91 27 tigheter
199 1385 69 22 blifvit
288 1387 90 26 judarne
401 1387 107 26 medgifna
524 1387 64 20 också
603 1387 48 20 med
667 1386 98 21 afseende
780 1387 12 20 å
808 1386 26 21 de
849 1388 66 20 orter,

86 1415 38 20 der
146 1415 25 20 de
193 1413 56 28 fingo
273 1415 85 21 bosätta
379 1415 38 26 sig,
435 1415 75 21 utkom
528 1415 53 21 1782
597 1416 35 20 ärs
646 1415 187 26 judereglemente,
849 1414 65 26 enligt

86 1443 81 20 hvilket
186 1443 96 26 judarne,
306 1443 69 22 säsom
398 1446 92 23 nämnts,
513 1443 55 27 fingo
586 1446 42 18 rätt
644 1446 31 18 att
691 1443 84 21 bosätta
791 1444 32 25 sig
837 1443 6 20 i
859 1443 56 20 vissa

86 1471 77 26 städer,
179 1477 48 16 men
242 1471 64 22 likväl
322 1472 17 26 ej
356 1473 69 20 säsom
441 1472 90 21 svenske
547 1472 140 26 medborgare
703 1472 6 20 i
722 1471 91 27 egentlig
824 1471 90 26 mening.

86 1499 32 22 De
134 1506 49 15 voro
199 1500 75 21 endast
288 1500 55 21 hvad
360 1507 47 14 man
412 1495 15 36 i
424 1501 143 21 statsrätten
585 1500 68 21 kallar
668 1500 91 25 ,subditi
771 1499 143 27 temporarii*,

85 1528 70 21 säsom
171 1528 129 22 främmande
315 1528 110 27 inflyttade
441 1529 125 21 undersäter
582 1529 47 21 med
645 1529 62 26 högst
722 1529 124 20 inskränkta
857 1527 58 21 med-
