1117 1817
319 132 163 18 Presteståndet
500 134 53 16 1872.
578 135 18 15 11
610 133 59 21 april.
834 128 41 21 595

149 206 66 22 Ordet
230 206 103 27 begärdes
348 206 53 22 först
416 206 22 21 af

149 263 140 27 Domprosten
313 263 113 25 Renvall,
450 270 45 15 som
518 265 66 20 under
606 264 135 27 åberopande
763 264 22 21 af
807 264 26 21 68
853 264 52 25 $s
889 259 19 36 i

79 292 240 26 landtdagsordningens
341 292 67 21 första
431 298 70 21 mom.,
522 293 148 21 innehällande
686 293 130 26 stadganden
832 292 73 21 derom

80 323 32 18 att
134 320 187 24 bankfullmäktige
340 320 52 21 böra
408 321 34 20 vid
459 321 70 26 hvarje
545 321 102 27 landtdag
663 321 64 27 väljas
743 321 32 21 till
790 321 42 21 lika
847 320 58 22 antal

79 348 33 22 för
134 349 71 27 hvarje
227 349 67 22 stånd.
318 349 39 21 och
373 355 80 15 samma
469 349 29 28 $:s
514 350 50 21 sista
580 356 69 20 mom.,
665 356 45 15 som
725 349 87 26 stadgar
827 351 32 19 att
874 349 32 22 för

80 377 187 27 bankfullmäktige
283 377 38 22 och
340 378 105 21 revisorer
460 377 40 22 bör
515 381 56 19 utses
584 380 32 19 ett
626 379 23 20 sä
660 381 54 18 stort
725 378 57 21 antal
792 377 113 28 supplean-

80 409 40 22 ter,
148 412 44 15 som
219 406 112 21 ständerna
355 412 50 15 anse
428 406 99 22 behofvet
549 407 91 27 päkalla,
662 407 78 27 yrkade
765 409 32 18 att
821 405 85 22 ständet

80 435 67 21 borde
170 437 92 24 upptaga
285 435 39 20 och
347 435 73 26 afgöra
442 435 73 27 frågan
539 442 34 15 om
597 435 81 22 antalet
692 435 22 21 af
728 435 57 22 såväl
801 433 105 23 bankfull-

81 463 91 26 mäktige
187 469 45 15 som
248 463 135 27 suppleanter
398 463 33 21 för
446 463 48 22 dem
510 464 38 21 och
564 465 137 20 revisorerne.

150 520 88 21 Prosten
263 520 68 27 Hjelt
353 521 71 20 kunde
447 521 18 26 ej
488 520 56 23 finna
560 523 32 20 att
607 521 39 22 den
663 521 21 21 af
698 521 127 27 föregäende
840 519 67 22 talare

81 549 120 27 åberopade
216 549 11 27 $
243 550 5 19 i
264 549 231 26 landtdagsordningen
511 550 91 21 innehöll
618 549 118 27 stadgande
751 556 34 15 om
801 550 66 21 annat
880 551 26 18 än

82 580 32 19 att
133 577 84 22 ständet
231 577 46 22 icke
293 578 54 21 hade
363 580 43 19 rätt
421 580 33 19 att
468 577 56 27 välja
538 578 50 21 flere
603 578 132 27 fullmäktiga
753 580 26 19 än
797 577 72 26 hvarje
887 577 22 22 af

82 606 143 21 medständen.
256 606 81 27 Nädiga
360 606 150 27 förordningen
533 607 21 21 af
576 607 40 21 den
638 607 12 21 9
666 607 111 21 december
794 607 61 24 1867,
871 612 37 15 an-

81 635 80 26 gäende
183 635 102 26 styrelsen
309 635 38 21 och
368 635 156 26 förvaltningen
539 635 21 22 af
575 635 101 22 Finlands
692 635 66 26 Bank,
774 635 87 26 stadgar
875 636 33 19 att

82 663 84 21 ständet
189 663 17 27 ej
223 670 49 20 eger
287 663 55 26 välja
357 670 58 14 mera
430 665 27 19 än
475 670 32 17 en,
524 665 38 20 och
578 665 6 19 i
602 664 35 21 det
652 664 118 26 föreslagna
785 670 42 20 nya
841 662 67 27 regle-

82 694 80 18 mentet
177 692 59 26 ingär
251 692 60 20 äfven
327 692 111 21 enahanda
453 692 140 27 bestämning,
609 699 45 15 som
671 692 162 21 bankutskottet
847 691 61 21 torde

81 720 91 21 förorda.
203 720 88 21 Talaren
314 720 70 22 kunde
407 720 47 21 icke
476 727 51 15 anse
547 722 136 26 domprosten
699 720 98 22 Renvalls
813 719 96 27 tolkning

82 748 22 22 af
125 749 11 25 &
159 749 26 21 68
201 749 6 21 i
223 749 229 26 landtdagsordningen
468 749 75 27 riktig;
560 753 21 23 ty
598 750 68 20 denna
682 750 11 26 $
708 749 103 27 stadgade
827 748 82 25 endast,

82 779 32 19 att
131 777 114 21 ständerna
262 784 39 20 ega
316 780 46 18 utse
378 777 132 27 fullmäktige
526 778 32 21 till
574 778 42 21 lika
630 778 59 21 antal
703 778 33 21 för
750 777 74 27 hvarje
839 776 68 26 stånd,

82 812 48 15 men
145 806 18 26 ej
179 808 32 19 att
227 806 70 26 hvarje
313 806 61 21 stånd
390 806 54 21 skall
460 806 56 27 välja
531 813 25 15 en
572 806 125 27 fullmäktig.

150 862 83 22 Doktor
255 863 131 27 Alopaeus
408 862 100 22 framhöll
531 863 67 26 äfven,
622 864 67 20 under
706 862 129 22 hänvisande
850 862 59 26 till
896 858 15 36 $

82 892 28 21 68
132 891 6 21 i
161 891 234 27 landtdagsordningen,
419 891 157 27 behöfligheten
597 892 22 21 af
640 892 94 21 ständets
749 891 111 22 uttalande
876 896 34 16 om

82 920 81 21 antalet
185 920 22 21 af
227 920 189 27 bankfullmäktige
438 922 57 19 samt
514 921 135 27 suppleanter
667 920 32 22 för
715 920 46 22 dem
777 920 41 22 och
833 919 78 21 reviso-

82 955 67 15 rerna.

151 1006 89 22 Prosten
255 1006 151 27 Rosengren
422 1007 66 26 ansåg
504 1009 38 23 att,
554 1007 23 20 sä
590 1006 61 26 länge
664 1006 56 21 förut
731 1006 94 21 nämnda
835 1004 76 26 nådiga

82 1034 122 27 förordning
226 1034 21 22 af
269 1035 39 21 den
331 1036 12 20 Y
367 1034 113 22 december
504 1036 54 20 1867
582 1041 37 15 var
641 1034 103 27 gällande,
764 1034 87 21 ståndet
865 1033 46 21 icke

82 1063 70 21 kunde
174 1064 63 21 tveka
259 1066 32 18 att
313 1064 56 26 välja
390 1064 75 21 endast
481 1070 26 14 en
523 1063 119 27 fullmäktig
658 1064 39 21 och
713 1065 31 19 att
759 1062 84 22 således
858 1062 54 20 intet

82 1092 75 21 hinder
172 1092 105 22 förefanns
293 1092 32 21 för
339 1092 134 21 anställande
489 1093 23 21 af
526 1092 32 22 val
574 1094 51 19 utan
641 1092 134 26 tidsutdrägt.

152 1150 141 26 Domprosten
315 1149 108 22 Renvall
446 1149 101 21 framhöll
567 1152 30 19 att
613 1149 230 26 landtdagsordningen
859 1146 53 27 egde

82 1178 177 27 grundlagshelgd
282 1178 39 21 och
343 1178 71 21 kunde
437 1178 72 21 tolkas
532 1178 75 21 endast
622 1177 54 22 efter
691 1177 65 22 orden
772 1178 57 21 samt
843 1175 70 22 såsom

82 1212 73 16 senare
177 1206 132 22 tillkommen
331 1209 26 18 än
382 1207 54 20 1867
459 1207 37 21 års
518 1206 122 27 förordning
662 1206 52 21 böra
736 1206 61 21 hafva
813 1204 99 27 gällande

82 1235 56 21 kraft
161 1234 86 22 framför
270 1235 74 21 denna.
374 1235 33 21 Då
430 1235 6 20 i
458 1235 68 22 första
542 1241 62 16 mom.
620 1235 22 22 af
657 1235 11 28 $
685 1235 26 20 68
727 1235 6 20 i
749 1232 164 27 landtdagsord-

81 1264 77 26 ningen
177 1263 46 22 icke
245 1264 120 27 stadgades,
388 1265 32 19 att
442 1264 118 21 ständerna
583 1271 39 20 ega
642 1266 48 19 utse
704 1269 26 15 en
745 1262 120 26 fullmäktig
879 1261 34 32 för

82 1292 72 26 hvarje
175 1292 63 21 stånd
257 1292 39 22 och
312 1292 6 21 i
333 1293 52 20 sista
400 1298 65 15 mom.
482 1292 23 21 af
519 1299 79 15 samma
614 1293 11 26 $
641 1292 68 27 ingick
722 1292 41 21 den
778 1291 135 25 bestämning

82 1322 32 20 att
136 1320 113 22 ständerna
272 1327 39 20 ega
331 1323 47 19 utse
401 1321 139 26 suppleanter
560 1321 32 21 för
607 1320 130 26 fullmäktige
753 1320 39 21 och
809 1319 105 21 revisorer

82 1349 33 22 till
130 1349 23 21 så
168 1351 55 19 stort
238 1350 63 25 antal,
317 1356 46 15 som
379 1349 22 22 af
415 1349 103 22 behofvet
532 1349 76 27 ansågs
624 1349 115 27 påkalladt,
759 1349 52 20 fann
831 1347 82 21 talaren

83 1378 36 21 det
140 1384 50 15 vara
213 1377 56 22 klart
291 1380 32 19 att
341 1378 72 26 hvarje
428 1378 65 21 stånd
511 1378 73 21 derom
599 1378 54 21 hade
669 1379 42 20 rätt
727 1379 32 20 att
773 1376 85 21 besluta
874 1375 39 21 och

83 1406 181 21 öfverenskomma
280 1407 47 21 med
343 1407 26 20 de
385 1406 67 27 öfriga
469 1407 97 21 stånden.

151 1463 110 22 Professor
276 1463 134 22 Ehrström
425 1464 69 26 ansåg
512 1463 60 22 äfven
587 1465 32 20 att
630 1462 237 27 landtdagsordningen,
880 1461 32 21 så-

82 1498 46 15 som
151 1491 79 28 egande
253 1491 179 28 grundlagshelgd
448 1492 41 21 och
508 1499 73 14 senare
596 1492 131 21 tillkommen
743 1493 26 19 än
785 1491 42 21 den
843 1490 22 21 af
879 1495 36 15 en-

82 1520 49 21 dast
146 1523 32 18 tre
193 1521 62 21 stånd
270 1522 93 25 antagna
377 1519 153 28 förordningen
546 1520 23 22 af
582 1521 40 21 den
639 1521 12 20 9
668 1519 109 22 december
795 1519 62 25 1867,
868 1523 46 16 som
