1117 1817
206 142 43 21 204
420 146 161 19 Presteståndet
593 148 56 17 1872.
672 148 26 16 27
710 147 51 17 febr.

179 227 36 21 det
236 227 19 27 ej
277 227 40 21 bör
339 233 60 15 anses
421 227 69 22 såsom
510 233 25 15 en
552 227 54 21 våda
621 228 33 20 att
668 227 75 21 endast
758 232 76 21 genom
850 226 99 27 lagtvång
965 225 40 22 för-

178 255 66 22 binda
264 255 149 27 befolkningen
436 255 110 22 derstädes
570 257 33 19 att
625 255 72 21 betala
716 255 116 26 bevillning
846 255 31 21 till
894 254 114 22 utförande

180 283 23 22 af
216 284 89 21 arbeten
327 283 6 21 i
350 283 95 25 Finland,
467 283 51 22 eller
533 289 34 16 om
584 283 35 22 det
634 283 18 27 ej
669 289 50 16 vore
735 283 72 22 bättre
822 285 32 20 att
869 277 68 28 Åland
954 282 54 22 eller

179 306 81 28 Ålands
280 311 121 27 befolkning
423 312 68 21 skulle
509 312 83 21 förenas
616 312 47 21 med
684 311 90 22 Finland
791 312 39 21 och
846 311 101 22 Finlands
962 311 44 22 folk

179 347 77 20 genom
272 340 80 26 kärlek,
368 340 84 27 välvilja
468 340 38 22 och
522 340 138 21 tacksamhet.
683 334 159 33 Åländingarne
857 340 62 21 hafva
930 340 77 21 önskat

179 369 126 21 utförandet
327 369 22 21 af
368 369 45 21 ofta
432 369 92 22 nämnde
546 369 72 25 kanal;
639 369 100 21 Finlands
755 369 87 22 ständer
858 369 63 21 hafva
936 370 71 19 ansett

181 398 70 21 såsom
275 398 66 25 något
355 398 128 26 nödvändigt
499 397 39 22 och
554 398 118 26 angeläget,
688 399 32 20 att
735 397 41 22 den
792 397 69 22 blefve
877 397 78 23 utförd;
969 397 38 26 jag

181 425 97 22 anhåller
300 425 81 23 derföre
404 428 31 19 att
458 426 105 21 utskottet
582 425 48 22 ville
646 426 96 27 behjerta
758 426 69 21 denna
842 425 162 27 omständighet.

181 454 40 22 Till
246 455 43 21 slut
311 454 35 21 vill
366 455 37 26 jag
425 455 99 26 påminna
547 454 80 27 derom,
654 457 32 19 att
720 454 51 21 Åland
787 454 38 21 har
839 456 60 19 stora
913 454 46 21 skäl
975 455 33 20 att

182 483 67 22 önska
263 483 68 22 denna
342 483 253 26 kommunikationslinjes
610 483 117 27 öppnande,
739 483 89 22 emedan
841 483 6 21 i
857 483 67 21 denna
937 482 69 21 lands-

182 513 34 20 ort
237 512 92 26 regulier
347 511 133 27 ångbåtsfart
500 511 46 22 icke
568 511 41 22 kan
633 512 84 21 komma
739 511 32 21 till
794 511 63 22 stånd
875 511 89 21 emellan
980 511 26 20 de

181 540 108 22 särskilda
310 540 238 27 skärgårdssocknarne,
570 541 24 20 så
617 540 61 27 länge
694 539 18 28 ej
729 540 41 21 den
789 539 70 26 kanal,
875 539 87 21 hvarom
978 545 30 15 nu

182 571 24 19 är
222 569 65 26 fråga,
308 569 67 21 finnes
397 568 37 26 till,
458 569 40 21 och
514 571 32 18 att
561 569 18 26 ej
596 568 67 22 heller
678 569 69 26 någon
764 568 105 26 ordentlig
884 568 39 21 och
939 567 67 22 snabb

183 597 231 27 postkommunikation
437 597 38 21 der
495 597 41 21 kan
559 603 39 20 ega
620 603 53 20 rum,
691 597 86 26 sålänge
792 599 81 25 posten,
889 597 70 21 såsom
974 595 33 22 för

182 626 133 21 närvarande
330 628 24 19 är
368 625 64 26 fallet,
449 625 110 22 befordras
575 626 47 21 med
642 628 69 24 öppna
726 625 63 22 båtar
805 625 39 22 och
859 625 34 21 för
908 625 47 21 dess
970 624 37 21 be-

182 653 95 27 folkning
300 655 109 25 borttager
432 654 134 21 tiotusentals
589 654 136 26 dagsverken.
756 654 34 21 Då
811 654 21 21 vi
855 653 84 22 komma
957 653 51 26 ihåg

183 682 61 22 dessa
265 682 39 22 ord
325 682 6 21 i
354 682 97 22 skriften:
476 683 75 22 ,,såsom
567 682 10 21 I
593 684 70 19 mäten
679 683 22 21 ät
717 682 73 25 andra,
805 682 55 21 skall
876 682 51 21 eder
941 683 66 19 mätet

182 710 79 22 varda*
278 712 34 20 mä
328 711 18 21 vi
362 711 38 21 ock
416 710 32 22 för
463 698 69 34 Åland
546 712 52 25 göra
613 710 54 22 hvad
684 711 18 20 vi
718 711 78 25 kunna,
812 710 27 28 pä
855 710 36 21 det
906 712 31 19 att
953 710 19 20 vi
984 710 24 26 jej

182 739 67 21 mätte
272 739 89 21 behöfva
384 739 77 24 frukta,
480 742 32 18 att
528 740 66 20 andra
609 739 61 21 skola
685 739 104 21 behandla
805 745 34 15 oss
855 739 44 21 lika
913 738 96 27 stjufmo-

183 767 83 27 derligt,
282 774 45 14 som
343 768 19 20 vi
377 768 67 21 finnar
460 768 104 21 behandla
579 768 158 26 äländingarne.

252 824 90 22 Prosten
365 824 85 27 Hjelt:
474 824 10 22 I
499 827 90 19 motsats
612 826 44 20 mot
679 824 77 22 doktor
777 824 100 28 Alopeeus
897 830 62 16 anser
972 824 37 26 jag

183 855 32 19 att
235 852 70 22 denna
327 853 130 27 proposition
480 853 66 21 borde
561 853 120 21 remitteras
696 853 31 21 till
743 852 72 22 enkelt
830 853 89 25 utskott,
935 852 75 22 nemli-

182 887 40 21 gen
238 881 237 27 bevillningsutskottet.
505 882 42 20 Det
569 884 24 18 är
615 881 104 27 nemligen
741 881 75 21 endast
831 882 69 20 denna
913 881 95 27 proposi-

183 910 52 26 tion,
251 916 45 15 som
312 910 90 21 handlar
417 916 33 15 om
467 909 146 27 bevilloingen.
644 910 37 21 Uti
697 910 122 21 densamma
835 912 123 19 omnämnas
975 909 33 21 väl

183 938 42 22 alla
241 938 26 21 de
283 938 43 25 fall,
342 938 70 21 hvilka
428 938 94 22 erfordra
538 938 114 22 anvisande
668 938 22 21 af
702 938 82 26 anslag;
801 944 47 16 men
862 938 26 22 de
901 940 36 19 äro
949 938 60 21 dess-

183 968 59 20 utom
265 966 101 22 särskildt
388 966 87 27 utgifna,
496 967 39 21 och
551 966 53 22 böra
618 968 27 26 gå
660 967 32 21 till
707 967 168 25 statsutskottet,
891 966 17 27 ej
925 966 32 22 till
972 966 37 22 be-

183 994 209 28 villningsutskottet.
423 996 62 21 Hvad
506 996 48 21 åter
569 996 147 27 kyrkoherden
734 995 65 21 Roos”
815 995 135 27 andragande
966 994 44 22 vid-

183 1023 103 25 kommer,
308 1024 24 21 så
354 1024 72 27 tycker
446 1024 37 26 jag
504 1026 32 19 att
552 1024 36 21 det
603 1024 80 27 åsyftar
697 1026 32 19 ett
743 1023 72 22 alltför
830 1024 68 21 lokalt
913 1024 97 25 intresse,

182 1052 35 21 för
238 1054 33 19 att
293 1052 90 26 förtjena
403 1052 103 22 afseende.
537 1052 73 22 Skulle
632 1052 148 27 kyrkoherden
802 1052 58 22 Roos
875 1052 62 22 hafva
952 1051 58 22 velat

183 1080 120 23 framställa
318 1080 64 22 saken
398 1081 7 21 i
420 1080 88 28 behörig
523 1081 96 27 ordning,
635 1081 54 21 hade
704 1081 42 21 han
763 1080 48 22 bort
826 1080 78 26 ingifva
919 1087 26 15 en
956 1080 52 28 peti-

183 1109 44 22 tion
243 1110 6 20 i
265 1109 66 26 fråga.

253 1166 51 21 Vice
325 1168 72 25 pastor
413 1162 88 25 Öller:
531 1166 41 27 Jag
586 1167 39 21 ber
640 1168 33 19 att
688 1166 19 21 få
723 1166 73 21 förena
812 1166 41 27 mig
869 1166 48 22 med
933 1166 75 27 kyrko-

185 1195 79 21 herden
288 1195 57 20 Roos
368 1195 6 20 i
399 1195 53 21 hans
475 1195 142 26 andragande,
640 1195 39 21 och
696 1195 35 21 det
746 1194 21 22 af
781 1195 52 25 skäl,
849 1197 33 19 att
896 1195 56 21 hvad
969 1195 40 21 ban

184 1223 71 22 anfört
280 1223 31 21 till
337 1223 81 22 förmon
443 1223 33 21 för
501 1223 158 27 åländingarne,
678 1223 71 28 tyckes
765 1223 42 27 mig
823 1223 189 22 öfverensstämma

184 1251 49 22 med
248 1251 97 27 billighet
359 1251 39 22 och
411 1253 95 20 rättvisa.
537 1251 49 22 Men
602 1252 107 21 dessutom
725 1258 63 15 anser
800 1252 37 27 jag
853 1252 36 21 det
904 1251 64 22 blifva
979 1254 33 19 ett

184 1279 72 28 farligt
271 1280 125 27 prejudikat,
413 1281 69 20 såsom
497 1280 149 27 kyrkoherden
661 1281 57 20 Roos
733 1280 94 26 anförde,
843 1287 35 15 om
893 1283 30 18 ett
934 1280 77 25 beslut,

184 1315 45 15 som
245 1311 24 19 är
284 1309 79 21 fattadt
379 1308 22 22 af
414 1309 54 21 båda
484 1309 172 26 statsmakterna,
671 1308 68 22 skulle
754 1308 81 22 lemnas
850 1309 6 21 i
872 1309 102 26 glömska.

253 1365 111 22 Professor
379 1365 153 22 Ehrström:
548 1365 46 22 Den
605 1365 161 27 ifrågavarande
772 1366 158 27 propositionen
939 1366 71 27 begär,

184 1393 65 22 bland
271 1395 72 22 annat,
364 1395 32 20 att
413 1393 86 22 ståndet
514 1395 66 20 måtte
595 1394 22 21 af
631 1393 117 28 besparade
764 1394 193 27 bevillningsmedel
973 1401 38 14 an-

184 1421 46 22 visa
245 1424 32 19 ett
298 1421 92 22 förskott
405 1422 31 21 till
452 1421 207 28 fängelseväsendets
674 1423 115 21 ordnande.
821 1423 10 21 I
847 1429 26 15 en
888 1429 69 15 annan
973 1423 39 21 nå-

185 1450 35 27 dig
235 1451 139 26 proposition,
389 1451 109 26 angående
518 1451 206 26 fängelseväsendets
739 1451 115 24 ordnande,
870 1453 93 24 nämnes,
979 1453 33 20 att

183 1481 78 19 tvenne
283 1478 22 23 af
324 1479 114 22 ständerna
460 1479 34 21 vid
512 1480 54 21 1867
581 1480 36 21 års
632 1479 102 27 landtdag
749 1482 93 24 antagna
856 1479 155 27 författningar,

184 1507 41 22 den
245 1513 41 16 ena
307 1508 108 27 angående
436 1507 158 28 upphäfvandet
612 1508 22 21 af
648 1507 116 22 dödsstraff
777 1507 32 22 för
823 1507 108 28 åtskilliga
946 1507 64 28 brott,

185 1535 40 22 den
241 1536 66 21 andra
323 1542 34 15 om
373 1535 129 23 afskaffande
518 1535 23 23 af
546 1536 56 22 vissa
610 1535 137 23 härförinnan
756 1536 122 27 begagnade
887 1536 123 27 straffarter,
