1117 1817
241 128 41 20 532
450 132 161 18 Presteständet
624 134 56 16 1872.
704 134 12 16 3
729 133 59 21 april.

279 212 111 21 Professor
405 212 147 21 Forsman:
568 212 40 26 Jag
623 212 35 21 vill
674 213 76 21 endast
765 214 109 24 anmärka,
891 216 32 19 att
939 216 30 19 ett
984 213 53 27 peti-

210 240 136 27 tionsförslag
369 243 23 18 är
414 241 21 21 af
456 247 26 15 en
504 247 70 15 annan
595 241 144 21 beskaftenhet
755 243 26 19 än
799 248 24 15 en
840 242 105 26 Kejserlig
960 247 78 22 propo-

211 269 70 21 sition.
312 269 158 26 Behandlingen
492 269 22 21 af
536 276 24 15 en
582 269 105 27 Kejserlig
701 270 133 26 proposition
851 270 38 21 bör
905 269 133 28 naturligtvis

211 297 68 27 aldrig
303 298 70 21 kunna
394 297 110 27 fördröjas.
535 298 37 21 Ett
592 298 144 27 petitionsmä]
751 299 48 20 åter
814 301 24 18 är
853 299 17 26 ej
887 299 6 21 i
909 300 64 25 något
989 299 49 21 hän-

210 326 79 21 seende
305 326 138 21 brådskande.
468 327 41 20 Det
524 326 96 22 kommer
634 327 69 26 aldrig
718 329 32 18 att
765 327 56 26 ligga
837 327 7 21 i
857 329 66 25 vägen
934 327 32 22 för
976 330 62 19 ären-

211 355 76 20 dernas
302 354 134 27 behandling,
452 355 89 26 emedan
557 355 36 21 det
608 355 60 21 alltid
683 355 79 26 skjutes
778 356 23 21 ät
817 356 66 24 sidan,
899 357 24 20 sä
939 359 58 18 snart
1011 363 26 14 en

210 383 131 26 proposition
364 383 146 22 förekommer.
541 384 47 21 Den
610 385 54 20 enda
688 383 77 28 följden
789 384 60 21 deraf
862 387 32 18 att
909 385 61 21 dessa
985 385 52 26 peti-

210 411 111 22 tionsmäls
343 412 113 26 afgörande
479 412 129 27 uppskjötes,
632 412 68 21 blefve
720 413 90 22 säledes,
827 413 43 21 ifall
886 413 151 27 propositions-

210 440 91 21 ärender
316 440 67 21 skulle
400 441 139 23 tillströmma,
556 443 32 18 att
604 441 46 21 med
667 441 125 26 afgörandet
808 441 22 22 af
845 442 45 21 dem
906 442 55 26 finge
976 442 61 21 anstå

210 469 65 26 nägra
299 469 62 26 plena
382 469 82 23 framät,
488 469 114 27 nägonting
625 476 44 15 som
693 470 54 21 dock
770 472 95 19 närmast
887 472 60 19 rörer
963 470 74 22 endast

211 497 148 26 petitionären.

279 525 40 27 Jag
341 526 67 21 skulle
432 525 80 22 derföre
536 525 129 22 fortfarande
687 527 58 26 yrka,
770 529 33 18 att
825 529 45 19 mot
894 527 142 26 petitionären

210 554 68 21 skulle
301 555 54 20 visas
379 555 39 20 den
437 555 172 26 grannlagenhet,
624 557 32 19 att
671 555 53 21 hans
739 555 101 21 anhällan
856 555 68 22 blefve
940 556 96 26 beviljad,

211 589 25 14 en
259 583 167 26 grannlagenhet
448 589 52 20 som,
521 583 37 26 jag
580 585 52 22 tror,
656 583 52 22 hvar
728 583 39 22 och
784 590 26 15 en
826 584 67 21 skulle
908 591 23 14 se
946 586 32 19 att
992 587 44 18 mot

210 611 79 21 honom
305 611 48 27 sjelf
367 612 86 21 visades.

279 673 84 21 Doktor
377 674 142 26 Hornborg.
550 674 40 26 Jag
605 674 92 26 begärde
714 675 61 20 ordet
791 675 32 20 för
839 677 31 19 att
885 675 6 20 i
907 675 42 21 allo
965 675 71 21 förena

211 702 42 26 mig
275 708 34 15 om
333 702 41 26 det,
398 708 44 15 som
466 703 20 20 af
507 703 199 27 kontraktsprosten
723 702 107 27 Alopaeus
847 703 38 21 och
901 704 135 26 domprosten

210 730 57 26 Borg
291 730 67 21 blifvit
381 733 86 25 yttradt,
486 731 39 21 och
540 731 68 21 skulle
622 732 36 26 jag
674 731 70 21 dertill
760 734 57 18 ännu
833 732 48 26 vilja
897 732 91 26 tillägga,
1005 734 32 20 att

211 758 64 22 ocksä
299 759 94 21 enskilda
416 759 191 21 besvärsutskottet
630 760 62 21 torde
714 760 72 20 kunna
809 760 62 21 hafva
894 761 91 26 anspräk
1010 762 27 26 pä

211 787 174 27 grannlagenhet.
415 788 141 26 Domprosten
578 788 57 26 Borg
658 788 39 22 har
720 788 65 22 redan
802 788 103 22 förklarat
920 792 32 18 att
967 790 35 20 det
1018 790 17 26 ej

210 818 25 18 är
258 818 43 19 rätt
325 816 22 21 af
367 823 26 14 en
417 816 113 27 petitionär
552 819 33 19 att
600 817 85 21 komma
700 817 21 21 in
737 817 48 21 med
801 818 144 20 omotiverade
961 818 75 21 andra-

210 844 90 26 ganden,
317 845 135 27 hvarigenom
469 845 94 21 enskilda
578 846 193 21 besvärsutskottet
787 846 83 26 tvingas
886 848 31 19 att
933 849 49 19 utan
994 846 42 22 till-

210 872 81 27 räcklig
313 874 117 20 kännedom
454 873 23 21 af
498 874 153 26 petitionärens
677 874 106 26 egentliga
809 874 84 27 mening
919 874 117 28 handlägga

210 901 73 24 saken,
299 901 106 22 hvarefter
420 902 67 21 denna
504 904 56 19 ännu
575 902 38 21 har
628 902 6 21 i
650 909 71 15 reserv
737 902 108 27 ätskilliga
860 904 95 23 motiver,
967 903 70 21 hvilka

210 930 41 20 han
268 930 5 20 i
290 930 37 21 sitt
342 930 179 27 petitionsförslag
536 931 98 27 förtegat.

280 993 99 21 Härefter
402 993 141 21 framställdes
560 994 22 20 af
595 994 25 21 hr
636 994 134 21 talemannen
787 994 91 26 följande
893 994 142 28 proposition:

281 1056 42 21 Vill
345 1056 130 27 högvördiga
497 1057 85 21 ständet
601 1063 28 15 nu
644 1059 75 25 genast
734 1057 97 27 företaga
845 1057 157 27 handläggning
1016 1057 22 21 af

211 1084 47 22 dess
279 1085 94 21 enskilda
397 1084 181 22 besvärsutskotts
600 1085 32 21 tili
656 1086 59 21 detta
731 1086 85 26 plenum
832 1086 117 26 bordlagda
964 1086 72 21 betän-

210 1112 99 22 kanden
295 1108 13 37 i
320 1113 112 26 anledning
440 1114 22 20 af
477 1120 10 13 v.
510 1117 72 23 pastor
597 1114 146 21 Westerlunds
758 1116 78 19 tvänne
851 1114 185 27 petitionsförslag,

211 1141 51 21 eller
285 1148 62 15 anser
368 1141 85 22 ständet
474 1142 93 27 uppskof
580 1142 87 21 dermed
683 1142 51 21 böra
750 1148 39 21 ega
804 1149 53 20 rum,
873 1143 33 20 till
922 1143 47 21 dess
984 1143 53 26 peti-

210 1169 97 22 tionären
331 1170 46 26 sjelf
399 1170 74 21 hunnit
488 1171 38 20 här
541 1170 79 22 infinna
636 1171 44 26 sig?
695 1184 28 2 —
738 1171 47 21 Den
799 1177 46 15 som
859 1171 64 27 yrkar
938 1171 98 22 ärendets

211 1198 130 27 behandling
362 1205 28 14 nu
412 1201 80 24 genast,
515 1205 73 15 svarar
608 1199 31 27 ja;
663 1200 40 21 den
721 1206 46 15 som
783 1200 78 21 önskar
876 1200 97 27 uppskof,
989 1206 47 15 sva-

211 1233 34 14 rar
261 1227 39 27 nej.

280 1289 131 22 Besvarades
434 1290 47 21 med
505 1291 27 19 14
550 1290 28 27 ja
600 1292 44 19 mot
662 1291 21 20 11
703 1291 42 26 nej;
761 1290 98 22 hvarföre
875 1291 62 21 alltså
952 1291 84 22 ståndet

211 1318 104 21 stannade
331 1318 6 21 i
353 1319 36 20 det
404 1318 75 26 beslut,
495 1321 31 18 att
542 1319 88 21 ärendet
645 1319 68 21 skulle
728 1319 32 21 till
777 1319 121 22 omedelbar
909 1319 128 28 behandling

211 1352 28 15 nu
254 1349 110 24 upptagas.

280 1409 41 21 Vid
345 1409 38 22 den
408 1409 124 26 diskussion,
555 1417 45 14 som
616 1417 28 14 nu
660 1411 72 26 vidtog
747 1417 48 20 ang.
811 1411 136 22 förenämnda
963 1411 73 21 betän-

213 1438 75 25 kande,
305 1438 83 27 yttrade
403 1438 31 27 sig
449 1438 53 21 först

280 1495 84 22 Doktor
386 1495 152 27 Alopaeus,
561 1502 44 15 som
622 1496 75 21 endast
712 1496 49 21 ville
777 1497 129 21 understöda
921 1497 115 21 utskottets

211 1523 135 22 betänkande
361 1524 39 21 och
416 1525 52 26 yrka
484 1524 57 21 bifall
557 1525 32 20 till
605 1525 122 21 detsamma.
