1117 1817
346 147 163 18 Presteståndet
521 148 55 17 1872.
601 149 25 16 27
638 148 51 17 febr.
863 142 42 22 208

106 226 63 21 huset
183 226 68 21 under
265 226 142 22 innevarande
422 227 66 21 vecka
503 226 67 22 finnas
586 227 131 27 tillgängliga
727 227 32 21 för
769 227 96 22 ståndets
876 228 57 21 med-

106 253 89 22 lemmar
216 254 72 27 hvarje
311 255 41 26 dag
373 255 47 22 från
445 255 28 22 kl.
491 257 69 20 11—2
576 255 6 21 i
598 255 40 22 den
654 255 34 22 för
703 255 164 22 bankutskottet
881 262 52 21 upp-

103 282 62 22 låtna
180 282 91 27 (collegii
287 283 82 25 medici)
384 283 57 22 lokal
458 284 5 21 i
481 284 141 21 riddarhuset.

176 427 57 21 Härå
249 426 105 27 öfvergick
370 427 85 21 ståndet
470 427 31 21 till
518 427 152 21 remitterande
685 427 22 21 af
721 426 166 27 nedannämnde,
898 432 34 17 se-

104 455 43 22 dan
170 455 127 26 föregående
319 455 86 27 plenum
427 455 117 27 bordlagda
563 455 77 27 nådiga
656 455 160 27 propositioner.

177 514 32 19 1:o
240 512 81 26 Nådiga
337 512 167 27 propositionen,
519 512 109 27 angående
651 512 117 27 utgörande
783 511 22 22 af
819 511 114 28 bevillning

105 540 34 22 för
155 541 54 21 1873
223 541 39 21 och
277 541 120 27 påföljande
412 541 30 21 år.

177 597 66 22 Ordet
265 597 102 27 begärdes
390 597 73 22 främst
486 597 23 22 af
523 597 199 28 kontraktsprosten
743 597 128 28 Alop&eus,
886 603 45 16 som

105 626 95 28 yttrade:
231 626 54 27 Jag
307 626 97 21 anhåller
427 626 56 21 blott
505 629 33 18 att
562 626 20 21 få
605 626 89 27 upplysa
714 626 79 26 derom,
813 629 32 18 att
859 626 72 27 frågan

107 661 34 15 om
158 654 113 27 bevillning
294 655 34 20 vid
344 655 126 26 föregående
486 655 102 26 landtdag
604 655 125 21 behandlats
744 654 23 22 af
779 656 153 20 sammansatta

106 685 66 19 stats-
194 683 38 21 och
254 683 237 26 bevillningsutskottet,
514 683 97 21 hvarföre
631 683 37 27 jag
690 682 95 27 föreslår,
805 685 33 19 att
853 683 79 21 föreva-

106 712 66 21 rande
201 712 76 26 nådiga
304 711 158 27 propositionen
488 712 120 21 remitteras
634 711 32 21 till
691 712 76 20 sådant
793 712 139 20 sammansatt

106 740 89 21 utskott.

175 797 153 27 Kyrkoherden
351 797 79 21 Roos:
461 798 33 20 Då
520 797 40 21 den
588 797 76 26 nådiga
687 796 158 28 propositionen
869 796 62 22 torde

107 826 86 21 komma
215 828 31 18 att
269 825 124 27 hänskjutas
415 826 31 20 till
469 828 153 18 sammansatta
640 828 63 18 stats-
719 825 39 21 och
773 825 158 26 bevillningsut-

105 854 88 26 skottet,
209 855 68 21 såsom
301 854 38 21 här
359 854 65 21 redan
440 854 68 21 blifvit
520 854 84 27 yrkadt,
620 854 40 21 och
676 854 82 21 således
773 854 32 20 till
821 855 31 20 ett
867 855 64 20 annat

106 882 89 26 utskott,
220 884 26 20 än
274 882 41 22 det.
341 882 85 22 hvartill
452 882 48 22 mitt
526 883 38 21 sist
578 882 75 27 gjorda
672 882 135 27 andragande
823 882 108 27 angående

107 911 130 21 Lemströms
259 911 63 21 kanal
343 911 68 21 skulle
426 911 146 26 öfverlemnas,
588 911 96 21 anhåller
697 911 37 26 jag
749 913 31 19 att
796 910 47 22 med
859 910 72 22 anled-

106 939 51 27 ning
178 940 23 20 af
221 939 115 22 innehållet
359 940 6 20 i
387 941 67 19 denna
475 940 77 26 nådiga
575 940 139 26 proposition,
735 939 22 21 få
771 938 74 22 anföra
860 940 70 26 något,

105 974 46 15 som
172 968 36 26 jag
231 968 78 21 önskar
330 968 21 21 få
371 968 32 21 till
418 968 130 27 protokollet
564 968 134 21 antecknadt.
729 967 101 21 Finlands
845 967 87 21 ständer

106 996 103 26 beviljade
233 996 33 21 vid
289 996 127 27 landtdagen
442 997 111 21 1863—64
569 999 31 19 ett
615 996 73 27 anslag
703 996 33 21 för
750 996 130 21 Lemströms
895 996 36 21 ka-

106 1024 44 26 nal;
167 1024 60 22 Hans
242 1024 117 28 Kejserliga
375 1025 101 27 Majestät
490 1025 132 21 stadfästade
636 1025 126 21 ständernas
774 1024 69 22 beslut
853 1024 6 21 i
870 1026 61 20 ären-

105 1052 46 26 det,
164 1054 69 20 såsom
249 1054 104 21 inhemtas
368 1054 41 20 kan
426 1053 21 22 af
461 1054 40 21 den
515 1054 77 26 nådiga
607 1053 151 27 förordningen
768 1052 22 22 af
799 1053 41 21 den
850 1053 13 20 2
873 1052 58 22 Mars

108 1082 64 25 1865;
195 1082 121 21 sedermera
337 1082 127 21 förändrade
486 1082 115 21 ständerna
616 1082 37 21 sitt
668 1081 70 21 beslut
753 1081 34 21 vid
803 1081 128 26 landtdagen

109 1110 54 21 1867
183 1110 88 25 derhän,
293 1113 32 19 att
348 1110 36 22 det
406 1110 104 26 beviljade
532 1110 96 26 anslaget
650 1110 67 21 skulle
734 1110 84 21 komma
833 1111 32 19 att
880 1109 51 26 utgå

106 1137 53 22 först
174 1138 65 21 sedan
254 1139 33 20 för
303 1139 110 26 byggande
428 1138 23 22 af
461 1139 116 26 jernvägen
594 1138 31 21 till
642 1138 31 21 S:t
689 1138 128 26 Petersburg
827 1137 104 27 behöfliga

106 1166 69 22 medel
198 1166 68 22 blifvit
288 1167 105 26 anvisade,
417 1167 87 21 hvarom
527 1167 63 21 oskså
605 1167 73 21 utkom
694 1173 25 14 en
736 1166 98 27 kejserlig
849 1165 82 22 förord-

107 1195 50 26 ning
179 1195 40 21 den
243 1196 26 20 24
288 1195 83 27 januari
397 1196 57 21 1868.
485 1195 36 22 Uti
544 1195 161 27 ifrågavarande
727 1194 204 27 bevillningsförslag

106 1222 67 23 finner
186 1223 36 27 jag
238 1224 25 26 ej,
279 1226 32 19 att
326 1223 131 22 Lemströms
473 1224 64 21 kanal
552 1223 68 22 blifvit
640 1223 147 27 ihågkommen
804 1223 48 21 med
867 1223 64 26 något

106 1251 82 27 anslag;
205 1252 82 21 derföre
303 1252 84 21 befarar
406 1253 43 26 jag.
464 1255 33 18 att
512 1253 69 20 denna
597 1251 152 28 angelägenhet
764 1251 68 22 blifvit
846 1251 85 26 skjuten

105 1280 25 21 åt
143 1280 60 21 sidan
219 1280 32 22 för
273 1281 88 26 företag,
376 1287 45 16 som
438 1283 81 19 ansetts
534 1287 50 15 vara
600 1280 22 22 af
636 1283 68 18 större
720 1280 49 25 vigt.
800 1279 80 22 Härvid
895 1280 36 20 ön-

106 1308 66 22 skade
192 1309 37 26 jag
251 1309 54 22 fästa
323 1309 37 22 det
374 1309 94 22 utskotts
483 1309 195 27 uppmärksamhet,
693 1308 85 22 hvartill
794 1307 137 22 förevarande

106 1336 77 27 nådiga
199 1338 130 26 proposition
345 1337 75 22 blifver
434 1338 132 25 remitterad,
582 1337 38 22 och
636 1337 69 22 tillika
714 1337 47 22 icke
771 1337 90 21 allenast
872 1335 59 22 detta

106 1365 99 26 utskotts,
221 1368 51 19 utan
288 1366 61 21 äfven
365 1366 82 22 landets
464 1365 113 28 höglofliga
592 1366 97 21 ständers
700 1365 187 28 uppmärksamhet
897 1364 35 21 vid

106 1394 41 21 den
169 1393 80 28 frågan,
273 1394 103 22 huruvida
397 1395 37 21 det
449 1395 41 21 kan
506 1401 62 21 synas
584 1401 42 20 nog
642 1394 144 27 betryggande
801 1393 33 22 för
848 1393 83 22 landets

106 1422 128 27 befolkning,
250 1424 33 20 att
298 1423 79 27 anslag,
393 1429 45 16 som
458 1423 57 22 förut
530 1425 36 19 äro
583 1423 111 21 bestämda
708 1422 32 21 för
755 1424 32 19 ett
802 1422 51 22 visst
868 1421 65 22 ända-

106 1450 49 27 mål,
170 1451 121 22 sedermera
306 1452 107 21 användas
428 1451 32 22 för
476 1452 66 21 andra
560 1451 106 25 ändamål,
682 1451 39 22 och
736 1451 104 21 huruvida
853 1449 80 28 derige-

105 1485 49 16 nom
170 1479 18 27 ej
205 1481 32 20 ett
256 1479 71 28 farligt
341 1480 121 27 prejudikat
484 1480 33 21 för
531 1480 127 21 kommande
673 1479 56 22 tider
743 1479 95 27 uppstår.
868 1479 64 21 Eme-

106 1507 41 22 dan
159 1508 38 27 jag
211 1510 25 19 är
251 1508 72 22 bosatt
337 1509 28 26 på
380 1502 70 28 Åland
469 1508 40 22 och
524 1508 90 22 sålunda
626 1508 81 21 känner
722 1507 148 27 befolkningen
887 1507 45 21 der-

104 1537 73 21 städes
199 1536 206 28 föreställningssätt,
424 1537 24 22 så
463 1537 79 22 önskar
554 1537 36 27 jag
605 1537 103 27 derjemte
722 1535 21 22 få
758 1535 123 27 framställa,
897 1539 35 17 om
