1117 1817
227 146 43 20 442
434 151 160 17 Presteständet
608 151 54 17 1872.
687 152 22 16 21
722 156 63 12 mars.

199 230 90 21 vandter
305 230 30 21 till
352 231 39 20 den
407 232 77 19 störste
500 230 38 21 och
555 230 82 21 ädlaste
653 237 54 18 man,
723 237 47 14 som
786 233 93 24 trampat
895 231 68 21 denna
971 230 56 27 jord;

195 259 39 26 jag
256 259 38 20 har
317 261 30 18 ett
371 259 65 26 djupt,
453 262 30 17 ett
498 259 107 26 vemodigt
621 259 126 26 deltagande
764 259 32 21 för
812 260 46 20 dem
875 259 59 22 äiven
951 258 75 26 derför,

200 289 32 20 att
257 288 26 20 de
305 287 103 20 förkastat
432 287 66 21 denne
515 287 117 27 Abrahams
650 288 44 22 säd,
710 287 45 21 frän
774 288 82 21 hvilken
872 288 55 21 bäde
942 289 23 20 ät
980 287 46 21 dem

199 316 41 21 och
263 315 42 21 alla
325 315 86 26 jordens
426 315 43 22 folk
486 315 124 26 välsignelse
626 318 24 19 är
665 316 102 24 utlofvad,
781 316 22 26 ja
818 317 34 26 jag
868 316 39 21 har
922 319 30 18 ett
969 316 59 26 djupt

201 343 126 27 deltagande
343 343 32 22 för
391 345 46 20 dem
454 344 53 21 bäde
522 344 32 21 för
571 345 53 20 hvad
642 345 25 20 de
682 344 62 21 hafva
761 345 102 27 förskyllt,
880 345 39 20 och
935 345 54 20 hvad
1001 344 26 21 de

200 372 62 21 hafva
278 372 52 23 lidit,
347 373 38 20 och
399 373 35 26 jag
450 375 23 18 är
488 373 68 26 färdig
572 375 38 22 att,
626 373 70 21 säsom
711 373 111 21 menniska
833 373 38 21 och
883 373 85 25 kristen,
980 373 47 21 med

199 401 86 26 välvilja
300 401 127 26 tillmötesgå
443 401 70 26 hvarje
526 401 58 26 jude,
600 408 44 14 som
661 401 66 21 skulle
745 402 84 21 komma
840 402 5 20 i
857 403 41 20 min
912 404 44 23 väg.
978 401 49 21 Men

199 429 28 22 dä
240 430 37 26 jag
293 431 24 19 är
333 430 38 21 här
385 430 69 23 ställd,
472 430 16 26 ej
506 432 32 18 att
554 429 67 22 uttala
636 430 56 21 mina
707 430 151 27 sympatetiska
871 431 92 25 känslor,
976 432 51 19 utan

200 460 24 19 är
247 458 82 27 skyldig
353 460 30 19 att
403 458 115 21 framställa
534 459 56 20 mina
606 459 76 20 tankar
697 458 39 21 och
753 459 78 25 äsigter
847 459 69 20 såsom
933 458 94 21 medbor-

199 493 51 19 gare
265 487 6 20 i
288 487 35 20 det
339 487 48 20 land
404 487 37 20 och
458 486 22 21 af
494 487 35 20 det
544 486 50 25 folk,
611 487 80 20 hvilket
703 487 37 26 jag
757 487 78 26 tillhör,
851 500 27 3 —
892 488 67 20 säsom
972 487 55 20 med-

200 515 90 26 borgare
307 515 4 20 i
328 516 46 20 värt
389 515 95 23 Finland,
501 515 4 20 i
523 515 59 21 detta
598 515 92 26 torftiga,
706 515 65 21 kulna
788 515 38 21 och
842 515 69 26 heliga
922 515 105 21 fädernes-

200 543 56 26 land,
281 543 64 27 heligt
361 543 102 27 pemligen
480 543 32 21 för
528 544 54 24 dem,
599 544 32 21 för
647 543 70 21 hvilka
733 545 36 20 det
785 546 26 18 dr
827 547 30 18 ett
873 543 153 24 fädernesland,

200 578 47 15 men
272 572 43 21 ofta
331 572 80 21 mindre
434 572 74 21 aktadt.
531 572 127 21 ätminstone
674 572 100 26 likgiltigt
790 572 32 21 för
838 573 53 23 dem,
909 573 32 20 för
957 572 71 21 hvilka

200 601 37 20 det
260 601 17 25 ej
302 603 23 18 är
349 601 40 22 det,
413 601 37 20 och
474 600 100 21 särskildt
592 601 22 20 af
628 601 59 26 ringa
703 601 110 26 betydelse
828 601 31 20 för
875 603 31 18 ett
921 601 43 20 folk
980 601 47 20 med

201 629 39 20 den
265 632 44 17 mot
332 629 65 20 andra
420 629 42 20 folk
481 629 103 21 nationelt
600 629 75 26 afvoga
690 629 127 27 utprägling,
833 636 44 14 som
895 629 35 21 det
942 629 86 26 judiska

200 657 67 21 folket
283 658 66 20 under
365 658 92 20 tidernas
473 657 48 27 lopp
538 657 90 24 erhållit,
645 659 23 20 sä
684 658 66 21 måste
764 658 37 24 jag
813 660 100 19 motsätta
924 658 41 26 mig
976 658 52 26 peti-

200 686 85 20 tionens
309 686 123 26 antagande.
463 686 43 26 Mig
529 692 61 20 synes
606 688 32 18 att
651 686 36 26 jag
703 686 37 20 här
757 686 39 20 bör
811 686 76 21 handla
905 687 26 25 pä
947 692 81 15 samma

200 716 50 20 sätt,
273 720 45 15 som
341 720 25 15 en
387 714 100 21 husfader
496 708 74 27 skulle
585 714 85 22 handla,
688 714 29 20 till
734 714 63 21 hvars
813 714 136 26 familjekrets
965 714 61 21 främ-

201 743 76 21 mande
300 749 100 19 personer
422 743 52 21 söka
496 742 92 22 inträde:
612 749 47 15 man
678 744 23 19 är
717 742 56 25 villig
790 746 31 18 att
838 742 126 27 herbergera
980 744 46 20 dem

199 771 44 25 der,
267 771 39 21 och
328 778 47 14 man
399 771 94 21 bemöter
516 771 46 21 dem
586 771 34 21 vid
642 771 61 21 deras
719 771 105 27 tillfälliga
841 771 64 21 besök
921 772 106 26 välvilligt,

201 806 46 15 men
272 806 33 14 om
329 800 26 20 de
377 802 51 23 göra
447 800 97 26 anspräk,
562 800 26 26 pä
604 801 32 19 att
652 801 37 19 der
704 799 85 21 bosätta
805 806 31 20 sig
851 800 32 20 till
899 800 81 25 förfäng
996 800 32 20 för

201 828 104 26 familjens
328 834 53 20 egna
404 828 141 25 medlemmar,
570 828 38 21 och
632 834 47 15 man
698 828 39 20 har
753 828 46 20 skäl
815 831 32 18 att
862 828 77 26 frukta,
955 831 31 18 att
1002 829 25 20 de

200 856 33 21 till
257 856 38 22 och
315 856 47 21 med
378 856 66 21 skulle
460 856 47 26 vilja
523 857 147 25 undantränga
687 856 65 26 desse,
769 857 24 20 sä
809 860 33 18 vet
855 857 36 25 jag
907 857 17 26 ej
942 863 33 14 om
991 863 37 15 ens

201 885 37 20 det
253 888 57 18 stora
327 885 49 25 bud,
393 891 43 15 som
452 884 114 22 innefattar
582 885 60 26 lagen
659 885 37 21 och
713 884 128 27 profeterna,
858 886 41 20 kan
911 886 60 25 tydas
982 886 46 20 der-

201 913 41 21 hän
267 915 31 19 att
321 914 77 20 sådana
422 914 90 26 anspråk
536 914 37 20 och
594 914 68 20 denna
679 913 50 21 form
746 914 17 26 ej
781 914 20 20 få
817 913 150 22 tillbakavisas.
997 914 31 21 På

202 948 81 14 samma
306 944 43 18 sätt
371 943 65 20 mäste
457 942 36 26 jag
517 948 33 15 nu.
566 942 70 21 säsom
653 942 138 26 medborgare
808 942 61 21 bland
887 942 59 21 detta
961 942 67 22 finska

201 970 51 26 folk,
274 976 50 15 anse
348 970 41 25 mig
411 971 17 25 ej
454 977 49 14 vara
527 973 49 18 utan
593 970 71 21 vidare
680 970 120 26 berättigad
816 974 31 18 att
863 971 22 20 ät
901 977 24 14 en
943 971 85 21 alldeles

201 998 130 22 främmande
354 999 134 21 nationalitet
510 999 103 27 inrymma
636 1005 24 15 en
683 999 54 26 plats
753 999 57 21 inom
827 1000 47 20 dess
894 999 67 25 sköte,
977 999 51 21 eller

202 1030 33 18 att
258 1028 54 26 gifva
336 1028 20 20 ät
381 1028 45 20 dem
448 1028 148 26 medborgares
612 1027 131 26 rättigheter,
761 1031 50 17 utan
827 1028 36 20 det
878 1034 44 14 som
936 1028 38 20 här
990 1028 38 21 bör

202 1055 117 22 bestämma
343 1056 47 20 mitt
412 1056 160 26 handlingssätt,
598 1056 45 20 mitt
668 1058 77 23 votum,
769 1058 24 18 är
817 1057 40 24 det,
874 1056 103 21 huruvida
993 1057 35 20 det

203 1085 67 20 mäste
293 1090 67 20 anses,
385 1084 51 21 ifrän
452 1085 164 20 statsintressets
632 1084 106 27 synpunkt
754 1084 129 25 betraktadt,
901 1085 127 26 nödvändigt

201 1113 34 20 för
251 1119 34 15 oss
301 1116 31 17 att
348 1115 93 24 mottaga
454 1113 89 26 judarne
559 1114 56 19 inom
632 1114 46 20 värt
694 1112 107 25 samhälle,
818 1113 37 21 och
872 1113 96 21 meddela
981 1114 47 20 dem

203 1141 168 25 medborgerliga
387 1141 33 20 fri-
436 1141 39 21 och
492 1141 131 26 rättigheter,
637 1147 33 15 om
688 1141 60 20 deras
764 1141 83 20 inträde
860 1141 37 20 här
909 1141 40 20 kan
961 1148 68 19 gagna

203 1169 51 21 eller
277 1169 66 21 skada
363 1170 46 20 värt
431 1172 48 23 eget
502 1170 51 25 folk;
571 1170 75 20 endast
662 1169 58 21 detta
736 1176 61 14 anser
811 1170 36 25 jag
860 1169 51 22 böra
927 1176 51 15 vara
993 1171 35 20 det

202 1197 167 22 bestämmande.
399 1198 39 26 Jag
454 1197 94 22 betviflar
564 1198 64 21 också
644 1198 117 26 högeligen,
778 1204 33 15 om
829 1199 64 25 några
909 1199 66 20 andra
986 1199 42 20 folk

202 1227 27 26 pä
245 1233 81 14 samma
341 1229 43 18 sätt
400 1233 43 14 som
460 1233 27 14 nu
504 1227 124 26 föreslagits,
645 1226 61 21 hafva
722 1228 80 25 öppnat
813 1229 99 24 portarne
924 1227 31 20 för
967 1227 61 20 främ-

203 1255 76 20 mande
303 1255 157 20 nationaliteter
482 1255 31 20 till
534 1255 83 21 inträde
640 1255 38 20 hos
694 1255 37 26 sig,
748 1255 46 20 med
812 1255 107 26 undantag
935 1255 21 21 af
970 1255 59 22 Nord

203 1283 111 21 Amerikas
329 1283 82 21 förenta
426 1286 72 18 stater,
515 1284 37 20 der
568 1283 159 21 förhållandena
743 1285 37 18 äro
797 1283 44 21 helt
857 1283 130 22 annorlunda
1002 1286 27 19 än

203 1312 4 20 i
225 1313 36 20 vår
278 1311 110 24 verldsdel,
410 1318 43 15 som
470 1312 58 26 långt
543 1312 44 21 före
604 1313 58 20 detta
678 1312 122 26 genomgått
815 1312 31 21 sin
863 1311 165 28 folkvandrings-

201 1340 40 21 och
266 1340 199 27 medeltids-period.
496 1341 39 26 Jag
556 1341 38 20 har
614 1340 82 27 nyligen
712 1340 40 21 läst
767 1343 31 18 ett
814 1341 94 20 utmärkt
924 1341 28 20 tal
968 1341 22 20 af
1004 1347 25 15 en

203 1369 86 26 engelsk
313 1371 102 18 statsman
438 1369 39 21 och
498 1369 36 26 jag
556 1369 39 20 har
618 1369 40 20 läst
681 1369 36 20 det
732 1369 17 26 ej
767 1368 31 21 för
814 1371 31 18 att
861 1369 51 20 söka
928 1370 47 20 stöd
991 1369 39 26 för,

203 1401 52 17 utan
278 1397 32 21 för
333 1399 32 18 att
387 1397 59 21 häfva
463 1397 198 26 betänkligheterna
677 1397 38 20 hos
731 1397 42 26 mig
789 1397 48 21 med
852 1397 98 22 afseende
966 1399 12 19 å
994 1398 36 21 det

203 1429 80 22 votum,
299 1432 44 14 som
358 1426 35 25 jag
409 1432 27 14 nu
452 1426 95 21 kommer
562 1429 32 18 att
609 1425 83 26 afgifva.
724 1425 40 26 Jag
780 1425 38 21 har
834 1425 40 22 läst
890 1425 35 22 det
941 1426 29 21 tal
986 1426 44 21 Ma-

202 1454 75 27 caulay
291 1454 41 21 höll
348 1454 5 21 i
371 1454 97 27 engelska
485 1454 140 26 parlamentet
640 1454 109 26 angående
763 1454 101 25 judarnes
877 1454 153 26 rättsbefogen-

203 1482 43 26 het,
270 1489 47 14 men
340 1483 58 20 detta
420 1483 36 24 tal,
476 1483 24 21 så
516 1486 68 17 varmt
600 1483 35 20 det
650 1483 64 20 också
727 1482 103 21 förläktar
845 1483 70 20 desses
931 1483 44 26 sak,
992 1483 38 21 har

203 1512 27 25 på
253 1511 42 26 mig
317 1511 57 26 gjort
397 1511 35 21 det
451 1511 89 27 intryck,
556 1514 32 18 att
605 1511 109 26 Macaulay
729 1510 74 26 skulle,
820 1512 68 20 såsom
904 1511 54 21 finsk
974 1511 56 22 med-

203 1539 98 26 borgare,
317 1539 80 26 afgifvit
413 1543 30 17 ett
459 1543 65 18 annat
539 1542 78 23 votum,
633 1541 26 19 än
676 1539 41 21 han
733 1539 36 26 gaf
783 1540 68 20 såsom
868 1539 91 26 engelsk.
984 1540 45 21 Den
