1117 1817
327 146 161 18 Presteståndet
501 147 56 17 1872.
581 147 23 17 21
616 150 62 13 mars.
851 142 42 21 475

96 233 45 15 som
159 226 65 32 yrkar
238 226 129 27 petitionens
382 226 112 26 aflåtande,
510 232 73 15 svarar
595 226 31 27 ja;
650 226 40 21 den
706 226 36 21 det
757 226 47 21 icke
820 226 41 27 vill,
877 233 45 16 sva-

96 261 36 16 rar
146 261 40 20 nej.

164 311 132 22 Besvarades
316 311 49 22 med
379 312 30 21 20
423 311 39 27 nej
477 313 45 21 mot
537 312 26 21 12
576 311 31 28 ja;
629 311 31 22 till
676 311 52 27 följd
743 311 76 22 hvaraf
831 311 91 26 ståndet,

96 346 45 15 som
159 339 94 22 hvarken
267 339 113 28 godkände
395 340 36 21 det
446 339 162 28 ifrågavarande
623 339 182 28 petitionsförslag
819 341 52 22 eller
887 340 36 22 det

97 368 97 22 deröfver
208 368 79 27 afgifna
302 368 150 26 betänkandet,
468 368 64 22 alltså
543 368 47 22 ville
601 368 93 27 afstyrka
705 368 39 22 allt
753 368 169 27 petitionerande

95 397 7 21 i
117 397 143 26 föreliggande
275 397 88 26 ärende;
379 397 39 21 och
434 397 70 21 skulle
519 403 34 15 om
569 397 58 22 detta
642 397 70 22 beslut
727 397 108 22 meddelas
845 398 77 21 under-

96 425 87 22 rättelse
197 426 7 20 i
219 425 196 28 protokollsutdrag
430 425 33 22 till
478 425 18 27 ej
513 425 81 22 mindre
610 425 105 22 allmänna
731 425 192 22 besvärsutskottet

95 456 27 19 än
138 454 38 21 ock
192 453 98 28 samtlige
305 454 145 21 medständen.
469 449 9 36 =
493 465 3 3 -

163 511 64 22 Emot
242 511 92 22 beslutet
349 511 103 22 anmältes
468 511 129 22 reservation
612 511 23 22 af
648 513 87 26 prosten
745 511 126 22 Borenius
882 511 39 22 och

96 539 142 22 öfverläraren
254 539 126 22 Kihlman.

163 694 142 26 Domprosten
331 692 114 22 Renvall
468 692 145 28 tillkännagaf,
636 695 33 19 att
690 692 95 22 ståndets
808 692 112 28 elektorer,

95 722 66 27 enligt
183 722 47 21 dem
246 720 120 23 meddeladt
381 722 103 26 uppdrag,
500 721 32 21 för
547 721 142 21 instundande
703 720 116 28 påskferier
834 721 87 22 anställt

95 750 33 22 val
143 751 22 21 af
178 750 136 28 suppleanter
329 750 39 22 och
384 750 72 22 dervid
471 752 78 20 utsett:

161 807 7 21 i
189 806 248 29 Bevillningsutskottet:
459 806 58 22 Prof.
541 813 41 15 von
603 807 90 21 Essen
716 806 39 22 och
779 806 73 22 rektor
873 806 48 22 Ro-

93 836 102 26 sendal;

161 892 7 22 i
184 892 159 28 Lagutskottet:
359 892 57 22 Prof.
433 892 143 26 Granfelt;

162 950 6 20 i
186 949 245 21 Kommunalutskottet:
446 949 90 22 Prosten
552 949 167 26 Durchman;

161 1007 7 21 i
191 1008 121 20 Allmänna
335 1006 207 22 Besvärsutskottet:
564 1006 111 22 Professor
698 1006 75 22 Cleve
796 1006 40 22 och
850 1006 70 22 lektor

93 1035 139 27 Johnsson;

163 1092 46 22 Och
225 1092 68 22 skulle
309 1092 58 22 detta
383 1092 125 22 valresultat
522 1099 76 20 genom
612 1092 197 28 protokollsutdrag
820 1092 100 27 delgifvas

95 1121 57 22 såväl
169 1122 26 21 de
210 1121 67 27 öfriga
291 1121 90 21 stånden
397 1127 45 15 som
458 1121 26 21 de
500 1122 142 26 nyssnämnda
657 1121 114 21 utskotten.

163 1263 70 22 Sedan
255 1263 141 28 nästföljande
417 1263 86 27 plenum
524 1263 68 22 blifvit
612 1265 66 20 utsatt
693 1263 32 22 till
740 1263 180 22 förstkommande

94 1292 91 27 måndag
207 1292 40 22 den
268 1293 27 21 25
312 1292 78 22 dennes
410 1292 28 21 kl.
456 1293 24 20 11
498 1292 13 22 f.
527 1299 34 20 m.,
577 1292 108 28 upplöstes
700 1291 165 22 sammanträdet
881 1291 38 22 och

94 1321 86 21 ståndet
195 1321 102 22 åtskildes
311 1321 30 21 kl.
357 1321 48 28 23/,
420 1327 18 16 e.
453 1327 27 15 m.

698 1377 21 18 In
731 1377 62 18 fidem:

595 1411 51 22 Carl
662 1412 49 21 Joh.
727 1411 132 29 Lindegvist.
