1117 1817
231 134 43 36 500
453 142 159 18 Presteståndet
625 144 57 16 1872.
696 144 25 16 25
734 147 62 13 mars.

466 251 149 26 »Hedervärda
629 250 144 23 Bondestånd.

274 313 85 22 Härhos
373 313 85 21 anhålla
472 313 20 21 vi
508 315 32 20 att
554 313 86 22 ståndet
654 313 48 22 ville
716 313 74 22 förena
805 313 32 27 sig
851 313 48 22 med
915 319 34 16 oss
964 313 30 22 uti
1006 319 25 16 en

203 341 91 29 petition
310 341 39 22 hos
364 342 37 21 vår
416 341 74 27 nådige
506 341 89 28 Kejsare
610 341 40 22 och
665 341 124 27 Storfurste,
802 344 31 19 att
845 342 117 21 rusthållen
975 341 57 22 öfver

203 370 50 23 hela
267 369 92 22 Finland
373 369 68 22 skulle
456 370 32 21 till
503 371 82 21 kronan
601 372 76 25 utgöra
692 370 57 21 skatt
764 370 33 22 för
811 371 33 21 sin
852 371 49 26 jord
911 370 53 22 efter
975 377 57 15 man-

205 399 38 27 tal,
266 399 3 21 i
291 405 80 15 samma
386 399 90 26 ordning
490 405 46 15 som
552 399 196 22 skattehemmanen
763 405 30 16 nu
807 399 33 21 till
855 401 70 20 staten
940 399 90 27 erlägga.

205 428 32 27 Ty
252 427 39 22 allt
306 427 53 22 ifrån
378 427 52 22 1808
446 427 54 21 intill
516 427 130 22 närvarande
662 428 31 21 tid
708 427 63 22 hafva
785 427 118 22 rusthållen
913 428 7 21 i
930 429 32 20 ett
976 427 55 22 orik-

205 457 42 26 tigt
269 456 132 22 förhållande
424 455 67 22 betalt
512 456 58 22 skatt
589 456 32 21 till
636 456 81 21 kronan
733 456 40 21 och
789 457 54 21 varit
857 456 59 21 såväl
931 456 32 21 till
978 457 54 20 stort

206 491 48 15 men
277 484 34 21 för
330 484 134 26 statsverket,
480 491 45 15 som
541 485 40 21 ock
596 484 32 21 till
644 491 25 15 en
685 485 47 21 svår
747 484 68 23 börda
830 485 39 22 och
885 487 65 24 tunga
965 485 6 21 i
985 484 47 22 fler-

205 513 80 26 faldiga
301 513 112 22 afseenden
428 513 32 20 för
475 513 240 27 augmentsbetalarena.
745 513 111 28 Härjemte
871 513 82 28 bifogas
968 513 64 21 Num-

205 541 39 22 mis
260 541 133 28 kapellboers
408 541 88 28 petition
516 541 2 22 i
534 548 81 15 samma
630 543 67 20 ämne.

275 603 131 28 Helsingfors
422 604 40 21 den
479 606 25 20 17
520 604 93 22 februari
631 605 59 21 1872.

779 663 26 19 A.
821 661 144 21 Pulkkinen*.

276 746 50 22 Som
343 746 107 28 upplästes
466 746 39 22 och
521 746 113 22 bordlades
650 746 32 22 till

536 832 51 22 Den
602 834 28 20 14
645 840 59 14 mars

208 889 28 22 dä
251 889 90 22 ärendet
356 888 54 28 ånyo
426 889 32 21 till
473 890 75 27 åtgärd
564 890 100 26 företogs.

277 952 61 22 Efter
361 952 36 22 det
418 952 104 22 särskilda
544 952 68 22 talare
634 952 32 28 sig
681 952 6 22 i
703 953 65 21 saken
783 955 73 26 yttrat,
873 953 69 23 beslöt
956 954 78 22 bonde-

207 980 92 26 ståndet,
315 982 32 20 att
362 980 114 28 petitionen
493 981 68 21 skulle
576 981 120 22 remitteras
711 981 31 22 till
758 984 153 20 sammansatta
921 984 62 20 stats-
994 982 39 22 och

209 1009 205 22 ekonomiutskottet
434 1011 55 20 samt
504 1012 32 19 att
550 1010 119 27 respektive
684 1010 111 22 medstånd
810 1010 67 23 borde
891 1011 97 27 inbjudas
1003 1012 32 21 att

207 1037 74 22 förena
297 1038 31 26 sig
344 1044 33 16 om
393 1038 121 27 petitionen.

826 1096 21 18 In
859 1096 60 18 fidem:

783 1130 78 22 Konst.
877 1131 89 21 Hildén.

278 1213 71 22 Sedan
364 1216 86 24 prosten
465 1215 80 26 Hjelt
560 1215 107 22 meddelat
685 1217 32 20 att
731 1216 88 22 ärendet
834 1217 65 21 redan
916 1217 67 22 blifvit
998 1217 38 22 be-

208 1241 104 22 handladt
327 1243 7 20 i
349 1245 153 20 sammansatta
524 1245 63 20 stats-
603 1244 39 22 och
658 1244 204 23 ekonomiutskottet
877 1245 40 22 och
931 1246 63 27 yrkat
1008 1247 28 26 på

209 1270 229 27 protokollsutdragets
460 1271 161 28 bordläggning,
644 1273 103 22 intilldess
767 1274 115 22 utskottets
901 1274 134 23 betänkande

208 1299 119 26 inkommit,
343 1299 69 22 beslöt
426 1300 91 27 ståndet,
532 1302 28 26 på
576 1301 72 22 derom
660 1302 61 27 gjord
731 1301 162 28 framställning,
903 1304 33 20 att
945 1303 91 22 berörde

208 1327 197 28 protokollsutdrag
419 1329 69 21 skulle
503 1329 134 28 bordläggas,
652 1330 44 22 tills
711 1330 64 27 sagde
790 1330 134 23 betänkande
934 1331 33 23 till
978 1332 57 22 stån-

209 1355 36 22 det
259 1355 74 28 ingått.

278 1504 133 27 Föredrogos
432 1505 40 22 och
494 1507 143 22 antecknades
659 1507 92 28 följande
771 1508 46 22 från
833 1508 155 22 bondeståndet
1002 1509 32 22 in-

209 1531 78 23 komna
301 1533 197 28 protokollsutdrag
512 1535 33 22 för
560 1535 40 22 den
618 1537 25 20 19
659 1536 87 22 dennes:
1016 1539 5 5 N
