1117 1817
226 140 42 21 330
432 143 162 19 Presteståndet
608 145 56 16 1872.
681 145 22 16 16
717 148 61 13 mars.

196 225 69 26 ordet,
289 224 55 21 blott
367 224 32 21 för
421 226 32 19 att
469 226 45 19 mot
532 224 55 23 dem,
602 230 45 15 som
663 224 103 27 uppträdt
781 226 46 19 mot
843 224 48 21 mitt
907 224 115 25 utlåtande,

197 253 20 21 få
240 254 70 21 såsom
333 253 117 26 förklaring
473 251 86 28 afgifva,
582 253 33 20 att
634 252 38 27 jag
688 252 87 21 alldeles
790 252 48 21 icke
854 252 71 21 anfört
939 253 26 20 de
981 253 42 20 sta-

196 282 85 21 tistiska
303 281 142 26 uppgifterna,
469 287 45 15 som
538 280 33 21 för
593 281 64 26 öfrigt
673 287 50 15 voro
739 281 89 21 anförda
845 281 46 21 från
907 281 36 22 två
959 281 63 25 sidor,

195 311 56 20 både
266 310 33 21 för
322 309 39 21 och
383 312 45 19 mot
446 309 148 26 skadligheten
613 309 23 21 af
650 309 146 27 konsanqvina
812 309 125 28 äktenskap,
953 309 69 22 såsom

195 339 124 26 afgörande.
349 338 41 27 Jag
406 338 38 21 har
466 338 26 26 ej,
509 340 61 24 säger
583 338 37 26 jag
644 338 69 21 anfört
729 339 62 20 dessa
807 339 120 20 statistiska
942 338 81 27 uppgif-

197 370 32 18 ter
254 366 69 22 såsom
350 367 25 21 de
401 367 37 21 der
465 367 109 20 allaredan
597 367 69 20 skulle
688 367 62 20 hafva
774 367 31 20 till
828 367 61 26 fylles
904 367 72 21 utredt
991 368 32 19 att

196 395 146 28 konsanqvina
357 395 118 27 äktenskap
492 401 49 15 vore
557 395 86 21 absolut
658 395 95 27 skadliga.
783 395 49 21 Men
846 395 37 27 jag
899 396 38 20 har
948 395 75 21 citerat

196 425 55 21 dem,
267 425 33 20 för
315 427 32 18 att
362 424 130 27 ådagalägga
508 426 32 19 att
555 424 65 21 redan
637 424 27 26 på
680 424 39 21 den
734 424 133 27 ståndpunkt
883 425 22 20 af
918 423 105 22 statistisk

195 453 128 26 utveckling,
338 453 20 20 vi
374 459 28 15 nu
418 452 118 25 innehafva,
553 452 114 21 förefinnas
683 453 23 20 så
721 453 77 26 många
814 453 39 20 och
869 456 58 18 stora
936 453 86 20 betänk-

196 481 98 27 ligheter,
317 484 32 18 att
371 482 21 20 vi
414 481 46 22 icke
484 481 65 21 borde
573 481 93 21 brådska
687 481 46 20 med
751 481 159 27 lagförändring
924 481 7 21 i
947 481 75 21 sådant

196 510 43 21 fall.
269 510 42 26 Jag
326 510 34 21 vill
376 510 47 21 icke
439 510 71 21 vidare
526 511 50 24 taga
592 510 95 21 ståndets
703 510 189 26 uppmärksamhet
907 510 6 21 i
923 509 98 27 anspråk,

195 545 48 15 men
267 539 94 21 önskade
384 539 55 20 blott
461 539 88 26 tillägga
571 540 33 19 att
624 538 160 27 konseqvensen
808 539 21 20 af
844 539 48 20 mitt
907 539 114 26 påstående

195 567 55 22 hade
273 567 88 23 fordrat,
384 569 32 19 att
434 567 37 26 jag
494 567 68 21 skulle
578 567 63 20 hafva
655 567 68 26 yrkat,
741 567 36 21 det
794 570 111 24 regentens
920 567 102 26 rättighet

195 598 33 19 att
243 596 70 21 tillåta
329 596 70 27 dylika
416 595 116 27 äktenskap
548 595 66 21 borde
631 595 116 27 upphäfvas
763 596 7 20 i
786 596 39 21 och
841 597 48 20 med
905 596 116 21 detsamma

196 631 48 14 man
261 626 112 19 motsätter
387 625 32 26 sig
435 624 145 27 konsanqvina
596 624 124 27 äktenskap.

265 681 50 21 Vice
330 684 73 24 pastor
418 681 135 21 Törnudd:
578 680 116 26 Medgifvas
715 681 68 21 måste
800 681 121 25 visserligen
938 684 31 18 att
986 681 35 21 det

195 712 25 19 är
235 710 81 26 ganska
331 710 119 21 irrationelt
466 712 32 18 att
514 710 63 20 hafva
593 716 23 14 en
636 710 38 26 lag,
686 716 43 14 som
741 709 111 27 förbjuder
863 710 70 26 nägot,
943 709 79 21 hvilket

195 738 82 22 ändock
293 739 6 20 i
315 739 94 25 nädeväg
424 738 60 21 alltid
495 738 121 26 medgifves,
628 738 23 26 ja
662 744 47 14 man
721 738 71 21 kunde
806 740 74 19 nästan
891 740 51 24 säga
954 738 67 21 mäste

192 766 127 27 :medgifvas,
335 767 127 21 åtminstone
478 767 7 21 i
500 767 84 26 vanliga
600 766 42 21 fall.
660 766 47 21 Men
723 773 34 15 om
775 773 47 14 man
839 769 60 24 tager
914 767 6 20 i
937 766 83 21 betrak-

196 796 65 20 tande
277 796 42 20 alla
335 796 25 20 de
377 796 71 24 vädor,
462 796 159 26 upphäfvandet
631 795 21 21 af
662 796 66 20 denna
741 796 35 26 lag
789 795 68 21 skulle
868 795 152 23 ästadkomma,

197 825 39 20 och
253 824 64 21 bland
333 824 62 21 dessa
410 824 65 21 vädor
491 824 35 20 vill
539 824 37 26 jag
592 824 5 20 i
614 824 88 20 främsta
713 829 92 15 rummet
818 824 99 26 päminna
927 830 33 14 om
974 824 46 21 dem

196 852 33 21 för
244 852 137 26 sedligheten,
405 853 79 21 hvilket
504 853 66 21 redan
585 852 23 21 af
622 852 148 27 kyrkoherden
786 852 57 21 Roos
859 852 39 21 och
914 852 106 27 professor

197 881 64 21 Cleve
284 882 69 20 blifvit
375 881 103 25 anmärkt,
500 881 24 21 sä
547 885 45 17 tror
605 881 36 26 jag
657 884 31 18 att
704 888 48 14 man
769 881 67 21 mäste
853 887 64 21 rygga
933 881 88 21 tillbaka

196 910 33 20 för
245 910 159 26 upphäfvandet
419 910 22 20 af
455 910 69 20 denna
539 910 41 26 lag,
597 910 47 20 dess
657 910 136 26 oformlighet
805 910 94 20 oaktadt.
922 909 38 21 Om
973 916 47 14 man

196 938 61 21 äfven
283 938 110 22 betraktar
420 938 64 21 saken
508 945 24 14 ur
555 939 66 20 andra
644 938 138 27 synpunkter,
805 940 24 18 är
845 938 35 21 det
896 938 42 21 min
954 939 66 20 öfver-

197 968 80 26 tygelse
294 969 31 19 att
341 974 47 14 man
404 967 95 21 kommer
515 967 31 20 till
564 973 80 15 samma
661 967 92 21 resultat.
790 967 41 21 Det
847 967 38 21 har
901 966 68 22 blifvit
984 967 36 26 pä-

196 996 53 20 stätt
265 998 32 18 att
312 1002 47 14 man
376 996 44 20 icke
443 995 115 21 statistiskt
581 997 40 19 kan
642 996 81 23 utreda,
747 995 36 21 det
799 996 77 26 slägtet
892 996 51 20 eller
958 998 63 18 stam-

196 1030 47 15 men
267 1024 68 21 skulle
357 1024 113 21 försämras
492 1030 76 20 genom
587 1024 129 26 äktenskaps
732 1024 103 26 ingående
853 1024 167 21 blodsförvanter

197 1053 96 21 emellan.
323 1053 107 26 Biskopen
452 1053 78 21 doktor
554 1052 119 22 Schauman
697 1053 37 20 har
755 1058 50 21 nyss
830 1054 79 22 nämnt,
926 1055 31 18 att
973 1059 47 14 man

196 1081 55 21 ifrån
276 1082 32 20 sin
331 1084 105 18 närmaste
456 1081 76 21 närhet
548 1082 46 20 icke
610 1081 54 21 hade
680 1082 94 25 exempel
791 1082 28 26 på
833 1084 33 18 att
882 1082 58 24 barn,
957 1081 64 21 födda

196 1110 6 20 i
218 1110 145 26 konsanqvina
379 1110 123 26 äktenskap,
518 1110 69 21 skulle
603 1116 50 15 vara
664 1116 58 14 mera
733 1110 124 21 vanlottade
869 1112 26 18 än
909 1110 30 23 de,
950 1109 70 22 hvilka

196 1140 37 19 äro
257 1138 64 21 födda
343 1139 22 20 af
386 1139 110 23 föräldrar,
518 1145 45 14 som
582 1140 37 19 äro
641 1139 86 20 alldeles
743 1138 100 27 oskylda;
861 1145 47 14 men
924 1138 97 21 häremot

196 1167 35 20 vill
245 1167 38 26 jag
304 1167 108 23 anmärka,
428 1171 32 16 att
479 1167 35 21 det
529 1169 24 18 är
569 1167 79 20 aldeles
664 1167 120 26 uppenbart
800 1169 32 19 att
848 1173 24 14 en
889 1169 68 18 större
973 1173 47 20 pro-

196 1198 47 18 cent
271 1195 22 21 af
315 1196 57 25 barn,
391 1195 63 21 födda
469 1196 6 20 i
492 1195 159 21 blodsförvanta
666 1195 125 27 äktenskap,
808 1198 24 18 är
847 1196 110 20 vanlottad
973 1197 25 19 än
1015 1195 5 21 i

196 1224 119 27 äktenskap
331 1225 88 20 emellan
436 1224 92 27 oskylde,
547 1224 113 21 Likaledes
675 1224 41 21 kan
729 1224 38 26 jag
783 1224 18 26 ej
819 1224 47 21 dela
879 1225 39 20 den
932 1224 88 26 äsigten,

195 1259 45 14 som
264 1253 107 21 förmenar
392 1253 36 20 det
443 1259 50 15 vara
513 1255 63 21 orätt,
593 1253 49 20 att
639 1249 12 35 i
660 1253 58 20 detta
733 1253 101 20 afseende
850 1253 91 20 anställa
952 1253 68 26 jämn-

195 1281 77 21 förelse
293 1281 90 21 emellan
406 1282 122 20 menniskan
548 1281 39 21 och
603 1281 80 26 djuren.
713 1281 41 26 Jag
771 1284 46 18 tror
835 1281 103 26 nemligen
955 1285 31 17 att
1001 1281 20 20 vi

195 1309 61 22 äfven
280 1310 23 21 af
317 1311 46 20 dem
385 1310 70 21 kunna
477 1310 63 21 hafva
561 1316 25 14 en
608 1309 150 26 fingervisning
781 1310 6 20 i
803 1310 79 26 frågan.
914 1309 49 22 Man
978 1310 42 21 kan

195 1338 46 21 icke
257 1339 65 20 tänka
337 1339 32 26 sig
383 1341 32 18 att
430 1338 47 22 Gud
493 1339 38 20 hos
548 1338 80 27 djuren,
645 1339 122 26 isynnerhet
783 1339 26 20 de
825 1339 64 26 högre
899 1338 62 21 bland
973 1339 47 20 dem

195 1369 52 18 utan
272 1367 63 21 orsak
360 1367 68 21 skulle
453 1367 62 21 hafva
540 1367 87 26 nedlagt
647 1367 40 20 den
707 1367 98 23 instiukt,
826 1370 31 17 att
873 1367 25 21 de
915 1369 105 19 närmaste

196 1395 211 22 blodsförvandterne
422 1395 92 21 undvika
530 1399 32 17 att
570 1395 116 26 fortplanta
694 1395 31 26 sig
737 1396 48 20 med
797 1395 124 25 hvarandra,
933 1395 87 21 såframt

195 1423 47 22 icke
273 1424 116 21 instinkten
416 1431 74 19 genom
521 1424 129 26 fångenskap
678 1426 23 19 är
732 1424 150 21 bortblandad.
921 1424 99 21 Likasom

193 1452 37 27 jag
252 1459 63 15 anser
336 1453 145 26 konsanqvina
504 1453 118 26 äktenskap
645 1452 96 25 skadliga
765 1452 32 21 för
819 1453 83 25 slägtet,
926 1455 45 18 tror
984 1452 36 27 jag

195 1481 97 21 deremot
309 1482 35 20 det
360 1487 50 16 vara
418 1481 98 26 temligen
525 1481 156 24 konstateradt,
690 1483 31 18 att
730 1481 54 20 barn
795 1481 21 21 af
828 1481 112 23 föräldrar,
950 1481 71 20 hvilka

195 1509 54 22 höra
270 1510 31 21 till
325 1510 56 21 olika
404 1509 166 24 nationaliteter,
594 1510 96 25 vanligen
713 1511 37 19 äro
777 1510 84 26 mycket
882 1509 137 27 intelligenta.

195 1538 46 22 Den
264 1539 81 26 åsigten
369 1541 23 18 är
407 1539 45 20 icke
468 1539 23 20 så
506 1539 78 20 allmän
600 1538 64 21 bland
679 1537 74 26 folket,
769 1540 32 19 att
817 1538 71 27 dylika
903 1538 117 27 äktenskap
