1117 1817
210 132 43 22 280
425 136 162 19 Presteståndet
598 138 57 17 1872.
678 138 12 16 9
702 140 64 14 mars.

181 216 156 28 titionsförslag
359 223 35 15 om
416 216 130 25 utvidgande
563 217 22 21 af
599 216 67 22 finska
681 216 250 27 vetenskapssocieteten,
944 216 66 21 bland

182 247 73 25 annat,
271 245 6 21 i
295 245 35 22 det
349 245 63 28 syfte,
432 247 33 20 att
479 245 36 22 vid
530 245 117 22 societeten
662 244 67 23 skulle
745 245 102 22 anställas
863 251 25 16 en
904 244 107 27 arkeolog,

183 273 22 22 af
219 273 147 22 nästbemälde
381 273 90 22 Utskott
485 273 124 22 behandlas.

439 330 31 22 På
485 330 163 27 Lagutskottets
664 332 91 25 vägnar:

530 388 28 20 A.
580 387 79 21 Wrede.

795 443 31 18 Th.
839 443 105 23 Bergelund.

255 524 45 22 Och
316 524 79 22 beslöts
408 523 108 27 enhälligt,
532 525 33 20 att
586 524 40 21 den
641 524 7 21 i
663 523 124 22 skrifvelsen
803 523 92 22 nämnda
909 523 105 27 skriftliga

185 553 155 26 framställning
363 552 22 22 af
404 552 106 27 professor
531 552 103 21 Forsman
650 552 67 21 skulle
739 552 32 21 till
794 551 107 22 allmänna
919 552 94 21 besvärs-

186 581 106 22 utskottet
313 581 125 26 remitteras,
463 581 87 21 hvarom
566 581 59 21 såväl
644 581 26 21 de
686 580 66 27 öfriga
767 580 90 22 stånden
873 587 46 15 som
945 580 69 27 lagut-

186 610 83 21 skottet
284 610 66 21 borde
365 615 76 21 genom
456 609 198 27 protokollsutdrag
668 609 141 22 underrättas.

257 716 119 27 Föredrogs
399 716 26 22 H.
448 716 26 22 K.
498 716 50 22 M:ts
570 717 35 21 vid
624 719 83 19 senaste
722 717 159 21 sammanträde
896 716 117 27 bordlagda

187 745 78 27 nådiga
287 745 137 27 proposition,
448 744 31 22 till
498 745 103 21 Finlands
616 745 91 22 Ständer
722 745 111 27 angående
848 752 28 20 ny
891 745 123 27 förordning

188 780 35 16 om
238 773 268 27 stämpelpappersafgiften
522 774 6 20 i
544 773 97 22 Finland.

258 830 155 22 Remitterades
440 830 102 26 enhälligt
564 830 32 22 till
619 830 242 27 bevillningsutskottet;
885 830 86 22 hvarom
990 830 26 22 de

190 858 68 28 öfriga
273 858 89 22 stånden
377 858 67 22 skulle
459 865 77 21 genom
551 859 196 27 protokollsutdrag
763 859 143 21 underrättas.

260 967 55 21 Herr
340 966 158 22 talmannen
526 966 144 27 tillkännagaf,
694 970 31 18 att
746 967 35 22 vid
801 967 7 21 i
835 968 42 26 dag
891 967 70 22 hållen
977 967 39 21 tal-

191 995 175 22 manskonferens
388 996 82 26 klagats
493 995 103 26 deröfver,
618 998 34 19 att
681 996 106 21 allmänna
809 996 84 21 utskott
911 1002 106 16 samman-

191 1024 58 22 trädt
264 1024 13 21 å
293 1024 26 21 de
334 1024 72 26 dagar,
420 1024 90 22 stånden
526 1024 46 21 haft
584 1024 69 27 plena,
674 1024 135 27 hvarigenom
831 1024 123 22 kollisioner
965 1030 52 21 upp-

191 1053 60 26 stått,
272 1054 52 20 enär
344 1052 32 22 till
399 1052 94 27 exempel
516 1052 156 22 bondeståndet
692 1053 68 21 under
782 1053 79 21 sådana
876 1053 66 26 dagar
956 1052 62 22 hållit

191 1080 64 28 plena
269 1080 55 22 både
346 1081 44 22 före
412 1081 38 21 och
466 1081 179 27 eftermiddagen;
668 1081 98 21 hvarföre
789 1081 50 22 herr
853 1082 163 21 talmannen

191 1109 50 22 ville
256 1110 71 21 erinra
345 1110 120 21 utskottens
480 1109 119 22 ledamöter
614 1109 23 22 af
650 1110 157 27 presteståndet
822 1112 32 19 att
865 1110 53 21 söka
925 1110 93 21 undvika

192 1137 55 22 slika
261 1137 157 28 förvecklingar.

262 1194 107 27 Derjemte
392 1194 122 22 meddelade
542 1195 50 21 herr
616 1195 158 22 talmannen
790 1197 32 19 att
837 1195 100 21 ståndens
955 1194 63 28 plena

194 1223 68 22 under
277 1223 102 27 ingående
395 1223 65 22 vecka
475 1223 85 22 komma
575 1225 33 20 att
622 1223 69 22 hållas
705 1223 77 27 tisdag,
793 1223 86 26 torsdag
890 1224 39 21 och
938 1223 79 28 lördag.

264 1331 69 22 Sedan
349 1333 62 20 nästa
425 1331 85 27 plenum
526 1331 68 22 blifvit
608 1333 69 20 utsatt
692 1331 31 22 till
738 1331 98 28 tisdagen
852 1331 40 22 den
905 1332 25 21 12
941 1332 79 21 dennes

194 1359 29 23 kl.
241 1360 23 21 11
282 1359 15 23 f.
312 1366 34 20 m.,
361 1359 101 22 åtskildes
477 1360 85 21 ståndet
576 1359 28 22 kl.
622 1361 20 20 2.
658 1366 17 16 e.
691 1366 27 15 m.

803 1416 21 18 In
838 1416 61 18 fidem:

725 1456 53 22 Carl
793 1456 50 22 Joh.
859 1456 133 28 Lindegvist.
