1117 1817
346 132 164 18 Presteståndet
525 134 55 17 1872.
606 134 22 16 17
640 134 51 17 febr.
867 130 26 20 97

164 207 111 22 Professor
295 208 133 20 Forsman:
450 207 42 27 Jag
507 207 95 21 anhåller
616 207 57 22 blott
688 209 31 19 att
735 208 20 21 få
770 207 74 22 förena
859 208 42 27 mig
915 208 8 21 i

96 236 106 28 professor
226 235 74 22 Cleves
321 235 187 27 petitionsförslag,
524 235 39 22 och
578 235 33 21 för
625 236 43 21 min
685 235 33 22 del
734 236 141 22 understöder
888 237 35 27 jag

95 265 38 22 det
147 265 69 20 såsom
233 266 148 25 representant
395 264 33 21 för
443 264 133 21 skollärarne
590 264 7 21 i
612 264 72 26 Borgå
698 264 51 22 stift.

165 321 84 21 Doktor
265 320 134 27 Alopaeus
414 321 81 26 yrkade
511 321 27 26 på
553 321 110 26 petionens
679 321 160 28 bordläggning.

166 377 79 27 Biskop
261 377 153 22 Schauman:
436 377 48 22 Just
500 377 28 27 på
543 377 41 22 den
599 379 68 25 grund
683 380 32 19 att
730 378 116 27 petitionen
861 380 63 21 berör

96 409 32 19 ett
144 407 23 20 så
183 406 74 27 vigtigt
272 408 61 19 ämne
349 406 80 21 känner
441 406 37 27 jag
494 408 32 19 ett
540 406 66 21 behof
615 408 32 19 att
658 407 5 20 i
674 406 67 21 likhet
754 408 49 20 med
818 408 106 27 professor

98 435 102 21 Forsman
221 437 76 24 genast
319 435 21 21 få
361 435 74 21 förena
456 435 43 26 mig
514 434 6 21 i
537 435 127 21 densamma.
696 435 127 27 Derigenom
839 436 85 22 hindras

98 463 132 26 naturligtvis
246 463 17 27 ej
280 463 160 26 bordläggning,
456 469 49 15 men
518 463 36 26 jag
570 469 62 16 anser
647 465 32 20 att
694 464 66 21 saken
775 466 24 19 är
813 465 24 21 af
850 471 26 15 en
891 465 33 21 så-

98 492 42 21 dan
162 492 44 26 vigt
228 492 39 21 och
290 499 26 14 en
331 492 24 21 så
369 491 179 28 genomgripande
563 494 69 24 natur,
648 492 32 21 för
696 492 48 21 hela
760 493 47 21 vårt
821 493 56 27 land,
892 495 33 20 att

99 527 48 14 man
161 527 65 20 gerna
242 521 36 21 vill
293 521 45 20 deri
353 520 68 21 uttala
436 521 38 26 sig.

167 577 90 22 Ståndet
281 579 65 25 antog
371 577 101 26 enhälligt
494 578 70 20 såsom
588 577 37 22 sitt
647 577 209 28 petitionsförslaget,
879 584 45 16 som

99 605 113 22 bordlades
227 605 32 22 till
275 605 91 28 följande
382 606 163 21 sammanträde.

169 736 148 22 Antecknades
340 738 32 19 att
388 736 39 21 den
444 736 33 22 vid
494 736 126 27 föregående
636 737 157 21 sammanträde
809 736 117 28 bordlagda

101 765 145 25 Berättelsen
262 765 22 21 af
298 765 144 21 Prokuratorn
458 765 6 21 i
480 765 118 27 Kejserliga
613 764 92 22 Senaten
721 765 32 21 för
767 765 90 22 Finland
871 766 7 21 i
890 772 35 15 an-

100 794 85 26 ledning
208 794 22 20 af
251 794 48 21 dess
321 794 129 21 embetsresa
472 794 6 20 i
503 794 73 20 landet
597 793 68 21 under
682 800 119 15 sommaren
816 795 24 21 år
857 795 68 21 1867"

101 822 68 22 blifvit
183 822 32 22 till
231 822 95 22 ståndets
342 822 137 22 medlemmar
494 822 92 21 utdelad.

170 954 119 26 Föredrogs
311 956 31 19 ett
365 954 21 21 af
408 954 73 21 rektor
504 953 118 21 Hallstén
643 952 87 28 ingifvet
744 952 115 28 sålydande
874 954 53 27 peti-

102 982 143 27 tionsförslag:

301 1067 39 21 Till
356 1068 43 20 Det
413 1067 136 27 Högvördiga
564 1066 169 22 Prestaståndet.

172 1124 45 21 Hos
240 1124 35 21 det
298 1124 135 26 Högvördiga
455 1124 162 21 Prestaståndet
635 1123 31 21 får
682 1123 120 27 ödmjukast
814 1124 37 26 jag
865 1123 63 21 fram-

103 1152 70 25 ställa,
196 1152 104 21 buruvida
322 1152 161 21 Prestaståndet
504 1152 42 21 kan
569 1151 57 22 finna
644 1151 77 27 skäligt
737 1153 32 20 att
783 1151 32 22 till
831 1154 98 19 närmare

104 1181 115 26 beredning
241 1181 6 20 i
270 1181 36 21 sitt
324 1181 95 20 enskilda
434 1180 171 22 besvärsutskott
620 1180 109 21 remittera
744 1179 92 28 följande
851 1180 78 27 förslag

104 1209 91 21 rörande
209 1209 245 22 elementarläroverket:

173 1239 33 20 1:o
236 1238 39 21 Att
295 1238 118 21 Ständerna
428 1237 100 22 förunnas
543 1239 44 20 rätt
601 1239 33 20 att
648 1237 70 22 såsom
733 1237 8 21 i
756 1243 68 16 annan
840 1236 89 27 lagstift-

105 1266 50 27 ning
177 1266 84 27 deltaga
283 1267 8 20 i
311 1266 207 27 skollagstiftningen
540 1268 56 19 samt
618 1267 32 20 att
666 1266 47 21 med
729 1265 166 22 verkställandet
909 1265 22 21 af

104 1295 185 26 bestämningarne
311 1295 6 20 i
341 1295 59 21 Hans
422 1295 119 26 Kejserliga
556 1295 111 26 Majestäts
682 1294 76 26 nådiga
773 1293 121 27 förordning
909 1293 24 22 af

106 1324 39 20 den
168 1324 27 20 30
217 1323 115 22 november
351 1324 61 23 1871,
428 1323 69 21 såvidt
513 1324 25 21 de
554 1325 49 19 röra
618 1323 109 21 bildandet
743 1322 22 21 af
778 1329 41 21 nya
833 1322 98 21 läroverk

106 1351 39 22 och
159 1351 123 28 förändring
298 1351 21 22 af
333 1353 123 20 läroämnen
471 1352 6 21 i
493 1351 27 22 de
535 1351 64 26 äldre,
615 1351 92 27 uppskof
718 1351 66 22 måtte
795 1351 136 26 allernådigst

105 1380 94 27 beviljas,
221 1380 31 21 till
273 1381 47 21 dess
339 1380 74 21 landet
427 1380 75 21 vunnit
517 1380 83 21 tillfälle
615 1382 32 19 att
662 1386 75 20 genom
753 1379 46 22 sina
813 1379 35 21 vid
863 1379 68 21 landt-

106 1409 41 26 dag
169 1408 126 23 församlade
311 1409 86 21 ständer
412 1409 68 21 uttala
495 1408 46 22 sina
556 1408 129 26 önskningar
700 1408 7 21 i
722 1408 69 21 denna
805 1407 126 27 angelägen-

106 1437 43 26 het,
165 1437 83 22 hvilken
259 1439 60 20 rörer
331 1437 48 22 dess
390 1437 123 27 dyrbaraste
524 1437 113 26 egendom:
654 1436 36 21 det
700 1436 137 27 uppvexande
847 1435 84 27 slägtet.

175 1467 34 20 2:0
239 1466 38 21 Att
302 1466 118 21 Ständerna
442 1465 56 25 ville,
523 1465 6 21 i
554 1465 218 22 öfverensstämmelse
797 1464 47 21 med
870 1465 62 21 ofvan

106 1493 120 28 åberopade
242 1495 77 26 nådiga
333 1494 129 27 förordning,
477 1500 46 15 som
539 1493 116 22 anbefaller
670 1493 105 26 reglering
789 1493 23 21 af
825 1493 107 21 lärarenas

108 1522 33 21 vid
157 1523 237 22 elementarläroverket
409 1523 66 24 löner,
490 1523 84 21 såsnart
584 1522 139 21 statsverkets
734 1521 113 27 tillgångar
856 1521 77 22 sådant

853 1560 12 19 7
