1117 1817
337 128 163 18 Presteständet
514 129 55 17 1872.
594 129 26 17 23
633 128 50 18 febr.
855 124 40 21 189

96 211 110 24 upptages.
229 208 30 27 Ty
273 209 36 25 jag
325 211 51 24 tror,
391 211 33 18 att
440 215 48 14 man
505 208 116 21 tillsvidare
636 208 71 21 kunde
722 208 85 21 komma
823 208 30 21 till
870 212 56 19 rätta

96 243 76 20 genom
194 239 37 23 att,
248 237 6 20 i
270 237 106 26 tolknings
395 240 45 23 väg,
456 239 54 24 göra
526 236 39 22 den
582 243 40 15 ena
637 237 52 20 eller
704 237 66 20 andra
785 237 81 26 åsigten
882 237 43 26 gäl-

96 265 68 21 lande.
196 265 63 21 Först
281 265 64 21 sedan
368 266 37 21 det
427 265 108 27 verkligen
558 265 54 21 visat
634 265 38 26 sig.
695 268 32 18 att
749 271 26 15 en
789 265 67 22 sådan
871 265 55 27 äsigt

97 294 84 21 komme
197 296 30 18 att
242 296 51 23 göra
309 294 31 26 sig
355 294 104 26 gällande,
476 296 31 19 att
524 294 61 21 dessa
600 293 69 22 lärare
686 294 17 26 ej
720 293 55 27 finge
791 294 54 27 välja
856 301 69 20 repre-

96 324 109 19 sentanter
220 322 6 20 i
241 323 163 26 prestaståndet,
420 323 71 20 kunde
508 323 36 20 det
559 329 50 14 vara
624 322 47 21 skäl
686 322 32 21 för
729 323 91 24 ståndet,
832 325 31 20 att
874 329 51 21 upp-

97 353 50 23 taga
168 351 80 26 frågan,
272 351 89 21 rörande
383 357 26 15 en
432 351 118 26 förklaring
572 351 24 20 af
615 351 237 26 landtdagsordningen.
885 351 40 26 Jag

98 379 59 21 delar
177 379 33 21 för
225 379 62 27 öfrigt
302 379 106 27 professor
422 380 116 21 Forsmans
554 379 64 21 tanke
634 381 32 19 att
682 385 47 15 man
745 386 28 14 uu
789 380 31 20 till
836 387 25 14 en
878 380 47 21 bör-

96 408 43 26 jan,
155 409 23 20 så
194 408 43 21 vidt
253 407 80 28 möjligt
348 410 29 22 är,
395 408 17 26 ej
429 408 39 21 bör
483 408 54 27 yrka
552 409 28 26 på
596 409 69 26 någon
681 408 122 27 förändring
818 408 51 21 eller
884 408 41 21 för-

97 435 83 28 klaring
195 436 21 21 af
231 436 39 21 den
288 443 39 21 nya
342 437 137 26 grundlagen.

166 493 89 22 Prosten
277 493 87 26 Hjelt:
396 493 42 22 För
460 496 33 19 att
508 494 72 21 kunna
595 494 53 21 höra
664 493 30 21 till
711 493 54 26 dem,
781 493 70 22 hvilka
867 496 36 19 äro
918 493 7 21 i

98 522 123 26 åtnjutande
243 522 22 21 af
287 523 54 20 1723
357 523 34 20 års
407 522 199 27 presteprivilegier,
622 522 82 21 fordras
721 522 32 21 väl
769 525 32 18 att
817 529 47 14 man
880 529 46 19 per-

98 551 93 26 sonligen
207 551 53 20 skall
276 551 62 21 hafva
353 552 69 20 såsom
439 551 117 21 skollärare
573 551 84 21 erhållit
672 551 98 21 fullmakt
786 551 21 20 af
822 551 39 20 den
875 551 50 21 auk-

98 579 79 26 toritet,
201 579 83 22 hvilken
307 579 81 22 fordom
411 580 54 21 hade
481 582 32 19 att
530 579 112 22 öfvervaka
658 579 102 27 gymmasii
776 579 39 21 och
831 579 94 21 skolord-

98 607 81 27 ningen,
203 608 103 27 nemligen
330 608 144 27 domkapitlet.
508 608 48 21 Men
580 608 58 21 detta
661 610 24 19 är
700 608 17 26 ej
735 607 58 22 fallet
808 608 48 21 med
871 608 55 21 lära-

98 642 49 15 rene
163 637 33 20 vid
211 637 114 26 Jyväskylä
340 637 141 21 seminarium.
512 637 32 21 De
560 639 36 18 äro
613 636 61 22 civila
689 637 132 26 tjenstemän,
837 636 88 21 emedan

98 665 26 20 de
139 665 40 21 fätt
194 665 45 21 sina
255 665 121 21 fullmakter
391 665 45 21 frän
454 665 117 27 Kejserliga
582 665 98 21 Senaten.
707 665 116 27 Kejserliga
834 665 91 21 Senaten

98 693 41 21 kan
162 693 95 21 deremot
279 693 67 27 aldrig
368 694 91 21 tillsätta
474 694 66 25 några
556 694 117 20 skollärare
688 696 65 18 annat
769 696 25 18 än
811 693 6 21 i
833 694 94 20 besvärs-

98 724 46 24 väg.
173 722 41 26 Jag
236 728 62 15 anser
320 722 82 21 säledes
422 724 31 19 att
470 723 36 20 det
521 722 22 21 af
556 722 108 27 professor
679 722 111 21 Ehrström
806 722 119 27 äberopade

98 750 36 21 fall
150 750 111 27 omöjligen
278 751 38 20 här
332 751 40 21 kan
388 750 62 22 hafva
465 751 33 21 sin
514 750 140 28 tillämpning.

166 807 110 21 Professor
298 807 91 22 Cleve:
420 807 28 22 Af
465 808 39 20 allt
519 808 55 21 hvad
590 808 39 21 här
644 807 38 22 har
698 807 68 21 blifvit
781 807 67 27 sagdt,
865 813 61 21 synes

98 836 42 26 mig
162 836 92 27 tydligen
277 836 87 27 framgä,
388 839 32 18 att
443 836 41 22 den
500 836 162 27 ifrägavarande
680 836 115 27 petitionen
811 838 24 19 är
850 835 22 21 af
886 836 39 21 den

98 866 40 22 art,
161 867 32 18 att
217 864 38 22 den
274 864 101 28 förtjenar
390 866 65 26 något
470 865 106 21 afseende.
608 866 42 20 Det
664 871 63 21 synes
743 865 47 26 mig,
806 865 69 21 såsom
892 870 34 15 om

98 893 37 21 det
149 899 50 15 vore
214 893 32 21 för
261 893 62 27 tidigt
338 896 31 19 att
382 900 28 14 nu
426 893 60 27 börja
502 900 26 14 en
544 894 134 26 analysering
696 893 23 21 af
732 893 139 21 dokumenter
887 893 39 21 och

99 921 107 21 diskutera
222 922 25 21 de
263 922 56 21 olika
334 922 77 27 frägor,
427 928 46 15 som
489 922 6 20 i
512 922 59 21 detta
588 922 119 22 hänseende
727 921 67 21 blifvit
809 922 117 21 bemärkta.

98 950 40 26 Jag
151 950 73 27 tycker
243 950 81 22 säledes
340 951 45 21 skäl
401 957 51 14 vara
468 950 118 22 förhanden
602 953 38 24 att,
657 953 50 19 utan
724 951 78 23 vidare,
818 950 109 21 remittera

98 979 116 26 petitionen
237 979 32 21 till
291 980 95 20 ständets
401 979 97 21 enskilda
513 979 177 25 besvärsutskott,
706 979 80 21 hvilket
801 979 60 21 torde
877 981 50 24 taga

98 1007 6 21 i
121 1007 139 21 betraktande
283 1008 26 21 de
331 1008 85 26 äsigter,
436 1014 45 15 som
498 1008 38 21 här
552 1008 62 20 hafva
629 1008 68 21 blifvit
712 1007 101 26 uttalade,
830 1007 39 21 och
884 1007 42 21 för-

98 1035 78 22 bereda
191 1036 87 21 ärendet
293 1036 31 21 till
340 1036 81 27 verklig
436 1036 128 22 diskussion.

166 1092 109 22 Professor
298 1093 157 21 Ehrström:
486 1093 41 27 Jag
550 1093 48 21 ville
621 1093 76 21 endast
719 1095 50 24 säga
785 1094 65 26 nägra
865 1093 61 21 ordi

97 1120 114 28 anledning
230 1122 22 21 af
273 1124 85 25 prosten
374 1122 69 26 Hjelts
458 1122 100 21 sednaste
573 1122 105 26 yttrande.
709 1122 90 21 Prosten
815 1122 58 26 Hjelt
887 1122 40 21 har

98 1149 115 22 framhällit
235 1152 32 19 att
281 1150 72 27 hvarje
368 1150 76 25 lärare,
460 1156 46 15 som
522 1150 68 21 skulle
606 1150 83 26 ätnjuta
703 1149 168 28 presteständets
886 1150 41 27 pri-

98 1177 92 28 vilegier,
212 1178 72 26 borde,
307 1179 128 21 åtminstone
457 1179 7 20 i
488 1178 59 22 äldre
570 1179 61 24 tider,
650 1179 62 21 hafva
727 1179 40 20 fått
783 1179 32 21 sin
830 1178 97 21 fullmakt

97 1205 46 22 från
165 1208 64 25 något
252 1207 135 27 domkapitel.
418 1207 102 21 Deremot
543 1207 94 22 önskade
653 1207 37 27 jag
711 1207 102 21 anmärka
835 1209 32 19 att
881 1207 46 21 uni-

98 1235 194 50 Uiniomlärarene
307 1236 46 21 icke
369 1235 72 28 plägat
456 1235 21 22 få
492 1236 46 21 sina
554 1235 123 22 fullmakter
692 1235 45 22 från
753 1242 26 15 en
792 1235 66 22 sådan
869 1241 58 21 myn-

112 1264 63 27 lighet.

171 1321 69 22 Sedan
263 1321 145 22 diskussionen
431 1321 88 22 härmed
544 1321 113 22 förklarats
680 1321 99 26 afslutad,
803 1321 125 22 hemställde

98 1349 49 22 herr
170 1349 163 22 talmannen
356 1350 32 21 till
403 1350 93 25 ståndet,
512 1350 104 21 huruvida
630 1350 86 21 ståndet
730 1351 67 25 ansåg
812 1349 116 27 petitionen

99 1378 84 27 påkalla
199 1379 68 26 någon
282 1379 75 26 åtgärd
373 1379 52 21 eller
440 1379 26 26 ej.

167 1435 50 22 Vice
240 1437 72 25 pastor
334 1435 191 22 Westerlund:
560 1435 44 22 Min
628 1435 99 22 anhållan
750 1441 51 16 vore
823 1437 32 20 att
877 1435 53 22 först

100 1464 67 21 skulle
183 1466 83 19 voteras
281 1465 80 25 derom,
377 1464 104 21 huruvida
496 1464 74 27 frågan
586 1464 41 21 kan
640 1464 127 27 bordläggas
779 1463 52 22 eller
841 1464 26 27 ej.
889 1464 41 26 Jag

99 1492 39 21 har
153 1492 88 22 anhållit
257 1499 33 15 om
306 1493 128 27 petitionens
450 1493 161 26 bordläggning,
627 1493 33 21 för
675 1495 31 19 att
721 1494 72 20 kunna
808 1492 85 22 bemöta
904 1492 26 21 de

99 1521 78 26 inkast,
192 1527 45 16 som
253 1523 57 20 emot
326 1521 124 22 densamma
465 1521 69 22 blifvit
548 1521 82 27 gjorda.
