1117 1817
35 15 606 35 nn
853 15 263 35 nn

333 155 162 18 Presteständet
509 156 56 17 1872.
590 156 22 17 19
626 156 51 17 febr.
852 151 40 21 123

90 235 97 28 pleanter
202 235 8 21 i
224 235 121 26 förstsagda
359 235 83 21 utskott
453 235 45 21 vice
509 237 88 24 pastorn
608 235 100 21 Törnudd
719 235 40 21 och
771 235 150 27 kyrkoherden

90 264 58 22 Roos
163 265 55 20 samt
233 263 7 21 i
257 269 44 21 exp.
318 263 105 22 utskottet
438 263 150 27 kyrkoherden
604 263 114 22 Snellman.

160 395 120 26 Föredrogs
302 396 31 19 ett
353 394 200 27 protokollsutdrag
574 395 46 21 från
639 394 148 27 ridderskapet
803 395 40 22 och
858 397 62 20 adeln

90 423 110 28 angående
223 423 74 21 remiss
319 423 23 20 af
362 423 51 26 kejs.
435 423 187 27 propositionerna
640 423 52 21 n:ris
707 425 20 24 5,
743 424 19 25 6,
779 424 19 24 7,
814 424 20 26 8,
850 425 20 25 9,
888 426 33 25 11,

93 453 32 25 12,
142 453 33 25 13,
193 452 32 24 14,
243 452 32 26 18,
293 452 32 25 19,
341 452 34 26 20,
391 453 24 20 21
433 452 32 21 till
482 452 148 27 lagutskottet.

159 583 120 27 Föredrogs
295 584 31 20 ett
341 583 198 27 protokollsutdrag
554 583 47 21 från
616 583 177 26 borgareståndet
809 583 23 21 af
841 584 40 21 den
894 584 25 21 15

90 611 79 22 dennes
193 612 108 27 angående
316 611 248 27 tacksägelseadressens
578 611 191 22 underskrifvande
785 611 23 22 af
821 612 99 27 samtliga

90 640 97 21 ståndets
202 641 123 21 ledamöter.
356 640 86 21 Hvilket
458 641 151 21 antecknades.

161 771 55 21 Herr
231 772 164 20 talmannen
407 772 132 25 meddelade,
550 772 36 21 det
597 772 6 20 i
614 771 232 22 talmanskonferensen
860 772 60 27 fråga

91 799 56 21 varit
169 806 34 14 om
226 800 58 21 tiden
299 800 32 21 för
347 800 100 21 ståndens
463 800 69 27 plena,
548 800 39 21 och
604 800 54 21 hade
674 806 48 15 man
738 802 70 19 ansett
823 800 97 27 lämpligt

90 829 34 20 att
138 828 63 26 plena
223 828 7 21 i
252 829 105 21 anseende
375 828 31 22 till
422 829 172 27 petitionstidens
610 829 134 21 förestående
759 829 78 26 utgång
853 828 67 22 borde

91 856 68 22 hållas
181 858 176 20 nästkommande
380 858 97 26 måndag,
494 858 70 26 tisdag
580 858 39 20 och
635 858 80 26 fredag,
732 858 110 20 hvaremot
857 858 64 26 plena
1116 858 1 9 |

91 885 66 27 derpå
172 885 93 27 följande
279 886 66 21 vecka
359 886 69 21 skulle
444 886 68 21 hållas
528 886 75 21 endast
618 886 70 27 tisdag
703 886 40 21 och
755 886 80 26 fredag,
845 886 28 27 på
883 886 38 22 det

90 916 34 19 att
139 914 109 22 utskotten
264 914 54 27 finge
334 914 31 21 tid
380 914 32 22 till
428 915 180 21 sammanträden.

160 1045 69 22 Sedan
245 1046 175 21 nästkommande
435 1046 87 26 plenum
539 1046 68 21 blifvit
621 1047 69 20 utsatt
705 1046 33 21 till
751 1046 118 26 måndagen
879 1046 42 21 den

92 1074 26 22 19
134 1074 85 26 dennes,
235 1074 28 21 kl.
282 1076 21 19 11
322 1074 13 21 f.
352 1081 33 19 m.,
401 1074 111 27 åtskiljdes
528 1074 85 22 ståndet
628 1074 28 21 kl.
674 1075 12 20 2
702 1080 18 15 e.
739 1080 26 15 m.

676 1130 21 17 In
709 1130 62 18 fidem:

584 1159 51 21 Carl
650 1159 50 21 Joh.
719 1159 132 27 Lindeqvist.

176 1352 163 34 Måndagen
357 1353 58 26 den
436 1353 32 26 19
486 1352 139 28 februari
643 1353 41 26 kl.
703 1353 29 26 11
753 1352 22 27 f.
793 1360 60 25 m.

160 1415 61 22 Efter
236 1415 36 22 det
287 1415 42 22 bön
344 1415 68 22 blifvit
428 1415 105 22 förrättad
549 1416 27 26 pä
591 1415 68 22 finska
672 1415 87 28 spräket
769 1415 22 22 af
800 1415 121 22 kontrakts-

90 1445 88 26 prosten
201 1444 78 21 doktor
301 1444 102 27 Granfelt,
422 1444 80 21 skedde
517 1450 83 21 upprop
615 1444 7 21 i
638 1444 69 26 vanlig
723 1444 95 26 ordning,
833 1443 89 22 hvarvid

90 1475 88 24 prosten
193 1473 93 20 Hofdahl
303 1472 32 21 för
349 1473 105 26 sjukdom,
470 1479 46 14 som
533 1473 67 20 blifvit
615 1473 70 26 styrkt
695 1479 75 20 genom
782 1473 56 20 förut
848 1472 73 22 inlem-

90 1501 53 22 nadt
159 1501 138 27 läkareintyg,
313 1501 143 21 antecknades
472 1501 70 21 säsom
558 1501 147 22 fränvarande.
