1117 1817
346 129 162 20 Presteståndet
520 132 55 17 1872.
599 132 8 16 1
620 136 61 12 mars.
861 126 42 22 215

172 210 40 22 Till
228 211 43 21 slut
293 211 93 21 anmälte
409 211 49 21 herr
480 210 165 22 talmannen
660 212 39 23 att,
715 211 49 21 med
779 211 115 26 anledning
909 212 24 21 af

102 239 41 22 den
159 239 6 21 i
181 239 74 27 lördag
277 239 116 22 infallande
415 239 186 27 åminnelsedagen
620 239 23 22 af
658 239 57 23 Hans
732 239 118 28 Kejserliga
865 239 66 28 Maje-

102 269 54 20 stäts
171 267 176 28 tronbestigning,
369 269 7 20 i
394 268 234 21 talmanskonferensen
648 266 102 23 förevårit
765 267 60 28 fråga
840 274 42 21 om,
898 269 32 21 att

102 296 90 21 stånden
214 296 68 21 skulle
304 297 78 21 samlas
403 297 32 20 till
458 296 43 21 bön
522 297 7 20 i
550 296 86 22 Nikolai
656 296 89 27 kyrkan,
765 296 109 23 hvarefter
889 297 41 22 den

102 324 109 22 allaredan
232 325 95 26 utsedde,
348 331 17 16 s.
385 325 21 21 k.
421 327 60 20 stora
500 325 158 27 deputationen,
674 325 68 21 skulle
757 325 50 27 afgå
821 325 33 22 till
869 325 60 22 Hans

103 353 110 21 Excellens
227 354 226 26 generalguvernören,
464 354 34 21 för
508 355 32 20 att
550 359 75 21 genom
636 353 60 22 Hans
707 353 112 22 Excellens
829 354 32 21 till
869 354 60 22 Hans

102 381 119 27 Kejserliga
247 381 100 28 Majestät
371 382 22 21 få
415 382 108 22 frambära
548 382 126 22 ständernas
704 382 145 27 underdåniga
871 383 58 27 lyck-

102 410 136 27 önskningar.

170 541 90 22 Ständet
275 541 102 23 ätskildes
392 542 29 21 kl.
439 542 25 21 12
481 542 29 27 1/,
525 548 18 14 e.
554 548 28 15 m.

710 603 22 18 In
744 603 58 18 fidem:

631 644 52 21 Carl
697 644 52 21 Joh.
765 644 134 29 Lindegvist.

139 859 152 34 Fredagen
313 859 58 27 den
390 860 14 26 1
423 866 82 20 mars
524 859 67 29 1872
609 860 42 27 kl.
670 860 33 33 12
721 860 168 33 middagen.

170 927 171 22 Sammanträdet
356 928 108 28 öppnades
477 928 48 22 med
535 928 42 22 bön
589 929 26 27 pä
625 928 90 22 svenska
725 928 86 28 spräket
821 928 22 22 af
850 928 77 28 kyrko-

100 955 79 23 herden
195 956 112 22 Helander.

167 1092 41 22 Vid
231 1093 93 22 anstäldt
345 1100 68 21 upprop
450 1093 143 22 antecknades
615 1094 71 21 såsom
708 1093 152 22 frånvarande:
882 1094 44 22 vice

99 1123 124 24 pastorerne
237 1122 108 27 Dahlberg
360 1122 40 21 och
415 1100 65 47 Orer,
497 1122 47 21 med
559 1122 97 21 ständets
671 1122 34 21 vid
720 1122 107 21 sisthället
841 1122 85 27 plenum

99 1149 96 22 lemnade
217 1150 102 25 tillstånd,
339 1152 86 25 prosten
441 1150 129 27 Rosengren,
587 1150 33 22 för
634 1150 136 27 opasslighet,
785 1150 39 21 och
840 1152 87 25 prosten

99 1177 100 28 Hofdahl,
215 1178 22 22 af
250 1178 57 22 förut
321 1178 97 27 angifven
434 1179 70 21 orsak.

167 1319 41 22 Till
227 1319 104 29 justering
353 1321 109 27 upplästes
484 1321 66 27 nägra
572 1320 198 28 protokollsutdrag
792 1320 33 22 för
843 1320 40 22 den
899 1321 27 22 27

99 1348 112 28 nyssvikne
226 1348 102 27 februari;
352 1349 87 22 hvarvid
454 1349 108 28 professor
576 1349 141 22 Ehrström
732 1349 145 26 tillkännagaf,
895 1351 32 20 att

98 1377 42 22 han
161 1376 50 22 ville
232 1376 75 27 frängä
328 1377 38 22 sitt
384 1377 70 22 beslut
468 1379 34 20 att
516 1377 108 22 inkomma
643 1377 49 22 med
709 1377 101 28 skriftligt
826 1377 99 27 yttrande

98 1406 8 21 i
128 1405 113 28 anledning
263 1405 22 22 af
303 1406 77 27 nädiga
395 1406 160 28 propositionen
570 1406 110 27 angäende
694 1406 115 27 bevillning
823 1405 33 22 för
872 1407 55 21 1873

99 1433 40 22 och
154 1434 121 27 päföljande
289 1435 30 21 är.

167 1491 144 27 Domprosten
321 1491 112 22 Renvall
444 1491 94 22 önskade
549 1493 33 20 att
589 1491 262 28 diskussionsprotokollet
858 1491 69 22 skulle

98 1518 74 27 åtfölja
187 1519 101 22 remissen
303 1518 21 23 ai
340 1520 41 21 den
397 1520 77 28 nådiga
489 1520 165 27 propositionen.
