1117 1817
335 130 162 18 Presteståndet
510 132 52 16 1872.
588 131 22 16 19
623 135 61 12 mars.
852 126 40 21 395

96 210 141 21 märksamhet
261 210 72 21 dervid
355 212 32 19 att
402 216 75 20 genom
495 210 113 26 intagande
624 210 22 21 af
660 210 40 20 den
717 210 22 20 af
752 210 54 26 prof.
824 210 96 26 Montgo-

96 244 69 21 merys
187 238 74 26 gjorda
285 239 134 23 reservation,
442 239 5 20 i
472 238 83 21 hvilken
576 238 37 26 jag
634 238 83 21 förenat
738 239 41 26 mig
802 239 68 21 skulle
886 239 35 20 det

94 267 117 20 allmännas
227 267 40 20 och
283 267 25 20 de
324 266 106 22 enskildas
445 267 104 21 intressen
566 266 48 21 bäst
630 266 128 27 tillgodoses.

164 323 88 21 Prosten
276 323 155 22 Durchman:
454 323 42 27 Jag
519 326 23 18 är
564 323 22 22 af
604 323 86 21 alldeles
706 330 80 14 samma
802 325 63 20 tanke
882 324 37 21 och

95 351 139 28 öfvertygelse
250 358 43 15 som
311 354 159 19 reservanterne
487 352 39 21 och
542 358 61 15 anser
618 355 32 17 att
666 353 39 20 den
721 352 22 21 af
754 352 50 21 herr
815 352 106 27 Nylander

94 380 74 26 gjorda
192 381 156 20 reservationen
371 383 24 18 är
417 381 40 20 den
480 383 58 18 rätta
560 381 38 20 och
615 381 83 26 riktiga,
715 381 46 20 med
776 381 109 26 undantag
900 381 21 21 af

94 409 41 20 den
158 409 102 26 tolkning,
281 415 45 15 som
350 409 39 21 han
413 411 38 24 gör
474 409 23 21 af
518 410 24 21 18
558 409 11 26 8
586 409 6 20 i
611 410 53 19 1772
680 409 33 20 års
730 409 168 25 regeringsform,
914 410 5 19 i

95 437 79 21 hvilket
196 437 98 22 afseende
316 438 46 21 åter
383 437 49 22 herr
448 438 148 27 Montgomery
619 438 65 26 enligt
700 437 41 21 min
758 437 55 26 åsigt
829 438 37 20 har
881 438 40 21 den

94 467 57 20 rätta
166 465 166 28 uppfattningen.

165 523 89 20 Prosten
270 523 83 26 Hjelt:
370 523 111 21 Professor
497 523 102 21 Forsman
615 523 39 21 har
667 523 46 21 med
727 523 112 26 anledning
850 523 20 21 af
881 524 39 21 den

96 551 112 21 historiska
224 553 87 24 ingress,
320 558 44 15 som
374 551 80 22 inleder
466 552 115 21 utskottets
592 552 139 24 betänkande,
743 552 56 26 gjort
810 559 24 14 en
847 553 74 26 mängd

95 580 170 26 anmärkningar.
295 580 41 27 Jag
358 580 34 21 vill
413 581 51 20 visst
481 580 18 27 ej
517 581 26 25 på
559 581 64 26 något
638 583 43 18 sätt
696 580 82 21 betvifla
796 581 124 25 riktigheten

96 607 22 22 af
133 608 53 22 dem,
203 615 47 14 men
263 609 37 26 jag
315 615 62 15 anser
393 609 41 26 mig
450 609 54 21 dock
521 609 51 20 böra
588 609 165 26 tillkävnagifva,
765 612 32 17 att
808 609 113 21 utskottets

96 636 114 22 historiska
225 637 106 27 uppgifter
347 640 36 18 äro
400 641 62 22 tagna
479 637 46 21 från
542 644 24 14 en
583 637 50 21 liten
650 637 89 27 broskyr
755 638 26 25 på
797 637 60 22 hvars
871 644 50 20 upp-

96 664 68 28 gifter,
180 667 69 19 såsom
265 666 116 26 prisbelönt
397 666 21 20 af
432 665 114 21 filosofiske
563 665 119 25 faculteten,
697 666 106 20 utskottet
812 669 69 17 ansett
891 666 30 26 sig

96 692 53 22 böra
171 693 42 21 lita.
251 694 59 21 Dock
333 694 42 25 det,
391 700 45 15 som
452 695 6 19 i
475 694 59 21 detta
551 694 118 21 hänseende
684 694 147 26 förekommer,
847 695 75 20 verkar

96 722 18 26 ej
138 723 26 25 på
187 722 70 21 saken.
288 722 77 22 Vidare
387 723 77 20 saknar
480 723 106 26 professor
602 723 101 21 Forsman
721 729 23 14 en
762 723 111 26 utredning
888 729 32 15 om

96 750 37 21 det
147 750 130 22 förhållande
300 758 44 14 som
365 752 53 26 ägde
434 758 45 14 rum
497 750 44 22 före
557 751 241 21 knektekontrakternes
813 751 107 27 ingående.

98 779 41 21 Det
152 781 24 19 är
192 780 53 20 dock
261 780 70 26 något,
347 786 44 15 som
408 780 17 26 ej
438 782 24 18 är
476 780 70 20 stått
542 775 12 35 i
562 782 114 18 utskottets
692 780 93 26 förmåga
801 782 31 18 att
847 780 74 26 lemna,

96 808 88 20 emedan
209 808 58 21 detta
289 808 131 21 förhållande
444 810 23 19 är
489 808 97 21 obekant.
619 808 34 21 Uti
674 808 26 21 de
716 808 31 20 för
763 808 104 21 utskottet
882 808 40 21 till-

97 836 97 26 gängliga
218 836 67 22 källor
307 837 130 21 förekommo
460 836 57 22 blott
532 837 75 25 utdrag
628 836 20 21 af
663 837 25 21 de
705 837 130 25 kontrakter,
852 837 69 21 hvilka

98 864 173 27 landshöfdingen
295 865 104 27 Carpelan
422 866 101 26 uppgjort
542 865 34 21 vid
592 866 26 20 de
633 868 108 20 stämmor,
757 872 45 14 som
819 866 39 20 han
875 866 47 21 med

95 893 170 21 socknemannen
282 894 60 21 hållit
357 895 23 20 år
399 895 59 20 1789.
491 894 125 21 Sedermera
631 894 99 20 tillsattes
746 900 24 14 en
788 894 133 21 kommission

97 921 6 20 i
126 922 73 26 början
224 922 20 21 af
269 923 52 20 1805
337 922 32 21 för
385 925 32 19 att
432 925 98 18 närmare
550 923 85 25 jemnka
658 922 265 26 roteringsförhållandena

98 949 6 21 i
128 949 137 23 Österbotten
289 950 37 22 och
343 951 27 21 då
385 951 85 26 gjordes
486 951 64 21 också
565 951 70 20 försök
652 951 31 21 till
699 951 54 20 vissa
769 951 153 21 öfverenskom-

98 978 77 21 melser
191 978 38 22 och
243 979 149 27 jemnkningar
409 980 45 20 med
471 980 141 20 innevånarne
628 979 6 20 i
651 980 25 20 de
692 979 158 24 ifrågavarande
866 980 56 20 trak-

97 1009 66 23 terna,
188 1014 47 14 men
256 1008 41 21 alla
320 1008 78 26 förslag
420 1008 31 20 till
474 1008 146 26 förändringar
636 1008 113 20 strandade
765 1011 57 17 emot
837 1008 85 26 konglig

97 1036 131 26 majestätets
244 1036 53 26 vilja.
328 1036 78 21 Vidare
419 1036 38 21 har
473 1036 107 26 professor
596 1036 101 21 Forsman
714 1036 97 21 anmärkt
821 1039 32 17 att
863 1036 59 21 Kuu-

96 1070 71 15 samos
191 1065 39 20 och
254 1065 133 25 Kuolajärvis
409 1065 129 21 innevånare
560 1065 82 26 åtnjuta
662 1065 120 26 lappmarks
798 1064 123 27 privilegier.

96 1092 65 21 Detta
178 1093 38 21 har
231 1093 68 21 lektor
314 1094 80 20 Jonson
411 1093 30 21 till
458 1100 26 14 en
502 1093 32 21 del
550 1093 87 25 bemött,
655 1093 96 21 hvarföre
764 1094 35 25 jag
811 1099 62 15 anser
881 1094 42 26 mig

96 1120 56 21 blott
175 1122 51 20 böra
241 1122 85 26 tillägga
342 1125 31 17 att
390 1122 30 20 till
437 1122 26 21 de
479 1122 88 26 lappska
583 1122 146 25 privilegierna
745 1122 64 20 också
824 1121 51 21 höra
891 1124 31 18 att

98 1155 47 15 man
169 1150 17 25 ej
211 1149 99 22 behöfver
325 1149 69 22 aflöna
410 1152 58 25 prest
484 1150 39 21 och
539 1149 62 21 likväl
619 1150 70 21 betala
705 1150 40 21 alla
763 1150 59 21 dessa
838 1150 83 21 innevä-

97 1183 57 16 nare.
186 1178 74 21 Dertill
276 1179 39 20 hör
331 1179 60 20 äfven
407 1179 64 20 frihet
487 1178 45 21 från
549 1178 144 27 skyldigheter
708 1182 31 17 att
755 1178 70 21 betala
837 1185 85 19 person-

97 1206 42 27 liga
154 1207 115 26 utskylder.
301 1207 119 21 Ständerna
436 1207 32 20 vid
490 1207 52 21 1863
558 1207 34 20 års
609 1207 100 26 landtdag
720 1207 61 20 hafva
792 1206 61 21 likväl
865 1207 58 26 ålagt

97 1235 156 21 innevånarena
275 1236 6 20 i
305 1236 115 24 Kuusamo,
444 1235 122 26 Kuolajärvi
589 1236 38 20 och
651 1235 119 21 Kemiträsk
787 1235 89 21 socknar
891 1237 31 18 att

97 1263 70 21 betala
184 1264 60 21 dessa
260 1265 38 20 och
315 1264 60 21 häraf
389 1264 94 26 framgår
499 1267 31 18 att
546 1264 25 21 de
587 1263 31 21 till
635 1270 26 15 en
677 1267 44 18 stor
738 1263 31 21 del
787 1264 44 21 icke
847 1266 38 23 äga
897 1263 25 21 de

96 1291 131 26 rättigheter,
254 1299 44 14 som
325 1295 74 24 utgöra
423 1293 25 20 de
471 1293 24 20 sä
519 1292 81 21 kallade
624 1293 121 26 lappmarks
770 1292 151 27 privilegierna.

97 1320 61 21 Hvad
174 1321 70 20 vidare
259 1321 72 26 sjelfva
347 1321 144 21 hufvudsaken
508 1321 136 26 vidkommer,
656 1321 37 26 går
709 1321 40 20 den
765 1321 21 20 af
800 1320 122 27 regeringen

96 1348 124 22 framstälda
241 1350 130 26 proposition
389 1352 32 18 att
436 1349 114 22 ständerna
567 1350 65 20 måtte
648 1349 136 21 sanktionera
800 1352 30 18 ett
845 1349 76 20 förhål-

97 1377 68 26 lande,
188 1384 45 15 som
255 1381 44 18 mot
314 1385 28 14 nu
357 1378 97 27 gällande
470 1378 35 26 lag
521 1378 38 21 och
575 1378 150 26 förutsättning
741 1378 85 21 inträdt.
857 1377 65 27 Rege-

96 1406 74 26 ringen
187 1406 38 21 har
240 1407 103 26 nemligea
360 1410 49 17 utan
424 1409 32 18 att
472 1406 69 21 dertill
554 1413 48 14 vara
615 1405 125 27 berättigad,
752 1406 99 27 fräntagit
862 1406 61 21 dessa

98 1435 92 20 trakters
210 1436 127 20 innevänare
357 1441 25 14 en
399 1435 33 21 del
448 1435 20 21 af
484 1435 40 20 den
540 1435 66 24 mark,
622 1441 45 15 som
684 1435 46 20 dem
747 1435 65 26 enligt
827 1434 95 26 gällande

98 1463 211 22 öfverenskommelse
325 1463 78 21 tillhör.
434 1464 66 21 Detta
516 1463 130 21 förhållande
658 1463 40 20 kan
710 1463 98 26 möjligen
819 1463 104 21 försvaras

96 1491 128 27 derigenom,
241 1495 32 18 att
288 1493 35 20 det
339 1499 36 14 var
391 1492 87 21 alldeles
495 1492 128 26 nödvändigt
639 1494 32 19 att
681 1493 22 20 åt
714 1494 69 19 staten
795 1491 76 22 bevara
883 1491 39 21 den

98 1521 95 21 rikedom
217 1521 26 26 på
267 1521 58 26 skog,
349 1527 46 14 som
418 1521 6 20 i
450 1520 62 21 dessa
528 1521 82 20 trakter
625 1520 65 21 finnes
706 1520 39 21 och
762 1520 70 21 hvilka
847 1520 76 25 skogar
