1117 1817
237 138 42 21 508
458 142 160 18 Presteståndet
632 143 54 17 1872.
711 143 13 16 3
737 142 61 21 april.

208 228 45 15 som
275 222 36 21 der
327 224 36 19 äro
379 222 101 26 uttalade,
497 228 45 15 som
555 222 37 26 jag
606 222 40 21 har
661 222 91 27 nödgats
767 227 110 16 reservera
893 222 41 26 mig
949 222 6 21 i
971 221 65 22 allde-

209 251 30 21 les
261 253 88 19 motsatt
371 251 83 26 rikning
476 252 44 20 mot
543 250 59 21 detta
618 250 140 21 betänkande.
789 249 112 22 Utskottet
916 249 120 22 framhåller

209 279 31 22 uti
255 279 46 22 sina
316 279 89 22 motiver
420 279 64 21 bland
500 281 70 24 annat,
586 281 32 19 att
634 279 65 27 enligt
714 279 11 27 $
741 279 43 21 267
800 279 6 20 i
823 279 127 26 kyrkolagen
966 280 24 19 är
1000 278 36 21 det

209 308 77 21 minsta
309 308 52 21 mått
383 307 22 22 af
426 308 126 25 kunskaper,
576 313 44 16 som
636 307 82 22 fordras
734 307 23 21 af
771 307 94 22 sökande
880 307 32 21 till
927 307 109 22 klockare-

209 336 89 26 tjenster
317 336 7 21 i
339 335 72 22 landet
425 336 111 21 inskränkt
552 336 31 21 till
599 336 58 26 redig
673 335 148 27 innanläsning
835 335 7 22 i
858 336 49 26 bok,
922 336 62 21 säker
996 335 39 22 och

209 364 67 27 tydlig
298 364 98 24 handstil,
419 365 118 21 kännedom
561 365 6 20 i
583 364 156 21 räknekonsten
755 364 24 21 af
793 365 64 20 minst
872 364 25 21 de
913 364 45 27 fyra
973 364 63 21 enkla

209 393 144 25 räknesätten,
376 393 124 26 förgätande
522 395 38 21 att,
579 393 3 20 i
598 393 12 27 $
626 394 41 20 269
683 393 21 21 af
719 393 47 21 dem
783 393 106 21 erfordras
902 393 77 26 jemväl
995 393 41 21 den

209 421 65 27 insigt
296 422 7 20 i
326 421 207 27 kristendomsläran,
548 427 45 16 som
609 423 24 20 är
648 421 22 22 af
684 422 69 21 nöden
769 421 33 22 för
817 424 32 19 att
865 421 44 21 deri
925 422 22 21 åt
962 421 74 21 allmo-

209 456 52 21 gens
287 450 51 21 barn
361 450 71 21 kunna
455 450 97 21 meddela
574 450 40 21 den
636 450 66 21 första
722 450 187 26 undervisningen;
936 450 39 21 och
989 455 46 16 som

209 479 100 26 samtliga
324 479 61 21 dessa
399 479 145 21 förstnämnde
559 481 76 18 ämnen
651 479 49 26 ingå
715 479 5 20 i
736 479 79 21 kursen
831 479 34 20 vid
875 478 84 22 landets
971 478 66 27 högre

210 506 123 27 folkskolor,
357 508 24 21 så
403 507 66 22 borde
492 507 96 26 kunskap
604 507 5 20 i
626 507 106 22 desamma
745 507 80 27 jemväl
840 507 71 21 kunna
926 507 6 20 i
948 507 89 21 berörde

210 535 72 22 skolor
304 535 110 22 inhemtas.
444 535 40 27 Jag
507 537 34 19 vet
564 536 17 25 ej
604 535 54 22 huru
678 535 36 27 jag
736 542 43 20 nog
801 535 54 22 skall
881 535 94 22 beundra
997 535 40 22 den

211 564 84 25 naivité,
313 565 46 20 med
375 564 83 21 hvilken
475 564 105 21 utskottet
595 564 154 21 sammanställt
766 571 26 14 en
803 564 129 27 pedagogisk
943 564 95 26 förmåga

211 593 48 20 med
283 593 74 21 endast
379 593 128 21 elementära
529 593 93 26 insigter.
650 593 41 26 Jag
713 593 39 20 har
775 593 17 26 ej
816 595 56 19 ännu
893 593 53 20 varit
961 592 77 27 lycklig

211 627 42 20 nog
275 624 32 18 att
329 627 22 15 se
374 628 25 15 en
424 623 64 24 högre
508 621 106 21 folkskola
628 622 6 19 i
651 622 46 20 vårt
712 622 50 21 land
779 621 141 26 organiserad,
937 621 37 21 der
989 627 48 15 man

212 649 108 22 meddelar
335 650 123 21 seminarisk
474 650 156 26 undervisning,
644 650 36 21 der
696 656 47 15 man
757 650 94 21 utbildar
861 649 78 26 lärare;
953 650 36 26 jag
999 649 39 22 har

211 677 76 22 hittills
306 678 3 20 i
325 679 46 20 dem
388 680 53 19 trott
457 679 41 25 mig
514 684 22 14 se
552 678 75 21 endast
642 678 182 22 folkskoleelever.
847 678 34 21 Då
891 684 48 15 man
950 678 88 21 sålunda

211 706 39 25 går
272 706 52 21 fram
347 706 6 21 i
375 707 32 20 sin
428 706 131 26 motivering,
576 707 40 20 kan
633 713 48 14 man
697 707 84 26 mycket
796 706 41 21 lätt
851 706 85 21 komma
952 706 85 25 derhän,

212 737 32 18 att
260 741 47 14 man
323 741 68 19 anser,
407 735 35 21 det
458 735 45 21 icke
520 734 99 22 behöfves
632 735 32 20 för
674 735 100 21 klockare
787 734 40 22 och
840 735 117 25 organister
970 736 68 25 någon

213 768 68 16 annan
305 763 147 27 undervisning
475 766 26 18 än
517 763 6 21 i
540 763 67 21 musik
624 763 38 21 och
678 764 57 26 sång.
767 763 77 21 Derför
859 763 60 21 heter
935 763 34 21 det
984 764 7 20 i
1006 766 32 18 ut-

213 791 223 22 skottsbetänkandets
458 792 43 21 slut
524 794 45 22 ,att
585 792 82 21 landets
682 792 88 21 ständer
786 792 48 21 ville
852 792 3 20 i
871 792 168 26 underdänighet

213 820 84 20 anmäla
319 823 32 18 att
373 820 113 22 ständerna
508 820 33 21 för
562 820 32 21 sin
618 820 34 21 del
671 820 56 21 finna
743 827 26 15 en
785 820 66 22 sådan
867 820 125 22 läroanstalt
1006 820 33 21 för

213 848 105 22 blifvande
341 848 109 22 klockares
474 849 39 21 och
536 850 129 25 organisters
683 849 126 26 utbildning,
825 855 44 15 som
886 848 6 22 i
909 849 39 21 den
964 848 75 27 nådiga

213 877 158 26 propositionen
395 877 125 26 föreslagits,
543 878 45 20 icke
611 884 50 15 vara
682 878 21 20 af
718 877 99 21 behofvet
832 877 105 27 påkallad,
953 878 39 20 och
1007 879 33 19 att

213 906 121 24 ständerna,
355 906 99 21 ehuruväl
471 906 26 21 de
513 906 93 21 erkänna
622 906 183 26 nödvändigheten
821 906 65 26 deraf,
903 909 30 18 att
949 906 90 21 nämnde

213 940 102 20 personer
331 934 86 22 beredes
432 934 82 21 tillfälle
530 937 32 18 att
577 934 80 22 erhålla
672 935 63 25 nödig
750 934 151 27 undervisning
916 934 6 21 i
937 935 52 25 sång
1000 934 39 22 och

213 962 76 25 musik,
304 962 63 22 likväl
382 963 46 21 icke
444 969 50 15 anse
510 963 68 21 denna
593 963 149 26 undervisning
759 963 62 21 hafva
837 964 64 20 sådan
912 963 127 27 gemenskap

214 990 49 22 med
285 990 209 27 folkskoleväsendet,
518 994 32 18 att
571 992 67 20 medel
662 991 69 22 dertill
754 992 67 21 borde
837 998 74 18 genom
927 991 113 27 bevillning

214 1020 201 26 sammanbringas*.
445 1020 41 26 Jag
502 1020 37 20 har
554 1020 49 21 sökt
618 1022 32 19 att
665 1020 6 21 i
687 1021 41 20 min
745 1020 129 22 reservation
888 1020 110 21 framhålla
1008 1022 32 19 att

214 1047 46 21 icke
283 1048 76 21 endast
381 1048 281 27 religionsundervisningen,
688 1051 50 19 utan
761 1049 65 21 också
844 1048 195 27 undervisningen
1028 1043 15 37 i

214 1077 53 25 sång
282 1078 23 19 är
321 1083 119 20 gemensam
457 1078 31 20 för
504 1077 119 21 folkskolan
639 1078 39 20 och
694 1077 261 21 klockareverksamheten
972 1077 5 21 i
994 1078 46 20 vårt

214 1104 57 22 land.
301 1105 77 21 Derför
400 1106 38 20 har
458 1106 35 26 jag
517 1108 53 18 trott
592 1109 32 17 att
647 1112 48 15 man
713 1106 66 20 borde
795 1106 71 21 kunna
882 1106 110 25 medgifva,
1008 1108 32 18 att

215 1133 68 20 denna
305 1134 23 20 så
350 1134 40 21 lätt
413 1134 104 26 afspisade
532 1134 165 27 klockarefråga,
713 1135 44 20 står
772 1134 7 21 i
795 1137 32 18 ett
841 1137 77 24 ytterst
933 1136 50 19 nära
998 1134 42 21 för-

215 1161 99 22 hållande
329 1161 32 22 till
377 1162 280 27 folkskoleundervisningen
674 1163 5 20 i
696 1163 46 20 vårt
757 1163 56 20 land.
844 1162 41 27 Jag
900 1162 34 21 vill
948 1162 92 27 tillägga,

215 1193 32 18 att
269 1190 26 21 då
310 1191 105 21 utskottet
429 1191 6 20 i
451 1191 37 21 sitt
504 1191 134 21 betänkande
652 1191 98 26 slutligen
767 1191 98 21 hänvisar
881 1191 113 21 ständerna
1009 1191 31 20 till

216 1218 35 21 det
269 1219 62 26 hopp,
347 1222 32 18 att
395 1225 23 15 ur
434 1219 112 26 allmänna,
562 1219 32 21 för
610 1219 145 22 kleresistaten
773 1220 67 21 under
855 1221 42 20 5:te
913 1219 60 21 titeln
991 1226 50 20 upp-

215 1249 64 24 tagna
295 1247 74 24 medel,
386 1248 25 21 de
427 1247 74 25 medel,
517 1254 45 15 som
578 1247 32 21 för
626 1248 68 21 denna
709 1248 186 26 bildningsanstalt
911 1254 49 15 vore
975 1248 66 21 erfor-

215 1275 81 26 derliga
317 1276 68 21 skulle
408 1276 98 25 erhållas,
526 1277 106 20 utskottet
646 1277 134 26 sannerligen
797 1277 39 20 här
847 1276 82 21 förfarit
943 1276 43 21 lika
1002 1277 39 20 lätt

215 1310 45 15 som
284 1304 5 20 i
313 1303 38 22 allt
366 1305 67 26 öfrigt.
465 1305 67 21 Kasta
548 1305 19 20 vi
583 1305 104 26 nemligen
703 1311 25 15 en
744 1305 57 21 blick
816 1305 27 26 på
859 1305 61 21 dessa
935 1305 107 21 allmänna

216 1333 74 24 medel,
313 1339 45 14 som
377 1333 67 21 under
458 1335 43 19 5:te
517 1333 141 21 hufvudtiteln
674 1336 109 24 upptagas,
799 1334 24 21 så
838 1340 23 15 se
876 1333 19 21 vi
911 1336 31 19 att
957 1334 85 21 kleresi-

215 1363 81 19 statens
317 1361 73 27 anslag
405 1362 75 21 endast
496 1363 76 24 utgöra
588 1362 91 26 313,414
695 1363 66 25 mark,
778 1362 32 21 till
827 1362 90 26 kyrkors
932 1361 110 22 underhåll

215 1389 78 25 52,775
316 1391 67 24 mark,
407 1396 46 15 men
477 1390 96 21 deremot
596 1390 30 21 till
650 1390 97 21 läroverk
770 1390 40 21 och
833 1390 64 21 bland
919 1391 47 21 dem
989 1391 54 20 först

215 1417 130 22 Alexanders
362 1418 145 21 universitetet
518 1419 91 25 448,945
620 1419 66 25 mark,
698 1419 30 21 till
740 1419 115 26 vetenskap
867 1419 39 21 och
916 1419 51 22 skön
980 1419 63 21 konst

216 1447 79 25 30,000
317 1447 66 25 mark,
402 1447 31 20 till
449 1447 161 27 öfverstyrelsen
626 1447 33 21 för
674 1447 149 22 skolväsendet
839 1448 83 24 23,400,
939 1447 30 21 till
984 1453 59 21 gym-

215 1475 53 21 nasii
292 1475 39 21 och
353 1475 117 21 skolstaten
494 1476 92 24 858,126
610 1476 65 25 mark,
698 1475 33 22 till
753 1475 176 22 läroanstalterne
952 1475 32 21 för
1000 1475 42 22 döf-

215 1506 92 19 stumma
328 1504 84 25 27,320,
428 1503 31 22 till
475 1503 141 27 provisionela
631 1504 165 21 blindanstalten
813 1505 5 20 i
835 1504 130 27 Helsingfors
980 1505 63 25 8,000

216 1532 66 26 mark,
291 1531 32 22 till
331 1532 104 21 särskilda
443 1532 189 27 skolinrättningar
644 1533 75 26 12,317
733 1533 38 21 och
783 1532 99 27 slutligen
890 1533 31 21 till
930 1532 114 22 Siitoinska
