1117 1817
229 130 42 23 276
429 134 161 20 Presteståndet
603 136 54 17 1872.
686 136 13 16 9
711 140 63 12 mars.

202 214 77 27 nådiga
301 214 130 27 proposition
455 221 34 14 om
512 214 124 27 förändring
657 215 23 22 af
692 216 98 26 grunden
812 215 32 22 för
863 215 166 28 tolagsafgiftens

202 242 143 23 beräknande.

271 299 122 22 Bordlades.

271 442 121 27 Föredrogs
407 449 26 14 en
448 441 108 22 skrifvelse
572 441 46 22 från
635 442 164 23 bankutskottet
810 442 22 22 af
841 443 40 21 den
891 443 28 20 22
929 443 101 22 sistvikne

202 470 93 21 februari
309 471 66 26 jemte
390 471 85 26 bilagda
490 470 132 27 handlingar,
638 471 90 21 rörande
744 471 43 22 viss
803 471 90 27 lindring
912 471 6 21 i
935 471 94 22 vilkoren

203 498 32 22 för
257 499 157 27 återbetalning
437 499 21 21 af
480 501 30 19 ett
531 499 234 27 Hypoteksföreningen
789 506 26 15 ur
837 499 102 22 Finlands
962 499 67 22 banks

202 527 107 27 primitiva
325 527 50 22 fond
390 527 101 27 beviljadt
506 527 41 26 lån,
564 530 55 19 stort
634 529 92 24 600,000
742 528 68 22 mark.
883 541 3 4 N

270 584 123 22 Bordlades.

271 738 120 26 Föredrogs
401 734 12 35 :
415 738 112 21 Allmänna
549 738 208 22 Besvärsutskottets
779 739 108 21 skrifvelse
911 739 22 21 af
956 739 39 22 den
1016 740 13 21 8

203 766 86 26 dennes,
305 767 24 21 sä
343 766 99 28 lydande:

257 862 98 26 FINLANDS
371 858 108 30 STÄNDERS

279 904 3 6 i
402 904 8 6 =
655 886 41 22 Till
711 886 136 28 Högvördiga
863 887 165 21 Presteståndet.

214 904 111 32 ALLMÄNNA
338 900 4 48 =
349 909 184 27 BESVÄRSUTSKOTT.

271 983 70 22 Jemte
367 984 195 26 protokollsutdrag
583 984 33 21 för
638 984 40 21 den
702 984 26 20 13
748 983 111 21 nästvikne
874 983 102 21 Februari
991 983 39 22 har

203 1012 114 21 Allmänna
331 1012 198 22 Besvärsutskottet
544 1012 40 22 fätt
600 1014 108 26 emottaga
723 1014 32 19 ett
770 1012 39 21 hos
825 1012 135 26 Högvördige
979 1012 50 22 Pre-

203 1040 118 22 steständet
341 1040 22 22 af
378 1041 54 21 Herr
454 1041 44 21 vice
521 1043 72 25 pastor
616 1036 58 26 Öller
690 1040 113 22 framställt
819 1040 210 27 petitionsmemorial

203 1069 109 26 angäende
334 1069 119 27 lagbunden
472 1069 136 27 tryckfrihets
623 1069 116 25 införande,
756 1069 39 21 och
811 1075 45 15 som
871 1068 46 22 frän
933 1069 96 27 samtlige

203 1097 66 27 öfrige
291 1097 94 22 Ständen
407 1098 179 26 petitionsförslag
600 1098 7 20 i
623 1098 110 21 enahanda
749 1097 54 27 syfte
819 1097 67 21 blifvit
901 1097 32 21 till
949 1098 80 21 utskot-

203 1128 31 18 tet
249 1126 163 25 öfverlemnade,
428 1126 39 21 har
489 1126 105 21 utskottet
610 1128 70 19 ansett
696 1126 31 26 sig
742 1126 53 21 böra
810 1126 6 20 i
832 1128 31 19 ett
878 1126 152 27 sammanhang

203 1153 120 27 handlägga
339 1154 41 21 alla
397 1155 59 20 dessa
472 1154 216 27 petitionsmemorial.

272 1182 81 22 Härvid
377 1183 38 21 har
437 1183 105 21 utskottet
564 1183 76 24 funnit,
662 1183 18 26 ej
705 1183 81 21 mindre
801 1185 33 18 att
849 1182 97 27 samtlige
961 1182 68 22 förbe-

203 1211 63 21 rörde
281 1211 185 26 petitionsförslag,
481 1210 36 22 om
533 1211 39 21 ock
587 1213 28 25 pä
630 1211 58 22 olika
705 1213 44 19 sätt
760 1211 144 21 motiverande
913 1211 45 21 sina
967 1211 61 21 fram-

203 1239 132 27 ställningar,
358 1240 63 21 likväl
448 1239 73 22 utlätit
542 1240 31 26 sig
596 1241 6 20 i
629 1240 148 21 hufvudsaken
801 1239 228 23 öfverensstämmande

203 1267 48 22 med
273 1268 126 25 hvarandra,
420 1269 6 20 i
442 1269 36 20 det
494 1268 26 21 de
535 1268 48 26 alla,
599 1268 153 21 framhällande
768 1269 37 20 det
820 1267 67 22 finska
902 1268 76 21 folkets
994 1275 35 15 en-

202 1295 79 28 hälliga
304 1297 81 21 önskan
408 1299 31 19 att
462 1296 124 27 tryckfrihet
608 1297 68 21 blefve
698 1297 6 20 i
727 1297 73 21 landet
815 1296 68 21 införd
900 1297 38 20 och
953 1303 76 20 genom

203 1324 78 21 allmän
297 1325 34 26 lag
347 1325 121 27 betryggad,
484 1325 78 22 föreslä
577 1325 132 27 underdänig
724 1325 89 27 petition
830 1325 79 24 derom,
925 1327 32 19 att
970 1325 59 22 Hans

202 1353 119 27 Kejserliga
345 1353 99 27 Majestät
465 1354 7 20 i
495 1353 65 22 näder
582 1354 49 21 ville
654 1354 43 21 läta
720 1354 66 21 redan
809 1353 32 21 för
860 1360 27 14 nu
903 1353 127 23 församlade

203 1381 92 22 Ständer
316 1382 33 21 till
371 1382 129 27 granskning
522 1382 39 21 och
582 1383 120 26 antagande
717 1381 117 28 framlägga
849 1382 132 27 proposition
996 1384 33 19 rö-

202 1409 67 22 rande
292 1410 171 27 tryckfrihetslag
478 1410 32 21 för
526 1410 204 22 Storfurstendömet
745 1410 96 26 Finland,
858 1409 89 22 affattad
962 1410 6 21 i
983 1411 47 21 huf-

203 1438 110 27 vudsaklig
330 1439 217 21 öfverensstämmelse
563 1439 48 21 med
627 1439 83 26 Nädiga
725 1438 150 27 förordningen
891 1439 40 21 den
949 1439 25 20 18
986 1439 43 22 Juli

205 1467 54 21 1865
283 1467 108 27 angående
414 1467 125 28 tryckfrihet
561 1467 7 21 i
589 1467 73 22 landet
678 1467 39 22 och
732 1467 95 22 vilkoren
843 1467 32 21 för
891 1467 47 21 dess
954 1467 76 28 begyn-

202 1495 76 28 nande,
301 1498 27 19 än
352 1496 45 26 ock,
420 1498 32 19 att
474 1496 80 21 enhvar
575 1496 22 21 af
611 1496 27 21 de
653 1495 120 28 föreslagna
787 1495 145 27 underdäniga
947 1496 82 27 petitio-

203 1529 66 17 nerna
284 1524 108 22 allaredan
409 1524 68 22 blifvit
492 1524 22 21 af
528 1525 36 21 det
579 1525 70 25 ständ,
666 1525 37 21 hos
719 1524 86 22 hvilken
816 1524 40 21 den
869 1524 79 27 väckts,
960 1525 69 22 säsom
