1117 1817
205 123 44 35 220
425 131 162 18 Presteståndet
598 132 56 17 1872.
679 132 9 16 1
699 135 62 13 mars.

177 210 65 28 nådig
262 211 132 27 proposition
409 210 110 28 angående
534 210 160 22 skolväsendets
709 210 110 21 ordnande
834 210 68 22 måtte
917 209 91 28 föreläg-

174 234 42 37 gas
221 239 131 28 ständerna,
368 239 132 22 remitterats
514 238 33 22 till
562 238 107 22 allmänna
684 238 201 27 besvärsutskottet;

249 370 20 27 3)
292 369 33 22 för
345 376 82 15 samma
449 369 47 27 dag,
514 369 158 27 innehållande,
688 371 32 21 att
734 369 51 22 herr
800 369 83 28 Arppes
899 369 108 28 petitions-

179 398 118 26 memorial,
319 398 109 27 angående
442 397 130 28 statsanslag
587 398 32 21 till
634 398 123 27 geologiska
772 398 182 26 undersökningar
969 397 39 22 och

179 429 32 20 ett
226 426 119 28 geologiskt
359 427 121 24 karteverk,
494 427 131 22 remitterats
640 427 33 21 till
688 426 107 23 allmänna
805 426 203 27 besvärsutskottet;

249 558 22 27 4)
291 559 33 20 för
345 564 81 15 samma
444 558 47 27 dag,
506 557 77 22 hvaraf
596 557 137 28 inhemtades,
749 559 34 20 att
798 557 32 22 till
846 557 162 22 bankutskottet

181 586 150 22 öfverlemnats
353 588 32 20 att
407 586 119 22 bestämma
548 588 98 23 rummet,
668 586 84 22 hvarest
768 586 131 27 ritningarna
914 586 32 22 till
961 588 47 26 nytt

181 614 98 22 bankhus
301 615 66 21 borde
384 614 34 22 för
432 615 96 21 ständets
544 615 137 21 medlemmar
696 615 68 21 hällas
779 615 131 27 tillgängliga
925 614 32 22 till
972 615 36 27 pä-

180 643 85 26 seende,
288 643 107 22 äfvensom
417 645 32 20 att
472 645 81 20 utsätta
574 643 63 27 tiden,
654 644 67 21 under
735 643 86 22 hvilken
836 645 91 20 rummet
942 643 68 22 borde

181 678 51 16 vara
247 671 33 22 för
295 671 122 22 ändamälet
432 673 79 26 öppen;

250 797 21 26 5)
293 796 32 22 för
348 796 40 22 den
413 798 24 20 16
452 796 100 26 februari,
568 796 110 22 utvisande
694 799 31 19 att
739 796 130 22 berättelsen
885 802 34 16 om
935 796 74 28 styrel-

181 831 49 16 sens
253 825 140 27 tillgöranden
415 825 6 21 i
444 825 113 27 anledning
579 825 23 21 af
623 825 25 21 de
668 825 34 21 vid
717 827 85 19 senaste
817 825 102 27 landtdag
933 824 76 28 gjorda

181 853 179 27 framställningar
382 860 35 15 om
431 849 286 36 lagmanstingsgästningens
732 849 107 36 utgående
855 854 39 21 och
909 853 98 22 framtida

182 882 139 22 användande
336 882 130 22 remitterats
482 882 32 21 till
526 882 150 26 lagutskottet;

253 1002 20 26 6)
296 1001 31 22 för
343 1001 40 23 den
400 1002 26 21 19
440 1001 100 27 februari,
557 1002 48 21 med
620 1001 203 27 tillkännagifvande
837 1000 22 23 af
873 1000 50 22 herr
937 1001 73 21 Järne-

182 1030 49 22 felts
255 1030 217 27 petitionsmemorial,
499 1030 109 27 angående
630 1030 148 22 bibehållande
801 1029 22 22 af
843 1029 169 22 normalskolans

183 1058 69 22 finska
274 1058 105 27 afdelning
401 1058 7 21 i
429 1058 139 27 Helsingfors,
583 1058 69 22 blifvit
666 1058 125 22 remitterad
806 1058 32 22 till
853 1058 106 21 allmänna
974 1058 36 22 be-

183 1087 176 26 svärsutskottet;

252 1218 25 21 B.
293 1217 46 22 från
354 1217 132 22 hedervärda
500 1218 166 21 bondeståndet:

255 1275 19 26 1)
296 1274 33 21 för
347 1274 40 21 den
403 1275 26 21 23
444 1274 101 25 februari,
561 1275 48 21 med
624 1274 202 27 tillkännagifvande
841 1275 33 20 att
888 1273 123 28 landtdags-

184 1309 91 16 mannen
289 1303 124 22 Pettersons
428 1303 218 27 petitionsmemorial,
662 1303 108 26 angående
781 1302 128 22 förändrade
919 1303 93 26 grunder

185 1331 32 24 för
238 1331 208 27 räntepersedlarnes
467 1331 137 27 omsättning,
627 1331 69 23 blifvit
717 1331 126 22 remitterad
857 1331 34 22 till
906 1331 107 22 allmänna

184 1359 193 23 besvärsutskottet
382 1366 5 19 ;

253 1491 21 26 2)
297 1490 32 22 för
351 1497 81 17 samma
447 1491 47 26 dag,
510 1490 49 23 med
574 1490 155 23 underrättelse
745 1489 81 27 derom,
841 1491 33 20 att
889 1489 123 27 landtdags-

184 1525 91 18 mannen
291 1519 215 28 Idänpää-Heikkiläs
521 1519 97 27 petition,
634 1519 109 27 angående
758 1518 150 23 bibehållande
923 1517 39 24 och
977 1519 35 22 ut-
