1117 1817
218 132 43 22 260
438 135 162 19 Presteståndet
611 136 55 17 1872.
685 135 12 18 7
708 138 64 14 mars.

191 217 44 22 deri
259 223 62 15 anser
341 217 36 26 jag
399 218 32 19 ett
446 216 124 26 tillräckligt
588 215 47 22 skäl
650 215 55 27 ligga
720 214 35 22 för
769 214 158 27 presteståndet
942 215 32 20 att
988 213 30 22 af-

190 245 57 28 gifva
269 247 32 20 ett
321 245 92 26 jakande
435 251 49 14 svar
498 245 28 26 pä
542 244 40 21 den
598 243 113 27 förfrågan,
727 249 46 15 som
789 243 229 31 komimunalutskottet

189 274 41 21 har
252 274 51 21 stält
325 273 31 22 till
377 273 165 27 presteståndet,
564 279 34 15 om
623 273 19 26 ej
658 272 45 21 skäl
719 271 70 22 skulle
803 271 120 24 förefinnas,
939 273 32 20 att
985 270 32 22 till

190 302 60 23 Hans
267 302 98 26 Majestät
380 302 48 26 ingå
444 301 47 22 med
507 307 26 15 en
548 301 131 26 underdånig
694 300 89 27 petition
801 300 82 21 derom:
900 317 5 8 ,
906 300 44 25 det
960 299 58 21 täck-

188 333 35 19 tes
239 331 60 21 Hans
314 330 101 27 Majestät
429 330 65 21 redan
510 329 32 22 för
557 336 29 15 nu
600 329 127 22 församlade
743 329 87 21 ständer
838 328 108 27 förelägga
956 327 62 28 nådig

187 359 136 28 proposition
346 365 34 16 om
404 358 148 29 upphäfvande
574 358 22 21 af
617 359 26 21 de
659 358 36 21 det
710 357 132 28 högvördiga
857 356 161 28 presteständet,

190 394 77 21 genom
291 388 54 25 7:de,
369 388 60 22 10:de
452 387 40 23 och
513 388 56 21 12:te
592 387 140 27 punkterna
721 381 13 38 i
749 387 26 20 de
791 385 32 22 för
839 386 36 21 det
890 385 128 27 högvördiga

191 417 86 21 ständet
302 417 39 21 den
368 418 25 20 16
420 416 96 22 Oktober
543 417 53 22 1723
619 415 57 29 gifna
691 415 155 28 privilegierna,
863 413 155 25 tillförsäkrade

191 445 271 27 undantagsförmänerna*.
493 445 49 22 Men
562 445 38 28 jag
622 452 62 15 anser
707 445 62 22 äfven
785 445 68 22 andra
868 445 46 22 skäl
929 445 42 22 tala
986 444 33 22 för

190 473 119 28 ofgifvande
325 474 22 22 af
361 476 30 20 ett
403 474 94 27 jakande
512 481 48 14 svar
575 475 27 26 pä
618 475 68 21 denna
704 475 118 20 utskottets
837 474 113 27 förfrågan.
980 473 38 22 Ut-

191 502 82 22 skottet
294 503 40 22 har
355 503 6 21 i
384 503 31 21 sin
431 502 109 22 skrifvelse
556 503 98 27 påpekat,
672 503 100 21 hurusom
789 503 25 21 de
829 503 6 20 i
851 503 92 21 nämnda
957 509 61 20 para-

191 531 70 27 grafer
279 532 6 21 i
308 534 120 25 presternes
452 531 120 27 privilegier
594 532 105 21 omtalade
714 531 129 27 rättigheter
859 531 38 22 och
913 531 105 22 förmäner

192 560 119 27 egentligen
334 560 56 27 gälla
413 560 74 21 endast
512 560 32 21 för
560 567 24 14 en
601 561 33 20 del
651 561 21 20 af
692 560 159 27 presterskapet
867 563 56 18 samt
938 559 80 22 ridder-

191 589 76 26 skapet
283 589 39 21 och
338 589 68 25 adeln,
423 595 46 14 men
485 589 18 26 ej
520 589 32 20 för
567 589 42 21 alla
625 589 47 21 dess
688 589 144 25 medlemmar,
848 595 45 14 som
910 589 41 20 boi
964 588 53 21 stad.

191 617 112 22 Utskottet
326 617 39 21 har
387 617 103 26 nemligen
514 617 60 26 visat,
592 620 33 19 att
641 617 40 21 den
696 617 103 26 rättighet
815 617 38 20 och
869 617 87 24 förmän,
973 623 43 14 som

191 646 127 27 gärdsegare
341 645 22 22 af
383 645 97 22 bemälda
503 646 61 21 ständ
588 646 6 21 i
616 646 56 21 kraft
687 645 22 22 af
723 645 161 27 ifrägavarande
900 645 118 27 privilegier

191 674 90 27 åtnjuta,
303 674 33 21 för
358 674 25 21 de
405 674 143 25 medlemmar,
564 680 45 15 som
626 674 45 21 icke
686 680 39 20 ega
740 674 86 26 gårdar,
841 675 91 19 tvärtom
949 676 24 18 är
988 675 30 19 ett

192 708 60 21 onus,
276 702 88 22 emedan
387 702 26 21 de
432 702 121 26 derigenom
569 703 85 21 komma
669 704 32 19 att
716 702 65 21 blifva
796 704 75 25 tyngre
887 702 130 26 beskattade,

191 731 68 21 under
275 731 36 21 det
327 731 25 21 de
368 730 54 22 förre
438 733 37 19 äro
491 731 90 25 fritagne
597 731 45 21 frän
658 731 42 21 alla
715 730 111 28 utskylder
841 730 32 21 till
884 730 133 21 kommunen.

192 759 42 21 Det
249 762 24 18 är
296 760 89 21 sälunda
403 759 26 21 de
444 759 141 27 förmögnare,
601 766 45 14 som
663 759 64 21 blifva
743 758 90 27 fritagne
848 758 46 22 frän
911 758 107 28 utskylder

192 787 39 21 och
255 788 25 21 de
295 788 105 26 fattigare,
417 794 44 15 som
478 788 91 21 drabbas
585 788 22 21 af
620 788 60 21 desto
696 788 66 26 högre
778 788 86 20 sädana.
895 787 49 21 Men
959 789 59 19 utom

191 816 63 22 dessa
269 816 47 22 skäl
331 822 62 15 anser
406 816 36 27 jag
454 818 31 19 ett
500 819 56 19 ännu
572 816 84 28 mycket
668 816 102 27 vigtigare
786 816 43 21 tala
846 816 31 20 för
888 818 31 19 ett
927 816 91 26 jakande

191 850 49 16 svar
256 846 27 26 pä
299 845 40 21 den
355 844 120 27 uppställda
490 844 80 28 frågan,
587 845 105 26 nemligen
707 845 42 25 det,
766 846 32 20 att
814 844 61 22 dessa
886 844 131 26 rättigheter,

191 873 71 21 såsom
278 874 43 26 mig
337 880 66 20 synes,
420 873 17 27 ej
455 873 53 21 blott
525 876 37 18 äro
578 876 90 18 onerösa
684 873 31 21 för
731 880 25 14 en
773 872 34 22 del
823 872 22 22 af
853 873 96 21 ständets
961 872 57 22 med-

191 900 96 25 lemmar,
303 904 51 19 utan
370 904 31 18 att
417 902 25 20 de
458 902 61 21 äfven
535 902 6 20 i
557 902 39 21 och
612 902 32 21 för
659 902 31 26 sig
705 904 37 18 äro
759 902 83 20 odiösa.
865 902 42 20 Det
923 903 23 19 är
961 907 57 15 nem-

191 930 63 26 ligen,
271 930 67 27 enligt
353 930 42 21 min
411 930 90 27 mening,
518 930 59 22 alltid
593 932 64 25 nägot
674 930 75 26 odiöst,
766 932 33 19 att
815 930 142 26 medlemmar,
973 936 45 15 som

191 958 54 22 höra
260 959 30 21 till
308 961 31 19 ett
354 959 51 21 visst
420 960 68 24 stånd,
504 959 62 21 skola
581 958 85 27 tillföljd
681 959 20 21 af
717 959 70 21 denna
802 958 31 21 sin
845 958 112 27 egenskap,
969 964 50 15 vara

191 986 112 22 frikallade
322 987 46 21 frän
384 987 109 27 utskylder
520 988 39 20 och
584 988 150 26 skyldigheter,
757 994 46 14 som
819 986 117 22 tillkomma
953 986 65 22 andra

192 1015 138 22 medlemmar
352 1016 7 20 i
375 1016 116 21 samhället.
523 1016 87 21 Liksom
632 1016 48 24 alla,
701 1016 32 20 till
755 1016 82 20 hvilket
859 1016 62 20 ständ
938 1015 25 21 de
979 1015 39 21 ock

192 1044 34 21 mä
243 1044 58 26 höra,
322 1044 53 21 böra
397 1050 50 15 vara
468 1044 42 21 lika
532 1045 54 21 inför
602 1044 68 27 lagen,
687 1045 22 21 sä
725 1044 52 21 böra
793 1044 26 21 de
835 1044 64 21 ocksä
915 1050 50 14 vara
980 1044 38 20 lik-

191 1072 78 22 ställda
292 1073 48 21 med
356 1073 98 21 afseende
470 1074 13 20 &
499 1074 117 26 utgörande
631 1073 23 21 af
668 1072 38 22 allt
721 1073 42 24 det,
779 1072 137 26 hvarigenom
933 1072 35 21 det
978 1072 40 21 all-

192 1103 77 19 männa
291 1101 61 21 bästa
373 1102 38 20 och
434 1102 102 20 särskildt
558 1102 39 20 den
622 1102 117 24 kommuns,
762 1101 58 21 inom
839 1100 83 22 hvilken
940 1101 25 21 de
980 1103 37 19 äro

191 1129 93 26 bosatta,
301 1130 62 20 bästa
388 1129 117 27 befrämjas.
536 1130 40 26 Jag
592 1133 45 18 tror
653 1130 64 21 också
732 1132 38 23 att,
786 1135 35 15 om
837 1135 48 14 man
901 1130 66 25 gifver
981 1130 37 20 akt

192 1158 27 26 pä
235 1158 141 29 uppkomsten
392 1158 21 21 af
426 1158 61 21 dessa
502 1158 126 27 privilegier,
645 1165 47 14 man
708 1158 53 21 skall
782 1157 63 25 finna,
862 1159 31 19 att
909 1158 40 20 den
965 1157 54 22 varit

192 1192 58 15 mera
271 1187 66 20 odiös.
369 1187 60 20 Hvad
455 1186 101 21 beträffar
577 1187 25 21 de
624 1187 126 26 privilegier,
773 1193 46 14 som
843 1185 122 22 utfärdades
987 1186 32 21 för

192 1215 160 26 presterskapet
375 1217 55 19 ännu
451 1215 67 21 under
539 1215 141 26 unionstiden,
696 1215 24 21 sä
735 1215 55 21 hade
805 1215 94 26 kyrkans
913 1215 53 26 gods
980 1215 40 21 vis-

190 1243 93 27 serligen
299 1243 106 26 ätskilliga
420 1243 132 26 rättigheter,
569 1250 47 15 men
632 1244 46 21 icke
694 1250 35 15 ens
746 1243 25 22 de
787 1249 52 15 voro
851 1243 111 21 frikallade
973 1243 46 21 frän

191 1271 241 28 kommanalutskylder.
454 1272 43 21 Det
513 1279 36 14 var
565 1272 53 21 först
632 1278 76 21 genom
725 1272 25 21 de
761 1271 23 22 af
794 1271 116 26 Drottning
925 1271 95 22 Kristina

192 1299 111 22 utfärdade
319 1301 40 20 och
375 1301 24 20 är
415 1301 54 20 1650
485 1301 131 21 stadfästade
639 1301 153 26 privilegierna,
807 1306 46 15 som
868 1300 47 21 icke
930 1300 90 21 allenast

192 1329 170 26 presterskapets
384 1329 166 26 embetsgärdar,
573 1331 51 19 utan
648 1329 63 21 också
732 1329 62 20 deras
810 1328 96 21 enskilda
921 1329 99 26 gårdar
1007 1324 15 36 i

190 1357 49 21 stad
265 1357 105 22 befriades
394 1357 47 22 frän
467 1357 41 22 alla
530 1357 117 28 utskylder,
670 1358 27 26 pä
719 1359 42 20 sätt
777 1363 46 15 som
838 1357 117 21 innehälles
970 1357 6 20 i
992 1363 28 15 nu

190 1385 101 26 gällande
307 1385 120 28 privilegier
442 1385 32 22 för
490 1387 159 26 presterskapet
664 1386 22 21 af
699 1387 25 20 är
741 1387 62 25 1723,
819 1385 40 22 och
875 1386 90 20 orsaken
974 1385 46 21 der-

191 1413 40 24 till,
254 1416 33 19 att
302 1415 158 26 presterskapet
479 1414 127 22 förskaffade
622 1415 32 26 sig
669 1415 61 20 dessa
745 1414 100 23 fördelar,
861 1413 34 27 läg
911 1414 6 20 i
933 1420 26 15 en
974 1414 46 21 icke

191 1441 121 28 berättigad
334 1443 206 27 principalitetsstrid
562 1443 77 21 mellan
654 1443 158 26 presterskapet
828 1442 40 21 och
883 1442 68 21 adeln.
980 1442 40 27 Jag

192 1476 63 16 anser
272 1471 28 26 pä
318 1471 69 26 grund
401 1471 23 22 af
438 1471 60 22 dessa
514 1471 52 26 skäl,
582 1473 33 19 att
630 1471 36 22 det
682 1471 87 21 alldeles
783 1471 48 21 icke
847 1477 49 14 vore
912 1477 45 14 mer
971 1473 27 19 än
1012 1471 8 20 i

191 1499 33 20 sin
247 1499 97 27 ordning,
367 1501 31 20 att
416 1500 158 27 presterskapet
590 1499 68 22 skulle
673 1499 113 27 godkänna
802 1500 36 21 det
853 1499 23 21 af
889 1499 131 22 kommunal-

191 1527 108 23 utskottet
314 1528 76 27 gjorda
412 1528 106 28 förslaget.
549 1528 168 27 Presterskapet,
733 1534 62 21 synes
810 1528 49 26 mig,
876 1527 66 22 borde
957 1528 64 21 minst
