1117 1817
222 132 43 20 454
436 136 161 17 Presteståndet
609 136 56 18 1872.
689 137 23 16 21
725 140 62 12 mars.

194 218 43 19 sätt
253 222 45 15 som
313 216 6 20 i
336 216 91 26 Sverige,
444 216 38 21 der
497 216 25 20 de
538 215 75 21 hittills
628 216 40 21 fått
683 215 41 21 alla
739 215 134 26 rättigheter,
884 215 48 21 med
943 215 79 21 undan-

194 246 37 25 tag
253 244 64 21 likväl
333 244 21 21 af
369 244 53 25 dem,
438 250 45 15 som
500 243 156 27 grundlagarna
671 243 113 22 innehålla.
815 243 207 26 Landtdagsordnin-

194 279 40 20 gen
257 275 24 18 är
302 273 119 25 visserligen
445 279 26 14 en
495 272 110 27 grundlag,
629 279 45 14 som
697 274 136 19 reservanten
857 272 40 21 har
913 272 109 25 åberopat,

195 308 46 14 men
265 301 18 20 vi
308 301 25 20 ha
357 301 63 21 också
441 301 67 20 andra
530 300 135 27 grundlagar,
690 300 198 27 Regeringsformen
904 300 21 21 af
941 299 82 26 1772,
1012 295 14 36 i

194 329 63 22 hvars
280 329 66 21 första
369 330 11 25 &
403 329 76 27 tydligt
502 329 60 21 heter
582 331 31 19 att
628 329 49 26 inga
692 329 66 21 andra
774 331 27 19 än
817 329 122 22 lutheraner
953 329 21 20 få
989 328 34 21 be-

194 358 65 21 kläda
283 357 103 22 embeten.
416 358 73 21 Ehuru
508 358 37 26 jag
568 357 18 27 ej
610 357 68 22 skulle
697 364 50 15 anse
763 358 36 21 det
815 364 50 15 vara
881 357 36 21 det
931 357 92 26 ringaste

195 386 125 26 betänkligt,
344 389 31 18 att
398 393 24 14 en
444 386 56 27 jude,
524 392 44 15 som
591 386 57 26 gjort
669 387 31 25 sig
723 387 56 20 känd
795 387 70 20 såscm
881 385 76 22 musik-
972 385 52 21 eller

195 415 129 26 sånglärare,
345 415 50 20 eller
411 415 65 26 något
492 414 73 27 dylikt,
581 414 68 21 skulle
665 415 38 20 här
719 415 81 20 erbålla
816 415 67 25 någon
899 413 123 26 befattning,

194 444 24 20 så
241 443 67 21 skulle
333 443 34 21 det
390 444 54 20 ändå
468 443 26 26 gå
516 443 71 20 alltför
606 443 83 26 mycket
704 443 5 21 i
727 443 36 21 det
779 443 90 26 speciela
885 445 32 19 att
931 444 51 25 göra
997 449 26 14 en

194 472 66 21 sådan
277 471 112 24 åtskilnad,
405 474 49 19 utan
471 471 68 21 skulle
552 471 36 26 jag
604 471 32 21 för
652 472 41 20 min
709 471 34 22 del
759 471 107 28 tillstyrka
879 474 32 18 att
921 478 25 14 en
957 471 65 21 sådan

195 501 90 25 petition
301 500 67 21 skulle
383 502 61 24 göras
461 499 30 22 till
508 500 58 21 Hans
582 499 106 27 Majestät,
703 502 32 19 att
751 506 26 15 en
794 507 26 20 ny
831 499 99 27 tidsenlig
941 499 83 21 författ-

196 529 55 26 ning,
275 535 44 14 som
339 529 108 20 bestämde
463 528 67 21 under
545 528 71 21 hvilka
633 528 66 21 vilkor
713 529 63 25 judar
791 529 20 20 få
827 529 5 20 i
849 528 72 21 landet
935 527 87 27 inflytta,

195 557 40 20 och
251 557 106 21 innehölle
372 557 113 26 tidsenliga
500 557 131 26 stadganden
648 563 32 14 om
697 557 26 21 de
738 557 128 26 rättigheter
881 557 39 20 och
933 557 89 26 skyldig-

194 585 68 25 heter,
278 585 71 21 hvilka
365 585 46 21 dem
427 586 69 20 såsom
513 585 69 21 finska
598 585 137 26 medborgare
752 585 68 21 skulle
836 585 117 21 tillkomma
970 585 53 21 både

194 613 7 21 i
221 613 116 27 borgerligt
353 614 38 21 och
407 614 95 26 religiöst
518 613 126 25 hänseende,
660 614 67 21 skulle
743 614 101 21 utfärdas.
876 614 64 21 Detta
955 613 68 22 skulle

191 642 38 26 jag
250 649 51 14 anse
324 649 49 14 vara
396 642 87 21 alldeles
498 641 181 27 ändamålsenligt,
696 644 31 19 att
742 649 28 14 nu
787 643 5 20 i
807 642 153 26 sammanhang
976 642 47 21 med

194 670 73 26 frågan
291 677 33 14 om
343 671 139 25 dissenterlag
496 673 100 24 upptaga.
627 671 43 20 Der
686 673 87 18 nämnes
789 670 68 26 äfven,
873 673 31 18 att
920 677 24 14 en
958 671 64 20 sådan

194 699 131 26 proposition
341 698 67 22 skulle
423 698 95 22 utfärdas
535 699 46 20 med
598 698 98 22 afseende
711 700 13 20 å
737 699 96 26 judarne.
861 699 42 21 Det
918 698 39 21 har
970 699 53 20 varit

194 730 45 18 stor
262 727 53 21 strid
338 734 32 14 om
395 728 68 20 denna
484 727 146 26 dissenterlag,
652 734 46 14 men
722 727 89 21 likasom
825 727 36 26 jag
877 728 5 19 i
899 727 96 21 afseende
1010 728 13 20 &

195 755 61 21 dessa
278 756 113 20 dissenters
407 762 62 14 anser
484 756 26 20 de
525 755 149 27 författningar
690 756 51 20 böra
757 755 123 27 upphäfvas,
896 755 70 21 hvilka
981 756 41 20 för-

194 784 55 20 neka
273 784 46 20 dem
343 787 31 17 att
398 784 90 21 bekläda
510 784 41 21 alla
575 784 84 26 möjliga
682 784 158 25 statsembeten,
861 784 66 20 ehuru
940 784 36 26 jag
991 784 31 20 för

194 812 62 26 ingen
281 812 32 21 del
336 812 40 21 kan
400 813 48 26 ingå
468 813 26 25 på
510 813 47 25 den,
574 818 44 15 som
632 813 36 25 jag
684 813 79 26 tycker,
781 812 153 26 orimligheten,
950 815 31 18 att
996 812 26 21 de

195 840 67 21 skulle
283 840 20 22 få
320 847 48 15 vara
385 841 168 26 religionslärare
568 841 6 20 i
591 841 108 21 lutherska
714 841 79 25 skolor,
810 842 23 20 så
849 847 62 15 anser
923 841 37 26 jag
976 841 46 20 med

194 869 48 21 fullt
257 869 45 21 skäl
319 870 39 20 den
374 869 108 21 skilnaden
500 870 70 20 kunna
586 871 69 24 göras,
671 872 32 18 att
716 869 87 21 härmed
815 870 17 25 ej
845 876 49 14 vore
905 869 116 26 meningen,

195 900 32 18 att
241 898 63 25 judar
319 898 68 20 skulle
402 898 20 20 få
437 898 90 21 bekläda
543 898 159 21 statsembeten.
719 910 27 3 —
762 898 46 21 Här
823 897 62 21 hafva
896 898 80 25 många,
986 898 36 26 jag

195 926 115 26 medgifver
333 926 91 25 talande,
446 926 38 21 och
505 926 17 26 ej
540 926 55 21 blott
610 926 85 21 talande
711 929 50 18 utan
778 926 60 21 äfven
855 926 106 26 vältaliga,
976 926 46 21 skäl

194 954 69 21 blifvit
285 954 86 21 anförda
395 958 56 18 emot
473 954 68 22 denna
556 955 100 26 petitions
672 955 125 25 antagande.
829 954 49 22 Man
894 954 82 22 fruktar
991 954 31 21 för

194 985 32 18 att
249 989 25 15 en
297 982 167 27 öfversvämning
486 983 22 21 af
526 983 64 27 judar
612 982 68 22 skulle
702 984 43 22 ske,
771 990 46 14 men
837 983 36 27 jag
889 985 45 19 tror
949 985 32 19 att
996 983 26 21 de

195 1011 64 21 värde
284 1011 35 21 hrr
338 1012 73 25 talare,
426 1018 45 14 som
488 1011 113 21 framställt
616 1012 69 20 denna
700 1012 92 25 fruktan,
808 1012 62 21 hafva
885 1011 96 21 förbisett
997 1018 25 14 en

195 1040 83 26 mycket
294 1040 64 26 vigtig
373 1040 161 26 omständighet.
567 1040 41 21 Det
624 1042 24 19 är
663 1040 17 26 ej
697 1040 110 26 meningen
825 1040 46 21 med
887 1040 68 21 denna
970 1040 51 26 peti-

194 1068 52 22 tion,
263 1071 32 17 att
311 1068 41 21 alla
365 1068 68 26 judar,
450 1072 50 17 utan
517 1069 64 26 något
597 1068 77 24 vidare,
691 1068 68 21 skulle
774 1068 20 22 få
813 1069 31 20 hit
855 1068 87 27 inflytta.
966 1068 56 22 Peti-

195 1097 72 20 tionen
290 1098 37 25 går
348 1097 44 25 just
415 1096 64 27 enligt
497 1098 115 20 utskottets
628 1097 134 21 betänkande
778 1100 23 18 ut
817 1098 26 26 på
859 1099 32 19 att
907 1097 115 21 bestämma

194 1125 26 20 de
242 1125 73 24 vilkor,
339 1126 67 19 under
428 1125 70 21 hvilka
518 1126 26 20 de
559 1125 21 21 få
595 1126 85 20 komma
696 1126 35 20 hit.
763 1126 32 20 De
811 1126 58 21 skola
886 1125 59 21 alltid
962 1126 60 20 hafva

195 1153 135 26 regeringens
346 1153 100 26 tillstånd,
462 1153 33 21 för
510 1156 32 19 att
557 1153 20 21 få
586 1153 83 28 inflytta
680 1153 38 22 och
730 1153 82 27 uppgift
823 1153 58 22 öfver
892 1153 39 22 den
943 1155 79 26 näring,

193 1187 46 15 som
263 1182 25 20 de
312 1181 47 27 vilja
379 1181 72 22 drifva.
483 1182 77 21 Finner
576 1183 122 25 regeringen
715 1183 36 20 det
767 1183 18 26 ej
803 1189 49 14 vara
868 1182 107 26 tidsenligt
991 1184 31 19 att

194 1209 69 22 tillåta
285 1210 47 21 dem
356 1213 32 18 att
410 1210 87 27 inflytta,
521 1211 23 20 så
568 1210 63 21 afslås
648 1211 60 20 deras
724 1211 99 26 begäran.
855 1211 48 20 Men
920 1211 41 24 det,
976 1217 45 15 som

193 1238 40 21 här
253 1239 80 26 åsyftas
356 1241 23 18 är
401 1242 31 17 att
448 1240 18 25 ej
484 1239 75 26 någon,
575 1239 32 21 för
623 1239 36 21 det
674 1241 31 18 att
721 1239 41 20 han
779 1241 24 19 är
815 1239 58 26 jude,
889 1239 67 21 skulle
972 1245 50 15 vara

195 1267 106 20 utesluten
318 1267 46 20 från
381 1269 30 19 att
426 1267 26 21 bo
469 1268 5 19 i
491 1267 88 21 Finland
612 1268 44 21 Här
672 1268 37 20 har
725 1268 64 21 också
806 1267 67 21 blifvit
888 1268 87 21 nämndt
990 1270 32 19 att

194 1301 48 14 man
267 1295 40 21 kan
331 1302 49 14 vara
402 1296 83 27 mycket
508 1296 78 21 human
602 1299 56 18 emot
674 1296 95 21 enskilda
781 1296 70 26 judar,
867 1297 24 20 så
906 1298 23 19 är
945 1297 35 20 det
996 1303 25 14 en

193 1329 70 15 annan
279 1324 38 21 sak
333 1327 32 18 att
381 1324 24 21 de
421 1324 67 21 skulle
504 1324 20 21 få
539 1324 83 27 inflytta
637 1324 7 21 i
660 1325 81 21 landet;
757 1325 68 20 skulle
841 1331 48 14 man
905 1325 6 20 i
927 1325 41 21 alla
979 1325 43 21 län-

194 1351 38 21 der
254 1351 63 22 hafva
341 1352 45 27 följt
409 1353 68 20 denna
500 1353 88 26 princip,
607 1353 62 20 hvart
684 1353 67 21 skulle
768 1353 27 21 dä
811 1353 61 21 dessa
888 1359 58 16 arma
959 1353 63 26 judar

193 1381 54 25 tagit
270 1383 72 24 vägen,
359 1381 51 20 eller
425 1381 52 21 hvar
492 1381 67 21 skuile
576 1381 24 21 de
617 1381 33 26 bo,
667 1388 33 14 om
717 1387 47 15 man
781 1381 68 21 skulle
864 1383 57 20 stöta
936 1385 23 18 ut
975 1382 45 20 dem

193 1408 46 21 från
263 1410 66 20 andra
353 1409 73 21 länder
440 1410 28 26 på
483 1416 80 15 samma
579 1412 43 19 sätt
637 1416 45 15 som
697 1409 45 22 från
760 1409 97 22 Finland.
887 1410 40 26 Jag
942 1413 45 18 tror
1002 1409 18 27 ej

193 1439 32 18 att
249 1437 18 20 vi
291 1439 36 19 äro
350 1441 55 18 satte
427 1441 31 18 att
476 1438 50 21 fälla
542 1438 39 21 den
598 1439 75 20 domen
690 1438 57 21 öfver
760 1438 97 26 judarne,
873 1441 32 18 att
921 1439 25 20 de
962 1439 60 20 skola

193 1465 45 21 från
253 1465 74 27 jorden
343 1467 81 20 utrotas
