1117 1817
339 126 162 18 Presteståndet
514 127 54 17 1872.
593 128 13 16 5
618 132 60 12 mars.
857 123 41 21 245

100 209 53 19 tetet
175 207 113 20 inrättade.
319 207 60 20 Afses
401 207 94 26 återigen
520 207 36 21 det
578 206 69 27 behof,
669 213 44 15 som
730 207 6 20 i
752 207 117 26 petitionen
884 210 43 19 sär-

100 235 65 21 skildt
187 235 127 26 framhålles,
338 235 102 26 nemligen
464 237 32 19 att
519 235 68 21 lärare
611 235 33 21 vid
660 235 83 21 landets
758 235 169 28 undervisnings-

101 264 49 21 verk
172 263 39 22 och
227 263 106 22 allmänna
347 263 117 22 folkskolor
480 263 68 22 skulle
563 263 76 24 bättre,
656 266 26 19 än
697 263 81 24 hittills,
795 264 71 21 kunna
881 264 47 21 full-

100 294 51 24 göra
166 292 31 21 sin
212 292 288 27 undervisningsskyldighet,
517 293 23 20 så
556 295 35 18 vet
603 292 37 26 jag
655 292 25 27 ej,
697 292 54 21 buru
767 299 24 14 en
804 293 124 27 lärareplats

100 320 34 21 vid
150 320 147 21 universitetet
312 321 68 20 skulle
396 321 71 20 härtill
483 321 6 20 i
506 321 140 26 väsentligare
662 327 47 14 mon
726 321 71 20 kunna
808 322 119 26 medverka,

100 351 26 18 än
142 355 28 15 nu
185 349 49 21 sker
249 355 76 20 genom
341 355 25 14 en
382 349 75 21 svensk
474 349 150 24 normalskola,
641 349 37 21 der
695 349 70 21 lärare
783 349 32 21 för
826 350 101 21 lärdoms-

100 377 73 22 skolan
189 377 21 21 få
225 377 82 21 utbilda
322 378 31 25 sig
369 377 39 22 och
420 378 90 21 svenska
522 377 291 26 folkskollärareseminarier,
826 379 37 20 der
875 379 52 20 folk-

100 406 116 21 skollärare
238 405 74 22 bildas.
344 402 30 25 Är
395 407 47 20 åter
464 406 90 26 afsigten
575 409 31 18 att
622 406 34 21 vid
672 406 145 21 universitetet
833 407 53 21 fästa
901 413 26 15 en

100 433 134 27 förtjenstfull
259 435 182 26 vetenskapsman,
456 441 46 14 som
519 435 38 20 har
572 437 63 24 egnat
650 435 45 21 sina
710 435 81 21 studier
807 435 38 21 och
861 435 67 21 forsk-

100 463 74 26 ningar
196 463 22 20 åt
241 463 90 21 svenska
347 463 38 22 och
402 463 26 21 de
443 463 163 21 skandinaviska
622 464 97 26 språken,
736 464 23 20 så
774 463 39 21 har
828 464 100 21 universi-

99 494 55 18 tetet
172 492 60 20 äfven
248 491 57 21 förut
320 491 68 22 blifvit
403 494 43 19 satt
461 492 6 20 i
484 491 83 22 tillfälle
582 494 32 19 att
630 492 33 20 vid
679 492 31 26 sig
725 492 94 26 anknyta
834 493 93 20 utmärk-

100 522 45 19 tare
166 520 175 27 vetenskapsmän
358 527 75 20 genom
449 520 131 21 inrättandet
596 520 22 21 af
633 523 43 18 extr
686 521 114 20 ordinarie
816 520 112 27 professio-

100 555 43 18 ner,
159 549 79 20 sådana
253 548 68 21 finnas
337 549 31 21 för
383 549 138 25 närvarande,
538 551 13 18 t.
569 555 31 14 ex.
616 548 6 21 i
631 549 82 26 zoologi
727 549 39 21 och
779 549 95 26 fysiologi
888 549 39 21 och

100 577 63 21 hafva
178 577 83 27 nyligen
277 577 60 21 äfven
353 577 80 21 funnits
448 577 6 21 i
470 577 94 26 historie,
582 577 37 21 och
636 583 80 16 samma
732 579 63 24 utväg
811 577 38 21 har
863 578 65 27 också

101 605 27 27 på
150 612 81 15 samma
253 606 110 21 rationella
387 606 38 21 och
449 607 99 20 ordinära
570 608 43 19 sätt
631 612 27 14 nu
674 607 53 20 stått
742 608 74 25 öppen.
846 606 31 21 Är
892 607 36 20 det

101 635 52 22 åter,
175 635 69 20 såsom
267 635 7 20 i
297 634 114 27 petitionen
434 635 64 20 också
520 634 127 24 framhålles,
671 634 57 26 fråga
749 641 33 14 om
799 641 25 14 en
839 635 52 26 gärd
907 635 22 20 af

101 663 88 25 aktning
212 663 23 20 åt
257 663 36 20 det
309 663 88 21 svenska
413 663 87 26 språket
516 663 37 20 och
570 665 33 18 att
618 663 76 20 hindra
710 663 36 21 det
761 663 45 20 från
823 663 39 21 den
879 670 48 14 van-

100 691 59 25 vård,
176 691 73 21 hvaraf
263 691 36 21 det
314 691 67 21 skulle
397 691 67 23 hotas,
481 692 24 20 så
520 697 61 21 synes
597 691 42 26 mig
655 694 32 17 att
703 691 57 21 såväl
776 692 36 20 det
827 698 39 14 ena
881 698 45 15 som

102 719 35 21 det
159 720 66 20 andra
246 720 64 20 redan
327 720 27 26 på
369 723 65 18 annat
449 722 43 18 sätt
508 719 39 21 och
562 726 45 14 som
624 719 48 21 bäst
687 720 54 20 sker.
772 720 45 20 Den
833 720 94 26 aktning,

102 748 35 20 det
159 748 88 21 svenska
269 748 87 26 språket
375 748 98 27 åtnjuter,
490 748 41 21 kan
548 748 32 20 väl
598 748 16 26 ej
632 748 64 21 blifva
711 750 68 19 större
795 755 75 19 genom
887 748 40 21 till-

101 777 97 20 sättande
221 776 22 21 af
263 783 25 14 en
312 776 133 27 lärareplats,
469 780 26 17 än
518 777 40 20 den
582 783 28 14 nu
628 778 30 21 är,
676 776 26 21 dä
718 777 35 21 det
768 779 63 24 utgör
845 777 82 21 landets

101 804 96 22 officiella
219 805 70 27 språk,
314 805 26 21 då
361 806 22 20 af
397 806 156 20 universitetets
569 806 12 20 5
598 805 38 21 och
653 806 27 20 20
696 805 136 27 professorer,
849 806 26 20 23
892 806 35 20 be-

100 839 68 21 gagna
192 834 35 20 det
250 834 134 22 uteslutande
408 834 33 20 vid
462 834 44 20 sina
523 834 157 25 föreläsningar,
697 836 55 18 samt
767 834 27 20 då
810 834 33 20 vid
859 834 68 21 denna

101 862 100 26 landtdag
221 864 73 19 trenne
313 862 62 21 stånd
391 862 44 21 helt
450 862 40 22 och
506 862 72 23 hållet,
595 862 38 21 och
650 863 36 20 det
701 862 65 26 fjerde
783 862 71 26 delvis,
871 862 56 21 hålla

101 890 41 21 alla
164 891 45 20 sina
232 890 159 27 förhandlingar
413 892 27 25 pä
462 896 82 16 samma
566 890 69 27 språk.
667 891 24 26 Ej
709 891 41 21 kan
766 897 48 15 man
830 890 38 22 här
883 891 45 21 tala

101 924 34 15 om
159 920 98 25 vanvård,
277 920 26 20 då
319 920 33 20 vid
368 920 146 20 universitetet
530 919 88 21 sålunda
634 919 81 21 tillfälle
732 919 30 21 till
779 920 148 26 undervisning

100 946 7 21 i
122 948 90 20 svenska
227 948 86 26 språket
329 948 107 21 meddelas
451 948 31 21 uti
499 947 54 21 både
569 947 40 21 den
626 947 136 27 theologiska,
772 948 103 26 juridiska
888 948 39 21 och

100 974 115 23 filvsofiska
237 976 124 25 fakulteten,
384 979 55 18 samt
462 976 111 21 studenter
595 976 54 21 inför
669 976 131 26 professorer
815 977 66 20 måste
896 976 31 22 af-

100 1004 61 26 lägga
177 1004 100 27 skrifprof
291 1005 6 20 i
313 1005 158 27 vetenskapliga
486 1007 76 19 ämnen
576 1004 44 26 just
636 1004 26 27 på
678 1005 94 21 svenska.
797 1005 130 21 Prestestån-

101 1032 35 21 det
159 1033 56 27 sjelft
238 1033 37 21 har
299 1033 33 21 vid
356 1034 68 20 denna
440 1033 101 26 landtdag
557 1033 53 21 visat
623 1033 54 21 både
693 1033 30 21 sin
740 1033 72 21 ömhet
827 1033 38 22 och
881 1033 46 22 akt-

100 1061 50 26 ning
172 1062 31 20 för
226 1062 35 21 det
277 1062 89 20 svenska
381 1062 93 26 språket,
490 1062 102 20 särskildt
608 1062 128 26 derigenom,
753 1064 30 18 att
799 1062 36 20 det
849 1062 78 20 förkla-

101 1092 38 22 rat,
163 1093 32 17 att
217 1092 77 20 tvenne
316 1090 26 27 pä
365 1090 67 21 finska
448 1090 101 21 aflattade
565 1090 180 26 petitionsförslag
760 1090 17 26 ej
795 1090 67 21 skulle
878 1096 49 15 vara

100 1117 107 27 behöriga,
225 1125 32 14 om
275 1120 24 19 de
316 1120 18 25 ej
350 1118 98 27 åtföljdes
464 1118 22 21 af
499 1118 76 21 svensk
587 1118 158 26 öfversättning.
768 1119 8 20 I
788 1118 139 21 betraktande

100 1145 22 22 af
143 1147 42 20 alla
208 1147 59 21 dessa
289 1147 180 26 omständigheter
485 1153 61 14 anser
559 1147 37 26 jag
611 1146 55 27 förty
681 1147 32 20 för
729 1147 42 20 min
785 1147 39 23 del,
839 1149 32 18 att
887 1146 40 21 till-

100 1175 111 26 gripandet
233 1175 21 21 af
276 1182 25 15 en
323 1176 65 21 sådan
412 1175 166 26 utomordentlig
594 1177 69 24 utväg,
679 1181 45 15 som
741 1175 39 21 den
804 1177 31 19 att
850 1181 77 20 genom

100 1204 113 21 ständerna
229 1204 127 26 petitionera
371 1210 34 15 om
421 1203 132 22 tillsättande
569 1203 22 21 af
604 1210 25 14 en
646 1203 125 27 lärareplats
784 1203 33 21 vid
828 1203 100 21 universi-

100 1233 59 24 tetet,
184 1232 61 21 hvars
268 1232 129 27 behöflighet
420 1233 39 20 och
482 1232 158 26 nödvändighet
657 1232 46 21 från
720 1232 143 26 vetenskaplig
878 1237 49 20 syn-

100 1261 67 25 punkt
189 1261 18 24 ej
231 1260 68 21 blifvit
321 1261 119 26 granskade
463 1261 39 21 och
526 1260 110 26 bed5mde,
658 1267 49 14 vore
727 1261 42 20 lika
786 1260 141 27 besynnerligt

99 1294 45 15 som
161 1288 110 27 olämpligt
287 1289 38 21 och
342 1289 92 26 onödigt.
464 1289 41 26 Jag
520 1289 32 21 får
569 1289 82 21 derföre
666 1289 33 20 för
713 1289 43 20 min
773 1289 33 21 del
822 1289 105 20 bestämdt

99 1316 95 28 afstyrka
209 1317 162 27 inbjudningens
386 1318 126 27 antagande.

167 1374 120 21 Statsrådet
303 1374 144 22 Lindelöf:
464 1375 10 20 I
490 1374 66 21 likhet
572 1375 48 20 med
636 1374 136 27 domprosten
783 1373 94 24 Renvall,
888 1373 39 21 fin-

98 1409 37 14 ner
148 1403 36 26 jag
199 1403 36 20 det
251 1403 120 26 visserligen
387 1409 51 16 vara
453 1403 149 26 egendomligt,
618 1405 32 19 att
666 1403 68 20 denna
745 1403 60 26 fråga
816 1409 33 14 om
860 1402 66 21 inrät-

98 1431 73 21 tandet
187 1431 22 21 af
223 1437 25 15 en
264 1437 27 21 ny
307 1431 116 26 profession
439 1432 34 20 vid
490 1432 146 21 universitetet
651 1431 68 21 blifvit
735 1431 68 23 väckt,
820 1431 17 26 ej
851 1431 22 21 af
881 1431 45 20 uni-

98 1460 119 21 versitetets
228 1459 157 25 konsistorium,
397 1467 45 14 som
450 1460 40 21 har
498 1463 32 18 att
538 1459 74 22 främst
620 1460 65 21 vårda
694 1459 26 22 de
728 1459 158 26 vetenskapliga
894 1459 33 20 in-

98 1491 95 18 tressena
216 1488 6 21 i
241 1488 79 26 landet,
336 1489 38 20 och
391 1489 18 26 ej
426 1495 36 14 ens
478 1488 56 21 inom
550 1489 36 20 det
601 1488 69 25 stånd,
686 1494 45 15 som
747 1488 34 21 vid
798 1487 128 26 landtdagen

98 1516 73 27 tyckes
195 1523 49 15 vara
262 1519 95 19 närmast
372 1517 82 21 kalladt
468 1519 33 19 att
516 1517 46 20 föra
577 1517 132 26 bildningens
725 1516 107 21 allmänna
847 1516 57 21 talan
920 1515 7 21 i
