1117 1817
495 104 7 12 O

343 134 159 18 Presteständet
515 135 56 16 1872.
596 135 24 16 10
632 133 51 18 febr.
873 130 25 20 41

277 242 64 27 Den
359 241 35 28 10
412 241 139 28 februari
568 241 42 28 kl.
628 242 32 27 11
680 241 22 28 f.
721 249 38 20 m.

171 310 69 22 Sedan
264 311 40 20 bön
326 310 111 21 förrättats
452 311 28 26 pä
494 310 70 22 finska
578 310 88 27 spräket
682 310 21 21 af
717 310 44 21 vice
776 313 73 24 pastor
866 310 64 22 Dahl-

103 339 57 26 berg,
181 339 80 21 skedde
279 345 88 20 upprop,
384 339 87 21 hvarvid
484 339 143 21 antecknades
643 339 69 21 säsom
728 339 140 22 fränvarande
883 345 48 22 pro-

103 369 46 20 sten
165 367 99 27 Hofdahl,
281 367 68 22 lektor
365 367 71 22 Eur6n
452 367 40 22 och
508 367 106 27 professor
629 367 111 22 Forsman.

172 499 32 21 Hr
219 499 167 22 talmannen
403 499 97 22 anmälde
516 501 32 19 att
563 499 6 21 i
585 498 230 22 talmanskonferensen
831 498 100 22 förevarit

103 527 59 28 fräga
177 534 33 14 om
227 527 130 22 tillsättande
373 527 22 22 af
408 527 105 22 särskilda
524 528 82 21 utskott
617 527 32 22 för
660 527 76 27 nädiga
747 527 184 27 propositionerna

104 563 33 14 om
160 563 27 20 ny
208 556 67 27 sjölag
297 556 38 21 och
355 556 251 27 kommunalförvaltning
622 557 5 20 i
644 557 53 23 stad,
714 560 55 17 samt
784 558 32 19 att
831 555 98 22 medlem-

103 591 84 15 marnas
202 585 57 21 antal
275 585 6 20 i
297 585 60 21 dessa
373 585 103 21 bestämts
492 585 32 20 till
541 586 25 20 16
582 585 52 21 eller
649 586 13 20 4
678 585 21 20 af
712 585 63 21 hvart
789 584 68 21 ständ
881 584 50 21 Med

103 613 112 27 anledning
238 613 21 22 af
279 613 50 22 herr
350 613 208 22 landtmarskalkens
580 614 80 20 önskan
677 615 32 19 att
723 613 21 21 fä
759 615 55 24 veta,
829 613 7 20 i
852 613 79 20 hvilket

103 641 70 22 beslut
195 642 85 21 ständet
301 642 103 21 stannade
427 642 47 21 med
490 642 98 21 afseende
604 643 12 20 &
632 642 61 21 dessa
708 642 89 24 utskott,
814 641 117 22 hemstälde

103 670 49 21 herr
173 671 128 25 talmannen,
317 671 103 21 huruvida
436 671 85 21 ståndet
536 677 28 14 na
580 671 94 21 önskade
689 673 49 23 taga
753 670 73 26 frågan
841 672 6 17 i
863 669 67 21 öfver-

102 698 101 27 vägande.

172 755 82 21 Doktor
269 755 141 27 Hornborg
426 755 85 27 yttrade
526 758 32 18 att
574 756 147 26 ridderskapet
737 755 39 21 och
791 755 70 26 adeln,
876 755 55 21 efter

103 783 94 22 erhållen
220 784 118 21 kännedom
361 790 33 15 om
416 784 187 26 borgareståndets
619 784 70 21 beslut
703 786 32 19 att
751 786 46 19 utse
814 783 45 27 fyra
874 783 57 21 med-

103 812 87 22 lemmar
212 812 6 21 i
241 812 97 22 bemälde
361 812 89 24 utskott,
475 812 67 24 äfven,
557 813 49 21 med
622 812 127 27 frångående
765 812 22 22 af
801 812 36 21 sitt
852 812 57 21 förut
923 812 7 20 i

102 840 64 22 saken
189 840 81 22 fattade
292 840 75 27 beslut,
390 841 92 21 bestämt
505 841 72 22 dessas
600 841 58 21 antal
682 841 31 21 till
728 841 55 27 fyra;
799 840 39 22 och
854 840 76 21 trodde

103 868 90 22 doktorn
215 869 33 21 för
270 869 31 21 sin
323 869 34 22 del
380 872 32 19 att
427 870 36 21 det
478 870 131 21 sistnämnda
624 870 82 21 antalet
721 869 68 22 blefve
805 870 34 20 det
852 869 23 21 af
888 868 42 22 alla

102 898 61 21 stånd
178 900 98 25 antagna.

170 954 110 22 Professor
295 954 148 22 Ehrström
459 954 99 22 förenade
574 954 31 27 sig
620 955 6 21 i
643 955 77 21 doktor
733 954 124 26 Hornborgs
867 954 62 26 åsigt,

102 983 88 21 emedan
213 983 36 21 det
271 990 50 14 vore
344 983 87 22 alldeles
450 983 148 27 principenligt
614 986 37 22 att,
668 984 27 20 då
710 983 22 21 af
746 983 183 27 propositionerna

102 1012 40 21 den
158 1018 34 14 om
208 1012 92 26 sjölagen
317 1012 118 26 egentligen
451 1012 68 21 skulle
534 1012 87 21 tillhöra
631 996 146 46 lagutskottet,
789 1012 39 21 och
841 1012 41 20 den
895 1017 34 15 om

102 1040 109 21 städernas
233 1040 250 27 kommunalförvaltning
504 1042 31 20 ett
554 1042 140 20 sammansatt
709 1040 43 27 lag-
768 1040 39 22 och
822 1040 107 21 ekonomi-

102 1068 92 22 utskotts
217 1068 162 28 handläggning,
402 1071 56 19 samt
480 1069 175 21 medlemmarnes
678 1069 57 21 antal
758 1069 7 21 i
783 1069 36 21 det
834 1068 56 21 förra
906 1070 24 20 är

102 1096 106 22 bestämdt
231 1097 31 21 till
287 1098 31 26 16,
339 1099 55 19 samt
409 1098 6 20 i
431 1098 37 20 det
483 1098 89 21 sednare
588 1098 31 20 till
634 1097 52 21 flera
701 1100 26 18 än
744 1098 19 24 9,
779 1097 59 21 äfven
855 1097 26 21 de
897 1099 31 19 ut-

102 1125 63 26 skott,
188 1125 32 21 till
243 1126 71 21 hvilka
332 1126 183 27 propositionerna
531 1132 27 15 nu
573 1126 136 25 remitterats,
727 1126 65 21 borde
807 1127 87 24 utgöras
909 1125 22 21 af

104 1154 25 21 16
151 1153 144 22 medlemmar.
327 1155 77 20 Vidare
424 1154 97 21 framhöll
538 1154 81 21 talaren
636 1156 37 23 att,
690 1154 27 21 då
732 1154 5 21 i
754 1153 175 27 borgareständet

101 1182 72 21 säkert
188 1182 69 22 skulle
272 1183 67 21 finnas
353 1182 51 22 flere
419 1183 96 21 fackmän
531 1182 32 21 för
578 1183 104 21 hvardera
697 1183 111 25 utskottet,
829 1183 36 20 det
880 1188 49 15 vore

101 1210 66 21 skada
189 1217 34 14 om
246 1211 18 26 ej
289 1211 25 21 de
335 1212 157 26 upplysningar,
508 1217 45 16 som
569 1211 71 21 kunde
656 1211 72 21 vinnas
744 1211 21 21 af
779 1211 67 25 dessa,
861 1210 68 22 skulle

101 1238 91 23 erhållas
207 1239 120 27 derigenom
343 1242 33 19 att
391 1240 175 21 medlemmarnes
581 1240 58 21 antal
650 1240 134 21 inskränktes
796 1239 32 22 till
840 1239 26 21 12
877 1238 52 23 eller

100 1269 34 20 tre
148 1267 45 22 från
209 1267 62 22 hvart
286 1268 69 21 stånd.

169 1325 90 21 Prosten
281 1325 79 27 Hjelt
383 1325 93 21 önskade
498 1325 48 21 med
570 1325 113 26 anledning
698 1325 23 22 af
736 1325 52 27 prof.
805 1324 123 22 Ehrströms

100 1353 99 28 yttrande
219 1353 56 22 fästa
296 1354 96 21 ståndets
415 1353 187 28 uppmärksamhet
621 1354 27 27 på
663 1355 38 25 att,
717 1356 40 19 när
771 1359 27 15 en
813 1353 41 21 slik
869 1352 60 27 fråga

100 1381 120 22 remitteras
242 1382 32 21 till
295 1384 139 20 sammansatt
456 1382 89 26 utskott,
569 1382 60 21 detta
652 1382 19 27 ej
691 1382 168 21 sammanträder
874 1381 7 21 i
896 1381 32 22 sin

101 1409 78 24 helhet,
201 1412 51 19 utan
275 1411 104 21 hvardera
401 1410 105 22 utskottet
529 1413 58 19 utser
606 1410 125 27 delegerade
745 1410 33 22 för
793 1410 85 27 frågans
893 1409 36 22 be-

100 1438 107 27 handling.

169 1495 110 22 Professor
294 1495 149 22 Ehrström
458 1496 111 26 genmälde
584 1498 32 19 att
631 1496 41 21 han
688 1496 18 27 ej
723 1496 53 21 talat
791 1502 34 15 om
841 1495 44 22 helt
895 1497 33 20 ut-

100 1523 64 26 skott,
185 1530 45 15 som
251 1524 67 22 skulle
342 1525 60 21 bestå
424 1523 21 22 af
466 1525 27 21 32
516 1525 144 26 medlemmar,
682 1527 51 19 utan
749 1526 32 20 ett
796 1524 83 21 utskott
893 1523 36 22 be-
