1117 1817
219 144 43 20 234
440 148 162 18 Presteståndet
615 150 53 16 1872.
694 150 7 15 1
714 153 62 13 mars.

261 229 20 24 2)
311 229 42 20 För
375 228 104 27 sistsagde
500 229 48 26 dag,
564 229 47 20 med
627 228 202 27 tillkännagifvande
845 231 31 19 att
891 229 49 20 herr
955 228 63 27 Sopa-

191 263 52 15 nens
259 257 95 26 petition,
371 263 34 15 om
420 257 195 21 vidmakthållande
631 257 21 21 af
666 263 25 16 en
707 257 144 21 normalskola
866 257 6 21 i
889 257 129 26 Helsingfors

191 286 48 21 med
263 285 64 21 finskt
345 285 231 27 undervisningsspråk,
592 285 68 22 blifvit
675 285 122 22 remitterad
813 285 32 22 till
861 286 106 21 allmänna
982 285 37 22 be-

191 314 171 21 svärsutskottet.

261 457 20 26 3)
312 457 42 20 För
377 463 79 15 samma
480 457 46 26 dag,
550 457 23 21 af
593 457 91 21 innehåll
707 460 32 18 att
761 457 50 22 herr
827 457 88 22 Fabritii
931 457 87 26 petition

193 486 80 25 derom,
297 488 31 18 att
350 488 31 18 ett
403 485 295 22 folkskollärareseminarium
722 487 67 20 måtte
806 486 89 21 inrättas
911 486 31 21 till
958 485 61 22 utbil-

193 514 70 21 dande
286 513 22 22 af
329 514 159 21 folkskollärare
511 514 39 21 och
572 514 118 21 lärarinnor
705 514 32 21 för
753 515 130 26 kommuner,
901 515 36 20 der
953 514 66 21 finska

193 543 88 26 spräket
296 542 60 26 talas,
372 543 68 20 blifvit
455 543 124 21 remitterad
594 543 32 20 till
642 543 105 21 allmänna
764 543 197 21 besvärsutskottet.

261 599 86 22 Hvilket
363 599 147 22 antecknades.

262 742 120 26 Föredrogs
399 742 25 20 H.
441 742 24 21 K.
483 742 49 21 M:ts
548 742 76 26 nädiga
637 742 137 27 proposition,
786 742 109 26 angäende
905 742 113 21 anvisande

191 770 23 22 af
229 770 90 22 kreditiv
334 770 32 21 till
382 771 248 26 undsättningsätgärder
646 771 66 21 under
727 772 124 20 missväxter
867 770 52 22 eller
933 771 32 21 till
981 777 37 15 an-

191 799 38 21 dra
245 799 177 26 utomordentliga
438 799 68 21 behof.

262 856 81 21 Härvid
359 856 69 21 anhöll
444 856 44 21 vice
504 858 87 25 pastorn
608 856 92 21 Lilius
715 863 34 14 om
766 856 61 21 ordet
842 856 38 21 och
897 856 66 26 ansäg
978 856 39 20 den

193 884 78 27 nädiga
287 885 155 26 propositionen
460 891 48 15 vara
524 884 22 21 af
560 884 151 26 beskaffenhet,
727 887 33 19 att
775 885 122 21 densamma
909 884 66 21 borde
986 884 31 21 till

193 913 154 21 förberedande
363 913 155 26 handläggning
534 913 23 21 af
570 913 162 21 bankutskottet
748 913 144 21 öfverlemnas.

262 970 88 20 Prosten
374 970 79 26 Hjelt
476 970 46 21 äter
542 970 121 21 förmenade
679 972 37 23 att,
733 970 27 21 dä
776 970 157 26 propositionen
949 969 69 27 gällde

193 998 114 22 anvisande
323 998 21 21 af
358 999 78 25 anslag,
453 998 66 22 borde
535 999 123 21 densamma
673 1000 120 20 remitteras
809 998 30 21 till
853 998 164 22 statsutskottet.

261 1055 121 21 Statsrädet
404 1056 136 20 Lindelöf
562 1056 39 21 och
617 1058 84 25 prosten
718 1056 138 20 Borenius
871 1055 100 21 förenade
986 1056 32 26 sig

192 1084 47 20 med
256 1088 84 22 prosten
357 1084 63 26 Hjelt.

261 1141 30 20 Pä
314 1141 151 25 framställning
483 1141 79 25 derom,
579 1141 68 21 beslöt
662 1141 84 21 ständet
763 1141 46 21 med
826 1141 107 21 obestridd
950 1140 68 27 plura-

193 1169 46 20 litet
262 1171 32 19 att
319 1169 108 21 remittera
452 1169 160 26 ifrägavarande
637 1170 130 27 proposition
794 1169 31 22 till
849 1169 166 24 statsutskottet;

192 1197 88 21 hvarom
305 1198 25 20 de
353 1197 65 27 öfriga
440 1198 89 21 ständen
552 1198 68 21 skulle
639 1205 74 20 genom
730 1198 195 27 protokollsutdrag
940 1198 76 21 under-

192 1228 67 19 rättas

262 1369 119 26 Föredrogs
401 1369 116 26 bordlagda
538 1370 78 26 nädiga
632 1370 157 27 propositionen
806 1370 108 26 angäende
929 1369 89 27 upphäf-

192 1398 67 21 vande
275 1399 20 20 at
311 1401 13 18 4
347 1400 11 17 5
375 1398 38 21 och
430 1399 11 19 6
458 1398 25 27 $$
500 1399 26 20 24
542 1398 47 27 kap.
607 1399 23 20 B.
646 1399 25 20 B.
687 1401 54 19 samt
762 1398 105 27 åtskilliga
883 1398 135 21 härförinnan

193 1426 124 21 meddelade
333 1427 130 24 stadganden
480 1433 33 14 om
530 1427 85 21 härads-
632 1427 39 21 och
684 1427 332 25 socknehrandstodsföreningar.

263 1483 153 22 Remitterades
432 1483 101 26 enhälligt
544 1483 31 21 till
587 1483 148 27 lagutskottet;
751 1484 86 21 hvarom
851 1484 25 21 de
887 1483 64 26 öfrige
962 1483 56 21 stän-

193 1512 40 21 den
249 1512 68 21 skulle
333 1518 75 20 genom
424 1512 196 27 protokollsutdrag
635 1512 142 21 underrättas.
