1117 1817
319 128 162 18 Presteståndet
493 128 56 17 1872.
574 129 20 16 11
614 128 59 20 april.
845 123 41 20 617

155 209 89 21 Prosten
261 208 93 27 Hjelt:
373 208 111 21 Professor
500 208 63 21 Cleve
578 208 40 21 har
630 210 67 25 yttrat
708 210 31 19 att
752 210 162 24 trävaruexpor-

85 239 86 20 törerna
196 237 28 27 på
239 243 25 15 en
280 237 99 21 utländsk
395 236 103 21 marknad
514 236 41 21 sålt
570 236 46 21 sina
631 242 62 15 varor
708 235 32 22 till
756 238 31 19 ett
802 236 50 27 pris,
868 242 45 15 som

86 266 28 27 på
128 265 53 22 intet
196 267 43 20 sätt
251 263 44 23 kan
311 268 106 19 motsvara
432 265 62 21 deras
510 265 70 26 värde,
597 271 47 15 men
661 264 67 22 skulle
743 265 24 21 så
782 271 52 14 vara
848 264 66 25 fallet,

86 294 68 22 skulle
169 294 18 27 ej
204 294 68 26 någon
287 295 38 25 såg
339 293 6 21 i
361 294 46 21 vårt
422 293 51 21 land
488 293 52 21 bära
555 294 31 25 sig
602 293 39 21 och
656 293 64 21 likväl
735 292 58 22 finna
808 293 20 21 vi
839 295 32 19 att
881 294 35 21 så-

86 329 76 21 garnes
178 323 57 20 antal
251 322 47 21 med
314 322 71 27 hvarje
401 322 41 27 dag
457 322 65 27 stiger
538 321 39 22 och
592 321 91 27 troligen
698 322 85 21 komma
799 321 26 22 de
841 321 17 27 ej
871 321 43 22 hel-

86 351 32 22 ler
141 353 31 19 att
195 351 94 27 upphöra
312 351 63 21 innan
397 351 106 26 skogarne
526 352 36 19 äro
581 350 48 21 slut.
662 350 77 21 Vidare
754 349 39 22 har
809 350 107 27 professor

88 379 62 23 Cleve
166 379 55 22 velat
236 379 116 25 framhålla,
369 381 32 19 att
416 379 40 21 den
472 379 65 26 högre
552 378 57 21 frakt
624 379 89 20 råvaran
729 378 98 27 betingar
839 379 78 21 verkar

88 411 32 18 att
140 409 88 20 stocken
250 408 6 21 i
279 408 42 21 alla
342 407 38 22 fall
395 407 97 22 kommer
507 409 32 19 att
554 408 34 20 stå
604 407 40 21 den
659 407 113 21 utländske
788 409 127 24 exportören

88 437 31 21 till
141 439 31 19 ett
193 437 48 26 pris,
257 443 45 14 som
325 438 118 19 motsvarar
462 436 39 21 den
518 435 89 27 pålagda
622 435 194 27 sågningsafgiften,
833 442 47 15 men
896 436 19 21 vi

88 465 60 22 skola
171 465 92 21 betänka
282 467 32 18 att
329 466 135 26 transporten
481 464 20 21 af
517 464 40 21 den
572 464 68 26 stock,
655 471 44 14 som
716 465 5 20 i
739 465 24 20 de
780 471 63 14 norra
859 465 56 21 trak-

88 496 61 19 terna
165 493 22 22 af
200 493 72 22 landet
287 493 79 21 utföres
381 493 96 26 vanligen
494 493 50 21 sker
558 499 76 20 genom
649 492 89 27 flötning
754 492 83 22 direkte
847 493 31 20 till
890 493 26 22 de

88 523 91 21 svenska
201 523 94 25 sågarne.
326 521 229 28 Flötningskostnaden
578 521 32 21 för
632 521 39 21 den
688 521 89 22 svenska
793 521 39 22 och
847 521 68 22 finska

88 551 88 22 stocken
192 550 32 22 till
239 551 60 21 Kemi
315 551 38 20 och
369 550 32 27 Ijo
417 549 78 22 elfvars
511 550 73 27 utlopp
597 552 24 19 är
631 550 82 21 således
724 550 127 21 densamma.
869 550 46 22 Den

88 579 113 22 utländske
217 581 125 25 exportören
359 578 99 22 behöfver
472 578 82 22 således
569 578 46 21 icke
631 579 116 20 vidkännas
762 579 69 26 någon
847 581 69 20 större

89 608 62 27 utgift
167 610 26 19 än
208 608 117 21 kostnaden
341 607 32 22 för
388 608 25 21 de
429 608 66 25 några
511 607 41 24 mil,
568 613 46 15 som
626 607 73 27 skiljer
709 607 40 21 den
760 606 69 22 finska
839 607 76 22 kusten

90 637 45 21 från
161 637 40 21 den
227 636 89 21 svenska
341 636 38 21 och
405 636 68 21 denna
500 635 92 22 kostnad
607 635 41 21 kan
664 635 96 27 omöjligt
775 635 49 27 höja
841 642 78 16 varans

90 665 64 21 värde
178 665 47 21 med
248 665 55 26 33!/;
325 667 95 24 procent;
444 664 59 21 detta
526 664 40 21 kan
583 667 56 18 ännu
655 664 80 21 mindre
751 670 38 19 ega
805 671 46 14 rum
868 665 48 21 med

91 694 40 21 den
153 693 126 21 holländska
297 693 62 27 bjelk,
375 699 45 15 som
435 692 7 21 i
458 692 80 27 sydliga
555 692 60 21 delen
631 692 23 22 af
667 692 72 22 landet
755 692 122 28 utskeppas,
893 695 22 25 ty

91 722 67 22 denne
173 728 45 15 som
234 724 24 19 är
273 722 57 20 bilad
345 721 86 22 alldeles
444 721 58 27 jemn
518 721 41 21 kan
575 720 80 22 stufvas
670 720 77 22 likaväl
757 727 46 15 som
815 722 104 26 någonsin

92 750 26 22 de
139 750 108 22 förädlade
269 750 161 26 sågplankorna.
461 750 79 20 Vidare
562 750 38 20 har
615 750 107 26 professor
737 749 63 22 Cleve
815 752 54 24 sagt,
885 752 33 20 att

91 786 49 14 man
155 780 7 20 i
178 779 134 27 regeringens
327 778 158 26 bestämningar
495 778 91 21 rörande
596 778 213 27 sågningsafgifterna
821 778 40 22 har
869 778 48 22 fun-

91 808 30 21 nit
147 814 26 15 en
189 809 41 19 viss
245 808 89 20 tendens
349 810 32 18 att
396 807 43 21 låta
456 807 47 21 dem
519 808 75 20 nästan
610 806 72 27 hvarje
697 806 64 22 femte
775 807 24 21 år
815 806 103 27 minskas;

92 836 59 22 detta
175 838 23 19 är
219 836 94 27 sanning,
331 836 38 21 och
385 836 23 21 så
423 835 39 21 bör
477 835 44 26 ske,
538 838 22 24 ty
576 835 40 21 den
632 835 93 21 inkomst
740 835 125 27 regeringen
881 836 39 21 har

92 865 46 21 utaf
152 865 127 27 sågskatten,
296 866 24 20 är
335 866 74 19 nästan
424 864 46 26 fyra
485 864 79 26 gånger
580 864 23 20 så
618 866 46 19 stor
678 870 45 15 som
740 864 39 21 den
796 864 125 27 regeringen

92 893 57 21 förut
164 893 61 27 hade,
241 893 26 21 då
284 893 39 21 den
339 893 54 21 hade
409 893 31 21 sin
457 892 110 21 bestämda
582 893 115 26 sågqvarns
713 894 67 19 ränta.
799 892 50 22 Men
861 893 60 21 detta

92 922 39 21 allt
145 922 99 21 inverkar
259 922 17 26 ej
293 922 27 26 på
335 921 183 26 nödvändigheten
534 923 31 19 att
576 921 86 26 vidtaga
675 920 80 22 sådana
765 921 101 27 åtgärder
875 923 46 20 mot

92 951 89 21 råvaran
205 956 44 15 som
273 956 28 15 nu
323 952 36 19 äro
381 950 119 26 föreslagna
514 951 33 19 att
562 950 26 20 de
603 949 69 21 skulle
687 949 80 21 utföras
783 952 52 19 utan
851 950 70 26 någon

94 979 63 27 afgift.
189 978 40 27 Jag
245 978 40 22 kan
301 978 18 27 ej
335 980 65 20 annat
415 980 25 19 än
456 978 120 21 återhemta
591 978 49 21 mitt
654 977 127 27 föregående
791 978 78 26 afgifna
880 980 42 26 ytt-

93 1008 66 21 rande
181 1007 39 22 och
238 1008 52 26 yrka
305 1008 28 26 på
348 1009 32 19 att
395 1006 157 28 presteståndet
567 1006 39 22 hos
621 1007 124 26 regeringen
761 1008 38 25 gör
815 1013 25 15 en
856 1006 65 22 fram-

96 1036 100 26 ställning
212 1042 33 15 om
261 1035 183 27 nödvändigheten
460 1037 32 19 att
507 1035 27 27 på
550 1035 40 21 den
605 1036 81 23 råvara,
702 1041 45 15 som
759 1037 130 25 exporteras,
899 1035 26 22 få.

94 1065 69 27 någon
178 1064 86 27 lämplig
279 1064 99 26 tullafgift
392 1064 56 26 lagd.

163 1121 82 21 Lektor
265 1121 162 22 Johnsson:
448 1121 41 26 Jag
512 1120 35 21 vill
570 1120 56 21 blott
649 1122 77 19 nämna
745 1122 31 19 att
792 1120 64 22 också
871 1122 50 25 såg-

95 1149 148 27 ningsafgiften
259 1150 108 21 nedsätter
383 1149 73 21 värdet
471 1149 27 26 på
513 1149 87 25 skogen.
631 1149 43 20 Det
688 1151 24 18 är
727 1149 76 21 endast
818 1149 104 27 skogega-

95 1184 37 15 ren
151 1179 27 25 pä
194 1178 25 21 de
235 1181 64 23 orter,
315 1178 37 21 der
367 1179 55 20 ännu
438 1177 133 21 konkurrens
587 1177 17 27 ej
621 1177 39 21 har
675 1177 101 27 uppstått,
793 1183 46 16 som
855 1178 72 21 måste

95 1206 52 27 sälja
167 1207 46 21 sina
228 1213 61 14 varor
305 1207 22 20 åt
343 1206 87 27 sågarne
445 1205 33 22 för
494 1207 23 20 sä
533 1206 83 27 mycket
632 1205 96 27 billigare
743 1212 46 15 som
805 1207 119 26 sägegaren

96 1236 67 20 måste
178 1235 71 21 betala
264 1235 5 20 i
285 1234 164 28 sågningsafgift.
480 1234 40 21 Om
537 1234 40 21 den
593 1234 67 21 skulle
677 1235 116 25 borttagas,
805 1237 35 18 vet
849 1235 36 26 jag
896 1235 27 27 ej,

96 1269 33 15 om
146 1264 35 20 det
197 1263 67 22 skulle
279 1267 64 24 tynga
359 1269 58 16 mera
432 1264 27 25 på
474 1263 139 26 stockegaren
629 1265 32 19 att
676 1264 89 20 råvaran
776 1263 69 21 skulle
856 1263 67 22 blifva.

96 1291 119 26 beskattad,
231 1292 54 21 blott
301 1292 35 21 det
351 1291 67 22 skulle
433 1292 38 21 ske
486 1292 6 20 i
508 1291 130 27 proportion.

165 1349 110 21 Professor
297 1349 100 22 Cleve:
420 1349 41 26 Jag
484 1348 62 21 utber
569 1349 41 25 mig
626 1349 75 21 endast
716 1350 31 19 att
763 1348 20 21 få
799 1349 74 21 anföra
888 1349 40 21 två.

96 1377 64 22 fakta.
192 1378 42 21 Det
255 1384 40 15 ena
317 1380 24 19 är
363 1378 36 20 det
421 1379 32 19 att
476 1377 132 26 sågrörelsen
623 1377 7 20 i
646 1377 72 21 landet
733 1377 114 26 ingalunda
862 1383 63 21 synes

97 1407 48 26 löpa
161 1407 68 26 någon
245 1405 51 27 fara,
313 1408 22 25 ty
351 1406 36 21 det
401 1408 24 19 är
440 1405 88 22 faktiskt
544 1407 32 20 att
591 1412 40 20 nya
646 1406 63 26 sågar
724 1405 101 27 anläggas
841 1406 38 21 och
891 1408 32 19 att

97 1435 130 26 sågrörelsen
243 1435 83 21 således
341 1434 91 27 tilltager
448 1434 89 21 oaktadt
553 1434 25 21 de
594 1434 48 27 låga
657 1434 70 27 prisen
741 1434 6 21 i
759 1434 103 26 utlandet,
873 1434 51 21 oak-

98 1464 45 21 tadt
168 1463 185 27 sågningsafgiften
378 1463 39 21 och
442 1463 89 21 oaktadt
557 1463 40 21 den
622 1462 79 22 tullfria
716 1462 102 21 utförseln
835 1463 22 21 af
870 1463 53 21 rund

98 1492 66 21 stock.
195 1492 64 21 Detta
275 1494 23 18 är
315 1492 35 21 det
365 1491 53 21 enda
434 1491 88 25 faktum,
536 1491 36 27 jag
589 1491 47 21 ville
652 1491 78 21 anföra.
761 1491 43 21 Det
819 1491 67 21 andra
901 1493 25 20 är

98 1522 32 19 att
151 1520 109 27 styrelsen,
283 1526 45 15 som
350 1519 81 28 uppbär
449 1519 195 28 sägningsafgiften,
659 1519 68 22 finner
742 1519 31 21 sin
789 1520 114 26 uträkning
918 1520 8 21 i
