1117 1817
317 147 162 17 Presteständet
492 147 53 16 1872.
570 148 22 15 19
605 151 61 12 mars.
843 142 40 20 385

86 227 41 21 kan
140 227 37 26 jag
198 227 17 25 ej
239 227 51 20 inse.
320 227 43 20 Det
387 229 24 18 är
425 226 57 21 blott
497 227 6 20 i
520 227 24 20 de
560 226 42 27 fall,
619 228 31 19 att
666 232 25 15 en
707 226 63 27 nädig
783 227 130 26 proposition

86 262 33 14 om
142 255 156 26 privilegiernas
321 255 149 26 upphäfvande
486 255 117 26 förelägges
618 255 115 20 ständerna
749 255 39 20 och
805 255 74 21 blifver
893 255 22 21 af

86 284 98 25 samtliga
199 284 88 21 ständen
304 286 97 23 antagen,
417 290 45 15 som
481 286 31 18 ett
527 284 75 20 sädant
611 285 46 24 nytt
670 283 133 22 förhällande
813 283 100 26 inträder,

86 318 45 15 som
147 312 40 21 kan
211 312 86 21 inverka
313 312 26 27 pä
355 312 239 21 kommunalutskottets
613 311 79 27 arbete,
709 311 80 22 hvilket
804 311 32 22 för
851 311 63 28 öfrigt

86 341 81 25 fortgär
189 341 66 20 under
277 340 151 27 förutsättning
448 341 23 20 af
485 340 134 27 möjligheten
636 342 32 19 att
683 340 20 21 fä
719 340 74 27 afslag.
823 341 40 26 Jag
879 347 35 15 an-

87 375 33 14 ser
143 370 36 19 det
201 369 82 20 derföre
306 375 51 15 vara
381 369 86 21 alldeles
483 369 123 26 tillräckligt
622 371 38 24 att,
677 369 69 20 säsom
762 369 152 26 protokollsut-

88 398 74 25 draget
178 397 63 21 ocksä
257 397 130 27 förutsätter,
404 397 155 21 underrättelse
575 404 33 14 om
625 397 92 22 beslutet
732 397 60 26 afgär
807 397 30 20 till
853 398 60 20 kom-

87 425 182 22 munalutskottet.
311 426 46 21 Med
389 426 111 21 enahanda
527 426 167 21 underrättelser
719 425 31 21 till
777 426 136 21 medständen

88 461 61 14 anser
169 454 36 26 jag
225 455 77 25 jemväl
323 455 38 20 allt
377 461 45 14 som
438 454 33 21 för
487 455 131 20 närvarande
633 454 39 21 bör
684 456 62 24 göras
762 454 5 20 i
784 455 63 20 saken
865 461 49 14 vara

88 483 75 26 gjordt.
194 483 160 21 Presteständet
370 483 39 20 har
424 483 32 20 för
471 483 31 21 sin
525 483 32 20 del
574 483 17 26 ej
609 483 88 26 upphäft
713 483 60 20 dessa
789 483 124 26 privilegier,

88 515 22 22 ty
132 511 85 21 ständet
240 511 38 21 har
301 512 45 21 icke
363 512 80 20 kunnat
459 513 51 25 göra
526 511 41 26 det,
582 512 87 20 emedan
686 511 63 27 nädig
765 511 148 27 proposition
900 507 16 35 i

88 542 71 18 ämnet
182 540 17 26 ej
224 540 111 27 föreligger
357 541 90 20 ståndet.
480 540 159 21 Presteständet
655 540 39 20 har
710 539 54 22 blott
781 539 86 22 beslutit
882 541 32 20 att

88 568 30 21 till
141 569 59 20 Hans
224 569 99 26 Majestät
346 569 47 26 ingå
417 568 47 21 med
487 575 25 14 en
529 568 88 27 petition
634 575 33 14 om
684 568 63 26 nådig
762 568 152 27 proposition
904 564 14 35 i

89 597 57 20 detta
162 597 59 26 syfte.
253 597 62 21 Först
331 597 64 22 sedan
413 603 24 15 en
455 597 130 26 proposition
603 597 106 26 verkligen
722 597 67 20 blifvit
800 597 114 21 ständerna

89 625 100 26 förelagd,
213 626 40 20 kan
276 626 35 21 det
335 626 32 21 för
383 626 26 21 de
425 625 67 27 öfriga
508 626 88 21 stånden
613 625 63 21 blifva
692 625 58 26 fråga
766 631 33 15 om
815 627 32 19 att
862 625 52 21 fatta

89 653 68 22 beslut
173 655 5 19 i
195 655 70 20 saken.

158 710 140 26 Domprosten
319 710 71 27 Borg
413 711 100 21 förenade
534 711 31 26 sig
588 711 46 21 med
662 710 107 27 professor
791 710 122 27 Ehrström;

88 738 67 22 likaså
171 739 76 21 doktor
264 739 145 27 Hornborg
424 739 40 21 och
480 739 106 27 professor
601 739 134 21 Forsman.

158 796 140 26 Domprosten
315 796 131 21 Renvall:
477 796 29 21 Af
520 796 26 21 de
562 796 52 24 skäl,
636 803 45 14 som
697 796 68 21 blifvit
781 796 93 26 anförda,
891 798 24 19 är

87 825 35 25 jag
137 824 32 21 för
185 824 41 21 min
243 824 32 21 del
292 825 18 26 ej
327 825 47 21 fullt
390 825 124 27 öfvertygad
530 832 33 14 om
580 825 39 21 den
636 824 119 26 föreslagna
772 825 143 26 procedurens

89 853 207 26 ändamålsenlighet.
329 854 47 20 Men
401 854 35 20 det
461 854 33 20 må
518 860 55 14 vara.
604 854 60 20 Dock
684 853 77 21 förstår
774 854 37 25 jag
826 853 17 25 ej
860 853 55 21 hvad

89 881 226 21 kommunalutskottet
331 888 28 14 nu
374 882 67 20 under
457 882 56 20 tiden
530 882 54 21 skall
600 884 56 24 göra.
683 882 111 21 Professor
804 882 110 21 Ehrström

88 910 39 20 har
149 913 52 23 sagt,
225 913 31 18 att
277 910 227 21 kommunalutskottet
520 910 110 21 fortsätter
645 911 48 20 med
709 910 36 21 sitt
761 910 72 21 arbete
848 911 67 21 under

88 938 149 26 förutsättning
261 942 30 17 att
315 940 62 25 nådig
400 939 130 26 proposition
554 938 72 22 aflåtes
650 939 32 20 till
705 940 114 20 ständerna
834 939 6 20 i
857 939 58 21 detta

88 968 58 26 syfte.
179 967 48 21 Men
253 974 32 14 om
310 974 25 14 en
363 968 63 26 nådig
451 968 130 26 proposition
608 968 17 26 ej
648 968 67 20 under
732 968 67 20 denna
815 967 100 27 landtdag

89 996 94 20 kommer
206 998 31 18 att
262 996 118 26 föreläggas
403 997 121 24 ständerna,
548 996 24 21 så
595 996 67 26 ligger
677 996 238 21 kommunalutskottets

89 1024 72 20 arbete
184 1024 105 21 fruktlöst.
323 1024 52 21 Lika
396 1024 32 21 väl
453 1025 71 20 kunde
547 1025 35 20 det
606 1024 95 27 upphöra
724 1025 47 20 med
791 1024 36 21 sitt
842 1024 73 21 arbete

88 1052 55 21 ända
165 1052 31 20 till
219 1053 46 21 dess
289 1053 40 21 den
349 1053 77 26 nådiga
442 1053 159 27 propositionen
617 1053 40 20 blir
673 1052 77 22 afläten
767 1053 38 21 och
821 1052 20 22 at
856 1055 59 19 stän-

89 1081 63 21 derna
168 1083 96 25 antagen.

156 1137 110 22 Professor
281 1138 152 21 Ehrström:
464 1137 40 27 Jag
522 1138 66 21 mäste
602 1138 16 26 ej
636 1137 61 22 hafva
713 1137 94 28 uttryckt
823 1137 41 27 mig
875 1137 40 22 till-

88 1165 105 26 räckligen
219 1167 81 26 tydligt,
323 1166 97 21 eftersom
439 1167 37 26 jag
500 1166 66 21 blifvit
589 1167 151 20 missförstådd.
773 1167 43 20 Min
832 1167 83 26 mening

89 1201 36 14 var
147 1197 30 18 att
199 1197 57 24 säga,
281 1195 35 21 det
338 1195 228 21 kommunalutskottet
581 1195 86 21 arbetar
683 1195 66 20 under
765 1195 150 26 förutsättning

88 1223 57 20 säväl
162 1223 21 20 af
198 1223 39 21 den
254 1229 45 16 ena,
317 1230 44 14 som
378 1224 66 21 andra
454 1223 142 27 möjligheten,
608 1223 60 21 äfven
682 1223 67 21 under
759 1224 156 25 förutsättning,

88 1253 32 18 att
136 1258 24 14 en
177 1252 63 26 nädig
255 1253 130 26 proposition
401 1253 17 25 ej
437 1252 39 21 blir
492 1252 32 21 till
540 1252 84 21 ständet
640 1251 83 22 afläten.

156 1308 83 21 Doktor
262 1309 143 26 Alop&eus:
435 1309 41 26 Jag
499 1309 34 20 vill
560 1309 54 20 blott
630 1309 47 20 med
693 1309 115 26 anledning
823 1309 21 20 af
859 1309 56 21 dom-

89 1339 85 24 prosten
197 1337 98 22 Renvalls
319 1338 98 26 yttrande
440 1340 57 24 säga.
520 1339 31 19 att
566 1339 69 19 såsom
652 1337 42 26 mig
709 1344 68 20 synes,
795 1337 17 20 vi
829 1337 86 21 alldeles

88 1366 46 20 icke
156 1365 89 21 behöfva
269 1366 61 21 hafva
352 1367 68 25 någon
442 1372 84 20 omsorg
548 1373 33 14 om
607 1366 54 21 hvad
689 1365 227 22 kommunalutskottet

88 1394 53 21 skall
157 1396 57 24 göra.

157 1451 88 21 Prosten
262 1451 81 27 Hjelt
367 1452 99 21 förenade
484 1451 30 26 sig
531 1451 47 21 med
594 1451 136 26 domprosten
746 1451 93 21 Renvall.

156 1509 83 20 Doktor
255 1509 146 26 Hornborg:
419 1509 42 20 Det
480 1508 106 21 förefaller
603 1508 42 26 mig
661 1508 46 21 litet
717 1508 120 27 oegentligt,
849 1510 31 19 att
891 1508 26 21 de

89 1537 65 26 öfriga
171 1537 89 21 stånden
277 1537 50 21 eller
344 1537 104 21 allmänna
466 1537 191 20 besvärsutskottet
674 1536 59 21 skola
744 1540 46 23 taga
801 1537 116 26 befattning

846 1577 21 17 25
