1117 1817
343 125 161 18 Presteståndet
516 126 55 16 1872.
596 126 27 16 20
636 125 51 17 febr.
867 121 41 21 149

106 204 193 27 justeringsnämnd
320 204 68 22 skulle
411 205 44 21 låta
477 205 48 21 dem
540 205 33 21 för
588 204 32 27 sig
634 204 106 27 uppläsas,
757 210 48 16 men
819 206 33 20 att
867 205 69 21 denna

106 233 192 27 justeringsnämnd
314 233 18 26 ej
349 233 67 21 skulle
431 233 62 21 bestå
508 233 22 21 af
543 239 81 15 samma
639 239 102 20 personer
756 232 32 22 för
802 233 49 21 hela
866 233 69 21 landt-

109 261 66 27 dagen
198 263 51 19 utan
264 261 23 22 af
300 263 32 20 tre
348 261 51 22 eller
414 261 45 28 fyra
474 261 213 22 ståndsmedlemmar
702 261 6 20 i
723 263 42 24 tur,
780 261 73 22 hvilka
867 261 69 22 skulle

109 289 62 27 åtaga
193 289 31 27 sig
239 291 32 20 att
285 290 34 21 för
334 290 13 21 3
362 289 13 22 å
389 291 14 20 4
419 290 65 26 dagar
500 290 6 21 i
522 290 76 21 sender
613 290 6 21 i
635 289 76 22 sådant
726 289 99 22 afseende
841 289 93 28 fungera.

108 318 113 21 Dessutom
244 318 41 21 kan
308 318 52 21 hvar
382 318 38 21 och
436 325 32 18 en,
484 320 40 19 när
538 318 130 27 protokollet
682 317 68 23 finnes
765 317 120 28 bordlagdt,
900 324 35 21 ge-

109 347 76 26 nomgå
200 347 45 21 sina
260 347 112 27 yttranden
389 347 38 21 och
444 347 27 21 då
486 349 52 24 göra
554 347 24 21 de
594 347 121 26 ändringar,
726 346 85 21 hvartill
821 347 42 22 han
873 353 63 16 anser

109 375 31 26 sig
156 375 61 21 hafva
232 375 41 26 fog.
303 375 94 22 Sålunda
413 375 71 22 kunde
501 375 97 22 besväret
613 375 33 21 för
661 375 52 21 hvar
729 375 39 22 och
784 381 26 15 en
826 375 64 22 blifva
899 375 37 22 be-

109 403 84 28 tydligt.
210 403 77 27 mindre,
303 405 26 20 än
345 410 34 15 om
394 403 42 22 alla
451 405 68 20 måste
534 404 82 21 befatta
631 403 32 28 sig
678 403 92 22 dermed.

178 461 142 26 Domprosten.
342 461 79 26 Borg:
452 461 41 26 Jag
516 461 37 21 ber
575 462 32 20 att
628 460 22 21 få
672 460 75 27 frångå
768 460 48 21 mitt
831 459 57 22 förra
902 467 34 20 yr-

110 488 69 22 kande
197 489 38 21 och
261 489 45 21 helt
321 489 39 21 och
376 489 66 22 hållet
463 489 74 21 förena
552 489 42 26 mig
610 489 48 21 med
673 489 107 27 professor
797 489 68 21 Cleve.
895 489 41 26 Jag

110 519 46 19 tror
177 517 105 27 nemligen
305 519 32 20 att
361 519 38 20 när
424 517 161 28 protokollerna
610 517 57 27 legat
691 518 27 26 på
743 517 77 22 bordet
845 517 40 22 och
901 523 34 16 en-

110 545 53 22 hvar
177 546 40 21 fått
232 548 52 25 göra
304 545 105 27 behöfliga
423 546 121 27 ändringar,
560 546 37 21 det
612 553 50 15 vore
677 546 124 27 tillräckligt
816 548 33 19 att
865 546 72 21 sekre-

110 576 85 19 teraren
218 575 139 26 genomginge
373 575 47 20 dem
436 575 40 21 och
492 575 158 21 kontrollerade
666 574 107 22 beslutens
789 574 106 27 riktighet.
925 574 11 21 I

110 602 79 22 sådana
211 603 37 21 fall
271 609 45 16 som
339 603 107 26 professor
469 603 63 22 Cleve
551 605 116 24 omnämnt,
682 603 67 21 borde
765 603 54 21 dock
831 603 105 27 justering

110 631 37 21 ske
170 631 55 22 inför
246 631 49 22 hela
317 631 92 22 ståndet.
440 632 39 21 Att
502 631 52 22 höra
569 631 32 22 till
617 638 27 15 en
656 631 195 27 justeringsnämnd
866 633 24 20 är
905 634 31 19 ett

110 660 58 20 svårt
183 660 102 26 uppdrag,
301 666 34 15 om
352 660 64 21 också
431 661 37 20 det
483 660 68 22 skulle
566 661 38 21 ske
620 661 5 20 i
641 662 41 19 tur.
713 660 50 21 Man
778 660 42 21 kan
831 659 105 27 nemligen

110 688 46 21 icke
171 694 61 16 svara
247 688 32 21 för
294 688 78 22 andras
387 688 120 27 yttranden.

178 744 90 22 Ståndet
283 744 69 22 beslöt
367 747 32 19 att
414 745 48 21 med
479 745 115 27 afgörande
610 744 21 22 af
645 745 74 27 frågan
735 744 68 22 skulle
818 746 67 24 anstå,
893 744 44 23 tills

110 773 26 21 de
151 773 131 27 protokoller
297 773 68 21 blifvit
378 774 116 26 justerade,
510 780 44 14 som
570 773 54 21 förts
639 773 64 21 innan
719 774 86 21 ståndet
819 776 65 24 antog
894 776 42 19 ste-

110 802 98 26 nografer
230 802 39 21 och
285 802 66 21 borde
374 802 58 21 detta
448 802 38 21 ske
501 802 176 22 nästkommande
693 802 79 27 fredag,
789 802 27 22 då
831 802 57 22 tiden
903 802 34 22 för

110 830 85 27 plenum
211 830 118 22 bestämdes
345 830 32 22 till
392 830 28 22 kl.
438 831 26 21 10
480 830 13 22 f.
509 837 27 15 m.

179 967 89 21 Ständet
283 967 101 21 ätskildes
400 967 27 21 kl.
444 967 48 28 21/,
508 973 18 15 e.
542 973 26 15 m.

717 1024 21 17 In
751 1024 58 17 fidem:

627 1058 52 22 Carl
694 1058 21 22 J.
731 1058 136 28 Lindegrvist.

197 1235 147 33 Tisdagen
366 1235 58 26 den
442 1234 36 27 20
491 1217 143 45 februari
651 1235 41 27 kl.
711 1235 31 26 11
762 1234 21 27 f.
802 1242 37 19 m.

114 1321 4 4 ,
177 1297 70 22 Sedan
270 1297 41 21 bön
333 1297 69 21 blifvit
423 1297 104 22 förrättad
543 1298 27 26 pä
585 1297 89 22 svenska
691 1297 86 28 spräket
793 1297 22 22 af
827 1303 19 15 v.
863 1299 73 25 pastor

110 1321 85 31 Öller,
218 1325 79 22 skedde
319 1332 90 21 upprop;
424 1325 89 22 hvarvid
536 1326 144 21 antecknades
703 1327 70 20 säsom
795 1326 140 22 fränvarande

108 1357 87 25 prosten
211 1354 98 27 Hofdahl,
326 1354 21 21 af
361 1355 57 20 förut
433 1354 97 27 angifven
546 1355 69 21 orsak.

176 1486 134 26 Föredrogos
325 1485 62 22 hvart
403 1486 53 21 efter
472 1487 72 26 annat,
559 1485 93 28 följande
668 1485 32 22 till
716 1486 85 22 ständet
816 1485 119 23 inlemnade

108 1514 178 28 petitionsförslag
292 1521 5 14 :
