1117 1817
341 146 162 18 Presteståndet
517 146 49 17 1872
595 147 12 16 6
620 151 61 12 mars.
855 144 41 20 235

168 227 119 27 Föredrogs
302 227 200 26 bankfullmäktiges
517 227 108 21 skrifvelse
640 227 22 20 af
676 227 40 21 den
732 227 24 20 31
768 227 83 26 januari
859 228 65 26 jemte

100 256 85 27 bilagda
200 255 180 27 kostnadsförslag
395 255 32 22 till
443 255 104 22 bankhus.
574 255 44 22 Och
634 255 79 22 beslöts
729 255 100 27 enhälligt
845 258 31 19 att
891 263 34 14 re-

100 285 85 20 mittera
200 284 151 27 handlingarna
367 285 31 20 till
414 284 172 26 bankutskottet;
603 284 72 21 derom
691 284 155 22 underrättelse
856 285 68 21 skulle

100 314 25 20 de
141 313 66 26 öfriga
222 313 89 21 ständen
325 319 76 21 genom
417 312 196 27 protokollsutdrag
629 312 113 22 meddelas.

167 455 170 22 Sammanträdet
359 455 108 27 upplöstes
490 455 28 21 kl.
542 455 49 27 2!/,
613 462 17 14 e.
654 461 34 18 m.,
704 456 64 21 sedan
784 456 139 27 nästföljande

98 484 85 27 plenum
206 484 67 21 blifvit
295 484 106 21 bestämdt
423 484 31 21 till
478 484 95 27 tisdagen
597 484 39 21 den
660 485 12 20 5
688 484 79 21 dennes
781 484 28 21 kl.
828 485 25 20 12
870 485 53 21 mid-

97 513 73 26 dagen.

704 569 21 18 In
738 569 58 17 fidem:

616 603 51 22 Carl
682 604 21 21 J.
719 604 134 27 Lindegvist.

179 827 146 33 Tisdagen
343 828 58 26 den
420 827 16 27 5
455 834 82 20 mars
556 827 40 27 kl.
616 827 32 27 12
667 827 168 33 middagen.

164 907 87 21 Plenum
275 908 106 26 öppnades
405 908 47 20 med
468 907 42 21 bön
527 908 26 26 pä
569 907 68 21 finska
652 907 86 27 språket
753 908 22 20 af
789 907 44 21 vice
848 909 73 25 pastor

94 935 107 22 Törnudd.

166 1072 38 22 Vid
227 1073 91 21 härefter
340 1073 118 22 verkstäldt
480 1080 82 20 upprop
585 1072 102 22 befunnos
709 1073 96 21 ständets
823 1073 96 27 samtlige

97 1101 137 22 medlemmar
256 1108 49 15 vara
328 1102 110 25 tillstädes,
454 1102 92 21 förutom
562 1102 44 20 vice
622 1104 72 24 pastor
709 1102 114 26 Dahlberg,
839 1108 44 15 som
899 1102 22 21 af

94 1130 57 21 förut
166 1130 117 21 antecknad
299 1130 62 21 orsak
377 1137 37 14 var
429 1130 145 21 fränvarande.

161 1271 114 27 Upplästes
297 1272 31 21 till
350 1273 103 26 justering
476 1272 195 27 protokollsutdrag
694 1271 32 21 för
749 1272 40 21 den
806 1273 9 20 1
833 1272 84 26 dennes,

94 1299 39 22 och
149 1300 134 21 meddelades
298 1303 32 18 att
346 1301 39 21 den
402 1301 31 21 till
449 1301 71 26 Borgä
535 1301 129 26 domkapitel
680 1307 80 15 samma
771 1301 40 26 dag
822 1300 96 21 beslutna

93 1327 122 23 skrifvelsen
232 1329 107 26 angående
355 1330 33 21 val
405 1330 20 21 af
439 1329 162 27 landtdagsman
617 1330 7 20 i
639 1329 70 22 stället
725 1329 32 21 för
772 1332 85 23 prosten
868 1329 50 21 Hof-

94 1356 55 27 dahl,
165 1363 88 15 numera
268 1357 75 27 afgätt;
359 1358 6 21 i
381 1358 113 26 anledning
510 1357 73 22 hvaraf

161 1414 84 22 Doktor
260 1414 152 27 Hornborg
427 1415 104 27 upplyste,
548 1417 31 19 att
594 1415 74 26 ätgärd
684 1415 30 20 till
728 1415 137 21 förenämnda
876 1415 42 22 vals

94 1443 131 21 anställande
247 1443 65 21 redan
333 1443 105 28 vidtagits,
462 1443 39 22 och
522 1443 54 22 hade
592 1443 58 22 detta
666 1443 68 21 blifvit
749 1445 67 20 utsatt
831 1443 31 21 till
878 1444 39 21 den

93 1472 27 20 26
134 1471 83 22 dennes.
