1117 1817
220 126 39 20 190
435 130 162 18 Presteständet
610 132 55 16 1872.
690 131 25 17 23
727 130 52 18 febr.

257 211 142 27 Domprosten
422 210 124 22 Renvall:
577 211 33 21 Då
634 211 36 21 det
692 210 105 25 beslutits,
814 213 33 18 att
862 211 68 26 någon
947 210 70 22 vidare

188 239 118 22 diskussion
323 239 4 21 i
344 239 59 22 detta
423 239 77 21 ärende
516 239 18 25 ej
551 239 53 21 skall
621 246 39 20 ega
675 245 52 20 rum,
744 239 24 21 sä
784 239 42 21 kan
842 239 33 21 väl
889 239 46 22 icke
951 239 67 22 heller

188 268 153 27 bordläggning
357 268 22 21 af
393 268 115 27 petitionen
523 267 123 28 ytterligare
662 268 85 21 komma
762 267 7 21 i
784 267 66 27 fråga.

257 325 90 21 Ständet
362 324 66 27 afslog
444 325 127 26 petitionens
586 325 122 27 ytterligare
724 324 161 27 bordläggning.

257 382 83 21 Doktor
364 382 150 27 Alopaeus:
546 382 32 21 Dä
601 381 40 22 här
663 381 66 22 finnas
748 381 125 27 ledamöter,
889 389 45 14 som
949 382 67 27 yrkat,

189 413 32 19 att
244 411 115 27 petitionen
382 410 67 22 skulle
472 411 80 20 lemnas
572 413 51 18 utan
639 410 105 27 afseende,
761 411 24 21 sä
800 411 69 21 skulle
881 411 37 26 jag
933 410 84 22 anhälla

189 445 41 20 om,
253 442 32 19 att
309 439 35 21 det
366 439 52 21 först
440 439 67 21 skulle
525 439 89 26 afgöras,
631 439 102 21 huruvida
749 440 41 20 den
806 439 55 22 skall
876 439 61 21 vinna
953 440 64 26 nägot

189 468 98 21 afseende
303 468 51 21 eller
370 468 25 26 ej.
418 467 69 22 Sedan
504 467 40 21 blir
560 467 35 22 det
610 468 32 21 tid
657 469 32 20 att
704 467 119 22 framställa
834 468 130 27 proposition
975 474 41 20 om,

190 496 83 22 hvilken
289 496 76 26 ätgärd
379 496 83 21 ständet
479 502 62 15 anser
556 496 52 21 böra
624 497 101 26 vidtagas.

258 553 204 27 Kontraktsprosten
486 553 141 27 Sohlberg
650 553 39 22 och
711 556 87 24 prosten
822 553 77 27 Hjelt
919 553 98 22 förenade

189 582 32 27 sig
237 582 48 21 med
301 582 76 21 doktor
393 582 111 27 Alopaeus.

259 639 58 21 Härä
333 638 139 22 framställdes
488 638 90 27 följande
598 639 250 26 voteringsproposition:
878 639 68 21 Anser
960 640 58 21 stän-

190 667 35 21 det
247 667 137 21 förevarande
407 667 89 27 petition
518 667 84 27 päkalla
624 667 75 25 ätgärd
721 667 46 21 frän
791 668 96 21 ständets
905 668 45 20 sida
965 668 52 21 eller

189 695 60 21 icke?
279 696 46 20 Den
347 702 45 14 som
415 696 77 20 önskar
514 696 77 26 åtgärd
606 702 73 14 svarar
692 696 35 26 ja;
745 696 40 21 den
801 696 36 21 det
852 696 47 21 icke
913 696 42 26 vill,
971 702 46 15 sva-

190 730 35 15 rar
241 724 48 26 nej.

258 781 131 21 Besvarades
412 781 47 21 med
482 782 28 20 20
530 781 28 27 ja
581 783 45 19 mot
643 782 25 20 12
685 782 53 26 nej;
755 781 40 21 och
811 782 76 26 ansägs
903 782 114 26 petitionen

190 809 81 22 säledes
287 810 85 26 päkalla
389 810 81 26 ätgärd.

259 866 56 21 Herr
337 866 161 22 talmannen
521 866 156 22 öfverlemnade
693 873 28 15 nu
736 866 32 22 till
785 867 96 21 ständets
896 867 120 27 afgörande,

189 900 34 16 om
246 895 116 27 petitionen
378 895 66 21 skulle
460 895 6 21 i
482 895 31 21 sin
530 895 78 26 helhet,
623 895 52 21 eller
690 895 55 21 biott
761 895 72 27 delvis,
850 896 119 21 remitteras
985 896 31 21 till

187 923 88 21 utskott.

257 980 10 22 I
282 980 113 27 anledning
411 980 59 22 häraf
484 981 103 27 begärdes
602 981 62 21 ordet
679 981 53 21 först
747 981 22 21 af

256 1038 111 21 Professor
389 1038 141 27 Forsman,
554 1045 45 15 som
622 1038 93 28 yttrade:
746 1038 41 27 Jag
802 1038 68 22 skulle
886 1038 76 22 föreslä
977 1041 38 23 att,

189 1066 27 22 dä
231 1067 64 21 saken
312 1073 28 15 nu
355 1069 24 19 är
395 1066 121 22 diskuterad
532 1067 38 21 och
586 1067 97 21 ständets
694 1067 64 21 tanke
769 1068 135 26 temmeligen
916 1067 33 21 väl
960 1068 56 21 känd

187 1094 34 22 för
242 1095 96 21 enskilda
360 1095 201 21 besvärsutskottets
585 1095 142 26 medlemmar,
743 1096 118 26 petitionen
877 1097 5 20 i
897 1096 32 22 sin
945 1096 71 21 helhet

187 1124 148 21 remitterades
351 1124 31 20 till
397 1124 111 25 utskottet,
524 1127 52 18 utan
592 1126 31 19 att
639 1125 69 25 nägon
724 1124 143 27 begränsning
883 1125 72 21 dervid
970 1124 46 21 frän

187 1153 96 20 ständets
298 1152 47 21 sida
360 1152 133 21 förskottsvis
509 1152 89 21 behöfde
614 1155 68 24 göras.

256 1209 51 22 Vice
322 1211 73 25 pastor
411 1209 189 22 Westerlund:
631 1210 41 26 Jag
687 1212 35 19 vet
737 1210 18 27 ej
772 1212 50 23 rätt,
833 1210 104 21 huruvida
947 1211 69 26 nägon

187 1239 74 20 remiss
282 1238 22 21 af
323 1245 26 14 en
365 1238 87 27 petition
468 1237 32 22 till
516 1238 79 21 hälften
612 1239 41 20 kan
669 1239 85 21 komma
770 1239 6 20 i
792 1238 65 27 fräga.
888 1239 46 21 Den
950 1239 66 21 mäste

187 1267 33 20 väl
243 1267 34 21 hel
301 1267 38 21 och
363 1267 69 20 hällen
447 1267 126 21 remitteras.
605 1267 48 21 Men
670 1267 6 20 i
692 1267 100 21 händelse
807 1267 97 22 ständets
919 1267 54 26 äsigt
988 1273 28 15 nu

187 1295 66 21 redan
268 1298 24 19 är
306 1296 24 21 sä
345 1295 117 27 utpräglad,
480 1297 32 19 att
527 1295 35 22 det
578 1295 96 22 enskilda
689 1295 194 22 besvärsutskottet
898 1296 39 21 har
951 1297 65 25 nägot

188 1325 31 20 att
234 1323 57 22 hälla
307 1324 31 27 sig
354 1324 31 21 till
401 1323 39 22 och
456 1324 6 21 i
478 1324 36 21 fall
530 1324 261 27 diskussionsprotokollet
807 1324 54 21 skall
877 1325 48 26 ingä
937 1325 32 20 till
980 1330 35 15 en-

187 1352 70 21 skilda
272 1352 198 27 besvärsutskottet,
486 1353 24 20 sä
525 1352 95 22 anhäller
633 1353 37 26 jag
685 1355 32 18 att
732 1353 21 20 fä
768 1353 109 21 inkomma
887 1353 48 21 med
945 1351 70 23 skrift-

186 1380 40 27 ligt
247 1381 98 27 yttrande
368 1381 32 21 till
423 1388 80 14 samma
526 1381 96 21 enskilda
645 1381 176 26 besvärsutskott,
836 1381 33 21 för
884 1383 32 20 att
931 1381 85 21 bemöta

187 1409 26 21 de
229 1410 169 26 anmärkningar,
415 1416 44 15 som
475 1412 37 19 äro
528 1410 74 26 gjorda
618 1412 44 19 mot
677 1410 116 27 petitionen
805 1410 32 21 till
849 1416 26 15 en
886 1409 40 27 del,
937 1410 20 20 d.
969 1416 17 14 v.
998 1415 15 15 s.

187 1437 7 22 i
210 1437 39 22 den
266 1438 61 21 delen
342 1445 45 14 som
403 1439 65 26 angär
482 1438 226 27 representationsrätt
723 1438 32 21 för
770 1438 169 21 folkskollärare.

256 1495 83 22 Doktor
360 1495 159 27 Hornborg:
549 1495 41 28 Jag
607 1495 110 22 insisterar
732 1496 17 27 ej
767 1501 88 16 numera
870 1496 27 27 pä
913 1495 47 21 mitt
974 1495 41 21 för-

187 1523 52 28 slag,
262 1524 88 21 emedan
371 1524 36 27 jag
431 1524 91 21 förutser
544 1526 38 25 att,
598 1525 6 20 i
620 1524 101 21 händelse
744 1524 36 21 det
799 1524 69 21 skulle
883 1525 85 20 komma
983 1526 32 20 att
