1117 1817
223 129 28 21 62
434 133 163 18 Presteståndet
610 135 55 16 1872.
689 134 22 17 13
723 134 52 17 febr.

292 214 146 33 Tisdagen
457 214 58 26 den
534 213 33 27 13
585 213 138 27 februari
741 213 42 27 kl.
802 213 33 26 12
853 220 28 26 p.
900 213 26 27 d.

265 282 170 22 Sammanträdet
451 282 108 27 öppnades
575 282 47 21 med
638 282 41 21 bön
692 282 27 27 pä
729 281 69 22 finska
809 281 87 27 spräket
906 281 22 22 af
937 283 85 26 prosten

194 311 123 26 Rosengren

265 407 40 22 Vid
327 407 93 22 anstäldt
442 414 82 20 upprop
543 407 104 22 befunnos
662 408 96 21 ständets
773 407 98 27 samtliga
887 407 136 22 medlemmar

195 436 138 24 närvarande,
357 437 47 20 med
426 436 109 26 undantag
558 436 22 21 af
596 438 86 25 prosten
697 436 93 21 Hofdahl
807 436 38 21 och
861 436 70 21 lektor
945 435 78 26 Euren,

195 465 66 21 hvarä
272 465 49 21 herr
331 465 157 21 Talmannen
498 464 146 27 tillkännagaf,
654 467 32 19 att
694 465 65 25 enligt
769 465 88 20 anländt
867 465 101 26 telegram
978 464 44 21 lek-

195 496 35 19 tor
252 493 71 22 Eur6n
346 493 6 21 i
375 493 40 26 dag
437 494 27 25 pä
487 499 115 20 morgonen
618 493 72 21 aflidit.
721 493 32 21 På
769 493 154 26 framställning
939 492 22 22 af
973 492 50 21 herr

195 522 157 21 Talmannen
366 521 78 22 beslöts
455 524 31 19 att
497 522 6 20 i
515 521 102 26 afgäende
628 521 108 22 skrifvelse
745 521 73 22 härom
829 521 126 22 underrätta
965 521 58 21 dom-

195 550 91 27 kapitlet
307 550 6 21 i
355 550 34 26 Åbo,
408 551 47 20 med
470 550 105 21 anmodan
592 553 32 18 att
639 550 27 25 gå
681 550 7 21 i
703 550 123 26 författning
841 556 34 15 om
891 549 132 22 anställande

196 579 22 21 af
232 581 47 25 nytt
295 578 32 21 val
343 579 22 21 af
379 577 77 23 ömbud
471 578 33 21 för
519 578 212 22 elementarlärarene
747 579 6 20 i
769 572 47 28 Åbo
832 578 101 22 erkestift.

265 714 84 22 Doktor
371 714 149 27 Hornborg
539 714 97 22 crinrade
652 721 34 15 om
702 716 31 20 att
748 715 7 21 i
771 714 152 27 sammanhang
938 714 85 22 dermed

197 744 66 20 borde
286 743 99 26 beslutas,
408 745 31 19 att
462 743 133 21 elektorerne
618 743 68 21 skulle
708 743 55 27 välja
785 750 26 20 ny
831 743 94 21 ledamot
939 744 6 20 i
961 745 62 20 stats-

197 772 110 21 utskottet.

266 834 83 21 Doktor
365 834 141 27 Alopaeus
521 834 93 27 yttrade:
644 834 41 26 Jag
700 834 32 21 för
747 834 42 21 min
807 834 33 22 del
855 834 121 22 hemställer
991 834 32 22 till

196 862 92 26 ständet,
305 862 102 22 huruvida
422 865 31 19 ett
468 865 47 25 nytt
530 863 33 21 val
579 869 61 15 anses
656 862 111 27 behöfligt;
784 863 35 21 det
835 862 66 22 finnes
916 863 33 21 väl
962 870 62 20 supp-

196 891 59 21 leant
273 891 39 21 och
336 891 35 21 det
387 894 23 18 är
425 891 101 27 naturligt
542 893 32 19 att
590 891 40 21 den
645 891 67 21 första
727 892 139 26 suppleanten
882 892 94 21 inträder
990 892 34 21 sä-

196 926 45 15 som
259 920 105 21 ordinarie
380 920 91 21 ledamot
486 920 6 20 i
508 920 166 22 statsutskottet.
701 920 42 21 Det
758 920 42 21 kan
816 921 65 21 sedan
892 920 63 22 blifva
965 920 59 27 fräga

197 955 41 19 om,
254 948 104 22 huruvida
374 955 25 21 ny
415 948 111 28 suppleant
541 948 54 21 skall
610 948 94 28 inväljas.

266 1006 142 26 Domprosten
431 1006 71 26 Borg
524 1005 90 27 androg:
646 1006 42 20 För
703 1006 42 20 min
762 1006 33 21 del
811 1012 62 15 anser
885 1006 42 26 jag,
944 1008 32 19 att
991 1006 33 21 val

197 1034 39 21 bör
251 1034 38 22 ske
305 1034 39 21 och
357 1034 66 21 likasä
439 1034 59 21 äfven
514 1034 113 26 suppleant
644 1037 56 18 utses
715 1034 6 21 i
737 1034 72 21 stället
819 1034 33 21 för
863 1034 39 21 den
915 1034 110 27 afgängne.

197 1063 30 27 Ty
249 1062 36 22 det
304 1064 23 19 är
342 1062 112 27 ingalunda
470 1062 61 27 sagdt
546 1064 32 19 att
594 1062 33 26 de,
644 1069 45 15 som
705 1065 36 19 äro
757 1062 63 22 valda
835 1062 32 22 till
883 1063 142 27 suppleanter,

198 1093 36 19 äro
258 1091 85 21 afsedde
366 1093 31 19 att
420 1091 63 21 blifva
504 1091 138 21 medlemmar
661 1091 6 21 i
683 1091 111 21 utskottet.
824 1091 40 27 Jag
880 1098 61 14 anser
957 1091 70 22 derför

198 1122 47 25 nytt
262 1119 33 21 val
311 1120 52 20 böra
378 1120 42 20 ske.

267 1176 34 21 Då
323 1176 61 25 ingen
409 1176 65 21 talare
496 1176 71 21 vidare
591 1177 94 21 önskade
705 1178 57 26 yttra
778 1177 38 26 sig,
832 1176 141 22 framställdes
987 1176 39 21 föl-

195 1204 66 27 jande
276 1204 141 27 proposition:

268 1261 69 22 Anser
358 1261 84 21 ståndet
464 1263 32 19 att
509 1268 26 21 ny
551 1261 94 22 ledamot
660 1261 6 21 i
682 1261 159 22 statsutskottet
856 1261 39 21 bör
910 1261 22 21 af
945 1261 81 22 elekto-

198 1296 61 15 rerne
283 1292 58 19 utses
363 1290 6 20 i
392 1289 71 22 stället
485 1289 32 22 för
538 1289 78 22 aflidne
631 1290 216 21 ståndsmedlemmen
862 1289 71 22 lektor
947 1289 78 27 Eurén,

199 1318 52 21 eller
273 1321 32 18 att
321 1319 40 20 den
377 1318 52 21 efter
444 1318 77 21 honom
538 1318 122 27 ledigblifna
676 1318 187 27 ledamotsplatsen
879 1318 41 21 kan
936 1320 90 19 ersättas

199 1346 22 21 af
242 1347 41 21 den
299 1347 56 20 förut
371 1347 59 21 valde
446 1347 65 21 förste
524 1347 154 26 suppleanten?
707 1347 46 21 Den
769 1353 46 15 som
831 1347 78 21 önskar
924 1349 47 25 nytt
986 1347 39 26 val,

199 1381 73 15 svarar
285 1375 31 26 ja;
334 1375 39 21 den
390 1375 36 21 det
440 1375 46 21 icke
502 1375 42 26 vill,
560 1381 72 16 svarar
648 1376 39 27 nej.

268 1433 131 20 Besvarades
417 1433 47 20 med
481 1433 27 20 20
520 1433 23 26 ja
559 1435 44 18 mot
620 1433 26 20 12
663 1432 41 26 nej;
722 1432 37 21 och
777 1432 80 21 erhöllo
873 1432 82 21 således
970 1431 56 23 elek-

199 1463 85 19 torerne
307 1461 6 20 i
336 1461 96 26 uppdrag
447 1463 31 19 att
494 1461 90 22 anställa
600 1461 33 21 val
649 1461 21 21 af
685 1461 92 21 ledamot
792 1461 6 20 i
814 1461 158 21 statsutskottet
987 1461 39 20 och

199 1489 112 27 suppleant
327 1489 5 20 i
349 1489 168 22 bankutskottet.
