1117 1817
214 134 42 22 522
428 138 161 18 Presteståndet
602 140 56 16 1872.
681 140 13 16 3
706 139 59 21 april.

187 220 48 20 dess
259 218 41 21 alla
320 218 45 27 fyra
379 218 87 25 klasser,
482 224 51 15 vore
548 218 6 21 i
571 218 38 21 och
625 219 48 20 med
689 219 36 21 det
741 225 81 15 samma
837 219 175 22 klockarekandi-

187 247 62 22 dater
271 247 38 21 och
331 247 82 21 således
434 247 181 21 dokumenterade
633 248 68 21 såsom
725 247 81 22 sådana
828 248 34 21 vid
878 247 134 22 besättandet

187 275 22 22 af
223 282 27 15 en
266 275 139 26 läraretjenst,
422 275 26 22 då
464 275 46 22 åter
526 275 32 26 de,
574 281 45 16 som
636 275 46 21 med
699 275 114 28 anledning
829 276 22 21 af
865 277 61 20 deras
941 278 70 19 natur-

186 304 43 27 liga
251 303 63 27 anlag
329 303 46 22 icke
395 303 55 27 duga
466 303 32 22 till
514 303 106 24 klockare,
636 304 67 21 sknlle
718 305 105 26 genomgå
839 304 54 22 blott
909 307 31 19 tre
956 305 56 21 klas-

187 339 35 15 ser
245 332 40 21 och
307 332 107 21 användas
436 333 71 20 såsom
527 332 180 27 folkskolelärare,
733 339 49 15 men
798 336 49 19 utan
864 333 103 27 rättighet
981 335 31 19 att

186 361 139 22 tillerkännas
348 361 184 26 föresångarerätt.
571 361 42 21 Det
635 363 23 19 är
671 361 44 27 just
730 362 49 21 med
795 362 111 26 anledning
923 362 21 21 af
958 362 54 21 hvad

187 389 108 28 professor
310 389 101 22 Forsman
428 389 86 22 sednast
530 392 114 23 omnämnt,
660 396 45 15 som
718 390 37 26 jag
766 390 68 21 skulle
844 390 49 27 vilja
902 390 110 21 framhålla

187 418 185 26 nödvändigheten
388 418 21 21 af
424 420 31 19 att
470 418 18 26 ej
505 424 27 21 ny
548 418 114 26 bevillning
676 418 69 21 skulle
760 419 89 24 anvisas,
861 422 50 18 utan
922 421 90 19 tvertom

187 447 6 20 i
209 447 118 26 petitionen
343 453 33 14 om
392 449 47 24 nytt
453 446 240 22 folkskoleseminarium
709 447 44 21 låta
762 447 68 21 denna
842 448 79 21 önskan
935 447 76 28 inflyta,

187 475 70 21 såsom
282 475 113 26 verkligen,
412 475 65 26 enligt
492 475 42 20 min
551 475 61 26 åsigt,
628 475 129 22 befodrande
774 475 35 22 det
825 475 105 22 allmänna
946 476 65 21 bästa.

256 532 110 21 Professor
381 531 97 22 Cleve:
508 533 32 20 Då
553 532 37 27 jag
605 532 91 25 begärde
712 533 67 25 ordet,
796 539 37 15 var
845 533 37 26 jag
893 533 119 26 visserligen

188 561 75 21 sinnad
279 563 32 18 att
327 563 36 21 att,
380 561 68 21 såvidt
464 561 35 20 det
514 561 61 20 stode
591 562 5 19 i
613 561 41 20 min
671 561 100 26 förmåga,
787 561 136 26 ådagalägga,
940 564 31 18 att
981 563 32 20 ut-

188 590 82 21 skottet
285 589 46 21 icke
347 589 115 21 behandlat
478 589 160 26 ifrågavarande
653 589 77 22 ärende
746 590 24 21 så
785 589 87 22 alldeles
888 590 123 26 lättsinnigt,

188 621 32 18 att
237 624 47 15 man
301 618 69 21 kunde
385 624 61 15 anses
469 617 119 24 berättigad
604 617 30 21 till
651 618 36 21 det
701 619 123 25 påstående,
841 621 31 18 att
885 619 44 26 just
945 619 68 20 denna

188 647 113 26 egenskap,
319 646 113 26 lättsinnet,
449 653 49 14 vore
514 646 6 20 i
536 647 58 20 detta
602 646 36 21 fall
651 647 47 20 dess
709 647 140 21 utmärkande
861 647 150 21 kännetecken.

188 675 49 21 Men
261 675 27 21 då
311 681 28 14 nu
359 675 23 21 så
405 675 82 26 mycket
509 675 5 19 i
536 675 65 20 saken
618 677 22 18 är
656 675 81 24 ordadt,
755 675 62 21 utber
831 675 35 27 jag
881 676 42 26 mig
939 676 73 20 endast

188 706 32 18 att
243 703 20 21 få
286 702 110 22 framhålla
419 709 25 15 en
467 703 163 26 omständighet.
661 703 42 21 För
723 703 41 21 min
789 704 32 20 del
838 707 45 17 tror
896 704 36 26 jag
947 704 18 26 ej
982 706 31 18 att

189 732 47 21 vårt
259 732 49 20 land
331 734 24 18 är
373 733 23 19 så
411 734 61 20 armt,
489 734 31 18 att
536 732 46 20 icke
601 732 71 26 hvarje
688 732 46 20 dess
751 732 58 25 barn,
824 738 44 15 som
885 732 76 21 sådant
976 734 35 19 ön-

189 760 56 25 skar,
262 760 41 20 kan
319 760 95 20 tillvinna
428 760 32 26 sig
476 760 39 20 den
531 760 53 24 grad
599 760 21 20 af
634 760 76 21 allmän
728 760 100 27 bildning,
844 766 45 15 som
906 767 47 14 man
965 761 47 21 med

189 789 45 21 skäl
251 788 41 21 kan
308 788 21 21 af
343 795 26 14 en
385 788 98 22 klockare
498 788 78 21 fordra.
608 789 41 21 Det
664 791 24 18 är
702 788 17 26 ej
737 788 90 22 allenast
841 789 118 21 folkskolan
973 789 38 21 och

189 817 40 21 den
253 817 65 26 högre
340 816 81 26 skolan,
444 823 45 15 som
512 817 42 21 kan
577 817 57 26 tjena
649 817 70 21 härtill
735 817 70 21 såsom
821 818 73 20 medel.
925 818 26 21 Vi
967 820 45 24 äga,

189 845 47 22 Gud
261 852 48 15 vare
330 845 34 25 lof,
388 846 23 20 så
433 846 83 26 mycket
538 846 77 20 allmän
639 845 94 27 bildning
751 846 5 20 i
773 846 47 21 vårt
836 846 55 26 land,
907 849 32 18 att
955 846 57 21 detta

190 875 53 20 mått
268 874 23 21 af
314 874 88 21 vetande
427 874 38 21 och
492 874 102 27 kunskap,
620 880 45 15 som
682 874 38 21 här
735 874 89 25 fordras,
841 874 40 21 kan
897 874 115 22 förvärfvas

188 902 60 22 äfven
272 905 58 19 utom
353 903 105 21 skolorna.
489 903 73 26 Enligt
584 903 42 21 min
647 902 64 22 tanke
733 902 41 22 kan
791 903 35 21 det
842 903 17 26 ej
877 902 62 22 blifva
954 903 58 27 fråga

188 937 41 19 om,
246 933 31 19 att
300 931 100 21 särskildt
415 931 31 21 för
462 931 110 21 klockares
588 931 93 26 bildning
696 937 114 21 arrangera
825 934 31 18 ett
871 932 140 22 seminarium,

189 959 106 22 måhända
311 966 25 15 en
351 959 68 22 sluten
435 960 85 20 anstalt.
551 960 49 21 Men
616 960 95 24 deremot
727 960 104 21 erkänner
843 960 37 27 jag
895 960 24 21 så
930 960 82 27 mycket

187 994 60 15 mera
269 988 100 22 behofvet
392 988 21 21 af
432 994 25 15 en
474 988 123 22 musikalisk
620 988 93 26 bildning
736 990 34 19 tör
785 988 62 22 dessa
861 988 151 24 funktionärer,

188 1016 39 22 och
241 1017 37 27 jag
301 1016 34 22 vill
355 1016 91 27 tillägga,
463 1019 31 19 att
509 1017 35 27 jag
559 1016 61 22 äfven
636 1023 61 15 anser
712 1023 49 15 vara
777 1017 22 21 af
814 1017 48 26 vigt,
879 1019 32 19 att
926 1017 25 21 de
968 1016 45 22 blif-

188 1045 68 21 vande
273 1045 126 21 klockarene
414 1048 66 18 sättas
497 1046 6 20 i
519 1045 82 21 tillfälle
616 1047 32 19 att
663 1045 104 21 förvärfva
782 1046 32 26 sig
829 1052 26 14 en
871 1046 64 26 riktig
950 1046 63 26 insigt

187 1073 6 21 i
210 1074 37 21 vår
269 1074 109 21 lutherska
394 1074 137 21 bekännelses
546 1074 174 26 grundprinciper
735 1074 39 21 och
790 1074 81 21 erhålla
886 1074 69 26 någon
971 1074 42 21 led-

187 1102 51 26 ning
261 1102 6 21 i
291 1105 32 18 att
343 1103 95 20 meddela
462 1103 149 25 undervisning
633 1102 6 21 i
663 1102 94 26 religion.
789 1103 48 21 Men
853 1102 31 21 till
901 1103 38 21 allt
955 1102 57 22 detta

187 1130 83 21 fordras
293 1131 26 26 ej,
343 1131 65 26 enligt
430 1132 43 19 min
496 1131 90 26 mening,
603 1134 30 18 ett
650 1131 63 26 årligt
728 1130 74 27 anslag
817 1132 21 20 af
855 1132 76 23 12,000
947 1131 64 20 mark.

188 1158 73 22 Skulle
278 1165 47 15 man
341 1159 48 26 vilja
404 1159 79 21 inrätta
498 1165 25 15 en
540 1159 78 22 anstalt
634 1159 32 20 för
682 1159 123 27 nyssantydt
821 1159 104 25 ändamål,
947 1162 14 17 t.
980 1165 32 15 ex.

187 1186 40 22 här
242 1187 6 21 i
265 1187 137 26 Helsingfors,
418 1188 23 21 sä
456 1187 68 22 skulle
540 1194 48 15 man
604 1188 84 20 komma
703 1187 32 22 till
751 1189 56 20 rätta
818 1187 47 22 med
876 1188 63 26 4,0C0
947 1187 64 22 mark.

187 1215 42 27 Jag
244 1218 51 21 tror,
311 1218 32 19 att
358 1217 61 26 ingen
435 1217 39 20 här
488 1217 132 20 närvarande
635 1216 41 21 kan
692 1216 51 26 hysa
758 1216 71 21 tvifvel
850 1217 79 24 derom,
945 1218 32 19 att
990 1216 24 27 ju

188 1250 49 15 man
261 1244 39 21 här
322 1244 53 21 skall
398 1244 56 22 finna
474 1245 76 26 någon,
574 1251 45 15 som
642 1246 32 19 för
692 1247 31 18 ett
739 1245 78 20 arvode
832 1244 21 22 af
867 1245 64 24 3,000
947 1245 65 24 mark,

187 1273 64 26 åtoge
266 1273 33 26 sig
314 1275 32 19 att
361 1273 68 21 lemna
445 1280 25 14 en
486 1273 81 27 ganska
582 1273 42 27 god
638 1273 148 26 undervisning
801 1273 6 20 i
824 1273 105 21 musikens
945 1273 68 22 theori

187 1301 40 22 och
249 1301 102 27 derjemte
374 1301 84 27 ledning
481 1302 6 20 i
504 1301 131 27 bekantskap
655 1301 22 21 af
691 1301 136 21 klaviaturen.
859 1301 78 22 Likaså
952 1302 61 21 torde

188 1330 35 21 det
239 1330 18 26 ej
274 1330 71 21 kunna
361 1330 75 27 dragas
451 1331 6 20 i
474 1330 77 27 tvifvel,
568 1333 31 18 att
610 1330 247 26 religionsundervisning
868 1329 87 22 förenad
966 1330 48 22 med

187 1357 146 28 handledning
347 1359 6 20 i
369 1358 47 21 dess
432 1359 138 21 meddelande
584 1359 23 21 åt
622 1358 52 21 barn
691 1359 40 20 kan
745 1358 47 21 med
803 1359 12 20 2
825 1359 85 21 timmar
919 1359 5 20 i
934 1359 79 21 veckan

188 1386 93 22 erhållas
295 1387 33 20 för
345 1388 62 24 1,000
422 1387 60 22 mark
498 1393 34 15 om
548 1388 52 20 året.
632 1387 41 21 Det
684 1389 37 24 gör
732 1386 127 22 tillsamman
873 1388 62 23 4,000
947 1387 65 21 mark.

189 1415 38 20 Att
250 1415 77 26 bevilja
349 1415 103 22 särskilda
474 1415 69 22 medel
563 1415 32 22 för
610 1418 31 19 ett
656 1415 105 24 ändamål,
777 1421 44 15 som
837 1415 6 20 i
860 1415 35 21 det
910 1415 49 22 hela
974 1415 40 21 for-

188 1443 50 22 drar
254 1450 26 15 en
295 1445 24 20 sä
334 1444 59 27 ringa
409 1444 97 27 kostnad,
522 1451 62 20 synes
600 1445 47 25 mig,
663 1445 69 20 säsom
748 1443 65 22 redan
830 1443 106 28 professor
951 1443 62 22 Fors-

187 1478 49 15 man
251 1472 122 27 framhällit,
390 1475 13 18 t.
420 1479 19 16 o.
456 1479 27 15 m.
500 1473 82 21 mindre
596 1472 101 27 lämpligt.
735 1472 40 26 Jag
791 1472 41 21 kan
848 1472 64 22 ocksä
927 1472 18 26 ej
961 1472 51 25 inse,

186 1500 87 22 hvilken
298 1501 145 26 betänklighet
464 1507 48 16 man
529 1501 45 22 frän
590 1501 93 28 kyrkans
698 1500 45 21 sida
759 1501 69 20 säsom
844 1501 75 26 biskop
935 1500 79 21 Schau-

187 1535 48 16 man
251 1530 82 27 antydt,
349 1529 70 22 kunde
435 1530 51 27 hysa
502 1529 32 22 för
550 1530 68 21 denna
634 1535 91 16 summas
741 1529 137 26 mottagande
893 1529 45 21 från
957 1529 55 21 ordi-
