1117 1817
327 162 161 18 Presteståndet
503 164 55 16 1872.
578 155 12 33 6
609 164 58 20 april.
835 158 42 21 563

78 242 84 21 standet
185 242 20 21 af
228 242 39 21 den
291 242 82 26 privata
392 242 203 27 korrespondensen.
626 243 42 20 Det
684 245 23 18 är
723 243 83 27 mycket
821 243 83 27 proble-

78 271 87 21 matiskt
188 277 33 14 om
238 271 145 26 tidningarnas
398 271 137 26 försändning
551 271 73 21 kostar
639 272 122 25 postverket
777 278 44 14 mer
836 274 25 19 än
879 272 25 21 de

80 300 25 21 15
120 299 34 26 ?/,,
169 305 44 15 som
229 299 123 27 postverket
366 300 98 25 åtnjuter.
495 299 62 22 Hvad
570 300 36 26 jag
622 299 32 21 för
670 300 40 20 min
727 300 34 21 del
776 300 67 21 skulle
855 307 49 14 anse

79 327 52 22 böra
146 328 6 20 i
169 328 68 20 denna
252 328 38 20 sak
306 327 101 27 tillgöras,
424 328 4 20 i
445 328 35 21 fall
494 329 18 25 ej
529 328 115 21 utskottets
661 328 134 21 betänkande
810 331 93 24 antages,

78 358 24 19 är
125 356 74 21 endast
221 358 32 19 att
274 356 85 21 ständet
381 356 67 21 skulle
471 357 126 26 petitionera
620 363 34 14 om
674 356 138 21 afskaffandet
828 357 21 20 af
864 357 40 21 den

78 384 67 21 skilda
161 384 86 27 afgiften
264 385 30 20 till
311 385 189 26 postförvaltarene
517 385 38 21 och
572 387 31 18 att
618 385 6 20 i
640 385 71 21 stället
727 386 64 25 nägot
807 385 45 21 litet
864 385 41 21 för-

79 413 48 26 höja
144 414 25 20 15
185 413 27 26 "/,
229 413 90 26 afgiften.
351 413 41 21 Det
408 415 24 19 är
447 413 17 26 ej
481 414 110 26 meningen
608 416 32 19 att
655 413 201 26 postförvaltarenes
869 413 35 22 be-

78 444 48 19 svär
141 441 53 21 skall
211 443 90 20 ersättas
317 441 46 22 med
379 442 67 21 andra
462 442 73 25 medel,
549 445 25 18 än
586 442 22 21 af
617 442 133 27 postverkets
761 448 52 20 egna
824 443 80 20 inkom-

78 472 50 19 ster.
159 470 38 21 Om
220 470 122 27 postverket
363 477 28 14 nu
414 471 38 20 har
468 470 74 21 förlust
558 471 26 26 pä
600 470 204 22 frambefordrandet
820 471 22 20 af
856 471 47 20 kor-

79 499 162 26 respondensen,
265 498 80 21 hvilket
367 501 24 18 är
413 498 159 27 otvifvelaktigt,
596 499 88 21 emedan
707 501 51 19 nära
781 499 78 20 hälften
885 499 20 21 af

78 527 195 26 korrespondensen
297 527 82 21 härtills
402 527 79 26 utgjort
505 527 259 27 fribrefskorrespondens,
783 528 24 20 sä
823 528 82 26 upphör

76 556 23 26 ju
122 556 57 21 detta
200 555 181 22 missförhällande
397 562 34 19 nu,
448 557 26 20 dä
490 555 153 22 fribretsrätten
660 558 23 19 är
698 556 31 21 till
746 563 24 14 en
787 556 118 26 väsendtlig

79 584 33 21 del
128 583 107 22 afskaffad.
260 584 122 21 Framdeles
399 585 65 20 mäste
476 584 33 21 väl
520 585 5 20 i
537 585 51 25 följd
600 585 60 20 häraf
670 585 132 26 postverkets
813 585 92 20 inkomst

78 612 103 27 betydligt
197 615 60 24 stiga,
275 613 37 20 och
329 613 149 21 försändandet
494 613 22 21 af
530 613 265 26 privatkorrespondensen
810 613 95 26 upphöra

79 643 31 19 att
133 641 74 26 bringa
223 641 80 21 förlust.
334 642 33 20 Dä
382 641 53 21 skall
452 642 36 20 det
503 641 32 21 väl
552 642 39 21 ock
608 642 43 20 visa
666 642 38 25 sig,
721 644 31 19 att
768 641 135 27 postafgiften

78 670 33 20 för
133 670 134 26 tidningarna
289 670 128 20 ätminstone
433 670 5 20 i
455 670 35 20 det
506 671 59 19 aldra
581 671 105 19 närmaste
703 670 100 20 betäcker
819 671 85 19 kostna-

79 698 65 21 derna
160 699 31 19 för
207 698 117 21 desammas
340 698 141 26 försändning.
505 698 39 26 Jag
560 702 45 17 tror
621 698 42 26 mig
679 698 60 21 hafva
755 699 64 20 redan
831 698 74 27 antydt

79 728 96 22 orsaken,
198 726 97 22 hvarföre
318 726 54 21 vissa
395 727 106 26 tidningar
523 729 36 18 äro
583 727 101 21 skenbart
707 734 57 14 mera
786 727 119 26 betungade

78 762 75 19 genom
177 756 87 20 arvodet
287 755 32 21 till
343 755 189 26 postförvaltarene
554 758 27 18 än
604 756 66 20 andra
689 758 36 18 äro
743 756 40 20 det.
816 756 47 20 Med
880 756 25 20 de

79 784 66 20 finska
169 784 134 26 tidningarna
325 783 99 21 förhäller
440 784 36 21 det
491 784 31 26 sig
538 784 104 26 nemligen
659 785 29 25 sä,
705 786 31 18 att
752 784 25 20 de
792 783 59 22 flesta
868 786 36 18 äro

79 812 83 27 mycket
177 813 45 20 små
238 812 38 21 och
292 812 109 20 utkomma
417 812 73 21 endast
506 819 25 13 en
548 812 39 21 och
604 813 34 20 trå
654 812 78 26 gånger
744 812 5 20 i
761 813 76 20 veckan
851 815 54 17 samt

79 841 82 21 derföre
177 843 36 18 äro
230 841 82 26 mycket
329 840 76 27 billiga.
438 841 65 21 Deraf
517 843 23 18 är
556 842 46 20 äter
618 847 25 15 en
660 841 91 26 naturlig
767 841 58 26 följd,
836 843 32 19 att
879 840 26 21 de

79 870 73 24 måste,
175 869 84 21 relativt
282 869 31 21 till
337 869 71 26 priset,
432 870 70 20 betala
518 876 57 14 mera
590 870 22 20 ät
628 869 196 27 postförvaltarene.
856 869 47 21 Men

79 898 86 20 relativt
187 898 34 20 till
241 898 210 26 postförvaltarenes
474 898 74 20 besvär
570 898 72 20 betala
665 898 25 21 de
713 898 5 20 i
741 898 73 26 sjelfva
833 898 73 20 verket

80 927 81 20 mindre
184 928 25 18 än
233 926 26 20 de
282 926 97 26 dagligen
402 926 150 21 utkommande
574 927 90 21 svenska
687 926 139 26 tidningarna.
858 926 46 21 Den

79 955 112 27 synpurkt,
215 955 45 20 frän
282 954 84 21 hvilken
390 955 105 26 professor
518 955 101 21 Forsman
644 956 108 20 betraktat
775 955 68 20 denna
861 954 43 25 sak,

80 984 66 20 1näste
165 983 38 27 jag
225 983 130 26 följaktligen
377 990 49 14 anse
442 990 51 14 vara
509 983 86 21 alldeles
611 983 51 21 skef.
694 983 60 21 Hvad
770 984 47 20 åter
832 983 73 20 tillför-

79 1012 117 26 litligheten
221 1012 22 20 af
264 1013 25 19 de
307 1012 111 20 anmärkta
434 1012 190 26 sifferuppgifterna
640 1012 71 26 angår,
728 1012 23 21 sä
767 1014 37 18 äro
821 1012 24 20 de
861 1011 45 21 helt

80 1040 38 21 och
135 1040 64 21 hället
215 1040 106 26 grundade
338 1040 27 26 pä
379 1041 133 25 postverkets
528 1041 143 26 räkenskaper
688 1040 38 21 och
742 1040 71 21 kunna
823 1040 82 21 säledes

80 1069 45 21 icke
138 1068 74 27 jäfvas.
243 1068 32 21 De
290 1070 33 20 stä
339 1069 37 20 der
391 1069 80 21 sädana
486 1075 44 15 som
548 1069 25 21 de
589 1071 43 23 äro,
650 1069 38 21 och
705 1069 79 21 enhvar
795 1069 76 25 drager
882 1074 24 14 ur

80 1097 47 21 dem
151 1097 25 21 de
200 1097 156 25 konklusioner,
378 1103 44 15 som
444 1097 41 21 han
502 1104 62 14 anser
580 1104 49 14 vara
645 1097 110 26 naturliga.
787 1096 120 22 Statsrädet

80 1125 99 21 Lindelöf
199 1126 38 20 har
259 1126 107 20 tillerkänt
389 1126 47 20 dem
455 1126 61 25 ingen
532 1126 92 26 egentlig
640 1126 114 26 betydelse,
771 1128 49 18 utan
837 1127 69 19 ansett

80 1156 32 18 att
127 1153 112 27 höjningen
255 1153 51 21 eller
321 1154 130 26 sänkningen
467 1154 21 21 af
503 1153 286 28 prenumerationssifirorna,
808 1153 62 21 beror
885 1152 23 22 af

79 1183 116 20 ärsvexten.
226 1182 41 26 Jag
282 1182 34 20 vill
333 1183 16 24 ej
367 1183 54 20 neka
436 1185 32 18 att
484 1183 58 20 detta
558 1185 23 18 är
597 1185 31 18 ett
644 1183 74 26 vigtigt
734 1185 93 18 moment
843 1182 6 20 i
865 1181 41 21 frä-

79 1217 45 20 gan.
157 1211 48 20 Men
229 1211 16 26 ej
271 1213 22 18 är
316 1211 36 20 det
374 1211 122 21 ärsvextens
520 1211 69 21 bättre
605 1211 51 20 eller
671 1213 68 19 sämre
756 1210 150 25 beskaffenhet,

79 1245 45 15 som
146 1241 62 24 utgör
230 1239 35 21 det
281 1239 68 21 allena
366 1239 157 21 bestämmande
539 1239 116 26 härvidlag.
687 1240 64 20 Detta
765 1239 142 26 ädagalägges

79 1268 27 26 pä
129 1270 30 18 ett
175 1267 84 21 evident
273 1270 43 18 sätt
332 1267 65 26 deraf,
412 1271 31 18 att
459 1268 145 26 tidningarnas
620 1268 171 26 prenumeration
807 1269 46 24 steg
872 1267 34 20 be-

80 1295 75 28 tydligt
176 1295 23 21 är
217 1297 53 20 1856
287 1297 26 20 dä
328 1296 7 20 i
351 1303 44 14 mer
411 1299 25 18 än
454 1296 79 21 hälften
550 1296 22 21 af
587 1296 71 21 landet
674 1297 65 20 rädde
756 1297 87 26 mycken
859 1296 48 20 svär

80 1324 99 21 missväxt.
215 1324 40 26 Jag
279 1325 92 20 önskade
394 1325 148 20 sammanfatta
566 1325 41 20 min
632 1325 54 26 äsigt
701 1325 5 20 i
723 1324 72 26 frägan
812 1324 95 23 sälunda,

80 1355 31 18 att
130 1352 35 27 jag
182 1352 106 21 bestämdt
303 1353 104 26 afstyrker
423 1353 158 21 bibehällandet
597 1353 21 21 af
632 1353 200 26 postförvaltarenes
847 1355 60 18 extra

80 1381 77 21 arvode
180 1381 70 20 såsom
273 1382 72 26 någon
360 1381 97 21 särskild
470 1383 83 25 pälaga
569 1382 31 20 för
616 1381 133 27 tidoingarna
765 1382 39 20 och
821 1381 86 26 tillstyr-

80 1410 38 21 ker
133 1412 31 18 att
180 1410 35 20 det
231 1409 66 22 mätte
312 1410 116 21 innehällas
445 1411 5 20 i
467 1413 31 18 ett
509 1417 25 14 en
545 1411 55 25 gäng
611 1411 32 20 för
654 1410 40 21 alla
706 1410 107 21 bestämdt
824 1409 83 26 belopp,

80 1445 45 14 som
141 1438 82 27 infiyter
239 1438 30 20 till
286 1439 131 26 postkassan,
434 1439 59 20 detta
509 1438 76 27 belopp
602 1439 33 20 mä
652 1439 26 20 dä
696 1441 75 18 stanna
789 1438 32 21 vid
840 1439 23 19 15
880 1438 27 26 ?/,

80 1467 51 20 eller
147 1467 58 26 höjas
221 1466 30 21 till
269 1467 27 20 20
312 1469 33 25 "/,.
375 1466 41 27 Jag
431 1469 46 18 tror
492 1470 31 18 att
539 1467 124 26 postkassan
683 1467 84 20 komme
783 1469 32 18 att
829 1467 79 20 skörda

80 1501 25 14 en
122 1495 91 26 oskäligt
229 1498 44 18 stor
289 1495 54 22 vinst
359 1496 26 26 pä
402 1496 144 25 tidningarnas
562 1495 141 27 försändning,
723 1502 32 14 om
773 1495 134 26 postatgiften

80 1523 59 26 höjes
162 1523 32 21 till
217 1525 26 19 25
261 1524 32 26 %/.
324 1524 49 21 Icke
395 1524 66 21 under
477 1525 64 25 något
557 1524 75 21 villkor
648 1524 48 20 ville
709 1524 36 26 jag
761 1523 82 21 derföre
860 1523 48 26 höja

83 1551 39 21 den
147 1551 57 22 öfver
227 1553 27 20 20
270 1555 31 24 "/,.
335 1552 102 27 Slutligen
461 1553 31 20 får
512 1553 36 26 jag
570 1553 165 26 tillkännagifva,
751 1555 32 18 att
799 1554 30 18 ett
844 1553 65 25 ytter-
