1117 1817
328 137 161 19 Presteståndet
503 139 54 17 1872.
583 139 21 16 16
617 143 61 12 mars.
848 135 38 20 361

92 218 151 27 näringsyrken
254 218 132 21 annorlunda
396 220 26 19 än
434 218 54 21 efter
498 218 65 21 skildt
575 218 141 27 vederbörligt
727 219 109 21 tillstånd"
847 221 71 20 äfven-

92 253 44 15 som
153 248 32 19 att
200 246 63 25 ,barn
279 247 67 20 under
364 247 24 20 12
403 248 25 20 år
442 247 18 26 ej
477 247 21 21 få
514 247 67 20 hållas
596 247 31 20 till
644 247 73 20 arbete
734 247 71 26 längre
821 247 30 22 tid
867 250 25 19 än
906 250 12 19 6

92 275 85 21 timmar
198 281 33 15 om
255 275 80 26 dagen”
358 275 67 21 skulle
448 275 92 26 följande
563 275 126 22 förändrade
713 275 132 28 bestämning
860 277 58 26 ingå:

92 304 45 26 »må
153 310 100 20 personer
269 303 75 22 mellan
362 305 25 19 12
403 303 39 21 och
460 305 26 20 18
501 305 35 20 års
551 304 60 21 ålder
626 303 18 27 ej
661 305 107 20 användas
785 305 34 21 vid
831 305 87 21 fabriks-

91 332 66 27 yrken
173 332 31 21 till
221 332 73 21 arbete
309 333 27 26 på
352 332 66 21 andra
433 332 55 21 tider
504 335 25 18 än
546 332 76 21 mellan
639 332 20 21 kl
683 334 12 19 5
712 333 27 26 på
755 339 114 20 morgonen
881 333 38 22 och

92 360 28 21 kl.
137 361 12 20 9
165 361 27 26 på
208 360 103 22 aftonen".
335 360 76 21 Fäster
427 367 46 14 man
491 361 31 26 sig
538 367 27 14 nu
582 361 32 20 vid
631 361 68 20 denna
715 361 23 20 af
752 361 104 22 utskottet
867 362 52 21 före-

92 389 73 26 slagna
189 389 137 26 bestämning,
349 389 23 21 så
388 389 67 21 finner
471 395 48 15 man
535 389 59 26 först,
610 392 32 18 att
657 389 115 22 utskottets
789 390 130 22 bemödande

92 419 33 20 att
145 417 46 21 lösa
209 418 58 20 detta
283 417 95 27 problem
395 418 88 21 sålunda
498 417 88 28 lyckats,
602 420 32 19 att
649 417 75 22 förbud
740 420 44 19 mot
800 419 120 21 nattarbete

92 445 68 27 ingått
175 446 6 20 i
198 446 114 21 utskottets
335 446 83 25 förslag,
435 446 67 21 ehuru
518 447 27 26 på
561 449 31 18 ett
607 446 91 21 indirekt
713 448 50 20 sätt,
780 449 21 24 ty
817 453 58 15 mera
890 447 28 20 lo-

93 475 56 26 giskt
164 474 54 21 hade
235 475 35 20 det
285 475 104 26 uttryckts
405 477 31 19 att
451 475 191 26 ,fabriksarbetare
658 475 17 26 ej
693 475 20 21 få
729 475 74 21 arbeta
814 475 34 21 vid
859 475 60 21 fabri-

93 503 39 20 ker
155 503 26 26 på
204 504 65 20 andra
284 503 55 21 tider
354 505 26 19 än
396 503 44 21 från
457 503 28 21 kl.
509 504 6 20 5
532 505 26 25 på
574 509 114 20 morgonen
704 503 32 20 till
753 503 26 21 kl.
797 505 12 20 9
825 505 27 25 på
868 504 52 21 afto-

93 532 58 21 nen”,
182 531 28 22 Så
233 531 82 21 tillvida
337 534 24 18 är
384 532 115 21 utskottets
520 532 121 26 förändring
656 532 23 21 af
692 532 40 20 den
749 532 75 27 nådiga
840 532 80 21 förord-

94 560 75 25 ningen
193 560 80 27 lyckad.
304 560 48 21 Men
373 560 37 26 jag
428 561 74 26 tycker
517 563 32 18 att
564 561 105 20 utskottet
685 560 53 21 dock
755 561 16 26 ej
789 560 131 27 fullständigt

93 588 41 21 löst
157 589 31 20 sin
212 589 86 27 uppgift.
330 589 106 21 Betänker
458 595 50 15 man
530 592 32 18 att
585 588 88 21 emellan
690 589 27 20 kl.
734 590 12 19 5
763 589 26 26 på
805 595 115 20 morgonen

94 617 38 20 och
156 617 26 20 kl.
208 619 12 19 9
243 618 27 26 på
291 617 84 21 aftonen
392 619 36 20 äro
444 617 53 22 fulla
514 619 25 20 16
555 617 90 26 timmar,
662 617 39 21 och
717 617 98 26 afdrager
830 624 48 14 man
894 624 25 14 en

94 645 71 21 timme
188 645 32 21 till
243 646 119 21 rekreation
384 646 33 21 vid
439 647 109 20 frukosten
571 646 38 21 och
626 647 12 19 2
654 646 85 21 timmar
755 646 30 20 till
803 646 116 26 middagen,

94 674 24 20 så
140 675 92 20 återstår
255 674 49 21 fulla
329 675 25 20 13
377 675 89 20 timmar.
499 675 74 21 Denna
596 674 102 21 arbetstid
715 676 23 18 är
753 675 120 25 påtagligen
889 675 31 20 för

94 702 49 26 lång
165 702 32 21 för
220 709 25 14 en
271 704 24 20 15
319 702 50 22 eller
391 704 25 19 16
431 704 35 20 års
482 703 104 23 arbetare,
603 702 39 21 och
656 703 36 26 jag
707 709 68 19 anser,
791 705 33 18 att
839 709 34 15 om
889 705 31 18 ut-

94 730 80 22 skottet
195 731 67 21 skulle
283 731 62 21 hafva
359 731 32 21 till
407 732 68 21 denna
489 731 136 27 formulering
641 731 69 27 tillagt
726 737 25 15 en
767 731 41 21 viss
823 731 96 21 bestämd

94 758 37 24 tid,
146 759 69 21 skulle
231 760 38 21 den
286 760 61 20 hafva
363 760 52 21 varit
431 760 69 21 exakt.
531 760 10 21 I
556 760 59 20 detta
630 760 121 20 hänseende
767 766 60 20 synes
840 760 41 26 mig
895 760 25 20 10

95 788 96 21 timmars
206 788 73 21 arbete
295 788 120 27 lämpligast
430 789 71 21 kunna
517 788 114 22 fastställas
646 789 70 20 såsom
730 789 121 24 maximum;
863 794 57 15 mera

94 816 39 21 bör
155 817 119 25 ungdomen
297 817 17 26 ej
339 817 20 21 få
381 817 73 21 arbeta
478 817 102 27 dagligen.
612 817 49 21 Men
684 817 36 21 det
738 816 65 22 finnes
819 816 59 22 äfven
894 823 25 14 en

95 851 68 15 annan
180 845 139 27 bestämning,
335 852 45 14 som
393 846 37 26 jag
444 846 33 20 för
493 846 42 20 min
552 845 32 21 del
604 845 18 27 ej
639 845 40 21 kan
695 846 118 26 godkänna,
830 845 38 21 och
885 845 36 21 det

94 875 24 19 är
141 873 26 21 då
189 874 104 20 utskottet
308 874 88 21 föreslår
411 877 31 18 att
458 874 41 21 den
516 874 76 26 nådiga
607 874 161 26 förordningens
783 874 38 20 ord
837 880 82 20 ,perso-

95 908 37 14 ner
153 902 68 21 under
243 903 24 20 18
290 903 24 20 år
337 903 33 21 må
393 903 17 25 ej
430 906 88 23 antagas
534 902 31 21 till
582 902 82 21 biträde
682 902 32 20 vid
731 902 76 21 handel
823 902 51 21 eller
889 901 31 21 till

95 930 98 21 arbetare
215 930 34 21 vid
272 930 93 22 fabriker
387 931 37 21 och
449 931 117 21 handtverk
590 930 132 22 annorlunda
744 933 25 18 än
789 930 53 21 efter
856 930 65 21 skildt

95 959 142 26 vederbörligt
259 959 105 21 tillstånd"
383 960 68 20 skulle
467 960 21 20 få
504 960 38 20 den
558 959 123 26 förändring
697 962 31 18 att
744 966 111 19 personer
870 959 50 21 mel-

94 987 35 21 Jan
154 988 25 20 12
203 988 38 20 och
267 988 24 21 18
315 988 24 20 år
361 989 34 20 må
414 988 17 27 ej
448 991 87 23 antagas
552 988 30 20 till
598 988 98 20 arbetare
713 988 33 20 vid
762 987 67 21 fabrik
846 994 74 14 annor-

94 1015 63 22 lunda
173 1018 26 18 än
217 1016 48 21 med
280 1016 141 27 vederbörligt
436 1016 96 22 tillstånd
548 1017 21 20 af
585 1016 101 21 målsmän
702 1016 51 21 eller
764 1016 87 21 läkare".
876 1016 45 21 Här

94 1044 54 21 talar
170 1045 105 21 utskottet
297 1044 56 22 blott
375 1052 33 14 om
427 1046 98 20 arbetare
541 1045 33 21 vid
590 1045 97 21 fabriker.
719 1044 72 22 Skulle
807 1045 113 20 utskottets

94 1072 136 27 formulering
245 1073 85 21 komma
343 1076 31 18 att
389 1076 67 19 sättas
471 1074 80 20 istället
566 1074 33 20 för
618 1074 39 20 den
673 1073 76 26 nådiga
764 1073 155 25 förordningen,

94 1102 24 20 sä
127 1101 73 21 .skulle
216 1102 97 21 arbetare
329 1102 32 20 vid
378 1102 117 21 handtverk
512 1102 38 21 och
566 1102 151 26 handteringar
736 1102 63 20 blifva
814 1102 105 25 rättslösa,

94 1133 22 23 ty
139 1130 36 20 det
198 1130 67 21 skulle
289 1131 17 24 ej
330 1130 6 20 i
358 1130 47 21 hela
421 1131 68 20 denna
505 1130 123 26 förordning
644 1130 66 21 finnas
726 1130 64 26 något
805 1130 115 25 stadgande

94 1159 90 20 rörande
201 1158 46 21 dem
285 1159 41 20 Det
342 1161 23 18 är
381 1159 52 21 dock
450 1159 46 20 icke
512 1159 68 26 någon
596 1158 94 21 särdeles
705 1161 45 18 stor
765 1158 82 21 skilnad
859 1158 62 21 emel-

94 1186 34 21 lan
145 1186 179 22 fabriksarbetare
340 1187 38 21 och
395 1187 53 25 dem,
465 1193 45 15 som
527 1187 73 21 arbeta
620 1187 32 21 vid
668 1187 118 20 handtverk
803 1187 37 20 och
856 1187 65 20 hand-

94 1215 99 26 teringar.
218 1215 27 21 Af
260 1215 39 21 den
310 1215 62 27 långa
383 1215 120 22 erfarenhet
511 1216 36 25 jag
559 1215 50 25 haft,
621 1218 34 17 vet
665 1215 36 26 jag
713 1217 32 19 att
757 1221 54 21 unga
822 1215 99 26 lärlingar

95 1243 33 21 vid
139 1243 118 22 handtverk
269 1244 38 21 och
319 1243 151 27 bandteringar
478 1244 61 21 hafva
550 1245 36 20 det
593 1243 47 22 fullt
648 1247 24 18 ut
680 1243 42 22 lika
731 1247 66 22 tungt,
807 1249 44 16 som
860 1243 62 21 arbe-

95 1273 46 20 tare
157 1272 34 21 vid
206 1272 99 21 fabriker.
328 1272 28 22 Så
367 1275 14 18 t.
393 1279 30 14 ex.
435 1273 39 20 har
484 1279 25 14 en
521 1272 135 26 smedlärling
667 1273 43 20 lika
721 1275 62 24 tungt
793 1272 72 21 arbete
876 1278 45 15 som

95 1307 25 14 en
142 1300 183 24 fabriksarbetare,
355 1301 40 21 Vid
418 1301 67 21 andra
508 1301 117 21 handtverk
648 1301 46 20 åter
717 1303 24 19 är
764 1301 34 20 det
818 1300 45 21 fullt
878 1300 44 21 lika

94 1329 73 26 farligt
189 1329 32 20 för
245 1329 78 22 helsan,
341 1329 69 22 såsom
433 1332 13 19 t.
468 1336 30 15 ex.
516 1329 32 21 vid
565 1329 156 26 handteringar,
739 1329 36 21 der
791 1335 47 15 man
854 1329 67 21 måste

96 1357 77 21 blanda
187 1357 118 27 gift-färger
320 1358 38 21 och
375 1358 33 21 vid
424 1358 74 21 arbete
515 1358 46 21 med
577 1357 70 22 fosfor.
679 1358 60 21 Huru
755 1357 52 22 skall
825 1358 34 20 det
875 1358 46 20 der-

95 1385 44 22 före
155 1392 27 15 nu
198 1387 27 26 gå
241 1387 46 20 med
303 1387 79 20 sådana
398 1387 104 23 arbetare,
520 1393 44 14 som
580 1389 37 18 äro
634 1386 33 21 vid
679 1386 156 27 handteringar,
846 1385 75 22 handt-

96 1415 49 20 verk
161 1414 39 21 och
216 1414 92 22 handel?
338 1415 31 21 De
385 1417 37 19 äro
438 1415 88 21 alldeles
542 1415 105 25 rättslösa,
664 1415 164 26 arbetsgifvaren
844 1415 31 20 får
886 1415 36 20 be-

96 1443 77 21 handla
196 1443 47 21 dem
260 1443 53 21 huru
329 1450 44 15 som
390 1444 59 21 helst.
482 1443 42 21 Det
539 1445 24 19 är
578 1443 82 22 således
676 1450 25 14 en
718 1443 52 20 brist
786 1443 6 20 i
807 1443 115 21 utskottets

96 1471 133 27 bestämning
251 1474 31 18 att
305 1471 69 22 lemna
396 1472 102 26 lärlingar
517 1472 32 20 vid
566 1471 118 22 handtverk
701 1471 39 22 och
756 1471 76 21 handel
847 1472 23 21 åt
884 1471 37 21 sitt

96 1500 40 21 öde
173 1500 48 21 Men
245 1500 26 26 på
293 1507 80 14 samma
395 1502 43 19 sätt
454 1500 38 21 har
508 1501 105 20 utskottet
628 1500 117 27 negligerat
761 1500 78 21 barnen
855 1499 67 22 under

96 1529 26 20 12
145 1529 30 22 år.
206 1529 10 20 I
240 1528 75 27 nådiga
337 1529 148 26 förordningen
508 1528 22 21 af
552 1529 38 20 den
614 1529 28 20 24
660 1529 92 20 februari
771 1529 52 21 1868
839 1529 6 20 i
860 1529 27 20 29
903 1527 18 28 8,
