1117 1817
213 121 27 21 88
430 124 162 18 Presteståndet
604 125 56 17 1872.
684 126 22 16 15
718 124 51 17 febr.

183 205 68 21 finnes
271 204 24 27 ju
311 204 18 27 ej
345 204 67 22 heller
427 204 79 21 nämnd
523 204 6 20 i
545 204 136 26 grundlagen.
710 204 42 25 Jag
767 203 68 22 skulle
851 204 27 26 pä
893 203 42 22 alla
949 202 62 22 ofvan

183 233 91 22 anförda
295 233 46 21 skäl
357 232 58 21 hålla
430 232 51 26 före,
498 234 32 19 att
545 232 157 27 presteståndet
717 234 57 19 ännu
789 231 39 22 har
843 232 72 27 frågan
931 231 34 21 för
979 231 33 26 sig

183 261 130 27 fullkomligt
335 263 75 24 öppen,
434 261 38 21 och
488 262 32 19 att
536 261 157 26 presteståndet
707 261 42 20 kan
765 260 84 21 besluta
865 263 32 18 att
912 260 99 25 antingen

184 290 73 21 förena
273 290 31 26 sig
319 289 6 21 i
340 289 166 22 bondeståndets
521 289 55 26 åsigt
592 289 39 21 och
646 289 7 21 i
668 289 76 21 sådant
760 288 36 22 fall
811 289 87 26 inbjuda
909 289 26 21 de
945 288 66 21 andra

183 318 91 22 stånden
296 320 32 19 att
343 317 61 22 äfven
420 318 72 21 derom
508 317 72 22 förena
596 317 38 27 sig,
650 317 50 22 eller
716 317 65 21 också
796 320 38 23 att,
851 317 75 22 liksom
945 317 67 23 dessa,

184 347 71 26 afböja
278 346 165 21 bondeståndets
466 346 84 26 förslag.
580 346 41 27 Jag
643 348 46 19 tror
711 348 32 19 att
765 345 66 22 saken
853 345 119 27 egentligen
991 345 18 26 ej

184 375 75 21 vinner
275 375 28 26 på
318 381 26 15 en
360 374 126 26 diskussion;
503 374 36 22 det
554 376 24 19 är
594 375 17 26 ej
628 374 66 21 heller
709 375 70 26 någon
795 374 65 21 sådan
873 374 37 27 jag
925 373 85 27 åsyftat;

182 404 37 26 jag
241 403 40 22 har
305 403 54 22 blott
381 403 57 21 velat
460 409 108 15 reservera
588 403 73 26 frågan
677 403 69 21 såsom
764 404 75 25 öppen,
855 403 24 21 så
894 405 32 18 att
941 402 35 21 det
992 402 18 26 ej

185 432 68 21 skulle
269 438 23 15 se
307 434 30 23 ut,
353 437 45 16 som
415 438 32 14 om
459 431 157 27 presteståndet
626 431 68 22 skulle
706 437 28 15 nu
747 437 76 20 genom
835 437 25 15 en
873 430 140 28 påtryckning

185 460 22 21 af
221 460 232 21 talmanskonferensen
470 460 38 21 och
524 459 26 22 de
566 461 35 20 två
617 460 66 21 andra
698 459 97 24 stånden,
810 465 45 16 som
871 459 66 22 redan
949 459 63 21 fattat

185 489 46 21 sina
253 489 77 25 beslut,
353 488 62 21 hafva
437 489 45 20 sina
504 488 81 21 händer
600 488 91 21 bundna.
721 488 41 27 Jag
777 487 90 22 föreslår
881 488 44 21 helt
941 487 71 22 enkelt

185 517 97 26 votering
305 523 41 26 om,
369 517 103 21 huruvida
494 517 156 26 presteståndet
673 516 84 22 förenar
778 517 31 26 sig
825 517 6 20 i
846 515 166 22 bondeståndets

185 546 54 26 åsigt
255 545 53 22 eller
323 545 24 26 ej.

255 619 82 21 Doktor
359 619 137 26 Alopaeus:
519 619 41 26 Jag
582 621 24 19 är
627 619 33 21 för
676 619 41 21 min
733 619 34 21 del
783 619 138 21 öfverraskad
936 618 21 21 af
971 618 40 21 den

185 647 127 27 föregående
335 647 91 22 talarens
449 648 163 25 anmärkningar
638 650 44 19 mot
706 647 242 22 talmanskonferensens
971 646 41 21 till-

185 676 116 26 göranden.
324 676 47 21 Han
387 676 91 26 begärde
494 676 58 25 först,
568 677 24 19 så
608 676 44 20 vidt
664 676 35 26 jag
715 676 82 20 kunnat
812 676 59 25 fatta,
884 678 32 18 att
926 675 21 21 få
957 677 54 23 veta,

185 704 56 21 hvad
257 704 229 21 talmanskonferensen
502 706 70 19 ansett
588 704 6 20 i
610 704 65 21 saken
691 704 39 21 och
746 704 65 21 sedan
827 704 69 26 ingick
913 704 40 20 han
968 704 43 20 ien

186 732 64 21 kritik
267 732 58 21 öfver
341 733 47 21 dess
403 732 137 27 åtgöranden.
565 732 41 27 Jag
621 739 62 15 anser
698 735 31 19 att
745 732 61 22 detta
817 732 17 26 ej
845 732 40 21 hör
898 732 31 21 till
940 732 71 21 saken.

185 760 85 27 Frågan
293 767 34 15 om
349 761 56 21 hvad
424 760 70 22 beslut
510 761 157 26 presteståndet
683 761 34 21 vill
732 761 56 21 fatta
803 760 48 22 med
866 761 112 25 anledning
991 759 23 22 af

186 789 39 21 den
249 789 22 21 af
285 789 154 21 bondeståndet
453 789 74 27 gjorda
543 789 156 27 inbjudningen,
716 791 23 19 är
755 791 80 25 öppen;
855 789 35 21 det
905 791 24 19 är
944 789 68 21 denna

185 817 66 27 fråga,
267 824 45 14 som
329 818 34 21 det
380 824 28 14 nu
422 818 73 26 gäller,
511 818 40 21 och
564 818 36 26 jag
616 820 69 19 röstar
697 818 32 21 för
744 818 43 21 min
803 818 34 21 del
853 818 6 20 i
875 818 86 20 korthet
973 817 39 26 för,

185 848 32 19 att
232 846 20 20 vi
268 846 6 20 i
290 846 73 26 frågan
379 846 65 21 måtte
460 846 73 21 förena
548 852 35 15 oss
599 846 48 21 med
662 846 176 27 borgareståndet
853 846 6 21 i
875 846 48 22 dess
936 845 76 27 beslut,

185 874 81 22 hvilket
281 874 20 21 vi
316 875 6 20 i
339 874 39 26 dag
393 881 75 20 genom
484 881 25 15 en
526 875 123 27 deputation
665 875 62 21 hafva
741 874 57 22 hört.

255 948 90 22 Prosten
361 948 139 22 Borenius:
516 948 41 27 Jag
572 948 42 22 kan
630 948 32 22 för
677 949 42 21 min
735 948 34 22 del
780 949 18 26 ej
811 949 66 21 heller
887 955 50 15 anse
947 949 65 31 något

186 976 72 27 farligt
280 976 120 28 prejudikat
415 976 61 22 hafva
491 976 90 22 lemnats
596 984 76 19 genom
688 977 55 21 hvad
758 977 231 22 talmanskonferensen
1004 976 7 21 i

187 1005 64 22 saken
268 1005 99 27 tillgjort;
388 1005 74 21 endast
477 1005 36 21 det
529 1006 39 20 har
581 1006 63 25 skett,
661 1006 54 21 hvad
730 1006 87 21 ståndet
831 1006 39 21 hos
885 1006 31 21 sin
933 1005 79 21 talman

186 1034 35 21 vid
243 1036 84 19 senaste
342 1034 156 21 sammanträde
514 1034 89 21 anhällit
618 1040 41 15 om.
690 1034 143 26 Domprosten
848 1034 89 22 Renvall
952 1034 62 21 fram-

186 1062 59 22 förde
267 1062 40 21 den
330 1062 87 26 önskan,
440 1064 32 19 att
495 1062 95 21 ständets
609 1062 87 27 talman,
711 1062 51 22 herr
777 1063 160 26 Erkebiskopen
953 1062 3 4 i
974 1062 40 21 tal-

186 1091 201 21 manskonferensen
407 1090 54 25 ville,
484 1092 24 20 sä
524 1090 44 22 vidt
584 1091 80 27 möjligt
681 1091 94 21 inhemta
791 1091 25 21 de
831 1091 67 27 öfriga
913 1088 101 24 ständens

186 1119 85 26 äsigter,
289 1119 38 21 och
343 1119 54 20 intet
411 1119 95 26 yttrades
522 1119 102 21 deremot.

255 1186 111 22 Professor
381 1187 138 21 Forsman:
536 1187 40 27 Jag
592 1187 48 21 ville
655 1187 56 21 blott
726 1187 103 22 anmärka
844 1190 32 19 att
891 1187 121 22 kontrakts-

185 1217 87 24 prosten
287 1215 99 27 Alopgus
399 1215 135 22 missförstått
550 1215 56 22 mina
617 1215 65 22 första
693 1216 50 25 ord;
756 1216 42 21 min
809 1216 84 27 mening
905 1222 37 15 var
952 1216 17 26 ej
980 1218 33 19 att

186 1243 79 27 begära
292 1243 125 28 upplysning
439 1250 41 19 om,
504 1243 56 22 hvad
580 1244 232 21 talmanskonferensen
835 1244 54 21 hade
914 1244 98 24 beslutat,

185 1273 52 20 utan
260 1273 33 20 att
316 1272 20 21 få
357 1272 59 26 höra,
438 1272 55 21 huru
515 1273 37 20 det
574 1272 55 22 hade
647 1272 100 33 inträffat,
763 1275 32 18 att
811 1273 147 26 ridderskapet
973 1273 39 21 och

186 1299 61 22 adeln
272 1300 65 21 redan
360 1300 90 21 förehaft
471 1301 32 20 sin
519 1301 119 21 diskussion
653 1301 7 21 i
675 1301 74 26 frägan
764 1302 28 26 pä
807 1307 26 16 en
848 1307 69 16 annan
932 1301 37 26 tid,
986 1301 28 21 dä

183 1328 37 27 jag
242 1329 105 26 nemligen
369 1329 63 21 fattat
454 1331 32 19 att
508 1329 112 27 meningen
642 1329 48 22 med
710 1329 85 27 frågans
811 1318 158 39 hänskjutande
980 1329 32 21 till

186 1356 230 23 talmanskonferensen
436 1357 45 27 just
504 1364 36 15 var
562 1358 47 27 den,
632 1360 32 19 att
684 1358 88 21 ärendet
798 1358 68 21 skulle
891 1358 122 27 föredragas

185 1385 110 27 samtidigt
309 1385 7 21 i
332 1385 42 22 alla
389 1386 95 21 ständen.

255 1453 142 27 Domprosten
418 1453 115 22 Renvall:
556 1454 51 21 Med
630 1454 111 32 anledning
763 1454 23 21 af
799 1454 55 21 hvad
869 1457 86 30 prosten
971 1454 41 21 Bo-

186 1481 70 22 renius
279 1483 73 25 yttrat,
375 1482 36 21 vill
430 1482 37 27 jag
489 1484 83 23 nämna,
592 1485 32 18 att
639 1483 43 21 min
697 1483 88 24 önskan,
802 1483 83 21 hvilken
899 1483 36 26 jag
950 1482 62 22 fram-

185 1510 68 21 stälde
264 1509 33 22 för
307 1510 50 21 herr
367 1510 159 27 Erkebiskopen
537 1517 38 15 var
582 1511 45 27 just
636 1511 47 24 den,
692 1513 31 19 att
731 1511 89 22 ärendet
827 1517 76 21 genom
911 1511 101 22 talmans-
