1117 1817
219 138 41 21 516
438 142 160 18 Presteståndet
611 144 55 16 1872.
689 144 12 16 3
714 144 55 20 april

191 222 91 23 behöfva
305 222 32 21 för
360 225 32 18 att
415 222 116 21 fullkomna
546 222 32 26 sig
592 222 7 21 i
615 222 154 27 innanläsning,
785 223 6 21 i
808 224 92 21 handstil
915 224 39 21 och
969 223 51 21 arit-

190 251 67 22 metik
273 257 19 15 o.
309 257 15 15 s.
341 257 25 20 v.,
382 251 33 20 väl
431 251 71 20 kunna
518 251 33 20 stå
566 251 48 20 dem
630 251 66 26 öfriga
711 251 68 22 under
790 252 26 21 de
827 251 137 27 mellantider,
975 257 45 16 som

191 280 69 21 mäste
283 279 68 22 finnas
373 279 32 21 för
428 279 47 21 dem
498 279 35 21 vid
556 279 61 21 deras
636 279 137 22 musikaliska
788 280 124 27 utbildning.
942 280 40 26 Jag
996 281 24 20 är

191 311 75 24 pastor
289 308 6 20 i
318 314 25 15 en
365 307 129 27 församling,
516 313 47 16 som
586 308 78 21 räknar
687 309 78 24 33,000
784 309 142 21 medlemmar.
957 309 64 21 Detta

191 338 98 25 pastorat
311 336 71 21 bestär
404 335 22 22 af
446 335 46 28 fyra
510 336 147 27 församlingar
672 337 39 21 och
727 337 39 21 der
781 337 73 24 finnes,
870 339 45 19 tror
927 337 42 26 jag,
985 337 36 21 det

191 367 80 20 största
293 364 57 22 antal
371 364 170 26 söndagsskolor,
564 371 45 14 som
631 365 6 20 i
661 366 67 25 nägon
752 365 183 27 landsförsamling
949 365 71 22 finnes.

192 394 41 26 Jag
255 393 40 21 har
317 393 6 20 i
347 393 60 22 dessa
429 393 72 21 skolor
521 393 47 21 med
584 399 53 20 egna
653 395 53 25 ögon
723 394 40 21 och
779 396 52 19 öron
847 394 118 27 öfvertygat
980 394 42 26 mig

193 429 42 19 om,
261 424 32 19 att
312 421 45 27 just
379 421 63 26 bland
463 421 25 22 de
510 423 93 20 armaste
626 422 39 21 och
683 422 108 27 fattigaste
807 422 68 22 finnas
890 423 41 20 lika
946 423 76 26 mänga

194 450 116 27 begäfvade
333 451 47 20 med
395 449 154 27 sängförmäga,
565 456 45 15 som
626 450 63 21 bland
705 451 25 21 de
745 451 132 21 bemedlade.
907 451 65 26 Ingen
987 451 35 21 mä

192 479 98 21 drömma
313 485 34 14 om
365 481 32 19 att
412 478 145 21 folkskolorna
572 479 6 20 i
594 479 50 21 våra
659 479 188 22 landskommuner
862 480 70 21 kunna
947 479 75 21 under-

194 507 44 22 visa
261 507 43 21 alla
323 507 138 27 uppvexande
476 507 59 20 barn.
567 507 41 21 Det
623 507 67 22 finnes
705 507 59 24 barn,
781 514 46 15 som
843 508 18 26 ej
877 508 62 21 hafva
953 509 69 25 nägon

194 542 71 15 annan
288 537 27 19 än
331 535 136 27 Herransdag
481 535 57 27 ledig
552 535 33 21 för
600 536 150 26 emottagande
766 536 23 21 af
803 537 153 26 undervisning,
972 538 50 19 utan

194 565 69 20 mäste
286 564 79 22 ströfva
381 564 97 26 omkring
494 564 38 21 och
549 564 52 21 söka
616 565 32 20 sin
664 564 85 22 brödbit
765 565 27 26 pä
808 565 25 21 de
849 565 66 26 öfriga
931 565 92 26 dagarna

194 593 6 20 i
224 593 87 21 veckan.
340 593 40 25 Jag
403 595 45 18 tror
470 595 32 18 att
525 593 76 24 mänga
623 593 106 26 förmägor
744 593 70 22 skulle
827 594 26 25 gä
868 593 105 21 förlorade
989 599 33 15 om

194 627 49 15 man
267 621 18 26 ej
309 621 67 21 skulle
399 621 45 21 från
466 621 61 21 dessa
547 627 70 15 armas
640 621 57 21 leder
720 622 95 26 uppsöka
832 622 53 25 dem,
901 628 44 15 som
961 621 61 22 hafva

194 649 137 28 sänggäfvan.
361 649 40 26 Jag
423 655 62 15 anser
508 649 35 21 det
565 649 33 21 för
621 650 77 27 nyttigt
721 652 31 19 att
771 650 19 21 vi
806 652 51 19 utan
873 650 149 27 inskränkning

194 679 59 20 rösta
277 677 32 21 för
331 678 171 26 propositionens
522 678 126 26 antagande,
664 678 105 26 nemligen
786 679 32 24 de,
834 684 45 15 som
895 684 50 16 anse
957 679 65 25 jemte

195 706 42 26 mig
252 706 91 22 särskild
359 706 184 26 bildningsanstalt
558 706 32 21 för
606 706 98 22 klockare
720 713 51 15 vara
786 707 125 26 nödvändig.

265 763 120 21 Statsrädet
407 763 141 21 Lindelöf:
581 763 43 21 För
646 764 42 20 min
704 763 33 21 del
752 764 151 21 underskattar
915 764 36 26 jag
967 763 55 27 inga-

196 791 65 21 lunda
285 791 69 27 vigten
377 792 60 21 deraf
458 794 32 19 att
512 792 65 26 nägot
599 794 62 24 göres
684 792 32 21 för
731 792 167 27 upphjelpandet
913 792 22 22 af
948 792 76 27 kyrko-

196 820 97 21 musiken
315 820 39 21 och
373 822 32 19 att
421 820 31 23 de,
468 826 45 15 som
530 820 60 22 skola
605 820 47 22 leda
668 821 122 21 densamma
805 821 100 21 försättas
920 820 7 21 i
942 820 81 22 tillfälle

195 850 34 19 att
251 848 82 22 erhälla
356 848 112 27 tillräcklig
491 849 123 21 musikalisk
632 849 172 27 underbyggnad.
835 849 49 21 Men
897 850 36 26 jag
948 849 40 21 kan
1004 849 18 27 ej

195 876 58 22 finna
269 879 32 19 att
317 877 40 21 den
373 879 69 25 utväg,
459 884 45 14 som
515 877 40 21 den
566 878 76 26 nädiga
654 878 158 26 propositionen
823 878 7 20 i
840 878 76 21 sädant
926 878 98 21 afseende

196 906 91 26 anvisar,
311 907 23 19 är
356 906 63 26 nödig
442 905 51 21 eller
515 912 37 14 ens
567 906 93 26 lämplig.
691 906 48 21 Man
755 906 84 22 fordrar
855 906 22 21 af
890 906 99 21 klockare
1004 906 18 26 ej

197 933 56 22 blott
276 934 123 21 musikalisk
421 934 172 27 underbyggnad,
617 937 50 19 utan
683 935 60 21 äfven
759 934 120 22 kännedom
895 935 5 20 i
917 935 54 21 vissa
986 934 38 22 all-

198 964 77 19 männa
290 962 202 27 kunskapsstycken.
515 963 50 21 Men
582 963 60 21 dessa
658 963 121 27 kunskaper
794 966 37 18 äro
847 963 18 26 ej
882 963 21 21 af
914 964 23 20 sä
947 962 77 28 speciel

197 990 147 22 beskaffenhet
359 993 32 19 att
407 991 34 21 det
456 991 66 26 enligt
537 992 43 20 min
591 992 63 21 tanke
666 998 49 15 vore
726 992 75 26 nödigt
811 994 32 19 att
853 992 82 21 derföre
945 992 79 20 inrätta

197 1018 66 27 nägra
286 1019 103 21 särskilda
412 1019 148 22 läroanstalter
582 1020 33 21 för
637 1020 108 27 klockare;
769 1021 26 21 de
818 1020 52 22 böra
893 1020 82 27 mycket
990 1020 34 21 väl

197 1047 72 22 kunna
293 1048 94 21 inhemta
410 1048 46 21 dem
472 1048 7 20 i
495 1048 25 21 de
543 1048 106 22 allmänna
668 1048 215 27 bildningsanstalter,
899 1055 45 15 som
960 1049 65 21 redan

197 1076 75 21 finnas.
303 1076 84 27 Frägan
409 1077 114 21 reducerar
540 1078 33 26 sig
588 1077 81 21 säledes
685 1078 73 20 endast
775 1077 70 21 dertill
861 1079 32 19 att
907 1080 56 18 sätta
978 1076 47 22 blif-

197 1105 68 21 vande
288 1105 99 21 klockare
402 1106 7 20 i
424 1105 81 21 tillfälle
520 1108 32 18 att
568 1106 94 20 inhemta
677 1106 62 26 nödig
755 1106 124 21 musikalisk
894 1106 131 26 underbygg-

197 1133 51 25 nad;
273 1133 45 26 och,
341 1134 70 21 säsom
432 1134 36 26 jag
490 1134 65 21 redan
579 1134 96 26 nämnde,
699 1140 62 15 anser
780 1134 37 27 jag
839 1134 120 27 visserligen
975 1140 51 15 vara

197 1160 102 28 behöfligt
322 1163 31 20 att
376 1163 63 25 nägot
463 1161 7 21 i
493 1162 59 21 detta
570 1162 98 21 afseende
683 1164 67 25 göres.
781 1163 50 21 Men
847 1169 34 14 om
897 1163 58 20 detta
970 1162 54 26 sker,

198 1195 34 15 om
248 1192 70 19 staten
334 1190 36 21 vill
385 1190 102 27 uppoffra,
503 1191 70 21 säsom
588 1191 114 27 föreslaget
715 1193 28 24 är,
759 1192 77 24 12,000
847 1191 59 21 mark
916 1191 33 20 för
959 1190 67 28 dylikt

198 1218 106 27 ändamäl,
327 1219 24 21 sä
374 1219 64 21 borde
458 1219 36 21 det
509 1219 65 26 enligt
590 1219 43 21 min
648 1220 64 21 tanke
727 1219 67 22 hellre
809 1219 38 22 ske
862 1220 27 26 pä
903 1221 66 20 annat
983 1221 43 20 sätt

198 1248 27 19 än
247 1253 77 20 genom
347 1247 130 22 inrättandet
494 1248 22 21 af
536 1248 105 21 särskilda
656 1248 78 21 skolor.
764 1248 73 27 Enligt
853 1249 39 20 den
907 1248 119 26 utredning,

197 1281 45 15 som
259 1275 106 22 utskottet
379 1275 85 26 lemnat,
480 1276 84 21 inträffa
579 1277 80 26 ärligen
675 1277 96 26 omkring
788 1278 25 20 15
830 1276 117 27 ledigheter
961 1276 65 22 bland

198 1303 107 22 klockare.
337 1304 42 21 Det
394 1306 24 19 är
432 1304 82 21 säledes
532 1305 25 21 15
574 1305 185 25 klockare-elever,
775 1311 46 15 som
836 1305 71 21 kunna
923 1305 65 22 räkna
999 1305 27 27 pä

198 1333 33 20 att
245 1332 57 21 inom
318 1335 31 18 ett
363 1333 25 20 är
403 1333 62 21 vinna
480 1333 135 26 anställning.
638 1333 101 22 Fördelas
750 1334 40 21 den
801 1333 119 27 föreslagna
930 1340 95 15 summan

201 1361 76 24 12,000
301 1361 59 21 mark
382 1361 28 27 pä
432 1361 62 22 dessa
511 1363 25 20 15
552 1361 71 22 elever
637 1362 67 21 skulle
719 1362 83 21 säledes
818 1363 41 20 800
875 1362 60 21 mark
950 1362 76 27 belöpa

198 1388 33 27 sig
253 1389 28 27 pä
303 1389 73 27 hvarje
398 1389 22 22 af
441 1389 54 22 dem.
526 1390 50 21 Men
598 1390 121 22 ändamälet
740 1390 69 22 skulle
825 1391 64 26 enligt
904 1391 43 20 min
963 1391 63 20 tanke

199 1417 48 22 vida
269 1417 72 22 bättre
363 1417 119 28 befrämjas,
505 1425 34 15 om
562 1419 70 21 denna
654 1425 80 15 summa
757 1419 68 21 blefve
847 1419 87 22 utdelad
956 1419 70 21 säsom

199 1445 84 22 direkta
306 1447 115 21 understöd
444 1447 52 21 eller
518 1447 115 27 stipendier
655 1448 22 21 åt
699 1447 107 22 blifvande
827 1447 107 26 klockare,
955 1447 71 21 hvilka

199 1474 123 27 derigenom
344 1475 67 21 blefve
433 1475 89 22 försatte
544 1476 6 21 i
572 1475 84 22 tillfälle
679 1477 32 20 att
733 1477 12 20 &
768 1476 86 27 lämplig
870 1478 33 19 ort
918 1475 52 22 söka
985 1475 40 22 den

199 1503 138 22 musikaliska
359 1503 125 28 utbildning,
507 1504 76 21 hvaraf
596 1504 26 22 de
638 1506 36 20 äro
690 1504 6 21 i
712 1504 69 22 behof.
812 1505 33 21 Då
858 1505 36 26 jag
909 1504 81 22 således
1006 1505 18 26 ej
