1114 1773
204 124 59 37 1050
523 127 152 36 Bevillningar.
933 137 24 17 15
970 136 63 21 april.

272 204 157 23 Diskussionen
454 205 133 23 förklarades
615 206 52 22 härå
688 206 98 26 afslutad,
812 204 108 23 hvarefter
946 205 86 21 ståndet

202 232 81 22 medels
306 233 140 23 acklamation
470 235 103 27 enhälligt
588 236 32 21 till
635 235 139 22 medlemmar
789 235 7 21 i
812 234 36 22 det
862 234 117 22 förstärkta
995 234 37 21 be-

202 261 208 27 villningsutskottet
426 264 65 26 utsåg
505 264 38 21 hrr
551 264 116 25 Boisman,
675 264 87 21 Arthur
772 262 96 27 Castrén,
876 262 72 22 Ernst
956 262 73 22 Dahl-

202 292 76 22 ström,
293 290 138 28 Durchman,
449 292 112 27 Ignatius,
576 292 88 28 August
678 292 106 26 Jusélius,
800 292 104 26 Kumlin,
920 291 112 28 Nybergh,

202 325 43 14 von
261 318 83 28 Pfaler,
360 320 76 27 Polön,
452 320 98 22 Renvall
565 322 39 21 och
624 321 90 21 Winter.

271 376 112 28 Härjämte
400 378 128 27 godkännde
544 378 86 22 ståndet
645 379 26 21 de
686 378 24 22 af
716 377 235 27 bevillningsutskottet
965 376 66 22 fram-

203 404 76 22 ställda
294 404 107 29 förslagen
417 406 32 22 till
465 407 313 27 omröstningspropositioner.

271 461 33 22 Hr
320 462 113 23 Öhman
449 464 71 21 anhöll
543 471 34 14 om
601 465 61 21 ordet
683 464 40 21 och
744 464 97 27 yttrade:
870 463 34 21 Då
919 462 111 28 möjlighet

201 489 121 28 förefinnes,
354 493 32 20 att
412 492 71 27 någon
507 492 22 22 af
554 493 27 21 de
612 493 63 21 valda
707 493 145 21 ledamöterna
876 492 8 21 i
914 491 116 22 förstärkta

202 518 236 29 bevillningsutskottet
461 521 46 22 icke
528 521 69 22 skulle
612 528 51 15 vara
678 521 105 22 tillstädes
799 521 35 21 vid
854 520 176 25 sammanträdet,

203 547 23 20 så
251 549 61 26 tager
332 548 38 27 jag
392 549 45 27 mig
459 549 90 22 friheten
566 550 85 24 föreslå,
666 552 31 19 att
713 552 79 19 tvänne
808 549 139 28 suppleanter
962 548 67 22 måtte

202 577 66 25 utses,
284 577 40 21 och
339 577 38 22 ber
389 577 39 28 jag
443 580 32 20 att
496 579 70 21 därtill
581 579 22 21 få
617 579 79 21 föreslå
711 579 37 21 hrr
764 577 85 23 Homén
864 577 39 22 och
919 577 108 22 Lundson.

271 634 49 21 Med
345 635 156 26 godkännande
516 635 23 22 af
552 636 25 21 hr
593 632 96 26 Öhmans
712 635 80 28 förslag
807 635 70 22 beslöt
892 635 86 22 ståndet
993 641 37 15 en-

202 661 75 28 hälligt
292 663 81 22 medels
389 664 140 22 acklamation
546 665 31 21 till
591 665 138 27 suppleanter
744 665 7 21 i
766 664 116 22 förstärkta
892 664 138 27 bevillnings-

201 690 106 23 utskottet
325 693 48 20 utse
388 692 37 21 hrr
441 693 86 21 Homén
543 693 39 22 och
597 693 113 22 Lundson.

271 789 33 21 Hr
327 795 56 15 von
406 789 103 22 Pfaler
531 790 71 21 anhöll
621 797 34 14 om
671 791 63 21 ordet
749 791 39 21 och
803 790 93 27 yttrade:
916 789 32 22 På
962 789 67 21 bank-

202 817 116 21 utskottets
334 819 80 26 vägnar
431 819 38 20 ber
481 819 38 27 jag
538 819 22 21 få
575 819 88 26 anmäla,
678 822 32 19 att
726 819 99 27 samtliga
840 819 62 21 stånd
919 818 110 27 godkännt

202 845 118 22 utskottets
342 846 127 22 hemställan
485 847 131 22 beträffande
631 847 172 22 tillförsäkrande
818 847 23 22 af
848 847 76 27 årligt
939 846 89 22 under-

201 873 55 23 stöd
272 874 8 22 i
296 874 118 23 händelse
430 875 28 23 af
472 876 91 28 afgång
579 876 26 22 åt
621 876 46 22 den
684 876 32 28 på
730 877 73 22 extra
818 876 50 22 stat
878 875 42 23 vid
931 875 96 22 banken

200 903 124 22 anställda
348 904 143 22 direktören
515 905 39 21 och
569 905 68 21 likaså
658 908 31 18 att
712 904 198 28 ständerpluralitet
932 904 95 22 erhållits

200 932 92 20 rörande
308 932 143 22 betänkandet
473 940 35 15 n:o
523 934 13 20 3
556 940 35 15 om
612 934 92 27 ändring
720 934 7 21 i
743 934 109 22 bankens
867 933 161 27 reglemente,

200 959 112 22 hvaremot
337 961 36 20 två
396 962 63 21 stånd
479 964 86 19 stannat
587 964 45 19 mot
649 962 36 21 två
700 962 5 21 i
721 962 61 27 fråga
797 968 34 15 om
853 961 174 22 bankutskottets

200 987 136 23 betänkande
345 989 112 27 angående
465 991 161 26 propositionen
639 997 35 15 om
685 991 92 27 ändring
792 990 23 21 af
828 991 12 26 $
856 990 13 21 2
884 990 7 21 i
902 989 125 27 bankregle-

200 1019 88 24 mentet;
299 1017 39 22 och
349 1017 38 22 har
398 1018 71 22 denna
483 1018 60 28 fråga
558 1019 89 21 sålunda
664 1019 93 22 förfallit.

268 1113 121 28 Föredrogs
400 1121 26 15 en
442 1115 23 22 af
477 1115 26 22 hr
547 1116 116 21 Kokkonen
702 1116 30 21 till
743 1115 85 22 ståndet
839 1115 107 22 inlämnad
958 1115 68 25 skrift,

198 1141 90 28 lydande
304 1143 71 21 såsom
392 1143 70 28 följer:

413 1229 186 27 Hyvinarvoisalle
613 1229 200 28 porvarissäädylle.

266 1285 72 21 Tähän
361 1285 113 22 liittämäni
496 1287 210 26 todistuskappaleen
730 1287 92 21 mukaan
846 1289 50 18 ovat
911 1286 116 27 valitsijani

197 1312 105 27 Kajaanin
328 1313 148 28 kaupungissa
501 1315 257 27 edusmiespalkkiokseni
784 1315 65 21 näillä
874 1315 152 27 valtiopäivillä

196 1343 138 20 määränneet
351 1343 26 20 10
392 1343 89 21 markan
497 1343 134 27 päivärahan.

267 1369 121 28 Sijaisilleni
410 1371 165 22 kotitoimissani
597 1378 75 15 menee
692 1372 123 27 palkkioina
830 1371 149 28 valtiopäiväin
995 1371 31 22 ai-

194 1397 56 22 kana
265 1398 72 22 kaikki
352 1400 85 21 ansioni
452 1401 64 25 siellä,
532 1401 27 21 eli
574 1401 43 21 330
633 1401 101 21 markkaa
754 1401 89 21 kuussa.
872 1401 54 21 Tätä
940 1402 84 19 vastaa-

194 1427 56 20 valla
272 1427 42 21 300
336 1428 88 21 markan
447 1429 297 28 valtiopäivämiespalkkiolla
766 1435 27 16 en
809 1429 36 21 voi
860 1429 53 21 tulla
928 1429 40 21 itse
984 1429 40 21 toi-

193 1461 63 15 meen
272 1455 64 22 täällä
351 1457 94 22 kalliissa
460 1457 147 28 kaupungissa
618 1458 24 27 ja
655 1458 88 21 samalla
753 1457 103 28 perheeni
868 1457 80 22 kotona
957 1457 66 21 ilman

194 1484 100 21 tuntuvia
309 1484 122 27 uhrauksia,
449 1486 69 26 joihin
534 1487 19 20 ei
568 1486 89 21 minulla
671 1486 35 21 ole
720 1486 81 26 varoja.
830 1486 77 21 Näistä
922 1486 67 26 syistä
1000 1486 24 26 ja

194 1512 87 26 nojaten
304 1512 270 30 valtiopäiväjärjestyksen
598 1514 28 22 20
648 1514 68 28 S:lään
741 1514 111 22 rohkenen
875 1514 150 28 nöyrimmästi
