1109 1770
199 117 44 40 764
453 129 56 17 1900
523 128 35 18 års
570 129 189 23 landtdagsbeslut.
927 129 28 17 28
967 133 64 12 mars.

275 197 69 21 Bland
365 197 96 22 ständets
483 198 139 21 medlemmar
637 198 55 21 hade
707 198 92 21 utdelats
815 197 40 22 och
870 197 113 22 bordlades
998 197 33 22 till

203 227 64 19 nästa
283 225 96 28 plenum:
395 226 132 22 berättelse
547 227 71 22 öfver
633 227 134 27 styrelsens
781 226 169 27 tillgöranden
965 227 9 21 i
989 233 42 15 an-

205 253 104 28 ledning
323 255 28 21 af
365 255 145 22 ständernas
525 255 42 22 vid
584 255 62 22 1900
662 254 167 28 ärslandtdag
837 255 95 22 fattade
942 255 87 22 beslut.

273 397 44 22 Hr
340 398 155 22 Mattsson
518 398 40 21 och
581 398 177 27 Björklund
780 397 55 22 hade
850 398 88 22 anhållit
952 400 31 19 att
997 397 34 22 för

203 426 99 21 enskilda
324 427 179 27 angelägenheter
525 427 22 21 fä
568 433 52 15 vara
641 427 142 21 fränvarande
798 426 46 22 frän
860 429 65 21 nästa
936 427 96 27 plenum,

203 454 40 22 och
259 454 45 22 blef
317 455 62 21 deras
394 456 98 20 anhållan
508 455 23 21 af
544 456 85 20 ståndet
644 455 92 21 bifallen.

277 598 33 21 Hr
333 599 178 21 talmannen
534 599 144 27 tillkännagaf,
703 601 32 19 att
757 598 98 28 samtliga
877 598 69 26 ständ,
966 598 66 27 enligt

206 622 110 37 inkomna"
324 622 203 37 protokollsutdrag,
543 628 94 23 beslutit,
645 628 50 22 med
711 628 92 26 ändring
817 627 24 21 af
853 627 89 28 tidigare
952 626 81 22 fattade

205 655 79 26 beslut,
295 658 31 19 att
337 659 47 18 utse
392 656 46 28 fyra
445 656 340 28 bankfullmäktigs-suppleanter
793 656 39 21 och
841 656 42 21 lika
891 656 75 27 mänga
976 656 54 20 revi-

206 684 189 27 sorssuppleanter
418 688 56 18 samt
493 686 136 26 uppmanade
651 685 57 27 förty
723 685 86 22 ständet
823 687 32 19 att
870 684 114 22 värkställa
998 684 35 21 val

207 712 24 22 af
244 719 27 15 en
288 713 210 27 bankfullmäktig
505 714 68 26 jämte
583 714 46 27 fyra
641 713 390 28 bankfullmäktig-suppleanter,

207 747 26 15 en
250 741 163 23 bankrevisor
428 742 39 22 och
482 742 45 27 fyra
543 742 284 28 revisors-suppleanter,
850 742 88 21 hvarvid
953 742 25 20 hr
993 741 38 21 tal-

206 776 95 15 mannen
323 770 66 22 tillika
404 771 103 26 erinrade,
523 773 31 19 att
569 771 134 21 valsedlarna
725 771 74 26 borde,
813 770 33 22 för
862 770 134 22 undvikande
1011 769 24 22 af

206 798 115 22 osäkerhet
337 800 38 20 och
391 800 121 21 valsedelns
527 800 136 26 kasserande,
679 802 95 25 upptaga
790 800 40 21 den
842 799 72 21 valdas
924 799 46 21 titel
981 799 52 21 eller

203 827 54 27 yrke
273 830 55 19 samt
342 828 98 21 förnamn
456 828 51 21 eller
522 828 97 22 initialer.

276 891 41 21 Vid
331 890 52 21 härä
398 891 130 21 värkställda
543 891 33 21 val
593 891 80 21 erhöllo
689 891 70 21 nedan
775 890 139 28 uppräknade
929 896 103 21 personer

204 918 95 27 följande
314 919 57 21 antal
387 921 75 24 röster,
478 920 117 27 nämligen:

277 981 35 21 till
327 981 198 28 bankfullmäktig:
555 982 134 21 handlanden
711 982 28 21 M.
755 981 105 28 Hallberg
875 982 26 21 57
917 983 74 24 röster,
1006 981 27 22 hr

206 1009 106 28 Hallberg
327 1010 13 21 3
355 1012 75 24 röster,
453 1010 219 22 filosofiekandidaten
696 1011 25 21 V.
743 1010 93 27 Löfgren
852 1011 13 20 2
880 1012 76 23 röster,
980 1017 16 14 e.
1012 1017 20 14 o.

205 1038 127 27 professorn
349 1039 25 21 O.
390 1039 89 22 Donner
494 1040 8 20 1
521 1041 59 24 röst;
597 1040 110 21 dessutom
723 1039 55 22 hade
793 1039 114 21 inlämnats
923 1045 25 15 en
966 1039 66 21 valse-

206 1067 35 21 del
257 1068 137 26 upptagande
410 1070 30 19 ett
455 1068 86 27 oläsligt
555 1075 76 19 namn;

277 1130 35 21 till
326 1130 71 27 första
406 1131 333 28 bankfullmäktigs-suppleant:
755 1131 134 20 handlanden
901 1130 25 21 K.
937 1131 27 20 H.
975 1131 57 20 Ren-

206 1157 53 22 lund
274 1159 29 20 59
318 1161 75 23 röster,
409 1159 217 22 filosofiekandidaten
646 1160 25 21 V.
686 1159 92 27 Löfgren
795 1159 13 21 2
823 1161 69 19 röster
908 1161 54 19 samt
977 1159 55 21 vice-

205 1186 196 28 häradshöfdingen
418 1188 23 21 F.
455 1188 101 26 Jansson,
579 1188 226 22 medicinelicentiaten
821 1187 25 22 G.
861 1187 24 21 R.
901 1187 75 22 Idman
992 1187 40 22 och

203 1215 26 21 hr
245 1215 101 22 Renlund
362 1216 79 21 enhvar
459 1217 9 20 1
485 1218 58 25 röst;

277 1279 35 20 till
323 1279 72 21 andra
406 1279 337 28 bankfullmäktigs-suppleant:
768 1279 225 21 medicinelicentiaten
1006 1279 26 22 G.

204 1307 26 20 R.
247 1307 77 21 Idman
339 1308 28 20 58
383 1309 75 25 röster,
477 1308 291 21 referendariesekreteraren
791 1307 26 21 A.
841 1307 66 21 Lilius
923 1307 38 21 och
976 1308 55 20 vice-

204 1334 196 29 häradshöfdingen
416 1336 25 21 F.
455 1336 94 22 Jansson
572 1336 105 22 hvardera
698 1336 14 21 2
727 1338 70 20 röster
821 1338 54 19 samt
897 1336 135 21 vicehärads-

203 1363 118 28 höfdingen
336 1364 24 22 E.
377 1364 90 22 Castrén
484 1366 10 20 1
511 1367 56 24 röst;

272 1427 35 21 till
330 1427 66 25 tredje
417 1428 342 27 bankfullmäktiys-suppleant:
790 1427 241 27 vicehäradshöfdingen

201 1454 25 22 F.
241 1455 95 21 Jansson
359 1456 28 20 44
410 1458 75 24 röster,
505 1456 239 27 vicehäradshöfdingen
765 1456 24 21 E.
807 1456 89 22 Castrén
913 1456 27 22 15
955 1458 76 24 röster,

200 1482 184 23 filosofiedoktorn
402 1484 25 22 K.
443 1485 25 21 A.
484 1485 97 21 Brander
596 1485 13 21 2
624 1486 71 20 röster
716 1485 39 21 och
768 1484 263 28 jurisutriusguedoktorn

198 1512 29 21 H.
242 1512 91 22 Renvall
351 1513 9 20 1
378 1514 55 25 röst;
