1109 1770
83 128 25 16 14
120 128 61 20 april.
388 124 226 29 Folkskoleväsendet.
872 121 42 21 949

84 195 64 22 tähän
166 195 167 23 tarkoitukseen.
364 196 87 27 Pyydän
467 196 119 21 sentähden
608 196 117 21 kannattaa
745 196 53 21 niitä
819 195 95 28 puhujia,

82 224 62 27 jotka
160 227 49 18 ovat
226 225 112 21 esittäneet
353 231 99 15 summan
467 225 171 21 korotettavaksi
654 225 77 26 60,000
745 224 124 21 markkaan.

154 281 33 22 Hr
203 282 116 27 Hynén:
349 282 138 26 Lämpimästi
509 281 109 22 kannatan
641 281 39 22 hra
707 281 124 22 Sundvallin
857 281 57 22 teke-

85 312 48 19 mää
148 310 115 21 ehdotusta
275 311 23 26 ja
313 310 96 27 myöskin
426 311 70 20 niiden
510 311 101 26 lisäysten
624 310 156 27 myöntämistä,
788 310 55 27 joita
850 310 65 21 valio-

84 339 68 21 kunta
168 345 27 15 on
211 339 166 21 mietinnössään
393 339 134 21 ehdottanut.
550 339 139 21 Huomautan
704 339 118 25 kuitenkin,
832 341 44 19 että
888 345 28 14 ne

85 367 140 28 edellytykset
247 367 150 22 valitettavasti
420 370 49 19 ovat
487 368 80 27 poissa,
579 367 62 28 jotka
655 367 124 22 valiokunta
794 373 28 16 on
838 369 78 19 asetta-

85 398 39 19 nut
140 396 158 21 ehdotuksensa
312 396 104 27 pohjaksi.
443 396 34 21 On
493 397 106 20 nimittäin
615 396 128 27 edellytetty,
754 397 44 20 että
809 396 109 21 saisimme

86 425 93 27 syksyllä
195 425 118 21 uudestaan
328 425 124 21 kokoontua
473 425 158 27 valtiopäiville.
662 425 45 26 Nyt
722 424 114 22 kuitenkin
851 424 64 21 tähän

85 453 152 27 valtiopäivien
252 452 163 28 lykkäämiseen,
427 453 48 27 jota
490 454 75 26 säädyt
581 456 50 18 ovat
645 455 98 20 anoneet,
759 453 19 21 ei
794 452 33 22 ole
843 454 73 26 myön-

85 484 67 26 nytty.
182 482 74 21 Asiain
279 482 115 26 nykyisellä
417 482 99 21 kannalla
538 482 56 21 ollen
610 482 97 25 arvelen,
723 483 44 19 että
783 481 134 21 määrärahat

86 510 254 22 kansakoululaitokselle
365 510 86 22 olisivat
480 512 162 26 myönnettävät
671 510 156 26 aikakaudeksi,
850 510 68 27 jonka

86 540 100 20 kuluttua
208 545 100 15 varmaan
331 540 106 20 tiedetään
460 540 151 26 valtiopäivien
633 539 160 21 kokoontuvan.
830 539 86 21 Tämän

86 568 143 21 ehdotukseni
244 568 47 20 olen
307 568 74 27 tehnyt
395 568 104 21 kahdesta
514 570 77 25 syystä,
607 568 126 21 ensinnäkin
750 568 53 25 siitä,
817 570 101 18 ettemme

87 603 37 15 saa
136 597 68 26 jättää
219 596 276 22 kansakoululaitostamme
510 597 116 21 sattumain
642 602 85 18 varaan,
734 596 23 27 ja
767 596 95 26 toiseksi,
874 598 44 20 että

88 625 74 27 säädyt
177 625 56 21 eivät
248 625 84 21 millään
348 626 71 21 tavoin
435 626 127 27 puolestaan
578 625 122 22 aiheuttaisi
715 624 109 23 hallitusta
846 625 72 28 ryhty-

87 656 63 19 mään
173 654 114 25 keinoihin,
307 654 61 27 jotka
383 655 56 20 eivät
457 655 92 20 kantaisi
565 655 135 21 laillisuuden
716 654 80 21 leimaa.
829 654 88 22 Sentäh-

88 683 40 20 den
144 682 92 22 ehdotan
246 683 57 21 näitä
313 683 185 27 rahamääräyksiä
509 683 185 27 myönnettäväksi
702 683 129 21 tavalliseksi
842 683 76 21 kolmi-

88 711 182 22 vuotiskaudeksi.

158 769 33 20 Hr
206 768 118 25 Heikel,
340 769 96 20 Felix:
466 769 43 26 Jag
534 768 38 21 har
587 769 7 20 i
609 768 161 22 statsutskottet
793 770 68 19 röstat
886 767 33 22 för

89 803 26 15 en
132 803 83 15 summa
238 796 47 22 utaf
304 797 77 26 50,000
403 797 66 26 mark,
485 797 27 22 dä
531 803 49 15 man
596 797 7 21 i
618 797 106 21 utskottet
738 797 55 22 hade
808 797 41 21 den
864 803 54 20 upp-

88 825 129 27 fattningen,
233 828 31 19 att
279 826 58 21 detta
352 826 78 27 belopp
447 826 69 21 skulle
532 832 53 15 vara
600 826 123 27 tillräckligt
732 825 33 22 för
773 825 146 22 innevarande

90 854 28 21 är.
148 854 50 21 Men
221 854 31 26 dä,
275 853 52 22 efter
349 854 56 22 hvad
425 855 39 26 jag
479 855 49 20 hört
543 855 23 20 af
579 855 25 20 hr
621 854 108 26 Sundvall,
744 854 107 21 allmänna
866 854 53 27 peti-

90 883 164 21 tionsutskottet
276 883 45 21 haft
336 883 89 27 tillgång
440 883 32 21 till
486 885 100 19 närmare
601 883 110 27 uppgifter
726 883 91 21 rörande
833 883 26 21 de
874 882 45 21 fak-

89 911 56 21 tiska
161 911 111 26 behofven,
292 913 23 19 är
328 911 37 27 jag
379 912 81 20 beredd
479 914 32 19 att
526 911 74 21 förena
615 912 44 26 mig
674 918 35 14 om
725 911 52 21 hans
793 910 81 28 förslag
888 912 32 20 att

90 940 49 26 höja
154 946 99 15 summan
276 940 31 21 till
323 940 77 26 60,000
421 940 67 21 mark.
518 940 42 27 Jag
575 940 65 27 vägar
653 940 80 27 jämväl
748 942 40 23 tro,
805 942 31 19 att
852 939 68 27 öfriga

90 968 139 22 medlemmar
251 968 23 22 af
295 969 160 21 statsutskottet
478 969 54 21 efter
548 969 70 21 denna
633 969 130 27 upplysning
778 970 66 26 gärna
860 968 61 21 skola

90 1003 51 15 vara
162 997 94 22 beredda
279 999 31 19 att
331 997 76 27 frängä
430 998 38 20 sitt
483 998 86 26 förslag,
585 998 56 21 hälst
656 998 37 21 det
708 997 35 21 vid
759 998 77 26 mänga
850 996 70 22 landt-

91 1026 65 26 dagar
173 1026 72 21 städse
259 1026 7 21 i
283 1026 160 21 statsutskottet
457 1026 56 21 varit
528 1032 26 15 en
571 1026 160 27 genomgående
742 1026 81 27 princip
834 1027 32 19 att
873 1025 47 21 icke

92 1060 63 21 spara
170 1054 28 27 pä
213 1054 79 28 anslag,
301 1054 26 22 dä
342 1055 36 21 det
387 1055 50 27 gällt
445 1054 317 22 folkskoleväsendets
670 1050 12 36 i
691 1050 69 36 landet
769 1054 152 27 befrämjande.

161 1111 33 21 Hr
210 1111 167 27 Clouberg:
407 1112 42 21 Vid
473 1112 70 21 denna
565 1112 146 27 propositions
734 1112 76 21 remiss
834 1111 32 21 till
887 1113 33 19 ut-

92 1140 81 21 skottet
187 1139 106 28 föreslogs
314 1140 23 21 af
357 1140 65 21 bland
437 1141 67 21 andra
520 1141 49 26 mig,
585 1142 31 20 att
631 1140 97 27 anslaget
743 1140 32 21 för
791 1140 131 21 studieresor

91 1169 32 20 till
139 1168 81 22 utrikes
237 1171 34 19 ort
285 1168 32 22 för
332 1168 162 22 folkskollärare
510 1169 69 21 skulle
594 1169 60 27 höjas
669 1168 47 22 frän
733 1169 61 26 2,500
810 1168 32 22 till
857 1168 64 26 5,000

92 1197 67 21 mark.
189 1198 42 26 Jag
246 1198 68 20 skulle
330 1198 26 20 be
371 1200 32 18 att
418 1204 29 14 nu
462 1198 21 20 få
491 1198 119 21 återhämta
619 1198 58 21 detta
684 1197 85 27 förslag.
799 1197 43 21 För
856 1196 66 28 öfrigt

93 1226 69 21 skulle
183 1225 62 22 äfven
265 1226 38 27 jag
324 1226 33 21 för
379 1226 44 21 min
447 1226 34 21 del
503 1227 116 21 instämma
633 1226 48 21 ihr
704 1226 113 22 Sundvalls
835 1225 87 27 förslag.

92 1254 49 22 Ifall
156 1254 71 22 denna
247 1254 113 28 förökning
375 1255 6 21 i
397 1255 108 27 budgeten
527 1255 49 21 med
592 1255 63 25 2,500
670 1255 67 26 mark,
753 1261 46 15 som
815 1254 49 21 mitt
878 1253 42 22 för-

93 1283 47 27 slag
161 1283 95 26 innebär,
280 1283 68 21 skulle
368 1283 131 27 godkännas,
516 1284 24 21 sä
554 1284 69 20 mäste
639 1283 81 21 säledes
732 1283 142 21 slutsumman
889 1282 33 21 för

93 1311 117 27 utgifterna
225 1312 60 27 höjas
300 1312 49 21 med
364 1312 153 21 motsvarande
533 1312 84 27 belopp.

162 1369 33 20 Hr
211 1369 188 21 Stenström:
429 1369 50 21 Med
501 1369 116 26 anledning
639 1368 22 22 af
675 1369 26 21 de
717 1368 155 27 upplysningar
884 1367 40 27 jag

93 1396 23 22 af
130 1403 25 15 en
172 1397 47 21 utaf
240 1398 116 21 utskottets
376 1398 140 21 medlemmar
532 1398 84 21 erhållit
632 1397 53 21 efter
701 1398 35 20 det
748 1398 38 26 jag
801 1403 51 21 nyss
868 1395 55 22 hade

94 1426 62 21 ordet
170 1426 37 21 ber
219 1426 38 27 jag
272 1426 21 21 få
307 1426 97 27 återtaga
419 1427 36 21 det
470 1426 23 22 af
507 1427 44 26 mig
565 1426 132 21 framställda
711 1426 108 27 förslaget.

164 1483 33 21 Hr
213 1483 161 21 Sundvall:
399 1483 51 21 Med
458 1483 117 27 anledning
589 1482 22 22 af
619 1483 25 21 hr
657 1483 116 27 Cloubergs
785 1482 137 27 andragande

94 1512 36 20 vill
151 1512 37 26 jag
209 1514 84 23 nämna,
308 1514 31 18 att
351 1512 39 26 jag
408 1512 127 27 visserligen
550 1511 33 21 för
598 1512 43 20 min
658 1512 34 20 del
707 1511 116 27 ingalunda
838 1513 23 19 är
877 1512 46 20 mot
