1109 1759
200 114 41 37 740
463 122 301 31 Värnepliktsförfattningen.
926 127 27 16 23
965 131 65 12 mars.

198 193 100 27 kannalla
313 194 145 22 valtiollisissa
472 195 91 21 asioissa
577 195 52 21 kuin
646 195 47 26 hän,
709 196 47 21 olisi
767 195 91 21 tietensä
868 194 100 22 tahtonut
977 195 52 21 kan-

199 228 39 16 san
260 222 175 22 oikeuskäsitettä
457 223 135 22 hämmentää
612 224 24 27 ja
657 224 129 21 faktillisesti
804 224 41 20 sitä
862 224 79 27 tehnyt.
970 224 59 21 Minä

200 250 122 28 puolestani
337 252 96 21 uskallan
450 252 133 22 kumminkin
600 259 92 15 suoraan
709 254 58 20 tässä
782 252 102 27 säädyssä
899 258 70 20 sanoa,
985 254 45 19 että

199 280 72 21 niiden
287 280 88 21 kuntien
388 280 111 27 joukossa,
512 281 62 27 jotka
588 284 52 18 ovat
655 281 134 21 menetelleet
804 281 84 21 toisella
897 283 67 25 tapaa,
976 280 53 22 kuin

200 308 124 22 valiokunta
339 309 166 22 mietinnössään
520 310 110 21 kehoittaa
642 310 23 27 ja
680 310 115 21 velvoittaa
807 309 183 26 menettelemään,
1000 316 29 14 on

200 336 56 28 kyllä
271 337 93 21 sellaisia
378 338 79 26 kuntia,
470 338 62 27 jotka
547 341 53 19 ovat
615 339 68 27 täysin
699 338 51 28 yhtä
765 338 93 21 tietoisia
872 338 51 21 kuin
939 344 27 15 ne
976 338 53 21 kun-

200 367 43 25 nat,
256 366 61 26 jotka
332 368 50 20 ovat
396 370 122 18 asettuneet
530 367 148 27 jyrkemmälle
694 367 103 26 kannalle,
813 367 47 21 siitä
876 368 44 20 että
932 368 58 20 tässä
1000 373 29 15 on

200 394 126 22 laittomuus
348 394 112 23 olemassa.
489 396 27 21 Ei
538 396 76 21 heidän
636 395 224 27 oikeuskäsityksensä
875 395 104 21 suinkaan
995 396 36 21 ole

200 428 40 16 sen
265 424 116 26 sameampi
402 424 51 21 kuin
469 424 135 22 toistenkaan
620 424 95 22 kuntien.
746 424 79 22 Tämän
842 424 114 28 syytöksen
972 425 59 20 minä

201 451 121 27 puolestani
345 452 79 22 tahdon
448 453 76 27 torjua.
553 454 60 20 Minä
632 453 48 21 olen
699 454 41 20 itse
756 453 54 21 ollut
825 453 93 21 mukana
932 452 96 22 maalais-

200 480 110 22 kunnassa
332 482 98 26 päätöstä
453 483 57 20 tässä
532 482 113 21 suhteessa
667 482 121 21 tekemässä
807 482 22 26 ja
844 481 48 22 olen
908 481 121 27 puolestani

200 508 128 22 vakuutettu
349 510 55 26 siitä,
419 512 43 20 että
478 516 23 16 se
516 510 182 22 runsaslukuinen
714 510 156 22 kuntakokous,
884 510 52 27 joka
950 510 79 21 asettui

200 538 84 21 toiselle
294 538 103 26 kannalle,
412 538 51 22 kuin
479 539 63 21 täällä
557 542 38 24 nyt
609 539 152 26 tahdottaisiin,
774 539 24 27 ja
812 541 60 25 myös
888 538 86 22 selvästi
984 538 45 22 lau-

201 566 34 22 sui
251 566 153 27 mielipiteensä
419 568 130 21 laittomasta
564 568 178 27 toimenpiteestä,
758 574 28 15 on
796 567 51 28 yhtä
857 568 101 21 tietoinen
969 567 59 21 asian

201 594 173 23 oikeudellisesta
396 596 98 27 puolesta
516 597 52 21 kuin
588 597 124 21 konsanaan
726 596 54 28 joku
795 602 52 16 muu
863 596 72 21 kunta.
965 596 65 21 Tämä

202 624 53 20 siitä.
285 624 59 21 Minä
364 631 26 15 en
409 625 64 21 tahdo
489 625 128 21 kuitenkaan
635 632 71 18 sanoa,
722 627 45 20 että
782 631 24 15 se
821 625 165 27 menettelytapa
1000 631 28 15 on

202 652 155 28 oikeutetumpi
373 653 51 21 kuin
436 654 54 27 joku
506 654 79 21 toinen.
608 654 71 21 Mutta
692 660 38 15 sen
746 654 58 21 minä
819 660 73 19 sanon,
908 656 44 18 että
967 653 62 21 liikaa

202 687 26 15 on
250 681 74 27 puhua
339 682 54 27 siitä,
408 684 44 20 että
468 682 180 28 oikeuskäsitystä
663 683 83 21 meidän
762 682 96 28 puolelta
873 682 90 21 melkein
979 688 50 15 suo-

201 716 52 14 raan
270 716 79 15 sanoen
364 710 66 22 tieten
446 711 65 21 taiten
528 711 111 22 sotketaan
652 711 23 27 ja
690 711 184 21 hämmennetään.
898 711 79 21 Tämän
989 717 39 21 pu-

201 738 55 21 heen
276 738 47 22 aika
341 739 47 21 olisi
407 740 93 21 minusta
512 740 24 27 jo
551 740 86 27 loppua.
669 740 27 22 Se
712 740 51 21 virsi
778 746 28 15 on
822 740 49 21 liian
887 739 69 21 vanha
967 739 23 27 ja
1006 745 24 15 se

202 766 52 22 virsi
277 773 27 15 on
328 767 49 22 liian
401 768 127 22 vaarallinen
553 768 95 22 edelleen
663 768 69 22 laulaa
748 768 83 22 meidän
847 774 91 16 maassa.
967 768 62 27 Kyllä

201 795 115 22 tiedämme
331 796 76 26 mekin,
419 797 61 27 jotka
495 797 91 21 olemme
602 797 83 21 toisella
700 797 78 27 puolen
794 797 69 26 olleet,
879 797 51 21 mitä
945 796 84 22 oikeus-

201 824 101 22 käsitteet
325 827 56 24 ovat,
394 825 23 27 ja
436 826 115 21 luulemme
567 827 60 26 myös
643 826 158 21 toimineemme
816 827 72 20 tämän
904 832 61 14 maan
980 831 48 21 par-

201 852 81 22 haaksi.
312 853 153 27 Sanottakoon,
480 854 36 27 jos
531 855 44 20 niin
591 854 122 27 tahdotaan,
729 856 101 19 ettemme
844 856 112 25 ymmärrä,
973 853 57 22 mikä

202 881 55 27 hyvä
280 888 33 19 on,
336 884 68 20 mutta
427 883 75 21 älköön
522 883 86 21 tehtäkö
627 883 93 21 sellaisia
738 883 114 27 syytöksiä,
864 882 55 28 joita
934 882 94 22 tässäkin

201 910 126 22 istunnossa
349 917 28 15 on
400 911 64 27 tehty.
493 912 58 21 Minä
574 912 85 21 ainakin
675 912 80 25 toivon,
770 914 44 19 että
830 913 57 19 tämä
902 911 62 21 leikki
981 911 47 21 olisi

198 938 24 27 jo
238 938 96 28 loppuun
350 939 108 29 leikitelty.

272 996 32 22 Hr
350 999 223 20 Hammarström:
596 998 42 26 Jag
648 998 68 21 finner
727 998 44 26 mig
781 997 118 21 föranlåten
910 999 31 19 att
954 999 76 25 genast

202 1024 48 22 frän
273 1025 75 27 början
372 1027 51 25 göra
444 1032 26 15 en
494 1026 110 27 afvikning
621 1026 47 21 frän
684 1026 40 22 den
741 1026 44 25 sak,
801 1032 46 15 som
863 1026 37 21 det
916 1032 27 14 nu
960 1025 69 21 skulle

202 1053 56 27 gälla
273 1056 32 19 att
319 1054 111 22 behandla.
453 1055 42 21 Det
510 1054 50 22 sker
575 1055 28 27 pä
618 1054 71 28 grund
704 1055 23 21 af
740 1055 27 21 de
782 1055 120 26 erinringar
917 1060 35 15 om
963 1054 65 21 redan

201 1081 100 27 afgjorda
316 1083 98 26 ärenden,
430 1090 46 14 som
492 1083 25 21 hr
532 1084 49 20 Alin
595 1083 71 21 funnit
675 1084 116 26 anledning
801 1086 31 18 att
842 1090 29 14 nu
883 1084 56 26 göra.
960 1082 69 22 Bland

202 1110 64 22 dessa
288 1113 24 19 är
334 1112 37 20 det
389 1112 101 21 särskildt
509 1118 26 15 en
551 1112 65 27 fräga,
633 1118 46 15 som
692 1112 39 27 jag
745 1112 42 21 kan
803 1112 34 21 stä
852 1112 32 21 till
899 1111 66 27 tjänst
980 1111 49 21 med

201 1140 32 20 att
249 1140 81 25 utreda,
347 1140 106 27 nämligen
475 1140 73 27 frägan
569 1147 35 15 om
622 1144 100 18 senatens
738 1140 126 22 hemställan
880 1140 91 21 rörande
986 1140 42 21 den

202 1167 92 27 olagliga
316 1168 82 27 ätgärd,
419 1169 88 21 hvarom
531 1169 163 21 bankutskottet
715 1169 55 21 hade
791 1168 81 22 tillfälle
886 1170 32 20 att
932 1168 28 27 pä
975 1168 53 22 sista

202 1196 62 21 sidan
286 1196 23 22 af
329 1198 38 20 sitt
390 1197 133 22 betänkande
547 1204 33 15 n:o
602 1199 9 20 1
634 1198 88 21 berätta.
752 1198 48 20 Den
820 1197 123 27 förklaring,
959 1196 69 22 som
1012 1192 19 37 i

202 1224 86 22 ståndet
304 1232 34 14 om
354 1226 59 21 detta
423 1226 117 22 dokument
550 1226 74 27 afgafs,
636 1233 37 15 var
683 1226 40 22 den
734 1226 55 22 enda
799 1226 83 26 riktiga.
902 1226 10 20 I
924 1226 104 21 utskottet

202 1252 55 22 hade
279 1254 107 27 nämligen
410 1261 25 15 en
459 1255 90 21 medlem
572 1254 23 22 af
614 1256 31 20 ett
666 1257 66 19 annat
754 1255 64 21 ständ
832 1254 88 22 företett
935 1256 30 19 ett
980 1254 49 21 kort

202 1280 142 29 skriftstycke,
368 1289 34 15 om
425 1283 80 22 hvilket
527 1284 37 21 det
585 1283 97 27 uppgafs,
701 1286 31 18 att
748 1284 37 21 det
801 1290 51 14 voro
868 1290 26 14 en
910 1282 83 22 afskrift
1008 1282 24 21 af

202 1313 101 19 senatens
326 1311 91 22 berörda
438 1312 132 26 hemställan,
590 1312 39 21 och
649 1312 71 21 anhöll
735 1312 42 21 han
793 1314 31 19 att
838 1312 22 20 fä
875 1310 93 28 delgifva
983 1311 45 21 det-

202 1345 82 15 samma
306 1340 116 21 utskottets
445 1340 67 28 öfriga
534 1340 139 22 medlemmar
688 1341 48 21 med
759 1340 126 27 päpekande
900 1340 25 26 af,
940 1342 32 19 att
987 1339 41 21 han

201 1367 41 22 fått
263 1368 103 27 rättighet
388 1368 70 22 därtill
480 1369 68 21 under
569 1369 125 27 uttryckligt
708 1369 110 25 förbehåll,
833 1371 31 19 att
879 1368 97 27 kunskap
993 1374 35 15 om

201 1396 117 22 innehållet
332 1397 46 21 icke
393 1397 67 22 måtte
474 1398 108 21 meddelas
598 1398 71 26 någon
684 1404 77 15 annan.
790 1398 42 20 Det
846 1398 56 20 enda
917 1403 54 19 svar,
982 1402 46 16 som

201 1430 27 16 en
247 1425 91 22 honnett
354 1426 187 22 utskottsmédlem
556 1426 72 22 kunde
644 1426 56 27 gifva
715 1426 28 27 på
758 1426 41 21 den
814 1426 66 27 fråga,
896 1432 46 15 som
950 1425 35 21 vid
994 1425 35 21 be-

200 1453 130 27 handlingen
346 1454 24 21 af
383 1454 174 22 bankutskottets
568 1455 134 21 betänkande
712 1455 93 27 gjordes,
818 1461 38 15 var
872 1454 36 22 det
919 1460 46 15 som
977 1453 52 27 gafs.

201 1482 34 21 Då
250 1482 119 22 emellertid
385 1489 26 15 en
430 1484 128 26 »paljastus»
575 1483 23 21 af
612 1484 69 26 någon
698 1490 86 20 person,
799 1483 25 21 hr
839 1483 49 21 Alin
905 1482 65 28 angaf
983 1482 47 21 icke

200 1510 71 27 hvem,
286 1510 24 22 af
322 1511 41 21 den
380 1514 59 19 stora
454 1512 141 27 hemligheten
612 1512 62 26 skett,
690 1512 41 21 kan
745 1512 39 27 jag
799 1512 65 21 ocksä
875 1512 77 21 beröra
962 1510 68 22 doku-
