1109 1764
89 111 23 17 21
124 115 57 13 mars
418 111 102 17 Finlands
533 111 64 16 bank.
876 105 41 21 715

90 181 70 21 denna
183 179 75 22 balans
274 180 6 21 i
296 179 102 23 Finlands
422 179 56 22 bank
498 179 82 22 kunnat
594 186 52 15 vara
661 181 53 20 nära
729 186 43 21 nog
787 180 129 26 densamma,

90 215 47 15 som
161 214 82 16 samma
266 208 76 22 kassör
357 208 75 27 gjorde
448 209 32 20 uti
496 214 26 16 en
537 214 70 15 annan
624 208 70 22 kassa.
724 209 42 21 Det
781 211 23 19 är
820 208 96 22 otvifvel-

90 238 74 26 aktigt,
177 239 32 19 att
223 237 153 27 kassörskapet
391 237 6 21 i
413 236 104 22 Finlands
532 237 57 21 bank
605 237 76 27 gjorde
696 237 37 21 det
745 237 82 27 möjligt
837 236 32 22 för
880 237 37 21 ho-

91 272 50 15 nom
164 268 32 19 att
218 265 69 22 drifva
303 272 43 21 upp
363 266 32 21 sin
411 266 75 21 balans
502 266 31 20 till
549 266 36 21 det
600 266 85 26 belopp,
701 272 45 15 som
763 266 40 21 den
820 268 48 25 steg
882 266 35 20 vid

90 295 54 21 hans
159 294 103 21 frånfälle.

160 323 43 21 Det
218 324 23 20 är
257 322 83 22 således
355 323 46 21 icke
417 323 114 21 balansens
548 323 81 21 storlek
652 323 36 21 det
704 325 22 19 är
742 323 60 27 fråga
816 330 41 19 om,
866 325 50 19 utan

92 352 74 21 därom
182 354 32 19 att
229 358 48 14 man
293 352 73 20 tillåtit
380 352 103 21 kassören
500 351 113 22 innehafva
623 358 71 14 annan
705 352 213 26 kassörsbefattning.

92 381 63 21 Hvad
177 380 26 21 hr
226 380 171 21 Hammarström
415 380 84 27 yttrade
522 387 34 15 om
580 380 102 22 Finlands
698 380 67 22 banks
781 380 87 22 mission
885 386 32 16 er-

92 409 81 21 känner
181 409 38 27 jag
234 409 71 21 såsom
321 408 49 22 fullt
384 409 80 26 riktigt,
480 415 48 15 men
544 409 96 21 bankens
652 409 105 21 direktion
774 408 78 23 befrias
868 410 48 20 där-

91 438 85 27 igenom
199 438 46 20 icke
260 437 47 21 från
323 437 147 27 skyldigheten
487 440 31 19 att
534 437 82 26 efterse,
632 438 53 20 hvar
701 438 40 21 den
756 438 95 26 placerar
866 444 52 21 pen-

93 467 83 27 ningar.
205 466 39 21 Ett
258 466 115 21 finansiellt
389 466 105 27 trångmål
510 466 117 27 berättigar
637 466 45 22 icke
698 468 32 20 att
740 466 70 21 lämna
820 466 98 22 säkerhe-

93 497 34 19 ten
144 495 127 27 ogranskad.
301 495 33 21 Hr
350 495 171 21 Hammarström
538 495 58 26 sade,
607 497 32 19 att
653 495 66 21 Taimi
734 501 37 15 var
787 497 31 19 ett
832 495 34 21 väl
882 501 36 15 an-

93 524 47 21 sedt
156 524 68 26 bolag,
240 524 80 20 hvilket
335 524 101 26 uppvisat
452 526 46 19 stor
513 524 59 21 vinst
586 524 36 21 vid
634 524 47 21 sina
692 524 161 21 transaktioner.
868 524 50 20 Men

92 552 57 22 huru
172 552 129 27 uppvisades
324 552 55 22 den?
410 553 42 21 För
474 552 25 22 hr
522 553 172 21 Hammarström
718 552 71 22 såsom
812 552 106 22 bankman

92 581 62 21 torde
164 581 80 21 Taimis
260 580 168 28 bokföringssätt
444 588 50 14 vara
510 581 98 21 bekannt.
631 582 49 20 Han
698 581 55 26 sade,
768 583 32 19 att
810 581 109 21 rediskon-

92 610 71 26 tering
184 609 24 22 af
228 610 72 20 växlar
322 612 24 18 är
362 610 124 26 berättigad,
502 616 48 14 men
567 610 46 20 icke
627 610 39 20 har
682 616 48 14 man
747 610 34 20 vid
796 610 124 21 densamma

94 640 43 20 rätt
152 640 32 20 att
198 638 80 21 förfara
292 638 24 21 så
331 638 131 25 hufvudlöst,
471 641 31 19 att
513 638 230 27 vedgårdsbokhållare
754 638 38 21 och
804 638 115 27 vedgårds-

94 667 95 27 betjänte
218 667 124 27 godkännas
366 667 71 21 såsom
453 669 141 25 acceptanter.
625 667 33 21 Hr
674 667 94 21 Mattson
784 667 88 27 yttrade,
888 669 32 19 att

94 696 25 20 hr
142 696 60 26 Hjelt
217 695 157 21 rehabiliterats
389 696 46 20 från
452 695 66 22 finskt
532 696 49 20 håll.
612 696 32 21 Hr
660 696 94 21 Mattson
768 696 38 21 har
820 695 99 21 fullkom-

93 724 39 27 ligt
154 726 51 24 rätt;
228 730 48 15 men
299 724 41 21 han
364 724 173 22 rebabiliterades
552 724 22 21 af
588 724 48 21 sina
654 726 85 24 vänner,
755 724 69 21 hvilka
839 724 82 27 knappt

93 753 55 21 hade
163 759 25 15 en
205 753 65 26 aning
286 759 33 15 om
337 753 143 21 bankrörelse.
503 753 43 21 Det
560 760 38 14 var
614 753 53 21 hans
683 755 79 19 vänner
774 752 83 22 utanför
869 753 50 21 ban-

93 782 48 20 ken.
161 782 43 26 Jag
226 781 41 21 kan
283 782 97 20 meddela
394 782 26 20 hr
435 782 114 32 Mattsson,
564 784 32 18 att
608 782 39 26 jag
662 781 61 22 äfven
739 782 7 20 i
761 782 58 20 detta
833 781 36 21 fall
884 787 35 15 va-

94 810 28 21 rit
144 810 7 21 i
173 809 82 22 tillfälle
278 813 31 18 att
327 810 98 21 meddela
440 810 44 26 mig
499 810 48 21 med
563 810 53 25 dem,
633 816 46 15 som
696 810 6 21 i
718 810 203 26 förvaltningsrådet

94 838 109 27 värkligen
227 845 52 14 voro
301 838 85 22 erfarna
407 838 127 26 finansmän,
551 839 39 21 och
612 827 66 33 dessa
699 839 83 27 yttrade
798 839 32 26 sig
845 845 34 14 om
896 838 25 21 hr

94 867 61 27 Hjelt
169 867 44 21 helt
228 868 135 20 annorlunda
378 870 26 18 än
421 868 63 20 dessa
500 868 178 20 rehabiliterande
694 870 85 18 vänner.

165 925 33 21 Hr
220 924 156 28 Nybergh:
400 924 40 22 Till
458 924 215 27 förfullständigande
688 925 23 21 af
724 925 47 21 mitt
786 924 136 27 andragande

96 954 37 20 ber
149 953 39 27 jag
202 953 21 21 få
238 953 92 27 tillägga,
346 955 32 19 att
393 954 48 20 mitt
454 954 95 26 yrkande
565 954 27 26 på
607 954 123 21 återremiss
747 953 65 21 tillika
827 953 94 25 innebar,

95 984 32 19 att
142 982 40 21 den
199 982 133 26 motivering,
348 988 46 15 som
410 982 86 26 föregår
507 982 105 21 klämmen
623 982 13 21 å
648 982 46 21 sida
707 982 30 26 13,
748 982 68 21 skulle
826 981 97 27 undergå

96 1010 168 27 komplettering
278 1011 7 20 i
301 1011 36 21 det
352 1010 100 22 afseende
465 1010 38 28 jag
518 1010 120 22 framhållit.

166 1068 32 20 Hr
221 1068 259 21 Hammarström:
502 1068 42 26 Jag
566 1068 69 21 måste
656 1070 57 19 ännu
736 1068 47 21 med
802 1068 66 26 några
883 1067 39 21 ord

97 1096 75 21 beröra
188 1096 102 21 balansen
301 1096 7 21 i
319 1096 76 22 Kotka.
426 1097 32 20 Hr
474 1097 77 27 Hynén
568 1097 76 26 påstod
661 1097 105 27 nämligen
782 1096 70 22 alltför
866 1098 57 19 tvär-

97 1125 77 26 säkert,
185 1127 31 19 att
229 1124 36 22 det
275 1125 6 21 i
292 1131 25 15 en
331 1125 71 27 hastig
412 1125 109 27 vändning
536 1125 82 21 kunnat
633 1126 27 26 gå
675 1126 29 23 så,
720 1128 31 18 att
766 1126 39 20 den
818 1128 58 18 stora
887 1124 35 21 ba-

97 1154 80 25 lansen,
194 1160 46 14 som
256 1154 99 26 uppstått
369 1154 7 20 i
392 1154 70 20 denna
477 1154 53 26 stad,
542 1154 68 21 blifvit
619 1154 97 27 placerad
727 1154 6 21 i
744 1154 100 21 Finlands
855 1152 68 22 banks

96 1182 70 21 kassa.
194 1182 42 26 Jag
251 1182 40 21 kan
308 1182 102 23 försäkra,
421 1185 31 18 att
467 1182 25 21 så
506 1182 45 22 icke
566 1182 83 22 kunnat
664 1183 49 25 ske;
728 1186 22 24 ty
765 1183 40 20 den
821 1181 103 27 olyckliga

97 1210 117 26 människa,
237 1217 46 15 som
307 1217 37 15 var
366 1211 76 21 kassör
463 1211 35 21 vid
522 1211 101 21 Finlands
641 1211 69 21 banks
732 1211 77 21 kontor
825 1211 6 20 i
847 1210 77 25 Kotka,

97 1239 55 21 hade
176 1239 67 21 under
262 1239 49 28 lång
333 1240 31 21 tid
380 1240 53 21 stått
449 1240 69 21 under
532 1240 138 27 iakttagande
685 1240 22 21 af
721 1240 32 21 sin
766 1238 158 23 bankkommis-

98 1268 61 25 sarie,
182 1268 24 21 så
229 1270 32 19 att
283 1268 78 21 kassan
385 1268 127 21 esomoftast
527 1269 156 21 inventerades.
712 1269 42 26 Jag
768 1269 68 20 måste
852 1267 73 22 vidare

98 1298 57 19 ännu
171 1303 26 14 en
214 1297 57 26 gång
285 1297 86 21 komma
386 1297 32 21 till
434 1297 330 27 maanviljelyspankki-kapitlet.
799 1297 32 21 Hr
847 1296 77 27 Hynén

98 1327 68 25 säger,
177 1327 32 19 att
224 1325 41 21 han
281 1325 84 22 kännde
380 1325 26 21 hr
422 1325 66 28 Hjelt.
504 1325 68 22 Däraf
584 1325 32 22 får
631 1332 49 15 man
689 1326 45 21 icke
743 1326 65 27 draga
820 1325 40 22 den
872 1325 53 21 slut-

98 1356 80 21 satsen,
198 1356 32 19 att
245 1354 36 21 det
295 1354 33 21 för
347 1354 102 21 Finlands
470 1354 68 21 banks
553 1354 105 21 direktion
675 1354 46 21 före
737 1355 54 20 1899
807 1360 37 15 var
860 1359 26 15 en
902 1353 24 21 så

98 1381 111 28 själffallen
232 1382 44 23 sak,
299 1385 32 18 att
354 1383 40 20 den
418 1383 70 21 skulle
511 1383 69 21 känna
598 1383 25 21 hr
639 1383 65 26 Hjelt.
734 1383 49 20 Men
799 1383 27 21 då
841 1381 83 22 banken

98 1411 85 20 kännde
192 1410 51 21 flere
258 1411 72 26 andra,
345 1411 66 27 högst
425 1411 137 27 respektabla
578 1413 54 24 män,
648 1417 46 16 som
710 1411 48 22 från
774 1411 73 26 början
871 1411 54 20 varit

99 1439 48 22 med
163 1445 35 15 om
214 1441 31 19 att
260 1441 68 20 starta
336 1439 40 22 den
392 1446 42 21 nya
448 1439 90 26 banken,
555 1440 39 21 och
610 1440 70 21 därtill
691 1440 56 25 kom,
762 1442 31 19 att
804 1440 69 20 denna
883 1438 43 22 för-

100 1467 76 22 skaffat
191 1468 34 27 sig
240 1470 31 19 ett
285 1467 189 28 förvaltningsråd,
490 1468 81 21 hvilket
586 1469 46 20 icke
647 1469 27 20 då
690 1470 72 25 syntes
778 1468 70 21 lämna
860 1467 66 27 något

100 1495 64 28 öfrigt
180 1498 32 19 att
226 1496 68 21 önska
309 1496 132 21 beträffande
456 1497 137 26 respektabla
608 1497 139 26 egenskaper,
763 1499 22 18 är
796 1497 36 20 det
845 1501 81 22 uppen-
