1109 1767
203 110 46 38 730
478 122 116 17 Antellska
606 123 149 21 samlingarna.
930 123 26 17 233
969 128 63 12 mars.

272 188 43 22 Siv.
338 190 14 20 9
374 190 62 21 oleva
456 191 63 27 ponsi
540 191 20 21 ei
575 191 95 22 minusta
685 192 116 27 myöskään
818 192 33 21 ole
867 192 76 21 oikein.
974 192 58 22 Siinä

202 219 114 20 sanotaan:
343 218 186 22 »valtuuskunnan
551 220 88 21 tehtävä
662 226 27 15 on
712 221 19 26 a)
754 222 96 19 määrätä
873 220 157 28 lahjoitettujen

201 246 143 22 korkovarain
363 247 161 27 käyttämisestä
539 248 72 22 niiden
627 249 161 27 tiedonantojen
802 248 102 28 johdolla,
917 250 61 27 jotka
992 249 38 22 ko-

201 274 106 22 koelmien
330 276 104 27 hoitajilta
456 279 50 19 ovat
528 278 82 25 saadut,
626 277 24 27 ja
664 277 169 22 noudattamalla
848 278 51 21 niitä
914 280 115 25 pääperus-

202 303 58 26 teita,
273 304 61 26 jotka
349 305 75 27 säädyt
438 306 55 20 siinä
507 306 173 22 tarkoituksessa
694 309 50 19 ovat
759 306 167 22 vahvistaneet».
956 306 73 22 Puhu-

202 334 49 19 taan
274 333 38 21 siis
333 333 156 28 lahjoitettujen
512 334 143 22 korkovarain
678 335 166 27 käyttämisestä.
874 335 70 22 Mutta
967 335 60 21 eihän

202 360 54 22 niitä
278 361 141 28 korkovaroja
442 362 33 22 ole
495 363 133 27 lahjoitettu;
651 366 91 24 pääoma
762 364 79 27 tietysti
857 364 119 27 lahjoitettu
993 370 35 20 on,

202 391 70 19 mutta
287 390 129 22 korkovarat
430 392 91 21 saadaan
537 392 207 27 pankkilaitokselta,
753 392 52 28 joka
815 392 19 22 ei
844 392 79 28 lahjoja
933 393 94 21 Antellin

202 418 169 27 delegatsionille
386 426 60 15 anna.
473 420 55 21 Sana
546 420 182 28 »lahjoitettujen»
745 428 26 14 on
788 421 62 21 aivan
866 421 63 21 turha
941 421 24 28 ja
974 428 54 20 pon-

202 452 64 15 nessä
289 447 48 22 olisi
358 454 37 15 sen
411 449 77 21 vuoksi
503 451 113 19 sanottava
631 449 134 22 ainoastaan:
792 449 34 28 »a)
842 451 94 20 määrätä
950 450 77 21 korko-

202 475 88 27 varojen
313 476 172 27 käyttämisestä»
508 477 16 28 j.
546 484 21 15 n.
592 484 17 15 e.
630 490 27 3 —-
678 478 62 21 Sama
763 478 117 21 muistutus
898 485 28 14 on
942 478 84 21 tehtävä

201 503 118 23 mainitulla
338 505 13 21 9
372 506 76 21 sivulla
463 506 73 22 olevaa
551 507 23 26 d)
590 509 76 24 pontta
681 509 93 24 vastaan,
786 507 62 27 jossa
863 510 110 18 sanotaan:
990 507 35 26 »d)

201 535 64 18 antaa
280 533 100 28 säädyille
394 534 110 22 kertomus
519 535 157 28 lahjoitettujen
692 535 135 22 kokoelmain
840 536 98 21 hoidosta
946 536 23 27 ja
979 536 46 21 kar-

201 562 165 21 tuttamisesta».
396 563 79 22 Suurin
491 570 39 15 osa
544 564 59 21 näitä
618 564 120 21 kokoelmia
753 565 20 20 ei
788 565 34 20 ole
836 564 130 27 lahjoitettu;
981 564 44 21 lah-

198 589 89 27 joitettu
302 597 28 15 on
346 591 47 22 vain
410 598 43 20 osa,
469 595 75 19 suuret
559 595 82 19 määrät
656 595 50 19 ovat
721 595 82 20 ostetut
814 593 124 22 mainituilla
948 593 76 21 korko-

202 619 94 21 varoilla.
325 620 55 21 Näin
404 621 56 21 ollen
479 627 27 15 on
526 621 94 22 oikeinta
632 621 68 28 jättää
712 622 48 27 pois
776 628 52 15 sana
846 622 181 27 »lahjoitettujen»

199 646 23 27 ja
245 653 67 16 sanoa
330 649 57 21 vain:
412 652 75 19 vantaa
503 650 101 27 säädyille
620 650 110 22 kertomus
746 651 134 20 kokoelmain
896 651 98 21 hoidosta
1006 651 24 26 ja

202 675 172 24 karttumisesta»
390 678 16 27 j.
421 685 20 14 n.
458 685 16 14 e.

271 734 33 21 Hr
328 735 252 22 Hammarström:
610 737 42 26 Jag
673 737 69 21 mäste
767 737 63 26 bedja
856 737 173 21 statsutskottets

202 763 138 21 medlemmar
364 770 34 15 om
422 764 76 27 tillgift,
521 765 34 21 för
578 765 40 21 den
641 765 102 22 händelse
758 767 32 19 att
803 765 38 27 jag
856 765 68 22 skulle
940 766 89 21 besvära

202 791 48 21 dem
267 794 50 19 utan
333 791 43 28 fog.
398 793 41 27 Jag
454 795 23 19 är
492 793 108 28 nämligen
615 793 33 22 för
664 795 43 20 min
724 794 33 21 del
772 794 46 21 icke
828 793 49 22 fullt
888 794 26 28 pä
925 794 35 21 det
970 794 60 21 klara

201 819 55 27 med,
272 820 104 22 huruvida
392 822 41 21 den
448 822 165 27 interpellation,
629 829 46 14 som
688 823 39 27 jag
742 825 73 19 ämnat
830 824 57 26 göra,
899 823 68 21 skulle
978 829 51 15 vara

202 848 128 28 nödvändig,
354 849 27 22 dä
403 851 36 21 det
457 852 67 23 ämne,
540 857 46 15 som
600 851 39 27 jag
654 853 63 20 ärnar
732 852 82 25 beröra,
830 851 45 21 icke
890 853 24 19 är
930 852 43 25 mig
987 851 41 21 till-

201 877 91 27 räckligt
313 878 33 21 väl
369 879 99 21 bekannt.
500 880 42 26 Jag
564 879 80 28 åsyftar
667 880 26 21 de
717 881 30 20 uti
764 880 144 21 betänkandet
925 880 105 27 ingående

201 905 139 27 klämmarna,
363 907 70 22 hvilka
456 907 77 22 handla
556 915 35 14 om
610 909 26 20 de
657 908 33 21 för
705 909 26 21 de
746 909 113 21 Antellska
874 909 155 26 samlingarnas

202 934 52 21 värd
277 935 78 27 nödiga
378 936 173 27 bevillningarna,
575 937 39 21 och
630 937 38 22 her
683 937 39 27 jag
736 937 22 22 fä
773 937 135 27 upplysning,
924 937 104 21 huruvida

202 963 68 26 enligt
292 965 172 21 statsutskottets
491 965 139 28 uppfattning
654 966 63 21 dessa
742 966 141 27 bevillningar
898 968 37 19 äro
951 965 23 22 af
986 966 41 21 den

202 994 38 23 art,
263 993 31 20 att
316 993 35 21 det
367 993 71 22 beslut
452 993 22 22 af
488 994 182 27 borgareständet,
688 1001 45 15 som
751 994 130 22 beträffande
896 995 47 21 dem
960 995 69 20 skulle

201 1020 87 22 komma
303 1021 6 21 i
324 1021 66 28 fräga,
405 1022 46 21 icke
466 1023 62 21 stode
543 1023 7 20 i
566 1023 54 21 strid
636 1024 48 21 med
700 1023 117 27 principen,
830 1025 31 20 att
876 1023 34 21 vid
927 1023 101 21 sakernas

202 1050 124 21 nuvarande
341 1050 60 22 skick
416 1051 70 21 beslut
502 1058 34 14 om
547 1051 163 28 lagförändring
720 1052 39 21 och
771 1051 116 28 bevillning
898 1052 51 21 eller
960 1051 68 22 öfver-

201 1077 143 28 hufvudtaget
366 1079 104 27 ätgärder,
491 1086 46 15 som
553 1080 90 21 hänföra
658 1081 34 26 sig
706 1081 31 20 till
754 1080 92 21 normalt
862 1080 167 26 ständerarbete,

201 1106 47 21 icke
269 1107 51 21 böra
339 1107 137 22 förekomma.
507 1109 41 21 För
565 1109 40 21 den
622 1109 101 21 händelse
738 1111 32 19 att
786 1109 57 21 mina
858 1109 76 21 dubier
949 1109 6 20 i
970 1109 59 21 detta

201 1134 101 22 afseende
318 1136 68 21 skulle
402 1136 95 22 befinnas
513 1137 98 27 onödiga,
628 1137 68 22 skulle
708 1137 38 28 jag
761 1137 55 22 dock
831 1137 117 26 hemställa,
963 1137 65 21 huru-

201 1163 49 21 vida
272 1164 46 21 icke
341 1165 106 21 klämmen
468 1166 12 21 å
496 1166 46 21 sida
561 1167 11 20 7
594 1166 31 21 uti
640 1166 145 21 betänkandet
800 1166 40 21 kan
856 1172 63 15 anses
935 1166 6 21 i
957 1166 71 27 någon

201 1192 49 21 män
275 1193 55 26 gifva
351 1193 116 28 anledning
481 1194 31 21 till
529 1195 81 21 sädana
625 1195 174 26 betänkligheter,
816 1195 26 21 dä
858 1195 30 20 uti
904 1195 125 20 densamma

200 1219 99 28 föresläs,
314 1223 32 20 att
361 1223 115 20 ständerna
492 1223 48 21 ville
555 1223 34 21 för
604 1223 134 27 utgifvandet
753 1223 23 21 af
784 1229 26 15 en
822 1223 86 27 katalog
918 1223 58 21 öfver
987 1223 40 21 den

200 1249 114 22 Antellska
336 1251 179 27 myntsamlingen
539 1251 23 22 af
589 1251 199 28 hevillningsmedel
809 1251 33 22 för
856 1252 171 26 treärsperioden

202 1277 141 22 1905—1907
360 1279 60 21 anslå
436 1282 30 19 ett
482 1280 78 27 belopp
575 1280 24 21 af
611 1281 63 24 3,000
689 1281 60 20 mark
765 1280 33 21 för
814 1281 50 25 året,
879 1280 75 21 inalles
966 1280 63 25 9,000

200 1306 67 21 mark.
292 1307 112 21 Törhända
420 1308 71 21 kunde
506 1309 41 20 alla
564 1309 168 27 betänkligheter
748 1309 6 20 i
770 1309 59 20 detta
844 1308 100 21 afseende
954 1308 74 21 häfvas

200 1340 78 21 genom
294 1341 25 15 en
336 1335 88 28 lämplig
438 1336 143 28 omskrifning
595 1336 23 22 af
631 1337 70 21 denna
716 1337 63 21 kläm.

270 1392 33 22 Hr
318 1392 119 28 Heikel,
454 1394 96 20 Felix:
576 1394 50 21 Med
641 1394 117 27 anledning
772 1394 24 21 af
808 1394 25 21 hr
844 1395 185 21 Hammarströms

199 1419 109 29 förfrägan
323 1421 36 21 vill
372 1422 38 26 jag
425 1422 101 26 meddela,
542 1424 32 19 att
589 1422 161 22 statsutskottet
765 1422 33 22 för
813 1423 33 21 sin
857 1423 34 21 del
901 1422 46 22 icke
957 1424 71 19 ansett

199 1448 131 28 beviljandet
344 1449 24 22 af
380 1456 30 16 nu
425 1450 161 28 ifrägavarande
601 1451 75 27 'anslag
691 1452 33 20 stä
739 1452 7 20 i
762 1451 54 21 strid
832 1452 47 20 med
895 1451 36 21 det
945 1451 84 21 arbets-

200 1478 43 20 sätt
259 1478 116 22 ständerna
390 1478 88 22 beslutit
492 1481 32 19 att
539 1481 83 25 antaga,
639 1480 27 21 dä
680 1480 107 26 nämligen
804 1480 26 21 de
844 1479 113 22 Antellska
972 1485 56 15 sam-

198 1505 99 27 lingarna
319 1506 89 22 likasom
431 1508 101 21 Finlands
548 1508 57 21 bank
620 1508 34 21 stä
677 1508 68 21 under
768 1508 126 21 ständernas
921 1508 50 21 vård
988 1507 40 21 och
