1114 1773
201 118 41 38 966
521 126 220 30 Fiskeriföreningen.
928 129 25 18 14
965 130 61 21 april.

268 197 41 22 Till
324 203 82 16 samma
420 198 88 27 plenum
523 199 114 21 bordlades
650 199 89 27 jämväl:

268 254 217 23 ekonomiutskottets
507 255 135 22 betänkande
664 263 35 15 n:o
720 256 14 22 5
756 257 7 21 i
786 255 115 28 anledning
923 255 24 22 af
966 257 31 20 ett
1018 256 8 21 i

199 282 157 23 bondeståndet
377 283 128 23 framställdt
527 284 184 28 petitionsförslag
733 285 110 27 angående
865 284 120 28 beviljande
1005 283 23 22 af

199 311 198 24 statsunderstöd
413 313 25 22 åt
453 313 234 28 fiskeriföreningen
701 314 8 21 i
724 313 99 26 Finland;
839 315 56 20 samt

267 375 81 16 samma
370 369 95 23 utskotts
487 370 135 22 betänkande
637 377 34 15 n:o
687 371 13 21 6
715 371 7 21 i
737 371 116 26 anledning
874 370 23 22 af
917 372 31 20 ett
965 371 59 21 inom

198 398 160 26 prästeståndet
377 398 39 22 och
432 401 78 20 tvänne
531 399 59 22 inom
605 399 158 22 bondeståndet
777 399 120 22 inlämnade
913 399 111 28 petitions-

197 425 84 28 förslag
299 427 110 27 angående
428 427 92 28 höjande
535 427 23 22 af
578 428 177 27 statsanslagen
779 427 42 23 för
843 427 181 30 befrämjandet

197 454 29 22 af
240 455 30 22 de
286 455 41 22 till
342 455 274 29 landthushållningens
632 457 88 22 område
735 457 94 22 hörande
844 457 133 26 näringarna.

264 604 60 22 Enär
339 605 84 28 bilagan
439 606 23 22 II
477 607 31 21 till
524 607 246 27 bevillningsutskottets
787 606 134 22 betänkande
936 613 33 15 n:o
987 607 12 20 2
1014 607 7 20 i

196 632 116 29 anledning
332 633 23 22 af
375 635 77 27 nådiga
474 636 187 27 propositionerna
676 636 51 21 n:ris
743 636 33 25 21,
792 635 28 21 22
835 635 40 22 och
890 635 27 21 25
933 641 88 16 numera

195 661 93 22 utdelats
304 662 64 22 bland
384 663 96 22 ståndets
495 664 144 27 medlemmar,
650 665 86 25 beslöts,
745 666 31 20 att
787 663 90 22 berörda
887 664 134 21 betänkande

195 689 70 23 skulle
280 691 31 21 till
327 691 129 29 behandling
470 695 106 25 upptagas
591 693 36 22 vid
642 692 179 28 eftermiddagens
837 692 94 28 plenum.

262 839 34 22 Hr
318 840 177 23 talmannen
521 842 143 28 tillkännagaf,
688 844 31 20 att
741 844 51 20 enär
817 842 26 22 hr
867 842 152 27 Lundson,

193 873 48 16 som
257 870 79 21 utsetts
351 869 31 22 till
398 870 91 22 medlem
504 870 7 22 i
526 871 189 27 borgareståndets
736 870 283 29 hälsningsdeputation,

192 896 117 28 insjuknat,
331 898 25 21 hr
372 899 122 22 talmannen
517 900 32 21 till
564 900 91 21 medlem
671 901 7 20 i
693 901 77 21 nämda
785 900 126 27 deputation
925 900 8 22 i
948 900 71 22 stället

192 924 34 23 för
241 925 26 22 hr
282 926 102 23 Lundson
400 929 69 20 utsett
483 928 25 21 hr
523 929 139 21 Renvall.

260 1075 92 22 Plenum
368 1076 74 22 afslöts
458 1077 27 21 kl.
501 1077 39 26 1,20
554 1083 18 16 e.
587 1084 27 15 m.

803 1181 22 18 In
837 1180 65 19 fidem:

742 1227 25 21 A.
789 1227 24 21 V.
833 1227 112 28 Lindberg.
