1103 1764
209 110 40 21 612
500 117 129 17 Utskottens
639 118 93 16 arbeten.
958 118 12 16 2
983 117 52 17 febr.

280 186 42 20 2:0.
346 185 38 27 De,
392 186 74 20 hvilka
474 186 73 20 såsom
555 186 216 28 kontraproposition
779 188 46 18 mot
834 186 119 22 utskottens
961 186 72 28 fram-

208 214 137 27 ställningar
365 214 54 27 vilja
440 216 83 26 antaga
545 215 27 20 hr
595 215 86 21 Arthur
701 214 101 22 Castrens
817 214 91 28 förslag,
924 217 58 19 rösta
992 215 41 27 ja;

208 242 30 23 de,
254 242 35 22 det
304 243 45 21 icke
364 243 60 27 vilja,
440 245 58 19 rösta
515 244 48 26 nej;

277 300 80 20 vinner
371 300 42 28 nej,
430 300 40 21 har
485 301 87 20 ståndet
587 301 9 19 i
611 300 80 21 sådant
706 300 101 28 afseende
822 300 122 28 föredragit
954 302 28 20 hr
992 308 42 14 von

209 328 88 27 Pfalers
312 329 88 27 förslag.

277 382 69 25 Äfven
362 386 69 21 denna
446 386 149 27 propositionn
612 386 127 22 besvarades
755 387 48 21 med
822 386 156 28 öfvervägande
993 387 41 26 nej.

279 444 43 20 3:0.
351 443 38 27 De,
401 444 73 20 hvilka
484 444 117 27 godkänna
613 444 119 20 utskottens
743 450 31 14 nu
783 444 173 27 ifrågavarande
964 444 69 27 fram-

207 472 140 27 ställningar,
363 474 58 19 rösta
431 473 39 27 ja;
487 472 31 25 de,
532 472 36 21 det
583 472 43 21 icke
640 475 60 25 göra,
717 474 58 19 rösta
793 473 48 27 nej;

278 530 79 20 vinner
377 530 41 25 nej,
442 531 42 20 har
505 530 87 21 ståndet
614 531 87 26 förenat
722 531 33 26 sig
777 537 36 14 om
839 531 26 20 hr
886 538 42 13 von
945 531 88 26 Pfalers

207 559 89 26 förslag.

278 610 41 21 Vid
342 610 106 22 värkstäld
468 611 98 26 votering
582 611 128 21 besvarades
726 611 163 27 propositionen
906 611 48 22 med
971 611 25 21 19
1009 611 24 27 ja

207 639 40 20 och
262 639 28 20 40
306 639 40 26 nej,
362 639 116 27 hvarjämte
493 640 143 21 antecknades
651 642 31 18 att
697 646 26 15 en
739 639 105 27 nej-sedel
860 640 71 21 såsom
948 640 84 21 osluten

207 667 46 21 icke
269 667 159 22 medräknades.

278 696 89 21 Ståndet
389 697 52 20 hade
463 697 67 25 alltså,
552 697 49 21 med
616 697 101 21 afseende
732 697 51 21 därå
799 699 32 19 att
846 697 115 21 ständerna
976 699 55 19 ännu

207 725 45 20 icke
269 725 84 21 erhållit
367 725 119 22 kännedom
503 732 34 15 om
549 726 61 21 Hans
624 726 119 27 Kejserliga
754 726 111 27 Majestäts
877 725 70 22 beslut
957 726 6 21 i
972 725 60 28 fråga

207 759 34 15 om
259 753 126 22 ständernas
396 754 87 27 petition
496 754 109 27 angående
616 755 36 20 det
663 754 189 27 grundlagsenliga
863 755 167 26 styrelsesättets

207 782 39 21 och
270 783 41 20 den
333 782 77 27 lagliga
429 783 130 26 ordningens
574 783 157 24 återställande,
746 783 33 21 för
795 783 32 21 sin
844 783 34 20 del
893 783 93 25 beslutit,
1001 785 31 19 att

207 811 75 26 slutlig
297 811 128 27 behandling
435 811 23 21 af
467 812 26 21 de
504 811 30 21 till
546 812 109 21 utskotten
666 812 130 27 hänskjutna
807 811 92 21 ärenden
912 812 38 21 och
961 812 70 21 insän-

207 839 70 21 dande
300 839 22 21 af
342 840 148 21 betänkanden
514 841 109 26 angående
646 841 109 21 desamma
773 840 117 21 tillsvidare
905 840 46 21 icke
966 840 66 21 borde

207 869 39 25 äga
270 875 54 18 rum,
347 868 88 21 såframt
457 869 17 26 ej
499 869 89 21 ärendet
610 875 51 15 vore
683 869 23 21 af
726 869 41 21 den
784 868 150 26 beskaffenhet,
950 871 32 19 att
996 869 36 20 det

206 897 84 21 anslöte
310 897 33 26 sig
365 897 31 20 till
419 898 25 20 de
460 898 7 20 i
481 898 123 21 förenämda
624 898 89 27 petition
736 897 133 22 behandlade
890 897 72 27 frågor
981 897 50 21 eller

206 924 50 21 fölle
278 925 57 21 inom
359 926 97 21 området
478 925 22 22 af
514 926 126 21 ständernas
659 926 96 21 enskilda
770 926 184 27 angelägenheter,
970 926 61 21 hvar-

203 953 69 27 jämte
295 953 156 28 ofvanantydda
474 954 158 28 förfaringssätt
647 955 45 21 icke
708 955 69 21 skulle
793 954 63 22 hafva
872 955 133 27 tillämpning
1020 955 12 21 å

207 982 25 21 de
255 983 7 20 i
284 983 65 21 andra
373 985 116 19 momentet
511 984 27 20 36
563 984 11 27 $
597 984 38 21 och
652 984 5 21 i
673 984 27 20 38
716 983 13 29 8
744 983 23 21 af
780 984 23 20 L.
819 983 25 21 O.
861 983 143 26 omförmälda,
1019 984 12 20 å

205 1013 65 46 fll
294 1011 39 21 och
349 1012 179 21 bankutskottens
544 1012 116 27 afgörande
676 1012 38 22 och
731 1012 131 26 behandling
876 1012 156 21 ankommande

216 1040 70 26 rågor.

275 1092 11 20 I
302 1092 105 21 anseende
423 1093 31 20 till
470 1093 172 27 omröstningens
660 1093 79 27 utgång
754 1092 71 21 förföll
840 1092 72 21 vidare
923 1092 109 21 uttalande

205 1119 47 21 från
276 1120 97 22 ståndets
396 1121 46 21 sida
461 1122 6 20 i
482 1121 116 27 anledning
612 1121 23 21 af
647 1122 43 26 lag-
707 1121 38 21 och
761 1121 217 21 ekonomiutskottets
995 1127 36 14 an-

205 1148 70 21 hållan
299 1155 34 15 om
349 1150 127 26 vidtagande
491 1150 23 20 af
527 1150 91 21 särskild
634 1150 73 26 åtgärd
723 1150 6 20 i
744 1149 61 27 fråga
820 1156 38 16 om.
876 1149 155 21 ledamöternas

205 1176 6 21 i
235 1178 67 26 sagda
324 1178 83 20 utskott
429 1178 36 21 hrr
488 1179 156 26 Heimbärgers
663 1178 38 21 och
718 1178 135 26 Cederbergs
869 1178 31 21 uti
915 1178 116 21 utskottets

205 1205 114 22 skrifvelse
334 1206 139 22 omförmälda
488 1206 224 28 tillkännagifvanden.

274 1258 34 20 Hr
331 1257 174 22 Stenström
529 1258 70 21 anhöll
623 1264 34 15 om
681 1258 60 22 ordet
767 1258 39 21 och
830 1258 92 27 yttrade:
938 1258 42 26 Jag
995 1258 37 20 ber

204 1288 32 18 att
251 1285 21 21 få
288 1286 31 21 till
334 1286 130 27 protokollet
478 1287 133 25 antecknadt,
627 1289 31 19 att
670 1287 38 27 jag
720 1287 46 21 icke
781 1287 50 21 med
846 1287 43 20 min
901 1288 46 20 röst
962 1286 69 21 bidra-

205 1314 31 27 git
248 1314 30 21 till
296 1315 58 21 detta
369 1315 76 21 beslut.

274 1367 33 20 Hr
323 1367 155 21 Lundson:
494 1367 86 27 Pyydän
597 1367 95 27 myöskin
705 1367 146 27 pöytäkirjaan
866 1366 165 25 merkittäväksi,

204 1397 59 19 etten
280 1395 34 21 ole
329 1397 85 19 ottanut
429 1402 51 15 osaa
495 1398 71 19 tämän
582 1396 116 27 päätöksen
715 1396 137 21 tekemiseen.

274 1448 46 20 Hra
336 1447 138 25 Castrén,
490 1448 119 21 Arthur:
625 1448 98 21 Ilmoitan
736 1447 114 26 niinikään,
865 1449 57 20 etten
933 1447 34 21 ole
978 1449 53 18 otta-

204 1478 38 18 nut
260 1482 50 15 osaa
326 1476 160 27 äänestykseen.
