<?xml version="1.0" encoding="UTF-8"?>
<alto xmlns="http://www.loc.gov/standards/alto/ns-v3#" xmlns:xlink="http://www.w3.org/1999/xlink" xmlns:xsi="http://www.w3.org/2001/XMLSchema-instance" xsi:schemaLocation="http://www.loc.gov/standards/alto/ns-v3# http://www.loc.gov/alto/v3/alto-3-0.xsd">
	<Description>
		<MeasurementUnit>pixel</MeasurementUnit>
		<sourceImageInformation>
			<fileName>/tmp/tess_f8l2awyx_input.PNG</fileName>
		</sourceImageInformation>
		<OCRProcessing ID="OCR_0">
			<ocrProcessingStep>
				<processingSoftware>
					<softwareName>tesseract 5.3.4</softwareName>
				</processingSoftware>
			</ocrProcessingStep>
		</OCRProcessing>
	</Description>
	<Layout>
		<Page WIDTH="1109" HEIGHT="1767" PHYSICAL_IMG_NR="0" ID="page_0">
			<PrintSpace HPOS="0" VPOS="0" WIDTH="1109" HEIGHT="1767">
				<ComposedBlock ID="cblock_0" HPOS="203" VPOS="116" WIDTH="826" HEIGHT="28">
					<TextBlock ID="block_0" HPOS="203" VPOS="116" WIDTH="826" HEIGHT="28">
						<TextLine ID="line_0" HPOS="203" VPOS="116" WIDTH="826" HEIGHT="28">
							<String ID="string_0" HPOS="203" VPOS="116" WIDTH="41" HEIGHT="21" WC="0.92" CONTENT="632"/><SP WIDTH="210" VPOS="116" HPOS="244"/>
							<String ID="string_1" HPOS="454" VPOS="124" WIDTH="53" HEIGHT="20" WC="0.90" CONTENT="Lag-"/><SP WIDTH="14" VPOS="124" HPOS="507"/>
							<String ID="string_2" HPOS="521" VPOS="124" WIDTH="40" HEIGHT="16" WC="0.92" CONTENT="och"/><SP WIDTH="12" VPOS="124" HPOS="561"/>
							<String ID="string_3" HPOS="573" VPOS="124" WIDTH="210" HEIGHT="17" WC="0.91" CONTENT="ekonomiutskottet."/><SP WIDTH="160" VPOS="124" HPOS="783"/>
							<String ID="string_4" HPOS="943" VPOS="124" WIDTH="22" HEIGHT="18" WC="0.96" CONTENT="17"/><SP WIDTH="12" VPOS="124" HPOS="965"/>
							<String ID="string_5" HPOS="977" VPOS="124" WIDTH="52" HEIGHT="17" WC="0.96" CONTENT="febr."/>
						</TextLine>
					</TextBlock>
				</ComposedBlock>
				<GraphicalElement ID="cblock_1" HPOS="202" VPOS="149" WIDTH="828" HEIGHT="8"></GraphicalElement >
				<ComposedBlock ID="cblock_2" HPOS="312" VPOS="225" WIDTH="606" HEIGHT="35">
					<TextBlock ID="block_1" HPOS="312" VPOS="225" WIDTH="606" HEIGHT="35">
						<TextLine ID="line_1" HPOS="312" VPOS="225" WIDTH="606" HEIGHT="35">
							<String ID="string_6" HPOS="312" VPOS="225" WIDTH="146" HEIGHT="35" WC="0.96" CONTENT="Fredagen"/><SP WIDTH="19" VPOS="225" HPOS="458"/>
							<String ID="string_7" HPOS="477" VPOS="226" WIDTH="55" HEIGHT="26" WC="0.96" CONTENT="den"/><SP WIDTH="21" VPOS="226" HPOS="532"/>
							<String ID="string_8" HPOS="553" VPOS="227" WIDTH="32" HEIGHT="27" WC="0.96" CONTENT="17"/><SP WIDTH="18" VPOS="227" HPOS="585"/>
							<String ID="string_9" HPOS="603" VPOS="226" WIDTH="127" HEIGHT="27" WC="0.96" CONTENT="februari"/><SP WIDTH="19" VPOS="226" HPOS="730"/>
							<String ID="string_10" HPOS="749" VPOS="226" WIDTH="39" HEIGHT="27" WC="0.96" CONTENT="kl."/><SP WIDTH="19" VPOS="226" HPOS="788"/>
							<String ID="string_11" HPOS="807" VPOS="227" WIDTH="15" HEIGHT="26" WC="0.93" CONTENT="7"/><SP WIDTH="19" VPOS="227" HPOS="822"/>
							<String ID="string_12" HPOS="841" VPOS="234" WIDTH="22" HEIGHT="18" WC="0.95" CONTENT="e."/><SP WIDTH="20" VPOS="234" HPOS="863"/>
							<String ID="string_13" HPOS="883" VPOS="234" WIDTH="35" HEIGHT="19" WC="0.97" CONTENT="m."/>
						</TextLine>
					</TextBlock>
				</ComposedBlock>
				<ComposedBlock ID="cblock_3" HPOS="201" VPOS="294" WIDTH="829" HEIGHT="144">
					<TextBlock ID="block_2" HPOS="201" VPOS="294" WIDTH="829" HEIGHT="144">
						<TextLine ID="line_2" HPOS="271" VPOS="294" WIDTH="759" HEIGHT="29">
							<String ID="string_14" HPOS="271" VPOS="294" WIDTH="42" HEIGHT="22" WC="0.93" CONTENT="Vid"/><SP WIDTH="15" VPOS="294" HPOS="313"/>
							<String ID="string_15" HPOS="328" VPOS="295" WIDTH="125" HEIGHT="22" WC="0.92" CONTENT="värkställdt"/><SP WIDTH="15" VPOS="295" HPOS="453"/>
							<String ID="string_16" HPOS="468" VPOS="302" WIDTH="85" HEIGHT="21" WC="0.93" CONTENT="upprop"/><SP WIDTH="15" VPOS="302" HPOS="553"/>
							<String ID="string_17" HPOS="568" VPOS="295" WIDTH="109" HEIGHT="23" WC="0.91" CONTENT="befunnos"/><SP WIDTH="16" VPOS="295" HPOS="677"/>
							<String ID="string_18" HPOS="693" VPOS="296" WIDTH="142" HEIGHT="22" WC="0.93" CONTENT="frånvarande"/><SP WIDTH="15" VPOS="296" HPOS="835"/>
							<String ID="string_19" HPOS="850" VPOS="296" WIDTH="36" HEIGHT="22" WC="0.87" CONTENT="hrr"/><SP WIDTH="15" VPOS="296" HPOS="886"/>
							<String ID="string_20" HPOS="901" VPOS="296" WIDTH="129" HEIGHT="22" WC="0.94" CONTENT="Fredrik"/>
						</TextLine>
						<TextLine ID="line_3" HPOS="201" VPOS="323" WIDTH="827" HEIGHT="29">
							<String ID="string_21" HPOS="201" VPOS="323" WIDTH="141" HEIGHT="27" WC="0.96" CONTENT="Jansson,"/><SP WIDTH="16" VPOS="323" HPOS="342"/>
							<String ID="string_22" HPOS="358" VPOS="324" WIDTH="172" HEIGHT="28" WC="0.93" CONTENT="Holmberg,"/><SP WIDTH="17" VPOS="324" HPOS="530"/>
							<String ID="string_23" HPOS="547" VPOS="324" WIDTH="104" HEIGHT="28" WC="0.90" CONTENT="Savön,"/><SP WIDTH="17" VPOS="324" HPOS="651"/>
							<String ID="string_24" HPOS="668" VPOS="325" WIDTH="163" HEIGHT="22" WC="0.96" CONTENT="Carlström"/><SP WIDTH="16" VPOS="325" HPOS="831"/>
							<String ID="string_25" HPOS="847" VPOS="325" WIDTH="40" HEIGHT="21" WC="0.93" CONTENT="och"/><SP WIDTH="15" VPOS="325" HPOS="887"/>
							<String ID="string_26" HPOS="902" VPOS="325" WIDTH="126" HEIGHT="25" WC="0.92" CONTENT="Labbart,"/>
						</TextLine>
						<TextLine ID="line_4" HPOS="201" VPOS="351" WIDTH="828" HEIGHT="30">
							<String ID="string_27" HPOS="201" VPOS="351" WIDTH="72" HEIGHT="22" WC="0.90" CONTENT="hvilka"/><SP WIDTH="22" VPOS="351" HPOS="273"/>
							<String ID="string_28" HPOS="295" VPOS="352" WIDTH="80" HEIGHT="21" WC="0.92" CONTENT="anmält"/><SP WIDTH="15" VPOS="352" HPOS="375"/>
							<String ID="string_29" HPOS="390" VPOS="352" WIDTH="77" HEIGHT="22" WC="0.92" CONTENT="sädant"/><SP WIDTH="13" VPOS="352" HPOS="467"/>
							<String ID="string_30" HPOS="480" VPOS="353" WIDTH="82" HEIGHT="26" WC="0.93" CONTENT="hinder,"/><SP WIDTH="16" VPOS="353" HPOS="562"/>
							<String ID="string_31" HPOS="578" VPOS="360" WIDTH="46" HEIGHT="15" WC="0.93" CONTENT="som"/><SP WIDTH="17" VPOS="360" HPOS="624"/>
							<String ID="string_32" HPOS="641" VPOS="354" WIDTH="31" HEIGHT="21" WC="0.93" CONTENT="uti"/><SP WIDTH="15" VPOS="354" HPOS="672"/>
							<String ID="string_33" HPOS="687" VPOS="354" WIDTH="131" HEIGHT="27" WC="0.93" CONTENT="protokollet"/><SP WIDTH="14" VPOS="354" HPOS="818"/>
							<String ID="string_34" HPOS="832" VPOS="353" WIDTH="33" HEIGHT="22" WC="0.96" CONTENT="för"/><SP WIDTH="16" VPOS="353" HPOS="865"/>
							<String ID="string_35" HPOS="881" VPOS="354" WIDTH="40" HEIGHT="21" WC="0.97" CONTENT="den"/><SP WIDTH="16" VPOS="354" HPOS="921"/>
							<String ID="string_36" HPOS="937" VPOS="354" WIDTH="29" HEIGHT="21" WC="0.93" CONTENT="24"/><SP WIDTH="14" VPOS="354" HPOS="966"/>
							<String ID="string_37" HPOS="980" VPOS="354" WIDTH="49" HEIGHT="21" WC="0.92" CONTENT="sist-"/>
						</TextLine>
						<TextLine ID="line_5" HPOS="201" VPOS="380" WIDTH="826" HEIGHT="30">
							<String ID="string_38" HPOS="201" VPOS="380" WIDTH="58" HEIGHT="22" WC="0.90" CONTENT="lidna"/><SP WIDTH="12" VPOS="380" HPOS="259"/>
							<String ID="string_39" HPOS="271" VPOS="380" WIDTH="86" HEIGHT="27" WC="0.96" CONTENT="januari"/><SP WIDTH="15" VPOS="380" HPOS="357"/>
							<String ID="string_40" HPOS="372" VPOS="383" WIDTH="23" HEIGHT="19" WC="0.93" CONTENT="är"/><SP WIDTH="15" VPOS="383" HPOS="395"/>
							<String ID="string_41" HPOS="410" VPOS="382" WIDTH="135" HEIGHT="26" WC="0.91" CONTENT="antecknadt,"/><SP WIDTH="15" VPOS="382" HPOS="545"/>
							<String ID="string_42" HPOS="560" VPOS="382" WIDTH="25" HEIGHT="22" WC="0.95" CONTENT="hr"/><SP WIDTH="42" VPOS="382" HPOS="585"/>
							<String ID="string_43" HPOS="627" VPOS="388" WIDTH="130" HEIGHT="22" WC="0.96" CONTENT="Bergman,"/><SP WIDTH="16" VPOS="388" HPOS="757"/>
							<String ID="string_44" HPOS="773" VPOS="382" WIDTH="32" HEIGHT="22" WC="0.93" CONTENT="till"/><SP WIDTH="15" VPOS="382" HPOS="805"/>
							<String ID="string_45" HPOS="820" VPOS="382" WIDTH="52" HEIGHT="28" WC="0.90" CONTENT="följd"/><SP WIDTH="15" VPOS="382" HPOS="872"/>
							<String ID="string_46" HPOS="887" VPOS="382" WIDTH="23" HEIGHT="22" WC="0.96" CONTENT="af"/><SP WIDTH="13" VPOS="382" HPOS="910"/>
							<String ID="string_47" HPOS="923" VPOS="382" WIDTH="104" HEIGHT="28" WC="0.96" CONTENT="sjukdom,"/>
						</TextLine>
						<TextLine ID="line_6" HPOS="201" VPOS="409" WIDTH="668" HEIGHT="29">
							<String ID="string_48" HPOS="201" VPOS="411" WIDTH="57" HEIGHT="19" WC="0.96" CONTENT="samt"/><SP WIDTH="15" VPOS="411" HPOS="258"/>
							<String ID="string_49" HPOS="273" VPOS="409" WIDTH="24" HEIGHT="21" WC="0.96" CONTENT="hr"/><SP WIDTH="16" VPOS="409" HPOS="297"/>
							<String ID="string_50" HPOS="313" VPOS="409" WIDTH="140" HEIGHT="28" WC="0.96" CONTENT="Krogius,"/><SP WIDTH="16" VPOS="409" HPOS="453"/>
							<String ID="string_51" HPOS="469" VPOS="411" WIDTH="28" HEIGHT="27" WC="0.96" CONTENT="pä"/><SP WIDTH="15" VPOS="411" HPOS="497"/>
							<String ID="string_52" HPOS="512" VPOS="411" WIDTH="70" HEIGHT="27" WC="0.96" CONTENT="grund"/><SP WIDTH="15" VPOS="411" HPOS="582"/>
							<String ID="string_53" HPOS="597" VPOS="410" WIDTH="23" HEIGHT="22" WC="0.93" CONTENT="af"/><SP WIDTH="11" VPOS="410" HPOS="620"/>
							<String ID="string_54" HPOS="631" VPOS="411" WIDTH="121" HEIGHT="21" WC="0.92" CONTENT="meddeladt"/><SP WIDTH="15" VPOS="411" HPOS="752"/>
							<String ID="string_55" HPOS="767" VPOS="411" WIDTH="102" HEIGHT="21" WC="0.90" CONTENT="tillständ."/>
						</TextLine>
					</TextBlock>
				</ComposedBlock>
				<ComposedBlock ID="cblock_4" HPOS="200" VPOS="542" WIDTH="827" HEIGHT="56">
					<TextBlock ID="block_3" HPOS="200" VPOS="542" WIDTH="827" HEIGHT="56">
						<TextLine ID="line_7" HPOS="270" VPOS="542" WIDTH="757" HEIGHT="28">
							<String ID="string_56" HPOS="270" VPOS="542" WIDTH="116" HEIGHT="26" WC="0.80" CONTENT="Upplästes"/><SP WIDTH="16" VPOS="542" HPOS="386"/>
							<String ID="string_57" HPOS="402" VPOS="542" WIDTH="31" HEIGHT="21" WC="0.93" CONTENT="till"/><SP WIDTH="12" VPOS="542" HPOS="433"/>
							<String ID="string_58" HPOS="445" VPOS="542" WIDTH="109" HEIGHT="28" WC="0.96" CONTENT="justering"/><SP WIDTH="15" VPOS="542" HPOS="554"/>
							<String ID="string_59" HPOS="569" VPOS="542" WIDTH="39" HEIGHT="22" WC="0.92" CONTENT="och"/><SP WIDTH="16" VPOS="542" HPOS="608"/>
							<String ID="string_60" HPOS="624" VPOS="542" WIDTH="123" HEIGHT="28" WC="0.96" CONTENT="godkändes"/><SP WIDTH="12" VPOS="542" HPOS="747"/>
							<String ID="string_61" HPOS="759" VPOS="545" WIDTH="30" HEIGHT="19" WC="0.93" CONTENT="ett"/><SP WIDTH="12" VPOS="545" HPOS="789"/>
							<String ID="string_62" HPOS="801" VPOS="543" WIDTH="77" HEIGHT="27" WC="0.96" CONTENT="utdrag"/><SP WIDTH="13" VPOS="543" HPOS="878"/>
							<String ID="string_63" HPOS="891" VPOS="549" WIDTH="25" HEIGHT="15" WC="0.93" CONTENT="ur"/><SP WIDTH="11" VPOS="549" HPOS="916"/>
							<String ID="string_64" HPOS="927" VPOS="543" WIDTH="100" HEIGHT="27" WC="0.92" CONTENT="borgare-"/>
						</TextLine>
						<TextLine ID="line_8" HPOS="200" VPOS="570" WIDTH="554" HEIGHT="28">
							<String ID="string_65" HPOS="200" VPOS="570" WIDTH="97" HEIGHT="22" WC="0.91" CONTENT="ständets"/><SP WIDTH="15" VPOS="570" HPOS="297"/>
							<String ID="string_66" HPOS="312" VPOS="570" WIDTH="36" HEIGHT="22" WC="0.93" CONTENT="vid"/><SP WIDTH="16" VPOS="570" HPOS="348"/>
							<String ID="string_67" HPOS="364" VPOS="573" WIDTH="84" HEIGHT="19" WC="0.96" CONTENT="senaste"/><SP WIDTH="16" VPOS="573" HPOS="448"/>
							<String ID="string_68" HPOS="464" VPOS="571" WIDTH="86" HEIGHT="27" WC="0.96" CONTENT="plenum"/><SP WIDTH="16" VPOS="571" HPOS="550"/>
							<String ID="string_69" HPOS="566" VPOS="570" WIDTH="61" HEIGHT="22" WC="0.96" CONTENT="förda"/><SP WIDTH="14" VPOS="570" HPOS="627"/>
							<String ID="string_70" HPOS="641" VPOS="571" WIDTH="113" HEIGHT="27" WC="0.95" CONTENT="protokoll."/>
						</TextLine>
					</TextBlock>
				</ComposedBlock>
				<ComposedBlock ID="cblock_5" HPOS="198" VPOS="697" WIDTH="827" HEIGHT="56">
					<TextBlock ID="block_4" HPOS="198" VPOS="697" WIDTH="827" HEIGHT="56">
						<TextLine ID="line_9" HPOS="268" VPOS="697" WIDTH="757" HEIGHT="27">
							<String ID="string_71" HPOS="268" VPOS="697" WIDTH="156" HEIGHT="26" WC="0.91" CONTENT="Antecknades,"/><SP WIDTH="23" VPOS="697" HPOS="424"/>
							<String ID="string_72" HPOS="447" VPOS="700" WIDTH="31" HEIGHT="18" WC="0.96" CONTENT="att"/><SP WIDTH="22" VPOS="700" HPOS="478"/>
							<String ID="string_73" HPOS="500" VPOS="697" WIDTH="47" HEIGHT="21" WC="0.96" CONTENT="från"/><SP WIDTH="23" VPOS="697" HPOS="547"/>
							<String ID="string_74" HPOS="570" VPOS="698" WIDTH="157" HEIGHT="21" WC="0.93" CONTENT="bondeståndet"/><SP WIDTH="23" VPOS="698" HPOS="727"/>
							<String ID="string_75" HPOS="750" VPOS="698" WIDTH="89" HEIGHT="21" WC="0.92" CONTENT="anländt"/><SP WIDTH="21" VPOS="698" HPOS="839"/>
							<String ID="string_76" HPOS="860" VPOS="699" WIDTH="78" HEIGHT="19" WC="0.93" CONTENT="tvänne"/><SP WIDTH="15" VPOS="699" HPOS="938"/>
							<String ID="string_77" HPOS="953" VPOS="699" WIDTH="72" HEIGHT="25" WC="0.93" CONTENT="proto-"/>
						</TextLine>
						<TextLine ID="line_10" HPOS="198" VPOS="725" WIDTH="139" HEIGHT="28">
							<String ID="string_78" HPOS="198" VPOS="725" WIDTH="139" HEIGHT="28" WC="0.91" CONTENT="kollsutdrag."/>
						</TextLine>
					</TextBlock>
				</ComposedBlock>
				<ComposedBlock ID="cblock_6" HPOS="197" VPOS="822" WIDTH="826" HEIGHT="193">
					<TextBlock ID="block_5" HPOS="197" VPOS="822" WIDTH="826" HEIGHT="193">
						<TextLine ID="line_11" HPOS="267" VPOS="822" WIDTH="756" HEIGHT="30">
							<String ID="string_79" HPOS="267" VPOS="822" WIDTH="123" HEIGHT="29" WC="0.92" CONTENT="Föredrogs"/><SP WIDTH="15" VPOS="822" HPOS="390"/>
							<String ID="string_80" HPOS="405" VPOS="830" WIDTH="26" HEIGHT="16" WC="0.93" CONTENT="en"/><SP WIDTH="16" VPOS="830" HPOS="431"/>
							<String ID="string_81" HPOS="447" VPOS="824" WIDTH="45" HEIGHT="22" WC="0.93" CONTENT="frän"/><SP WIDTH="17" VPOS="824" HPOS="492"/>
							<String ID="string_82" HPOS="509" VPOS="825" WIDTH="44" HEIGHT="27" WC="0.92" CONTENT="lag-"/><SP WIDTH="16" VPOS="825" HPOS="553"/>
							<String ID="string_83" HPOS="569" VPOS="824" WIDTH="39" HEIGHT="22" WC="0.93" CONTENT="och"/><SP WIDTH="19" VPOS="824" HPOS="608"/>
							<String ID="string_84" HPOS="627" VPOS="824" WIDTH="218" HEIGHT="22" WC="0.92" CONTENT="ekonomiutskottets"/><SP WIDTH="24" VPOS="824" HPOS="845"/>
							<String ID="string_85" HPOS="869" VPOS="825" WIDTH="66" HEIGHT="21" WC="0.93" CONTENT="andra"/><SP WIDTH="22" VPOS="825" HPOS="935"/>
							<String ID="string_86" HPOS="957" VPOS="824" WIDTH="66" HEIGHT="22" WC="0.92" CONTENT="afdel-"/>
						</TextLine>
						<TextLine ID="line_12" HPOS="197" VPOS="852" WIDTH="521" HEIGHT="28">
							<String ID="string_87" HPOS="197" VPOS="852" WIDTH="53" HEIGHT="27" WC="0.93" CONTENT="ning"/><SP WIDTH="14" VPOS="852" HPOS="250"/>
							<String ID="string_88" HPOS="264" VPOS="852" WIDTH="78" HEIGHT="22" WC="0.92" CONTENT="anländ"/><SP WIDTH="16" VPOS="852" HPOS="342"/>
							<String ID="string_89" HPOS="358" VPOS="852" WIDTH="111" HEIGHT="22" WC="0.92" CONTENT="skrifvelse"/><SP WIDTH="15" VPOS="852" HPOS="469"/>
							<String ID="string_90" HPOS="484" VPOS="852" WIDTH="22" HEIGHT="22" WC="0.97" CONTENT="af"/><SP WIDTH="13" VPOS="852" HPOS="506"/>
							<String ID="string_91" HPOS="519" VPOS="852" WIDTH="93" HEIGHT="28" WC="0.93" CONTENT="följande"/><SP WIDTH="15" VPOS="852" HPOS="612"/>
							<String ID="string_92" HPOS="627" VPOS="853" WIDTH="91" HEIGHT="27" WC="0.92" CONTENT="lydelse:"/>
						</TextLine>
						<TextLine ID="line_13" HPOS="287" VPOS="908" WIDTH="237" HEIGHT="24">
							<String ID="string_93" HPOS="287" VPOS="908" WIDTH="66" HEIGHT="19" WC="0.91" CONTENT="Andra"/><SP WIDTH="12" VPOS="908" HPOS="353"/>
							<String ID="string_94" HPOS="365" VPOS="909" WIDTH="124" HEIGHT="23" WC="0.92" CONTENT="afdelningen"/><SP WIDTH="13" VPOS="909" HPOS="489"/>
							<String ID="string_95" HPOS="502" VPOS="910" WIDTH="22" HEIGHT="18" WC="0.96" CONTENT="af"/>
						</TextLine>
						<TextLine ID="line_14" HPOS="279" VPOS="946" WIDTH="250" HEIGHT="24">
							<String ID="string_96" HPOS="279" VPOS="948" WIDTH="116" HEIGHT="21" WC="0.93" CONTENT="FINLANDS"/><SP WIDTH="14" VPOS="948" HPOS="395"/>
							<String ID="string_97" HPOS="409" VPOS="946" WIDTH="120" HEIGHT="24" WC="0.92" CONTENT="STÄNDERS"/>
						</TextLine>
						<TextLine ID="line_15" HPOS="197" VPOS="988" WIDTH="412" HEIGHT="27">
							<String ID="string_98" HPOS="197" VPOS="988" WIDTH="67" HEIGHT="25" WC="0.92" CONTENT="LAG-"/><SP WIDTH="11" VPOS="988" HPOS="264"/>
							<String ID="string_99" HPOS="275" VPOS="988" WIDTH="55" HEIGHT="25" WC="0.93" CONTENT="OCH"/><SP WIDTH="9" VPOS="988" HPOS="330"/>
							<String ID="string_100" HPOS="339" VPOS="989" WIDTH="270" HEIGHT="26" WC="0.92" CONTENT="EKONOMIUTSKOTT."/>
						</TextLine>
					</TextBlock>
				</ComposedBlock>
				<ComposedBlock ID="cblock_7" HPOS="388" VPOS="1034" WIDTH="42" HEIGHT="8">
					<TextBlock ID="block_6" HPOS="388" VPOS="1034" WIDTH="42" HEIGHT="8">
						<TextLine ID="line_16" HPOS="388" VPOS="1034" WIDTH="42" HEIGHT="8">
							<String ID="string_101" HPOS="388" VPOS="1034" WIDTH="42" HEIGHT="8" WC="0.17" CONTENT="e"/>
						</TextLine>
					</TextBlock>
				</ComposedBlock>
				<ComposedBlock ID="cblock_8" HPOS="284" VPOS="1059" WIDTH="710" HEIGHT="73">
					<TextBlock ID="block_7" HPOS="284" VPOS="1059" WIDTH="710" HEIGHT="73">
						<TextLine ID="line_17" HPOS="309" VPOS="1059" WIDTH="685" HEIGHT="38">
							<String ID="string_102" HPOS="309" VPOS="1059" WIDTH="187" HEIGHT="37" WC="0.96" CONTENT="HELSINGFORS,"/><SP WIDTH="143" VPOS="1059" HPOS="496"/>
							<String ID="string_103" HPOS="639" VPOS="1069" WIDTH="39" HEIGHT="21" WC="0.93" CONTENT="Till"/><SP WIDTH="16" VPOS="1069" HPOS="678"/>
							<String ID="string_104" HPOS="694" VPOS="1069" WIDTH="107" HEIGHT="28" WC="0.92" CONTENT="vällofliga"/><SP WIDTH="10" VPOS="1069" HPOS="801"/>
							<String ID="string_105" HPOS="811" VPOS="1070" WIDTH="183" HEIGHT="27" WC="0.92" CONTENT="borgareständet."/>
						</TextLine>
						<TextLine ID="line_18" HPOS="284" VPOS="1111" WIDTH="236" HEIGHT="21">
							<String ID="string_106" HPOS="284" VPOS="1111" WIDTH="34" HEIGHT="17" WC="0.96" CONTENT="den"/><SP WIDTH="13" VPOS="1111" HPOS="318"/>
							<String ID="string_107" HPOS="331" VPOS="1111" WIDTH="24" HEIGHT="17" WC="0.96" CONTENT="16"/><SP WIDTH="14" VPOS="1111" HPOS="355"/>
							<String ID="string_108" HPOS="369" VPOS="1111" WIDTH="84" HEIGHT="21" WC="0.87" CONTENT="februari"/><SP WIDTH="14" VPOS="1111" HPOS="453"/>
							<String ID="string_109" HPOS="467" VPOS="1112" WIDTH="53" HEIGHT="17" WC="0.95" CONTENT="1905."/>
						</TextLine>
					</TextBlock>
				</ComposedBlock>
				<GraphicalElement ID="cblock_9" HPOS="365" VPOS="1152" WIDTH="66" HEIGHT="2"></GraphicalElement >
				<ComposedBlock ID="cblock_10" HPOS="265" VPOS="1180" WIDTH="756" HEIGHT="88">
					<TextBlock ID="block_8" HPOS="265" VPOS="1180" WIDTH="756" HEIGHT="88">
						<TextLine ID="line_19" HPOS="375" VPOS="1180" WIDTH="56" HEIGHT="18">
							<String ID="string_110" HPOS="375" VPOS="1180" WIDTH="26" HEIGHT="18" WC="0.65" CONTENT="Ji"/><SP WIDTH="14" VPOS="1180" HPOS="401"/>
							<String ID="string_111" HPOS="415" VPOS="1181" WIDTH="16" HEIGHT="17" WC="0.85" CONTENT="3."/>
						</TextLine>
						<TextLine ID="line_20" HPOS="265" VPOS="1237" WIDTH="756" HEIGHT="31">
							<String ID="string_112" HPOS="265" VPOS="1237" WIDTH="74" HEIGHT="21" WC="0.87" CONTENT="Andra"/><SP WIDTH="22" VPOS="1237" HPOS="339"/>
							<String ID="string_113" HPOS="361" VPOS="1238" WIDTH="135" HEIGHT="28" WC="0.95" CONTENT="afdelningen"/><SP WIDTH="23" VPOS="1238" HPOS="496"/>
							<String ID="string_114" HPOS="519" VPOS="1239" WIDTH="23" HEIGHT="22" WC="0.93" CONTENT="af"/><SP WIDTH="20" VPOS="1239" HPOS="542"/>
							<String ID="string_115" HPOS="562" VPOS="1240" WIDTH="44" HEIGHT="28" WC="0.92" CONTENT="lag-"/><SP WIDTH="20" VPOS="1240" HPOS="606"/>
							<String ID="string_116" HPOS="626" VPOS="1241" WIDTH="39" HEIGHT="21" WC="0.93" CONTENT="och"/><SP WIDTH="16" VPOS="1241" HPOS="665"/>
							<String ID="string_117" HPOS="681" VPOS="1242" WIDTH="206" HEIGHT="21" WC="0.92" CONTENT="ekonomiutskottet"/><SP WIDTH="22" VPOS="1242" HPOS="887"/>
							<String ID="string_118" HPOS="909" VPOS="1242" WIDTH="38" HEIGHT="22" WC="0.92" CONTENT="har"/><SP WIDTH="23" VPOS="1242" HPOS="947"/>
							<String ID="string_119" HPOS="970" VPOS="1244" WIDTH="51" HEIGHT="20" WC="0.96" CONTENT="äran"/>
						</TextLine>
					</TextBlock>
				</ComposedBlock>
				<ComposedBlock ID="cblock_11" HPOS="195" VPOS="1264" WIDTH="828" HEIGHT="55">
					<TextBlock ID="block_9" HPOS="195" VPOS="1264" WIDTH="828" HEIGHT="55">
						<TextLine ID="line_21" HPOS="195" VPOS="1264" WIDTH="828" HEIGHT="33">
							<String ID="string_120" HPOS="195" VPOS="1264" WIDTH="90" HEIGHT="23" WC="0.89" CONTENT="härmed"/><SP WIDTH="22" VPOS="1264" HPOS="285"/>
							<String ID="string_121" HPOS="307" VPOS="1266" WIDTH="89" HEIGHT="27" WC="0.89" CONTENT="anmäla,"/><SP WIDTH="23" VPOS="1266" HPOS="396"/>
							<String ID="string_122" HPOS="419" VPOS="1269" WIDTH="31" HEIGHT="20" WC="0.93" CONTENT="att"/><SP WIDTH="23" VPOS="1269" HPOS="450"/>
							<String ID="string_123" HPOS="473" VPOS="1268" WIDTH="106" HEIGHT="22" WC="0.91" CONTENT="utskottet"/><SP WIDTH="20" VPOS="1268" HPOS="579"/>
							<String ID="string_124" HPOS="599" VPOS="1269" WIDTH="144" HEIGHT="23" WC="0.93" CONTENT="konstituerat"/><SP WIDTH="15" VPOS="1269" HPOS="743"/>
							<String ID="string_125" HPOS="758" VPOS="1270" WIDTH="34" HEIGHT="27" WC="0.96" CONTENT="sig"/><SP WIDTH="15" VPOS="1270" HPOS="792"/>
							<String ID="string_126" HPOS="807" VPOS="1270" WIDTH="40" HEIGHT="22" WC="0.93" CONTENT="och"/><SP WIDTH="16" VPOS="1270" HPOS="847"/>
							<String ID="string_127" HPOS="863" VPOS="1272" WIDTH="66" HEIGHT="20" WC="0.93" CONTENT="utsett"/><SP WIDTH="15" VPOS="1272" HPOS="929"/>
							<String ID="string_128" HPOS="944" VPOS="1272" WIDTH="79" HEIGHT="21" WC="0.93" CONTENT="under-"/>
						</TextLine>
						<TextLine ID="line_22" HPOS="195" VPOS="1293" WIDTH="407" HEIGHT="26">
							<String ID="string_129" HPOS="195" VPOS="1293" WIDTH="91" HEIGHT="22" WC="0.96" CONTENT="tecknad"/><SP WIDTH="15" VPOS="1293" HPOS="286"/>
							<String ID="string_130" HPOS="301" VPOS="1294" WIDTH="82" HEIGHT="22" WC="0.96" CONTENT="Schildt"/><SP WIDTH="15" VPOS="1294" HPOS="383"/>
							<String ID="string_131" HPOS="398" VPOS="1296" WIDTH="31" HEIGHT="21" WC="0.93" CONTENT="till"/><SP WIDTH="17" VPOS="1296" HPOS="429"/>
							<String ID="string_132" HPOS="446" VPOS="1296" WIDTH="156" HEIGHT="23" WC="0.96" CONTENT="ordförande."/>
						</TextLine>
					</TextBlock>
				</ComposedBlock>
				<ComposedBlock ID="cblock_12" HPOS="224" VPOS="1357" WIDTH="770" HEIGHT="32">
					<TextBlock ID="block_10" HPOS="224" VPOS="1357" WIDTH="770" HEIGHT="32">
						<TextLine ID="line_23" HPOS="224" VPOS="1357" WIDTH="770" HEIGHT="32">
							<String ID="string_133" HPOS="224" VPOS="1357" WIDTH="32" HEIGHT="21" WC="0.96" CONTENT="På"/><SP WIDTH="21" VPOS="1357" HPOS="256"/>
							<String ID="string_134" HPOS="277" VPOS="1357" WIDTH="67" HEIGHT="22" WC="0.93" CONTENT="andra"/><SP WIDTH="19" VPOS="1357" HPOS="344"/>
							<String ID="string_135" HPOS="363" VPOS="1358" WIDTH="150" HEIGHT="28" WC="0.87" CONTENT="afdelningens"/><SP WIDTH="16" VPOS="1358" HPOS="513"/>
							<String ID="string_136" HPOS="529" VPOS="1360" WIDTH="23" HEIGHT="22" WC="0.93" CONTENT="af"/><SP WIDTH="13" VPOS="1360" HPOS="552"/>
							<String ID="string_137" HPOS="565" VPOS="1360" WIDTH="43" HEIGHT="28" WC="0.93" CONTENT="lag-"/><SP WIDTH="16" VPOS="1360" HPOS="608"/>
							<String ID="string_138" HPOS="624" VPOS="1361" WIDTH="39" HEIGHT="21" WC="0.93" CONTENT="och"/><SP WIDTH="16" VPOS="1361" HPOS="663"/>
							<String ID="string_139" HPOS="679" VPOS="1361" WIDTH="208" HEIGHT="23" WC="0.92" CONTENT="ekonomiutskottet"/><SP WIDTH="15" VPOS="1361" HPOS="887"/>
							<String ID="string_140" HPOS="902" VPOS="1364" WIDTH="92" HEIGHT="25" WC="0.91" CONTENT="vägnar:"/>
						</TextLine>
					</TextBlock>
				</ComposedBlock>
				<ComposedBlock ID="cblock_13" HPOS="527" VPOS="1418" WIDTH="168" HEIGHT="22">
					<TextBlock ID="block_11" HPOS="527" VPOS="1418" WIDTH="168" HEIGHT="22">
						<TextLine ID="line_24" HPOS="527" VPOS="1418" WIDTH="168" HEIGHT="22">
							<String ID="string_141" HPOS="527" VPOS="1418" WIDTH="60" HEIGHT="21" WC="0.96" CONTENT="Onni"/><SP WIDTH="18" VPOS="1418" HPOS="587"/>
							<String ID="string_142" HPOS="605" VPOS="1418" WIDTH="90" HEIGHT="22" WC="0.95" CONTENT="Schildt."/>
						</TextLine>
					</TextBlock>
				</ComposedBlock>
				<ComposedBlock ID="cblock_14" HPOS="707" VPOS="1476" WIDTH="247" HEIGHT="22">
					<TextBlock ID="block_12" HPOS="707" VPOS="1476" WIDTH="247" HEIGHT="22">
						<TextLine ID="line_25" HPOS="707" VPOS="1476" WIDTH="247" HEIGHT="22">
							<String ID="string_143" HPOS="707" VPOS="1476" WIDTH="45" HEIGHT="18" WC="0.96" CONTENT="Otto"/><SP WIDTH="13" VPOS="1476" HPOS="752"/>
							<String ID="string_144" HPOS="765" VPOS="1476" WIDTH="86" HEIGHT="22" WC="0.96" CONTENT="Hjalmar"/><SP WIDTH="13" VPOS="1476" HPOS="851"/>
							<String ID="string_145" HPOS="864" VPOS="1476" WIDTH="90" HEIGHT="18" WC="0.96" CONTENT="Granfelt."/>
						</TextLine>
					</TextBlock>
				</ComposedBlock>
			</PrintSpace>
		</Page>
	</Layout>
</alto>
