1109 1767
201 116 42 21 724
524 124 104 17 Finlands
645 124 64 18 bank.
931 124 23 17 21
967 128 64 12 mars.

271 191 33 21 Hr
319 186 152 28 Äkesson:
501 192 72 22 Ocksä
585 192 39 28 jag
638 194 24 20 är
677 193 7 21 i
699 199 82 15 samma
796 192 128 22 fördömelse
940 193 39 21 och
994 199 36 15 an-

201 224 36 17 ser
260 220 65 22 ocksä
345 220 44 28 mig
407 220 90 22 likasom
512 221 37 21 hrr
565 221 88 22 Kumlin
670 222 39 21 och
729 221 124 22 Lundenius
869 221 52 21 böra
936 221 95 27 aflägsna

201 248 50 27 mig,
267 254 48 16 men
331 249 69 21 mäste
415 250 54 21 dock
484 250 73 26 uttala,
572 252 32 19 att
615 250 40 27 jag
668 250 34 22 för
712 251 44 21 min
770 250 34 22 del
814 250 107 27 knappast
931 250 53 22 hade
995 256 36 15 an-

201 278 44 20 sett
259 277 45 27 mig
315 277 68 28 jäfvig
397 280 32 20 att
444 278 85 28 deltaga
543 279 8 21 i
565 279 170 27 omröstningen.

272 334 33 21 Hr
325 334 114 22 Homö6n
472 336 42 25 Jag
536 336 38 21 ber
596 335 21 22 få
631 336 90 23 anmäla,
740 338 31 19 att
783 336 39 26 jag
837 336 55 20 varit
908 338 76 19 uttsatt
998 335 33 22 för

202 368 83 15 samma
301 362 174 29 tillrättavisning
489 370 47 16 som
552 364 25 22 hr
593 364 94 22 Kumlin.

213 448 4 3 +,
271 420 34 21 Hr
324 420 155 22 Boisman:
508 422 43 26 Jag
572 422 38 21 ber
631 421 21 22 få
675 424 51 25 göra
747 422 109 21 enahanda
871 421 97 21 anmälan
984 427 46 15 som

203 448 90 50 Ulla
315 448 37 22 hir
374 450 67 21 talare
461 450 38 21 och
519 449 85 23 förenar
619 451 44 27 mig
678 451 6 21 i
700 450 65 28 öfrigt
780 456 34 16 om
830 450 25 21 hr
870 444 111 27 Åkessons
998 452 33 19 ut-

201 478 92 20 talande.

272 534 33 22 Hr
320 535 121 28 August
455 536 155 22 Jus&lius:
633 533 69 25 Äfven
716 537 39 27 jag
770 537 38 21 ber
823 536 21 22 få
859 538 52 25 göra
921 536 110 21 enahanda

202 563 99 21 anmälan
317 570 47 15 som
379 564 129 28 föregäende
523 565 66 22 talare
605 566 39 21 och
660 566 58 21 delar
734 572 82 15 samma
831 564 137 28 uppfattning
983 570 47 16 som

201 591 25 21 hr
242 586 106 28 Äkesson.

271 649 33 21 Hr
328 649 185 29 Cederberg:
543 650 30 22 Af
593 657 82 15 samma
695 651 45 21 skäl
759 657 47 15 som
821 650 129 28 föregäende
964 650 67 21 talare

201 677 39 21 ber
256 678 65 21 ocksä
333 678 38 28 jag
385 678 21 22 fä
421 679 80 21 afhälla
515 680 44 26 mig
573 679 48 22 frän
637 680 127 27 deltagande
779 680 8 20 i
797 680 99 21 ärendets
907 678 124 28 afgörande.

272 740 183 28 Borgareständet
470 742 127 27 godkännde
615 742 60 25 härä,
681 742 104 28 enhälligt
795 742 116 22 utskottets
922 742 109 21 uttalande

201 769 7 21 i
223 769 54 21 sista
292 770 114 27 meningen
422 771 13 21 å
449 771 47 21 sida
510 771 35 26 32,
559 771 93 21 hvarhos
668 771 145 22 betänkandet
823 770 61 22 äfven
901 771 6 21 i
918 770 68 28 öfriga
996 770 36 22 de-

201 797 32 21 lar
249 798 46 21 blef
307 798 23 22 af
343 799 86 21 ståndet
444 800 130 27 godkänndt.

271 861 33 21 Hr
323 861 153 29 Hallberg
494 862 71 22 anhöll
584 868 35 16 om
635 863 62 21 ordet
713 862 39 22 och
767 862 94 28 yttrade:
890 862 42 26 Jag
947 862 37 20 ber
998 863 33 19 att

201 888 22 22 få
244 889 89 27 anmäla,
349 892 32 20 att
395 890 44 28 jag,
451 891 85 27 jämlikt
551 891 11 28 $
575 891 27 21 48
618 891 6 21 i
640 892 22 20 L.
679 891 30 26 O.,
725 891 46 21 icke
786 890 82 22 kunnat
883 890 84 27 deltaga
981 890 7 21 i
1004 890 28 21 de

201 918 74 21 beslut
296 918 86 22 ständet
397 918 64 23 fattat
474 920 8 20 i
497 920 116 27 anledning
628 919 23 22 af
663 920 26 21 hr
705 919 90 28 Hynöns
811 919 164 27 anmärkningar
990 918 40 22 och

202 946 117 22 utskottets
335 947 110 22 uttalande
460 948 13 21 ä
488 948 46 22 sida
549 948 28 22 32
592 949 7 20 i
614 948 151 22 betänkandet.

271 1107 34 21 Hr
329 1108 179 21 talmannen
532 1108 144 27 tillkännagaf,
691 1110 32 20 att
740 1108 190 27 borgareständets
945 1108 85 21 diskus-

201 1135 170 28 sionsprotokoll
396 1136 35 22 vid
453 1137 63 27 plena
535 1137 18 26 3,
569 1137 19 26 7,
605 1137 27 21 10
647 1137 40 21 och
703 1137 27 21 14
744 1136 146 22 innevarande
905 1142 56 16 mars
977 1141 53 16 voro

201 1163 83 28 färdiga
298 1164 32 22 till
342 1164 115 28 justering,
472 1165 39 21 och
527 1165 64 27 utsåg
605 1166 26 21 hr
646 1166 123 21 talmannen
785 1165 37 21 hrr
833 1165 77 26 Alin,
921 1165 110 21 Luoma

200 1192 41 22 och
281 1193 134 22 Sumelius
430 1196 32 19 att
473 1194 85 27 justera
573 1194 78 22 nämda
665 1194 116 27 protokoll.

271 1360 70 21 Bland
362 1360 97 22 ständets
480 1361 138 21 medlemmar
637 1360 54 22 hade
706 1360 95 22 utdelats
817 1359 38 22 och
872 1359 112 22 bordlades
999 1359 32 21 till

200 1390 64 20 nästa
278 1388 97 28 plenum:

271 1450 106 22 särskilda
398 1451 206 22 besvärsutskottets
627 1451 136 22 betänkande
781 1457 34 15 n:o
831 1451 13 21 3
859 1451 7 21 i
881 1450 115 27 anledning
1010 1450 24 21 af

200 1479 221 27 petitionsmemorial,
443 1486 47 16 som
505 1480 7 21 i
528 1480 99 27 samtliga
642 1480 63 21 ständ
720 1479 97 28 ingifvits
833 1479 110 27 angäende
958 1478 73 22 instäl-

199 1507 65 22 lande
278 1508 24 21 af
314 1508 188 28 myndigheternas
517 1508 204 28 tvängsätgärder
733 1508 44 22 för
787 1507 244 29 värnepliktförfatt-
