1092 1756
199 115 51 38 550
523 116 166 37 Remissfrågan.
952 127 26 17 27
987 126 44 21 jan.

205 193 36 21 det
258 193 69 22 skulle
343 194 60 27 begå,
417 194 43 22 ifall
476 195 36 21 det
527 195 46 22 icke
588 195 70 22 skulle
670 196 109 21 remittera
794 195 141 27 petitionerna
952 195 31 22 till
998 197 35 19 ut-

206 221 67 27 skott,
289 223 27 21 då
331 223 85 22 ståndet
430 223 65 22 redan
511 224 120 21 remitterat
646 224 139 27 regeringens
796 224 166 27 propositioner.
982 224 49 21 Men

203 251 38 21 det
256 250 69 28 ligger
339 251 64 27 ingen
419 252 158 22 inkonsekvens
592 253 7 20 i
614 253 71 21 denna
701 253 44 25 sak,
761 255 21 25 ty
798 252 71 21 såsom
885 252 52 22 hvar
953 252 39 22 och
1005 259 25 15 en

202 279 63 22 torde
287 280 76 25 känna,
384 280 60 27 ingår
458 281 7 21 i
481 281 233 27 landtdagsordningen
730 281 116 27 uttrycklig
860 281 109 22 föreskrift
983 281 48 22 där-

202 314 42 19 om,
266 310 31 19 att
313 309 26 20 de
354 309 77 27 nådiga
446 310 187 27 propositionerna
648 310 53 21 böra
716 310 121 21 remitteras
854 309 30 22 till
899 310 88 25 utskott,
1004 310 27 21 då

202 337 99 21 däremot
321 337 109 27 angående
452 338 114 27 petitioner
586 341 70 24 säges,
676 341 32 19 att
726 339 26 21 de
768 338 61 22 skola
844 339 127 22 remitteras,
986 338 44 21 ifall

202 365 87 22 ståndet
312 366 24 21 så
355 366 34 21 för
407 367 52 26 godt
473 366 75 22 finner.
579 367 96 22 Således:
691 367 55 22 hade
762 373 48 15 man
826 367 111 27 angående
952 367 26 21 de
993 367 37 21 nå-

201 394 51 27 diga
275 395 186 26 propositionerna
480 395 58 27 gjort
552 396 141 25 annorlunda,
709 396 24 21 så
748 395 54 22 hade
818 395 37 22 det
870 396 55 21 varit
940 397 31 20 ett
985 395 45 28 lag-

202 422 88 27 stridigt
311 423 126 27 förfarande,
457 430 49 15 men
522 425 110 26 angående
648 425 115 26 petitioner
778 424 38 21 har
833 424 85 21 ståndet
932 424 38 21 full
986 426 43 19 rät-

201 451 70 26 tighet
293 451 39 22 och
353 451 63 22 frihet
435 454 32 20 att
487 453 78 21 handla
583 453 55 21 huru
655 453 36 21 det
707 453 41 22 vill.
778 453 77 26 Någon
871 453 158 21 inkonsekvens

201 479 116 28 föreligger
332 481 82 21 således
429 481 51 22 icke.
509 481 79 22 Vidare
603 481 62 22 hafva
681 482 64 21 dessa
760 481 68 22 talare
843 481 66 27 enligt
924 482 49 21 mitt
986 481 43 21 för-

201 509 106 21 menande
329 509 33 21 för
383 509 83 28 mycket
487 510 185 21 sammanblandat
690 510 76 27 frågan
782 517 35 14 om
833 510 196 27 landtdagsarbetet

201 537 50 21 med
264 537 70 22 denna
349 538 142 27 remissfråga.
523 539 42 21 Det
580 545 36 15 ser
632 541 28 24 ut,
677 545 47 15 som
740 545 34 16 om
792 539 64 21 dessa
870 539 73 20 herrar
959 538 70 21 skulle

200 571 59 20 anse,
275 568 32 19 att
321 566 128 28 landtdagen
465 567 39 22 och
519 567 208 28 landtdagsmännen
740 567 95 22 saknade
850 567 73 22 arbete
933 567 39 22 och
982 567 47 21 icke

200 594 71 21 skulle
286 594 73 22 kunna
373 595 79 27 arbeta,
467 602 35 15 om
516 596 85 21 ståndet
611 596 46 21 icke
668 596 31 21 till
710 597 112 21 utskotten
833 596 136 21 remitterade
979 595 49 22 ifrå-

201 623 121 26 gavarande
337 624 119 27 petitioner.
479 625 50 21 Men
544 625 111 21 utskotten
671 625 63 21 hafva
748 625 75 21 arbete
838 631 45 15 mer
899 627 26 18 än
936 624 92 21 tillräck-

200 651 45 27 ligt.
276 652 33 21 De
324 652 63 21 hafva
401 653 139 28 regeringens
555 654 78 27 nådiga
648 654 160 27 propositioner
824 653 39 22 och
878 653 40 22 alla
934 653 26 22 de
975 653 53 27 peti-

200 680 76 27 tioner,
302 687 46 15 som
371 681 45 22 från
439 682 38 22 två
498 682 63 22 stånd
583 682 32 22 till
638 683 47 21 dem
704 683 139 21 remitterats.
873 682 78 22 Vidare
966 681 63 22 hafva

199 709 66 21 dessa
279 710 72 26 talare,
367 716 46 16 som
428 711 7 21 i
451 711 42 27 dag
507 712 103 26 uppträdt
625 711 39 21 och
679 711 63 27 yrkat
756 711 29 27 på
799 711 84 25 remiss,
898 711 131 21 åtminstone

200 737 53 22 flere
277 738 22 21 af
319 738 54 26 dem,
397 739 52 21 talat
464 746 34 14 om
515 740 71 26 sträjk.
618 740 39 21 Att
672 740 43 22 tala
730 746 35 15 om
781 746 27 15 en
824 739 140 27 arbetssträjk
979 739 47 21 från

201 766 142 28 landtdagens
364 768 51 21 eller
437 768 219 27 landtdagsmännens
673 769 51 25 sida,
740 768 70 22 måste
822 768 39 27 jag
875 768 58 21 finna
948 768 80 27 olämp-

200 794 45 28 ligt.
276 796 49 20 Man
348 796 41 21 kan
412 796 34 22 väl
467 797 47 21 icke
529 799 56 25 säga,
605 799 32 19 att
652 798 20 21 vi
688 797 171 27 landtdagsmän,
875 803 45 15 som
937 797 38 21 här
991 798 37 19 äro

201 823 100 27 samlade,
324 824 69 22 skulle
415 826 55 20 varit
489 826 43 21 lata
550 826 40 21 och
609 828 75 24 vägrat
699 828 31 19 att
746 826 81 21 arbeta.
857 826 48 20 Men
922 832 48 14 man
986 825 41 21 kan

201 852 75 22 arbeta
297 852 33 22 för
353 854 37 20 sitt
413 853 118 22 fosterland
553 854 28 27 på
603 854 78 27 många
704 854 57 22 olika
777 856 49 19 sätt.
856 854 43 21 Det
914 856 23 19 är
952 854 77 21 endast

200 880 62 28 fråga
277 887 35 15 om
327 882 80 21 hvilket
422 884 43 20 sätt
480 884 32 20 att
526 883 79 25 arbeta,
621 889 46 15 som
684 885 23 19 är
723 884 36 20 det
774 885 62 19 rätta.
862 883 42 21 För
915 882 64 27 öfrigt
989 882 38 27 lig-

201 915 38 21 ger
262 910 36 21 det
319 910 46 22 icke
379 911 24 21 så
418 913 46 19 stor
480 911 44 21 vikt
539 912 32 27 på,
586 918 35 15 om
638 918 26 14 en
681 912 60 21 skola
756 911 33 21 får
805 912 38 20 sitt
858 911 118 21 understöd
991 911 37 21 nå-

201 941 38 23 got
261 938 24 21 år
307 938 44 22 förr
373 939 50 21 eller
439 946 81 20 senare,
536 946 34 15 om
586 946 27 15 en
626 940 180 27 järnvägsstump
823 940 79 27 bygges
918 940 47 21 litet
979 940 49 20 tidi-

201 972 52 21 gare
275 967 51 21 eller
349 974 82 20 senare,
454 974 47 15 men
521 969 35 21 det
571 970 24 20 är
610 968 22 22 af
646 969 40 21 den
703 971 81 19 största
800 968 45 22 vikt
860 971 32 19 att
906 968 63 22 häfda
983 968 45 21 lan-

200 995 48 21 dets
267 995 40 22 och
327 996 140 28 landtdagens
487 997 95 27 rättsliga
598 997 102 28 ställning
716 999 56 19 samt
787 997 22 21 få
823 997 41 21 den
880 999 59 19 stora
953 996 74 28 frågan

200 1023 49 21 löst.
279 1024 42 27 Jag
336 1025 38 21 ber
389 1027 32 19 att
435 1025 21 21 få
472 1026 170 27 understöda:hr
659 1026 97 21 Öhmans
772 1025 88 27 förslag.

270 1104 33 22 Hr
317 1105 79 21 Alin:
420 1102 133 31 (Äänestys!)
576 1106 46 21 Hra
637 1106 125 21 Lundenius
777 1105 133 27 puheessaan
922 1105 30 21 toi
963 1105 66 21 muis-

199 1132 98 22 taakseni
318 1134 46 20 ensi
384 1134 77 21 kerran
481 1134 54 22 esiin
550 1136 59 20 tässä
624 1135 102 27 säädyssä
738 1134 67 27 jutun
821 1133 208 27 perustuslaillisista

196 1161 24 27 ja
239 1162 229 26 perustuslaittomista
487 1163 158 21 edusmiehistä.
681 1163 59 21 Minä
763 1169 27 15 en
814 1162 35 21 voi
872 1162 63 21 ilman
958 1164 70 19 vasta-

200 1190 93 21 lausetta
315 1192 71 20 tämän
408 1191 84 21 kohdan
508 1193 62 19 antaa
586 1194 78 19 mennä
679 1192 75 25 ohitse,
771 1191 47 21 sillä
834 1197 23 15 se
873 1190 28 22 oli
915 1192 113 19 enemmän

199 1218 52 21 kuin
267 1220 106 25 epäsuora
388 1220 86 21 viittaus
489 1220 159 21 arveluttavaan
665 1223 115 18 suuntaan.

269 1247 46 21 Hra
334 1248 85 20 Hom6n
435 1248 170 22 lausunnossaan
622 1249 98 22 mainitsi,
736 1249 68 20 miten
820 1248 138 21 valiokunnat
973 1247 56 28 kyllä

199 1276 73 21 voivat
291 1277 78 20 toimia.
401 1276 27 22 Se
447 1283 27 15 on
494 1279 59 24 totta,
572 1279 70 20 mutta
660 1277 48 22 ellei
722 1277 78 22 asioita
816 1277 139 21 valiokuntiin
972 1276 56 21 lähe-

198 1305 45 20 tetä
265 1305 96 26 myöskin
382 1306 176 27 porvarissäädyn
579 1306 99 27 puolelta,
695 1306 18 21 ei
729 1306 35 21 ole
780 1305 178 28 porvarissäädyn
971 1305 57 26 jäse-

200 1333 51 21 nillä
275 1333 85 27 vapaita
382 1333 60 22 käsiä
465 1335 131 25 muistuttaa,
618 1335 85 20 elleivät
715 1334 142 21 valiokunnat
872 1333 33 22 ole
920 1333 109 21 toimessa.

198 1361 73 22 Mutta
289 1361 44 22 kun
349 1362 90 22 olemme
455 1363 63 21 täällä
533 1365 102 19 sanoneet
650 1369 44 19 sen,
710 1363 53 21 mitä
778 1365 38 24 nyt
832 1369 27 14 on
876 1364 92 23 sanottu,
984 1361 44 21 niin

198 1389 79 22 katson
302 1390 83 22 olevani
410 1391 119 21 oikeutettu
554 1393 108 20 ottamaan
686 1392 60 21 asian
774 1391 65 26 esille,
860 1391 35 26 jos
918 1390 110 21 valiokun-

198 1419 58 20 nista
279 1419 18 20 ei
320 1419 119 28 mietintöjä
461 1419 49 22 tule.
546 1419 216 28 Valtiopäivämiehet
784 1419 72 22 voivat
869 1419 72 21 toimia
956 1418 72 27 paljon

195 1446 24 27 ja
242 1447 93 21 monella
357 1448 77 21 tavalla
457 1448 108 21 isänmaan
589 1448 93 27 hyväksi,
705 1451 71 18 mutta
797 1448 75 21 minun
886 1447 143 28 ymmärtääk-

198 1475 47 21 seni
271 1476 123 21 ainoastaan
420 1483 24 15 se
466 1477 103 26 toiminta,
581 1476 67 27 jonka
664 1477 25 21 V.
704 1478 19 21 J.
739 1478 91 24 määrää,
847 1483 28 14 on
892 1476 137 26 valtiopäivä-

197 1504 129 22 miestointa.
