1109 1761
64 123 26 17 27
102 122 40 19 jan.
402 111 171 36 Remissfrägan.
851 112 43 28 545

66 191 56 22 sissä
144 190 80 22 oloissa
244 196 27 15 on
287 196 81 21 sangen
384 190 140 27 epätietoista,
540 189 110 22 milloinka
664 189 80 22 meidät
759 190 35 20 voi
808 189 87 27 yllättää

68 219 113 28 tapaukset
206 219 128 24 semmoiset,
355 218 61 27 jotka
439 218 93 21 vaativat
553 220 158 26 pontevampaa
729 219 59 26 työtä
799 217 24 26 ja
837 218 58 26 työtä

66 249 62 20 aivan
148 247 148 22 toisenlaiseen
312 249 113 24 suuntaan,
440 247 52 21 kuin
508 247 52 21 mitä
575 247 91 21 olemme
681 246 64 21 tähän
761 245 79 22 saakka
854 245 40 22 toi-

68 278 83 19 voneet.
180 276 58 20 Minä
253 275 37 21 siis
306 275 84 27 pyydän
405 275 65 27 yhtyä
484 275 66 21 niihin
566 275 102 21 arvoisiin
679 275 104 21 edellisiin
791 273 107 28 puhujiin,

65 304 62 28 jotka
142 306 50 20 ovat
206 304 125 26 puoltaneet
346 306 128 19 anomusten
489 304 145 21 lähettämistä
648 303 148 21 valiokuntiin.

138 361 32 21 Hr
186 361 192 21 Lundenius:
408 360 11 22 I
434 360 146 28 föreliggande
594 360 66 27 fråga,
676 360 106 21 huruvida
797 360 26 21 de
832 359 64 22 bord-

69 390 78 27 laggda
162 390 142 27 petitionerna
319 389 61 22 skola
394 389 74 22 vidare
483 389 129 28 bordläggas
628 389 51 22 eller
693 395 29 15 nu
733 389 120 21 remitteras
864 388 32 21 tili

70 419 89 26 utskott,
182 418 62 21 hafva
268 419 23 20 sä
314 419 77 26 mänga
413 418 67 21 talare
503 418 103 27 uppträdt
628 417 32 22 för
676 417 122 22 omedelbar
814 417 82 25 remiss,

70 449 32 20 att
126 453 49 16 man
199 447 61 22 däraf
272 447 72 21 kunde
360 449 39 23 tro,
415 449 32 19 att
462 447 36 21 det
513 447 69 21 skulle
597 453 51 15 vara
664 447 36 20 det
715 446 97 27 afgjorda
827 445 69 22 flerta-

71 476 31 21 let
116 476 7 21 i
138 476 90 25 ständet,
244 482 46 15 som
306 475 100 22 omfattar
422 475 70 22 denna
506 475 62 22 äsikt.
602 475 42 27 Jag
660 477 50 24 tror,
726 477 32 19 att
772 475 59 21 detta
846 480 51 16 vore

69 507 34 19 att
118 506 49 26 taga
183 505 65 26 nägot
263 505 68 20 miste.
361 504 73 21 Ifvern
449 504 28 27 pä
492 504 40 21 den
549 504 60 21 sidan
625 505 32 20 att
672 504 87 27 plädera
773 503 33 22 för
822 503 75 21 remiss

73 533 73 28 tyckes
162 539 52 16 vara
228 533 25 21 sä
268 535 51 24 stor,
334 535 32 19 att
381 539 48 14 man
446 533 88 21 därmed
549 532 36 21 vill
601 533 52 20 söka
668 532 60 27 skyla
738 532 60 21 öfver
808 534 31 19 att
849 537 49 16 man

71 562 55 21 dock
142 564 23 19 är
180 562 7 21 i
203 561 142 22 minoriteten.
376 561 50 21 Men
439 561 39 27 jag
492 561 98 27 öfvergär
606 561 32 21 till
654 561 129 27 behandling
793 561 23 21 af
824 559 74 28 själfva

72 590 81 27 frägan.

142 618 34 22 Då
196 618 61 22 valen
272 618 54 21 hade
342 618 57 22 skett
414 618 40 21 och
469 618 36 22 det
520 618 169 25 konstaterades,
705 619 31 20 att
752 618 26 21 de
793 617 105 21 konstitu-

73 647 87 22 tionella
179 653 53 15 voro
254 647 7 21 i
282 646 85 28 afgjord
390 647 112 27 majoritet,
524 646 108 28 fröjdades
648 646 48 22 hela
711 646 72 21 landet
798 646 39 22 och
852 646 47 21 hela

75 676 73 21 folket.
185 676 34 20 Dä
239 682 37 14 var
299 682 49 14 man
372 675 125 27 öfvertygad
512 682 41 18 om,
575 677 32 19 att
622 675 129 27 landtdagen
767 675 69 21 skulle
851 676 49 25 taga

74 705 32 21 itu
131 704 48 21 med
205 704 41 21 den
271 706 59 19 stora
352 704 80 27 frägan,
455 710 35 15 om
505 704 79 27 lagliga
599 703 146 22 förhällanden
761 704 69 21 skulle
845 704 54 20 äter-

75 732 80 22 införas
181 733 51 21 eller
256 732 52 22 icke.
344 732 49 22 Alla
420 732 118 22 valkretsar
560 732 52 22 eller
634 732 132 22 ätminstone
781 732 36 22 det
832 732 68 29 öfver-

76 762 97 26 vägande
187 761 90 21 flertalet
293 761 47 21 lade
356 761 59 24 detta
430 762 46 20 sina
492 763 174 25 representanter
681 761 28 27 pä
724 761 85 27 häjrtat.
831 760 69 22 Äfven

72 790 38 27 jag
124 786 44 57 sii
177 790 41 21 fätt
232 790 57 21 detta
304 790 44 26 mig
363 790 87 27 älaggdt
465 789 23 22 af
501 790 57 21 mina
573 790 84 21 valmän
674 790 39 20 och
728 790 58 21 detta
798 790 102 26 glömmer

72 825 38 21 jag
125 825 51 15 icke.

144 848 36 20 Nu
195 847 39 21 har
248 847 128 27 landtdagen
393 847 69 27 ingätt
476 847 33 21 till
524 848 61 20 Hans
601 847 101 27 Majestät
717 847 48 21 med
780 847 41 21 den
844 848 58 20 stora

76 876 126 27 petitionen.
231 876 49 20 Men
296 882 49 14 man
361 876 35 20 mä
410 876 46 21 icke
472 877 40 23 tro,
527 878 32 19 att
573 875 75 27 frägan
664 881 36 15 om
713 876 40 21 den
764 876 78 26 lagliga
853 876 48 21 ord-

77 905 92 26 ningens
199 904 150 22 återställande
372 904 88 21 därmed
482 904 38 22 har
542 904 91 22 kommit
648 904 24 21 sä
686 904 136 28 synnerligen
837 904 65 26 långt.

77 933 43 21 Det
136 933 66 27 gäller
217 940 29 14 nu
261 932 33 22 för
310 933 116 21 ständerna
440 935 32 19 att
487 932 131 22 fortfarände
632 933 56 21 klart
704 933 101 25 markera,
821 934 31 20 att
868 933 36 21 det

79 964 23 18 är
125 962 70 20 denna
217 961 89 27 uppgift,
332 968 46 14 som
395 962 115 20 ständerna
526 961 50 27 vilja
590 968 52 15 anse
657 961 33 21 för
706 962 69 21 denna
789 962 113 26 landtdags

78 992 56 19 mest
157 990 151 21 dominerande
330 990 66 26 fräga,
415 992 32 19 att
462 990 36 21 det
514 992 22 19 är
552 990 41 22 den
609 990 78 27 lagliga
702 990 130 27 ordningens
848 990 54 21 äter-

78 1018 110 26 ställande,
204 1018 80 28 hvarpä
299 1025 48 15 man
369 1019 48 21 med
433 1019 107 27 spänning
556 1020 74 20 väntar
644 1019 39 21 och
698 1021 32 19 att
744 1019 78 27 lagliga
836 1018 67 22 förut-

78 1047 120 27 sättningar
214 1054 29 14 nu
258 1047 46 21 icke
319 1047 68 21 finnas
403 1046 33 22 för
452 1049 32 19 ett
498 1047 93 21 normalt
606 1047 193 27 landtdagsarbete.
831 1047 72 21 Skulle

80 1076 20 21 vi
122 1075 64 22 hafva
201 1076 67 27 glömt
282 1076 64 26 detta,
362 1076 24 21 sä
401 1076 38 20 har
454 1076 127 27 regeringen
596 1076 71 27 dragit
681 1076 85 27 försorg
781 1082 41 19 om,
838 1078 31 19 att
884 1076 21 21 vi

79 1104 112 27 päminnas
214 1104 72 22 därom
309 1104 73 27 hvarje
398 1105 47 26 dag.
475 1104 105 28 Dagligen
596 1104 38 22 ske
650 1104 126 28 öfvergrepp
792 1104 39 22 och
847 1104 57 22 väld-

80 1133 107 21 samheter
210 1132 22 22 af
248 1133 140 27 regeringens
404 1133 170 21 underordnade.
606 1133 10 21 I
632 1134 38 26 gär
684 1133 58 27 fingo
758 1134 21 20 vi
794 1133 110 21 underrät-

80 1162 54 21 telse
152 1168 34 14 om
202 1164 32 18 att
248 1162 41 21 den
305 1168 55 19 man,
376 1168 46 15 som
438 1164 51 24 äger
508 1164 32 19 att
555 1162 73 26 intaga
642 1161 68 22 första
724 1162 83 26 platsen
823 1162 7 20 i
845 1162 25 21 R.
886 1168 18 14 o.

81 1190 31 23 A.,
135 1189 69 22 blifvit
223 1190 27 27 pä
265 1192 31 19 ett
311 1190 137 27 upprörande
464 1192 43 19 sätt
522 1190 79 21 häktad
616 1190 39 21 och
668 1190 68 27 jämte
751 1191 32 20 sin
800 1197 38 14 son
854 1189 52 22 -fort-

79 1218 88 21 farande
190 1218 118 21 kvarhälles
332 1219 6 20 i
356 1218 193 22 ofrihetstillständ.
588 1219 10 20 I
621 1218 73 27 förgär
710 1219 28 26 pä
752 1218 86 21 aftonen
855 1219 51 26 sägo

81 1247 21 21 vi
124 1247 47 21 frän
194 1247 102 26 fönstren,
319 1246 56 22 huru
390 1247 84 26 polisen
490 1247 32 21 till
537 1247 48 22 häst
601 1247 40 22 och
657 1247 31 22 till
703 1247 43 21 fots
762 1247 48 21 med
826 1247 81 26 dragna

82 1275 70 22 sablar
178 1275 157 22 misshandlade
357 1275 67 22 folket
439 1275 40 22 och
495 1282 107 21 personer,
619 1282 46 15 som
681 1276 45 21 icke
742 1276 27 27 pä
784 1276 66 26 något
865 1277 43 20 sätt

82 1304 74 21 störde
178 1305 41 20 den
234 1305 108 20 allmänna
357 1304 127 27 ordningen,
500 1306 51 19 utan
567 1305 5 20 i
588 1304 90 27 fredliga
694 1304 48 22 värf
755 1305 62 20 rörde
833 1304 33 27 sig
880 1304 28 27 pä

82 1335 70 24 gatan.
175 1333 27 21 Vi
217 1333 63 21 hafva
294 1333 7 20 i
316 1333 63 21 dessa
394 1333 66 26 dagar
477 1333 112 27 emottagit
604 1333 93 21 hotande
710 1333 141 27 antydningar
866 1339 42 19 om,

82 1363 32 19 att
136 1361 120 27 ständerna,
272 1361 43 22 ifall
330 1361 26 22 de
371 1361 46 21 icke
432 1361 90 21 förhälla
537 1362 33 26 sig
585 1362 126 27 regeringen
727 1361 31 21 till
774 1361 64 27 nöjes,
854 1361 55 22 hade

81 1392 33 19 att
128 1392 65 19 vänta
208 1392 31 19 ett
254 1390 126 27 ingripande
395 1390 23 21 af
432 1390 132 27 regeringen,
578 1390 23 27 ja
616 1397 25 15 en
658 1390 131 27 upplösning
804 1390 22 21 af
840 1390 68 21 landt-

82 1419 76 26 dagen.
196 1419 42 27 Jag
253 1418 77 28 frägar,
342 1425 36 15 om
394 1418 68 22 under
478 1419 80 21 sädana
572 1418 148 22 förhällanden
735 1419 21 21 vi
771 1419 74 21 arbeta
860 1418 49 21 med

82 1447 79 27 lagliga
183 1447 177 27 förutsättningar
383 1446 33 22 för
439 1449 31 19 ett
485 1447 226 27 lagstiftningsarbete,
728 1454 45 14 som
789 1447 41 21 kan
846 1447 64 21 lända

83 1475 32 21 till
130 1475 84 22 landets
229 1475 97 22 fromma.
366 1475 41 22 Om
424 1475 116 21 ständerna
550 1482 29 15 nu
594 1475 73 27 ätnöja
682 1476 33 27 sig
729 1475 49 21 med
792 1475 118 22 aflätandet

83 1504 23 20 af
120 1504 69 25 denna
204 1503 157 28 framställning
383 1503 31 21 till
430 1504 62 21 Hans
508 1504 100 27 Majestät
624 1511 34 14 om
674 1504 41 21 den
730 1504 78 27 lagliga
824 1504 86 21 ordnin-

819 1549 22 18 35
