1117 1773
194 121 55 36 1030
477 132 103 17 Finlands
593 132 70 17 banks
675 133 64 16 vinst.
924 131 25 18 14
962 132 59 21 april

274 241 115 20 FINLANDS
405 238 121 23 STÄNDERS

215 289 370 25 STATSUTSKOTT

295 366 207 36 HELSINGFORS,
632 373 40 22 Till
688 373 107 27 vällofliga
810 373 182 27 borgareständet.

285 420 35 17 den
341 421 23 16 14
384 420 51 23 april
459 420 56 18 1905.

359 495 36 18 N:o
408 495 38 18 136.

261 553 59 21 Enär
343 553 128 27 landtdagen
495 553 96 21 kommer
614 555 31 19 att
666 553 91 22 afslutas
778 553 66 21 innan
860 553 162 21 statsutskottet

192 581 83 22 kunnat
298 583 97 26 uppgöra
411 588 26 15 en
460 581 127 28 fullständig
609 581 217 28 bevillningsbudget,
843 587 48 16 men
906 582 37 21 det
958 581 63 22 likväl

192 613 61 24 synts
277 610 106 21 utskottet
405 611 132 26 nödvändigt
560 613 32 18 att
613 610 31 21 till
666 611 116 20 ständerna
797 609 79 28 afgitva
891 609 80 28 förslag
986 616 35 15 om

191 639 165 26 användningen
389 639 22 21 af
434 639 117 22 Finlands
568 639 77 22 banks
661 638 178 23 odisponerade
866 638 154 27 vinstmedel,

191 667 32 21 fär
239 667 162 22 statsutskottet
423 668 110 21 vördsamt
555 667 83 26 föreslä,
654 670 31 19 att
700 674 13 15 af
737 667 66 28 sagda
818 667 134 26 vinstmedel,
967 673 54 21 upp-

192 696 82 27 gående
296 703 39 21 per
350 697 26 21 31
393 696 112 22 december
529 696 55 22 1904
599 696 32 22 till
646 696 44 22 fmk
707 696 131 26 13,464,903:
854 696 32 25 46,
902 696 66 22 måtte
990 696 31 21 till

191 725 208 27 bevillningstonden
423 725 118 21 öfverföras
563 725 112 26 5,000,000
691 725 65 26 mark,
772 725 32 21 till
828 725 95 21 bankens
938 731 82 15 reserv-

191 753 52 22 fond
258 754 113 26 5,000,000
385 754 66 24 mark,
468 757 55 18 samt
538 754 123 22 äterstoden
677 754 118 26 3,464,903:
803 754 28 20 46
848 754 86 21 kvarstä
949 754 71 21 säsom

191 782 158 28 odisponerade
365 782 132 22 vinstmedel.

434 846 32 21 Pä
490 845 173 22 statsutskottets
689 847 89 25 vägnar:

530 903 26 21 a.
577 903 109 27 Granfelt.

855 965 22 18 R.
890 965 62 18 Erich.

273 1080 116 21 FINLANDS
405 1078 120 23 STÄNDERS

210 1128 383 39 BANKUTSKOTT

294 1209 206 37 HELSINGFORS,
630 1218 41 21 Till
686 1217 107 28 vällofliga
809 1217 183 28 borgareständet.

283 1261 35 18 den
339 1262 22 16 14
382 1261 52 23 april
457 1261 55 18 1905.

362 1336 36 18 N:o
411 1336 28 18 35.

260 1404 50 21 Med
333 1404 100 22 afseende
455 1404 13 22 &
488 1404 25 22 de
528 1405 7 21 i
551 1404 201 28 bankfullmäktiges
775 1404 117 22 berättelse
914 1404 33 21 för
970 1404 50 20 åren

190 1432 143 22 1900—1903
356 1433 106 27 ingäende
484 1432 80 28 förslag
586 1434 91 21 rörande
700 1433 157 27 dispositionen
880 1432 23 22 af
918 1432 102 22 Finlands

188 1460 70 22 banks
281 1461 127 22 vinstmedel
428 1461 33 22 får
484 1462 105 22 utskottet
611 1462 88 26 anmäla,
715 1464 32 20 att
769 1462 50 20 med
839 1461 82 27 hänsyn
944 1460 76 26 därtill,

188 1491 32 19 att
231 1490 117 27 utredning
358 1496 35 15 om
409 1490 27 22 de
451 1490 125 26 statsbehof,
591 1490 33 22 för
639 1490 82 22 hvilkas
738 1490 171 27 tillgodoseende
924 1489 96 22 bankens

188 1518 130 22 vinstmedel
333 1518 71 22 kunde
419 1519 86 21 komma
519 1520 32 20 att
565 1521 61 25 tagas
642 1519 7 21 i
664 1519 94 27 anspräk
774 1518 36 22 vid
826 1518 70 22 denna
907 1518 113 27 landtdags
