1111 1761
91 118 26 17 10
131 118 59 20 april.
276 117 217 18 Missförhållandena
505 118 58 17 inom
576 117 158 18 skolväsendet.
876 111 41 22 843

92 186 40 21 ska
152 186 97 27 språkets
271 186 124 25 bekostnad,
419 188 51 19 enär
493 187 36 20 det
551 186 67 21 under
634 186 123 21 nuvarande
772 185 145 22 förhållanden

92 215 106 26 knappast
221 215 61 21 torde
298 221 51 15 vara
364 214 22 22 af
400 215 76 24 nöden,
495 217 31 19 att
541 215 182 26 undervisningen
738 215 7 20 i
760 214 78 21 nämda
854 214 64 27 språk

93 243 108 22 meddelas
216 243 32 22 till
264 250 81 15 samma
360 243 87 27 omfång
462 249 47 16 som
524 243 78 25 förut»,
618 243 44 21 helt
677 243 72 21 säkert
763 242 62 22 äfven
840 242 78 22 beträf-

93 271 64 22 fande
172 272 40 21 den
229 274 49 19 rent
292 271 70 22 finska
377 272 84 21 talande
477 272 62 21 delen
554 271 23 22 af
590 272 48 21 vårt
648 271 44 22 folk
703 271 45 22 icke
759 271 53 22 skall
822 271 95 22 befinnas

93 300 55 22 hålla
164 300 90 28 profvet.
284 300 38 22 Ett
336 300 96 27 exempel
447 300 32 27 på,
496 300 56 22 huru
567 301 62 20 ätven
644 300 46 21 från
707 302 47 19 rent
764 300 96 27 praktisk
870 306 48 20 syn-

93 329 70 27 punkt
184 329 71 21 denna
276 328 119 28 fientlighet
417 331 45 19 mot
477 329 125 27 tvåspråkig
617 329 72 21 kultur
705 328 41 22 kan
761 328 48 22 leda
824 328 31 22 till
869 335 49 20 syn-

94 358 94 26 nerligen
211 358 117 21 ledsamma
351 357 95 26 resultat,
469 360 23 18 är
515 358 27 21 de
564 358 35 21 två
623 357 125 27 förryskade
763 357 155 21 fruntimmers-

94 386 78 27 skolor,
194 386 72 22 hvilka
288 386 105 22 utskottet
413 388 130 20 omnämner.
573 386 136 22 Beträftande
724 386 40 21 den
780 392 40 15 ena
835 388 23 19 är
872 385 46 22 icke

93 415 26 21 så
133 415 83 27 mycket
231 417 32 19 att
278 417 56 25 säga,
351 421 48 15 men
415 415 132 22 beträffande
562 416 41 21 den
614 415 66 21 andra
690 415 228 24 fruntimmersskolan,

94 444 106 27 nämligen
216 444 41 21 den
273 444 6 21 i
295 445 62 24 Vasa,
373 446 23 19 är
411 444 36 21 det
457 443 33 22 för
501 445 46 25 den,
558 451 47 14 som
616 444 81 21 känner
708 443 210 26 ortsförhållandena,

93 473 126 26 uppenbart,
243 475 31 19 att
297 479 77 20 genom
394 473 39 20 den
458 472 173 28 »reformering»,
647 479 47 15 som
710 473 31 20 uti
754 473 69 20 denna
838 472 59 21 skola
912 472 6 20 i

93 501 39 22 och
155 502 49 21 med
225 501 49 22 dess
299 501 152 27 öfvertagande
473 501 22 22 af
517 503 69 20 staten
609 501 101 26 infördes,
726 507 26 15 en
768 501 65 21 skada
848 500 22 22 af
883 501 36 20 det

92 530 53 21 allra
161 532 80 20 största
256 530 87 27 omfång
365 530 90 21 drabbat
476 530 126 21 alumnerna
617 530 32 21 uti
664 530 125 21 lärovärket.
819 530 33 21 De
866 529 53 21 allra

92 558 62 22 flesta
169 558 22 22 af
205 559 70 21 denna
290 559 72 21 skolas
378 559 70 21 elever
466 559 87 22 komma
567 561 32 19 att
613 558 63 22 hafva
690 559 32 20 sin
739 558 134 22 värksamhet
888 557 31 22 uti

93 593 26 15 en
137 587 63 26 trakt,
216 588 38 20 där
270 587 25 21 de
311 587 80 21 kanske
414 587 73 21 kunna
509 588 87 21 komma
617 587 31 21 till
664 589 56 19 rätta
735 587 47 21 med
798 587 36 21 det
849 586 69 27 språk,

94 622 46 15 som
157 616 26 21 de
198 622 29 15 nu
242 616 8 20 i
263 616 73 21 skolan
360 616 21 21 få
403 616 44 21 lära
469 616 38 27 sig,
523 622 49 15 men
588 616 46 22 icke
649 616 73 21 kunna
737 616 85 21 komma
836 615 36 21 väl
888 614 31 22 till

93 646 62 20 rätta.
184 644 71 22 Dessa
267 644 141 28 påpekanden
424 644 38 22 har
475 645 38 27 jag
528 645 56 21 velat
601 646 51 26 göra
668 646 50 20 utan
734 647 31 19 att
777 644 54 22 dock
841 643 79 22 föreslå

93 673 71 27 någon
181 680 46 14 som
244 673 56 22 hälst
315 674 93 26 ändring
423 674 32 20 uti
470 674 116 21 utskottets
603 674 62 20 kläm.

163 742 33 21 Hr
212 742 153 22 Schvindt:
396 742 45 21 Hra
456 742 100 28 Hynénin
572 742 122 22 lausunnon
708 742 101 27 johdosta
819 741 100 22 tahtoisin

93 777 39 15 sen
147 770 79 26 lisäksi,
242 771 52 21 mitä
308 770 40 22 hra
364 771 102 21 Sundvall
487 771 68 21 edellä
567 771 23 27 jo
607 771 66 25 sanoi,
690 771 90 24 mainita,
797 772 43 19 että
855 770 64 20 valio-

94 799 101 21 kunnalla
210 800 19 20 ei
245 800 33 21 ole
293 800 54 20 ollut
362 800 79 20 aihetta
456 800 100 21 ehdottaa
572 800 78 20 mitään
661 800 107 21 komitean
781 798 139 25 asettamista,

95 828 74 21 senkin
193 828 77 21 tähden
294 830 44 19 että
356 828 67 21 niissä
437 828 249 26 anomusehdotuksissa,
700 828 60 27 jotka
774 828 66 21 olivat
855 827 63 21 valio-

95 856 87 22 kunnan
205 856 155 27 käsiteltävinä,
375 857 20 21 ei
410 857 126 21 semmoista
558 857 111 21 ollenkaan
690 857 105 26 pyydetty,
819 862 53 15 vaan
890 856 29 20 ai-

95 888 104 18 noastaan
215 885 46 26 sitä,
277 887 44 19 että
336 885 63 22 viime
415 885 84 22 vuoden
515 885 190 22 hallintosuunnan
721 885 138 21 aiheuttamat
871 885 49 26 epä-

95 914 80 21 kohdat
190 914 171 21 koululaitoksen
377 914 62 21 alalla
453 914 157 27 poistettaisiin.

165 989 33 21 Hr
220 989 181 21 Kokkonen:
431 989 59 21 Minä
511 990 73 26 pyysin
609 988 165 28 puheenvuoroa
796 988 125 21 saadakseni

96 1017 115 21 kannattaa
233 1018 39 20 hra
294 1017 99 27 Hynénin
410 1017 115 22 ehdotusta
540 1018 125 26 lisäykseksi
681 1017 141 21 suomalaisen
838 1016 83 22 mietin-

97 1048 42 19 nön
156 1046 28 21 60
199 1046 77 22 sivulla
291 1046 111 27 löytyvään
418 1048 93 25 ponteen
527 1046 51 22 sekä
593 1046 69 21 hänen
678 1046 161 21 ehdottamansa
854 1045 67 21 komi-

97 1077 48 19 tean
162 1075 138 21 asettamista.
330 1074 115 28 Olkoonpa
460 1075 51 26 niin,
527 1077 43 19 että
585 1075 123 21 valiokunta
718 1075 19 21 ei
748 1074 32 22 ole
792 1074 39 21 sitä
842 1074 79 26 tehnyt,

97 1105 71 19 mutta
180 1103 52 27 joka
247 1103 141 27 tapauksessa
403 1104 38 20 hra
457 1104 100 27 Hynénin
574 1104 92 21 ehdotus
682 1110 27 14 on
725 1104 40 20 sitä
779 1103 77 25 laatua,
872 1102 50 21 ettei

97 1132 49 21 siitä
168 1132 102 21 ainakaan
294 1135 60 19 saata
376 1132 78 22 mitään
479 1132 105 22 vahinkoa
600 1132 70 21 meille
686 1132 77 26 koitua,
779 1133 69 19 mutta
862 1131 60 27 päin-

97 1161 84 20 vastoin
204 1161 94 20 saattaisi
322 1161 42 20 olla
386 1161 50 25 niin,
451 1163 45 19 että
508 1161 35 27 jos
559 1161 76 21 kerran
652 1161 122 21 koulumme
790 1160 132 21 muodostet-

97 1189 71 21 taisiin
184 1189 62 26 siten,
262 1191 43 19 että
320 1195 24 15 se
360 1189 51 21 saisi
426 1189 71 22 lakata
512 1189 104 22 olemasta
627 1187 295 29 venäläistyttämiskokeiden

97 1219 130 24 tantereena,
250 1218 43 21 niin
317 1217 70 22 silloin
411 1218 96 21 saattaisi
529 1218 41 21 olla
593 1218 72 21 toinen
681 1218 51 21 asia.
761 1217 75 21 Emme
852 1216 70 21 nimit-

97 1246 44 21 täin
165 1249 59 18 saata
246 1247 128 20 itseltämme
396 1246 84 22 kukaan
504 1247 41 21 sitä
564 1247 71 25 salata,
652 1247 80 20 niikuin
748 1246 38 21 hra
801 1245 77 27 Hyn6n
895 1251 27 15 on

98 1275 126 27 maininnut,
246 1277 44 19 että
312 1275 169 21 kouluissamme
497 1281 27 15 on
540 1275 127 27 täydellinen
683 1275 120 27 oppilaiden
819 1273 103 27 rääkkäys

97 1303 54 21 ollut
174 1303 92 26 vallalla;
288 1304 50 21 siitä
360 1310 26 15 on
411 1304 109 21 kuulunut
539 1303 113 22 valituksia
667 1303 67 28 pitkin
750 1303 88 26 matkaa,
855 1302 68 27 puhu-

98 1332 121 21 mattakaan
244 1338 37 15 sen
302 1332 74 21 lisäksi
393 1333 53 24 siitä,
463 1333 52 21 mitä
530 1333 89 26 venäjän
635 1332 69 21 kielen
720 1332 118 21 lukemisen
850 1331 74 21 kautta

98 1366 28 16 on
142 1361 135 27 tapahtunut.
308 1361 50 21 Kun
382 1361 77 21 kerran
475 1361 94 27 käydään
587 1361 79 21 käsiksi
682 1361 70 21 näihin
767 1360 97 25 asioihin,
880 1359 44 21 niin

98 1390 98 20 emmekö
219 1396 37 15 saa
277 1390 68 27 käydä
367 1390 66 21 niihin
457 1390 80 21 käsiksi
560 1390 224 27 perinpohjaisemmin
802 1389 51 27 yhtä
868 1388 57 20 tietä.

99 1417 51 21 Sillä
172 1418 71 27 paljon
266 1424 28 16 on
316 1418 108 22 kuulunut
446 1419 67 25 ääniä,
529 1420 43 20 että
587 1418 71 27 pitäisi
674 1418 73 26 tutkia,
762 1418 67 21 missä
844 1416 81 22 määrin

98 1446 156 22 rääkkäämistä
274 1447 22 26 ja
319 1447 121 26 oppilaiden
463 1448 114 25 terveyden
598 1447 196 26 vahingoittamista
809 1452 27 15 on
852 1444 73 27 tapah-

99 1476 64 20 tunut
178 1475 208 27 koulujärjestyksen
402 1475 93 22 mukaan
511 1477 91 20 vuoteen
620 1475 60 21 1901.
710 1475 107 27 Pyytäisin
836 1474 89 21 kannat-

98 1504 35 20 taa
149 1503 39 21 hra
202 1503 100 28 Hyn6nin
318 1503 121 22 ehdotusta.
