1117 1770
84 123 24 16 14
121 123 60 20 april.
385 114 192 34 Rösträttsfrågan.
871 115 43 21 993

85 190 147 27 kaupungissa
248 197 28 15 on
292 191 50 21 noin
358 190 77 26 40,000
451 190 102 22 asukasta
565 190 23 27 ja
603 190 111 21 kuitenkin
731 196 27 15 on
775 190 60 21 siellä
850 196 64 14 vaan-

85 220 51 20 noin
160 219 124 21 tuhannella
304 219 97 26 hengellä
420 219 130 21 valtiollinen
567 219 130 24 äänioikeus,
713 219 37 21 siis
765 218 86 28 yhdellä
863 218 52 26 joka

86 247 244 27 neljästäkymmenestä.
360 247 71 21 Tähän
448 251 50 17 ovat
513 248 56 20 tosin
579 247 106 27 lapsetkin
694 247 75 25 luetut,
778 249 70 19 mutta
856 247 58 21 aina-

86 276 41 21 han
152 282 27 15 ne
202 276 85 21 luetaan
307 276 118 26 joukkoon,
441 276 107 21 silloinkin
569 276 43 21 kun
629 276 218 26 valtiopäivämiesten
863 275 52 21 luku

86 306 129 20 määrätään.
226 317 26 3 —
268 305 61 27 Myös
345 305 106 26 toivoisin,
461 307 43 19 että
512 304 83 22 naisille
605 304 173 27 myönnettäisiin
790 304 124 21 äänioikeus

87 336 38 24 nyt
136 334 31 26 jo.
196 334 26 20 Ei
239 334 33 20 ole
288 334 49 20 liian
353 333 90 21 aikaista
450 334 99 20 tätäkään
563 333 72 21 kohtaa
647 333 86 27 korjata.
763 333 62 27 Myös
834 332 81 27 ikäraja

87 364 59 19 tässä
161 362 156 21 ehdotuksessa
333 368 27 15 on
376 362 50 20 liian
441 362 86 21 korkea.
558 362 150 21 Minkätähden
721 362 41 21 sitä
774 362 57 26 pitää
842 361 72 21 korot-

87 393 35 19 taa
134 391 29 20 24
178 393 97 23 vuoteen,
292 390 43 21 kun
352 390 63 21 tähän
432 390 79 22 saakka
531 397 27 15 on
575 390 96 22 katsottu
687 390 134 21 henkilöiden
838 390 75 20 olevan

87 420 69 25 täysin
180 419 125 26 kypsyneitä
326 419 157 26 yhteiskunnan
505 419 129 21 kansalaisia
652 419 26 21 21
703 419 82 21 vuoden
806 418 107 22 ikäisinä?

86 448 67 21 Tämä
168 449 79 20 tuntuu
262 448 95 21 minusta
367 447 215 22 eriskummalliselta.
613 447 26 22 Se
653 453 27 15 on
689 447 155 27 jonkunlainen
856 446 58 21 taka-

87 476 65 21 askel.

158 505 60 21 Vielä
233 506 56 20 tästä
305 504 148 22 valtiollisesta
468 504 179 22 äänioikeudesta.
678 504 63 21 Miksi
751 504 39 21 sitä
799 504 115 21 tahdotaan

88 536 102 24 perustaa
204 533 138 21 kunnallisiin
365 533 112 21 veroihin?
508 533 64 21 Miksi
588 534 19 20 ei
623 534 40 20 sitä
678 535 110 25 perusteta
803 533 112 20 kruunun-

90 562 96 21 veroon?
217 562 27 21 Se
267 569 28 14 on
311 562 94 21 minusta
420 562 72 27 paljon
511 562 198 27 luonnollisempaa,
725 561 47 22 sillä
787 567 39 16 sen
842 561 74 21 kautta

89 591 88 21 saisivat
192 590 122 27 laajemmat
335 591 196 20 kansankerrokset
549 591 96 20 itselleen
663 590 161 21 äänioikeuden.
856 589 60 22 Kun-

90 619 90 22 nallisen
195 622 167 24 veroperusteen
385 619 79 26 nojalla
476 619 36 27 jää
530 619 62 21 suuri
611 619 82 27 joukko
708 619 128 21 kansalaisia
850 618 66 21 ilman

89 648 151 21 äänioikeutta.
270 648 27 21 Ja
318 648 55 21 vielä
395 648 35 21 voi
452 650 71 19 sattua
545 647 87 25 niinkin,
651 649 43 20 että
717 647 90 26 henkilö,
820 647 53 27 jolla
888 653 28 14 on

90 677 108 26 tarpeeksi
220 677 68 26 tuloja
309 677 129 20 saadakseen
465 677 96 20 itselleen
583 676 160 26 äänioikeuden,
769 677 108 20 sairastuu
894 675 23 26 ja

90 705 56 22 siten
165 707 107 19 menettää
287 705 91 21 tulonsa.
409 705 67 21 Sitten
493 705 41 21 hän
551 711 27 15 on
594 705 65 21 ilman
675 705 150 26 äänioikeutta,
841 703 77 22 vaikka

91 734 40 21 hän
148 734 18 21 ei
184 734 32 21 ole
232 740 38 15 sen
294 733 118 27 pahempaa
430 734 80 27 tehnyt,
526 734 51 21 kuin
593 736 44 19 että
652 740 27 15 on
696 734 135 23 sairastanut.
862 733 55 26 Pyy-

91 763 69 25 täisin,
169 764 45 19 että
228 763 63 26 hyvin
307 762 84 21 arvoisa
406 763 159 26 porvarissääty
577 765 37 24 nyt
629 763 99 26 päättäisi
743 762 108 27 hyväksyä
866 761 50 21 mie-

91 791 75 21 tinnön
183 791 211 25 äänioikeusasiassa,
411 791 96 21 niinkuin
523 793 48 19 eräs
587 791 72 21 toinen
676 793 64 25 sääty,
751 791 105 21 nimittäin
866 796 52 21 pap-

91 820 100 27 pissääty,
200 819 23 27 jo
239 819 82 22 kuuluu
337 819 97 22 tehneen.
451 843 2 2 .

162 877 32 21 Hr
211 877 120 26 Heikel,
354 877 93 21 Felix:
477 877 43 26 Jag
543 877 38 20 har
603 877 46 20 icke
673 877 74 26 begärt
762 877 62 20 ordet
838 876 34 21 för
888 877 32 19 att

91 907 58 25 yttra
165 905 43 26 mig
223 906 7 20 i
246 905 44 25 sak,
305 912 48 14 men
369 911 64 15 anser
449 906 44 26 mig
508 905 60 23 dock,
583 904 33 22 för
631 907 32 19 att
677 905 46 21 icke
738 904 65 22 blifva
823 904 96 22 missför-

94 934 68 26 städd,
185 934 51 28 böra
259 934 48 20 med
331 934 66 26 nägra
419 934 40 21 ord
474 933 161 27 tillkännagifva
650 934 43 20 min
710 934 102 26 ställning
826 934 8 20 i
849 933 72 21 denna

92 962 67 26 fråga.
188 962 70 21 Äfven
280 962 38 27 jag
339 969 64 15 anser
418 962 74 27 frågan
509 969 34 14 om
560 964 128 19 rösträttens
704 962 150 26 utsträckning
869 967 52 15 vara

94 990 47 22 utaf
162 991 41 21 den
220 991 52 21 allra
295 993 80 19 största
397 991 110 27 betydelse
528 991 39 21 och
590 991 107 27 beklagar,
713 993 30 19 att
759 991 40 21 den
815 990 48 22 icke
878 990 42 21 kan

92 1020 88 20 komma
194 1020 31 20 till
242 1020 83 26 slutligt
337 1020 116 26 afgörande
468 1020 36 21 vid
515 1020 70 21 denna
595 1020 108 26 landtdag.
733 1020 46 20 Den
789 1018 131 26 nuvarande,

92 1048 28 27 pä
144 1048 123 21 skatteören
290 1049 51 21 eller
364 1048 80 21 mantal
467 1048 99 21 hvilande
588 1048 120 21 röstskalan
728 1048 41 21 kan
784 1048 47 21 icke
847 1048 74 20 vidare

93 1077 161 26 upprätthällas,
277 1079 51 19 utan
345 1078 38 20 bör
398 1076 107 27 afskaffas,
525 1077 39 21 och
579 1083 42 21 nya
636 1077 81 21 klasser
732 1076 22 22 af
768 1076 152 27 befolkningen

92 1106 54 20 böra
161 1107 63 25 göras
246 1106 106 26 delaktiga
367 1105 22 22 af
402 1107 123 19 rösträtten.
556 1106 61 20 Dock
633 1106 68 20 mäste
713 1106 38 26 jag
766 1108 57 24 säga,
839 1107 33 19 att
884 1104 38 27 jag

93 1140 35 15 ser
151 1134 28 26 pä
201 1134 70 21 denna
286 1134 60 27 fräga
361 1134 49 21 med
423 1134 133 27 väsentligen
573 1134 66 21 andra
655 1136 56 25 ögon
727 1136 25 19 än
768 1134 53 21 flere
836 1133 86 27 föregä-

93 1162 55 21 ende
163 1163 73 21 talare.
264 1163 43 27 Jag
329 1163 40 21 kan
385 1163 46 21 icke
447 1169 52 15 anse
515 1169 26 15 en
557 1162 78 22 allmän
651 1163 40 21 och
706 1163 42 21 lika
763 1164 90 20 rösträtt
868 1164 52 18 utan

93 1191 75 27 hvarje
176 1191 46 27 slag
232 1191 23 21 af
261 1198 78 15 census
347 1198 51 14 vara
406 1194 31 18 ett
448 1192 55 20 ideal
515 1192 7 20 i
535 1191 40 21 och
585 1192 33 20 för
629 1192 34 26 sig
673 1192 38 20 och
723 1194 56 18 ännu
793 1191 85 21 mindre
891 1192 32 19 ett

93 1220 61 25 ideal,
164 1226 46 15 som
219 1226 48 15 man
275 1220 49 21 med
335 1222 30 19 ett
376 1220 55 21 enda
442 1220 81 27 spräng
531 1220 67 21 borde
608 1220 86 21 försöka
705 1220 32 21 nä.
767 1220 74 21 Detär
854 1226 26 14 en
889 1221 33 18 ut-

94 1248 99 27 veckling
213 1248 23 21 af
256 1250 116 19 rösträtten
389 1249 6 20 i
411 1248 146 21 demokratisk
580 1249 95 26 riktning
696 1249 21 20 vi
732 1248 62 21 hafva
816 1247 66 22 behof
896 1247 28 26 af,

94 1283 49 14 men
167 1277 46 21 icke
235 1283 25 15 en
285 1277 125 26 fullständig
428 1277 146 26 omstörtning
589 1277 22 21 af
627 1277 132 21 närvarande
774 1276 150 22 förhållanden

94 1305 52 21 eller
168 1305 24 21 af
212 1306 209 26 representationens
445 1306 199 26 sammansättning.
674 1306 43 21 Det
735 1307 24 20 är
774 1305 27 27 pä
817 1304 107 22 evolutio-

95 1340 54 14 nens
165 1335 42 25 väg
222 1340 48 14 man
287 1334 38 20 när
336 1334 111 26 varaktiga
461 1334 40 21 och
518 1334 63 21 säkra
595 1334 90 21 resultat
696 1334 39 21 och
745 1336 31 18 ett
787 1333 137 21 framätskri-

94 1362 70 21 dande
188 1365 51 18 utan
262 1362 83 21 afbrott
367 1362 39 21 och
428 1365 51 19 utan
504 1362 102 22 reaktion.
636 1363 33 21 En
693 1362 67 27 saklig
775 1361 151 22 diskussion
913 1357 16 37 i

94 1390 75 27 frågan
191 1397 63 15 anser
275 1391 38 27 jag
335 1391 87 21 alldeles
445 1390 108 28 obehöflig
569 1391 34 21 vid
619 1391 59 21 detta
694 1391 87 21 tillfälle.
813 1390 53 21 Dels
884 1389 44 21 tala

94 1419 98 21 däremot
214 1420 26 20 de
262 1419 97 21 formella
381 1420 52 22 skäl,
457 1426 47 14 som
528 1420 34 20 vid
587 1420 163 20 diskussionens
770 1419 76 27 början
863 1418 23 22 af
902 1418 25 21 hr

95 1447 103 21 Boisman
221 1448 106 23 anfördes,
343 1448 46 21 dels
405 1450 23 19 är
444 1448 59 21 tiden
520 1448 65 21 redan
609 1449 25 20 sä
648 1448 60 27 längt
729 1448 150 24 framskriden,
895 1448 33 20 att

94 1476 122 26 ständerna,
239 1476 62 22 äfven
317 1477 48 21 med
384 1477 41 21 den
441 1477 54 21 allra
510 1477 61 21 bästa
587 1477 54 26 vilja,
657 1477 46 21 icke
719 1477 34 21 vid
771 1477 71 20 denna
857 1476 70 20 landt-

94 1504 43 27 dag
152 1504 73 22 kunna
240 1505 150 21 slutbehandla
400 1506 59 20 detta
466 1506 85 20 ärende.
582 1505 147 21 Betänkandet
737 1505 111 21 utdelades
858 1504 70 22 under

833 1550 23 17 63
