1109 1767
196 111 41 21 696
504 116 129 18 Utskottens
646 116 79 18 arbete.
927 116 23 18 17
962 120 62 13 mars.

197 186 131 21 tarkastama
348 185 189 22 mietintöehdotus
553 185 168 22 valiokunnassa
736 184 137 22 molemmilla
887 185 79 21 kielillä
981 187 42 20 tar-

196 214 160 22 kastettavaksi.
384 214 157 22 Julkilausuttu
561 214 24 27 ja
604 216 135 20 vastustusta
757 214 152 21 kohtaamaton
924 214 98 22 aikomus

197 242 166 22 valiokunnassa
377 249 27 15 on
417 243 103 27 järjestää
534 243 120 21 mietinnön
671 242 170 22 valmistaminen
858 242 61 26 siten,
930 244 44 20 että
985 248 38 16 sen

197 273 88 26 säätyyn
307 272 168 21 lähettämisestä
497 272 108 21 voitaisiin
629 273 86 25 päättää
738 270 44 22 niin
805 271 86 27 ajoissa,
912 273 44 20 että
978 272 46 21 asia

197 300 129 22 ehdittäisiin
349 306 68 16 ennen
440 301 25 21 V.
482 300 58 22 J:ssä
561 302 110 26 määrätyn
694 300 175 27 valtiopäiväajan
887 300 137 28 päättymistä

197 329 101 27 säädyille
315 329 70 27 jakaa,
403 329 96 27 pöydälle
515 335 77 21 panna,
608 329 98 21 käsitellä
717 329 24 27 ja
755 328 219 28 yhteensovitellakin,
988 329 36 27 jos

197 364 23 15 se
235 358 154 26 tarpeelliseksi
404 358 73 22 kävisi.

266 415 33 21 Hr
322 415 252 22 Hammarström:
606 416 41 21 Om
670 415 25 21 hr
713 415 62 22 Alins
798 414 159 28 framställning
976 415 48 21 med

197 444 116 27 anledning
330 444 23 21 af
369 444 35 22 det
424 446 47 24 sätt,
488 444 27 27 pä
529 444 83 22 hvilket
627 444 198 22 utskottsarbetena
840 443 33 22 för
889 444 134 22 närvarande

198 472 112 27 bedrifvas,
331 473 69 22 skulle
422 473 61 22 hafva
505 473 112 22 innehållit
637 473 27 21 de
680 473 124 27 sedvanliga
818 473 134 27 klagomälen
970 473 53 27 »jar-

198 503 75 20 rutus>
297 501 40 22 och
359 502 94 27 återigen
479 502 128 27 jarrutus»,
627 501 55 22 hade
698 502 37 27 jag
750 501 33 22 för
799 502 43 21 min
859 501 34 22 del
908 501 116 28 ingalunda

197 529 72 22 funnit
284 531 45 21 skäl
345 533 30 19 att
391 531 62 27 spilla
467 531 40 20 ord
521 531 28 26 pä
565 530 71 28 dylika
651 530 112 27 klagomål.
786 531 50 20 Men
852 531 26 20 dä
894 531 25 20 hr
935 530 49 21 Alin
997 530 27 27 pä

199 561 31 19 ett
246 561 48 25 sätt,
310 565 46 15 som
372 559 67 22 under
455 559 63 22 dessa
533 559 73 27 dagar,
621 559 33 21 för
670 559 65 27 öfrigt
750 559 69 22 under
830 559 84 27 mycket
924 562 100 24 suspecta

197 587 86 26 former,
306 587 37 22 allt
366 594 44 15 mer
433 588 94 27 begynnt
541 588 138 27 praktiseras,
695 588 188 21 sammanblandar
897 587 75 28 frägan
988 593 34 16 om

198 616 70 21 denna
288 617 144 21 arbetsmetod
455 617 48 21 med
525 623 26 14 en
578 617 91 21 särskild
692 617 31 21 uti
746 616 225 28 grundlagsutskottet
993 623 29 14 nu

197 645 100 27 liggande
311 645 66 27 fräga,
392 645 106 28 nämligen
514 645 216 26 rösträttsreformen,
747 646 41 21 kan
802 645 38 27 jag
855 645 46 22 icke
912 645 111 22 underläta

197 675 32 20 att
252 675 77 20 nämna
349 674 66 27 några
430 674 44 21 ord.
503 675 27 20 Jag
560 677 46 18 tror
622 674 44 27 mig
680 674 73 21 kunna
768 674 103 26 försäkra,
887 676 31 19 att
931 674 37 27 jag
983 673 39 22 och

197 702 92 27 mängen
312 709 69 15 annan
401 704 40 20 vän
459 702 22 22 af
499 703 82 21 radikal
599 702 190 25 rösträttsreform,
805 715 27 3 —
848 703 45 25 och,
909 703 55 20 hvad
980 702 43 27 mig

198 730 51 27 själf
269 731 104 26 beträffar,
396 737 26 16 en
445 733 40 20 vän
503 731 23 21 af
543 731 66 22 sådan
633 731 81 22 radikal
732 731 79 22 reform
833 731 28 27 pä
876 731 69 27 grund
960 730 23 22 af
996 737 26 15 en

197 758 148 29 öfvertygelse,
356 766 46 15 som
419 760 90 21 utbildat
524 760 34 27 sig
573 760 60 27 långt
648 760 65 21 innan
729 760 129 27 partimöten
873 759 102 22 fastställt
990 760 32 21 sin

198 788 133 27 ståndpunkt
345 789 7 20 i
365 789 55 21 denn
433 788 72 27 afräga
515 801 26 3 —
553 789 46 21 icke
611 791 110 25 gentemot
731 789 224 27 grundlagsutskottet
966 788 58 22 ställt

197 823 37 15 oss
257 817 28 27 pä
307 817 40 21 den
367 817 138 27 ståndpunkt,
523 823 48 16 som
590 817 25 22 hr
630 817 50 22 Alin
696 818 89 27 intager.
815 818 40 21 Att
869 817 26 22 hr
911 817 113 26 Ståhlberg

197 845 111 28 redogjort
323 845 32 22 för
371 846 83 27 gängen
469 845 23 22 af
505 846 102 21 arbetena
623 846 30 21 uti
670 846 106 21 utskottet
791 848 23 19 är
827 846 24 27 ju
867 852 26 15 en
910 845 112 28 vänlighet,

197 880 47 15 som
265 874 80 21 kanske
364 881 37 15 var
417 875 27 26 pä
459 875 32 21 sin
508 875 61 26 plats,
585 881 49 15 men
649 875 7 21 i
671 875 42 21 alla
727 875 113 21 händelser
855 875 46 21 icke
915 875 29 26 pä
959 874 65 27 nägot

198 904 43 20 sätt
257 909 38 15 var
311 903 127 27 nödvändig,
454 903 29 27 ity
499 906 31 18 att
537 903 26 27 ju
574 909 27 16 en
612 903 174 26 ständsmedlem,
797 910 47 15 som
855 903 79 22 önskar
944 903 80 21 erhälla

197 931 112 22 koncisare
324 932 81 21 notiser
416 934 26 19 än
453 931 45 22 frän
510 932 186 27 tidningsprässen
708 932 45 21 stär
764 932 32 21 till
807 932 55 21 buds
873 938 35 15 om
919 931 104 22 utskotts-

197 959 102 22 arbetena
317 960 121 27 lämpligast
456 961 40 21 kan
512 960 101 22 förskatfa
629 961 33 26 sig
677 961 48 21 dem
742 967 77 21 genom
835 961 84 26 privata
933 960 90 27 förfräg-

197 988 83 27 ningar.
310 989 41 26 Jag
373 991 46 19 tror
442 989 43 26 mig
506 989 67 22 uttala
595 996 26 15 en
645 992 46 19 stor
713 989 34 22 del
766 989 23 22 af
802 988 221 23 rösträttsreformens

198 1018 92 21 vänners
313 1018 31 21 uti
367 1017 58 22 detta
447 1018 62 21 ständ
530 1017 144 28 uppfattning,
693 1018 28 21 dä
736 1018 38 27 jag
793 1020 68 25 säger,
880 1019 32 20 att
927 1017 37 22 det
977 1017 47 22 icke

197 1045 66 22 bland
281 1052 36 15 oss
333 1046 62 21 räder
410 1047 66 26 nägot
491 1046 73 22 tvifvel
580 1053 41 19 om,
637 1049 32 18 att
685 1047 226 27 grundlagsutskottet
925 1046 54 21 skall
987 1046 36 21 be-

197 1073 78 22 handla
283 1075 70 21 denna
360 1075 89 21 likasom
461 1075 82 21 andra
535 1069 13 37 i
554 1075 105 21 samband
669 1075 49 21 med
729 1075 41 21 den
782 1075 101 27 politiska
895 1075 127 26 ställningen

196 1102 47 22 icke
259 1103 88 21 stäende
362 1103 73 27 frägor
450 1103 27 27 pä
492 1104 36 21 det
543 1104 56 21 enda
614 1104 77 26 riktiga
707 1105 71 20 sättet.

267 1161 32 20 Hr
315 1160 114 27 Hynén:
451 1161 42 27 Jag
508 1161 35 21 vill
559 1161 86 27 inlägga
659 1167 26 15 en
703 1167 94 20 gensaga
812 1163 45 19 mot
871 1161 26 21 hr
912 1161 113 21 Hammar-

197 1190 81 20 ströms
293 1189 105 27 yttrande,
413 1192 32 18 att
460 1189 69 22 denna
536 1189 159 27 interpellation
709 1196 52 15 vore
771 1189 64 27 gjord
846 1189 67 22 under
924 1191 100 25 suspecta

195 1217 191 27 omständigheter.
416 1217 94 22 Hvarför
531 1218 61 21 alltid
615 1218 52 21 söka
689 1218 71 27 dåliga
782 1218 66 21 motiv
872 1218 31 21 uti
925 1224 27 15 en
968 1217 56 22 olika

196 1245 120 22 tänkandes
338 1246 39 21 ord
400 1246 39 21 och
460 1246 115 27 handling?
607 1247 87 21 Ganska
716 1247 113 21 bestämda
851 1247 39 20 ord
906 1247 68 20 måste
986 1247 39 26 jag

196 1273 108 28 medgifva
325 1277 32 18 att
376 1275 39 26 jag
437 1275 76 21 uttalat
531 1276 7 20 i
558 1275 92 26 ständet,
669 1281 49 16 men
738 1275 70 27 aldrig
826 1275 39 21 har
877 1275 39 27 jag
930 1275 95 27 angripit

195 1302 72 28 nägon
283 1302 24 22 af
322 1303 57 21 mina
395 1303 145 22 motständare
556 1304 93 26 därmed,
664 1306 33 19 att
712 1304 40 21 han
769 1303 70 22 skulle
854 1303 88 22 handlat
956 1303 68 22 under

197 1334 101 24 suspecta
313 1332 187 27 omständigheter.
530 1332 191 28 Interpellationen
737 1339 38 15 var
791 1332 62 22 enkel
868 1332 40 22 och
923 1332 46 22 klar
984 1332 40 21 och

195 1358 42 23 fick
260 1363 31 18 ett
310 1360 42 21 lika
369 1360 72 22 enkelt
456 1361 39 21 och
510 1361 57 21 klart
582 1368 49 14 svar
647 1361 23 21 af
683 1361 25 21 hr
724 1361 120 27 Stählberg,
859 1360 34 22 för
908 1360 80 22 hvilket
1004 1361 21 21 vi

196 1390 38 19 äro
250 1388 79 22 honom
345 1389 136 22 tacksamma.

267 1446 33 21 Hr
321 1446 250 22 Hammarström:
601 1448 42 26 Jag
664 1447 69 21 finner
752 1447 44 27 mig
811 1447 46 21 åter
873 1447 85 27 engång
972 1446 52 22 nöd-

195 1474 69 21 sakad
279 1477 32 19 att
325 1476 56 20 rätta
393 1476 44 20 min
448 1476 63 21 ärade
522 1482 93 21 grannes
625 1478 44 19 sätt
679 1478 32 19 att
720 1475 96 22 referera
826 1476 58 21 mina
894 1475 132 22 uttalanden.

195 1502 120 27 Angäende
337 1503 25 21 hr
381 1504 61 22 Alins
462 1504 133 27 ständpunkt
610 1504 6 22 i
632 1504 71 22 denna
717 1504 61 28 fräga
792 1504 85 27 yttrade
889 1504 39 27 jag
942 1504 83 25 endast,
