1111 1764
88 120 14 18 7
116 120 59 20 april.
414 120 103 17 Finlands
529 120 63 17 bank.
874 114 40 21 807

159 189 156 21 Diskussionen
331 189 131 21 förklarades
478 188 51 22 härå
543 188 98 27 afslutad,
657 188 106 22 hvarefter
779 188 85 22 ståndet
878 194 37 16 en-

89 218 76 26 hälligt
180 218 69 21 beslöt
264 218 113 26 godkänna
392 218 150 21 betänkandet.

159 360 69 22 Bland
249 361 97 21 ståndets
368 361 137 22 medlemmar
521 362 54 21 hade
591 361 93 22 utdelats
700 361 39 21 och
754 360 112 22 bordlades
882 360 32 22 till

88 391 63 19 nästa
166 389 95 27 plenum:
885 409 3 3 .

159 446 172 22 bankutskottets
347 447 80 27 förslag
442 447 31 21 till
489 447 207 27 sammanjämkning
711 446 23 22 af
742 447 101 21 ständens
856 446 58 27 skilj-

87 474 74 28 aktiga
180 476 71 21 beslut
271 476 35 21 vid
320 476 157 27 behandlingen
499 476 22 21 af
540 476 116 21 utskottets
681 476 133 21 betänkande
829 481 33 15 n:o
880 476 10 20 1
907 475 7 21 i

89 504 115 27 anledning
214 504 22 21 af
244 504 136 22 värkställd
393 505 151 27 granskning
556 504 27 23 af
595 504 115 23 Finlands
724 504 76 23 banks
811 504 103 28 styrelse

88 533 48 22 och
151 533 115 22 tillständ
282 533 67 22 under
365 534 50 21 ären
433 534 150 26 1900—1904;

157 590 174 22 bankutskottets
360 591 134 21 betänkande
517 597 34 15 n:o
572 591 14 21 2
611 591 110 27 angående
744 590 169 28 Längmanska

87 618 137 23 fondernas
243 619 156 28 förvaltning
418 619 47 22 och
481 619 189 28 användningen
686 619 27 22 af
728 619 29 22 de
773 619 140 28 disponibla

88 647 182 27 räntemedlen;

157 705 105 21 särskilda
282 705 207 22 besvärsutskottets
514 705 134 22 betänkande
664 711 34 15 n:o
713 705 14 21 5
741 705 7 21 i
763 705 114 26 anledning
892 703 24 22 af

87 731 52 23 flere
157 733 6 21 i
179 733 26 22 de
220 733 56 22 olika
292 734 89 21 ständen
397 734 75 21 väckta
487 733 183 28 petitionsförslag
685 734 90 21 rörande
790 733 122 22 särskilda

87 767 89 20 genom
185 762 29 21 de
224 763 94 21 senaste
327 762 71 22 ärens
406 763 256 27 förvaltningssystem
672 762 164 22 framkallade
844 762 68 21 miss-

87 789 175 23 förhållanden
278 790 30 29 pä
324 791 184 22 skolväsendets
526 791 112 26 område;
654 791 39 22 och

157 848 171 21 statsutskottets
344 849 133 20 betänkande
492 855 34 14 n:o
542 849 14 20 4
571 849 6 20 i
593 848 115 27 anledning
722 848 20 21 af
759 847 153 28 finansexpedi-

87 876 85 21 tionens
187 877 7 20 i
209 877 113 26 kejserliga
338 879 88 20 senaten
443 877 32 21 för
491 877 89 21 Finland
595 877 32 21 till
638 877 115 22 ständerna
763 876 79 28 afgifna
852 876 61 21 rela-

87 905 54 22 tion
157 911 39 16 om
212 906 160 21 statsvärkets
388 905 123 22 tillstånd.

157 1049 32 21 Hr
210 1044 142 27 Åkesson
375 1050 99 27 uppläste
494 1053 31 18 ett
544 1050 22 21 af
580 1050 78 21 honom
672 1050 66 26 jämte
753 1049 37 21 hrr
806 1048 107 22 Ceder-

87 1077 80 27 berg,
214 1084 73 15 Ansas
309 1078 39 22 och
364 1078 79 28 Spoof
476 1078 169 22 undertecknadt
660 1076 216 30 petitionsmemorial,
892 1076 24 21 af

87 1105 94 28 följande
195 1106 89 28 lydelse:

319 1164 41 21 Till
375 1164 107 27 vällofliga
498 1164 183 27 borgareständet.

159 1221 37 21 Uti
211 1221 101 21 Finlands
329 1222 98 20 ständers
443 1222 147 26 underdäniga
599 1222 89 26 petition
701 1220 129 22 beträffande
844 1220 70 27 ätgär-

88 1250 39 20 der
147 1249 33 21 för
201 1250 41 21 den
263 1250 77 26 lagliga
363 1250 131 27 ordningens
513 1250 151 21 äterställande
680 1250 6 20 i
702 1250 70 21 landet
787 1249 127 25 framhälles,

88 1278 104 21 hurusom
208 1278 27 21 de
250 1279 67 21 under
332 1278 27 22 de
375 1281 73 19 senast
462 1278 102 22 förflutna
579 1279 50 21 ären
641 1281 45 19 mot
696 1278 68 21 finska
773 1278 142 26 medborgare

88 1307 101 27 vidtagna
210 1307 90 27 ingrepp
321 1307 7 21 i
346 1308 110 26 personlig
477 1307 64 21 frihet
561 1307 39 21 och
618 1307 87 26 välfärd,
721 1307 70 21 säsom
810 1306 104 21 landsför-

87 1336 92 26 visning,
198 1336 133 26 deportation
354 1336 31 20 till
401 1336 107 27 Ryssland
527 1342 27 15 m.
570 1342 32 19 m.,
618 1336 83 27 utgjort
718 1342 25 14 en
759 1335 120 26 kränkning
894 1334 24 21 af

87 1364 85 21 landets
193 1364 65 27 lagar.
288 1364 95 21 Numera
403 1364 38 21 har
461 1365 34 20 väl
510 1371 26 15 en
553 1367 45 19 stor
614 1364 33 22 del
662 1364 23 21 af
698 1364 26 21 de
739 1364 89 21 sälunda
843 1363 71 21 lands-

87 1392 110 22 förvisade
217 1392 39 22 och
277 1393 139 26 deporterade
437 1393 82 22 tillätits
538 1393 115 21 ätervända
671 1392 31 22 till
720 1392 130 26 hemlandet;
865 1397 50 16 men

87 1421 24 21 af
128 1427 26 15 en
174 1422 66 21 under
260 1424 85 19 senaste
361 1422 30 21 tid
406 1421 99 22 inträffad
522 1422 100 21 händelse
637 1421 38 22 har
691 1422 35 21 det
741 1421 92 27 tydligen
850 1420 65 21 fram-

88 1450 52 27 gätt,
155 1452 32 19 att
202 1450 46 21 icke
262 1450 42 21 alla
321 1450 26 21 de
362 1456 110 21 personer,
488 1450 71 21 hvilka
574 1450 130 27 godtyckligt
720 1450 139 26 deporterats,
876 1455 39 14 ens

87 1480 59 19 ännu
169 1478 69 21 blifvit
260 1481 56 19 satta
338 1479 6 20 i
366 1478 81 21 tillfälle
469 1482 32 18 att
522 1479 150 26 tillgodonjuta
691 1479 36 20 det
742 1478 67 27 skydd
831 1477 47 22 dem
894 1476 24 22 af

87 1507 80 20 allmän
183 1507 35 27 lag
232 1506 158 23 tillförsäkrats.
