1109 1764
76 111 28 17 23
114 115 62 13 mars.
350 104 287 33 Kommunikationsfonden.
862 105 39 21 727

144 180 122 28 Föredrogs
282 181 39 21 och
336 180 154 26 remitterades,
506 180 6 22 i
528 179 95 28 enlighet
637 179 265 28 med'talmanskonferen-

77 215 49 16 sens
141 208 87 28 förslag,
242 209 31 21 till
289 209 161 22 statsutskottet
465 209 27 21 H.
508 209 26 21 K.
548 209 50 21 M:ts
606 209 35 21 vid
650 211 86 19 senaste
744 208 86 28 plenum
839 209 63 21 bord-

76 238 77 26 laggda
159 238 77 26 nådiga
241 238 133 27 proposition
381 244 35 14 n:o
421 238 27 21 27
454 238 111 26 angående
572 236 328 24 kommunikationsfonden.

144 382 121 27 Föredrogs
288 382 172 22 statsutskottets
476 382 36 22 vid
528 384 85 20 senaste
629 382 89 27 plenum
727 382 133 26 bordlaggda
868 382 35 21 be-

75 410 115 22 tänkande"
205 417 34 15 n:o
259 411 13 21 2
287 412 6 20 i
308 411 117 27 anledning
445 410 23 22 af
484 410 292 28 postsparbanksstyrelsens
796 410 32 21 till
846 413 58 19 stän-

75 440 66 21 derna
148 439 93 27 fafgifna
261 440 89 21 relation
367 446 33 14 om
417 439 223 28 postsparbankens
656 438 115 23 tillstånd
788 438 46 22 och
850 439 54 22 för-

75 468 113 27 valtning
202 468 80 22 under
297 468 59 22 åren
369 468 158 22 1899—1908.

144 526 33 21 Hr
193 526 149 26 Ignatius
358 526 70 21 anhöll
444 532 34 15 om
496 526 62 21 ordet
572 525 39 22 och
627 526 95 26 yttrade:
749 525 42 21 För
806 525 41 21 min
866 520 38 27 del

75 554 38 21 har
138 561 28 20 ag
180 554 112 27 ingenting
306 556 58 19 emot
379 556 32 20 att
426 554 114 27 godkänna
555 554 58 21 detta
624 554 140 23 betänkande,
774 560 49 15 men
834 554 71 22 skulle

79 583 54 21 dock
148 583 69 21 önska
232 582 37 22 här
284 582 110 22 framhålla
410 589 25 15 en
452 583 115 27 synpunkt,
583 589 46 15 som
645 583 7 21 i
668 582 41 22 alla
720 582 71 22 länder
804 583 57 27 gjort
873 583 33 21 sig

80 612 98 26 gällande
193 612 7 20 i
215 611 60 27 fråga
290 618 34 14 om
341 612 223 26 postsparbankernas
575 612 152 26 organisation.
750 611 33 21 Då
794 614 110 24 postspar-

79 640 84 21 banken
183 640 24 21 år
224 640 54 21 1886
294 642 66 20 sattes
375 640 7 21 i
398 640 61 27 gång,
475 640 123 22 bestämdes
614 642 133 19 räntesatsen
764 640 30 21 till
810 640 13 21 3
834 640 27 27 %
878 640 28 28 pä

80 669 26 21 de
121 669 80 21 insatta
216 669 89 21 medlen.
336 669 76 21 Denna
427 671 107 19 räntesats
550 675 38 15 var
603 669 66 21 redan
685 668 66 28 högre
766 670 26 20 än
808 669 6 21 i
829 669 77 27 många

80 698 66 21 andra
162 698 80 25 länder,
258 704 48 14 men
323 698 78 26 ansågs
418 698 54 21 dock
487 698 101 26 betingad
603 697 23 21 af
639 697 159 21 förhållandena
813 698 39 21 hos
864 704 42 15 oss.

80 726 50 21 Man
155 726 81 26 trodde,
260 729 31 18 att
306 726 40 21 den
362 732 52 15 vore
429 726 119 27 tillräcklig,
563 726 89 21 emedan
669 726 5 20 i
690 726 41 21 alla
746 726 35 21 fall
797 728 110 25 postspar-

80 754 97 22 bankens
194 754 96 28 syftemål
306 755 76 21 endast
397 756 24 20 är
436 757 32 19 att
483 755 112 27 hopsamla
610 755 46 21 små
671 754 85 27 kapital,
771 754 33 22 för
819 757 37 23 att,
868 756 38 20 när

81 784 63 20 dessa
158 782 70 22 blifvit
243 783 65 27 något
323 783 72 27 högre,
411 784 79 21 bereda
504 784 131 20 insättarena
653 783 111 27 möjlighet
773 786 31 18 att
814 782 93 28 förflytta

82 812 64 21 dessa
168 812 48 21 sina
238 812 139 27 besparingar
400 812 31 21 till
454 812 81 21 banker
557 812 51 21 eller
630 812 136 27 sparbanker,
785 812 37 21 där
840 812 67 27 högre

81 842 108 20 räntesats
204 840 88 22 lämnas.
313 841 39 21 Att
367 841 186 27 postsparbanken
570 841 60 21 detta
640 840 88 22 oaktadt
738 841 39 21 och
787 840 121 22 oberoende

82 868 23 22 af
126 869 26 21 de
175 869 49 27 låga
244 871 160 19 räntesatserna
420 869 69 21 skulle
504 870 73 20 kunna
592 869 96 25 existera,
704 870 67 26 ansåg
785 876 48 14 man
850 868 57 28 själf-

81 897 64 27 fallet,
156 898 107 21 beroende
274 898 66 27 därpå
351 900 31 19 att
392 898 199 27 postsparbankens
602 898 124 21 motböcker
735 898 5 21 i
750 898 74 27 själfva
834 898 74 21 värket

82 932 53 15 voro
150 926 96 21 utmärkt
260 926 104 22 bekväma
379 926 39 22 och
433 926 73 22 kunde
521 927 109 27 begagnas
646 928 75 20 nästan
738 927 70 21 såsom
820 926 88 22 stående

82 955 97 25 kreditiv,
200 957 22 25 ty
243 961 26 15 en
288 956 103 20 insättare
406 955 38 21 har
457 955 25 27 ju
498 955 111 27 möjlighet
623 957 31 19 att
670 954 51 28 lyfta
736 956 46 20 sina
797 955 68 21 medel
881 955 28 27 på

82 985 52 19 nära
149 990 44 20 nog
208 984 83 20 hvilken
308 985 34 20 ort
357 984 7 20 i
379 984 72 21 landet
467 990 46 15 som
529 984 61 25 hälst,
606 984 38 20 där
660 984 248 27 postsparbankskontor

82 1012 74 21 finnes.
187 1012 70 21 Dessa
272 1012 133 27 synpunkter
422 1012 75 27 gjorde
512 1013 33 26 sig
560 1012 28 22 då
603 1012 103 27 gällande.
730 1012 124 22 Emellertid
869 1012 39 21 har

83 1040 46 22 från
152 1040 198 28 postsparbankens
373 1041 46 21 sida
434 1042 73 20 städse
523 1047 41 21 nya
578 1040 81 27 förslag
674 1041 98 27 uppstått
787 1047 34 15 om
837 1042 70 20 ränte-

83 1069 71 22 fotens
176 1069 98 27 höjande.
304 1070 64 21 Först
390 1069 75 27 höjdes
484 1070 40 21 den
544 1070 31 20 till
591 1070 31 22 3.6
631 1071 34 25 %,
681 1070 65 21 sedan
762 1070 31 20 till
807 1070 15 20 4
832 1070 33 26 %,,
881 1075 26 15 en

84 1100 141 25 procentsats,
245 1104 46 15 som
304 1098 39 27 jag
357 1098 33 21 för
406 1098 43 21 min
466 1098 33 22 del
516 1098 68 22 skulle
598 1104 53 15 anse
666 1098 84 27 mycket
764 1098 32 21 för
811 1098 43 26 hög
869 1098 39 21 och

84 1126 81 21 hvilket
180 1126 61 22 äfven
256 1126 126 26 framkallat,
397 1129 32 19 att
444 1127 71 21 denna
530 1127 79 21 anstalt
623 1126 39 22 här
677 1127 7 21 i
696 1127 48 21 värt
753 1127 49 21 land
812 1126 97 22 äsamkat

84 1157 70 19 staten
170 1155 107 27 betydliga
292 1155 122 25 kostnader,
429 1156 81 21 hvilket
525 1155 45 22 icke
586 1157 23 19 är
624 1155 59 21 fallet
698 1156 145 20 annorstädes.
867 1154 42 28 Jag

84 1184 50 20 ville
149 1183 72 22 därför
236 1184 67 21 uttala
318 1184 36 21 det
369 1184 169 27 önskningsmäl,
553 1186 32 19 att
595 1184 197 27 postsparbankens
803 1183 105 22 direktion

84 1212 124 27 ytterligare
224 1212 68 22 skulle
307 1215 49 24 taga
371 1213 68 21 under
451 1212 143 28 ompröfning,
604 1212 107 22 huruvida
720 1213 46 21 icke
776 1214 133 20 räntesatsen

84 1241 28 26 pä
134 1241 143 27 insättningar
297 1248 30 14 nu
346 1241 66 22 borde
432 1242 116 23 nedsättas,
564 1242 28 27 pä
607 1241 37 22 det
658 1244 32 19 att
704 1243 70 20 större
789 1241 121 26 behällning

85 1269 23 21 af
128 1269 95 22 rörelsen
246 1270 71 21 kunde
340 1270 166 21 ästadkommas.
536 1271 42 26 Jag
592 1272 46 19 tror
656 1269 33 22 för
704 1270 44 21 min
764 1270 33 21 del
812 1269 51 26 icke,
879 1272 31 19 att

85 1298 70 21 denna
172 1299 201 26 räntenedsättning
388 1299 68 20 skulle
472 1299 84 21 minska
571 1299 177 26 insättningarna.
764 1299 24 26 Ej
798 1298 66 21 häller
872 1298 38 21 har

81 1327 39 26 jag
135 1327 83 20 kunnat
232 1326 58 22 finna
304 1327 7 20 i
327 1327 342 27 postsparbanksförvaltningens
685 1327 96 26 relation,
795 1329 31 19 att
844 1327 66 21 sädan

86 1355 97 27 stegring
198 1355 23 21 af
234 1355 79 22 insatta
328 1355 84 27 belopp,
428 1362 47 15 som
492 1362 48 15 man
556 1355 70 22 skulle
636 1356 73 21 kunna
719 1355 111 22 tillskrifva
840 1357 70 19 ränte-

86 1387 84 18 satsens
192 1383 129 28 förhöjning,
344 1384 38 21 har
405 1385 105 26 uppstått,
532 1386 22 25 ty
573 1383 27 22 de
615 1383 147 28 förhöjningar
777 1385 6 20 i
799 1383 112 22 insättnin-

86 1418 71 21 garna,
176 1418 47 15 som
239 1412 135 23 förefunnits,
390 1412 63 22 hafva
468 1413 45 20 helt
528 1413 39 20 och
583 1412 64 21 hället
663 1413 70 21 berott
748 1412 23 22 af
785 1413 67 21 andra
866 1418 46 15 om-

85 1440 153 27 ständigheter.
260 1441 42 26 Jag
316 1444 46 18 tror
377 1441 33 21 för
426 1441 42 21 min
486 1441 39 26 del,
540 1443 32 19 att
582 1441 28 27 pä
620 1441 24 21 sä
654 1441 201 26 öfverhufvudtaget
865 1440 47 21 små

86 1469 84 27 belopp,
194 1475 45 15 som
261 1469 173 27 insättningarna
451 1470 7 20 i
474 1469 186 28 postsparbanken
676 1471 82 26 utgöra,
774 1469 35 22 det
824 1468 88 28 betyder

84 1497 51 27 föga
157 1497 33 21 för
206 1498 136 25 insättarena,
358 1504 34 15 om
409 1500 136 19 räntesatsen
568 1500 23 19 är
610 1498 46 21 litet
672 1500 69 19 större
756 1498 51 21 eller
823 1497 89 21 mindre:
