1114 1767
74 123 26 17 12
113 123 60 20 april.
372 115 236 33 Prässlagstiftningen.
863 118 41 21 897

77 198 49 14 man
143 191 77 21 saknar
235 190 93 23 faktiska
343 191 96 27 exempel
454 191 72 21 såsom
544 191 92 21 konkret
651 192 111 26 underlag.
792 192 63 21 Hvad
868 192 38 26 jag

76 219 89 22 framför
180 220 38 20 allt
240 220 77 21 saknar
340 222 23 19 är
379 226 25 15 en
421 220 152 21 karaktäristik
587 219 23 22 af
623 220 50 21 våra
689 220 217 27 prässmyndigheter,

77 248 63 21 deras
156 248 168 22 kvalifikationer
340 248 40 22 och
396 249 37 21 det
448 250 49 24 sätt,
506 248 83 27 hvarpå
603 248 27 22 de
645 248 98 28 fullgjort
753 249 47 21 sina
811 249 95 27 åliggan-

77 277 49 21 den.
155 277 42 27 Jag
212 277 77 21 saknar
311 283 26 15 en
361 277 151 21 karaktäristik
528 276 23 22 af
564 277 241 27 prässöfverstyrelsens
820 278 86 26 andliga

79 305 171 27 undermålighet
271 306 39 21 och
333 305 59 22 öfver
415 306 249 26 prässombudsmännen
685 306 40 21 och
740 306 62 21 deras
818 308 42 20 sätt
875 308 32 19 att

77 334 64 21 sköta
156 334 46 21 sina
217 334 51 21 värf.
293 334 43 21 Det
351 334 69 21 skulle
436 334 121 27 säkerligen
573 334 66 21 värka
653 335 7 20 i
675 334 77 27 högsta
768 335 53 26 grad
837 334 69 22 öfver-

78 363 93 27 tygande
196 362 65 22 också
275 362 27 28 på
318 369 26 15 en
360 362 91 28 likgiltig
473 363 70 21 läsare
559 365 31 19 att
605 362 58 22 finna
678 363 75 21 krassa
768 363 95 27 exempel
879 363 28 27 på

78 391 28 21 de
121 394 85 19 senaste
222 391 62 21 årens
300 391 167 21 censurhistoria
482 392 37 20 här
535 392 120 25 omnämda,
671 392 26 20 då
715 392 36 20 det
771 392 41 21 kan
823 391 84 22 inträffa

78 419 42 26 fall,
137 420 79 21 sådana
238 426 46 15 som
299 422 15 19 t.
329 426 31 15 ex.
378 423 32 18 att
425 420 66 21 orden
510 420 186 27 »Björneborgska
711 420 123 21 marschen»
852 421 6 20 i
876 422 31 19 ett

78 447 132 28 fullkomligt
232 448 108 27 oskyldigt
363 449 155 26 sammanhang
542 448 121 21 framkallat
688 449 158 26 censurhinder,
867 448 40 22 och

80 477 119 26 händelser,
216 477 79 21 sådana
316 483 47 15 som
378 479 36 24 att,
431 477 27 21 då
473 477 62 21 ordet
550 477 108 21 Belzebub
681 477 95 21 förekom
793 478 7 20 i
815 484 25 15 en
856 480 50 22 text,

80 505 112 28 tidningen
208 505 32 22 får
256 505 153 22 censurhinder
432 506 49 21 med
496 505 129 28 anteckning
643 506 49 21 »allt
707 505 32 22 för
755 506 95 27 tydligt»,
867 506 40 21 och

79 534 38 21 det
140 534 94 21 inträffat
256 534 41 25 fall,
314 535 79 20 sådana
413 541 46 14 som
475 536 31 19 att
522 538 14 17 t.
551 541 31 14 ex.
598 541 26 14 en
640 535 93 20 dementi
748 541 35 14 om
799 537 30 19 att
844 535 63 26 tyska

80 563 138 26 kejsarinnan
242 563 90 21 Fredrik
354 563 46 21 före
421 563 33 21 sin
477 563 41 21 död
534 563 68 26 ingått
617 565 31 19 ett
663 563 156 27 morganatiskt
834 563 72 21 äkten-

80 591 54 27 skap
156 591 137 22 framkallade
314 591 153 22 censurhinder
488 592 49 21 med
560 591 155 28 påteckningen
739 592 169 27 »oanständigt».

81 619 70 22 Dessa
163 620 101 27 exempel,
279 621 7 20 i
301 620 40 21 och
355 620 33 21 för
404 621 33 26 sig
456 621 122 26 bagateller,
593 622 37 19 äro
646 621 81 26 egnade
742 623 31 18 att
788 621 51 24 visa,
855 621 53 20 hvil-

79 648 42 21 ken
146 649 90 21 oerhörd
250 648 70 22 enfald
335 649 39 21 och
390 649 73 26 andlig
477 649 130 27 omogenhet
617 655 117 15 censurens
745 649 163 22 handhafvande

79 677 134 28 ådagalaggt.
234 677 116 27 Exemplen
362 679 37 20 äro
410 677 100 22 hämtade
522 677 47 22 från
579 677 165 22 hufvudstaden.

149 706 45 27 Jag
216 705 68 22 finner
307 707 30 20 uti
360 705 162 28 förteckningen
539 706 58 21 öfver
613 707 26 20 de
655 707 64 20 ärade
733 707 139 20 medlemmar
887 706 23 21 af

80 734 247 27 ständerförsamlingen,
344 741 46 15 som
414 734 63 22 hafva
499 735 109 21 utarbetat
631 735 57 21 detta
704 735 138 25 betänkande,
862 735 46 21 icke

81 763 71 27 någon
168 763 7 21 i
190 764 36 21 det
241 763 39 21 fria
296 763 72 22 ordets
384 763 66 27 tjänst
465 763 109 22 värkande
589 769 78 22 person
684 763 39 22 och
739 770 34 15 ser
786 764 38 27 jag
836 764 72 21 häruti

80 792 67 21 också
174 792 141 27 anledningen
331 792 30 21 till
374 794 31 19 att
420 799 49 14 man
492 792 46 21 icke
553 792 57 21 velat
625 791 55 22 fästa
699 793 23 20 så
737 795 55 18 stort
808 792 100 21 afseende

81 821 35 20 vid
135 821 62 21 dessa
212 821 96 20 enskilda
323 821 41 20 fall.
394 821 42 26 Jag
450 821 151 26 villslutligen,
612 821 49 21 med
677 821 124 26 anslutning
811 821 31 21 till
852 821 57 21 hvad

80 849 26 21 hr
131 849 172 22 Hammarström
325 851 67 25 yttrat
421 849 130 22 beträffande
574 849 41 21 den
637 849 120 22 eventuella
778 849 75 22 chefen
876 849 33 22 för

81 878 176 26 pressärendena,
273 878 87 27 påpeka,
376 880 32 19 att
429 879 12 26 &
465 878 27 21 38
507 879 7 20 i
529 877 215 28 prässförordningen
768 879 93 26 stadgar,
878 880 32 19 att

81 905 144 23 ordföranden
248 906 113 22 förordnas
384 906 23 21 af
429 907 98 26 kejsaren
550 907 27 26 på
597 906 156 27 framställning
773 907 23 21 af
813 907 95 27 general-

81 937 142 24 guvernören,
232 941 46 15 som
294 935 73 21 därvid
382 941 51 21 eger
448 935 55 21 fästa
518 935 101 21 afseende
634 935 45 21 icke
695 935 54 22 blott
765 936 34 21 vid
815 936 93 21 ämbets-

82 964 190 26 mannaduglighet
295 966 50 19 utan
369 964 65 21 också
456 964 39 21 och
517 963 177 28 hufvudsakligen
710 964 27 27 på
752 963 155 22 innehafvande

81 991 67 28 högre
163 992 81 21 litterär
259 993 102 26 bildning.
386 993 73 20 Skulle
471 993 36 20 det
519 993 107 26 värkligen
642 992 89 26 inträffa,
741 996 31 18 att
786 999 26 15 en
828 999 79 20 person

81 1020 24 21 af
119 1021 26 20 de
161 1020 168 22 kvalifikationer
345 1027 46 15 som
403 1021 137 27 Helsingfors
551 1021 124 21 nuvarande
682 1021 148 27 polismästare
839 1021 69 21 blefve

82 1049 89 21 utnämd
187 1049 31 21 till
233 1049 89 27 platsen,
340 1050 24 21 så
379 1050 71 21 kunde
473 1056 49 15 man
546 1050 135 27 sannerligen
703 1049 57 22 finna
784 1050 59 21 detta
858 1056 51 15 vara

82 1083 27 15 en
126 1078 97 27 originell
246 1078 98 27 tolkning
358 1077 22 22 af
394 1079 66 20 orden
486 1079 66 26 högre
575 1079 100 26 bildning,
692 1079 26 20 då
733 1079 70 21 denna
817 1084 91 21 persons

83 1106 66 27 högre
172 1107 95 20 litterära
286 1106 96 27 bildning
404 1107 45 21 icke
466 1110 66 24 yppat
555 1107 33 26 sig
607 1107 28 27 på
649 1110 66 18 annat
731 1109 42 20 sätt
788 1109 27 19 än
830 1113 78 21 genom

84 1135 68 26 några
167 1135 27 27 på
210 1135 56 27 dålig
282 1135 92 22 svenska
389 1135 100 22 affattade
505 1136 209 26 tidningsannonser.

153 1164 42 27 Jag
218 1164 38 21 ber
272 1164 71 21 därför
358 1166 32 19 att
404 1163 21 22 få
440 1165 71 20 såsom
535 1165 117 20 kontentan
667 1164 23 21 af
703 1164 54 21 hvad
770 1164 38 27 jag
823 1164 37 21 här
873 1164 37 27 på-

85 1192 64 27 pekat
164 1193 72 24 uttala,
257 1195 32 18 att
304 1193 36 21 det
360 1193 55 21 hade
436 1193 55 21 varit
506 1193 124 25 önskvärdt,
645 1195 32 19 att
692 1193 104 21 särskilda
811 1193 99 21 besvärs-

85 1221 117 21 utskottets
225 1221 33 21 för
280 1221 66 27 öfrigt
369 1221 154 27 förtjänstfulla
538 1221 39 22 och
593 1221 169 22 beaktansvärda
776 1221 134 22 betänkande

85 1249 47 26 gått
154 1249 89 27 djupare
258 1250 22 21 in
295 1250 28 27 på
337 1250 66 21 saken
425 1250 39 21 och
480 1249 61 28 gifvit
556 1251 6 20 i
578 1250 86 21 korthet
679 1257 25 14 en
721 1250 115 21 öfverblick
851 1249 59 22 öfver

85 1284 117 15 censurens
224 1278 90 21 historia
329 1279 7 20 i
351 1279 90 20 Finland
464 1279 69 21 under
554 1285 77 15 senare
652 1279 29 25 år,
704 1285 26 15 en
753 1279 93 25 historia,
863 1284 47 15 som

85 1307 109 20 sannolikt
208 1307 69 26 aldrig
292 1313 79 15 annars
386 1307 97 21 kommer
499 1309 32 19 att
546 1307 65 21 blitva
627 1307 100 21 skrifven.

155 1364 33 20 Hr
204 1364 81 20 Kari:
315 1364 39 22 Jos
370 1366 62 19 muut
447 1364 72 21 lehdet
535 1364 83 21 meidän
634 1370 142 15 maassamme
789 1367 50 19 ovat
847 1364 64 21 viime

84 1392 87 21 aikoina
194 1392 63 21 olleet
274 1392 96 26 ahtaalla,
385 1393 45 20 niin
453 1394 92 25 työväen
567 1392 72 22 lehdet
661 1395 50 19 ovat
725 1395 58 19 tässä
798 1393 113 21 suhteessa

86 1423 87 18 saaneet
188 1421 71 21 kärsiä
282 1421 54 21 vielä
358 1421 72 27 paljon
446 1423 119 19 enemmän.
595 1421 68 21 Paitsi
678 1422 52 20 niitä
745 1422 71 20 monia
831 1420 81 22 ristirii-

85 1449 62 21 taisia
162 1450 138 26 määräyksiä,
313 1450 54 26 joita
383 1452 61 18 muut
459 1450 73 21 lehdet
547 1453 49 17 ovat
611 1453 92 22 saaneet,
719 1456 27 14 on
763 1452 89 25 työväen
868 1449 44 21 leh-

85 1478 50 21 dille
160 1478 101 27 lähetetty
276 1478 131 26 erityisiäkin
423 1478 94 27 käskyjä.
547 1478 79 26 Niinpä
641 1478 129 21 ilmoitettiin
786 1478 62 21 viime
860 1484 52 14 vuo-

85 1506 42 20 den
143 1506 161 26 maaliskuussa,
326 1508 44 19 että
385 1508 89 25 työväen
492 1507 71 21 lehdet
578 1507 56 21 eivät
649 1513 37 15 saa
698 1507 88 26 julaista
801 1506 112 27 kirjoituk-

823 1546 21 18 57
