1114 1767
75 121 24 17 12
113 121 60 20 april.
364 120 146 18 Statsvärkets
523 118 104 19 tillstånd.
864 110 42 22 873

146 189 43 21 Det
210 191 23 19 är
255 189 89 21 allmänt
366 188 99 24 bekannt,
488 188 31 22 till
535 188 71 21 hvilka
621 187 100 27 åtgärder
737 187 63 21 dessa
815 186 93 22 cirkulär

77 218 40 21 och
131 217 141 27 förfoganden
287 217 63 21 hafva
368 217 111 26 föranledt,
496 217 38 21 och
551 216 73 22 säkert
638 218 30 24 är,
685 217 31 20 att
731 216 40 20 den
780 215 126 27 anordning,

78 252 47 15 som
141 246 54 21 först
211 246 102 21 skenbart
328 246 68 21 skulle
419 248 77 24 trygga
511 245 157 21 allmänhetens
684 244 132 26 rättigheter,
831 243 76 21 nämli-

79 281 40 20 gen
136 277 32 19 att
183 277 146 25 emottagaren
346 274 22 22 af
382 276 31 19 ett
427 274 49 21 bref
490 274 69 22 skulle
574 273 22 22 få
611 280 51 15 vara
677 272 139 25 närvarande,
827 272 27 22 då
864 272 42 21 för-

79 303 113 21 sändelsen
208 304 116 26 öppnades,
340 303 123 21 sedermera
477 303 39 21 bra
531 309 44 20 nog
590 302 44 22 ofta
644 302 70 21 blifvit
724 300 114 22 förbisedd.
864 301 43 21 Det

77 331 116 22 förefinnes
210 332 112 21 bevisbara
342 332 39 21 och
396 332 101 21 bevisade
512 331 42 26 fall,
570 333 31 19 att
616 330 145 22 försändelser
776 329 44 21 helt
835 329 72 21 enkelt

78 361 115 27 borttagits
208 360 33 22 för
257 360 165 27 undersökning,
438 362 52 20 utan
506 362 31 19 att
552 362 148 24 emottagaren
715 358 45 26 fått,
776 358 132 21 åtminstone

79 389 32 21 till
127 396 25 14 en
168 389 82 27 början,
265 389 121 21 kännedom
409 389 80 21 därom.
521 389 66 21 Detta
611 388 49 21 med
682 388 82 26 hänsyn
780 386 32 22 till
828 393 26 15 en
869 386 38 22 all-

79 420 50 19 män
144 418 89 27 princip,
250 424 46 15 som
311 418 39 21 här
366 418 67 21 under
456 418 152 21 diskussionen
628 417 90 21 berörts.
749 416 64 20 Hvad
828 415 32 21 för
876 414 30 22 öf-

79 447 43 26 rigt
137 446 25 22 hr
178 446 90 28 Hynéns
284 446 136 27 andragande
435 446 106 26 beträffar,
558 446 24 21 så
598 445 74 26 skulle,
688 444 100 22 särskildt
803 444 55 22 hvad
873 446 33 19 ut-

80 475 95 21 talandet
189 482 36 14 om
241 476 40 20 den
297 474 97 22 officiella
408 475 116 27 itidningen
540 474 140 25 vidkommer,
694 473 70 22 finnas
778 472 84 28 mycket
876 474 32 20 att

80 504 92 27 tillägga,
188 510 48 15 men
255 504 38 26 jag
316 504 69 21 skulle
410 504 50 26 vilja
481 503 118 23 hemställa,
616 509 34 15 om
673 502 46 22 icke
742 502 58 21 detta
820 503 42 19 sätt
876 503 34 19 att

80 532 110 22 diskutera
214 532 145 22 betänkandet
373 532 7 21 i
395 532 76 27 själfva
494 532 70 21 välket
587 534 23 18 är
634 533 31 19 att
680 530 105 22 öfverföra
800 530 108 26 menings-

81 561 84 27 utbytet
179 561 32 21 till
227 561 229 27 specialdiskussionen
472 562 7 20 i
495 561 71 21 stället
576 560 34 22 för
629 563 30 18 att
672 560 118 21 detsamma
801 566 29 14 nu
841 558 68 22 borde

80 590 67 21 hållas
163 590 36 21 vid
215 590 36 21 det
265 590 113 21 allmänna.

150 647 47 21 Den
213 647 106 21 allmänna
334 647 151 21 diskussionen
501 646 118 22 afslutades
629 646 94 26 härmed,
734 645 106 22 hvarefter
851 644 58 22 stån-

81 675 37 22 det
133 675 107 27 öfvergick
256 676 31 20 till
303 676 199 27 detaljgranskning
518 675 22 21 af
552 675 151 21 betänkandet.

151 732 123 22 Utskottets
297 732 109 22 uttalande
429 732 68 22 under
521 732 100 22 rubriken
647 732 184 21 »Statsinkomst»
857 732 51 26 god-

81 761 102 22 känndes.

151 813 76 21 Under
248 812 101 22 rubriken
374 812 156 28 »Statsutgift>
562 812 140 28 godkänndes
718 812 139 22 uttalandena
872 818 37 15 an-

84 841 82 27 gäende
181 841 68 21 första
264 841 39 22 och
318 841 67 21 andra
399 841 151 21 hufvudtiteln.

151 892 137 22 Beträffande
303 893 68 27 tredje
386 892 143 22 hufvudtiteln
546 893 49 21 med
610 892 71 22 därtill
696 892 94 22 hörande
806 895 33 19 tre
849 898 61 16 reso-

82 921 163 27 lutionsförslag
260 922 12 20 ä
287 922 87 21 sidorna
388 922 28 20 45
432 922 40 21 och
487 922 27 21 46
530 922 6 20 i
552 921 144 21 betänkandet
711 921 71 21 anhöll

152 973 26 21 hr
222 973 146 21 Durchman
384 979 34 15 om
439 973 62 21 ordet
514 973 39 21 och
568 973 95 27 yttrade:
694 973 50 21 Kun
767 973 143 21 valiokunnan

83 1001 112 21 kertomus
211 1004 58 19 tässä
277 1002 149 26 pääkohdassa
435 1008 26 15 on
472 1002 49 21 näin
528 1002 60 27 pitkä
590 1002 24 26 ja
620 1008 23 15 se
650 1002 110 21 kuitenkin
766 1001 78 21 koskee
850 1007 60 15 mon-

83 1033 23 18 ta
114 1030 96 27 erityistä
218 1031 58 21 asiaa
279 1030 24 27 ja
310 1031 54 21 siinä
374 1036 26 16 on
414 1031 112 27 useampia
536 1030 96 25 lauseita,
642 1030 61 28 joilla
716 1037 26 14 on
754 1032 111 19 enemmän
880 1030 30 20 tai

83 1058 127 22 vähemmän
220 1065 84 21 ponnen
313 1062 80 22 muoto,
399 1059 23 27 ja
430 1059 43 21 kup
483 1066 43 14 nuo
534 1059 72 21 kolme
614 1061 76 25 pontta
698 1059 38 21 siv.
745 1059 27 21 48
779 1071 15 2 —
801 1058 34 26 49,
844 1058 67 21 mitkä

83 1090 82 24 ponnet
187 1087 139 22 kohdistuvat
348 1088 63 21 tähän
436 1088 154 27 pääluokkaan,
613 1090 50 19 ovat
686 1088 64 26 hyvin
772 1086 138 28 lyhykäisesti

83 1116 96 26 laaditut,
195 1116 43 21 niin
255 1116 62 21 olisin
333 1116 108 28 esittänyt,
457 1118 45 20 että
516 1117 42 21 itse
574 1116 140 22 mietinnössä
725 1122 27 15 ne
762 1116 96 27 erityiset
865 1116 45 26 pai-

83 1144 37 22 kat
135 1144 85 22 olisivat
235 1144 147 27 harvennetut,
394 1145 69 27 joissa
479 1152 27 14 on
523 1151 86 21 ponnen
620 1145 90 27 tapaisia
720 1145 96 21 lauseita.
847 1144 64 22 Sama

83 1173 118 21 muistutus
217 1173 81 21 koskisi
313 1175 61 25 myös
390 1174 112 21 seuraavia
518 1174 102 26 pitempiä
635 1174 134 26 pääluokkia.
799 1173 33 21 En
844 1172 66 22 tahdo

83 1204 72 19 suotta
170 1202 86 21 luetella
271 1202 52 21 niitä
338 1202 104 28 paikkoja,
455 1202 71 27 joissa
541 1202 100 21 tällainen
656 1202 123 21 harvennus
790 1201 121 22 mielestäni

83 1230 48 22 olisi
154 1232 95 26 tarpeen.
279 1231 39 21 Jos
337 1231 120 21 esittämäni
476 1232 88 20 muutos
580 1233 154 19 tunnustetaan
749 1230 161 28 tarpeelliseksi,

83 1259 69 21 voisin
169 1259 50 21 sitte
235 1259 92 27 helposti
343 1260 97 25 osoittaa,
456 1260 67 21 missä
538 1259 80 21 kohdin
634 1266 23 14 se
673 1260 47 20 olisi
736 1259 135 27 tarpeellista.

84 1338 3 4 N
152 1310 33 21 Hr
208 1310 160 22 talmannen:
401 1310 63 28 Kyllä
487 1311 81 27 käynee
590 1310 107 22 vaikeaksi
719 1312 85 26 päättää
826 1310 84 25 asiasta,

79 1338 61 27 jollei
156 1339 85 21 erittäin
257 1341 81 24 sanota,
348 1340 67 20 missä
430 1339 87 27 paikoin
534 1339 116 21 tuollainen
666 1342 87 18 muutos
762 1339 47 21 olisi
819 1338 91 27 tarpeel-

82 1367 64 21 linen.
176 1368 67 20 Mitkä
259 1368 72 26 paikat
346 1368 85 21 olisivat
446 1368 96 27 puhujan
558 1368 98 21 mielestä
671 1367 190 22 harvennettavat?

151 1418 35 22 Hr
202 1419 184 21 Durchman:
417 1419 107 22 Sellainen
540 1419 78 27 paikka
633 1426 27 14 on
676 1420 60 21 esim.
755 1420 38 20 siv.
810 1419 19 21 8.
860 1418 50 22 Nuo

81 1447 72 22 kolme
174 1448 131 26 kappaletta:
337 1456 9 11 »
350 1448 95 27 Venäjän
469 1448 69 21 kielen
561 1448 129 27 käytäntöön
710 1448 116 21 ottaminen
842 1447 67 21 asiain

81 1476 138 27 käsittelyssä
229 1476 119 22 senaatissa.
363 1482 27 16 on
400 1476 37 22 siis
446 1476 94 27 lisännyt
548 1476 108 22 vuotuisia
665 1476 85 28 menoja
757 1476 50 22 noin
818 1476 93 26 234,000

81 1504 122 22 markkaa».
240 1505 180 21 —>Talousosaston
436 1505 248 27 varapuheenjohtajalle
696 1505 23 27 ja
738 1505 99 27 jäsenille
860 1504 52 22 sekä
