1109 1745
84 112 16 17 8
112 112 60 21 april
357 102 299 35 Värnepliktsförfattningen.
872 104 43 23 775

227 283 158 34 Måndagen
403 283 56 26 den
477 283 17 27 3
513 282 76 35 april
606 282 41 27 kl.
665 282 16 29 2
700 290 23 19 e.
741 290 36 19 m.

154 364 42 22 Vid
211 363 126 22 värkställdt
352 370 83 21 upprop
451 363 106 22 befunnos
573 363 142 22 frånvarande
729 363 37 22 hrr
781 362 134 23 Fredrik

83 393 146 26 Jansson,
250 393 162 27 Holmberg,
428 392 103 27 Savön,
543 392 174 22 Carlström
729 392 184 26 ochLabbart,

85 421 72 22 hvilka
174 422 80 21 anmält
272 422 76 21 sådant
370 421 81 26 hinder,
473 428 47 15 som
535 422 8 20 i
557 421 131 27 protokollet
709 421 33 21 för
761 421 40 21 den
820 421 28 21 24
863 421 49 21 sist-

85 449 58 22 lidne
155 449 86 28 januari
257 451 23 20 är
299 449 134 30 antecknadt,
451 450 36 21 hrr
509 450 115 27 August
645 449 136 22 Jus6lius
803 449 40 22 och
865 449 48 22 Su-

84 479 121 25 melius,
221 479 27 27 pä
264 479 70 26 grund
349 478 22 21 af
384 479 90 27 tidigare
484 479 122 21 meddeladt
617 479 101 25 tillstånd,
730 478 37 21 hrr
786 478 9 21 B
824 478 87 21 oisman

84 507 41 22 och
147 507 114 26 Luoma,
283 507 72 22 hvilka
379 507 80 22 anmält
480 507 115 26 förhinder,
618 509 57 20 samt
692 507 25 21 hr
733 507 80 26 Kari,
829 512 46 16 som
890 505 24 22 af

84 535 100 28 sjukdom
200 542 38 16 var
253 536 90 21 hindrad
357 538 32 19 att
404 535 80 22 infinna
499 537 39 26 sig.

153 695 117 28 Upplästes
286 695 31 22 till
329 695 110 28 justering
453 696 40 22 och
501 696 139 27 godkänndes
649 698 78 20 tvänne
738 697 78 26 utdrag
826 702 25 15 ur
861 695 50 22 bor-

84 724 150 27 gareständets
249 725 36 21 vid
301 726 85 20 senaste
401 725 87 27 plenum
503 725 62 22 förda
580 725 114 27 protokoll.

153 885 156 25 Antecknades,
331 887 31 19 att
383 884 47 22 frän
453 885 140 22 medständen
614 885 88 22 anländt
717 885 104 22 särskilda
836 887 74 25 proto-

83 913 141 28 kollsutdrag.

154 1051 33 21 Hr
212 1051 122 21 talmannen
359 1051 40 21 och
424 1051 85 22 ståndet
532 1053 57 20 reste
614 1051 39 27 sig,
679 1051 106 22 hvarefter
799 1050 110 28 upplästes

83 1079 34 22 till
132 1079 90 22 ständen
237 1079 114 22 öfversänd
370 1079 69 28 styrkt
454 1079 158 28 öfversättning
626 1079 23 22 af
661 1079 55 22 hans
731 1079 119 28 Kejserliga
865 1079 46 22 Ma-

80 1107 80 28 jestäts
176 1108 77 27 nädiga
268 1107 99 22 manifest
381 1108 110 27 angäende
507 1108 149 22 inställande
672 1108 139 22 tillsvidare
821 1107 28 22 af
858 1106 52 23 till-

84 1136 160 27 lämpningen
263 1137 28 21 af
308 1137 337 28 värnepliktsförfattningen
661 1137 28 22 af
701 1137 47 22 den
764 1137 28 22 12
804 1136 50 29 juli
869 1136 41 28 (29

81 1139 71 58 juni)
166 1165 64 27 1901,
245 1165 90 28 lydande
351 1165 119 22 detsamma
485 1165 73 22 säsom
573 1165 72 28 följer:

815 1256 96 19 Käännös.

112 1325 36 21 Me
169 1324 125 22 NIKOLAI
316 1325 78 26 toinen,
410 1325 100 22 Jumalan
532 1327 101 25 armosta,
648 1325 56 21 koko
720 1324 161 28 Venäjänmaan

242 1353 79 22 keisari
333 1354 22 27 ja
370 1353 125 26 itsevaltias,
510 1354 147 21 Puolanmaan
673 1354 70 26 tsaari,

325 1382 157 22 Suomenmaan
498 1383 165 25 suuriruhtinas,

381 1417 19 22 y.
416 1417 34 20 m.,
465 1418 19 21 y.
500 1417 33 20 m.,
547 1418 20 21 y.
582 1417 27 15 m.

152 1467 101 22 Teemme
268 1469 59 20 täten
342 1467 129 28 tiettäväksi,
487 1470 44 19 että
545 1468 42 26 Me,
603 1470 104 19 suostuen
729 1467 94 22 Suomen
835 1466 74 22 valtio-

83 1495 97 28 säätyjen
195 1495 126 22 alamaiseen
337 1496 120 27 esitykseen
474 1497 238 21 suuriruhtinaanmaan
729 1495 181 22 sotilaslaitoksen
