1106 1764
75 118 13 17 7
99 117 52 17 febr.
256 117 127 20 Kränkning
395 117 24 16 af
428 117 298 20 landtdagsmannarättighet.
861 109 37 22 621

193 230 142 35 Tisdagen
354 231 55 26 den
428 232 15 25 7
462 231 126 27 februari
608 231 39 26 kl.
666 231 34 27 12
720 238 24 26 p.
762 230 26 26 d.

147 300 41 22 Vid
204 300 126 22 värkställdt
345 307 85 21 upprop
446 300 106 22 befunnos
567 300 143 22 frånvarande
726 300 36 21 hrr
798 300 105 21 Fredrik

77 330 143 24 Jansson,
247 329 176 26 Holmberg,
447 329 105 26 Savön,
576 329 174 21 Carlström
776 328 39 22 och
837 328 65 21 Lab-

78 358 74 24 bart,
176 358 71 21 hvilka
267 358 80 21 anmält
368 358 77 21 sädant
467 358 81 26 hinder,
564 364 47 15 som
627 360 23 18 är
666 358 128 20 antecknadt
809 358 6 20 i
830 359 73 25 proto-

78 386 66 22 kollet
165 386 33 21 för
221 387 38 21 den
284 387 28 20 24
334 386 97 22 sistlidna
450 387 90 27 januari,
563 389 55 19 samt
640 386 37 21 hrr
699 386 149 27 Bergman
864 385 39 21 och

79 415 87 21 Felix
188 415 117 22 Heikel,
328 415 105 21 hvardera
451 415 31 21 till
502 415 53 27 följd
577 415 23 21 af
621 415 105 27 sjukdom,
748 415 108 21 äfvensom
878 414 25 20 hr

79 444 114 21 Arthur
210 444 143 26 Castrén,
369 444 28 26 pä
412 444 69 26 grund
496 444 23 21 af
532 444 91 26 tidigare
638 444 89 20 erhållet
743 443 99 21 tillstånd.

148 576 115 27 Upplästes
286 576 31 20 till
336 576 108 27 justering
466 576 44 22 och'
528 576 123 27 godkändes
668 576 103 21 särskilda
787 576 77 26 utdrag
879 581 25 15 ur

80 605 188 27 borgareständets
284 604 35 22 vid
334 607 86 19 senaste
435 605 87 27 plenum
538 604 61 22 förda
614 604 112 28 protokoll.

149 737 33 20 Hr
198 736 145 22 talmannen
360 737 129 22 meddelade,
505 740 31 18 att
552 737 93 27 följande
655 738 63 26 plena
728 737 66 27 enligt
805 736 99 22 talmans-

80 764 154 22 konferensens
255 765 71 21 beslut
341 765 85 21 komme
441 768 32 19 att
488 766 66 21 hällas
569 766 101 26 fredagen
687 766 41 20 den
745 766 26 20 10
786 765 39 21 och
841 765 63 21 tisda-

80 800 40 20 gen
138 794 40 21 den
196 794 26 20 14
236 794 144 21 innevarande
394 794 94 22 februari
503 795 27 21 kl.
548 796 12 20 7
576 800 18 15 e.
610 801 26 14 m.

151 926 32 21 Hr
202 926 156 21 talmannen
375 926 99 27 uppläste
489 932 26 15 en
530 926 46 21 frän
593 926 53 21 hans
662 926 104 22 excellens
782 926 124 27 generalgu-

82 956 103 20 vernören
207 954 30 22 till
256 955 26 21 hr
304 955 240 21 vicelandtmarskalken
565 954 77 22 afläten
658 955 39 21 och
713 954 22 22 af
749 955 68 21 denne
834 954 31 21 till
882 954 24 20 hr

80 983 123 21 talmannen
219 983 112 21 öfversänd
348 983 111 22 skrifvelse
474 983 22 21 af
509 984 93 26 följande
617 984 88 27 lydelse:

752 1081 87 17 Käännös.

164 1106 232 20 SUOMENMAAN

84 1142 391 24 KENRAALIKUVERNÖÖRI.

201 1206 168 18 HELSINGISSÄ
532 1208 118 21 Ritariston
669 1208 23 26 ja
713 1208 111 21 aateliston
847 1207 62 20 herra

147 1248 124 17 Tänäkin
282 1248 24 17 DY
392 1266 7 3 N
600 1235 240 23 varamaamarsalkalle.

155 1277 114 17 Helmikuun
281 1277 13 16 3
316 1271 19 16 Y'
350 1265 54 18 1905.

242 1329 26 17 AA.
281 1328 39 18 698.

154 1386 144 27 Kirjelmänne
311 1385 101 27 johdosta
428 1385 94 22 kuluvan
538 1385 84 21 vuoden
639 1385 132 21 tammikuun
785 1385 14 20 5
812 1383 97 28 päivältä,

80 1415 54 26 joka
155 1415 80 21 koskee
258 1415 145 20 edusmiesten
424 1415 117 21 Janssonin
562 1414 22 27 ja
607 1413 118 22 Karlsonin
741 1413 101 22 valitusta
857 1418 53 16 san-

85 1443 174 22 tarmikunnan
275 1443 193 21 viranomaisten
479 1442 195 22 rettelöimisistä
685 1442 57 21 heitä
749 1442 99 25 kohtaan,
859 1447 50 15 saan

84 1471 104 22 ilmoittaa
210 1471 62 22 herra
286 1471 240 26 varamaamarsalkalle,
542 1473 43 19 että
600 1473 59 19 tässä
674 1471 78 21 kohdin
768 1477 28 14 on
812 1469 98 28 tapahtu-

85 1502 39 19 nut
139 1500 99 21 ilmeinen
254 1500 160 27 väärinkäsitys,
430 1500 68 21 koska
508 1499 216 22 Maarianhaminasta
736 1499 103 21 Turkuun
851 1498 58 21 ulko-
