1109 1764
79 122 27 16 10
118 121 52 16 febr.
425 114 143 34 Utskottsval.
869 115 40 20 627

150 191 37 21 att,
206 192 51 18 enär
271 190 38 21 hrr
325 190 116 22 Carlström
458 190 39 21 och
513 189 77 27 Savon,
606 189 72 22 hvilka
693 191 85 24 utsetts,
794 189 41 21 den
853 189 58 21 förra

81 218 32 21 till
135 218 94 21 ledamot
251 218 40 22 och
313 219 40 21 den
372 224 75 16 senare
467 218 31 22 till
514 218 116 28 suppleant
644 218 7 21 i
663 218 247 28 järnvägsutskottet,

82 246 165 28 tillkännagifvit
265 247 36 21 det
316 248 26 20 de
358 246 116 22 tillsvidare
489 247 87 21 komme
591 249 32 19 att
637 246 78 22 afhålla
731 247 34 26 sig
779 246 46 22 från
841 246 68 22 landt-

82 275 133 27 dagsarbete,
231 277 49 19 utse
295 282 26 15 en
337 276 68 26 tredje
420 276 39 20 och
474 282 26 15 en
511 275 69 27 fjärde
591 276 116 26 suppleant
717 275 6 21 i
734 275 78 21 nämda
822 274 89 22 utskott.

154 304 70 21 Sedan
239 304 52 21 härå
305 304 124 28 ytterligare
444 304 132 26 antecknats,
592 306 32 19 att
639 304 22 21 af
670 304 26 22 de
707 304 110 26 elektorer,
828 303 82 22 hvilkas

82 334 43 20 rätt
132 332 73 22 kunde
213 332 87 22 beröras
307 332 23 22 af
336 333 40 21 den
384 333 5 21 i
397 332 207 22 ofvanomförmälda
610 332 184 28 petitionsförslag
803 334 108 26 upptagna

81 360 67 28 fråga,
164 360 129 28 ifrågasatts,
308 361 106 21 huruvida
429 362 26 20 de
471 368 52 15 voro
537 361 81 27 jäfviga
633 363 31 19 att
679 361 85 27 deltaga
779 361 31 21 uti
825 361 56 21 valet
891 360 22 22 af

84 390 139 26 suppleanter
237 390 8 20 i
260 390 105 21 särskilda
385 390 202 26 besvärsutskottet,
606 396 48 15 men
670 389 69 28 öfriga
755 390 105 21 elektorer
875 396 36 14 an-

82 420 48 24 sett,
146 420 32 20 att
193 418 66 27 något
269 418 75 22 hinder
355 419 6 20 i
372 419 59 21 detta
441 418 100 22 afseende
551 418 48 22 icke
608 418 88 28 förelåg,
707 418 75 22 skreds
793 418 32 22 till
835 418 76 27 ifråga-

83 447 94 21 varande
192 447 218 27 kompletteringsval,
426 447 89 21 hvarvid
531 447 38 21 hrr
584 448 67 20 Ernst
664 447 124 21 Dahlström
799 447 38 21 och
848 447 63 21 Lind-

82 482 51 15 roos
148 476 105 21 hvardera
268 476 80 21 erhöllo
365 476 98 26 samtliga
477 476 28 21 20
521 478 76 19 röster.

152 504 42 22 Vid
217 504 92 22 härefter
333 504 62 22 skedt
417 504 34 22 val
473 504 23 22 af
516 505 140 27 suppleanter
676 505 7 20 i
695 504 216 27 järnvägsutskottet,

83 532 84 22 tillföllo
188 533 147 21 nedannämda
357 533 215 22 ståndsmedlemmar
587 533 94 27 följande
696 533 57 21 antal
769 534 69 20 röster
853 534 58 19 näm-

83 562 66 26 ligen:

84 624 32 21 till
138 624 69 27 tredje
230 624 123 28 suppleant:
379 625 37 21 hrr
437 625 72 21 Ansas
530 626 33 25 11,
585 624 88 22 Alfthan
697 625 12 21 6
731 624 39 22 och
786 624 97 28 Rydman
899 624 14 21 2

153 654 70 20 röster
238 655 56 19 samt
308 653 25 21 hr
349 654 108 21 Helander
474 654 10 20 1
500 655 57 24 röst;

83 682 33 21 till
136 681 69 27 fjärde
227 682 122 26 suppleant:
372 682 35 21 hrr
423 682 97 27 Rydman
536 682 20 26 9,
572 681 88 22 Alfthan
675 682 13 21 8
704 682 39 21 och
759 681 40 22 Löf
814 682 13 21 2
843 683 69 19 röster

154 712 56 20 samt
225 710 25 21 hr
265 710 108 22 Helander
390 712 10 20 1
417 712 52 20 röst.

154 767 96 22 Emedan
273 768 35 21 vid
327 768 142 21 nästberörda
483 768 34 21 val
533 768 87 21 absolut
635 768 108 26 majoritet
757 768 46 21 icke
818 766 94 26 vunnits,

84 796 117 21 anställdes
222 796 76 26 omval,
316 796 88 22 hvarvid
420 796 25 22 hr
460 796 87 22 Alfthan
564 796 69 22 erhöll
650 797 25 20 11
691 796 40 22 och
746 796 25 21 hr
787 796 96 27 Rydman
899 795 14 21 9

84 826 76 20 röster.

154 882 32 20 På
201 882 70 27 grund
286 881 23 22 af
322 882 26 21 de
363 882 153 27 försiggångna
531 882 62 21 valen
609 888 52 15 voro
678 882 63 21 alltså
756 881 99 22 utsedda:

324 968 9 20 i
348 968 109 21 särskilda
473 968 203 22 besvärsutskottet:

85 1024 51 21 till
175 1024 187 28 suppleanter
388 1024 33 22 för
444 1024 131 27 behandling
594 1024 23 22 af
629 1024 126 22 förenämda
769 1023 146 29 petitionsför-

156 1052 55 28 slag:
235 1053 36 21 hrr
286 1053 68 22 Ernst
369 1053 124 21 Dahlström
509 1053 40 22 och
565 1053 116 27 Lindroos;
697 1055 56 20 samt

381 1139 11 21 i
401 1139 225 28 järnvägsutskottet:

88 1196 173 27 tilltredje
277 1196 177 27 suppleant:
477 1196 26 21 hr
518 1197 73 21 Ansas
607 1196 39 22 och

88 1224 54 21 till
156 1224 105 28 fjärde
277 1225 177 27 suppleant:
477 1224 25 22 hr
519 1225 95 22 Alfthan.

701 1293 23 18 In
737 1293 64 18 fidem:

650 1329 26 21 A.
693 1328 23 21 V.
732 1328 115 28 Lindberg.

160 1476 121 27 Föredrogs
303 1482 26 15 en
351 1475 46 22 frän
419 1477 43 27 lag-
483 1477 39 21 och
541 1477 208 22 ekonomiutskottet
763 1477 78 22 anländ
857 1476 62 22 skrif-

92 1505 58 21 velse
165 1504 23 22 af
201 1504 92 27 följande
309 1505 88 27 lydelse:
