1117 1770
76 131 24 16 15
112 130 61 20 april.
344 124 289 33 Landtdagsmannaarvode.
849 124 54 22 1051

74 198 69 28 jättää
157 198 164 28 hyvinarvoisan
338 200 79 26 säädyn
432 199 160 26 harkittavaksi,
607 200 47 21 eikö
670 200 84 21 voitaisi
766 199 76 22 katsoa
852 199 52 21 koh-

77 227 121 22 tuulliseksi
219 229 95 20 määrätä
335 228 172 26 päiväpalkkioni
524 228 26 21 15
566 228 113 26 markaksi,
702 234 96 16 samassa
815 230 89 26 nöyryy-

78 256 63 21 dessä
148 256 160 26 huomauttaen,
320 258 44 20 että
374 256 108 27 palkkioni
493 256 112 22 edellisillä
614 256 50 22 4:1lä
675 256 151 28 valtiopäivillä
836 256 69 22 talon-

77 284 187 28 poikaissäädyssä
279 291 27 15 on
322 285 54 21 ollut
392 285 27 21 16
434 285 102 22 markkaa
551 285 99 27 päivältä.

147 342 143 28 Helsingissä,
306 342 27 22 15
348 344 49 25 p:nä
412 342 82 22 huhtik.
525 342 61 22 1905.

668 399 27 21 K.
711 399 125 21 Kokkonen.

614 439 91 22 Kajaanin
718 439 55 23 kaup.
786 438 96 19 edusmies.

148 519 182 28 Borgareständet
353 519 75 27 beslöt,
449 521 32 20 att
496 519 26 22 hr
537 519 127 26 Kokkonen,
678 519 8 22 i
701 519 109 27 egenskap
825 519 23 21 af
861 525 46 15 om-

78 548 45 21 bud
138 548 32 22 för
186 548 84 27 Kajana
285 549 48 21 stad
348 548 36 22 vid
398 548 146 21 innevarande
558 548 109 27 landtdag,
682 548 60 27 egde,
757 547 94 22 förutom
864 547 42 22 den

78 576 80 22 honom
181 576 161 22 tillkommande
362 577 121 27 ersättning
497 576 33 22 för
545 576 147 26 resekostnad,
711 576 150 27 tillgodonjuta
876 578 31 19 ett

80 605 79 22 arvode
174 605 22 22 af
209 605 82 22 femton
306 605 61 22 mark
382 605 32 22 för
429 605 75 27 hvarje
520 605 42 27 dag
576 605 130 27 landtdagen
722 607 60 19 varat
797 604 51 22 eller
859 604 47 22 frän

80 634 40 22 och
134 634 50 21 med
199 634 41 22 den
256 634 14 21 6
285 634 111 22 december
420 634 55 22 1904
497 634 32 21 till
548 634 39 22 och
602 634 49 21 med
667 634 70 21 denna
752 634 50 26 dag;
818 633 89 22 hvarom

80 662 200 28 protokollsutdrag
294 663 69 21 skulle
378 663 32 21 till
425 663 25 21 hr
466 662 121 22 Kokkonen
603 662 103 22 utfärdas.

149 806 92 22 Plenum
256 806 74 22 afslöts
346 806 28 22 kl.
390 806 53 27 10,40
457 806 14 21 f.
488 812 26 16 m.

700 846 23 18 In
735 845 69 19 fidem
794 841 14 32 :

637 887 25 20 A.
685 885 23 22 V.
724 885 114 28 Lindberg.
