<?xml version="1.0" encoding="UTF-8"?>
<alto xmlns="http://www.loc.gov/standards/alto/ns-v3#" xmlns:xlink="http://www.w3.org/1999/xlink" xmlns:xsi="http://www.w3.org/2001/XMLSchema-instance" xsi:schemaLocation="http://www.loc.gov/standards/alto/ns-v3# http://www.loc.gov/alto/v3/alto-3-0.xsd">
	<Description>
		<MeasurementUnit>pixel</MeasurementUnit>
		<sourceImageInformation>
			<fileName>/tmp/tess_lj752yg1_input.PNG</fileName>
		</sourceImageInformation>
		<OCRProcessing ID="OCR_0">
			<ocrProcessingStep>
				<processingSoftware>
					<softwareName>tesseract 5.3.4</softwareName>
				</processingSoftware>
			</ocrProcessingStep>
		</OCRProcessing>
	</Description>
	<Layout>
		<Page WIDTH="1109" HEIGHT="1767" PHYSICAL_IMG_NR="0" ID="page_0">
			<PrintSpace HPOS="0" VPOS="0" WIDTH="1109" HEIGHT="1767">
				<ComposedBlock ID="cblock_0" HPOS="78" VPOS="108" WIDTH="834" HEIGHT="32">
					<TextBlock ID="block_0" HPOS="78" VPOS="108" WIDTH="834" HEIGHT="32">
						<TextLine ID="line_0" HPOS="78" VPOS="108" WIDTH="834" HEIGHT="32">
							<String ID="string_0" HPOS="78" VPOS="116" WIDTH="30" HEIGHT="16" WC="0.86" CONTENT="23"/><SP WIDTH="12" VPOS="116" HPOS="108"/>
							<String ID="string_1" HPOS="120" VPOS="120" WIDTH="63" HEIGHT="12" WC="0.96" CONTENT="mars."/><SP WIDTH="164" VPOS="120" HPOS="183"/>
							<String ID="string_2" HPOS="347" VPOS="111" WIDTH="300" HEIGHT="29" WC="0.90" CONTENT="Värnepliktsförfattningen."/><SP WIDTH="224" VPOS="111" HPOS="647"/>
							<String ID="string_3" HPOS="871" VPOS="108" WIDTH="41" HEIGHT="22" WC="0.91" CONTENT="753"/>
						</TextLine>
					</TextBlock>
				</ComposedBlock>
				<GraphicalElement ID="cblock_1" HPOS="78" VPOS="141" WIDTH="834" HEIGHT="9"></GraphicalElement >
				<ComposedBlock ID="cblock_2" HPOS="76" VPOS="183" WIDTH="838" HEIGHT="1002">
					<TextBlock ID="block_1" HPOS="76" VPOS="183" WIDTH="836" HEIGHT="193">
						<TextLine ID="line_1" HPOS="81" VPOS="183" WIDTH="831" HEIGHT="27">
							<String ID="string_4" HPOS="81" VPOS="184" WIDTH="44" HEIGHT="21" WC="0.96" CONTENT="Det"/><SP WIDTH="16" VPOS="184" HPOS="125"/>
							<String ID="string_5" HPOS="141" VPOS="186" WIDTH="23" HEIGHT="18" WC="0.96" CONTENT="är"/><SP WIDTH="16" VPOS="186" HPOS="164"/>
							<String ID="string_6" HPOS="180" VPOS="184" WIDTH="106" HEIGHT="26" WC="0.93" CONTENT="nämligen"/><SP WIDTH="16" VPOS="184" HPOS="286"/>
							<String ID="string_7" HPOS="302" VPOS="184" WIDTH="47" HEIGHT="21" WC="0.91" CONTENT="icke"/><SP WIDTH="18" VPOS="184" HPOS="349"/>
							<String ID="string_8" HPOS="367" VPOS="184" WIDTH="100" HEIGHT="25" WC="0.92" CONTENT="bekannt,"/><SP WIDTH="15" VPOS="184" HPOS="467"/>
							<String ID="string_9" HPOS="482" VPOS="186" WIDTH="32" HEIGHT="19" WC="0.93" CONTENT="att"/><SP WIDTH="15" VPOS="186" HPOS="514"/>
							<String ID="string_10" HPOS="529" VPOS="183" WIDTH="163" HEIGHT="27" WC="0.92" CONTENT="ifrägavarande"/><SP WIDTH="15" VPOS="183" HPOS="692"/>
							<String ID="string_11" HPOS="707" VPOS="184" WIDTH="86" HEIGHT="26" WC="0.93" CONTENT="tvängs-"/><SP WIDTH="16" VPOS="184" HPOS="793"/>
							<String ID="string_12" HPOS="809" VPOS="184" WIDTH="51" HEIGHT="21" WC="0.93" CONTENT="eller"/><SP WIDTH="16" VPOS="184" HPOS="860"/>
							<String ID="string_13" HPOS="876" VPOS="184" WIDTH="36" HEIGHT="20" WC="0.93" CONTENT="be-"/>
						</TextLine>
						<TextLine ID="line_2" HPOS="82" VPOS="212" WIDTH="830" HEIGHT="27">
							<String ID="string_14" HPOS="82" VPOS="212" WIDTH="195" HEIGHT="27" WC="0.86" CONTENT="straffningsmedel"/><SP WIDTH="22" VPOS="212" HPOS="277"/>
							<String ID="string_15" HPOS="299" VPOS="212" WIDTH="68" HEIGHT="22" WC="0.92" CONTENT="skulle"/><SP WIDTH="23" VPOS="212" HPOS="367"/>
							<String ID="string_16" HPOS="390" VPOS="212" WIDTH="63" HEIGHT="21" WC="0.96" CONTENT="hafva"/><SP WIDTH="21" VPOS="212" HPOS="453"/>
							<String ID="string_17" HPOS="474" VPOS="212" WIDTH="91" HEIGHT="21" WC="0.96" CONTENT="kommit"/><SP WIDTH="22" VPOS="212" HPOS="565"/>
							<String ID="string_18" HPOS="587" VPOS="212" WIDTH="32" HEIGHT="21" WC="0.96" CONTENT="till"/><SP WIDTH="23" VPOS="212" HPOS="619"/>
							<String ID="string_19" HPOS="642" VPOS="212" WIDTH="138" HEIGHT="27" WC="0.96" CONTENT="användning"/><SP WIDTH="15" VPOS="212" HPOS="780"/>
							<String ID="string_20" HPOS="795" VPOS="213" WIDTH="68" HEIGHT="21" WC="0.92" CONTENT="under"/><SP WIDTH="16" VPOS="213" HPOS="863"/>
							<String ID="string_21" HPOS="879" VPOS="218" WIDTH="33" HEIGHT="15" WC="0.92" CONTENT="se-"/>
						</TextLine>
						<TextLine ID="line_3" HPOS="81" VPOS="240" WIDTH="830" HEIGHT="28">
							<String ID="string_22" HPOS="81" VPOS="243" WIDTH="63" HEIGHT="19" WC="0.92" CONTENT="naste"/><SP WIDTH="22" VPOS="243" HPOS="144"/>
							<String ID="string_23" HPOS="166" VPOS="241" WIDTH="61" HEIGHT="25" WC="0.93" CONTENT="tider,"/><SP WIDTH="20" VPOS="241" HPOS="227"/>
							<String ID="string_24" HPOS="247" VPOS="241" WIDTH="20" HEIGHT="21" WC="0.92" CONTENT="d."/><SP WIDTH="16" VPOS="241" HPOS="267"/>
							<String ID="string_25" HPOS="283" VPOS="248" WIDTH="18" HEIGHT="14" WC="0.96" CONTENT="v."/><SP WIDTH="17" VPOS="248" HPOS="301"/>
							<String ID="string_26" HPOS="318" VPOS="248" WIDTH="16" HEIGHT="14" WC="0.96" CONTENT="s."/><SP WIDTH="17" VPOS="248" HPOS="334"/>
							<String ID="string_27" HPOS="351" VPOS="240" WIDTH="52" HEIGHT="22" WC="0.92" CONTENT="efter"/><SP WIDTH="17" VPOS="240" HPOS="403"/>
							<String ID="string_28" HPOS="420" VPOS="240" WIDTH="131" HEIGHT="28" WC="0.92" CONTENT="afgifvandet"/><SP WIDTH="15" VPOS="240" HPOS="551"/>
							<String ID="string_29" HPOS="566" VPOS="240" WIDTH="23" HEIGHT="22" WC="0.96" CONTENT="af"/><SP WIDTH="14" VPOS="240" HPOS="589"/>
							<String ID="string_30" HPOS="603" VPOS="241" WIDTH="41" HEIGHT="21" WC="0.96" CONTENT="den"/><SP WIDTH="17" VPOS="241" HPOS="644"/>
							<String ID="string_31" HPOS="661" VPOS="242" WIDTH="59" HEIGHT="20" WC="0.93" CONTENT="stora"/><SP WIDTH="15" VPOS="242" HPOS="720"/>
							<String ID="string_32" HPOS="735" VPOS="241" WIDTH="124" HEIGHT="27" WC="0.91" CONTENT="petitionen,"/><SP WIDTH="17" VPOS="241" HPOS="859"/>
							<String ID="string_33" HPOS="876" VPOS="247" WIDTH="35" HEIGHT="15" WC="0.96" CONTENT="om"/>
						</TextLine>
						<TextLine ID="line_4" HPOS="81" VPOS="268" WIDTH="831" HEIGHT="28">
							<String ID="string_34" HPOS="81" VPOS="270" WIDTH="73" HEIGHT="21" WC="0.96" CONTENT="hvilka"/><SP WIDTH="22" VPOS="270" HPOS="154"/>
							<String ID="string_35" HPOS="176" VPOS="269" WIDTH="57" HEIGHT="27" WC="0.96" CONTENT="slags"/><SP WIDTH="23" VPOS="269" HPOS="233"/>
							<String ID="string_36" HPOS="256" VPOS="269" WIDTH="177" HEIGHT="27" WC="0.95" CONTENT="tvångsåtgärder"/><SP WIDTH="22" VPOS="269" HPOS="433"/>
							<String ID="string_37" HPOS="455" VPOS="276" WIDTH="29" HEIGHT="14" WC="0.96" CONTENT="nu"/><SP WIDTH="16" VPOS="276" HPOS="484"/>
							<String ID="string_38" HPOS="500" VPOS="272" WIDTH="97" HEIGHT="18" WC="0.96" CONTENT="närmast"/><SP WIDTH="16" VPOS="272" HPOS="597"/>
							<String ID="string_39" HPOS="613" VPOS="271" WIDTH="22" HEIGHT="19" WC="0.92" CONTENT="är"/><SP WIDTH="15" VPOS="271" HPOS="635"/>
							<String ID="string_40" HPOS="650" VPOS="268" WIDTH="65" HEIGHT="28" WC="0.95" CONTENT="fråga."/><SP WIDTH="32" VPOS="268" HPOS="715"/>
							<String ID="string_41" HPOS="747" VPOS="270" WIDTH="10" HEIGHT="20" WC="0.95" CONTENT="I"/><SP WIDTH="16" VPOS="270" HPOS="757"/>
							<String ID="string_42" HPOS="773" VPOS="270" WIDTH="41" HEIGHT="21" WC="0.96" CONTENT="alla"/><SP WIDTH="14" VPOS="270" HPOS="814"/>
							<String ID="string_43" HPOS="828" VPOS="270" WIDTH="37" HEIGHT="21" WC="0.93" CONTENT="fall"/><SP WIDTH="15" VPOS="270" HPOS="865"/>
							<String ID="string_44" HPOS="880" VPOS="269" WIDTH="32" HEIGHT="21" WC="0.96" CONTENT="får"/>
						</TextLine>
						<TextLine ID="line_5" HPOS="76" VPOS="298" WIDTH="836" HEIGHT="27">
							<String ID="string_45" HPOS="76" VPOS="298" WIDTH="42" HEIGHT="27" WC="0.96" CONTENT="jag"/><SP WIDTH="20" VPOS="298" HPOS="118"/>
							<String ID="string_46" HPOS="138" VPOS="298" WIDTH="97" HEIGHT="21" WC="0.96" CONTENT="meddela"/><SP WIDTH="22" VPOS="298" HPOS="235"/>
							<String ID="string_47" HPOS="257" VPOS="298" WIDTH="25" HEIGHT="21" WC="0.90" CONTENT="hr"/><SP WIDTH="24" VPOS="298" HPOS="282"/>
							<String ID="string_48" HPOS="306" VPOS="298" WIDTH="115" HEIGHT="21" WC="0.90" CONTENT="Karvonen"/><SP WIDTH="23" VPOS="298" HPOS="421"/>
							<String ID="string_49" HPOS="444" VPOS="298" WIDTH="31" HEIGHT="21" WC="0.96" CONTENT="till"/><SP WIDTH="16" VPOS="298" HPOS="475"/>
							<String ID="string_50" HPOS="491" VPOS="298" WIDTH="136" HEIGHT="27" WC="0.96" CONTENT="upplysning,"/><SP WIDTH="17" VPOS="298" HPOS="627"/>
							<String ID="string_51" HPOS="644" VPOS="300" WIDTH="31" HEIGHT="19" WC="0.96" CONTENT="att"/><SP WIDTH="15" VPOS="300" HPOS="675"/>
							<String ID="string_52" HPOS="690" VPOS="298" WIDTH="74" HEIGHT="27" WC="0.96" CONTENT="frågan"/><SP WIDTH="17" VPOS="298" HPOS="764"/>
							<String ID="string_53" HPOS="781" VPOS="305" WIDTH="34" HEIGHT="14" WC="0.92" CONTENT="om"/><SP WIDTH="17" VPOS="305" HPOS="815"/>
							<String ID="string_54" HPOS="832" VPOS="298" WIDTH="80" HEIGHT="27" WC="0.92" CONTENT="vägrad"/>
						</TextLine>
						<TextLine ID="line_6" HPOS="82" VPOS="326" WIDTH="830" HEIGHT="28">
							<String ID="string_55" HPOS="82" VPOS="327" WIDTH="86" HEIGHT="27" WC="0.92" CONTENT="lysning"/><SP WIDTH="22" VPOS="327" HPOS="168"/>
							<String ID="string_56" HPOS="190" VPOS="327" WIDTH="28" HEIGHT="26" WC="0.96" CONTENT="på"/><SP WIDTH="20" VPOS="327" HPOS="218"/>
							<String ID="string_57" HPOS="238" VPOS="333" WIDTH="30" HEIGHT="15" WC="0.96" CONTENT="nu"/><SP WIDTH="15" VPOS="333" HPOS="268"/>
							<String ID="string_58" HPOS="283" VPOS="326" WIDTH="112" HEIGHT="27" WC="0.96" CONTENT="ifrågasatt"/><SP WIDTH="16" VPOS="326" HPOS="395"/>
							<String ID="string_59" HPOS="411" VPOS="327" WIDTH="69" HEIGHT="26" WC="0.96" CONTENT="grund"/><SP WIDTH="16" VPOS="327" HPOS="480"/>
							<String ID="string_60" HPOS="496" VPOS="333" WIDTH="44" HEIGHT="21" WC="0.96" CONTENT="nog"/><SP WIDTH="15" VPOS="333" HPOS="540"/>
							<String ID="string_61" HPOS="555" VPOS="327" WIDTH="62" HEIGHT="21" WC="0.96" CONTENT="torde"/><SP WIDTH="16" VPOS="327" HPOS="617"/>
							<String ID="string_62" HPOS="633" VPOS="327" WIDTH="86" HEIGHT="21" WC="0.95" CONTENT="komma"/><SP WIDTH="15" VPOS="327" HPOS="719"/>
							<String ID="string_63" HPOS="734" VPOS="326" WIDTH="31" HEIGHT="22" WC="0.95" CONTENT="till"/><SP WIDTH="16" VPOS="326" HPOS="765"/>
							<String ID="string_64" HPOS="781" VPOS="327" WIDTH="131" HEIGHT="27" WC="0.96" CONTENT="behandling"/>
						</TextLine>
						<TextLine ID="line_7" HPOS="81" VPOS="355" WIDTH="404" HEIGHT="21">
							<String ID="string_65" HPOS="81" VPOS="356" WIDTH="34" HEIGHT="20" WC="0.96" CONTENT="uti"/><SP WIDTH="15" VPOS="356" HPOS="115"/>
							<String ID="string_66" HPOS="130" VPOS="357" WIDTH="32" HEIGHT="19" WC="0.96" CONTENT="ett"/><SP WIDTH="15" VPOS="357" HPOS="162"/>
							<String ID="string_67" HPOS="177" VPOS="357" WIDTH="64" HEIGHT="19" WC="0.93" CONTENT="annat"/><SP WIDTH="16" VPOS="357" HPOS="241"/>
							<String ID="string_68" HPOS="257" VPOS="355" WIDTH="228" HEIGHT="21" WC="0.92" CONTENT="ständerbetänkande."/>
						</TextLine>
					</TextBlock>
					<TextBlock ID="block_2" HPOS="77" VPOS="383" WIDTH="837" HEIGHT="802">
						<TextLine ID="line_8" HPOS="152" VPOS="383" WIDTH="760" HEIGHT="28">
							<String ID="string_69" HPOS="152" VPOS="384" WIDTH="64" HEIGHT="21" WC="0.96" CONTENT="Hvad"/><SP WIDTH="15" VPOS="384" HPOS="216"/>
							<String ID="string_70" HPOS="231" VPOS="384" WIDTH="65" HEIGHT="21" WC="0.96" CONTENT="sedan"/><SP WIDTH="16" VPOS="384" HPOS="296"/>
							<String ID="string_71" HPOS="312" VPOS="384" WIDTH="25" HEIGHT="20" WC="0.93" CONTENT="hr"/><SP WIDTH="16" VPOS="384" HPOS="337"/>
							<String ID="string_72" HPOS="353" VPOS="384" WIDTH="61" HEIGHT="20" WC="0.90" CONTENT="Alins"/><SP WIDTH="16" VPOS="384" HPOS="414"/>
							<String ID="string_73" HPOS="430" VPOS="384" WIDTH="117" HEIGHT="21" WC="0.95" CONTENT="anförande"/><SP WIDTH="16" VPOS="384" HPOS="547"/>
							<String ID="string_74" HPOS="563" VPOS="383" WIDTH="107" HEIGHT="27" WC="0.96" CONTENT="beträffar,"/><SP WIDTH="17" VPOS="383" HPOS="670"/>
							<String ID="string_75" HPOS="687" VPOS="384" WIDTH="24" HEIGHT="21" WC="0.96" CONTENT="så"/><SP WIDTH="16" VPOS="384" HPOS="711"/>
							<String ID="string_76" HPOS="727" VPOS="384" WIDTH="36" HEIGHT="21" WC="0.96" CONTENT="ber"/><SP WIDTH="12" VPOS="384" HPOS="763"/>
							<String ID="string_77" HPOS="775" VPOS="384" WIDTH="43" HEIGHT="27" WC="0.96" CONTENT="jag,"/><SP WIDTH="17" VPOS="384" HPOS="818"/>
							<String ID="string_78" HPOS="835" VPOS="385" WIDTH="26" HEIGHT="21" WC="0.96" CONTENT="då"/><SP WIDTH="13" VPOS="385" HPOS="861"/>
							<String ID="string_79" HPOS="874" VPOS="384" WIDTH="38" HEIGHT="27" WC="0.96" CONTENT="jag"/>
						</TextLine>
						<TextLine ID="line_9" HPOS="82" VPOS="412" WIDTH="830" HEIGHT="27">
							<String ID="string_80" HPOS="82" VPOS="415" WIDTH="24" HEIGHT="19" WC="0.96" CONTENT="är"/><SP WIDTH="22" VPOS="415" HPOS="106"/>
							<String ID="string_81" HPOS="128" VPOS="413" WIDTH="6" HEIGHT="21" WC="0.94" CONTENT="i"/><SP WIDTH="24" VPOS="413" HPOS="134"/>
							<String ID="string_82" HPOS="158" VPOS="412" WIDTH="81" HEIGHT="22" WC="0.94" CONTENT="tillfälle"/><SP WIDTH="22" VPOS="412" HPOS="239"/>
							<String ID="string_83" HPOS="261" VPOS="412" WIDTH="76" HEIGHT="26" WC="0.96" CONTENT="därtill,"/><SP WIDTH="19" VPOS="412" HPOS="337"/>
							<String ID="string_84" HPOS="356" VPOS="415" WIDTH="31" HEIGHT="18" WC="0.96" CONTENT="att"/><SP WIDTH="15" VPOS="415" HPOS="387"/>
							<String ID="string_85" HPOS="402" VPOS="412" WIDTH="21" HEIGHT="21" WC="0.96" CONTENT="få"/><SP WIDTH="15" VPOS="412" HPOS="423"/>
							<String ID="string_86" HPOS="438" VPOS="412" WIDTH="110" HEIGHT="22" WC="0.96" CONTENT="framhålla"/><SP WIDTH="16" VPOS="412" HPOS="548"/>
							<String ID="string_87" HPOS="564" VPOS="413" WIDTH="37" HEIGHT="21" WC="0.96" CONTENT="det"/><SP WIDTH="15" VPOS="413" HPOS="601"/>
							<String ID="string_88" HPOS="616" VPOS="413" WIDTH="146" HEIGHT="26" WC="0.96" CONTENT="oberättigade"/><SP WIDTH="16" VPOS="413" HPOS="762"/>
							<String ID="string_89" HPOS="778" VPOS="414" WIDTH="31" HEIGHT="20" WC="0.95" CONTENT="uti"/><SP WIDTH="14" VPOS="414" HPOS="809"/>
							<String ID="string_90" HPOS="823" VPOS="416" WIDTH="32" HEIGHT="19" WC="0.92" CONTENT="att"/><SP WIDTH="16" VPOS="416" HPOS="855"/>
							<String ID="string_91" HPOS="871" VPOS="413" WIDTH="41" HEIGHT="21" WC="0.92" CONTENT="till-"/>
						</TextLine>
						<TextLine ID="line_10" HPOS="82" VPOS="440" WIDTH="830" HEIGHT="29">
							<String ID="string_92" HPOS="82" VPOS="442" WIDTH="44" HEIGHT="21" WC="0.95" CONTENT="vita"/><SP WIDTH="21" VPOS="442" HPOS="126"/>
							<String ID="string_93" HPOS="147" VPOS="448" WIDTH="42" HEIGHT="19" WC="0.96" CONTENT="oss,"/><SP WIDTH="17" VPOS="448" HPOS="189"/>
							<String ID="string_94" HPOS="206" VPOS="448" WIDTH="46" HEIGHT="15" WC="0.95" CONTENT="som"/><SP WIDTH="16" VPOS="448" HPOS="252"/>
							<String ID="string_95" HPOS="268" VPOS="441" WIDTH="37" HEIGHT="21" WC="0.96" CONTENT="här"/><SP WIDTH="16" VPOS="441" HPOS="305"/>
							<String ID="string_96" HPOS="321" VPOS="441" WIDTH="7" HEIGHT="21" WC="0.93" CONTENT="i"/><SP WIDTH="15" VPOS="441" HPOS="328"/>
							<String ID="string_97" HPOS="343" VPOS="440" WIDTH="242" HEIGHT="29" WC="0.90" CONTENT="ständerförsamlingen"/><SP WIDTH="16" VPOS="440" HPOS="585"/>
							<String ID="string_98" HPOS="601" VPOS="440" WIDTH="63" HEIGHT="22" WC="0.95" CONTENT="hafva"/><SP WIDTH="15" VPOS="440" HPOS="664"/>
							<String ID="string_99" HPOS="679" VPOS="441" WIDTH="44" HEIGHT="22" WC="0.96" CONTENT="fört"/><SP WIDTH="14" VPOS="441" HPOS="723"/>
							<String ID="string_100" HPOS="737" VPOS="441" WIDTH="54" HEIGHT="22" WC="0.91" CONTENT="fram"/><SP WIDTH="16" VPOS="441" HPOS="791"/>
							<String ID="string_101" HPOS="807" VPOS="444" WIDTH="105" HEIGHT="25" WC="0.91" CONTENT="rättssyn-"/>
						</TextLine>
						<TextLine ID="line_11" HPOS="81" VPOS="469" WIDTH="831" HEIGHT="29">
							<String ID="string_102" HPOS="81" VPOS="471" WIDTH="124" HEIGHT="27" WC="0.96" CONTENT="punkterna"/><SP WIDTH="15" VPOS="471" HPOS="205"/>
							<String ID="string_103" HPOS="220" VPOS="470" WIDTH="38" HEIGHT="21" WC="0.96" CONTENT="och"/><SP WIDTH="17" VPOS="470" HPOS="258"/>
							<String ID="string_104" HPOS="275" VPOS="470" WIDTH="73" HEIGHT="21" WC="0.96" CONTENT="därvid"/><SP WIDTH="16" VPOS="470" HPOS="348"/>
							<String ID="string_105" HPOS="364" VPOS="469" WIDTH="44" HEIGHT="22" WC="0.96" CONTENT="ofta"/><SP WIDTH="16" VPOS="469" HPOS="408"/>
							<String ID="string_106" HPOS="424" VPOS="470" WIDTH="45" HEIGHT="21" WC="0.96" CONTENT="haft"/><SP WIDTH="16" VPOS="470" HPOS="469"/>
							<String ID="string_107" HPOS="485" VPOS="471" WIDTH="59" HEIGHT="21" WC="0.96" CONTENT="svårt"/><SP WIDTH="15" VPOS="471" HPOS="544"/>
							<String ID="string_108" HPOS="559" VPOS="472" WIDTH="32" HEIGHT="19" WC="0.93" CONTENT="att"/><SP WIDTH="16" VPOS="472" HPOS="591"/>
							<String ID="string_109" HPOS="607" VPOS="470" WIDTH="100" HEIGHT="27" WC="0.92" CONTENT="bestyrka"/><SP WIDTH="10" VPOS="470" HPOS="707"/>
							<String ID="string_110" HPOS="717" VPOS="471" WIDTH="50" HEIGHT="20" WC="0.96" CONTENT="våra"/><SP WIDTH="14" VPOS="471" HPOS="767"/>
							<String ID="string_111" HPOS="781" VPOS="471" WIDTH="131" HEIGHT="26" WC="0.96" CONTENT="påståenden"/>
						</TextLine>
						<TextLine ID="line_12" HPOS="81" VPOS="498" WIDTH="831" HEIGHT="28">
							<String ID="string_112" HPOS="81" VPOS="499" WIDTH="51" HEIGHT="22" WC="0.95" CONTENT="med"/><SP WIDTH="14" VPOS="499" HPOS="132"/>
							<String ID="string_113" HPOS="146" VPOS="499" WIDTH="133" HEIGHT="26" WC="0.93" CONTENT="handlingar,"/><SP WIDTH="10" VPOS="499" HPOS="279"/>
							<String ID="string_114" HPOS="289" VPOS="511" WIDTH="25" HEIGHT="2" WC="0.92" CONTENT="—"/><SP WIDTH="17" VPOS="511" HPOS="314"/>
							<String ID="string_115" HPOS="331" VPOS="505" WIDTH="46" HEIGHT="14" WC="0.96" CONTENT="som"/><SP WIDTH="13" VPOS="505" HPOS="377"/>
							<String ID="string_116" HPOS="390" VPOS="499" WIDTH="39" HEIGHT="26" WC="0.96" CONTENT="jag"/><SP WIDTH="14" VPOS="499" HPOS="429"/>
							<String ID="string_117" HPOS="443" VPOS="499" WIDTH="66" HEIGHT="21" WC="0.96" CONTENT="redan"/><SP WIDTH="16" VPOS="499" HPOS="509"/>
							<String ID="string_118" HPOS="525" VPOS="499" WIDTH="93" HEIGHT="27" WC="0.96" CONTENT="antydde"/><SP WIDTH="15" VPOS="499" HPOS="618"/>
							<String ID="string_119" HPOS="633" VPOS="498" WIDTH="114" HEIGHT="27" WC="0.96" CONTENT="föreligger"/><SP WIDTH="16" VPOS="498" HPOS="747"/>
							<String ID="string_120" HPOS="763" VPOS="499" WIDTH="65" HEIGHT="21" WC="0.93" CONTENT="sådan"/><SP WIDTH="12" VPOS="499" HPOS="828"/>
							<String ID="string_121" HPOS="840" VPOS="499" WIDTH="72" HEIGHT="21" WC="0.92" CONTENT="utred-"/>
						</TextLine>
						<TextLine ID="line_13" HPOS="81" VPOS="527" WIDTH="831" HEIGHT="28">
							<String ID="string_122" HPOS="81" VPOS="529" WIDTH="54" HEIGHT="26" WC="0.92" CONTENT="ning"/><SP WIDTH="21" VPOS="529" HPOS="135"/>
							<String ID="string_123" HPOS="156" VPOS="528" WIDTH="90" HEIGHT="26" WC="0.92" CONTENT="rikligen"/><SP WIDTH="23" VPOS="528" HPOS="246"/>
							<String ID="string_124" HPOS="269" VPOS="527" WIDTH="6" HEIGHT="21" WC="0.96" CONTENT="i"/><SP WIDTH="24" VPOS="527" HPOS="275"/>
							<String ID="string_125" HPOS="299" VPOS="527" WIDTH="114" HEIGHT="27" WC="0.93" CONTENT="gärningar"/><SP WIDTH="23" VPOS="527" HPOS="413"/>
							<String ID="string_126" HPOS="436" VPOS="539" WIDTH="22" HEIGHT="4" WC="0.89" CONTENT="—"/><SP WIDTH="19" VPOS="539" HPOS="458"/>
							<String ID="string_127" HPOS="477" VPOS="528" WIDTH="36" HEIGHT="21" WC="0.96" CONTENT="det"/><SP WIDTH="15" VPOS="528" HPOS="513"/>
							<String ID="string_128" HPOS="528" VPOS="528" WIDTH="20" HEIGHT="21" WC="0.96" CONTENT="vi"/><SP WIDTH="17" VPOS="528" HPOS="548"/>
							<String ID="string_129" HPOS="565" VPOS="527" WIDTH="69" HEIGHT="22" WC="0.96" CONTENT="skulle"/><SP WIDTH="17" VPOS="527" HPOS="634"/>
							<String ID="string_130" HPOS="651" VPOS="529" WIDTH="51" HEIGHT="25" WC="0.96" CONTENT="göra"/><SP WIDTH="15" VPOS="529" HPOS="702"/>
							<String ID="string_131" HPOS="717" VPOS="534" WIDTH="36" HEIGHT="15" WC="0.96" CONTENT="oss"/><SP WIDTH="16" VPOS="534" HPOS="753"/>
							<String ID="string_132" HPOS="769" VPOS="528" WIDTH="96" HEIGHT="27" WC="0.94" CONTENT="skyldiga"/><SP WIDTH="15" VPOS="528" HPOS="865"/>
							<String ID="string_133" HPOS="880" VPOS="527" WIDTH="32" HEIGHT="22" WC="0.96" CONTENT="till"/>
						</TextLine>
						<TextLine ID="line_14" HPOS="82" VPOS="556" WIDTH="831" HEIGHT="22">
							<String ID="string_134" HPOS="82" VPOS="559" WIDTH="32" HEIGHT="19" WC="0.96" CONTENT="ett"/><SP WIDTH="15" VPOS="559" HPOS="114"/>
							<String ID="string_135" HPOS="129" VPOS="559" WIDTH="56" HEIGHT="19" WC="0.96" CONTENT="tomt"/><SP WIDTH="14" VPOS="559" HPOS="185"/>
							<String ID="string_136" HPOS="199" VPOS="556" WIDTH="124" HEIGHT="21" WC="0.96" CONTENT="kåserande."/><SP WIDTH="16" VPOS="556" HPOS="323"/>
							<String ID="string_137" HPOS="339" VPOS="556" WIDTH="101" HEIGHT="21" WC="0.96" CONTENT="Tvärtom"/><SP WIDTH="16" VPOS="556" HPOS="440"/>
							<String ID="string_138" HPOS="456" VPOS="556" WIDTH="72" HEIGHT="21" WC="0.96" CONTENT="kunde"/><SP WIDTH="16" VPOS="556" HPOS="528"/>
							<String ID="string_139" HPOS="544" VPOS="563" WIDTH="49" HEIGHT="14" WC="0.96" CONTENT="man"/><SP WIDTH="18" VPOS="563" HPOS="593"/>
							<String ID="string_140" HPOS="611" VPOS="557" WIDTH="47" HEIGHT="20" WC="0.96" CONTENT="med"/><SP WIDTH="12" VPOS="557" HPOS="658"/>
							<String ID="string_141" HPOS="670" VPOS="558" WIDTH="69" HEIGHT="19" WC="0.96" CONTENT="större"/><SP WIDTH="12" VPOS="558" HPOS="739"/>
							<String ID="string_142" HPOS="751" VPOS="557" WIDTH="45" HEIGHT="20" WC="0.96" CONTENT="skäl"/><SP WIDTH="13" VPOS="557" HPOS="796"/>
							<String ID="string_143" HPOS="809" VPOS="556" WIDTH="104" HEIGHT="21" WC="0.96" CONTENT="beteckna"/>
						</TextLine>
						<TextLine ID="line_15" HPOS="77" VPOS="585" WIDTH="834" HEIGHT="27">
							<String ID="string_144" HPOS="77" VPOS="585" WIDTH="50" HEIGHT="27" WC="0.93" CONTENT="just"/><SP WIDTH="24" VPOS="585" HPOS="127"/>
							<String ID="string_145" HPOS="151" VPOS="585" WIDTH="26" HEIGHT="21" WC="0.96" CONTENT="de"/><SP WIDTH="22" VPOS="585" HPOS="177"/>
							<String ID="string_146" HPOS="199" VPOS="585" WIDTH="36" HEIGHT="20" WC="0.96" CONTENT="två"/><SP WIDTH="20" VPOS="585" HPOS="235"/>
							<String ID="string_147" HPOS="255" VPOS="587" WIDTH="85" HEIGHT="18" WC="0.96" CONTENT="senaste"/><SP WIDTH="16" VPOS="587" HPOS="340"/>
							<String ID="string_148" HPOS="356" VPOS="585" WIDTH="63" HEIGHT="20" WC="0.91" CONTENT="ärade"/><SP WIDTH="17" VPOS="585" HPOS="419"/>
							<String ID="string_149" HPOS="436" VPOS="585" WIDTH="95" HEIGHT="21" WC="0.91" CONTENT="talarena"/><SP WIDTH="17" VPOS="585" HPOS="531"/>
							<String ID="string_150" HPOS="548" VPOS="585" WIDTH="72" HEIGHT="21" WC="0.93" CONTENT="såsom"/><SP WIDTH="17" VPOS="585" HPOS="620"/>
							<String ID="string_151" HPOS="637" VPOS="585" WIDTH="96" HEIGHT="21" WC="0.91" CONTENT="ståndets"/><SP WIDTH="15" VPOS="585" HPOS="733"/>
							<String ID="string_152" HPOS="748" VPOS="585" WIDTH="86" HEIGHT="27" WC="0.91" CONTENT="ifrigare"/><SP WIDTH="15" VPOS="585" HPOS="834"/>
							<String ID="string_153" HPOS="849" VPOS="585" WIDTH="62" HEIGHT="21" WC="0.92" CONTENT="kåsö-"/>
						</TextLine>
						<TextLine ID="line_16" HPOS="79" VPOS="613" WIDTH="833" HEIGHT="28">
							<String ID="string_154" HPOS="79" VPOS="620" WIDTH="43" HEIGHT="15" WC="0.95" CONTENT="rer."/><SP WIDTH="31" VPOS="620" HPOS="122"/>
							<String ID="string_155" HPOS="153" VPOS="613" WIDTH="46" HEIGHT="22" WC="0.95" CONTENT="Och"/><SP WIDTH="23" VPOS="613" HPOS="199"/>
							<String ID="string_156" HPOS="222" VPOS="613" WIDTH="55" HEIGHT="21" WC="0.95" CONTENT="hvad"/><SP WIDTH="15" VPOS="613" HPOS="277"/>
							<String ID="string_157" HPOS="292" VPOS="613" WIDTH="72" HEIGHT="21" WC="0.96" CONTENT="vidare"/><SP WIDTH="24" VPOS="613" HPOS="364"/>
							<String ID="string_158" HPOS="388" VPOS="613" WIDTH="66" HEIGHT="27" WC="0.96" CONTENT="angår"/><SP WIDTH="16" VPOS="613" HPOS="454"/>
							<String ID="string_159" HPOS="470" VPOS="613" WIDTH="25" HEIGHT="22" WC="0.93" CONTENT="hr"/><SP WIDTH="17" VPOS="613" HPOS="495"/>
							<String ID="string_160" HPOS="512" VPOS="613" WIDTH="61" HEIGHT="22" WC="0.91" CONTENT="Alins"/><SP WIDTH="16" VPOS="613" HPOS="573"/>
							<String ID="string_161" HPOS="589" VPOS="613" WIDTH="162" HEIGHT="27" WC="0.96" CONTENT="framställning,"/><SP WIDTH="16" VPOS="613" HPOS="751"/>
							<String ID="string_162" HPOS="767" VPOS="614" WIDTH="37" HEIGHT="21" WC="0.96" CONTENT="vill"/><SP WIDTH="12" VPOS="614" HPOS="804"/>
							<String ID="string_163" HPOS="816" VPOS="614" WIDTH="38" HEIGHT="27" WC="0.96" CONTENT="jag"/><SP WIDTH="12" VPOS="614" HPOS="854"/>
							<String ID="string_164" HPOS="866" VPOS="614" WIDTH="46" HEIGHT="21" WC="0.97" CONTENT="icke"/>
						</TextLine>
						<TextLine ID="line_17" HPOS="82" VPOS="641" WIDTH="830" HEIGHT="27">
							<String ID="string_165" HPOS="82" VPOS="643" WIDTH="78" HEIGHT="20" WC="0.96" CONTENT="beröra"/><SP WIDTH="17" VPOS="643" HPOS="160"/>
							<String ID="string_166" HPOS="177" VPOS="643" WIDTH="124" HEIGHT="20" WC="0.96" CONTENT="densamma"/><SP WIDTH="18" VPOS="643" HPOS="301"/>
							<String ID="string_167" HPOS="319" VPOS="642" WIDTH="7" HEIGHT="20" WC="0.96" CONTENT="i"/><SP WIDTH="16" VPOS="642" HPOS="326"/>
							<String ID="string_168" HPOS="342" VPOS="642" WIDTH="26" HEIGHT="21" WC="0.96" CONTENT="de"/><SP WIDTH="15" VPOS="642" HPOS="368"/>
							<String ID="string_169" HPOS="383" VPOS="642" WIDTH="65" HEIGHT="26" WC="0.93" CONTENT="delar,"/><SP WIDTH="16" VPOS="642" HPOS="448"/>
							<String ID="string_170" HPOS="464" VPOS="642" WIDTH="60" HEIGHT="21" WC="0.92" CONTENT="hvari"/><SP WIDTH="16" VPOS="642" HPOS="524"/>
							<String ID="string_171" HPOS="540" VPOS="643" WIDTH="41" HEIGHT="20" WC="0.93" CONTENT="den"/><SP WIDTH="17" VPOS="643" HPOS="581"/>
							<String ID="string_172" HPOS="598" VPOS="641" WIDTH="85" HEIGHT="22" WC="0.91" CONTENT="sväfvar"/><SP WIDTH="16" VPOS="641" HPOS="683"/>
							<String ID="string_173" HPOS="699" VPOS="642" WIDTH="83" HEIGHT="21" WC="0.92" CONTENT="utöfver"/><SP WIDTH="16" VPOS="642" HPOS="782"/>
							<String ID="string_174" HPOS="798" VPOS="643" WIDTH="56" HEIGHT="20" WC="0.93" CONTENT="hvad"/><SP WIDTH="16" VPOS="643" HPOS="854"/>
							<String ID="string_175" HPOS="870" VPOS="642" WIDTH="42" HEIGHT="21" WC="0.93" CONTENT="för-"/>
						</TextLine>
						<TextLine ID="line_18" HPOS="82" VPOS="670" WIDTH="831" HEIGHT="27">
							<String ID="string_176" HPOS="82" VPOS="671" WIDTH="156" HEIGHT="26" WC="0.96" CONTENT="handlingarna"/><SP WIDTH="15" VPOS="671" HPOS="238"/>
							<String ID="string_177" HPOS="253" VPOS="671" WIDTH="6" HEIGHT="20" WC="0.96" CONTENT="i"/><SP WIDTH="16" VPOS="671" HPOS="259"/>
							<String ID="string_178" HPOS="275" VPOS="671" WIDTH="41" HEIGHT="26" WC="0.96" CONTENT="dag"/><SP WIDTH="15" VPOS="671" HPOS="316"/>
							<String ID="string_179" HPOS="331" VPOS="670" WIDTH="62" HEIGHT="21" WC="0.93" CONTENT="hafva"/><SP WIDTH="16" VPOS="670" HPOS="393"/>
							<String ID="string_180" HPOS="409" VPOS="670" WIDTH="60" HEIGHT="27" WC="0.91" CONTENT="gifvit"/><SP WIDTH="16" VPOS="670" HPOS="469"/>
							<String ID="string_181" HPOS="485" VPOS="671" WIDTH="116" HEIGHT="26" WC="0.96" CONTENT="anledning"/><SP WIDTH="15" VPOS="671" HPOS="601"/>
							<String ID="string_182" HPOS="616" VPOS="671" WIDTH="38" HEIGHT="21" WC="0.95" CONTENT="till."/><SP WIDTH="31" VPOS="671" HPOS="654"/>
							<String ID="string_183" HPOS="685" VPOS="671" WIDTH="41" HEIGHT="26" WC="0.96" CONTENT="Jag"/><SP WIDTH="15" VPOS="671" HPOS="726"/>
							<String ID="string_184" HPOS="741" VPOS="671" WIDTH="37" HEIGHT="21" WC="0.96" CONTENT="ber"/><SP WIDTH="16" VPOS="671" HPOS="778"/>
							<String ID="string_185" HPOS="794" VPOS="671" WIDTH="76" HEIGHT="21" WC="0.95" CONTENT="endast"/><SP WIDTH="10" VPOS="671" HPOS="870"/>
							<String ID="string_186" HPOS="880" VPOS="673" WIDTH="33" HEIGHT="19" WC="0.96" CONTENT="att"/>
						</TextLine>
						<TextLine ID="line_19" HPOS="82" VPOS="699" WIDTH="830" HEIGHT="28">
							<String ID="string_187" HPOS="82" VPOS="699" WIDTH="22" HEIGHT="22" WC="0.96" CONTENT="få"/><SP WIDTH="22" VPOS="699" HPOS="104"/>
							<String ID="string_188" HPOS="126" VPOS="701" WIDTH="84" HEIGHT="24" WC="0.96" CONTENT="nämna,"/><SP WIDTH="20" VPOS="701" HPOS="210"/>
							<String ID="string_189" HPOS="230" VPOS="701" WIDTH="37" HEIGHT="22" WC="0.95" CONTENT="att,"/><SP WIDTH="16" VPOS="701" HPOS="267"/>
							<String ID="string_190" HPOS="283" VPOS="705" WIDTH="34" HEIGHT="14" WC="0.96" CONTENT="om"/><SP WIDTH="16" VPOS="705" HPOS="317"/>
							<String ID="string_191" HPOS="333" VPOS="705" WIDTH="26" HEIGHT="15" WC="0.96" CONTENT="en"/><SP WIDTH="16" VPOS="705" HPOS="359"/>
							<String ID="string_192" HPOS="375" VPOS="705" WIDTH="78" HEIGHT="21" WC="0.96" CONTENT="person"/><SP WIDTH="17" VPOS="705" HPOS="453"/>
							<String ID="string_193" HPOS="470" VPOS="700" WIDTH="112" HEIGHT="25" WC="0.96" CONTENT="erkänner,"/><SP WIDTH="15" VPOS="700" HPOS="582"/>
							<String ID="string_194" HPOS="597" VPOS="701" WIDTH="32" HEIGHT="20" WC="0.96" CONTENT="att"/><SP WIDTH="15" VPOS="701" HPOS="629"/>
							<String ID="string_195" HPOS="644" VPOS="699" WIDTH="41" HEIGHT="21" WC="0.96" CONTENT="han"/><SP WIDTH="17" VPOS="699" HPOS="685"/>
							<String ID="string_196" HPOS="702" VPOS="702" WIDTH="35" HEIGHT="19" WC="0.96" CONTENT="vet"/><SP WIDTH="15" VPOS="702" HPOS="737"/>
							<String ID="string_197" HPOS="752" VPOS="699" WIDTH="55" HEIGHT="22" WC="0.96" CONTENT="hvad"/><SP WIDTH="15" VPOS="699" HPOS="807"/>
							<String ID="string_198" HPOS="822" VPOS="700" WIDTH="36" HEIGHT="27" WC="0.96" CONTENT="lag"/><SP WIDTH="15" VPOS="700" HPOS="858"/>
							<String ID="string_199" HPOS="873" VPOS="699" WIDTH="39" HEIGHT="22" WC="0.96" CONTENT="och"/>
						</TextLine>
						<TextLine ID="line_20" HPOS="82" VPOS="727" WIDTH="830" HEIGHT="28">
							<String ID="string_200" HPOS="82" VPOS="730" WIDTH="44" HEIGHT="19" WC="0.96" CONTENT="rätt"/><SP WIDTH="23" VPOS="730" HPOS="126"/>
							<String ID="string_201" HPOS="149" VPOS="730" WIDTH="24" HEIGHT="19" WC="0.96" CONTENT="är"/><SP WIDTH="20" VPOS="730" HPOS="173"/>
							<String ID="string_202" HPOS="193" VPOS="728" WIDTH="39" HEIGHT="21" WC="0.96" CONTENT="och"/><SP WIDTH="22" VPOS="728" HPOS="232"/>
							<String ID="string_203" HPOS="254" VPOS="727" WIDTH="40" HEIGHT="22" WC="0.96" CONTENT="hur"/><SP WIDTH="23" VPOS="727" HPOS="294"/>
							<String ID="string_204" HPOS="317" VPOS="734" WIDTH="48" HEIGHT="15" WC="0.96" CONTENT="man"/><SP WIDTH="24" VPOS="734" HPOS="365"/>
							<String ID="string_205" HPOS="389" VPOS="728" WIDTH="39" HEIGHT="21" WC="0.96" CONTENT="bör"/><SP WIDTH="23" VPOS="728" HPOS="428"/>
							<String ID="string_206" HPOS="451" VPOS="728" WIDTH="78" HEIGHT="21" WC="0.96" CONTENT="handla"/><SP WIDTH="22" VPOS="728" HPOS="529"/>
							<String ID="string_207" HPOS="551" VPOS="728" WIDTH="34" HEIGHT="21" WC="0.96" CONTENT="för"/><SP WIDTH="22" VPOS="728" HPOS="585"/>
							<String ID="string_208" HPOS="607" VPOS="730" WIDTH="32" HEIGHT="19" WC="0.90" CONTENT="att"/><SP WIDTH="30" VPOS="730" HPOS="639"/>
							<String ID="string_209" HPOS="669" VPOS="728" WIDTH="139" HEIGHT="21" WC="0.88" CONTENT="etterkomma"/><SP WIDTH="16" VPOS="728" HPOS="808"/>
							<String ID="string_210" HPOS="824" VPOS="728" WIDTH="34" HEIGHT="27" WC="0.96" CONTENT="lag"/><SP WIDTH="15" VPOS="728" HPOS="858"/>
							<String ID="string_211" HPOS="873" VPOS="728" WIDTH="39" HEIGHT="21" WC="0.95" CONTENT="och"/>
						</TextLine>
						<TextLine ID="line_21" HPOS="84" VPOS="757" WIDTH="828" HEIGHT="26">
							<String ID="string_212" HPOS="84" VPOS="757" WIDTH="93" HEIGHT="26" WC="0.91" CONTENT="pliktens"/><SP WIDTH="22" VPOS="757" HPOS="177"/>
							<String ID="string_213" HPOS="199" VPOS="757" WIDTH="49" HEIGHT="26" WC="0.96" CONTENT="bud,"/><SP WIDTH="23" VPOS="757" HPOS="248"/>
							<String ID="string_214" HPOS="271" VPOS="763" WIDTH="48" HEIGHT="14" WC="0.96" CONTENT="men"/><SP WIDTH="20" VPOS="763" HPOS="319"/>
							<String ID="string_215" HPOS="339" VPOS="757" WIDTH="58" HEIGHT="20" WC="0.92" CONTENT="detta"/><SP WIDTH="18" VPOS="757" HPOS="397"/>
							<String ID="string_216" HPOS="415" VPOS="757" WIDTH="88" HEIGHT="21" WC="0.92" CONTENT="oaktadt"/><SP WIDTH="15" VPOS="757" HPOS="503"/>
							<String ID="string_217" HPOS="518" VPOS="757" WIDTH="89" HEIGHT="21" WC="0.96" CONTENT="handlar"/><SP WIDTH="16" VPOS="757" HPOS="607"/>
							<String ID="string_218" HPOS="623" VPOS="757" WIDTH="7" HEIGHT="21" WC="0.96" CONTENT="i"/><SP WIDTH="15" VPOS="757" HPOS="630"/>
							<String ID="string_219" HPOS="645" VPOS="757" WIDTH="49" HEIGHT="20" WC="0.96" CONTENT="rakt"/><SP WIDTH="15" VPOS="757" HPOS="694"/>
							<String ID="string_220" HPOS="709" VPOS="759" WIDTH="89" HEIGHT="19" WC="0.96" CONTENT="motsatt"/><SP WIDTH="14" VPOS="759" HPOS="798"/>
							<String ID="string_221" HPOS="812" VPOS="757" WIDTH="100" HEIGHT="26" WC="0.96" CONTENT="riktning,"/>
						</TextLine>
						<TextLine ID="line_22" HPOS="82" VPOS="785" WIDTH="831" HEIGHT="27">
							<String ID="string_222" HPOS="82" VPOS="785" WIDTH="41" HEIGHT="21" WC="0.96" CONTENT="och"/><SP WIDTH="23" VPOS="785" HPOS="123"/>
							<String ID="string_223" HPOS="146" VPOS="791" WIDTH="35" HEIGHT="15" WC="0.95" CONTENT="om"/><SP WIDTH="24" VPOS="791" HPOS="181"/>
							<String ID="string_224" HPOS="205" VPOS="785" WIDTH="40" HEIGHT="21" WC="0.95" CONTENT="han"/><SP WIDTH="23" VPOS="785" HPOS="245"/>
							<String ID="string_225" HPOS="268" VPOS="785" WIDTH="26" HEIGHT="20" WC="0.96" CONTENT="då"/><SP WIDTH="19" VPOS="785" HPOS="294"/>
							<String ID="string_226" HPOS="313" VPOS="785" WIDTH="45" HEIGHT="21" WC="0.96" CONTENT="icke"/><SP WIDTH="16" VPOS="785" HPOS="358"/>
							<String ID="string_227" HPOS="374" VPOS="785" WIDTH="71" HEIGHT="21" WC="0.96" CONTENT="därför"/><SP WIDTH="15" VPOS="785" HPOS="445"/>
							<String ID="string_228" HPOS="460" VPOS="785" WIDTH="130" HEIGHT="27" WC="0.96" CONTENT="framlägger"/><SP WIDTH="16" VPOS="785" HPOS="590"/>
							<String ID="string_229" HPOS="606" VPOS="786" WIDTH="70" HEIGHT="21" WC="0.96" CONTENT="bättre"/><SP WIDTH="24" VPOS="786" HPOS="676"/>
							<String ID="string_230" HPOS="700" VPOS="786" WIDTH="65" HEIGHT="20" WC="0.96" CONTENT="motiv"/><SP WIDTH="16" VPOS="786" HPOS="765"/>
							<String ID="string_231" HPOS="781" VPOS="787" WIDTH="26" HEIGHT="19" WC="0.96" CONTENT="än"/><SP WIDTH="17" VPOS="787" HPOS="807"/>
							<String ID="string_232" HPOS="824" VPOS="786" WIDTH="48" HEIGHT="20" WC="0.96" CONTENT="dem"/><SP WIDTH="16" VPOS="786" HPOS="872"/>
							<String ID="string_233" HPOS="888" VPOS="785" WIDTH="25" HEIGHT="21" WC="0.96" CONTENT="hr"/>
						</TextLine>
						<TextLine ID="line_23" HPOS="82" VPOS="813" WIDTH="832" HEIGHT="28">
							<String ID="string_234" HPOS="82" VPOS="814" WIDTH="51" HEIGHT="21" WC="0.96" CONTENT="Alin"/><SP WIDTH="16" VPOS="814" HPOS="133"/>
							<String ID="string_235" HPOS="149" VPOS="820" WIDTH="30" HEIGHT="15" WC="0.93" CONTENT="nu"/><SP WIDTH="16" VPOS="820" HPOS="179"/>
							<String ID="string_236" HPOS="195" VPOS="813" WIDTH="113" HEIGHT="27" WC="0.92" CONTENT="framlaggt"/><SP WIDTH="8" VPOS="813" HPOS="308"/>
							<String ID="string_237" HPOS="316" VPOS="827" WIDTH="27" HEIGHT="2" WC="0.89" CONTENT="-—"/><SP WIDTH="8" VPOS="827" HPOS="343"/>
							<String ID="string_238" HPOS="351" VPOS="814" WIDTH="40" HEIGHT="21" WC="0.96" CONTENT="han"/><SP WIDTH="16" VPOS="814" HPOS="391"/>
							<String ID="string_239" HPOS="407" VPOS="813" WIDTH="104" HEIGHT="22" WC="0.95" CONTENT="framlade"/><SP WIDTH="15" VPOS="813" HPOS="511"/>
							<String ID="string_240" HPOS="526" VPOS="814" WIDTH="83" HEIGHT="27" WC="0.96" CONTENT="knappt"/><SP WIDTH="15" VPOS="814" HPOS="609"/>
							<String ID="string_241" HPOS="624" VPOS="814" WIDTH="66" HEIGHT="27" WC="0.96" CONTENT="något"/><SP WIDTH="8" VPOS="814" HPOS="690"/>
							<String ID="string_242" HPOS="698" VPOS="815" WIDTH="65" HEIGHT="20" WC="0.96" CONTENT="motiv"/><SP WIDTH="9" VPOS="815" HPOS="763"/>
							<String ID="string_243" HPOS="772" VPOS="814" WIDTH="45" HEIGHT="25" WC="0.96" CONTENT="alls,"/><SP WIDTH="12" VPOS="814" HPOS="817"/>
							<String ID="string_244" HPOS="829" VPOS="815" WIDTH="37" HEIGHT="20" WC="0.97" CONTENT="det"/><SP WIDTH="10" VPOS="815" HPOS="866"/>
							<String ID="string_245" HPOS="876" VPOS="821" WIDTH="38" HEIGHT="14" WC="0.96" CONTENT="var"/>
						</TextLine>
						<TextLine ID="line_24" HPOS="84" VPOS="842" WIDTH="829" HEIGHT="27">
							<String ID="string_246" HPOS="84" VPOS="843" WIDTH="77" HEIGHT="20" WC="0.96" CONTENT="endast"/><SP WIDTH="15" VPOS="843" HPOS="161"/>
							<String ID="string_247" HPOS="176" VPOS="843" WIDTH="25" HEIGHT="20" WC="0.93" CONTENT="hr"/><SP WIDTH="16" VPOS="843" HPOS="201"/>
							<String ID="string_248" HPOS="217" VPOS="842" WIDTH="76" HEIGHT="27" WC="0.92" CONTENT="Hynén"/><SP WIDTH="17" VPOS="842" HPOS="293"/>
							<String ID="string_249" HPOS="310" VPOS="849" WIDTH="45" HEIGHT="14" WC="0.96" CONTENT="som"/><SP WIDTH="18" VPOS="849" HPOS="355"/>
							<String ID="string_250" HPOS="373" VPOS="843" WIDTH="69" HEIGHT="20" WC="0.96" CONTENT="talade"/><SP WIDTH="16" VPOS="843" HPOS="442"/>
							<String ID="string_251" HPOS="458" VPOS="849" WIDTH="34" HEIGHT="14" WC="0.91" CONTENT="om"/><SP WIDTH="19" VPOS="849" HPOS="492"/>
							<String ID="string_252" HPOS="511" VPOS="843" WIDTH="107" HEIGHT="20" WC="0.89" CONTENT="»malttia»"/><SP WIDTH="19" VPOS="843" HPOS="618"/>
							<String ID="string_253" HPOS="637" VPOS="855" WIDTH="17" HEIGHT="2" WC="0.93" CONTENT="—"/><SP WIDTH="11" VPOS="855" HPOS="654"/>
							<String ID="string_254" HPOS="665" VPOS="843" WIDTH="24" HEIGHT="21" WC="0.96" CONTENT="så"/><SP WIDTH="7" VPOS="843" HPOS="689"/>
							<String ID="string_255" HPOS="696" VPOS="843" WIDTH="40" HEIGHT="20" WC="0.96" CONTENT="kan"/><SP WIDTH="9" VPOS="843" HPOS="736"/>
							<String ID="string_256" HPOS="745" VPOS="849" WIDTH="48" HEIGHT="14" WC="0.96" CONTENT="man"/><SP WIDTH="17" VPOS="849" HPOS="793"/>
							<String ID="string_257" HPOS="810" VPOS="843" WIDTH="46" HEIGHT="21" WC="0.93" CONTENT="icke"/><SP WIDTH="15" VPOS="843" HPOS="856"/>
							<String ID="string_258" HPOS="871" VPOS="842" WIDTH="42" HEIGHT="22" WC="0.92" CONTENT="för-"/>
						</TextLine>
						<TextLine ID="line_25" HPOS="84" VPOS="871" WIDTH="829" HEIGHT="27">
							<String ID="string_259" HPOS="84" VPOS="877" WIDTH="63" HEIGHT="15" WC="0.95" CONTENT="mena"/><SP WIDTH="23" VPOS="877" HPOS="147"/>
							<String ID="string_260" HPOS="170" VPOS="871" WIDTH="55" HEIGHT="25" WC="0.96" CONTENT="dem,"/><SP WIDTH="25" VPOS="871" HPOS="225"/>
							<String ID="string_261" HPOS="250" VPOS="877" WIDTH="47" HEIGHT="14" WC="0.95" CONTENT="som"/><SP WIDTH="22" VPOS="877" HPOS="297"/>
							<String ID="string_262" HPOS="319" VPOS="871" WIDTH="82" HEIGHT="26" WC="0.95" CONTENT="fåfängt"/><SP WIDTH="20" VPOS="871" HPOS="401"/>
							<String ID="string_263" HPOS="421" VPOS="871" WIDTH="52" HEIGHT="21" WC="0.96" CONTENT="söka"/><SP WIDTH="15" VPOS="871" HPOS="473"/>
							<String ID="string_264" HPOS="488" VPOS="871" WIDTH="72" HEIGHT="21" WC="0.93" CONTENT="härför"/><SP WIDTH="17" VPOS="871" HPOS="560"/>
							<String ID="string_265" HPOS="577" VPOS="871" WIDTH="67" HEIGHT="21" WC="0.92" CONTENT="utleta"/><SP WIDTH="15" VPOS="871" HPOS="644"/>
							<String ID="string_266" HPOS="659" VPOS="871" WIDTH="66" HEIGHT="27" WC="0.96" CONTENT="några"/><SP WIDTH="16" VPOS="871" HPOS="725"/>
							<String ID="string_267" HPOS="741" VPOS="871" WIDTH="94" HEIGHT="22" WC="0.93" CONTENT="hållbara"/><SP WIDTH="15" VPOS="871" HPOS="835"/>
							<String ID="string_268" HPOS="850" VPOS="872" WIDTH="63" HEIGHT="21" WC="0.92" CONTENT="beve-"/>
						</TextLine>
						<TextLine ID="line_26" HPOS="82" VPOS="899" WIDTH="831" HEIGHT="28">
							<String ID="string_269" HPOS="82" VPOS="899" WIDTH="163" HEIGHT="27" WC="0.92" CONTENT="kelsegrunder,"/><SP WIDTH="15" VPOS="899" HPOS="245"/>
							<String ID="string_270" HPOS="260" VPOS="901" WIDTH="43" HEIGHT="20" WC="0.96" CONTENT="rätt"/><SP WIDTH="15" VPOS="901" HPOS="303"/>
							<String ID="string_271" HPOS="318" VPOS="902" WIDTH="31" HEIGHT="19" WC="0.96" CONTENT="att"/><SP WIDTH="15" VPOS="902" HPOS="349"/>
							<String ID="string_272" HPOS="364" VPOS="899" WIDTH="89" HEIGHT="22" WC="0.96" CONTENT="förvåna"/><SP WIDTH="16" VPOS="899" HPOS="453"/>
							<String ID="string_273" HPOS="469" VPOS="900" WIDTH="34" HEIGHT="27" WC="0.96" CONTENT="sig"/><SP WIDTH="15" VPOS="900" HPOS="503"/>
							<String ID="string_274" HPOS="518" VPOS="899" WIDTH="59" HEIGHT="22" WC="0.96" CONTENT="öfver"/><SP WIDTH="16" VPOS="899" HPOS="577"/>
							<String ID="string_275" HPOS="593" VPOS="907" WIDTH="27" HEIGHT="14" WC="0.96" CONTENT="en"/><SP WIDTH="17" VPOS="907" HPOS="620"/>
							<String ID="string_276" HPOS="637" VPOS="900" WIDTH="40" HEIGHT="21" WC="0.96" CONTENT="slik"/><SP WIDTH="12" VPOS="900" HPOS="677"/>
							<String ID="string_277" HPOS="689" VPOS="900" WIDTH="98" HEIGHT="27" WC="0.95" CONTENT="hållning."/><SP WIDTH="24" VPOS="900" HPOS="787"/>
							<String ID="string_278" HPOS="811" VPOS="901" WIDTH="43" HEIGHT="20" WC="0.96" CONTENT="Vet"/><SP WIDTH="10" VPOS="901" HPOS="854"/>
							<String ID="string_279" HPOS="864" VPOS="907" WIDTH="49" HEIGHT="14" WC="0.96" CONTENT="man"/>
						</TextLine>
						<TextLine ID="line_27" HPOS="82" VPOS="928" WIDTH="831" HEIGHT="27">
							<String ID="string_280" HPOS="82" VPOS="934" WIDTH="28" HEIGHT="15" WC="0.96" CONTENT="en"/><SP WIDTH="25" VPOS="934" HPOS="110"/>
							<String ID="string_281" HPOS="135" VPOS="928" WIDTH="57" HEIGHT="27" WC="0.96" CONTENT="gång"/><SP WIDTH="22" VPOS="928" HPOS="192"/>
							<String ID="string_282" HPOS="214" VPOS="928" WIDTH="56" HEIGHT="21" WC="0.96" CONTENT="hvad"/><SP WIDTH="20" VPOS="928" HPOS="270"/>
							<String ID="string_283" HPOS="290" VPOS="930" WIDTH="43" HEIGHT="19" WC="0.95" CONTENT="rätt"/><SP WIDTH="18" VPOS="930" HPOS="333"/>
							<String ID="string_284" HPOS="351" VPOS="928" WIDTH="38" HEIGHT="21" WC="0.93" CONTENT="och"/><SP WIDTH="16" VPOS="928" HPOS="389"/>
							<String ID="string_285" HPOS="405" VPOS="931" WIDTH="65" HEIGHT="18" WC="0.91" CONTENT="sannt"/><SP WIDTH="15" VPOS="931" HPOS="470"/>
							<String ID="string_286" HPOS="485" VPOS="931" WIDTH="23" HEIGHT="18" WC="0.97" CONTENT="är"/><SP WIDTH="16" VPOS="931" HPOS="508"/>
							<String ID="string_287" HPOS="524" VPOS="929" WIDTH="40" HEIGHT="21" WC="0.93" CONTENT="och"/><SP WIDTH="15" VPOS="929" HPOS="564"/>
							<String ID="string_288" HPOS="579" VPOS="929" WIDTH="125" HEIGHT="26" WC="0.91" CONTENT="isynnerhet"/><SP WIDTH="14" VPOS="929" HPOS="704"/>
							<String ID="string_289" HPOS="718" VPOS="929" WIDTH="56" HEIGHT="21" WC="0.96" CONTENT="hvad"/><SP WIDTH="15" VPOS="929" HPOS="774"/>
							<String ID="string_290" HPOS="789" VPOS="929" WIDTH="62" HEIGHT="26" WC="0.93" CONTENT="lagen"/><SP WIDTH="15" VPOS="929" HPOS="851"/>
							<String ID="string_291" HPOS="866" VPOS="929" WIDTH="47" HEIGHT="26" WC="0.92" CONTENT="bju-"/>
						</TextLine>
						<TextLine ID="line_28" HPOS="82" VPOS="957" WIDTH="832" HEIGHT="27">
							<String ID="string_292" HPOS="82" VPOS="957" WIDTH="45" HEIGHT="25" WC="0.96" CONTENT="der,"/><SP WIDTH="24" VPOS="957" HPOS="127"/>
							<String ID="string_293" HPOS="151" VPOS="957" WIDTH="25" HEIGHT="20" WC="0.96" CONTENT="så"/><SP WIDTH="21" VPOS="957" HPOS="176"/>
							<String ID="string_294" HPOS="197" VPOS="959" WIDTH="22" HEIGHT="18" WC="0.96" CONTENT="är"/><SP WIDTH="22" VPOS="959" HPOS="219"/>
							<String ID="string_295" HPOS="241" VPOS="963" WIDTH="48" HEIGHT="14" WC="0.96" CONTENT="man"/><SP WIDTH="17" VPOS="963" HPOS="289"/>
							<String ID="string_296" HPOS="306" VPOS="957" WIDTH="146" HEIGHT="26" WC="0.96" CONTENT="ovillkorligen"/><SP WIDTH="18" VPOS="957" HPOS="452"/>
							<String ID="string_297" HPOS="470" VPOS="957" WIDTH="84" HEIGHT="27" WC="0.96" CONTENT="skyldig"/><SP WIDTH="15" VPOS="957" HPOS="554"/>
							<String ID="string_298" HPOS="569" VPOS="960" WIDTH="32" HEIGHT="19" WC="0.96" CONTENT="att"/><SP WIDTH="15" VPOS="960" HPOS="601"/>
							<String ID="string_299" HPOS="616" VPOS="957" WIDTH="51" HEIGHT="27" WC="0.96" CONTENT="följa"/><SP WIDTH="14" VPOS="957" HPOS="667"/>
							<String ID="string_300" HPOS="681" VPOS="957" WIDTH="41" HEIGHT="27" WC="0.96" CONTENT="lag."/><SP WIDTH="31" VPOS="957" HPOS="722"/>
							<String ID="string_301" HPOS="753" VPOS="957" WIDTH="44" HEIGHT="22" WC="0.96" CONTENT="Och"/><SP WIDTH="16" VPOS="957" HPOS="797"/>
							<String ID="string_302" HPOS="813" VPOS="959" WIDTH="38" HEIGHT="25" WC="0.96" CONTENT="gör"/><SP WIDTH="13" VPOS="959" HPOS="851"/>
							<String ID="string_303" HPOS="864" VPOS="964" WIDTH="50" HEIGHT="15" WC="0.96" CONTENT="man"/>
						</TextLine>
						<TextLine ID="line_29" HPOS="84" VPOS="985" WIDTH="829" HEIGHT="27">
							<String ID="string_304" HPOS="84" VPOS="985" WIDTH="46" HEIGHT="21" WC="0.96" CONTENT="icke"/><SP WIDTH="24" VPOS="985" HPOS="130"/>
							<String ID="string_305" HPOS="154" VPOS="985" WIDTH="41" HEIGHT="26" WC="0.96" CONTENT="det,"/><SP WIDTH="24" VPOS="985" HPOS="195"/>
							<String ID="string_306" HPOS="219" VPOS="985" WIDTH="24" HEIGHT="21" WC="0.96" CONTENT="så"/><SP WIDTH="22" VPOS="985" HPOS="243"/>
							<String ID="string_307" HPOS="265" VPOS="985" WIDTH="102" HEIGHT="27" WC="0.96" CONTENT="förtjänar"/><SP WIDTH="21" VPOS="985" HPOS="367"/>
							<String ID="string_308" HPOS="388" VPOS="986" WIDTH="133" HEIGHT="26" WC="0.96" CONTENT="påståendet,"/><SP WIDTH="16" VPOS="986" HPOS="521"/>
							<String ID="string_309" HPOS="537" VPOS="989" WIDTH="32" HEIGHT="18" WC="0.96" CONTENT="att"/><SP WIDTH="15" VPOS="989" HPOS="569"/>
							<String ID="string_310" HPOS="584" VPOS="993" WIDTH="49" HEIGHT="14" WC="0.96" CONTENT="man"/><SP WIDTH="16" VPOS="993" HPOS="633"/>
							<String ID="string_311" HPOS="649" VPOS="986" WIDTH="88" HEIGHT="21" WC="0.96" CONTENT="handlat"/><SP WIDTH="14" VPOS="986" HPOS="737"/>
							<String ID="string_312" HPOS="751" VPOS="986" WIDTH="42" HEIGHT="21" WC="0.93" CONTENT="lika"/><SP WIDTH="16" VPOS="986" HPOS="793"/>
							<String ID="string_313" HPOS="809" VPOS="988" WIDTH="104" HEIGHT="19" WC="0.91" CONTENT="samvets-"/>
						</TextLine>
						<TextLine ID="line_30" HPOS="84" VPOS="1014" WIDTH="830" HEIGHT="27">
							<String ID="string_314" HPOS="84" VPOS="1016" WIDTH="80" HEIGHT="25" WC="0.91" CONTENT="grannt"/><SP WIDTH="24" VPOS="1016" HPOS="164"/>
							<String ID="string_315" HPOS="188" VPOS="1014" WIDTH="39" HEIGHT="21" WC="0.93" CONTENT="och"/><SP WIDTH="21" VPOS="1014" HPOS="227"/>
							<String ID="string_316" HPOS="248" VPOS="1014" WIDTH="125" HEIGHT="27" WC="0.90" CONTENT="plikttroget"/><SP WIDTH="15" VPOS="1014" HPOS="373"/>
							<String ID="string_317" HPOS="388" VPOS="1021" WIDTH="46" HEIGHT="14" WC="0.96" CONTENT="som"/><SP WIDTH="17" VPOS="1021" HPOS="434"/>
							<String ID="string_318" HPOS="451" VPOS="1015" WIDTH="71" HEIGHT="25" WC="0.96" CONTENT="andra,"/><SP WIDTH="16" VPOS="1015" HPOS="522"/>
							<String ID="string_319" HPOS="538" VPOS="1015" WIDTH="47" HEIGHT="20" WC="0.96" CONTENT="icke"/><SP WIDTH="15" VPOS="1015" HPOS="585"/>
							<String ID="string_320" HPOS="600" VPOS="1015" WIDTH="66" HEIGHT="26" WC="0.96" CONTENT="något"/><SP WIDTH="15" VPOS="1015" HPOS="666"/>
							<String ID="string_321" HPOS="681" VPOS="1014" WIDTH="105" HEIGHT="21" WC="0.96" CONTENT="afseende."/><SP WIDTH="32" VPOS="1014" HPOS="786"/>
							<String ID="string_322" HPOS="818" VPOS="1015" WIDTH="43" HEIGHT="21" WC="0.91" CONTENT="Det"/><SP WIDTH="14" VPOS="1015" HPOS="861"/>
							<String ID="string_323" HPOS="875" VPOS="1014" WIDTH="39" HEIGHT="21" WC="0.91" CONTENT="fin-"/>
						</TextLine>
						<TextLine ID="line_31" HPOS="85" VPOS="1043" WIDTH="828" HEIGHT="27">
							<String ID="string_324" HPOS="85" VPOS="1049" WIDTH="39" HEIGHT="14" WC="0.96" CONTENT="nes"/><SP WIDTH="22" VPOS="1049" HPOS="124"/>
							<String ID="string_325" HPOS="146" VPOS="1043" WIDTH="78" HEIGHT="26" WC="0.96" CONTENT="många"/><SP WIDTH="21" VPOS="1043" HPOS="224"/>
							<String ID="string_326" HPOS="245" VPOS="1043" WIDTH="7" HEIGHT="20" WC="0.96" CONTENT="i"/><SP WIDTH="16" VPOS="1043" HPOS="252"/>
							<String ID="string_327" HPOS="268" VPOS="1043" WIDTH="58" HEIGHT="21" WC="0.96" CONTENT="detta"/><SP WIDTH="23" VPOS="1043" HPOS="326"/>
							<String ID="string_328" HPOS="349" VPOS="1043" WIDTH="66" HEIGHT="26" WC="0.96" CONTENT="stånd,"/><SP WIDTH="23" VPOS="1043" HPOS="415"/>
							<String ID="string_329" HPOS="438" VPOS="1049" WIDTH="47" HEIGHT="15" WC="0.95" CONTENT="som"/><SP WIDTH="21" VPOS="1049" HPOS="485"/>
							<String ID="string_330" HPOS="506" VPOS="1043" WIDTH="22" HEIGHT="21" WC="0.96" CONTENT="af"/><SP WIDTH="14" VPOS="1043" HPOS="528"/>
							<String ID="string_331" HPOS="542" VPOS="1049" WIDTH="54" HEIGHT="21" WC="0.96" CONTENT="egen"/><SP WIDTH="16" VPOS="1049" HPOS="596"/>
							<String ID="string_332" HPOS="612" VPOS="1043" WIDTH="121" HEIGHT="21" WC="0.96" CONTENT="erfarenhet"/><SP WIDTH="16" VPOS="1043" HPOS="733"/>
							<String ID="string_333" HPOS="749" VPOS="1046" WIDTH="52" HEIGHT="23" WC="0.94" CONTENT="veta,"/><SP WIDTH="16" VPOS="1046" HPOS="801"/>
							<String ID="string_334" HPOS="817" VPOS="1046" WIDTH="32" HEIGHT="18" WC="0.96" CONTENT="att"/><SP WIDTH="15" VPOS="1046" HPOS="849"/>
							<String ID="string_335" HPOS="864" VPOS="1049" WIDTH="49" HEIGHT="15" WC="0.96" CONTENT="man"/>
						</TextLine>
						<TextLine ID="line_32" HPOS="84" VPOS="1071" WIDTH="829" HEIGHT="28">
							<String ID="string_336" HPOS="84" VPOS="1071" WIDTH="68" HEIGHT="21" WC="0.96" CONTENT="också"/><SP WIDTH="16" VPOS="1071" HPOS="152"/>
							<String ID="string_337" HPOS="168" VPOS="1071" WIDTH="69" HEIGHT="21" WC="0.96" CONTENT="under"/><SP WIDTH="15" VPOS="1071" HPOS="237"/>
							<String ID="string_338" HPOS="252" VPOS="1072" WIDTH="137" HEIGHT="26" WC="0.95" CONTENT="regeringens"/><SP WIDTH="16" VPOS="1072" HPOS="389"/>
							<String ID="string_339" HPOS="405" VPOS="1072" WIDTH="96" HEIGHT="21" WC="0.93" CONTENT="svåraste"/><SP WIDTH="16" VPOS="1072" HPOS="501"/>
							<String ID="string_340" HPOS="517" VPOS="1072" WIDTH="143" HEIGHT="27" WC="0.92" CONTENT="påtryckning"/><SP WIDTH="14" VPOS="1072" HPOS="660"/>
							<String ID="string_341" HPOS="674" VPOS="1072" WIDTH="6" HEIGHT="21" WC="0.96" CONTENT="i"/><SP WIDTH="16" VPOS="1072" HPOS="680"/>
							<String ID="string_342" HPOS="696" VPOS="1074" WIDTH="89" HEIGHT="19" WC="0.96" CONTENT="motsatt"/><SP WIDTH="15" VPOS="1074" HPOS="785"/>
							<String ID="string_343" HPOS="800" VPOS="1071" WIDTH="55" HEIGHT="28" WC="0.96" CONTENT="syfte"/><SP WIDTH="16" VPOS="1071" HPOS="855"/>
							<String ID="string_344" HPOS="871" VPOS="1072" WIDTH="42" HEIGHT="21" WC="0.95" CONTENT="kan"/>
						</TextLine>
						<TextLine ID="line_33" HPOS="85" VPOS="1099" WIDTH="829" HEIGHT="28">
							<String ID="string_345" HPOS="85" VPOS="1099" WIDTH="51" HEIGHT="28" WC="0.96" CONTENT="följa"/><SP WIDTH="10" VPOS="1099" HPOS="136"/>
							<String ID="string_346" HPOS="146" VPOS="1100" WIDTH="40" HEIGHT="27" WC="0.95" CONTENT="lag,"/><SP WIDTH="11" VPOS="1100" HPOS="186"/>
							<String ID="string_347" HPOS="197" VPOS="1100" WIDTH="55" HEIGHT="21" WC="0.96" CONTENT="blott"/><SP WIDTH="10" VPOS="1100" HPOS="252"/>
							<String ID="string_348" HPOS="262" VPOS="1107" WIDTH="48" HEIGHT="14" WC="0.96" CONTENT="man"/><SP WIDTH="11" VPOS="1107" HPOS="310"/>
							<String ID="string_349" HPOS="321" VPOS="1100" WIDTH="38" HEIGHT="21" WC="0.96" CONTENT="har"/><SP WIDTH="11" VPOS="1100" HPOS="359"/>
							<String ID="string_350" HPOS="370" VPOS="1106" WIDTH="26" HEIGHT="15" WC="0.96" CONTENT="en"/><SP WIDTH="11" VPOS="1106" HPOS="396"/>
							<String ID="string_351" HPOS="407" VPOS="1101" WIDTH="54" HEIGHT="26" WC="0.96" CONTENT="ärlig"/><SP WIDTH="11" VPOS="1101" HPOS="461"/>
							<String ID="string_352" HPOS="472" VPOS="1101" WIDTH="50" HEIGHT="26" WC="0.96" CONTENT="vilja"/><SP WIDTH="10" VPOS="1101" HPOS="522"/>
							<String ID="string_353" HPOS="532" VPOS="1101" WIDTH="77" HEIGHT="21" WC="0.96" CONTENT="därtill."/><SP WIDTH="31" VPOS="1101" HPOS="609"/>
							<String ID="string_354" HPOS="640" VPOS="1101" WIDTH="48" HEIGHT="20" WC="0.96" CONTENT="Men"/><SP WIDTH="12" VPOS="1101" HPOS="688"/>
							<String ID="string_355" HPOS="700" VPOS="1100" WIDTH="61" HEIGHT="27" WC="0.96" CONTENT="följer"/><SP WIDTH="11" VPOS="1100" HPOS="761"/>
							<String ID="string_356" HPOS="772" VPOS="1107" WIDTH="48" HEIGHT="14" WC="0.96" CONTENT="man"/><SP WIDTH="13" VPOS="1107" HPOS="820"/>
							<String ID="string_357" HPOS="833" VPOS="1100" WIDTH="46" HEIGHT="21" WC="0.96" CONTENT="icke"/><SP WIDTH="9" VPOS="1100" HPOS="879"/>
							<String ID="string_358" HPOS="888" VPOS="1107" WIDTH="26" HEIGHT="14" WC="0.96" CONTENT="en"/>
						</TextLine>
						<TextLine ID="line_34" HPOS="87" VPOS="1128" WIDTH="827" HEIGHT="28">
							<String ID="string_359" HPOS="87" VPOS="1129" WIDTH="67" HEIGHT="20" WC="0.96" CONTENT="sådan"/><SP WIDTH="16" VPOS="1129" HPOS="154"/>
							<String ID="string_360" HPOS="170" VPOS="1129" WIDTH="121" HEIGHT="26" WC="0.96" CONTENT="grundsats,"/><SP WIDTH="16" VPOS="1129" HPOS="291"/>
							<String ID="string_361" HPOS="307" VPOS="1131" WIDTH="51" HEIGHT="18" WC="0.96" CONTENT="utan"/><SP WIDTH="17" VPOS="1131" HPOS="358"/>
							<String ID="string_362" HPOS="375" VPOS="1129" WIDTH="88" HEIGHT="21" WC="0.96" CONTENT="handlar"/><SP WIDTH="15" VPOS="1129" HPOS="463"/>
							<String ID="string_363" HPOS="478" VPOS="1129" WIDTH="7" HEIGHT="21" WC="0.96" CONTENT="i"/><SP WIDTH="16" VPOS="1129" HPOS="485"/>
							<String ID="string_364" HPOS="501" VPOS="1129" WIDTH="48" HEIGHT="21" WC="0.96" CONTENT="rakt"/><SP WIDTH="11" VPOS="1129" HPOS="549"/>
							<String ID="string_365" HPOS="560" VPOS="1132" WIDTH="90" HEIGHT="19" WC="0.96" CONTENT="motsatt"/><SP WIDTH="10" VPOS="1132" HPOS="650"/>
							<String ID="string_366" HPOS="660" VPOS="1129" WIDTH="100" HEIGHT="27" WC="0.96" CONTENT="riktning,"/><SP WIDTH="17" VPOS="1129" HPOS="760"/>
							<String ID="string_367" HPOS="777" VPOS="1129" WIDTH="26" HEIGHT="22" WC="0.96" CONTENT="då"/><SP WIDTH="14" VPOS="1129" HPOS="803"/>
							<String ID="string_368" HPOS="817" VPOS="1128" WIDTH="32" HEIGHT="22" WC="0.95" CONTENT="får"/><SP WIDTH="15" VPOS="1128" HPOS="849"/>
							<String ID="string_369" HPOS="864" VPOS="1135" WIDTH="50" HEIGHT="15" WC="0.95" CONTENT="man"/>
						</TextLine>
						<TextLine ID="line_35" HPOS="85" VPOS="1157" WIDTH="829" HEIGHT="28">
							<String ID="string_370" HPOS="85" VPOS="1157" WIDTH="70" HEIGHT="27" WC="0.96" CONTENT="skylla"/><SP WIDTH="18" VPOS="1157" HPOS="155"/>
							<String ID="string_371" HPOS="173" VPOS="1157" WIDTH="34" HEIGHT="27" WC="0.96" CONTENT="sig"/><SP WIDTH="15" VPOS="1157" HPOS="207"/>
							<String ID="string_372" HPOS="222" VPOS="1157" WIDTH="53" HEIGHT="27" WC="0.91" CONTENT="själf,"/><SP WIDTH="23" VPOS="1157" HPOS="275"/>
							<String ID="string_373" HPOS="298" VPOS="1164" WIDTH="35" HEIGHT="14" WC="0.95" CONTENT="om"/><SP WIDTH="16" VPOS="1164" HPOS="333"/>
							<String ID="string_374" HPOS="349" VPOS="1157" WIDTH="64" HEIGHT="22" WC="0.95" CONTENT="saken"/><SP WIDTH="16" VPOS="1157" HPOS="413"/>
							<String ID="string_375" HPOS="429" VPOS="1157" WIDTH="144" HEIGHT="22" WC="0.96" CONTENT="förekommer"/><SP WIDTH="16" VPOS="1157" HPOS="573"/>
							<String ID="string_376" HPOS="589" VPOS="1158" WIDTH="68" HEIGHT="21" WC="0.93" CONTENT="andra"/><SP WIDTH="15" VPOS="1158" HPOS="657"/>
							<String ID="string_377" HPOS="672" VPOS="1158" WIDTH="137" HEIGHT="27" WC="0.93" CONTENT="tvifvelaktig."/><SP WIDTH="30" VPOS="1158" HPOS="809"/>
							<String ID="string_378" HPOS="839" VPOS="1158" WIDTH="75" HEIGHT="27" WC="0.92" CONTENT="(Bra!)"/>
						</TextLine>
					</TextBlock>
				</ComposedBlock>
				<ComposedBlock ID="cblock_3" HPOS="84" VPOS="1214" WIDTH="833" HEIGHT="314">
					<TextBlock ID="block_3" HPOS="84" VPOS="1214" WIDTH="833" HEIGHT="314">
						<TextLine ID="line_36" HPOS="156" VPOS="1214" WIDTH="758" HEIGHT="26">
							<String ID="string_379" HPOS="156" VPOS="1214" WIDTH="33" HEIGHT="21" WC="0.96" CONTENT="Hr"/><SP WIDTH="16" VPOS="1214" HPOS="189"/>
							<String ID="string_380" HPOS="205" VPOS="1214" WIDTH="138" HEIGHT="26" WC="0.96" CONTENT="Castrén,"/><SP WIDTH="16" VPOS="1214" HPOS="343"/>
							<String ID="string_381" HPOS="359" VPOS="1215" WIDTH="111" HEIGHT="21" WC="0.96" CONTENT="Edvin:"/><SP WIDTH="29" VPOS="1215" HPOS="470"/>
							<String ID="string_382" HPOS="499" VPOS="1215" WIDTH="162" HEIGHT="21" WC="0.96" CONTENT="Käsiteltävänä"/><SP WIDTH="15" VPOS="1215" HPOS="661"/>
							<String ID="string_383" HPOS="676" VPOS="1215" WIDTH="73" HEIGHT="22" WC="0.96" CONTENT="olevaa"/><SP WIDTH="15" VPOS="1215" HPOS="749"/>
							<String ID="string_384" HPOS="764" VPOS="1215" WIDTH="110" HEIGHT="21" WC="0.96" CONTENT="mietintöä"/><SP WIDTH="12" VPOS="1215" HPOS="874"/>
							<String ID="string_385" HPOS="886" VPOS="1221" WIDTH="28" HEIGHT="14" WC="0.96" CONTENT="on"/>
						</TextLine>
						<TextLine ID="line_37" HPOS="85" VPOS="1243" WIDTH="829" HEIGHT="27">
							<String ID="string_386" HPOS="85" VPOS="1243" WIDTH="96" HEIGHT="20" WC="0.96" CONTENT="monelta"/><SP WIDTH="22" VPOS="1243" HPOS="181"/>
							<String ID="string_387" HPOS="203" VPOS="1243" WIDTH="81" HEIGHT="20" WC="0.96" CONTENT="taholta"/><SP WIDTH="23" VPOS="1243" HPOS="284"/>
							<String ID="string_388" HPOS="307" VPOS="1243" WIDTH="93" HEIGHT="21" WC="0.96" CONTENT="moitittu"/><SP WIDTH="17" VPOS="1243" HPOS="400"/>
							<String ID="string_389" HPOS="417" VPOS="1243" WIDTH="54" HEIGHT="26" WC="0.96" CONTENT="siitä,"/><SP WIDTH="22" VPOS="1243" HPOS="471"/>
							<String ID="string_390" HPOS="493" VPOS="1244" WIDTH="51" HEIGHT="21" WC="0.96" CONTENT="ettei"/><SP WIDTH="17" VPOS="1244" HPOS="544"/>
							<String ID="string_391" HPOS="561" VPOS="1244" WIDTH="54" HEIGHT="21" WC="0.96" CONTENT="siinä"/><SP WIDTH="16" VPOS="1244" HPOS="615"/>
							<String ID="string_392" HPOS="631" VPOS="1244" WIDTH="33" HEIGHT="21" WC="0.96" CONTENT="ole"/><SP WIDTH="15" VPOS="1244" HPOS="664"/>
							<String ID="string_393" HPOS="679" VPOS="1244" WIDTH="113" HEIGHT="21" WC="0.96" CONTENT="lähemmin"/><SP WIDTH="17" VPOS="1244" HPOS="792"/>
							<String ID="string_394" HPOS="809" VPOS="1243" WIDTH="105" HEIGHT="27" WC="0.96" CONTENT="käsitelty,"/>
						</TextLine>
						<TextLine ID="line_38" HPOS="87" VPOS="1271" WIDTH="829" HEIGHT="28">
							<String ID="string_395" HPOS="87" VPOS="1271" WIDTH="67" HEIGHT="21" WC="0.96" CONTENT="missä"/><SP WIDTH="14" VPOS="1271" HPOS="154"/>
							<String ID="string_396" HPOS="168" VPOS="1271" WIDTH="80" HEIGHT="21" WC="0.96" CONTENT="määrin"/><SP WIDTH="13" VPOS="1271" HPOS="248"/>
							<String ID="string_397" HPOS="261" VPOS="1271" WIDTH="23" HEIGHT="27" WC="0.96" CONTENT="ja"/><SP WIDTH="15" VPOS="1271" HPOS="284"/>
							<String ID="string_398" HPOS="299" VPOS="1271" WIDTH="58" HEIGHT="21" WC="0.96" CONTENT="millä"/><SP WIDTH="14" VPOS="1271" HPOS="357"/>
							<String ID="string_399" HPOS="371" VPOS="1272" WIDTH="72" HEIGHT="21" WC="0.96" CONTENT="tavoin"/><SP WIDTH="16" VPOS="1272" HPOS="443"/>
							<String ID="string_400" HPOS="459" VPOS="1272" WIDTH="124" HEIGHT="21" WC="0.96" CONTENT="kotimaiset"/><SP WIDTH="14" VPOS="1272" HPOS="583"/>
							<String ID="string_401" HPOS="597" VPOS="1273" WIDTH="152" HEIGHT="20" WC="0.96" CONTENT="viranomaiset"/><SP WIDTH="9" VPOS="1273" HPOS="749"/>
							<String ID="string_402" HPOS="758" VPOS="1273" WIDTH="23" HEIGHT="26" WC="0.96" CONTENT="ja"/><SP WIDTH="10" VPOS="1273" HPOS="781"/>
							<String ID="string_403" HPOS="791" VPOS="1279" WIDTH="62" HEIGHT="14" WC="0.93" CONTENT="maan"/><SP WIDTH="13" VPOS="1279" HPOS="853"/>
							<String ID="string_404" HPOS="866" VPOS="1278" WIDTH="50" HEIGHT="21" WC="0.91" CONTENT="pro-"/>
						</TextLine>
						<TextLine ID="line_39" HPOS="87" VPOS="1299" WIDTH="827" HEIGHT="29">
							<String ID="string_405" HPOS="87" VPOS="1299" WIDTH="120" HEIGHT="22" WC="0.96" CONTENT="kuraattori"/><SP WIDTH="15" VPOS="1299" HPOS="207"/>
							<String ID="string_406" HPOS="222" VPOS="1302" WIDTH="49" HEIGHT="19" WC="0.96" CONTENT="ovat"/><SP WIDTH="15" VPOS="1302" HPOS="271"/>
							<String ID="string_407" HPOS="286" VPOS="1300" WIDTH="64" HEIGHT="21" WC="0.96" CONTENT="olleet"/><SP WIDTH="15" VPOS="1300" HPOS="350"/>
							<String ID="string_408" HPOS="365" VPOS="1301" WIDTH="110" HEIGHT="20" WC="0.96" CONTENT="osallisina"/><SP WIDTH="16" VPOS="1301" HPOS="475"/>
							<String ID="string_409" HPOS="491" VPOS="1301" WIDTH="67" HEIGHT="21" WC="0.93" CONTENT="niihin"/><SP WIDTH="15" VPOS="1301" HPOS="558"/>
							<String ID="string_410" HPOS="573" VPOS="1301" WIDTH="161" HEIGHT="26" WC="0.92" CONTENT="pakkotoimiin,"/><SP WIDTH="13" VPOS="1301" HPOS="734"/>
							<String ID="string_411" HPOS="747" VPOS="1301" WIDTH="54" HEIGHT="27" WC="0.97" CONTENT="joita"/><SP WIDTH="15" VPOS="1301" HPOS="801"/>
							<String ID="string_412" HPOS="816" VPOS="1301" WIDTH="98" HEIGHT="20" WC="0.96" CONTENT="mietintö"/>
						</TextLine>
						<TextLine ID="line_40" HPOS="86" VPOS="1328" WIDTH="829" HEIGHT="28">
							<String ID="string_413" HPOS="86" VPOS="1328" WIDTH="138" HEIGHT="22" WC="0.94" CONTENT="koskettelee."/><SP WIDTH="32" VPOS="1328" HPOS="224"/>
							<String ID="string_414" HPOS="256" VPOS="1328" WIDTH="45" HEIGHT="22" WC="0.94" CONTENT="Sitä"/><SP WIDTH="14" VPOS="1328" HPOS="301"/>
							<String ID="string_415" HPOS="315" VPOS="1336" WIDTH="27" HEIGHT="14" WC="0.96" CONTENT="on"/><SP WIDTH="18" VPOS="1336" HPOS="342"/>
							<String ID="string_416" HPOS="360" VPOS="1330" WIDTH="93" HEIGHT="20" WC="0.95" CONTENT="moitittu"/><SP WIDTH="18" VPOS="1330" HPOS="453"/>
							<String ID="string_417" HPOS="471" VPOS="1330" WIDTH="98" HEIGHT="26" WC="0.96" CONTENT="myöskin"/><SP WIDTH="17" VPOS="1330" HPOS="569"/>
							<String ID="string_418" HPOS="586" VPOS="1330" WIDTH="53" HEIGHT="25" WC="0.96" CONTENT="siitä,"/><SP WIDTH="16" VPOS="1330" HPOS="639"/>
							<String ID="string_419" HPOS="655" VPOS="1332" WIDTH="44" HEIGHT="19" WC="0.96" CONTENT="että"/><SP WIDTH="14" VPOS="1332" HPOS="699"/>
							<String ID="string_420" HPOS="713" VPOS="1330" WIDTH="40" HEIGHT="21" WC="0.96" CONTENT="itse"/><SP WIDTH="15" VPOS="1330" HPOS="753"/>
							<String ID="string_421" HPOS="768" VPOS="1330" WIDTH="53" HEIGHT="21" WC="0.93" CONTENT="niitä"/><SP WIDTH="14" VPOS="1330" HPOS="821"/>
							<String ID="string_422" HPOS="835" VPOS="1329" WIDTH="80" HEIGHT="27" WC="0.92" CONTENT="pakko-"/>
						</TextLine>
						<TextLine ID="line_41" HPOS="86" VPOS="1358" WIDTH="829" HEIGHT="26">
							<String ID="string_423" HPOS="86" VPOS="1358" WIDTH="162" HEIGHT="26" WC="0.96" CONTENT="toimenpiteitä,"/><SP WIDTH="16" VPOS="1358" HPOS="248"/>
							<String ID="string_424" HPOS="264" VPOS="1358" WIDTH="71" HEIGHT="21" WC="0.96" CONTENT="niiden"/><SP WIDTH="16" VPOS="1358" HPOS="335"/>
							<String ID="string_425" HPOS="351" VPOS="1358" WIDTH="89" HEIGHT="21" WC="0.96" CONTENT="luontoa"/><SP WIDTH="12" VPOS="1358" HPOS="440"/>
							<String ID="string_426" HPOS="452" VPOS="1358" WIDTH="23" HEIGHT="26" WC="0.96" CONTENT="ja"/><SP WIDTH="15" VPOS="1358" HPOS="475"/>
							<String ID="string_427" HPOS="490" VPOS="1358" WIDTH="72" HEIGHT="22" WC="0.96" CONTENT="laatua"/><SP WIDTH="16" VPOS="1358" HPOS="562"/>
							<String ID="string_428" HPOS="578" VPOS="1359" WIDTH="19" HEIGHT="20" WC="0.96" CONTENT="ei"/><SP WIDTH="16" VPOS="1359" HPOS="597"/>
							<String ID="string_429" HPOS="613" VPOS="1358" WIDTH="33" HEIGHT="21" WC="0.96" CONTENT="ole"/><SP WIDTH="21" VPOS="1358" HPOS="646"/>
							<String ID="string_430" HPOS="667" VPOS="1359" WIDTH="126" HEIGHT="21" WC="0.96" CONTENT="tarkemmin"/><SP WIDTH="20" VPOS="1359" HPOS="793"/>
							<String ID="string_431" HPOS="813" VPOS="1358" WIDTH="102" HEIGHT="26" WC="0.96" CONTENT="selitetty."/>
						</TextLine>
						<TextLine ID="line_42" HPOS="88" VPOS="1386" WIDTH="827" HEIGHT="28">
							<String ID="string_432" HPOS="88" VPOS="1386" WIDTH="42" HEIGHT="21" WC="0.96" CONTENT="Sen"/><SP WIDTH="23" VPOS="1386" HPOS="130"/>
							<String ID="string_433" HPOS="153" VPOS="1386" WIDTH="74" HEIGHT="21" WC="0.96" CONTENT="lisäksi"/><SP WIDTH="22" VPOS="1386" HPOS="227"/>
							<String ID="string_434" HPOS="249" VPOS="1386" WIDTH="52" HEIGHT="21" WC="0.96" CONTENT="mitä"/><SP WIDTH="22" VPOS="1386" HPOS="301"/>
							<String ID="string_435" HPOS="323" VPOS="1386" WIDTH="38" HEIGHT="22" WC="0.93" CONTENT="hra"/><SP WIDTH="22" VPOS="1386" HPOS="361"/>
							<String ID="string_436" HPOS="383" VPOS="1387" WIDTH="125" HEIGHT="21" WC="0.92" CONTENT="Lundenius"/><SP WIDTH="16" VPOS="1387" HPOS="508"/>
							<String ID="string_437" HPOS="524" VPOS="1394" WIDTH="28" HEIGHT="14" WC="0.96" CONTENT="on"/><SP WIDTH="16" VPOS="1394" HPOS="552"/>
							<String ID="string_438" HPOS="568" VPOS="1387" WIDTH="103" HEIGHT="27" WC="0.96" CONTENT="esittänyt"/><SP WIDTH="14" VPOS="1387" HPOS="671"/>
							<String ID="string_439" HPOS="685" VPOS="1387" WIDTH="64" HEIGHT="21" WC="0.96" CONTENT="niistä"/><SP WIDTH="15" VPOS="1387" HPOS="749"/>
							<String ID="string_440" HPOS="764" VPOS="1386" WIDTH="151" HEIGHT="27" WC="0.96" CONTENT="vaikeuksista,"/>
						</TextLine>
						<TextLine ID="line_43" HPOS="84" VPOS="1414" WIDTH="830" HEIGHT="28">
							<String ID="string_441" HPOS="84" VPOS="1414" WIDTH="62" HEIGHT="27" WC="0.96" CONTENT="jotka"/><SP WIDTH="16" VPOS="1414" HPOS="146"/>
							<String ID="string_442" HPOS="162" VPOS="1416" WIDTH="50" HEIGHT="20" WC="0.96" CONTENT="ovat"/><SP WIDTH="15" VPOS="1416" HPOS="212"/>
							<String ID="string_443" HPOS="227" VPOS="1414" WIDTH="135" HEIGHT="22" WC="0.96" CONTENT="kohdanneet"/><SP WIDTH="15" VPOS="1414" HPOS="362"/>
							<String ID="string_444" HPOS="377" VPOS="1415" WIDTH="144" HEIGHT="21" WC="0.96" CONTENT="valiokunnan"/><SP WIDTH="17" VPOS="1415" HPOS="521"/>
							<String ID="string_445" HPOS="538" VPOS="1417" WIDTH="65" HEIGHT="25" WC="0.96" CONTENT="työtä,"/><SP WIDTH="16" VPOS="1417" HPOS="603"/>
							<String ID="string_446" HPOS="619" VPOS="1416" WIDTH="51" HEIGHT="20" WC="0.96" CONTENT="mitä"/><SP WIDTH="15" VPOS="1416" HPOS="670"/>
							<String ID="string_447" HPOS="685" VPOS="1416" WIDTH="112" HEIGHT="21" WC="0.96" CONTENT="edelliseen"/><SP WIDTH="17" VPOS="1416" HPOS="797"/>
							<String ID="string_448" HPOS="814" VPOS="1414" WIDTH="100" HEIGHT="22" WC="0.96" CONTENT="seikkaan"/>
						</TextLine>
						<TextLine ID="line_44" HPOS="88" VPOS="1443" WIDTH="829" HEIGHT="28">
							<String ID="string_449" HPOS="88" VPOS="1443" WIDTH="62" HEIGHT="26" WC="0.96" CONTENT="tulee,"/><SP WIDTH="16" VPOS="1443" HPOS="150"/>
							<String ID="string_450" HPOS="166" VPOS="1443" WIDTH="106" HEIGHT="27" WC="0.96" CONTENT="pyytäisin"/><SP WIDTH="15" VPOS="1443" HPOS="272"/>
							<String ID="string_451" HPOS="287" VPOS="1444" WIDTH="58" HEIGHT="20" WC="0.96" CONTENT="minä"/><SP WIDTH="15" VPOS="1444" HPOS="345"/>
							<String ID="string_452" HPOS="360" VPOS="1444" WIDTH="144" HEIGHT="21" WC="0.96" CONTENT="valiokunnan"/><SP WIDTH="16" VPOS="1444" HPOS="504"/>
							<String ID="string_453" HPOS="520" VPOS="1444" WIDTH="130" HEIGHT="27" WC="0.96" CONTENT="menettelyn"/><SP WIDTH="17" VPOS="1444" HPOS="650"/>
							<String ID="string_454" HPOS="667" VPOS="1444" WIDTH="175" HEIGHT="26" WC="0.96" CONTENT="puolustukseksi"/><SP WIDTH="15" VPOS="1444" HPOS="842"/>
							<String ID="string_455" HPOS="857" VPOS="1443" WIDTH="60" HEIGHT="21" WC="0.96" CONTENT="näitä"/>
						</TextLine>
						<TextLine ID="line_45" HPOS="88" VPOS="1471" WIDTH="827" HEIGHT="23">
							<String ID="string_456" HPOS="88" VPOS="1471" WIDTH="153" HEIGHT="22" WC="0.96" CONTENT="muistutuksia"/><SP WIDTH="22" VPOS="1471" HPOS="241"/>
							<String ID="string_457" HPOS="263" VPOS="1474" WIDTH="89" HEIGHT="19" WC="0.96" CONTENT="vastaan"/><SP WIDTH="23" VPOS="1474" HPOS="352"/>
							<String ID="string_458" HPOS="375" VPOS="1472" WIDTH="141" HEIGHT="22" WC="0.96" CONTENT="huomauttaa"/><SP WIDTH="22" VPOS="1472" HPOS="516"/>
							<String ID="string_459" HPOS="538" VPOS="1474" WIDTH="146" HEIGHT="20" WC="0.96" CONTENT="muutamasta"/><SP WIDTH="22" VPOS="1474" HPOS="684"/>
							<String ID="string_460" HPOS="706" VPOS="1473" WIDTH="97" HEIGHT="21" WC="0.96" CONTENT="seikasta."/><SP WIDTH="34" VPOS="1473" HPOS="803"/>
							<String ID="string_461" HPOS="837" VPOS="1472" WIDTH="78" HEIGHT="21" WC="0.92" CONTENT="Niiden"/>
						</TextLine>
						<TextLine ID="line_46" HPOS="87" VPOS="1500" WIDTH="829" HEIGHT="28">
							<String ID="string_462" HPOS="87" VPOS="1500" WIDTH="222" HEIGHT="21" WC="0.92" CONTENT="anomusehdotusten"/><SP WIDTH="16" VPOS="1500" HPOS="309"/>
							<String ID="string_463" HPOS="325" VPOS="1503" WIDTH="86" HEIGHT="24" WC="0.93" CONTENT="ponnet,"/><SP WIDTH="14" VPOS="1503" HPOS="411"/>
							<String ID="string_464" HPOS="425" VPOS="1501" WIDTH="62" HEIGHT="27" WC="0.96" CONTENT="jotka"/><SP WIDTH="16" VPOS="1501" HPOS="487"/>
							<String ID="string_465" HPOS="503" VPOS="1503" WIDTH="50" HEIGHT="19" WC="0.95" CONTENT="ovat"/><SP WIDTH="16" VPOS="1503" HPOS="553"/>
							<String ID="string_466" HPOS="569" VPOS="1501" WIDTH="64" HEIGHT="21" WC="0.96" CONTENT="olleet"/><SP WIDTH="15" VPOS="1501" HPOS="633"/>
							<String ID="string_467" HPOS="648" VPOS="1501" WIDTH="142" HEIGHT="21" WC="0.93" CONTENT="valiokunnan"/><SP WIDTH="16" VPOS="1501" HPOS="790"/>
							<String ID="string_468" HPOS="806" VPOS="1500" WIDTH="110" HEIGHT="22" WC="0.92" CONTENT="käsiteltä-"/>
						</TextLine>
					</TextBlock>
				</ComposedBlock>
				<ComposedBlock ID="cblock_4" HPOS="826" VPOS="1540" WIDTH="22" HEIGHT="18">
					<TextBlock ID="block_4" HPOS="826" VPOS="1540" WIDTH="22" HEIGHT="18">
						<TextLine ID="line_47" HPOS="826" VPOS="1540" WIDTH="22" HEIGHT="18">
							<String ID="string_469" HPOS="826" VPOS="1540" WIDTH="22" HEIGHT="18" WC="0.96" CONTENT="48"/>
						</TextLine>
					</TextBlock>
				</ComposedBlock>
			</PrintSpace>
		</Page>
	</Layout>
</alto>
