1109 1770
209 110 42 38 800
419 117 228 22 Ämbetsmissbruken
659 122 8 17 i
679 122 92 21 Viborgs
784 121 41 17 län.
949 121 11 18 7
973 121 61 21 april.

208 189 46 21 icke
269 192 66 19 annat
349 192 26 18 än
391 190 85 21 ansluta
491 190 44 27 mig
549 190 32 21 till
597 190 40 21 den
649 189 144 28 uppfattning,
803 190 22 20 åt
836 189 85 21 hvilken
932 189 25 21 hr
968 188 68 29 Spoof

209 218 62 27 gifvit
285 218 90 27 uttryck.
405 218 43 22 Det
462 218 68 28 ligger
545 218 46 22 icke
607 221 60 19 utom
682 218 151 28 möjlighetens
849 220 94 25 gränser,
952 220 31 20 att
996 224 37 21 gu-

208 248 78 20 vernör
307 247 60 27 Lang
389 246 49 28 själf
459 247 105 21 föreställt
587 247 33 27 sig
641 247 39 21 och
699 247 80 21 kanske
794 246 107 28 framgent
915 246 119 22 föreställer

209 276 40 26 sig,
268 277 32 19 att
321 276 54 21 hans
398 276 72 21 metod
488 276 55 21 varit
558 276 58 21 länet
631 276 31 21 till
677 276 68 21 fördel
761 276 39 21 och
815 276 66 26 lycka.
909 276 125 21 Emellertid

208 304 69 21 måste
292 304 37 21 det
343 304 32 21 för
391 305 54 25 dem,
461 311 46 15 som
523 305 91 21 bedöma
633 304 78 22 folkets
733 304 232 27 framtidsmöjligheter
986 304 47 21 från

208 332 63 22 äfven
285 339 25 15 en
326 340 70 14 annan
412 333 109 27 synpunkt
535 335 26 19 än
577 333 82 21 antalet
673 333 107 21 förvisade
795 333 40 21 och
851 339 98 15 summan
964 332 24 22 af
1001 335 32 19 ut-

209 361 78 21 dömda
308 362 66 25 böter,
395 364 21 19 te
432 362 33 27 sig
480 362 43 21 helt
538 362 141 21 annorlunda.
729 362 28 21 Åbo
773 362 40 21 och
825 362 145 26 Björneborgs
986 362 46 20 läns

209 392 108 24 guvernör
332 390 43 26 har,
391 390 74 22 därom
479 390 73 22 kunna
567 391 130 21 åtminstone
707 391 7 21 i
725 390 71 22 Kumo
812 390 63 22 älfdal
887 391 85 21 bosatta
986 396 47 21 per-

209 425 64 15 soner
288 418 46 22 icke
349 418 63 27 tvifla,
428 419 80 27 lyckats
520 419 76 27 bringa
606 420 36 20 det
653 419 87 25 därhän,
751 422 31 18 att
796 420 3 20 i
809 419 84 26 mycket
904 419 130 21 vidsträckta

208 447 84 21 kretsar
307 447 21 21 af
342 447 69 22 länets
433 447 123 28 befolkning
574 448 41 21 den
631 447 138 27 uppfattning
783 447 23 21 af
819 447 36 21 det
870 454 41 20 nya
925 450 108 24 systemet,

207 475 22 21 åt
245 475 84 22 hvilken
353 477 115 20 ständerna
490 477 125 26 upprepade
637 477 80 26 gånger
740 475 61 28 gifvit
823 476 90 27 uttryck,
932 476 39 21 alls
987 476 46 21 icke

208 505 77 20 vunnit
299 504 96 22 rotfäste.
424 505 31 27 Ty
473 505 37 21 där
526 505 109 21 betraktar
651 505 92 27 mången
759 507 14 19 t.
789 511 30 14 ex.
835 505 197 26 värnepliktspåbu-

207 533 37 21 det
267 533 72 21 såsom
363 539 26 15 en
404 534 7 21 i
425 534 73 21 landet
521 533 97 28 gällande
641 533 40 27 lag.
711 533 122 22 Huruledes
855 533 69 22 denna
939 533 6 21 i
961 533 72 26 mjuka

208 561 51 22 skor
282 561 217 22 frammarscherande
524 563 87 26 ledning
626 562 23 21 af
662 562 207 27 angelägenheterna
892 562 38 21 har
952 561 80 28 lyckats

207 590 77 27 bringa
307 591 36 21 det
365 591 85 25 därhän,
466 593 31 19 att
519 591 137 26 öfvervåldet,
679 597 46 15 som
742 591 7 21 i
764 591 67 21 andra
853 591 58 21 delar
926 591 22 20 af
961 591 71 20 landet

207 618 114 23 framträdt
336 620 7 20 i
356 620 134 27 synnerligen
511 619 78 28 skarpa
609 619 79 22 former
704 619 39 22 och
759 619 70 27 bjärta
843 619 77 27 färger,
936 620 30 20 uti
982 619 51 21 våra

208 648 81 21 trakter
313 649 45 26 gått
381 649 81 26 ganska
485 648 117 21 oförmärkt
624 648 61 26 förbi,
703 651 51 18 utan
770 650 32 19 att
817 648 65 21 väcka
895 650 69 19 större
980 654 52 21 upp-

207 677 85 25 seende,
304 677 41 20 kan
356 683 43 21 nog
410 683 76 21 genom
503 677 77 27 många
595 677 96 27 exempel
706 677 91 27 belysas.
819 677 42 26 Jag
875 677 36 20 vill
926 677 55 20 blott
996 683 36 14 an-

207 704 46 21 föra
268 705 67 26 några
349 705 26 21 få.
405 706 41 27 Jag
462 706 37 21 har
514 706 44 26 mig
573 706 94 21 bekannt
682 706 130 21 åtminstone
827 705 42 22 fem
884 705 36 21 fall
932 705 46 21 från
989 706 43 20 min

208 733 113 27 hemtrakt,
344 734 38 21 där
406 741 56 20 unga
484 734 103 23 arbetare,
609 734 72 21 hvilka
703 734 44 21 haft
765 735 93 20 intresse
879 733 33 22 för
926 734 107 21 allmänna

207 762 179 27 angelägenheter
409 764 39 20 och
471 763 63 21 också
549 763 6 21 i
572 763 102 26 handling
696 763 61 26 gifvit
779 763 84 27 uttryck
879 763 21 20 åt
916 763 57 20 detta
996 763 37 20 sitt

207 791 98 26 intresse,
322 791 69 22 blifvit
405 792 7 21 i
427 792 82 21 trakten
530 791 77 22 mellan
623 791 136 28 Björneborg
774 791 39 22 och
828 791 65 22 Ikalis
906 791 78 27 jagade
1000 791 32 21 så-

208 825 47 15 som
271 820 57 21 vilda
344 820 48 27 djur
407 820 39 21 och
463 820 68 21 drifna
546 820 47 21 från
609 821 28 26 by
652 820 32 21 till
700 821 27 26 by
743 827 76 20 genom
836 820 81 27 skogen
930 820 6 21 i
946 822 86 19 nattens

207 848 92 26 mörker,
315 849 43 20 tills
374 849 26 21 de
416 849 99 27 slutligen
531 849 88 21 hamnat
634 851 50 19 utan
701 849 116 26 ekipering,
833 851 51 19 utan
899 855 86 20 pengar,
996 849 36 20 be-

207 876 121 22 härskande
343 878 77 21 endast
435 878 38 20 sitt
487 877 69 21 finska
571 877 134 26 modersmål,
721 877 145 27 någonstädes
879 879 59 19 utom
949 877 83 21 landets

208 907 94 24 gränser,
318 906 7 20 i
339 906 114 26 Tyskland,
475 906 100 21 Amerika
591 906 51 20 eller
657 906 106 26 England.
793 906 33 20 De
841 907 55 24 män,
913 912 44 14 som
974 906 59 20 idkat

208 934 40 20 den
262 933 81 27 jakten,
359 934 62 21 hafva
435 934 46 22 icke
496 934 59 22 hetat
569 934 122 26 Androsoff,
707 934 102 27 Parfejeff
817 940 19 15 o.
852 940 15 15 s.
883 940 25 19 v.,
923 936 51 19 utan
990 940 43 21 nog

207 962 56 21 varit
285 962 70 22 finska
376 963 131 27 infödingar;
530 963 26 21 de
579 963 63 21 hafva
656 963 46 21 icke
717 963 66 21 häller
799 963 49 21 hört
863 962 31 22 till
910 962 122 22 samhällets

208 992 81 20 sämsta
312 991 97 26 element,
432 998 35 14 om
489 998 49 15 man
560 992 87 21 därmed
668 992 79 21 förstär
763 991 201 27 samhällsdräggen,
981 994 51 18 utan

206 1019 139 21 allesamman
366 1020 27 21 ha
416 1021 54 20 varit
484 1020 7 21 i
506 1020 65 27 öfrigt
588 1020 48 21 fullt
658 1020 96 26 redbara,
774 1020 103 27 präktiga,
892 1020 140 21 rättänkande

207 1048 130 26 människor,
354 1048 71 22 hvilka
438 1048 40 22 fätt
493 1049 33 27 sig
541 1049 112 27 bibringad
669 1049 40 21 den
725 1048 143 28 uppfattning,
878 1050 32 19 att
920 1048 40 21 den
972 1048 60 21 värk-

207 1076 84 22 samhet
313 1077 64 21 dessa
399 1084 57 20 unga
479 1080 48 18 män
550 1077 101 21 bedrifvit
666 1078 55 20 varit
736 1078 45 21 icke
797 1078 76 20 endast
888 1077 78 27 olaglig
981 1079 51 19 utan

206 1104 33 21 för
255 1105 73 21 landet
351 1106 134 27 synnerligen
508 1106 201 27 fördärfbringande
731 1106 39 21 och
786 1106 88 26 skadlig.
905 1106 37 21 Uti
958 1105 75 27 själfva

207 1133 127 22 hemstaden
350 1134 63 22 hafva
427 1135 68 21 under
511 1135 26 21 de
552 1135 53 21 sista
620 1137 33 19 tre
667 1135 51 21 ären
735 1134 101 22 särskildt
846 1134 67 27 nägra
920 1134 112 21 händelser

206 1162 42 21 fäst
270 1163 43 20 min
337 1163 192 27 uppmärksamhet.
560 1164 45 20 Där
628 1163 63 21 hafva
713 1163 126 27 visserligen
859 1162 93 22 inträffat
967 1163 67 26 nägra

206 1190 235 28 husundersökningar,
464 1198 48 15 men
535 1198 35 14 om
591 1192 48 21 dem
655 1192 42 21 kan
709 1192 39 27 jag
762 1192 47 20 icke
824 1191 97 21 meddela
935 1193 98 19 närmare

207 1220 161 26 upplysningar.
398 1220 49 21 Men
469 1220 64 21 bland
556 1226 110 21 personer,
689 1227 46 14 som
759 1220 53 21 stätt
833 1220 44 26 mig
896 1222 56 23 nära,
971 1220 63 21 hafva

205 1247 132 22 ätminstone
361 1252 33 17 tre
416 1248 69 21 blifvit
503 1251 51 18 utan
573 1249 70 26 synlig
657 1249 116 26 anledning
787 1248 112 26 fängslade
914 1248 39 21 och
968 1247 65 22 inför-

205 1277 93 25 passade
313 1277 32 20 till
361 1279 106 24 guvernör
481 1277 71 27 Langs
569 1277 133 27 disposition.
725 1277 68 27 Ingen
809 1277 22 20 af
845 1277 47 21 dem
909 1277 75 26 gjorde
994 1283 38 14 un-

206 1305 41 20 dan
264 1305 70 21 denna
350 1306 49 21 visit
414 1306 27 26 pä
456 1306 85 21 kortare
557 1306 30 21 tid
602 1308 26 19 än
644 1306 36 21 tvä
695 1306 83 25 veckor,
794 1305 40 21 den
851 1305 83 26 längsta
950 1305 36 21 vill
996 1305 38 27 jag

205 1333 85 21 minnas
311 1334 78 21 varade
408 1340 36 15 sex
460 1334 82 21 veckor.
572 1334 11 20 I
599 1334 41 21 alla
655 1334 63 21 dessa
733 1334 36 21 fall
785 1334 135 20 meddelades
935 1334 45 20 icke
996 1334 36 20 nä-

206 1364 37 24 got
258 1362 93 21 rörande
366 1362 91 22 orsaken
473 1363 31 21 till
519 1369 68 15 resan.
617 1362 50 22 Icke
682 1362 67 22 häller
761 1362 46 21 blef
815 1362 62 21 offret
887 1361 32 22 för
930 1362 102 26 åtgärden

205 1390 8 20 i
228 1390 67 27 något
310 1390 36 22 fall
363 1391 148 21 underrättadt
529 1398 38 18 om,
579 1391 81 21 hvilken
676 1393 34 19 art
724 1390 23 22 af
760 1390 130 27 behandling
907 1390 41 22 han
965 1390 68 22 skulle

205 1418 65 22 blifva
294 1420 151 20 underkastad.
474 1420 78 21 Vidare
574 1420 95 20 förekom
693 1420 46 21 icke
761 1419 71 21 förrän
855 1420 6 20 i
885 1425 74 15 resans
981 1419 52 21 sista

205 1448 66 20 stund
287 1448 66 26 något
368 1448 139 21 meddelande
522 1455 41 19 om,
578 1448 55 21 hvad
643 1448 41 21 han
696 1448 109 21 eventuelt
816 1454 29 14 nu
856 1448 54 21 hade
921 1450 32 18 att
964 1450 68 18 vänta.

205 1475 44 21 Det
265 1478 22 19 är
303 1476 33 21 för
352 1477 36 21 det
403 1476 116 22 västfinska
542 1479 103 25 systemet
667 1477 54 21 dock
743 1477 135 27 synnerligen
901 1476 132 27 upplysande

205 1507 32 18 att
253 1504 121 26 observera,
398 1506 47 20 med
467 1506 70 20 hvilka
553 1505 87 21 känslor
655 1506 64 20 dessa
734 1512 105 20 personer
855 1505 115 21 återvände
985 1505 46 21 från
