1109 1764
197 102 52 39 560
490 114 112 17 Särskilda
613 114 120 20 petitioner.
954 113 26 18 27
989 112 43 22 jan.

273 182 25 21 hr
314 182 180 26 Salminens,
510 189 35 15 om
556 183 132 21 inrättandet
698 182 23 22 af
729 182 130 27 offentliga
871 181 160 27 förliknings-

203 210 173 23 institutioner
391 211 89 21 emellan
495 211 156 27 arbetsgifvare
667 211 39 21 och
721 211 108 26 arbetare;

273 267 25 21 hr
321 268 171 27 Liljeroos'
510 275 27 15 m.
556 268 25 27 fl,
602 275 35 15 om
657 268 75 28 anslag
749 268 33 22 för
798 267 210 29 privatskolornas
1023 266 9 22 i

203 295 87 23 landet
305 297 213 27 pensionskassor;

273 353 26 21 hr
322 354 135 22 Winters
480 361 27 15 m.
523 354 27 27 fi.,
566 355 111 27 angående
692 354 122 22 inrättande
829 354 23 21 af
866 360 26 15 en
908 353 124 29 pensions-

204 381 71 23 kassa
291 382 42 22 för
348 382 186 27 barnmorskor;
546 372 4 9 '

274 439 25 21 hr
321 440 164 21 Lindroos”
506 447 28 15 m.
549 440 26 26 fi.,
591 440 111 28 angående
717 440 138 22 utfärdandet
870 440 22 21 af
905 440 127 26 lagbestäm-

204 468 77 26 ningar
296 474 35 15 om
347 468 242 28 normalarbetsdag
578 464 15 36 ;

273 525 26 22 hr
321 526 195 26 Lundenius',
532 533 35 15 om
591 527 128 26 utvidgning
742 526 22 22 af
780 526 128 28 fyrklassiga
930 525 102 23 svenska

205 553 222 24 elementarskolan
444 555 9 22 i
471 555 86 22 Lovisa
573 556 48 21 med
636 562 26 15 en
678 555 65 22 femte
758 555 58 22 klass
832 557 57 20 samt
904 557 31 20 att
946 554 86 22 skolans

204 582 151 28 lärareplatser
371 583 66 22 måtte
452 584 129 21 ordinariter
597 584 104 26 besättas;

274 640 26 21 hr
315 641 114 21 Latvas
446 647 27 15 m.
490 641 26 26 fi.,
532 648 35 15 om
583 641 75 28 anslag
673 641 33 22 för
721 641 262 28 fortbidningskurser
998 641 35 22 vid

205 669 149 21 universitetet
369 669 42 22 för
425 669 206 27 folkskollärare;
648 673 55 18 samt

274 726 26 21 hr
324 727 90 21 Karis
437 726 69 27 m.fl.,
528 733 33 15 om
586 727 151 28 upphäfvande
757 727 52 22 eller
824 727 94 22 revision
934 727 23 21 af
970 727 63 27 lego-

205 754 104 28 stadgan
324 755 23 21 af
360 755 40 22 den
416 755 28 22 30
456 755 85 28 januari
559 756 60 21 1865.

275 910 121 27 Föredrogs
418 911 25 21 hr
467 911 170 28 Hallbergs
653 918 27 15 m.
698 911 25 25 fl.
744 911 35 22 vid
795 911 88 27 plenum
899 911 41 21 den
956 911 27 20 23
998 911 35 20 de-

204 939 87 21 cember
315 939 55 21 1904
388 939 71 22 härtill
473 940 134 28 bordlaggda
622 940 89 27 petition
728 947 34 15 om
779 939 121 28 beviljande
914 939 24 22 af
950 939 84 22 skade-

205 968 140 27 ersättning
360 968 25 22 ät
400 968 169 28 medborgare,
586 968 84 22 hvilka
686 970 59 21 utan
762 969 53 27 laga
827 968 151 27 ransakning
988 968 46 22 och

205 996 57 22 dom
287 996 122 22 beröfvats
431 997 85 28 tjänst,
535 998 103 27 pension
658 998 63 21 eller
736 997 90 27 frihet,
842 997 64 22 eller
920 996 113 22 hindrats

205 1025 37 21 att
257 1024 76 22 vistas
348 1025 9 21 i
373 1025 92 23 landet.

275 1088 33 21 Hr
326 1088 180 22 Lundenius
521 1089 72 21 anhöll
608 1096 34 14 om
659 1089 62 21 ordet
736 1089 40 21 och
791 1089 93 27 yttrade:
909 1089 42 27 Jag
966 1088 68 22 skulle

204 1109 85 29 anhälla
305 1123 34 15 om
355 1117 157 27 bordläggning
527 1118 65 21 ocksä
606 1118 23 21 af
643 1118 58 21 detta
715 1118 86 21 ärende.

274 1179 33 21 Hr
333 1180 135 26 Ingman:
498 1180 75 22 Minun
599 1180 119 22 mielestäni
743 1180 94 22 tämäkin
863 1186 28 16 on
913 1180 47 28 yksi
983 1180 52 21 niitä

203 1208 84 25 asioita,
307 1208 62 27 jotka
390 1209 111 21 voisimme
521 1209 92 21 lähettää
628 1209 157 26 valiokuntaan,
798 1209 23 27 ja
837 1209 143 27 puolustaisin
996 1214 38 16 sen

204 1236 78 21 vuoksi
298 1243 38 14 sen
352 1237 113 27 erityiseen
481 1237 230 22 valitusvaliokuntaan
727 1238 150 21 lähettämistä.

274 1299 33 21 Hr
323 1300 151 22 Renlund:
491 1301 43 26 Jag
546 1300 69 22 skulle
625 1300 65 22 ocksä
699 1300 84 26 föreslä,
794 1302 32 20 att
836 1300 118 27 petitionen
966 1300 68 21 skulle

203 1328 122 21 remitteras
342 1328 30 21 till
389 1328 104 22 särskilda
508 1329 201 21 besvärsutskottet.

275 1385 32 21 Hr
323 1386 163 27 Hallberg:
507 1386 73 27 Enligt
596 1386 43 21 min
655 1386 64 21 tanke
729 1386 40 21 kan
782 1386 45 21 icke
838 1386 118 27 petitionen
969 1387 65 31 gärna

203 1414 124 21 remitteras
349 1415 31 20 till
404 1415 67 26 nägot
489 1417 66 19 annat
573 1415 84 21 utskott
675 1417 26 19 än
717 1415 31 21 till
765 1415 169 24 statsutskottet,
949 1421 46 14 som
1009 1415 24 26 ju

204 1444 86 25 uppgör
312 1442 81 27 förslag
414 1443 31 21 till
465 1444 85 27 budget,
567 1444 38 21 och
621 1444 27 21 dä
663 1444 164 21 statsutskottet
842 1443 34 21 väl
891 1443 55 21 först
960 1443 74 26 längre

203 1469 55 23 fram
281 1471 28 27 pä
326 1471 128 32 landtdagen
471 1472 37 21 har
524 1472 81 21 tillfälle
620 1474 31 19 att
666 1472 86 21 komma
768 1472 31 21 till
815 1472 120 32 budgetens
952 1473 81 26 uppgö-

203 1499 74 26 rande,
301 1499 54 22 hade
375 1500 38 27 jag
436 1501 45 21 icke
504 1501 61 21 tänkt
587 1501 27 26 pä
633 1503 32 19 att
690 1507 28 14 nu
744 1501 79 26 begära
853 1501 84 20 remiss.
975 1500 58 21 Enär
