1114 1770
74 134 25 16 14
111 134 61 20 april.
402 126 189 33 Rösträttsfrågan.
846 127 55 22 1009

76 205 32 19 att
123 202 68 22 under
212 209 29 15 nu
256 203 7 21 i
278 202 72 21 landet
365 202 94 22 rådande
474 202 100 27 politiska
589 202 147 22 förhållanden
751 202 87 27 vidtaga
853 201 49 22 med

76 231 13 21 å
119 231 114 21 ständerna
258 231 156 21 ankommande
436 230 254 28 lagstiftningsätgärder,
713 230 132 22 förhindrats
870 232 32 19 att

77 259 72 21 skrida
170 260 32 20 till
225 259 121 21 omedelbar
364 259 160 27 handläggning
539 259 23 21 af
575 259 236 27 grundlagsutskottets
827 259 74 21 betän-

75 288 71 21 kande
161 288 91 21 rörande
266 288 79 21 reform
361 287 23 21 af
397 289 116 20 rösträtten
529 288 36 21 vid
580 288 35 21 val
630 288 32 21 till
677 288 100 26 borgare-
790 288 40 21 och
847 288 53 20 bon-

77 317 125 25 destånden,
225 316 53 22 dock
300 316 56 21 hvad
371 316 156 22 betänkandets
544 316 82 27 sakliga
640 316 94 22 innehåll
748 316 101 22 beträffar
864 318 37 19 äro

77 345 7 21 i
99 345 38 21 allt
151 345 115 27 väsentligt
281 351 51 15 ense
348 345 48 21 med
412 345 54 26 dem,
482 345 72 21 hvilka
568 344 96 22 förordat
680 345 118 21 reformens
814 344 88 22 oförtöf-

77 374 54 21 vade
153 373 172 28 genomförande.
355 373 38 21 Att
414 374 38 20 vår
475 373 139 27 uppfattning
636 380 34 15 om
690 373 156 27 behöfligheten
863 373 40 21 och

77 402 185 28 nödvändigheten
287 402 23 21 af
328 402 60 27 långt
410 402 82 27 gående
515 402 159 22 demokratiska
696 402 104 21 reformer
818 402 28 27 på
861 402 42 21 den

77 431 101 27 politiska
193 432 127 20 rösträttens
336 431 87 20 område
438 431 46 20 icke
499 431 83 21 kunnat
596 431 86 21 komma
697 431 32 20 till
746 437 63 20 synes
825 436 78 21 genom

77 459 127 27 deltagande
219 459 6 21 i
240 461 32 19 ett
286 459 76 26 beslut,
378 465 46 15 som
441 459 55 22 varit
515 459 79 27 egnadt
606 461 32 20 att
648 459 132 22 omedelbart
791 459 47 21 föra
848 460 55 20 röst-

77 488 122 21 rättssaken
221 487 84 26 framåt,
316 488 64 21 beror
388 487 91 22 sålunda
486 488 45 21 helt
540 488 39 21 och
594 488 65 21 hållet
667 488 28 27 på
703 488 138 27 regeringens
854 487 50 22 obe-

78 517 107 26 nägenhet
207 519 37 23 att,
265 517 28 26 på
315 518 43 19 sätt
380 517 116 21 ständerna
517 517 7 20 i
540 517 33 21 sin
589 518 59 20 stora
662 517 90 26 petition
767 516 67 28 yrkat,
849 516 55 21 åter-

78 545 62 21 ställa
163 545 36 21 det
221 545 77 27 lagliga
313 545 157 27 styrelsesättet
484 546 7 20 i
506 545 48 21 vårt
576 545 56 21 land.
663 545 61 21 Hade
747 545 24 21 så
793 545 57 21 skett
865 544 40 22 och

79 574 116 21 ständerna
209 573 74 21 härvid
298 573 86 21 beredts
406 574 87 20 rådrum
509 576 32 19 att
556 574 32 21 till
602 574 86 26 allsidig
697 573 101 27 pröfning
810 575 95 25 upptaga

78 602 183 27 rösträttsfrågan,
269 602 69 21 skulle
348 602 26 26 vi,
383 602 84 21 oafsedt
474 602 86 27 möjliga
568 602 238 27 meningsdivergenser
814 602 7 21 i
831 602 74 26 detalj-

78 630 79 28 frågor,
180 631 89 21 anslutit
290 637 36 15 oss
350 630 31 22 till
396 632 32 20 ett
442 630 189 28 reformprogram,
646 630 101 22 afseende
761 631 7 21 i
783 630 123 22 hufvudsak

78 659 112 21 införande
205 659 23 21 af
246 659 85 21 allmän
346 661 91 19 rösträtt
455 660 49 20 med
518 659 143 28 fullständigt
668 660 147 27 aflägsnande
823 659 30 27 af
863 659 42 21 den

75 688 33 27 på
122 688 98 21 inkomst
232 688 114 27 grundade
361 688 131 22 röstskalan.

79 750 87 22 Arthur
183 750 95 21 Castrén.
370 750 71 21 Artur
456 752 184 20 Hammarström.
735 750 25 22 G.
775 750 20 22 J.
816 750 87 21 Winter.

185 802 78 21 Teodor
278 802 56 28 Aug.
351 802 82 21 Heikel.
571 802 21 21 J.
610 802 36 21 Th.
662 802 139 21 Durchman.

108 858 82 22 Heikki
204 858 98 22 Renvall.
393 859 25 21 A.
435 859 95 22 Luoma.
622 859 62 21 Gust.
699 859 56 21 Rud.
771 858 90 22 Idman.

149 961 34 21 Hr
205 961 85 21 Alin:
326 961 87 27 Pyydän
437 962 65 21 saada
524 962 146 27 pöytäkirjaan
696 962 131 27 merkityksi,
849 963 59 20 etten

80 989 34 22 ole
130 989 105 22 äänelläni
249 991 98 26 päätöstä
362 990 150 22 kannattanut.

151 1052 34 22 Hr
200 1052 168 22 Salminen:
398 1053 88 27 Pyydän
501 1053 64 27 yhtyä
579 1053 39 21 hra
634 1053 66 21 Karin
715 1052 194 22 vastalauseeseen.

152 1110 33 21 Hr
200 1110 183 27 Björklund:
414 1110 88 28 Pyydän
518 1112 60 26 myös
594 1110 65 21 saada
674 1110 146 27 pöytäkirjaan
831 1110 78 21 merki-

83 1138 61 50 J
159 1140 58 20 etten
233 1138 33 22 ole
281 1139 104 21 äänelläni
406 1139 143 21 kannattanut
564 1139 80 27 säädyn
660 1140 107 26 päätöstä;
782 1138 72 28 yhdyn
869 1138 39 22 hra

105 1173 60 15 ariin.

152 1230 34 21 Hr
201 1230 161 21 Lindroos:
392 1230 88 27 Pyydän
496 1232 60 26 myös
572 1230 66 22 saada
651 1230 64 27 yhtyä
730 1230 39 21 hra
784 1230 67 22 Karin
862 1236 48 15 vas-

85 1258 153 22 talauseeseen.

153 1343 90 22 Plenum
264 1343 83 22 afbröts
369 1343 53 22 härä
443 1344 28 21 kl.
495 1345 53 26 12,20
563 1351 20 20 p.
598 1351 20 14 n.
634 1344 39 21 och
695 1343 110 22 fortsattes
821 1344 47 21 äter
883 1343 28 22 kl.

87 1373 9 20 1
113 1379 20 20 p.
149 1379 27 19 n.,
191 1372 89 22 hvarvid
294 1372 113 27 föredrogs

153 1429 247 27 bevillningsutskottets
423 1429 136 22 betänkande
582 1436 34 15 n:o
632 1429 13 22 2
660 1429 7 22 i
682 1429 115 28 anledning
812 1429 23 22 af
849 1429 61 21 Hans

86 1458 120 27 Kejserliga
221 1458 111 27 Majestäts
347 1458 79 27 nådiga
440 1459 159 26 propositioner
615 1458 50 21 n:ris
673 1458 33 26 21,
722 1459 27 20 22
757 1458 39 21 och
804 1458 28 21 25
848 1458 64 27 angå-

85 1487 55 20 ende
156 1487 136 27 bevillning
306 1487 42 22 för
362 1487 167 27 tillvärkning
544 1487 28 21 af
584 1486 177 27 maltdrycker,
774 1486 137 27 bevillning

85 1514 40 22 för
147 1515 111 27 spelkort
277 1517 56 19 samt
344 1515 258 27 stämpelbevillning;
619 1515 39 21 och
673 1515 7 21 i
696 1515 154 26 sammanhang
865 1515 48 21 där-

822 1548 23 18 64
