1111 1767
74 129 26 17 10
113 129 60 20 april.
258 128 216 18 Missförhållandena
485 129 58 17 inom
555 128 158 18 skolväsendet.
859 122 41 22 825

77 197 41 21 det.
150 197 74 21 Såsom
248 197 57 21 såväl
329 197 74 27 själfva
423 198 143 20 betänkandet
582 199 88 25 utsäger
685 197 40 21 och
740 197 71 21 såsom
827 197 38 21 här
880 196 23 22 af

76 225 52 22 flere
150 226 66 21 talare
238 225 69 22 blifvit
330 226 68 27 sagdt,
419 226 69 27 åsyfta
503 226 63 21 dessa
580 226 101 26 åtgärder
696 232 27 14 en
739 225 161 22 denationalise-

77 254 48 27 ring
139 254 23 21 af
175 254 101 22 skolorna
290 254 40 22 och
345 254 83 22 således
449 254 62 22 äfven
533 254 23 22 af
573 254 48 22 vårt
635 254 50 21 folk.
716 254 147 22 Betänkandet
878 256 23 19 är

77 282 118 22 emellertid
210 283 24 21 så
248 282 135 28 fullständigt
405 282 39 22 och
460 283 38 21 har
514 283 23 21 så
552 283 7 21 i
574 283 63 27 detalj
654 283 114 21 behandlat
784 282 40 22 alla
839 283 63 21 dessa

77 311 200 22 missförhållanden
292 312 59 20 inom
371 312 150 26 skolområdet,
537 314 31 19 att
580 312 38 26 jag
633 312 46 21 icke
694 312 36 20 vill
745 312 50 26 ingå
809 312 7 20 i
830 312 71 26 någon

78 340 198 27 detaljgranskning
297 340 65 22 däraf.
392 340 43 21 Det
457 342 24 19 är
503 340 77 22 endast
598 346 34 16 om
649 340 36 21 det
700 340 106 21 allmänna
820 340 82 27 intryck

78 369 59 21 detta
161 369 133 21 betänkande
316 369 28 27 på
365 369 44 27 mig
432 369 61 27 gjort,
517 375 46 15 som
581 369 38 27 jag
631 369 36 21 vill
682 370 78 20 nämna
775 369 65 27 några
855 368 45 22 ord.

78 397 33 21 De
131 397 144 27 olagligheter,
291 404 46 14 som
356 398 87 20 beröras
458 398 7 20 i
481 398 103 21 särskilda
607 398 206 21 besvärsutskottets
828 398 73 20 betän-

78 426 69 21 kande
162 432 34 15 om
212 426 27 22 de
254 426 168 21 administrativa
444 426 213 22 missförhållandena
672 426 7 21 i
694 426 93 27 Viborgs
802 426 40 26 län,
864 428 38 19 äro

79 455 129 21 värkställda
231 455 31 21 till
278 457 45 19 stor
339 455 33 21 del
388 455 129 21 åtminstone
532 455 23 21 af
567 455 46 22 icke
628 455 69 21 finska
712 455 125 27 infödingar,
852 461 48 15 men

79 483 131 22 beträffande
225 484 26 21 de
266 483 105 27 åtgärder,
387 490 46 15 som
449 490 29 15 nu
493 483 162 27 ifrågavarande
665 484 134 21 betänkande
809 483 93 22 behand-

79 512 37 26 lar,
133 513 23 20 så
170 512 38 21 har
224 512 77 21 aflidna
324 513 195 26 generalguvernör
541 512 113 22 Bobrikoff
667 513 35 20 vid
718 513 74 20 dessas
815 518 87 21 genom-

79 541 89 21 förande
184 541 31 21 till
232 541 46 21 sina
293 541 91 27 redskap
400 541 45 21 haft
460 544 87 19 senaten
564 541 39 22 och
619 541 218 27 skolöfverstyrelsen.
861 541 42 26 Jag

79 570 110 24 erkänner,
205 572 31 19 att
251 570 63 21 dessa
329 569 158 28 myndigheters
504 570 100 27 ställning
614 570 56 21 varit
680 570 56 26 svår,
746 576 48 15 men
807 569 96 22 öfverallt

80 598 6 21 i
102 598 143 21 betänkandet
260 598 37 21 har
310 598 38 27 jag
364 599 70 21 såsom
451 605 25 14 en
490 599 160 26 genomgående
664 599 47 20 tråd
722 599 57 26 tyckt
789 599 44 26 mig
840 597 63 26 finna,

80 629 31 19 att
127 627 130 21 motståndet
280 627 39 21 hos
342 629 87 19 senaten
453 627 54 22 varit
525 627 83 27 mycket
624 630 62 24 svagt
701 627 39 21 och
756 627 99 21 stundom
872 626 31 21 till

81 655 39 22 och
143 656 47 21 med
212 655 39 22 har
269 656 38 27 jag
321 655 58 28 tyckt
391 656 44 27 mig
449 656 74 21 märka
538 662 26 15 en
580 658 46 19 stor
642 656 160 27 beredvillighet
816 657 32 20 att
862 655 41 21 till-

81 684 96 27 mötesgå
191 683 78 22 aflidna
284 685 220 26 generalguvernören
520 685 7 20 i
542 685 54 21 hans
611 684 292 27 förryskningssträfvanden.

82 713 85 21 Samma
192 713 91 21 tendens
304 713 71 27 tycker
396 713 37 27 jag
456 713 43 27 mig
513 713 108 21 förmärka
635 713 40 21 hos
691 712 212 28 skolöfverstyrelsen

82 741 65 21 sedan
170 741 49 22 dess
242 748 40 20 nya
305 742 193 27 sammansättning
520 742 23 21 år
567 742 61 25 1902,
644 742 39 21 och
706 742 95 26 speciellt
815 741 38 21 har
866 741 38 26 jag

81 770 67 21 kännt
170 770 43 27 mig
229 771 100 26 upprörd,
345 770 25 21 då
384 770 38 27 jag
438 770 41 22 läst
494 771 53 21 sidd.
564 771 40 20 109
621 770 39 21 och
677 771 41 20 110
733 771 6 20 i
755 770 148 25 betänkandet,

81 798 72 21 hvilka
175 799 105 21 behandla
302 799 275 27 öfverdirektörsadjointen
593 799 170 26 Tavaststjernas
778 798 126 27 tillgörande

82 827 7 21 i
104 827 60 27 fråga
179 833 34 15 om
229 827 62 22 fallen
309 827 74 22 Krook
398 827 39 22 och
453 827 121 28 Piispanen.
590 828 47 21 Den
654 828 141 26 värksamhet,
811 833 46 16 som
868 827 36 20 be-

82 855 83 22 drifvits
181 856 21 21 at
216 856 275 27 öfverdirektörsadjointen
514 857 165 26 Tavaststjerna,
695 856 38 21 har
748 855 98 22 förefallit
861 855 44 26 mig

81 884 84 27 mycket
179 886 52 19 nära
246 887 89 24 tangera
350 885 167 26 gendarmeriets
530 885 240 21 värksamhetsomräde.
786 885 74 21 Under
871 883 33 22 sä-

83 913 55 21 dana
159 912 145 22 förhällanden
326 913 107 22 förefaller
455 913 36 22 det
510 914 44 26 mig
568 914 130 21 ätminstone
712 913 64 28 högst
791 913 113 27 besynner-

81 941 45 27 ligt,
149 947 34 16 om
206 942 78 21 nämda
306 941 249 28 öfverdirektörsadjoint
578 942 53 21 efter
654 943 26 20 de
700 942 137 27 afslöjanden,
858 947 46 15 som

83 976 76 21 genom
181 970 144 22 betänkandet
347 971 90 20 kommit
451 971 32 20 till
498 971 154 21 allmänhetens
673 971 126 25 kännedom,
815 970 39 21 och
869 970 37 21 det

83 999 132 21 bedömande
238 999 70 21 denna
330 999 135 21 värksamhet
487 999 40 22 fätt
549 1000 41 21 kan
606 1000 73 21 vidare
698 999 87 22 kvarstä
799 1000 7 20 i
821 999 32 21 sin
870 998 35 21 be-

83 1026 96 28 fattning.
209 1028 42 26 Jag
271 1030 51 23 tror,
337 1030 31 19 att
380 1028 38 27 jag
432 1027 47 22 icke
494 1030 23 19 är
533 1035 72 14 ensam
621 1035 35 14 om
672 1029 69 20 denna
757 1028 60 25 äsikt,
833 1030 22 24 ty
870 1027 37 20 det

83 1056 68 21 mäste
163 1056 25 27 ju
203 1055 33 22 för
247 1056 79 21 enhvar
340 1056 95 26 framstä,
450 1059 32 19 att
497 1057 26 21 de
540 1057 160 27 underlydande
716 1057 101 25 lärarena,
835 1055 72 21 hvilka

83 1085 67 20 borde
169 1084 31 21 till
216 1085 85 25 honom,
317 1085 31 21 sin
368 1085 52 25 chef,
437 1091 22 15 se
475 1086 49 21 med
539 1085 94 27 aktning,
649 1085 39 22 alls
703 1085 46 22 icke
764 1085 71 21 kunna
855 1084 52 27 hysa

83 1113 88 27 aktning
193 1113 32 21 för
248 1120 26 14 en
297 1120 85 20 person,
398 1120 45 15 som
468 1114 78 21 tilläter
568 1115 32 26 sig
617 1114 81 21 sädana
712 1114 130 27 handlingar,
859 1118 47 15 som

84 1142 48 21 dem
148 1142 143 21 betänkandet
306 1144 125 19 omnämner
447 1142 131 22 beträffande
593 1143 25 20 hr
634 1143 165 26 Tavaststjerna.

153 1199 33 20 Hr
202 1199 168 21 Sumelius:
401 1199 40 22 Vid
465 1199 158 28 granskningen
640 1199 22 22 af
675 1199 144 27 föreliggande
833 1199 74 20 betän-

84 1227 69 21 kande
175 1227 66 22 fäster
263 1234 49 15 man
336 1228 33 27 sig
391 1228 35 21 vid
441 1234 26 15 en
484 1228 78 27 mängd
583 1228 99 27 ätgärder
695 1228 45 21 frän
757 1227 151 26 skolöfversty-

84 1255 82 22 relsens
189 1256 51 26 sida,
262 1256 71 21 hvilka
356 1257 117 20 framställa
496 1257 49 21 dess
567 1257 159 26 handlingssätt
747 1257 6 20 i
775 1263 26 14 en
820 1255 88 27 lindrigt

85 1284 62 27 sagdt
163 1285 135 26 besynnerlig
320 1285 71 26 dager.
421 1285 79 22 Vidare
522 1285 61 22 hafva
599 1285 7 21 i
621 1285 89 21 ärendet
724 1285 51 22 flere
789 1285 67 21 andra
871 1284 36 26 dy-

84 1313 43 21 lika
141 1313 113 21 händelser
277 1320 28 15 nu
328 1313 38 22 här
389 1313 118 23 relaterats.
536 1314 34 21 Då
588 1313 61 22 äfven
665 1314 6 21 i
687 1314 41 22 den
751 1314 47 22 stad
817 1313 37 27 jag
870 1312 38 22 har

85 1343 51 19 äran
151 1345 148 23 representera
314 1348 26 15 en
356 1342 100 22 liknande
479 1342 101 22 händelse
602 1345 37 24 egt
656 1349 54 20 rum,
726 1343 37 21 ber
775 1343 38 27 jag
828 1342 21 21 fä
863 1348 45 14 om-

84 1372 79 20 nämna
184 1370 129 22 densamma.
344 1371 98 21 Förliden
466 1372 38 20 vär
525 1371 45 21 blef
590 1370 160 22 föreständaren
768 1371 33 21 för
817 1370 92 22 svenska

85 1398 120 22 samskolan
221 1400 7 20 i
242 1399 145 21 Tammerfors
410 1400 27 26 pä
452 1400 71 27 privat
537 1402 41 24 väg
592 1399 23 22 af
629 1400 211 27 skolöfverstyrelsen
855 1404 53 21 upp-

85 1427 77 21 manad
176 1429 32 19 att
222 1428 71 21 lämna
308 1428 33 21 sin
358 1428 124 27 befattning,
499 1428 87 21 emedan
602 1428 42 21 han
660 1428 27 27 pä
702 1428 69 27 grund
786 1428 23 21 af
822 1428 38 21 sitt
871 1432 38 22 po-

85 1455 71 22 litiska
177 1456 109 22 tänkesätt
306 1456 79 27 ansågs
408 1456 102 28 olämplig
532 1463 46 15 som
604 1457 199 21 skolföreständare.
833 1456 76 22 Säsom

85 1484 122 22 sedermera
228 1484 70 22 blifvit
312 1484 71 27 kändt,
399 1485 54 21 hade
468 1485 116 27 anledning
599 1485 70 21 därtill
685 1486 97 26 uppstått
796 1485 28 27 pä
840 1484 70 28 grund

85 1512 22 22 af
121 1519 25 15 en
162 1513 180 27 korrespondens,
358 1520 46 14 som
427 1514 36 21 vid
484 1520 26 15 en
533 1514 203 27 husundersökning
755 1514 38 21 hos
809 1514 53 20 hans
878 1512 32 21 far
