1109 1767
199 120 43 21 682
372 127 305 21 Värnepliktsförfattningens
689 127 170 21 genomförande.
940 127 12 18 7
964 131 62 13 mars.

200 194 32 21 vit
247 194 98 22 uttänkta
360 194 32 22 för
407 196 107 21 ernående
529 195 23 22 af
565 196 59 21 detta
639 202 82 15 samma
736 195 103 28 syftemål,
851 195 104 22 såtillvida
968 198 58 18 näm-

200 223 57 27 ligen
273 225 32 19 att
319 223 166 22 kronolänsmän
501 224 39 22 och
556 224 172 28 polisbetjäning,
746 224 48 22 med
809 224 183 27 undertryckande
1006 223 23 22 af

199 252 43 21 den
266 252 137 22 kommunala
425 252 217 28 själfstyrelserätten,
658 253 49 21 med
729 253 38 21 hot
791 252 84 28 tvungit
895 252 31 22 till
942 252 56 26 eller,
1020 253 6 20 i

201 280 54 21 strid
278 281 48 21 med
349 281 141 22 kommunens
515 282 105 26 enhälliga
636 282 77 26 beslut,
729 281 76 27 själfva
820 281 76 21 skridit
911 281 31 21 till
957 282 34 20 val
1006 280 23 22 af

201 309 138 21 medlemmar
354 310 7 20 i
376 310 138 22 kretsnämnd
531 313 61 23 samt,
607 313 52 19 utan
675 310 48 22 stöd
739 316 38 16 ens
793 309 23 22 af
825 310 139 27 värneplikts-
975 310 51 21 eller

199 337 24 21 af
236 338 67 21 andra
317 338 155 27 författningar,
483 338 102 22 affordrat
599 339 7 21 i
622 339 173 27 uppbådsåldern
811 339 92 21 varande
915 338 111 28 ynglingar

200 366 105 26 muntliga
328 367 50 21 eller
394 367 104 27 skriftliga
513 367 142 22 förbindelser
670 370 31 19 att
716 367 81 21 infinna
812 368 33 26 sig
859 367 32 21 till
911 367 114 27 uppbådet.

199 394 50 22 Med
270 394 115 28 anledning
400 396 23 21 af
439 396 63 21 dessa
525 396 68 21 under
613 396 173 27 landtdagstiden
810 395 157 22 framträdande
982 396 44 26 lag-

199 423 91 27 stridiga
313 424 98 27 åtgärder
433 427 54 19 samt
507 425 48 21 med
578 425 49 22 stöd
643 424 22 22 af
678 425 245 27 landtdagsordningens
941 424 25 21 51
985 425 12 26 $
1012 424 14 21 4

199 458 64 15 mom.
279 459 52 15 anse
345 454 20 20 vi
380 459 36 16 oss
435 453 127 28 förpliktade
577 456 36 24 att,
629 454 141 27 begagnande
786 460 35 15 oss
837 453 23 22 af
873 454 69 21 denna
957 453 68 22 landt-

199 481 105 27 dagsman
319 481 160 22 tillkommande
494 484 48 24 rätt,
557 483 7 20 i
581 483 70 20 denna
666 483 38 21 sak
720 483 133 27 petitionera.

269 509 75 22 Säsom
360 513 31 18 ett
405 511 124 27 ytterligare
544 511 46 21 skäl
605 511 33 21 för
653 514 32 18 att
700 512 49 21 med
764 511 37 21 det
816 513 97 19 snaraste
924 510 22 21 fä
956 511 70 20 denna

200 538 38 21 sak
253 539 82 21 ordnad
351 539 34 21 mä
399 539 8 21 i
422 540 58 21 detta
495 540 155 27 sammanhang
665 542 57 19 ännu
738 539 127 26 framhällas,
876 541 36 24 att,
924 539 68 22 sävidt
1005 539 20 20 vi

198 566 70 22 förmä
288 567 53 26 inse,
356 568 176 27 myndigheterna
553 569 70 25 likväl,
639 569 38 21 allt
692 569 58 21 detta
771 568 93 26 oaktadt,
880 568 44 21 icke
940 568 85 21 komma

199 597 32 20 att
246 595 28 22 nä
289 596 38 21 sitt
342 596 103 27 syftemäl.
473 597 35 21 Nu
524 597 161 27 ifrägavarande
701 597 267 27 värnepliktsförfattnings
985 596 39 21 till-

199 624 110 27 lämpning
324 625 63 21 beror
398 625 6 21 i
415 626 53 21 sista
482 625 57 22 hand
549 626 28 27 pä
588 626 40 21 den
640 626 146 27 värneplikten
803 625 156 22 underkastade
971 631 53 20 ung-

198 653 79 21 domen
293 653 54 27 själf,
365 654 39 21 och
420 655 20 20 vi
459 656 36 19 äro
515 654 62 27 lifligt
592 654 137 28 öfvertygade
745 655 80 25 därom,
841 657 31 18 att
887 654 69 21 denna
972 660 53 20 ung-

199 681 50 22 dom
265 682 6 21 i
287 682 28 26 är,
330 682 43 21 lika
391 689 46 15 som
453 683 68 21 under
536 683 26 22 de
577 683 129 27 föregäende
722 685 56 20 samt
793 683 38 21 allt
843 682 111 27 framgent,
965 682 59 21 kom-

199 716 46 15 mer
266 712 30 19 att
315 717 45 14 mer
375 711 48 27 lyda
439 714 115 19 samvetets
568 713 47 20 röst
630 714 26 19 än
673 712 187 27 myndigheternas
877 711 147 22 skrämmande

198 738 39 22 hot
252 741 56 19 samt
321 739 72 22 därför
408 740 65 21 ocksä
489 742 32 19 att
536 740 103 22 uteblifva
652 740 47 22 frän
711 741 26 21 de
747 740 140 27 tilläfventyrs
902 739 122 22 anordnade

198 767 121 27 uppbäden,
334 768 88 22 därmed
437 769 179 27 ädagaläggande,
636 772 32 19 att
683 769 102 22 Finlands
800 769 44 21 folk
859 769 45 21 icke
919 769 105 26 nägonsin

197 795 98 22 kommer
311 798 31 19 att
357 797 71 22 såsom
444 797 33 22 för
492 798 33 26 sig
539 797 142 28 förpliktande
695 798 95 21 erkänna
803 797 91 28 olagliga
904 797 119 21 författnin-

199 831 44 20 gar,
259 831 49 15 man
329 825 35 22 mä
385 826 31 25 dä,
432 825 33 22 för
484 826 91 21 sädanas
590 827 119 26 bringande
724 827 7 21 i
747 826 165 27 värkställighet,
928 825 96 22 använda

198 853 73 21 hvilka
286 854 68 21 medel
371 861 46 14 som
433 855 61 21 häist.

268 882 83 21 Ytterst
373 882 115 23 föranlätas
504 884 19 20 vi
542 885 56 20 ännu
615 884 70 21 erinra
701 884 81 26 därom,
798 883 114 22 huruledes
928 883 96 20 kommu-

198 917 79 14 nernas
291 911 8 20 i
309 911 35 26 lag
359 911 47 21 dem
423 911 155 23 tillförsäkrade
594 912 139 27 själfstyrelse
747 913 29 26 pä
791 913 36 20 det
845 914 56 19 mest
916 911 108 21 kännbara

197 941 44 19 sätt
260 939 80 21 rubbas
360 946 77 21 genom
456 947 29 14 nu
507 941 93 27 antydda
615 941 99 27 ätgärder
737 941 22 21 af
780 942 158 25 guvernörerna
953 939 71 22 äfven-

199 973 46 15 som
263 968 108 27 dymedels
388 969 41 21 den
445 970 69 26 grund
529 970 88 27 bringas
633 972 31 19 att
679 970 74 26 svikta,
771 970 27 26 pä
813 969 83 21 hvilken
909 975 48 14 man
968 969 54 20 hade

198 995 93 28 hoppats
313 996 72 22 kunna
409 998 68 27 bygga
496 998 26 21 de
542 998 65 21 breda
630 998 85 27 lagrens
739 997 155 28 uppfostrande
914 997 31 21 till
960 997 64 26 riktig

198 1024 139 28 uppfattning
359 1025 39 22 och
421 1028 42 19 rätt
485 1027 138 26 användning
638 1027 23 21 af
677 1027 41 21 den
734 1026 189 28 själfstyrelserätt,
939 1025 84 22 hvilken

197 1053 114 22 innebäres
335 1054 31 21 uti
389 1055 61 21 Hans
473 1055 120 27 Kejserliga
610 1055 112 27 Majestäts
738 1055 31 22 till
786 1055 115 21 ständerna
917 1053 56 28 gifna
988 1054 36 21 nä-

196 1081 51 27 diga
263 1083 134 26 proposition
413 1089 34 15 om
464 1084 101 27 utvidgad
581 1084 86 27 politisk
683 1085 94 20 rösträtt.

267 1111 32 20 Pä
317 1111 26 21 de
361 1111 23 21 af
400 1118 37 15 oss
453 1112 6 21 i
476 1113 36 20 det
534 1112 129 27 föregäende
678 1112 133 27 framlaggda
827 1112 121 27 grunderna
968 1111 20 21 fä
1003 1111 21 20 vi

198 1139 110 21 vördsamt
323 1139 118 27 hemställa,
462 1143 31 18 att
504 1141 106 27 vällotliga
632 1141 183 27 borgareständet,
834 1140 127 21 tillsamman
976 1140 48 21 med

198 1167 69 27 öfriga
282 1168 69 25 stånd,
363 1168 49 21 ville
427 1169 50 27 ingå
492 1169 31 21 till
538 1169 61 22 Hans
616 1169 120 28 Kejserliga
751 1169 101 27 Majestät
868 1169 46 21 med
931 1175 26 14 en
971 1169 53 26 peti-

198 1195 45 22 tion
261 1196 80 26 därom,

475 1239 32 19 att
520 1240 175 25 guvernörernas
710 1238 39 21 och
760 1237 73 22 andra
843 1237 181 31 administrativa

407 1266 160 27 myndigheters
584 1266 37 27 för
640 1266 310 28 värnepliktsförfattningens
960 1265 62 21 brin-

403 1294 72 27 gande
495 1295 9 20 i
525 1295 164 26 värkställighet
710 1295 106 21 använda
847 1293 178 28 tvångsåtgärder

407 1322 66 22 mätte
489 1323 131 21 omedelbart
633 1324 110 21 inställas.

303 1380 56 20 Axel
375 1380 26 21 R.
420 1380 74 28 Spoof.
524 1380 72 22 Victor
611 1380 110 28 Rydman.
754 1380 65 21 Antti
835 1379 101 21 Mikkola.

303 1436 76 21 Fredr.
395 1437 136 22 Lundenius.
752 1437 26 21 G.
793 1437 20 21 J.
833 1436 88 21 Winter.

305 1493 80 21 Teodor
400 1495 55 27 Aug.
472 1494 81 22 Heikel.
758 1494 50 21 Joh.
827 1493 94 21 Castrén.
