1109 1767
219 108 42 21 710
541 115 102 17 Finlands
656 116 63 16 bank.
948 116 23 16 21
984 120 64 12 mars.

216 183 73 27 jestät,
312 184 67 26 enligt
397 190 24 15 en
442 184 22 21 af
477 183 220 28 finansexpeditionen
713 184 40 22 den
770 184 28 21 24
813 184 116 21 november
946 184 54 22 1903
1016 184 30 21 till

219 211 96 21 bankens
339 212 104 22 direktion
465 212 77 22 aflåten
566 212 118 27 skrifvelse,
707 213 22 21 åt
749 215 88 19 senaten
860 212 140 22 öfverlämnat
1015 215 33 19 att

219 240 67 27 draga
301 240 85 28 försorg
401 241 80 26 därom,
491 243 38 25 att,
544 242 65 21 sedan
626 242 129 21 värkställda
770 241 154 27 beställningar
932 241 116 28 fullgjorts,

219 268 74 22 vidare
315 270 111 27 tryckning
441 270 23 21 af
477 270 96 21 bankens
589 270 70 22 sedlar
675 270 70 21 blefve
760 269 145 22 öfverlämnad
922 270 21 21 åt
958 270 88 27 expedi-

219 298 73 20 tionen
315 297 33 22 för
370 298 157 27 förfärdigande
549 298 23 22 af
589 301 137 25 statspapper
742 300 6 19 i
764 298 176 27 kejsaredömet».
970 299 76 21 Denna

219 326 155 27 angelägenhet
396 329 23 19 är
441 328 84 20 således
546 330 57 18 ännu
619 328 116 21 tillsvidare
752 328 31 20 uti
799 327 36 21 det
849 327 99 26 stadium,
963 330 32 18 att
1010 328 36 20 det

220 356 23 20 är
267 354 154 23 öfverlämnadt
443 356 23 21 åt
488 359 88 18 senaten
600 358 32 20 att
647 357 6 20 i
669 362 26 16 en
711 357 44 21 viss
771 356 95 27 riktning
881 356 65 26 draga
960 356 87 27 försorg

220 390 34 14 om
278 383 129 22 densamma.
436 384 78 22 Därför
537 385 61 21 torde
621 385 36 21 det
679 384 96 22 befinnas
791 384 46 22 icke
861 384 75 22 endast
951 384 95 22 formellt

220 411 98 27 lämpligt
334 415 51 19 utan
400 412 122 28 fulkomligt
533 413 111 27 sakenligt,
655 416 32 18 att
698 414 115 21 ständerna
824 414 77 20 endast
911 414 52 26 göra
973 420 25 14 en
1009 420 37 14 an-

219 440 76 26 mälan,
311 443 32 19 att
358 442 35 20 det
408 442 45 21 icke
469 442 66 27 enligt
545 442 35 27 lag
591 442 38 27 går
644 448 27 15 an
687 444 31 19 att
731 442 42 22 låta
787 444 87 19 senaten
886 442 65 26 draga
961 441 85 28 försorg

220 476 34 14 om
279 470 70 21 denna
371 470 160 28 angelägenhet.
561 470 136 22 Beträffande
720 471 95 26 återigen
836 470 166 27 formuleringen
1025 470 24 22 af

219 498 108 21 klämmen
347 499 7 20 i
374 498 65 28 öfrigt
457 500 68 20 måste
537 500 39 26 jag
591 500 100 23 erkänna,
707 502 32 19 att
750 500 39 26 jag
804 501 23 19 är
842 499 96 27 benägen
954 501 31 19 att
1000 505 45 15 om-

219 526 55 22 fatta
296 526 103 28 förslaget
413 534 35 15 om
464 528 125 22 återremiss
607 529 7 20 i
633 528 36 22 det
688 528 55 28 syfte
761 528 26 21 hr
803 528 101 27 Nybergh
920 528 82 21 nämde.
1018 540 27 2 —

221 555 136 22 Beträffande
373 556 100 22 Finlands
489 557 68 21 banks
573 557 170 27 participerande
758 557 31 21 uti
801 557 35 21 det
843 556 143 27 järnvägslån,
998 562 46 16 som

219 584 36 21 vid
269 584 56 21 1900
340 585 34 21 års
391 585 101 27 landtdag
507 585 23 22 af
543 586 116 21 ständerna
674 586 87 25 beslöts,
778 585 48 21 ville
839 585 39 27 jag
893 587 56 25 säga,
964 587 31 19 att
1007 585 39 27 jag

221 612 154 28 undantagsvis
399 620 26 15 en
448 614 57 27 gång
519 616 24 20 är
558 614 23 22 af
597 614 7 21 i
622 614 122 22 hufvudsak
759 620 82 16 samma
856 614 87 26 mening
958 620 46 15 som
1020 614 26 21 hr

220 641 85 27 Hynén,
320 642 105 27 nämligen
449 643 80 26 därom,
545 644 32 20 att
592 643 37 21 det
645 643 116 21 utskottets
777 642 110 22 uttalande
902 642 80 26 härom,
998 649 46 15 som

219 670 96 26 innebär,
330 672 32 20 att
375 672 46 20 »vid
434 672 199 27 uppnegocierande
643 672 22 21 af
674 674 82 19 statens
767 671 164 27 obligationslån
943 671 102 21 Finlands

220 698 57 22 bank
292 699 61 21 torde
369 706 39 20 ega
422 700 41 21 alla
477 700 180 27 förutsättningar
672 703 31 19 att
719 700 157 22 värksammast
891 700 38 21 och
945 700 48 21 bäst
1004 700 41 21 till-

220 729 102 25 varataga
337 728 82 22 landets
438 729 105 21 intressen
559 729 28 27 på
602 729 107 21 utlandets
729 728 254 28 penningemarknader»,
999 728 47 22 icke

219 755 108 22 förefaller
343 757 44 27 mig
402 758 85 20 absolut
502 758 113 26 påkalladt.
638 758 43 20 Det
695 760 24 19 är
735 758 60 25 dock,
811 757 69 21 skulle
892 757 38 27 jag
945 760 38 23 tro,
999 757 46 21 icke

220 785 70 26 precis
313 791 82 15 samma
417 786 60 27 syfte,
494 792 46 16 som
564 786 92 21 dikterat
672 786 24 21 hr
712 786 90 27 Hynöns
818 786 115 21 uttalande.
963 786 43 20 Det
1022 788 24 18 är

219 813 108 27 nämligen
352 814 46 21 icke
423 815 40 21 den
489 814 192 28 omständigheten.
706 818 31 18 att
762 814 101 22 Finlands
888 814 61 26 bank,
972 814 71 21 säsom

220 842 106 21 utskottet
341 844 68 26 säger,
424 843 55 21 först
494 844 83 26 mycket
592 846 49 18 sent
656 843 40 22 fick
708 844 51 21 reda
769 844 28 26 pä
807 844 26 20 de
844 843 201 27 underhandlingar,

219 870 72 22 hvilka
315 871 54 21 1903
391 872 112 21 bedrefvos
525 872 111 27 angäende
658 872 137 27 upptagande
810 871 23 22 af
846 874 31 18 ett
894 872 26 20 10
936 872 108 26 miljoners

219 899 42 25 län,
284 906 46 14 som
353 900 28 26 pä
403 900 32 21 sin
458 900 30 22 tid
511 901 74 21 väckte
601 901 24 21 sä
640 903 46 19 stor
701 901 38 21 och
756 901 83 27 pinsam
855 900 189 27 uppmärksamhet

219 927 98 22 öfverallt
332 928 7 21 i
349 928 231 27 affärsmannakretsar,
597 931 50 19 utan
664 930 35 20 det
715 936 36 14 var
763 930 36 20 det
809 931 48 24 sätt,
869 929 27 27 pä
906 928 79 22 hvilket
995 929 49 21 Fin-

219 956 62 22 lands
304 956 56 22 bank
383 957 44 21 blef
447 958 31 20 till
500 957 83 22 förmän
599 958 33 21 för
649 964 96 15 annan
762 957 141 22 inhemsk
918 957 127 21 förmedlare

219 984 86 28 skjuten
321 985 22 21 ät
359 986 66 21 sidan.
447 987 42 26 Jag
505 986 35 21 vill
555 986 46 22 icke
617 986 127 22 undanhälla
760 987 54 25 dem,
831 992 46 15 som
889 986 98 27 möjligen
998 986 47 21 icke

218 1013 85 21 minnas
326 1014 69 22 denna
418 1015 80 27 episod,
521 1015 84 21 hvilken
630 1015 124 27 visserligen
779 1015 46 21 icke
839 1015 7 21 i
861 1014 42 22 alla
918 1014 87 27 detaljer
1021 1016 23 20 är

218 1041 50 22 fullt
282 1042 52 25 klar,
349 1045 32 19 att
397 1043 49 22 dess
462 1043 139 28 hufvudgång
616 1044 6 20 i
638 1044 73 27 hvarje
729 1043 102 22 händelse
846 1050 38 14 var
900 1043 46 26 den,
961 1045 32 19 att
1008 1043 36 21 då-

218 1070 94 22 varande
327 1070 33 22 för
375 1071 58 22 tiden
449 1072 198 27 tjänstförrättande
663 1072 143 22 finanschefen
823 1078 43 21 nog
882 1072 67 20 vände
965 1072 33 26 sig
1013 1072 30 20 till

218 1098 113 22 inhemska
352 1099 97 23 fackmän
468 1100 32 22 för
519 1103 31 19 att
568 1100 67 22 skaffa
650 1101 34 27 sig
699 1100 127 28 erforderlig
840 1100 57 27 hjälp
914 1100 130 21 beträffande

219 1128 26 20 de
269 1127 157 28 förfrågningar
445 1130 7 20 i
469 1129 102 26 utlandet,
593 1130 72 21 hvilka
683 1130 93 26 ansågos
793 1129 134 26 nödvändiga
942 1128 32 22 för
990 1135 54 21 upp-

219 1156 166 26 negocierandet
399 1156 23 22 af
436 1157 63 26 lånet,
514 1158 39 21 och
569 1157 62 22 äfven
647 1158 67 21 erhöll
734 1158 65 21 sådan
816 1157 63 27 hjälp,
895 1157 53 21 dock
963 1157 46 21 icke
1024 1156 22 22 af

219 1184 71 27 någon
313 1184 23 22 af
356 1185 102 22 Finlands
481 1186 67 22 banks
571 1186 117 22 direktions
707 1186 145 22 medlemmar.
883 1186 82 21 Genom
981 1186 63 21 dessa

219 1214 92 20 vänners
335 1214 39 21 och
396 1214 132 27 rådgifvares
550 1214 85 28 försorg
650 1214 85 22 bedrefs
750 1215 67 21 sedan
833 1214 164 22 hänvändandet
1013 1214 31 22 till

218 1242 102 26 utlandet,
343 1242 39 21 och
401 1242 55 22 först
475 1245 38 19 när
530 1243 135 22 Stockholms
680 1244 97 21 enskilda
796 1243 67 21 banks
886 1242 159 22 värkställande

217 1270 96 21 direktör
335 1270 60 28 långt
417 1271 56 21 efter
491 1272 235 27 underhandlingarnas
742 1272 132 27 påbörjande
890 1271 87 21 besökte
992 1271 52 21 Hel-

217 1298 102 27 singfors,
343 1299 50 21 kom
415 1300 134 22 händelsevis
570 1300 81 28 frågan,
674 1301 66 21 under
756 1300 77 22 samtal
849 1300 48 21 med
913 1300 85 25 honom,
1013 1302 32 19 att

217 1326 66 22 blifva
294 1327 94 22 bekannt
397 1328 33 22 för
441 1329 102 21 Finlands
559 1329 68 21 banks
643 1329 111 21 direktion.
781 1328 43 22 För
840 1328 41 22 den
897 1328 101 21 händelse
1012 1330 32 19 att

218 1356 7 20 i
241 1356 71 21 denna
327 1356 70 27 punkt
411 1357 67 27 något
492 1357 70 22 direkt
580 1358 110 21 uttalande
706 1358 47 21 utaf
767 1358 116 21 ständerna
898 1356 68 22 skulle
981 1362 63 16 anses

216 1384 82 27 nödigt,
323 1384 66 22 borde
409 1386 36 21 det
466 1386 82 21 således
567 1386 46 21 icke
627 1386 127 22 inskränkas
771 1386 32 21 till
819 1386 41 26 det,
876 1392 47 15 som
939 1385 106 22 utskottet

219 1412 39 21 har
273 1413 78 27 intagit
361 1414 28 26 på
400 1414 46 21 sida
458 1415 32 25 14,
505 1414 68 22 ehuru
589 1414 63 22 också
669 1415 58 21 detta
741 1421 46 20 nog
801 1416 24 20 är
836 1416 69 24 sannt,
916 1416 50 19 utan
978 1414 69 20 borde

217 1441 120 21 uttalandet
355 1442 90 22 hänföra
463 1443 33 27 sig
511 1443 31 21 till
558 1444 47 25 det,
615 1449 46 15 som
677 1444 89 20 faktiskt
781 1446 104 24 passerat,
901 1442 38 22 och
955 1442 91 21 säiunda

215 1469 111 26 innebära,
337 1472 37 24 att,
390 1470 33 22 för
438 1471 40 21 den
495 1471 102 22 händelse
612 1472 35 20 vid
663 1471 210 28 uppnegocierandet
889 1471 22 21 af
920 1471 50 21 våra
981 1472 64 20 stats-
