1109 1761
65 117 24 16 31
100 117 41 18 jan.
257 117 111 16 Särskilda
380 115 225 18 ståndsmedlemmars
617 116 95 16 utevara.
852 107 42 21 575

136 185 33 21 Hr
177 185 129 27 Heikel,
330 185 133 21 Teodor:
492 185 42 26 Jag
557 184 94 21 anhäller
672 186 33 18 att
724 183 21 21 fä
763 182 73 21 förena
851 182 44 26 mig

67 219 35 15 om
124 213 25 21 hr
172 213 97 22 Öhmans
290 213 86 26 förslag,
392 215 32 19 att
441 213 56 21 valet
516 213 69 21 skulle
600 211 144 22 öfverlämnas
760 211 22 21 ät
797 211 96 21 ständets

68 241 110 22 elektorer.

137 304 156 21 Diskussionen
315 304 131 21 förklarades
468 304 87 20 härmed
571 303 99 25 afslutad,
685 302 107 22 hvarefter
808 302 83 21 ständet

69 332 70 22 beslöt
159 332 112 28 uppdraga
292 333 22 21 ät
334 332 135 22 elektorerna
484 334 31 19 att
530 335 49 18 utse
593 332 117 21 ledamöter
726 331 31 21 uti
772 338 29 14 nu
816 330 76 27 ifräga-

69 361 93 22 varande
178 361 98 21 enskilda
291 361 90 21 utskott.

139 516 121 27 Föredrogs
284 522 26 15 en
332 515 23 22 af
382 515 25 21 hr
437 515 86 22 Felix
545 515 112 22 Heikel
688 515 76 21 insänd
790 514 61 22 skrift
876 513 22 22 af

70 544 92 27 följande
177 545 89 27 lydelse:

141 608 47 20 Hos
204 606 106 27 vällofliga
325 607 179 26 borgareständet
518 607 83 26 nödgas
613 606 38 28 jag
666 607 28 26 pä
710 606 69 27 grund
795 606 23 21 af
827 606 70 21 hälso-

71 636 46 21 skäl
140 636 110 20 vördsamt
272 635 84 21 anhålla
378 642 34 14 om
436 634 99 22 befrielse
555 635 47 21 från
626 636 35 20 det
681 635 44 27 mig
743 635 97 21 lämnade
855 634 42 21 för-

72 664 211 27 troendeuppdraget
298 666 32 19 att
344 670 52 15 vara
411 664 93 21 ledamot
518 664 7 20 i
541 664 105 21 särskilda
661 663 201 22 besvärsutskottet.

142 720 136 28 Helsingfors
294 721 40 21 den
350 721 26 21 31
391 721 86 27 januari
493 721 61 21 1905.

667 760 66 22 Felix
748 761 82 21 Heikel.

143 830 183 26 Borgareständet
341 830 69 20 beslöt
426 829 70 22 bifalla
511 830 25 21 hr
552 830 88 21 Heikels
656 830 156 21 ofvanberörda
826 830 72 21 anhäl-

72 858 42 25 lan,
129 858 7 21 i
151 858 115 27 anledning
288 858 76 21 hvaraf
383 858 134 22 elektorerna
540 858 54 27 egde
612 860 49 20 utse
680 865 28 20 ny
723 858 93 22 ledamot
831 858 7 21 i
854 860 43 19 sär-

74 887 68 21 skilda
156 887 197 21 besvärsutskottet
368 887 7 21 i
391 887 71 21 stället
476 886 33 22 för
525 887 25 21 hr
567 887 82 21 Heikel.

144 1053 32 21 Hr
199 1053 170 21 talmannen
394 1053 144 27 tillkännagaf,
560 1055 32 19 att
612 1053 46 21 frän
676 1053 224 27 grundlagsutskottet

74 1082 70 27 ingätt
165 1088 26 14 en
215 1081 117 27 skrifvelse,
355 1081 61 21 hvari
439 1082 97 21 bemälda
554 1082 85 21 utskott
654 1082 128 21 underställt
798 1082 102 21 ständens

74 1110 118 28 afgörande
214 1110 80 27 frägan,
317 1110 106 21 huruvida
445 1110 40 21 och
504 1111 8 20 i
526 1110 57 22 hvad
598 1111 49 21 män
664 1113 31 19 ett
710 1111 168 21 utskottsarbete
894 1110 6 20 i

75 1139 73 27 vanlig
170 1139 92 26 ordning
283 1138 33 22 för
339 1139 133 21 närvarande
495 1139 72 21 kunde
588 1139 38 21 och
643 1140 66 21 borde
724 1146 39 20 ega
778 1146 57 18 rum;
851 1145 49 15 men

76 1168 96 25 emedan,
188 1168 67 26 enligt
269 1167 56 21 hvad
340 1167 36 21 vid
387 1167 248 22 talmanskonferensens
647 1170 85 19 senaste
743 1168 157 21 sammanträde

76 1196 126 26 meddelats,
225 1196 87 21 ärendet
336 1195 68 22 skulle
425 1196 31 21 uti
476 1197 26 20 de
518 1195 68 28 öfriga
602 1197 89 20 ständen
707 1196 123 27 föredragas
846 1195 55 22 först

75 1225 35 20 vid
131 1226 63 19 nästa
215 1224 87 27 plenum
322 1224 40 21 och
382 1224 78 27 jämväl
484 1225 26 20 hr
533 1225 122 21 talmannen
678 1225 32 21 för
736 1225 32 21 sin
794 1225 34 21 del
850 1224 50 21 fann

75 1253 127 27 lämpligast,
218 1254 31 20 att
264 1252 75 27 frägan
356 1253 68 21 skulle
439 1253 117 22 behandlas
573 1254 109 27 samtidigt
697 1254 7 21 i
720 1253 98 28 samtliga
832 1253 69 25 ständ,

74 1281 95 27 föreslog
183 1281 26 22 hr
224 1281 128 26 talmannen,
368 1283 32 20 att
415 1281 143 22 ofvannämda
574 1282 110 21 skrifvelse
700 1282 68 21 skulle
778 1281 124 28 föredragas

75 1310 35 21 vid
121 1310 86 27 plenum
224 1310 115 27 torsdagen
355 1310 41 21 den
412 1311 14 20 2
440 1311 146 21 instundande
601 1310 99 22 februari.

146 1373 90 21 Ständet
251 1372 58 22 biföll
324 1373 32 21 till
372 1373 26 21 hr
413 1373 136 22 talmannens
566 1374 86 27 förslag.
