1111 1767
70 132 27 17 10
110 132 60 20 april.
254 130 216 18 Missförhållandena
482 131 58 17 inom
553 131 158 17 skolväsendet.
856 125 41 21 821

462 200 47 26 81.

143 244 48 22 Som
216 251 48 15 svar
284 246 28 26 pä
330 252 25 14 en
371 245 113 22 skrifvelse
498 244 47 22 frän
561 244 183 22 öfverdirektören
759 245 6 21 i
782 244 116 22 skolöfver-

73 274 104 26 styrelsen
202 274 68 21 beslöt
294 274 133 21 direktionen
450 274 105 26 meddela,
578 276 33 19 att
633 274 134 26 borgmästar
782 274 36 20 Fr.
836 274 62 21 Sten-

73 304 67 19 ström
163 302 46 22 icke
227 308 59 16 mera
300 304 24 20 är
340 303 71 21 bosatt
426 303 28 27 pä
470 305 60 19 orten
554 302 39 22 och
609 304 31 20 att
656 302 241 22 samskoledirektionen

72 330 33 22 för
121 331 40 21 den
178 331 55 21 skull
248 330 54 22 hade
316 331 33 21 för
364 331 64 21 afsikt
444 333 31 19 att
490 331 51 27 ingä
555 331 31 21 till
600 330 192 28 stadsfullmäktige
802 331 49 21 med
861 337 37 15 an-

72 359 71 21 hällan
166 366 35 15 om
223 362 32 19 att
276 366 28 20 ny
322 360 94 21 ledamot
431 360 66 21 måtte
512 360 7 21 i
534 360 134 21 direktionen
685 362 59 19 utses
759 360 7 20 i
781 359 70 22 stället
866 359 32 21 för

74 388 161 27 borgmästaren
252 388 126 22 Stenström.

143 451 208 28 Stadsfullmäktiges
374 452 118 26 ätgörande
513 452 7 21 i
541 452 64 21 saken
622 452 105 21 inhämtas
743 459 25 14 ur
784 451 114 28 vidfogade

72 481 203 26 protokollsutdrag,
290 481 136 21 adresseradt
444 481 31 20 till
490 481 134 21 direktionen
640 480 33 21 för
691 481 76 26 Hangö
785 481 114 21 samskola.

347 543 85 28 Utdrag
448 550 24 15 ur
488 543 207 28 stadsfullmäktiges
715 544 2 21 i
732 544 77 27 Hangö
824 545 74 26 proto-

279 572 43 21 koll
337 571 34 22 för
386 572 41 21 den
445 572 26 21 15
486 573 90 21 oktober
593 573 62 20 1903.

463 635 45 28 83.

142 687 121 26 Föredrogs
282 687 252 21 samskoledirektionens
554 686 111 22 skrifvelse
685 686 23 22 af
721 687 40 21 den
777 687 11 21 7
802 687 97 25 oktober,

73 715 59 22 hvari
155 715 95 22 anhälles
272 718 32 18 att
322 722 27 20 ny
368 715 94 21 ledamot
477 715 66 22 mätte
558 716 7 20 i
581 715 132 22 direktionen
731 718 57 19 utses
804 716 7 21 i
826 715 73 22 stället

73 743 33 22 för
118 744 162 27 borgmästaren
296 744 72 21 Fredr.
385 744 127 26 Stenström,
528 744 85 21 hvilken
629 751 90 14 numera
733 744 44 21 icke
793 746 23 19 är
826 745 73 20 bosatt

74 772 12 21 å
109 775 70 21 orten;
202 773 48 20 med
273 772 114 27 anledning
409 772 62 21 häraf
492 773 77 26 utsägo
589 772 134 27 fullmäktige
738 773 29 21 till
783 772 115 22 ledamot
886 768 15 36 i

74 801 240 22 samskoledirektionen
331 801 77 27 kapten
424 801 84 22 Arnold
523 801 121 22 Petterson.

146 854 64 25 Ännu
226 858 37 21 ber
276 858 38 27 jag
329 860 31 19 att
374 858 21 21 få
410 857 75 22 anföra
500 860 31 19 ett
546 858 95 27 exempel
656 858 33 27 pä,
705 858 54 21 huru
775 858 123 21 nuvarande

76 887 67 26 regim
160 886 60 28 gifvit
243 887 115 27 anledning
379 887 31 21 till
427 887 80 21 brutalt
522 887 121 21 förfarande
657 887 47 21 frän
720 887 178 27 polismyndighe-

75 917 73 19 ternas
164 915 46 22 sida
225 918 46 19 mot
286 915 78 22 skolor.
394 915 69 22 Sedan
480 915 144 28 befallningen
640 922 35 15 om
690 917 128 26 porträtters
834 915 64 22 tillät-

74 943 67 27 lighet
163 944 7 21 i
194 943 108 28 offentliga
324 944 123 27 byggnader
469 946 114 24 emanerat,
601 943 74 22 infann
691 945 33 26 sig
741 944 157 27 poliskommis-

75 973 70 20 sarien
168 973 6 20 i
190 973 85 21 Ekenäs
298 973 7 21 i
321 973 86 21 stadens
430 972 210 22 fruntimmersskola
663 973 39 21 och
717 973 118 22 anbefallde
850 973 49 21 med

75 1001 87 27 myndig
177 1003 36 20 ton
229 1003 32 20 att
276 1002 126 26 Runebergs
417 1002 55 26 byst,
488 1008 46 15 som
550 1008 37 15 var
604 1001 107 28 uppställd
725 1002 8 21 i
748 1002 84 21 skolans
847 1001 52 22 fest-

76 1029 37 26 sal,
129 1029 69 22 skulle
212 1029 104 28 förflyttas
332 1031 28 26 pä
374 1030 84 21 vinden.

145 1059 10 20 I
178 1059 140 21 förevarande
340 1059 134 21 betänkande
497 1059 85 21 anföras
610 1059 77 21 endast
707 1058 22 22 få
743 1058 94 27 exempel
852 1057 47 22 från

75 1086 220 23 folkskoleväsendets
306 1087 93 22 område.
415 1088 39 21 Att
464 1087 184 28 förvecklingarna
659 1088 45 21 däri
715 1087 45 22 icke
768 1087 66 22 häller
844 1087 55 21 varit

75 1115 26 26 få,
117 1115 38 22 har
167 1116 38 27 jag
220 1116 44 27 mig
279 1116 98 21 bekannt.
399 1116 43 27 Jag
460 1116 36 21 vill
512 1116 55 22 dock
582 1118 79 19 nämna
671 1116 75 21 endast
755 1123 25 14 en
791 1115 108 26 händelse,

75 1150 47 15 som
139 1146 22 19 är
177 1145 67 26 egnad
258 1147 32 19 att
304 1145 51 24 visa,
370 1145 56 21 huru
442 1145 41 21 den
497 1144 58 22 förra
566 1145 220 26 generalguvernören
795 1145 54 20 hade
856 1143 43 22 för-

75 1173 64 27 måga
160 1175 32 20 att
213 1173 127 22 hämmande
359 1173 89 22 invärka
462 1173 28 27 på
504 1173 156 27 utvecklingen.
691 1173 81 22 Genom
788 1172 112 23 skrifvelse

74 1201 47 22 från
137 1202 69 21 länets
221 1202 98 25 arkitekt,
335 1208 45 15 som
397 1202 55 21 hade
467 1201 100 22 förrättat
581 1204 85 19 remont
681 1202 12 21 å
708 1202 84 21 Ekenäs
808 1201 91 22 semina-

75 1230 62 24 rium,
160 1231 163 21 underrättades
346 1231 110 21 direktorn
478 1233 33 19 att
526 1231 40 21 den
582 1230 176 27 internbyggnad,
774 1237 47 15 som
836 1229 63 22 fanns

75 1259 27 27 på
117 1259 122 21 lärovärket
254 1259 39 22 och
309 1265 45 16 som
370 1266 38 15 var
424 1265 26 16 en
466 1259 7 21 i
488 1259 37 22 två
540 1259 103 27 våningar
660 1259 91 27 uppförd
761 1260 39 21 115
809 1259 23 21 år
841 1265 58 20 gam-

75 1287 42 21 mal
127 1288 139 27 träbyggnad,
275 1288 46 21 icke
332 1294 58 15 mera
401 1288 73 21 kunde
484 1294 65 15 anses
560 1288 132 27 begagnelig,
703 1290 50 19 utan
760 1294 52 15 vore
819 1287 32 22 till
859 1287 41 21 och

74 1316 49 22 med
134 1316 103 28 lifsfarlig.
257 1316 50 22 Med
317 1316 116 28 anledning
441 1316 60 22 härat
512 1317 72 21 anhöll
596 1317 109 21 direktorn
716 1323 34 15 om
761 1323 27 21 ny
800 1315 99 29 byggnad

74 1344 33 22 för
123 1345 135 21 internernas
274 1345 68 26 behof,
358 1352 26 14 en
399 1345 107 27 byggnad,
522 1352 47 15 som
585 1345 68 21 tillika
668 1346 69 20 skulle
751 1345 94 27 uppfylla
859 1350 40 15 nu-

75 1374 45 20 tida
143 1374 65 21 behof
229 1374 39 21 och
284 1374 70 21 bättre
369 1374 155 21 tillfredsställa
540 1374 109 21 desamma
663 1376 27 19 än
706 1374 40 21 den
761 1373 139 23 närvarande.

75 1402 34 21 Då
131 1402 165 27 öfverstyrelsen
314 1402 33 22 för
369 1402 154 22 skolväsendet
546 1402 54 22 hade
614 1402 87 22 insändt
717 1403 67 21 denna
800 1401 98 23 anhållan

75 1430 31 22 till
122 1433 95 23 senaten,
232 1430 46 22 blef
290 1431 38 21 där
344 1431 65 21 också
423 1431 95 21 beslutet
533 1433 32 19 att
582 1431 44 21 låta
642 1430 164 28 öfverstyrelsen
817 1430 34 22 för
862 1429 38 22 all-

74 1461 79 19 männa
169 1460 151 26 byggnaderna
335 1461 97 25 uppgöra
447 1460 106 27 ritningar
568 1459 40 21 och
627 1459 185 27 kostnadsförslag
823 1459 33 21 för
872 1464 28 21 ny

73 1488 178 27 internbyggnad.
281 1488 71 22 Dessa
365 1488 106 27 ritningar
489 1488 40 22 och
536 1488 186 27 kostnadsförslag
729 1488 69 22 blefvo
807 1490 94 24 antagna

73 1516 24 21 af
110 1518 94 25 senaten,
219 1516 85 22 hvilken
318 1516 65 22 sedan
399 1517 91 21 insände
500 1517 48 21 dem
564 1516 32 22 till
613 1516 67 28 högre
695 1519 34 19 ort
744 1523 76 21 genom
837 1522 63 21 gene-
