<?xml version="1.0" encoding="UTF-8"?>
<alto xmlns="http://www.loc.gov/standards/alto/ns-v3#" xmlns:xlink="http://www.w3.org/1999/xlink" xmlns:xsi="http://www.w3.org/2001/XMLSchema-instance" xsi:schemaLocation="http://www.loc.gov/standards/alto/ns-v3# http://www.loc.gov/alto/v3/alto-3-0.xsd">
	<Description>
		<MeasurementUnit>pixel</MeasurementUnit>
		<sourceImageInformation>
			<fileName>/tmp/tess_k07_f_56_input.PNG</fileName>
		</sourceImageInformation>
		<OCRProcessing ID="OCR_0">
			<ocrProcessingStep>
				<processingSoftware>
					<softwareName>tesseract 5.3.4</softwareName>
				</processingSoftware>
			</ocrProcessingStep>
		</OCRProcessing>
	</Description>
	<Layout>
		<Page WIDTH="1111" HEIGHT="1767" PHYSICAL_IMG_NR="0" ID="page_0">
			<PrintSpace HPOS="0" VPOS="0" WIDTH="1111" HEIGHT="1767">
				<ComposedBlock ID="cblock_0" HPOS="193" VPOS="103" WIDTH="832" HEIGHT="40">
					<TextBlock ID="block_0" HPOS="193" VPOS="103" WIDTH="832" HEIGHT="40">
						<TextLine ID="line_0" HPOS="193" VPOS="103" WIDTH="832" HEIGHT="40">
							<String ID="string_0" HPOS="193" VPOS="103" WIDTH="46" HEIGHT="40" WC="0.96" CONTENT="808"/><SP WIDTH="313" VPOS="103" HPOS="239"/>
							<String ID="string_1" HPOS="552" VPOS="112" WIDTH="110" HEIGHT="30" WC="0.91" CONTENT="Utvisade."/><SP WIDTH="276" VPOS="112" HPOS="662"/>
							<String ID="string_2" HPOS="938" VPOS="116" WIDTH="12" HEIGHT="18" WC="0.96" CONTENT="7"/><SP WIDTH="12" VPOS="116" HPOS="950"/>
							<String ID="string_3" HPOS="962" VPOS="116" WIDTH="63" HEIGHT="21" WC="0.89" CONTENT="april."/>
						</TextLine>
					</TextBlock>
				</ComposedBlock>
				<GraphicalElement ID="cblock_1" HPOS="197" VPOS="143" WIDTH="826" HEIGHT="5"></GraphicalElement >
				<ComposedBlock ID="cblock_2" HPOS="195" VPOS="182" WIDTH="830" HEIGHT="1173">
					<TextBlock ID="block_1" HPOS="197" VPOS="182" WIDTH="828" HEIGHT="223">
						<TextLine ID="line_1" HPOS="268" VPOS="182" WIDTH="755" HEIGHT="30">
							<String ID="string_4" HPOS="268" VPOS="182" WIDTH="43" HEIGHT="22" WC="0.96" CONTENT="Det"/><SP WIDTH="14" VPOS="182" HPOS="311"/>
							<String ID="string_5" HPOS="325" VPOS="182" WIDTH="87" HEIGHT="22" WC="0.96" CONTENT="anförda"/><SP WIDTH="16" VPOS="182" HPOS="412"/>
							<String ID="string_6" HPOS="428" VPOS="184" WIDTH="66" HEIGHT="26" WC="0.96" CONTENT="gäller"/><SP WIDTH="16" VPOS="184" HPOS="494"/>
							<String ID="string_7" HPOS="510" VPOS="184" WIDTH="101" HEIGHT="22" WC="0.96" CONTENT="särskildt"/><SP WIDTH="15" VPOS="184" HPOS="611"/>
							<String ID="string_8" HPOS="626" VPOS="184" WIDTH="36" HEIGHT="22" WC="0.96" CONTENT="två"/><SP WIDTH="16" VPOS="184" HPOS="662"/>
							<String ID="string_9" HPOS="678" VPOS="191" WIDTH="58" HEIGHT="21" WC="0.96" CONTENT="unge"/><SP WIDTH="15" VPOS="191" HPOS="736"/>
							<String ID="string_10" HPOS="751" VPOS="186" WIDTH="54" HEIGHT="24" WC="0.96" CONTENT="män,"/><SP WIDTH="14" VPOS="186" HPOS="805"/>
							<String ID="string_11" HPOS="819" VPOS="185" WIDTH="26" HEIGHT="21" WC="0.96" CONTENT="de"/><SP WIDTH="12" VPOS="185" HPOS="845"/>
							<String ID="string_12" HPOS="857" VPOS="184" WIDTH="69" HEIGHT="22" WC="0.93" CONTENT="finska"/><SP WIDTH="10" VPOS="184" HPOS="926"/>
							<String ID="string_13" HPOS="936" VPOS="185" WIDTH="87" HEIGHT="21" WC="0.92" CONTENT="studen-"/>
						</TextLine>
						<TextLine ID="line_2" HPOS="198" VPOS="211" WIDTH="827" HEIGHT="28">
							<String ID="string_14" HPOS="198" VPOS="212" WIDTH="62" HEIGHT="20" WC="0.96" CONTENT="terna"/><SP WIDTH="21" VPOS="212" HPOS="260"/>
							<String ID="string_15" HPOS="281" VPOS="211" WIDTH="89" HEIGHT="22" WC="0.96" CONTENT="Konrad"/><SP WIDTH="21" VPOS="211" HPOS="370"/>
							<String ID="string_16" HPOS="391" VPOS="212" WIDTH="90" HEIGHT="21" WC="0.96" CONTENT="Westlin"/><SP WIDTH="23" VPOS="212" HPOS="481"/>
							<String ID="string_17" HPOS="504" VPOS="212" WIDTH="39" HEIGHT="21" WC="0.96" CONTENT="och"/><SP WIDTH="21" VPOS="212" HPOS="543"/>
							<String ID="string_18" HPOS="564" VPOS="212" WIDTH="53" HEIGHT="22" WC="0.96" CONTENT="Otto"/><SP WIDTH="19" VPOS="212" HPOS="617"/>
							<String ID="string_19" HPOS="636" VPOS="213" WIDTH="111" HEIGHT="26" WC="0.96" CONTENT="Eriksson,"/><SP WIDTH="15" VPOS="213" HPOS="747"/>
							<String ID="string_20" HPOS="762" VPOS="213" WIDTH="77" HEIGHT="25" WC="0.96" CONTENT="hvilka,"/><SP WIDTH="15" VPOS="213" HPOS="839"/>
							<String ID="string_21" HPOS="854" VPOS="212" WIDTH="33" HEIGHT="22" WC="0.96" CONTENT="för"/><SP WIDTH="17" VPOS="212" HPOS="887"/>
							<String ID="string_22" HPOS="904" VPOS="213" WIDTH="73" HEIGHT="21" WC="0.93" CONTENT="försök"/><SP WIDTH="15" VPOS="213" HPOS="977"/>
							<String ID="string_23" HPOS="992" VPOS="213" WIDTH="33" HEIGHT="21" WC="0.83" CONTENT="till"/>
						</TextLine>
						<TextLine ID="line_3" HPOS="198" VPOS="239" WIDTH="827" HEIGHT="30">
							<String ID="string_24" HPOS="198" VPOS="239" WIDTH="97" HEIGHT="22" WC="0.92" CONTENT="öfverfall"/><SP WIDTH="20" VPOS="239" HPOS="295"/>
							<String ID="string_25" HPOS="315" VPOS="239" WIDTH="24" HEIGHT="22" WC="0.93" CONTENT="af"/><SP WIDTH="18" VPOS="239" HPOS="339"/>
							<String ID="string_26" HPOS="357" VPOS="240" WIDTH="163" HEIGHT="27" WC="0.91" CONTENT="polismästaren"/><SP WIDTH="22" VPOS="240" HPOS="520"/>
							<String ID="string_27" HPOS="542" VPOS="241" WIDTH="6" HEIGHT="21" WC="0.96" CONTENT="i"/><SP WIDTH="22" VPOS="241" HPOS="548"/>
							<String ID="string_28" HPOS="570" VPOS="241" WIDTH="63" HEIGHT="24" WC="0.94" CONTENT="Vasa,"/><SP WIDTH="15" VPOS="241" HPOS="633"/>
							<String ID="string_29" HPOS="648" VPOS="242" WIDTH="41" HEIGHT="21" WC="0.96" CONTENT="den"/><SP WIDTH="22" VPOS="242" HPOS="689"/>
							<String ID="string_30" HPOS="711" VPOS="242" WIDTH="13" HEIGHT="21" WC="0.96" CONTENT="2"/><SP WIDTH="15" VPOS="242" HPOS="724"/>
							<String ID="string_31" HPOS="739" VPOS="241" WIDTH="86" HEIGHT="28" WC="0.95" CONTENT="januari"/><SP WIDTH="17" VPOS="241" HPOS="825"/>
							<String ID="string_32" HPOS="842" VPOS="241" WIDTH="55" HEIGHT="22" WC="0.96" CONTENT="1904"/><SP WIDTH="15" VPOS="241" HPOS="897"/>
							<String ID="string_33" HPOS="912" VPOS="242" WIDTH="113" HEIGHT="21" WC="0.96" CONTENT="därstädes"/>
						</TextLine>
						<TextLine ID="line_4" HPOS="198" VPOS="268" WIDTH="827" HEIGHT="29">
							<String ID="string_34" HPOS="198" VPOS="270" WIDTH="64" HEIGHT="24" WC="0.91" CONTENT="togos"/><SP WIDTH="19" VPOS="270" HPOS="262"/>
							<String ID="string_35" HPOS="281" VPOS="268" WIDTH="6" HEIGHT="21" WC="0.96" CONTENT="i"/><SP WIDTH="18" VPOS="268" HPOS="287"/>
							<String ID="string_36" HPOS="305" VPOS="268" WIDTH="102" HEIGHT="27" WC="0.96" CONTENT="fängsligt"/><SP WIDTH="15" VPOS="268" HPOS="407"/>
							<String ID="string_37" HPOS="422" VPOS="269" WIDTH="76" HEIGHT="22" WC="0.95" CONTENT="förvar."/><SP WIDTH="30" VPOS="269" HPOS="498"/>
							<String ID="string_38" HPOS="528" VPOS="270" WIDTH="75" HEIGHT="21" WC="0.96" CONTENT="Under"/><SP WIDTH="15" VPOS="270" HPOS="603"/>
							<String ID="string_39" HPOS="618" VPOS="270" WIDTH="71" HEIGHT="27" WC="0.96" CONTENT="någon"/><SP WIDTH="16" VPOS="270" HPOS="689"/>
							<String ID="string_40" HPOS="705" VPOS="271" WIDTH="30" HEIGHT="21" WC="0.96" CONTENT="tid"/><SP WIDTH="16" VPOS="271" HPOS="735"/>
							<String ID="string_41" HPOS="751" VPOS="269" WIDTH="93" HEIGHT="22" WC="0.96" CONTENT="därefter"/><SP WIDTH="15" VPOS="269" HPOS="844"/>
							<String ID="string_42" HPOS="859" VPOS="270" WIDTH="71" HEIGHT="21" WC="0.96" CONTENT="hållna"/><SP WIDTH="14" VPOS="270" HPOS="930"/>
							<String ID="string_43" HPOS="944" VPOS="271" WIDTH="7" HEIGHT="20" WC="0.96" CONTENT="i"/><SP WIDTH="16" VPOS="271" HPOS="951"/>
							<String ID="string_44" HPOS="967" VPOS="271" WIDTH="58" HEIGHT="20" WC="0.96" CONTENT="Vasa"/>
						</TextLine>
						<TextLine ID="line_5" HPOS="197" VPOS="296" WIDTH="826" HEIGHT="27">
							<String ID="string_45" HPOS="197" VPOS="296" WIDTH="48" HEIGHT="21" WC="0.96" CONTENT="läns"/><SP WIDTH="19" VPOS="296" HPOS="245"/>
							<String ID="string_46" HPOS="264" VPOS="296" WIDTH="69" HEIGHT="27" WC="0.95" CONTENT="häkte,"/><SP WIDTH="14" VPOS="296" HPOS="333"/>
							<String ID="string_47" HPOS="347" VPOS="297" WIDTH="70" HEIGHT="22" WC="0.96" CONTENT="blefvo"/><SP WIDTH="18" VPOS="297" HPOS="417"/>
							<String ID="string_48" HPOS="435" VPOS="298" WIDTH="91" HEIGHT="21" WC="0.96" CONTENT="Westlin"/><SP WIDTH="16" VPOS="298" HPOS="526"/>
							<String ID="string_49" HPOS="542" VPOS="298" WIDTH="40" HEIGHT="21" WC="0.96" CONTENT="och"/><SP WIDTH="15" VPOS="298" HPOS="582"/>
							<String ID="string_50" HPOS="597" VPOS="299" WIDTH="105" HEIGHT="21" WC="0.96" CONTENT="Eriksson"/><SP WIDTH="16" VPOS="299" HPOS="702"/>
							<String ID="string_51" HPOS="718" VPOS="299" WIDTH="122" HEIGHT="21" WC="0.93" CONTENT="sedermera"/><SP WIDTH="15" VPOS="299" HPOS="840"/>
							<String ID="string_52" HPOS="855" VPOS="298" WIDTH="80" HEIGHT="22" WC="0.92" CONTENT="afförda"/><SP WIDTH="15" VPOS="298" HPOS="935"/>
							<String ID="string_53" HPOS="950" VPOS="299" WIDTH="31" HEIGHT="21" WC="0.96" CONTENT="till"/><SP WIDTH="16" VPOS="299" HPOS="981"/>
							<String ID="string_54" HPOS="997" VPOS="305" WIDTH="26" HEIGHT="15" WC="0.96" CONTENT="en"/>
						</TextLine>
						<TextLine ID="line_6" HPOS="198" VPOS="325" WIDTH="827" HEIGHT="29">
							<String ID="string_55" HPOS="198" VPOS="327" WIDTH="34" HEIGHT="19" WC="0.96" CONTENT="ort"/><SP WIDTH="21" VPOS="327" HPOS="232"/>
							<String ID="string_56" HPOS="253" VPOS="325" WIDTH="7" HEIGHT="21" WC="0.93" CONTENT="i"/><SP WIDTH="19" VPOS="325" HPOS="260"/>
							<String ID="string_57" HPOS="279" VPOS="325" WIDTH="104" HEIGHT="22" WC="0.92" CONTENT="Permska"/><SP WIDTH="21" VPOS="325" HPOS="383"/>
							<String ID="string_58" HPOS="404" VPOS="329" WIDTH="177" HEIGHT="24" WC="0.96" CONTENT="guvernementet"/><SP WIDTH="20" VPOS="329" HPOS="581"/>
							<String ID="string_59" HPOS="601" VPOS="327" WIDTH="23" HEIGHT="21" WC="0.93" CONTENT="af"/><SP WIDTH="18" VPOS="327" HPOS="624"/>
							<String ID="string_60" HPOS="642" VPOS="327" WIDTH="156" HEIGHT="27" WC="0.92" CONTENT="kejsaredömet"/><SP WIDTH="19" VPOS="327" HPOS="798"/>
							<String ID="string_61" HPOS="817" VPOS="327" WIDTH="107" HEIGHT="27" WC="0.96" CONTENT="Ryssland"/><SP WIDTH="14" VPOS="327" HPOS="924"/>
							<String ID="string_62" HPOS="938" VPOS="327" WIDTH="34" HEIGHT="22" WC="0.96" CONTENT="för"/><SP WIDTH="14" VPOS="327" HPOS="972"/>
							<String ID="string_63" HPOS="986" VPOS="329" WIDTH="39" HEIGHT="24" WC="0.96" CONTENT="att,"/>
						</TextLine>
						<TextLine ID="line_7" HPOS="198" VPOS="353" WIDTH="827" HEIGHT="30">
							<String ID="string_64" HPOS="198" VPOS="353" WIDTH="67" HEIGHT="28" WC="0.96" CONTENT="enligt"/><SP WIDTH="21" VPOS="353" HPOS="265"/>
							<String ID="string_65" HPOS="286" VPOS="354" WIDTH="67" HEIGHT="27" WC="0.96" CONTENT="något"/><SP WIDTH="21" VPOS="354" HPOS="353"/>
							<String ID="string_66" HPOS="374" VPOS="355" WIDTH="57" HEIGHT="27" WC="0.96" CONTENT="slags"/><SP WIDTH="22" VPOS="355" HPOS="431"/>
							<String ID="string_67" HPOS="453" VPOS="355" WIDTH="47" HEIGHT="21" WC="0.96" CONTENT="dem"/><SP WIDTH="22" VPOS="355" HPOS="500"/>
							<String ID="string_68" HPOS="522" VPOS="356" WIDTH="106" HEIGHT="21" WC="0.96" CONTENT="meddelat"/><SP WIDTH="19" VPOS="356" HPOS="628"/>
							<String ID="string_69" HPOS="647" VPOS="356" WIDTH="166" HEIGHT="21" WC="0.96" CONTENT="administrativt"/><SP WIDTH="21" VPOS="356" HPOS="813"/>
							<String ID="string_70" HPOS="834" VPOS="355" WIDTH="132" HEIGHT="28" WC="0.96" CONTENT="förfogande,"/><SP WIDTH="20" VPOS="355" HPOS="966"/>
							<String ID="string_71" HPOS="986" VPOS="356" WIDTH="39" HEIGHT="21" WC="0.96" CONTENT="där"/>
						</TextLine>
						<TextLine ID="line_8" HPOS="198" VPOS="382" WIDTH="427" HEIGHT="23">
							<String ID="string_72" HPOS="198" VPOS="382" WIDTH="119" HEIGHT="22" WC="0.92" CONTENT="kvarhållas"/><SP WIDTH="16" VPOS="382" HPOS="317"/>
							<String ID="string_73" HPOS="333" VPOS="383" WIDTH="68" HEIGHT="22" WC="0.95" CONTENT="under"/><SP WIDTH="15" VPOS="383" HPOS="401"/>
							<String ID="string_74" HPOS="416" VPOS="390" WIDTH="26" HEIGHT="15" WC="0.95" CONTENT="en"/><SP WIDTH="16" VPOS="390" HPOS="442"/>
							<String ID="string_75" HPOS="458" VPOS="384" WIDTH="31" HEIGHT="21" WC="0.96" CONTENT="tid"/><SP WIDTH="15" VPOS="384" HPOS="489"/>
							<String ID="string_76" HPOS="504" VPOS="383" WIDTH="22" HEIGHT="22" WC="0.96" CONTENT="af"/><SP WIDTH="13" VPOS="383" HPOS="526"/>
							<String ID="string_77" HPOS="539" VPOS="384" WIDTH="41" HEIGHT="21" WC="0.96" CONTENT="fem"/><SP WIDTH="17" VPOS="384" HPOS="580"/>
							<String ID="string_78" HPOS="597" VPOS="385" WIDTH="28" HEIGHT="20" WC="0.96" CONTENT="år."/>
						</TextLine>
					</TextBlock>
					<TextBlock ID="block_2" HPOS="197" VPOS="411" WIDTH="828" HEIGHT="370">
						<TextLine ID="line_9" HPOS="268" VPOS="411" WIDTH="756" HEIGHT="29">
							<String ID="string_79" HPOS="268" VPOS="411" WIDTH="136" HEIGHT="22" WC="0.96" CONTENT="Beträffande"/><SP WIDTH="21" VPOS="411" HPOS="404"/>
							<String ID="string_80" HPOS="425" VPOS="413" WIDTH="40" HEIGHT="20" WC="0.95" CONTENT="den"/><SP WIDTH="22" VPOS="413" HPOS="465"/>
							<String ID="string_81" HPOS="487" VPOS="413" WIDTH="142" HEIGHT="26" WC="0.95" CONTENT="brottslighet,"/><SP WIDTH="17" VPOS="413" HPOS="629"/>
							<String ID="string_82" HPOS="646" VPOS="419" WIDTH="46" HEIGHT="15" WC="0.91" CONTENT="som"/><SP WIDTH="22" VPOS="419" HPOS="692"/>
							<String ID="string_83" HPOS="714" VPOS="413" WIDTH="141" HEIGHT="27" WC="0.91" CONTENT="tilläfventyrs"/><SP WIDTH="21" VPOS="413" HPOS="855"/>
							<String ID="string_84" HPOS="876" VPOS="413" WIDTH="72" HEIGHT="21" WC="0.96" CONTENT="kunde"/><SP WIDTH="14" VPOS="413" HPOS="948"/>
							<String ID="string_85" HPOS="962" VPOS="415" WIDTH="62" HEIGHT="24" WC="0.96" CONTENT="tagas"/>
						</TextLine>
						<TextLine ID="line_10" HPOS="198" VPOS="439" WIDTH="826" HEIGHT="30">
							<String ID="string_86" HPOS="198" VPOS="439" WIDTH="92" HEIGHT="22" WC="0.96" CONTENT="Westlin"/><SP WIDTH="22" VPOS="439" HPOS="290"/>
							<String ID="string_87" HPOS="312" VPOS="440" WIDTH="40" HEIGHT="21" WC="0.96" CONTENT="och"/><SP WIDTH="20" VPOS="440" HPOS="352"/>
							<String ID="string_88" HPOS="372" VPOS="441" WIDTH="104" HEIGHT="22" WC="0.96" CONTENT="Eriksson"/><SP WIDTH="22" VPOS="441" HPOS="476"/>
							<String ID="string_89" HPOS="498" VPOS="441" WIDTH="32" HEIGHT="21" WC="0.96" CONTENT="till"/><SP WIDTH="20" VPOS="441" HPOS="530"/>
							<String ID="string_90" HPOS="550" VPOS="441" WIDTH="47" HEIGHT="26" WC="0.96" CONTENT="last,"/><SP WIDTH="15" VPOS="441" HPOS="597"/>
							<String ID="string_91" HPOS="612" VPOS="441" WIDTH="114" HEIGHT="28" WC="0.96" CONTENT="föreligger"/><SP WIDTH="19" VPOS="441" HPOS="726"/>
							<String ID="string_92" HPOS="745" VPOS="441" WIDTH="46" HEIGHT="22" WC="0.96" CONTENT="icke"/><SP WIDTH="20" VPOS="441" HPOS="791"/>
							<String ID="string_93" HPOS="811" VPOS="442" WIDTH="71" HEIGHT="26" WC="0.97" CONTENT="någon"/><SP WIDTH="21" VPOS="442" HPOS="882"/>
							<String ID="string_94" HPOS="903" VPOS="442" WIDTH="121" HEIGHT="27" WC="0.96" CONTENT="utredning."/>
						</TextLine>
						<TextLine ID="line_11" HPOS="198" VPOS="468" WIDTH="826" HEIGHT="29">
							<String ID="string_95" HPOS="198" VPOS="468" WIDTH="31" HEIGHT="27" WC="0.96" CONTENT="Ty"/><SP WIDTH="22" VPOS="468" HPOS="229"/>
							<String ID="string_96" HPOS="251" VPOS="469" WIDTH="48" HEIGHT="20" WC="0.96" CONTENT="dem"/><SP WIDTH="20" VPOS="469" HPOS="299"/>
							<String ID="string_97" HPOS="319" VPOS="469" WIDTH="38" HEIGHT="21" WC="0.96" CONTENT="har"/><SP WIDTH="21" VPOS="469" HPOS="357"/>
							<String ID="string_98" HPOS="378" VPOS="469" WIDTH="46" HEIGHT="22" WC="0.93" CONTENT="icke"/><SP WIDTH="20" VPOS="469" HPOS="424"/>
							<String ID="string_99" HPOS="444" VPOS="469" WIDTH="112" HEIGHT="22" WC="0.92" CONTENT="förunnats"/><SP WIDTH="20" VPOS="469" HPOS="556"/>
							<String ID="string_100" HPOS="576" VPOS="471" WIDTH="40" HEIGHT="20" WC="0.96" CONTENT="den"/><SP WIDTH="16" VPOS="471" HPOS="616"/>
							<String ID="string_101" HPOS="632" VPOS="471" WIDTH="32" HEIGHT="20" WC="0.96" CONTENT="uti"/><SP WIDTH="15" VPOS="471" HPOS="664"/>
							<String ID="string_102" HPOS="679" VPOS="471" WIDTH="59" HEIGHT="20" WC="0.96" CONTENT="detta"/><SP WIDTH="14" VPOS="471" HPOS="738"/>
							<String ID="string_103" HPOS="752" VPOS="471" WIDTH="49" HEIGHT="20" WC="0.96" CONTENT="land"/><SP WIDTH="16" VPOS="471" HPOS="801"/>
							<String ID="string_104" HPOS="817" VPOS="470" WIDTH="73" HEIGHT="27" WC="0.96" CONTENT="hvarje"/><SP WIDTH="15" VPOS="470" HPOS="890"/>
							<String ID="string_105" HPOS="905" VPOS="470" WIDTH="61" HEIGHT="21" WC="0.96" CONTENT="äfven"/><SP WIDTH="16" VPOS="470" HPOS="966"/>
							<String ID="string_106" HPOS="982" VPOS="471" WIDTH="42" HEIGHT="20" WC="0.96" CONTENT="den"/>
						</TextLine>
						<TextLine ID="line_12" HPOS="200" VPOS="496" WIDTH="824" HEIGHT="29">
							<String ID="string_107" HPOS="200" VPOS="496" WIDTH="81" HEIGHT="27" WC="0.89" CONTENT="gröfsta"/><SP WIDTH="21" VPOS="496" HPOS="281"/>
							<String ID="string_108" HPOS="302" VPOS="497" WIDTH="116" HEIGHT="28" WC="0.96" CONTENT="brottsling"/><SP WIDTH="21" VPOS="497" HPOS="418"/>
							<String ID="string_109" HPOS="439" VPOS="499" WIDTH="6" HEIGHT="20" WC="0.96" CONTENT="i"/><SP WIDTH="21" VPOS="499" HPOS="445"/>
							<String ID="string_110" HPOS="466" VPOS="498" WIDTH="35" HEIGHT="27" WC="0.93" CONTENT="lag"/><SP WIDTH="15" VPOS="498" HPOS="501"/>
							<String ID="string_111" HPOS="516" VPOS="499" WIDTH="125" HEIGHT="21" WC="0.92" CONTENT="tillerkända"/><SP WIDTH="19" VPOS="499" HPOS="641"/>
							<String ID="string_112" HPOS="660" VPOS="501" WIDTH="70" HEIGHT="19" WC="0.96" CONTENT="rätten"/><SP WIDTH="16" VPOS="501" HPOS="730"/>
							<String ID="string_113" HPOS="746" VPOS="501" WIDTH="31" HEIGHT="19" WC="0.97" CONTENT="att"/><SP WIDTH="15" VPOS="501" HPOS="777"/>
							<String ID="string_114" HPOS="792" VPOS="499" WIDTH="64" HEIGHT="21" WC="0.96" CONTENT="blifva"/><SP WIDTH="15" VPOS="499" HPOS="856"/>
							<String ID="string_115" HPOS="871" VPOS="499" WIDTH="81" HEIGHT="21" WC="0.96" CONTENT="åtalade"/><SP WIDTH="15" VPOS="499" HPOS="952"/>
							<String ID="string_116" HPOS="967" VPOS="499" WIDTH="57" HEIGHT="20" WC="0.96" CONTENT="inför"/>
						</TextLine>
						<TextLine ID="line_13" HPOS="198" VPOS="525" WIDTH="827" HEIGHT="28">
							<String ID="string_117" HPOS="198" VPOS="525" WIDTH="39" HEIGHT="22" WC="0.96" CONTENT="och"/><SP WIDTH="16" VPOS="525" HPOS="237"/>
							<String ID="string_118" HPOS="253" VPOS="526" WIDTH="78" HEIGHT="21" WC="0.96" CONTENT="dömda"/><SP WIDTH="14" VPOS="526" HPOS="331"/>
							<String ID="string_119" HPOS="345" VPOS="526" WIDTH="23" HEIGHT="21" WC="0.96" CONTENT="af"/><SP WIDTH="17" VPOS="526" HPOS="368"/>
							<String ID="string_120" HPOS="385" VPOS="527" WIDTH="48" HEIGHT="26" WC="0.96" CONTENT="laga"/><SP WIDTH="21" VPOS="527" HPOS="433"/>
							<String ID="string_121" HPOS="454" VPOS="527" WIDTH="98" HEIGHT="26" WC="0.95" CONTENT="domstol,"/><SP WIDTH="16" VPOS="527" HPOS="552"/>
							<String ID="string_122" HPOS="568" VPOS="527" WIDTH="39" HEIGHT="22" WC="0.96" CONTENT="och"/><SP WIDTH="21" VPOS="527" HPOS="607"/>
							<String ID="string_123" HPOS="628" VPOS="528" WIDTH="59" HEIGHT="21" WC="0.93" CONTENT="detta"/><SP WIDTH="15" VPOS="528" HPOS="687"/>
							<String ID="string_124" HPOS="702" VPOS="528" WIDTH="87" HEIGHT="21" WC="0.92" CONTENT="oaktadt"/><SP WIDTH="15" VPOS="528" HPOS="789"/>
							<String ID="string_125" HPOS="804" VPOS="527" WIDTH="84" HEIGHT="22" WC="0.96" CONTENT="landets"/><SP WIDTH="16" VPOS="527" HPOS="888"/>
							<String ID="string_126" HPOS="904" VPOS="527" WIDTH="121" HEIGHT="22" WC="0.95" CONTENT="dåvarande"/>
						</TextLine>
						<TextLine ID="line_14" HPOS="198" VPOS="554" WIDTH="825" HEIGHT="27">
							<String ID="string_127" HPOS="198" VPOS="554" WIDTH="129" HEIGHT="27" WC="0.91" CONTENT="prokurator"/><SP WIDTH="16" VPOS="554" HPOS="327"/>
							<String ID="string_128" HPOS="343" VPOS="555" WIDTH="131" HEIGHT="22" WC="0.96" CONTENT="omedelbart"/><SP WIDTH="15" VPOS="555" HPOS="474"/>
							<String ID="string_129" HPOS="489" VPOS="555" WIDTH="53" HEIGHT="22" WC="0.93" CONTENT="efter"/><SP WIDTH="16" VPOS="555" HPOS="542"/>
							<String ID="string_130" HPOS="558" VPOS="557" WIDTH="102" HEIGHT="20" WC="0.92" CONTENT="Westlins"/><SP WIDTH="14" VPOS="557" HPOS="660"/>
							<String ID="string_131" HPOS="674" VPOS="556" WIDTH="39" HEIGHT="21" WC="0.96" CONTENT="och"/><SP WIDTH="11" VPOS="556" HPOS="713"/>
							<String ID="string_132" HPOS="724" VPOS="556" WIDTH="116" HEIGHT="21" WC="0.92" CONTENT="Erikssons"/><SP WIDTH="12" VPOS="556" HPOS="840"/>
							<String ID="string_133" HPOS="852" VPOS="556" WIDTH="106" HEIGHT="21" WC="0.91" CONTENT="häktande"/><SP WIDTH="10" VPOS="556" HPOS="958"/>
							<String ID="string_134" HPOS="968" VPOS="555" WIDTH="55" HEIGHT="22" WC="0.92" CONTENT="före-"/>
						</TextLine>
						<TextLine ID="line_15" HPOS="198" VPOS="583" WIDTH="826" HEIGHT="29">
							<String ID="string_135" HPOS="198" VPOS="585" WIDTH="38" HEIGHT="25" WC="0.96" CONTENT="tog"/><SP WIDTH="22" VPOS="585" HPOS="236"/>
							<String ID="string_136" HPOS="258" VPOS="589" WIDTH="26" HEIGHT="15" WC="0.92" CONTENT="en"/><SP WIDTH="21" VPOS="589" HPOS="284"/>
							<String ID="string_137" HPOS="305" VPOS="583" WIDTH="133" HEIGHT="22" WC="0.92" CONTENT="ämbetsresa"/><SP WIDTH="20" VPOS="583" HPOS="438"/>
							<String ID="string_138" HPOS="458" VPOS="585" WIDTH="32" HEIGHT="20" WC="0.96" CONTENT="till"/><SP WIDTH="18" VPOS="585" HPOS="490"/>
							<String ID="string_139" HPOS="508" VPOS="585" WIDTH="57" HEIGHT="21" WC="0.96" CONTENT="Vasa"/><SP WIDTH="16" VPOS="585" HPOS="565"/>
							<String ID="string_140" HPOS="581" VPOS="585" WIDTH="76" HEIGHT="21" WC="0.96" CONTENT="enkom"/><SP WIDTH="16" VPOS="585" HPOS="657"/>
							<String ID="string_141" HPOS="673" VPOS="585" WIDTH="33" HEIGHT="21" WC="0.96" CONTENT="för"/><SP WIDTH="16" VPOS="585" HPOS="706"/>
							<String ID="string_142" HPOS="722" VPOS="587" WIDTH="31" HEIGHT="19" WC="0.96" CONTENT="att"/><SP WIDTH="16" VPOS="587" HPOS="753"/>
							<String ID="string_143" HPOS="769" VPOS="587" WIDTH="52" HEIGHT="25" WC="0.96" CONTENT="göra"/><SP WIDTH="16" VPOS="587" HPOS="821"/>
							<String ID="string_144" HPOS="837" VPOS="585" WIDTH="32" HEIGHT="26" WC="0.96" CONTENT="sig"/><SP WIDTH="16" VPOS="585" HPOS="869"/>
							<String ID="string_145" HPOS="885" VPOS="585" WIDTH="139" HEIGHT="21" WC="0.96" CONTENT="underrättad"/>
						</TextLine>
						<TextLine ID="line_16" HPOS="198" VPOS="612" WIDTH="826" HEIGHT="23">
							<String ID="string_146" HPOS="198" VPOS="617" WIDTH="35" HEIGHT="15" WC="0.96" CONTENT="om"/><SP WIDTH="22" VPOS="617" HPOS="233"/>
							<String ID="string_147" HPOS="255" VPOS="612" WIDTH="62" HEIGHT="21" WC="0.96" CONTENT="deras"/><SP WIDTH="22" VPOS="612" HPOS="317"/>
							<String ID="string_148" HPOS="339" VPOS="613" WIDTH="43" HEIGHT="20" WC="0.93" CONTENT="sak."/><SP WIDTH="31" VPOS="613" HPOS="382"/>
							<String ID="string_149" HPOS="413" VPOS="613" WIDTH="103" HEIGHT="21" WC="0.90" CONTENT="Westlins"/><SP WIDTH="21" VPOS="613" HPOS="516"/>
							<String ID="string_150" HPOS="537" VPOS="613" WIDTH="39" HEIGHT="22" WC="0.96" CONTENT="och"/><SP WIDTH="21" VPOS="613" HPOS="576"/>
							<String ID="string_151" HPOS="597" VPOS="614" WIDTH="117" HEIGHT="21" WC="0.90" CONTENT="Erikssons"/><SP WIDTH="21" VPOS="614" HPOS="714"/>
							<String ID="string_152" HPOS="735" VPOS="613" WIDTH="138" HEIGHT="22" WC="0.90" CONTENT="bortförande"/><SP WIDTH="15" VPOS="613" HPOS="873"/>
							<String ID="string_153" HPOS="888" VPOS="613" WIDTH="46" HEIGHT="21" WC="0.96" CONTENT="från"/><SP WIDTH="16" VPOS="613" HPOS="934"/>
							<String ID="string_154" HPOS="950" VPOS="613" WIDTH="74" HEIGHT="22" WC="0.96" CONTENT="landet"/>
						</TextLine>
						<TextLine ID="line_17" HPOS="198" VPOS="641" WIDTH="826" HEIGHT="28">
							<String ID="string_155" HPOS="198" VPOS="642" WIDTH="64" HEIGHT="24" WC="0.95" CONTENT="utgör"/><SP WIDTH="22" VPOS="642" HPOS="262"/>
							<String ID="string_156" HPOS="284" VPOS="641" WIDTH="83" HEIGHT="21" WC="0.95" CONTENT="således"/><SP WIDTH="19" VPOS="641" HPOS="367"/>
							<String ID="string_157" HPOS="386" VPOS="643" WIDTH="31" HEIGHT="19" WC="0.96" CONTENT="ett"/><SP WIDTH="19" VPOS="643" HPOS="417"/>
							<String ID="string_158" HPOS="436" VPOS="642" WIDTH="84" HEIGHT="26" WC="0.96" CONTENT="uttryck"/><SP WIDTH="21" VPOS="642" HPOS="520"/>
							<String ID="string_159" HPOS="541" VPOS="642" WIDTH="22" HEIGHT="21" WC="0.96" CONTENT="af"/><SP WIDTH="20" VPOS="642" HPOS="563"/>
							<String ID="string_160" HPOS="583" VPOS="643" WIDTH="35" HEIGHT="20" WC="0.97" CONTENT="det"/><SP WIDTH="18" VPOS="643" HPOS="618"/>
							<String ID="string_161" HPOS="636" VPOS="642" WIDTH="169" HEIGHT="21" WC="0.93" CONTENT="administrativa"/><SP WIDTH="16" VPOS="642" HPOS="805"/>
							<String ID="string_162" HPOS="821" VPOS="642" WIDTH="114" HEIGHT="27" WC="0.90" CONTENT="godtycket"/><SP WIDTH="15" VPOS="642" HPOS="935"/>
							<String ID="string_163" HPOS="950" VPOS="642" WIDTH="6" HEIGHT="20" WC="0.96" CONTENT="i"/><SP WIDTH="16" VPOS="642" HPOS="956"/>
							<String ID="string_164" HPOS="972" VPOS="642" WIDTH="52" HEIGHT="21" WC="0.96" CONTENT="dess"/>
						</TextLine>
						<TextLine ID="line_18" HPOS="199" VPOS="669" WIDTH="824" HEIGHT="28">
							<String ID="string_165" HPOS="199" VPOS="669" WIDTH="92" HEIGHT="27" WC="0.91" CONTENT="prydno;"/><SP WIDTH="24" VPOS="669" HPOS="291"/>
							<String ID="string_166" HPOS="315" VPOS="670" WIDTH="39" HEIGHT="20" WC="0.96" CONTENT="och"/><SP WIDTH="23" VPOS="670" HPOS="354"/>
							<String ID="string_167" HPOS="377" VPOS="670" WIDTH="41" HEIGHT="21" WC="0.96" CONTENT="den"/><SP WIDTH="23" VPOS="670" HPOS="418"/>
							<String ID="string_168" HPOS="441" VPOS="670" WIDTH="134" HEIGHT="27" WC="0.96" CONTENT="behandling,"/><SP WIDTH="22" VPOS="670" HPOS="575"/>
							<String ID="string_169" HPOS="597" VPOS="677" WIDTH="46" HEIGHT="15" WC="0.94" CONTENT="som"/><SP WIDTH="23" VPOS="677" HPOS="643"/>
							<String ID="string_170" HPOS="666" VPOS="671" WIDTH="102" HEIGHT="21" WC="0.94" CONTENT="särskildt"/><SP WIDTH="21" VPOS="671" HPOS="768"/>
							<String ID="string_171" HPOS="789" VPOS="670" WIDTH="46" HEIGHT="22" WC="0.93" CONTENT="före"/><SP WIDTH="24" VPOS="670" HPOS="835"/>
							<String ID="string_172" HPOS="859" VPOS="670" WIDTH="101" HEIGHT="22" WC="0.91" CONTENT="Westlins"/><SP WIDTH="24" VPOS="670" HPOS="960"/>
							<String ID="string_173" HPOS="984" VPOS="670" WIDTH="39" HEIGHT="22" WC="0.96" CONTENT="och"/>
						</TextLine>
						<TextLine ID="line_19" HPOS="198" VPOS="697" WIDTH="825" HEIGHT="29">
							<String ID="string_174" HPOS="198" VPOS="697" WIDTH="117" HEIGHT="21" WC="0.93" CONTENT="Erikssons"/><SP WIDTH="20" VPOS="697" HPOS="315"/>
							<String ID="string_175" HPOS="335" VPOS="698" WIDTH="142" HEIGHT="22" WC="0.91" CONTENT="försändande"/><SP WIDTH="20" VPOS="698" HPOS="477"/>
							<String ID="string_176" HPOS="497" VPOS="699" WIDTH="31" HEIGHT="21" WC="0.93" CONTENT="till"/><SP WIDTH="21" VPOS="699" HPOS="528"/>
							<String ID="string_177" HPOS="549" VPOS="699" WIDTH="192" HEIGHT="27" WC="0.91" CONTENT="förvisningsorten"/><SP WIDTH="21" VPOS="699" HPOS="741"/>
							<String ID="string_178" HPOS="762" VPOS="699" WIDTH="90" HEIGHT="21" WC="0.96" CONTENT="kommit"/><SP WIDTH="21" VPOS="699" HPOS="852"/>
							<String ID="string_179" HPOS="873" VPOS="699" WIDTH="48" HEIGHT="21" WC="0.96" CONTENT="dem"/><SP WIDTH="15" VPOS="699" HPOS="921"/>
							<String ID="string_180" HPOS="936" VPOS="699" WIDTH="31" HEIGHT="21" WC="0.96" CONTENT="till"/><SP WIDTH="17" VPOS="699" HPOS="967"/>
							<String ID="string_181" HPOS="984" VPOS="699" WIDTH="39" HEIGHT="25" WC="0.96" CONTENT="del,"/>
						</TextLine>
						<TextLine ID="line_20" HPOS="197" VPOS="725" WIDTH="827" HEIGHT="30">
							<String ID="string_182" HPOS="197" VPOS="725" WIDTH="44" HEIGHT="27" WC="0.96" CONTENT="har,"/><SP WIDTH="17" VPOS="725" HPOS="241"/>
							<String ID="string_183" HPOS="258" VPOS="726" WIDTH="67" HEIGHT="27" WC="0.96" CONTENT="enligt"/><SP WIDTH="15" VPOS="726" HPOS="325"/>
							<String ID="string_184" HPOS="340" VPOS="727" WIDTH="61" HEIGHT="21" WC="0.96" CONTENT="deras"/><SP WIDTH="15" VPOS="727" HPOS="401"/>
							<String ID="string_185" HPOS="416" VPOS="734" WIDTH="56" HEIGHT="20" WC="0.96" CONTENT="egna"/><SP WIDTH="15" VPOS="734" HPOS="472"/>
							<String ID="string_186" HPOS="487" VPOS="728" WIDTH="112" HEIGHT="27" WC="0.96" CONTENT="uppgifter,"/><SP WIDTH="16" VPOS="728" HPOS="599"/>
							<String ID="string_187" HPOS="615" VPOS="728" WIDTH="61" HEIGHT="21" WC="0.96" CONTENT="äfven"/><SP WIDTH="16" VPOS="728" HPOS="676"/>
							<String ID="string_188" HPOS="692" VPOS="728" WIDTH="7" HEIGHT="21" WC="0.96" CONTENT="i"/><SP WIDTH="15" VPOS="728" HPOS="699"/>
							<String ID="string_189" HPOS="714" VPOS="728" WIDTH="65" HEIGHT="27" WC="0.96" CONTENT="öfrigt"/><SP WIDTH="14" VPOS="728" HPOS="779"/>
							<String ID="string_190" HPOS="793" VPOS="728" WIDTH="55" HEIGHT="21" WC="0.96" CONTENT="varit"/><SP WIDTH="15" VPOS="728" HPOS="848"/>
							<String ID="string_191" HPOS="863" VPOS="728" WIDTH="6" HEIGHT="21" WC="0.97" CONTENT="i"/><SP WIDTH="16" VPOS="728" HPOS="869"/>
							<String ID="string_192" HPOS="885" VPOS="728" WIDTH="75" HEIGHT="26" WC="0.96" CONTENT="högsta"/><SP WIDTH="11" VPOS="728" HPOS="960"/>
							<String ID="string_193" HPOS="971" VPOS="728" WIDTH="53" HEIGHT="26" WC="0.96" CONTENT="grad"/>
						</TextLine>
						<TextLine ID="line_21" HPOS="198" VPOS="756" WIDTH="143" HEIGHT="25">
							<String ID="string_194" HPOS="198" VPOS="756" WIDTH="143" HEIGHT="25" WC="0.96" CONTENT="upprörande."/>
						</TextLine>
					</TextBlock>
					<TextBlock ID="block_3" HPOS="197" VPOS="784" WIDTH="827" HEIGHT="254">
						<TextLine ID="line_22" HPOS="268" VPOS="784" WIDTH="756" HEIGHT="28">
							<String ID="string_195" HPOS="268" VPOS="784" WIDTH="34" HEIGHT="20" WC="0.96" CONTENT="Då"/><SP WIDTH="14" VPOS="784" HPOS="302"/>
							<String ID="string_196" HPOS="316" VPOS="784" WIDTH="47" HEIGHT="21" WC="0.96" CONTENT="från"/><SP WIDTH="16" VPOS="784" HPOS="363"/>
							<String ID="string_197" HPOS="379" VPOS="784" WIDTH="72" HEIGHT="22" WC="0.96" CONTENT="landet"/><SP WIDTH="15" VPOS="784" HPOS="451"/>
							<String ID="string_198" HPOS="466" VPOS="784" WIDTH="105" HEIGHT="22" WC="0.95" CONTENT="förvisade"/><SP WIDTH="16" VPOS="784" HPOS="571"/>
							<String ID="string_199" HPOS="587" VPOS="785" WIDTH="38" HEIGHT="21" WC="0.96" CONTENT="och"/><SP WIDTH="16" VPOS="785" HPOS="625"/>
							<String ID="string_200" HPOS="641" VPOS="785" WIDTH="142" HEIGHT="27" WC="0.96" CONTENT="deporterade"/><SP WIDTH="14" VPOS="785" HPOS="783"/>
							<String ID="string_201" HPOS="797" VPOS="784" WIDTH="70" HEIGHT="22" WC="0.96" CONTENT="finska"/><SP WIDTH="16" VPOS="784" HPOS="867"/>
							<String ID="string_202" HPOS="883" VPOS="785" WIDTH="141" HEIGHT="26" WC="0.96" CONTENT="medborgare"/>
						</TextLine>
						<TextLine ID="line_23" HPOS="198" VPOS="812" WIDTH="826" HEIGHT="28">
							<String ID="string_203" HPOS="198" VPOS="812" WIDTH="81" HEIGHT="21" WC="0.91" CONTENT="medels"/><SP WIDTH="25" VPOS="812" HPOS="279"/>
							<String ID="string_204" HPOS="304" VPOS="812" WIDTH="126" HEIGHT="28" WC="0.93" CONTENT="förfogande"/><SP WIDTH="15" VPOS="812" HPOS="430"/>
							<String ID="string_205" HPOS="445" VPOS="814" WIDTH="35" HEIGHT="20" WC="0.96" CONTENT="vid"/><SP WIDTH="15" VPOS="814" HPOS="480"/>
							<String ID="string_206" HPOS="495" VPOS="814" WIDTH="74" HEIGHT="26" WC="0.96" CONTENT="början"/><SP WIDTH="15" VPOS="814" HPOS="569"/>
							<String ID="string_207" HPOS="584" VPOS="813" WIDTH="23" HEIGHT="21" WC="0.95" CONTENT="af"/><SP WIDTH="12" VPOS="813" HPOS="607"/>
							<String ID="string_208" HPOS="619" VPOS="814" WIDTH="144" HEIGHT="21" WC="0.93" CONTENT="innevarande"/><SP WIDTH="16" VPOS="814" HPOS="763"/>
							<String ID="string_209" HPOS="779" VPOS="814" WIDTH="102" HEIGHT="26" WC="0.91" CONTENT="landtdag"/><SP WIDTH="11" VPOS="814" HPOS="881"/>
							<String ID="string_210" HPOS="892" VPOS="813" WIDTH="132" HEIGHT="21" WC="0.96" CONTENT="förklarades"/>
						</TextLine>
						<TextLine ID="line_24" HPOS="198" VPOS="840" WIDTH="826" HEIGHT="29">
							<String ID="string_211" HPOS="198" VPOS="840" WIDTH="133" HEIGHT="28" WC="0.96" CONTENT="berättigade"/><SP WIDTH="16" VPOS="840" HPOS="331"/>
							<String ID="string_212" HPOS="347" VPOS="844" WIDTH="30" HEIGHT="18" WC="0.96" CONTENT="att"/><SP WIDTH="15" VPOS="844" HPOS="377"/>
							<String ID="string_213" HPOS="392" VPOS="842" WIDTH="120" HEIGHT="26" WC="0.96" CONTENT="återvända,"/><SP WIDTH="8" VPOS="842" HPOS="512"/>
							<String ID="string_214" HPOS="520" VPOS="842" WIDTH="61" HEIGHT="27" WC="0.96" CONTENT="hyste"/><SP WIDTH="16" VPOS="842" HPOS="581"/>
							<String ID="string_215" HPOS="597" VPOS="842" WIDTH="90" HEIGHT="22" WC="0.96" CONTENT="Westlin"/><SP WIDTH="17" VPOS="842" HPOS="687"/>
							<String ID="string_216" HPOS="704" VPOS="842" WIDTH="39" HEIGHT="22" WC="0.96" CONTENT="och"/><SP WIDTH="13" VPOS="842" HPOS="743"/>
							<String ID="string_217" HPOS="756" VPOS="842" WIDTH="105" HEIGHT="21" WC="0.96" CONTENT="Eriksson"/><SP WIDTH="12" VPOS="842" HPOS="861"/>
							<String ID="string_218" HPOS="873" VPOS="842" WIDTH="151" HEIGHT="27" WC="0.96" CONTENT="förhoppning,"/>
						</TextLine>
						<TextLine ID="line_25" HPOS="198" VPOS="869" WIDTH="826" HEIGHT="29">
							<String ID="string_219" HPOS="198" VPOS="871" WIDTH="32" HEIGHT="19" WC="0.96" CONTENT="att"/><SP WIDTH="21" VPOS="871" HPOS="230"/>
							<String ID="string_220" HPOS="251" VPOS="870" WIDTH="66" HEIGHT="26" WC="0.96" CONTENT="sagda"/><SP WIDTH="17" VPOS="870" HPOS="317"/>
							<String ID="string_221" HPOS="334" VPOS="869" WIDTH="126" HEIGHT="28" WC="0.96" CONTENT="förfogande"/><SP WIDTH="15" VPOS="869" HPOS="460"/>
							<String ID="string_222" HPOS="475" VPOS="870" WIDTH="68" HEIGHT="22" WC="0.93" CONTENT="skulle"/><SP WIDTH="15" VPOS="870" HPOS="543"/>
							<String ID="string_223" HPOS="558" VPOS="877" WIDTH="40" HEIGHT="21" WC="0.92" CONTENT="ega"/><SP WIDTH="15" VPOS="877" HPOS="598"/>
							<String ID="string_224" HPOS="613" VPOS="871" WIDTH="134" HEIGHT="27" WC="0.0" CONTENT="tillämpning"/><SP WIDTH="12" VPOS="871" HPOS="747"/>
							<String ID="string_225" HPOS="759" VPOS="870" WIDTH="80" HEIGHT="28" WC="0.96" CONTENT="jämväl"/><SP WIDTH="16" VPOS="870" HPOS="839"/>
							<String ID="string_226" HPOS="855" VPOS="871" WIDTH="28" HEIGHT="26" WC="0.96" CONTENT="pä"/><SP WIDTH="15" VPOS="871" HPOS="883"/>
							<String ID="string_227" HPOS="898" VPOS="871" WIDTH="54" HEIGHT="21" WC="0.96" CONTENT="dem."/><SP WIDTH="30" VPOS="871" HPOS="952"/>
							<String ID="string_228" HPOS="982" VPOS="871" WIDTH="42" HEIGHT="21" WC="0.96" CONTENT="För"/>
						</TextLine>
						<TextLine ID="line_26" HPOS="198" VPOS="898" WIDTH="825" HEIGHT="23">
							<String ID="string_229" HPOS="198" VPOS="900" WIDTH="31" HEIGHT="18" WC="0.96" CONTENT="att"/><SP WIDTH="15" VPOS="900" HPOS="229"/>
							<String ID="string_230" HPOS="244" VPOS="898" WIDTH="65" HEIGHT="21" WC="0.96" CONTENT="vinna"/><SP WIDTH="15" VPOS="898" HPOS="309"/>
							<String ID="string_231" HPOS="324" VPOS="900" WIDTH="98" HEIGHT="20" WC="0.96" CONTENT="närmare"/><SP WIDTH="12" VPOS="900" HPOS="422"/>
							<String ID="string_232" HPOS="434" VPOS="899" WIDTH="120" HEIGHT="21" WC="0.96" CONTENT="kännedom"/><SP WIDTH="11" VPOS="899" HPOS="554"/>
							<String ID="string_233" HPOS="565" VPOS="906" WIDTH="35" HEIGHT="14" WC="0.95" CONTENT="om"/><SP WIDTH="10" VPOS="906" HPOS="600"/>
							<String ID="string_234" HPOS="610" VPOS="899" WIDTH="142" HEIGHT="22" WC="0.96" CONTENT="förhållandet"/><SP WIDTH="10" VPOS="899" HPOS="752"/>
							<String ID="string_235" HPOS="762" VPOS="900" WIDTH="87" HEIGHT="20" WC="0.96" CONTENT="härmed"/><SP WIDTH="11" VPOS="900" HPOS="849"/>
							<String ID="string_236" HPOS="860" VPOS="899" WIDTH="63" HEIGHT="21" WC="0.96" CONTENT="hafva"/><SP WIDTH="9" VPOS="899" HPOS="923"/>
							<String ID="string_237" HPOS="932" VPOS="899" WIDTH="91" HEIGHT="21" WC="0.96" CONTENT="Westlin"/>
						</TextLine>
						<TextLine ID="line_27" HPOS="198" VPOS="926" WIDTH="826" HEIGHT="29">
							<String ID="string_238" HPOS="198" VPOS="926" WIDTH="39" HEIGHT="21" WC="0.96" CONTENT="och"/><SP WIDTH="16" VPOS="926" HPOS="237"/>
							<String ID="string_239" HPOS="253" VPOS="926" WIDTH="105" HEIGHT="22" WC="0.93" CONTENT="Eriksson"/><SP WIDTH="16" VPOS="926" HPOS="358"/>
							<String ID="string_240" HPOS="374" VPOS="928" WIDTH="66" HEIGHT="20" WC="0.92" CONTENT="vändt"/><SP WIDTH="15" VPOS="928" HPOS="440"/>
							<String ID="string_241" HPOS="455" VPOS="928" WIDTH="33" HEIGHT="26" WC="0.96" CONTENT="sig"/><SP WIDTH="14" VPOS="928" HPOS="488"/>
							<String ID="string_242" HPOS="502" VPOS="928" WIDTH="31" HEIGHT="21" WC="0.96" CONTENT="till"/><SP WIDTH="11" VPOS="928" HPOS="533"/>
							<String ID="string_243" HPOS="544" VPOS="928" WIDTH="103" HEIGHT="22" WC="0.96" CONTENT="särskilda"/><SP WIDTH="11" VPOS="928" HPOS="647"/>
							<String ID="string_244" HPOS="658" VPOS="928" WIDTH="154" HEIGHT="27" WC="0.96" CONTENT="myndigheter,"/><SP WIDTH="12" VPOS="928" HPOS="812"/>
							<String ID="string_245" HPOS="824" VPOS="928" WIDTH="39" HEIGHT="21" WC="0.96" CONTENT="och"/><SP WIDTH="11" VPOS="928" HPOS="863"/>
							<String ID="string_246" HPOS="874" VPOS="928" WIDTH="54" HEIGHT="21" WC="0.96" CONTENT="först"/><SP WIDTH="10" VPOS="928" HPOS="928"/>
							<String ID="string_247" HPOS="938" VPOS="928" WIDTH="86" HEIGHT="26" WC="0.96" CONTENT="nyligen"/>
						</TextLine>
						<TextLine ID="line_28" HPOS="197" VPOS="954" WIDTH="827" HEIGHT="30">
							<String ID="string_248" HPOS="197" VPOS="954" WIDTH="38" HEIGHT="21" WC="0.96" CONTENT="har"/><SP WIDTH="16" VPOS="954" HPOS="235"/>
							<String ID="string_249" HPOS="251" VPOS="961" WIDTH="78" HEIGHT="21" WC="0.93" CONTENT="genom"/><SP WIDTH="16" VPOS="961" HPOS="329"/>
							<String ID="string_250" HPOS="345" VPOS="958" WIDTH="14" HEIGHT="19" WC="0.92" CONTENT="t."/><SP WIDTH="15" VPOS="958" HPOS="359"/>
							<String ID="string_251" HPOS="374" VPOS="955" WIDTH="14" HEIGHT="22" WC="0.92" CONTENT="f."/><SP WIDTH="14" VPOS="955" HPOS="388"/>
							<String ID="string_252" HPOS="402" VPOS="956" WIDTH="143" HEIGHT="26" WC="0.92" CONTENT="prokuratorn"/><SP WIDTH="15" VPOS="956" HPOS="545"/>
							<String ID="string_253" HPOS="560" VPOS="957" WIDTH="7" HEIGHT="21" WC="0.96" CONTENT="i"/><SP WIDTH="15" VPOS="957" HPOS="567"/>
							<String ID="string_254" HPOS="582" VPOS="957" WIDTH="114" HEIGHT="27" WC="0.96" CONTENT="kejserliga"/><SP WIDTH="15" VPOS="957" HPOS="696"/>
							<String ID="string_255" HPOS="711" VPOS="959" WIDTH="88" HEIGHT="19" WC="0.96" CONTENT="senaten"/><SP WIDTH="15" VPOS="959" HPOS="799"/>
							<String ID="string_256" HPOS="814" VPOS="956" WIDTH="33" HEIGHT="21" WC="0.96" CONTENT="för"/><SP WIDTH="16" VPOS="956" HPOS="847"/>
							<String ID="string_257" HPOS="863" VPOS="956" WIDTH="90" HEIGHT="21" WC="0.93" CONTENT="Finland"/><SP WIDTH="12" VPOS="956" HPOS="953"/>
							<String ID="string_258" HPOS="965" VPOS="956" WIDTH="59" HEIGHT="21" WC="0.92" CONTENT="med-"/>
						</TextLine>
						<TextLine ID="line_29" HPOS="198" VPOS="983" WIDTH="826" HEIGHT="29">
							<String ID="string_259" HPOS="198" VPOS="983" WIDTH="69" HEIGHT="21" WC="0.96" CONTENT="delats"/><SP WIDTH="20" VPOS="983" HPOS="267"/>
							<String ID="string_260" HPOS="287" VPOS="984" WIDTH="54" HEIGHT="26" WC="0.96" CONTENT="dem,"/><SP WIDTH="16" VPOS="984" HPOS="341"/>
							<String ID="string_261" HPOS="357" VPOS="986" WIDTH="31" HEIGHT="20" WC="0.96" CONTENT="att"/><SP WIDTH="15" VPOS="986" HPOS="388"/>
							<String ID="string_262" HPOS="403" VPOS="985" WIDTH="26" HEIGHT="21" WC="0.96" CONTENT="de"/><SP WIDTH="15" VPOS="985" HPOS="429"/>
							<String ID="string_263" HPOS="444" VPOS="985" WIDTH="45" HEIGHT="21" WC="0.96" CONTENT="icke"/><SP WIDTH="15" VPOS="985" HPOS="489"/>
							<String ID="string_264" HPOS="504" VPOS="987" WIDTH="37" HEIGHT="19" WC="0.96" CONTENT="äro"/><SP WIDTH="16" VPOS="987" HPOS="541"/>
							<String ID="string_265" HPOS="557" VPOS="986" WIDTH="127" HEIGHT="26" WC="0.96" CONTENT="inbegripna"/><SP WIDTH="15" VPOS="986" HPOS="684"/>
							<String ID="string_266" HPOS="699" VPOS="986" WIDTH="63" HEIGHT="20" WC="0.96" CONTENT="bland"/><SP WIDTH="17" VPOS="986" HPOS="762"/>
							<String ID="string_267" HPOS="779" VPOS="985" WIDTH="80" HEIGHT="21" WC="0.96" CONTENT="antalet"/><SP WIDTH="14" VPOS="985" HPOS="859"/>
							<String ID="string_268" HPOS="873" VPOS="984" WIDTH="23" HEIGHT="22" WC="0.96" CONTENT="af"/><SP WIDTH="13" VPOS="984" HPOS="896"/>
							<String ID="string_269" HPOS="909" VPOS="985" WIDTH="26" HEIGHT="21" WC="0.93" CONTENT="de"/><SP WIDTH="15" VPOS="985" HPOS="935"/>
							<String ID="string_270" HPOS="950" VPOS="991" WIDTH="74" HEIGHT="21" WC="0.92" CONTENT="perso-"/>
						</TextLine>
						<TextLine ID="line_30" HPOS="197" VPOS="1012" WIDTH="565" HEIGHT="26">
							<String ID="string_271" HPOS="197" VPOS="1018" WIDTH="44" HEIGHT="20" WC="0.96" CONTENT="ner,"/><SP WIDTH="16" VPOS="1018" HPOS="241"/>
							<String ID="string_272" HPOS="257" VPOS="1012" WIDTH="72" HEIGHT="22" WC="0.96" CONTENT="hvilka"/><SP WIDTH="15" VPOS="1012" HPOS="329"/>
							<String ID="string_273" HPOS="344" VPOS="1013" WIDTH="82" HEIGHT="21" WC="0.96" CONTENT="tillåtits"/><SP WIDTH="16" VPOS="1013" HPOS="426"/>
							<String ID="string_274" HPOS="442" VPOS="1014" WIDTH="131" HEIGHT="21" WC="0.96" CONTENT="återkomma"/><SP WIDTH="15" VPOS="1014" HPOS="573"/>
							<String ID="string_275" HPOS="588" VPOS="1014" WIDTH="31" HEIGHT="21" WC="0.96" CONTENT="till"/><SP WIDTH="15" VPOS="1014" HPOS="619"/>
							<String ID="string_276" HPOS="634" VPOS="1014" WIDTH="128" HEIGHT="21" WC="0.96" CONTENT="hemlandet."/>
						</TextLine>
					</TextBlock>
					<TextBlock ID="block_4" HPOS="195" VPOS="1041" WIDTH="830" HEIGHT="314">
						<TextLine ID="line_31" HPOS="267" VPOS="1041" WIDTH="758" HEIGHT="27">
							<String ID="string_277" HPOS="267" VPOS="1041" WIDTH="75" HEIGHT="22" WC="0.96" CONTENT="Under"/><SP WIDTH="12" VPOS="1041" HPOS="342"/>
							<String ID="string_278" HPOS="354" VPOS="1042" WIDTH="132" HEIGHT="21" WC="0.96" CONTENT="närvarande"/><SP WIDTH="12" VPOS="1042" HPOS="486"/>
							<String ID="string_279" HPOS="498" VPOS="1042" WIDTH="152" HEIGHT="26" WC="0.96" CONTENT="förhållanden,"/><SP WIDTH="11" VPOS="1042" HPOS="650"/>
							<String ID="string_280" HPOS="661" VPOS="1043" WIDTH="27" HEIGHT="21" WC="0.96" CONTENT="då"/><SP WIDTH="12" VPOS="1043" HPOS="688"/>
							<String ID="string_281" HPOS="700" VPOS="1042" WIDTH="91" HEIGHT="22" WC="0.96" CONTENT="Westlin"/><SP WIDTH="11" VPOS="1042" HPOS="791"/>
							<String ID="string_282" HPOS="802" VPOS="1042" WIDTH="40" HEIGHT="22" WC="0.96" CONTENT="och"/><SP WIDTH="9" VPOS="1042" HPOS="842"/>
							<String ID="string_283" HPOS="851" VPOS="1042" WIDTH="104" HEIGHT="21" WC="0.96" CONTENT="Eriksson"/><SP WIDTH="11" VPOS="1042" HPOS="955"/>
							<String ID="string_284" HPOS="966" VPOS="1042" WIDTH="59" HEIGHT="26" WC="0.96" CONTENT="gjort"/>
						</TextLine>
						<TextLine ID="line_32" HPOS="198" VPOS="1069" WIDTH="826" HEIGHT="28">
							<String ID="string_285" HPOS="198" VPOS="1069" WIDTH="105" HEIGHT="22" WC="0.96" CONTENT="särskilda"/><SP WIDTH="12" VPOS="1069" HPOS="303"/>
							<String ID="string_286" HPOS="315" VPOS="1076" WIDTH="48" HEIGHT="15" WC="0.96" CONTENT="men"/><SP WIDTH="11" VPOS="1076" HPOS="363"/>
							<String ID="string_287" HPOS="374" VPOS="1070" WIDTH="86" HEIGHT="27" WC="0.96" CONTENT="fåfänga"/><SP WIDTH="9" VPOS="1070" HPOS="460"/>
							<String ID="string_288" HPOS="469" VPOS="1070" WIDTH="72" HEIGHT="22" WC="0.96" CONTENT="försök"/><SP WIDTH="11" VPOS="1070" HPOS="541"/>
							<String ID="string_289" HPOS="552" VPOS="1073" WIDTH="31" HEIGHT="19" WC="0.96" CONTENT="att"/><SP WIDTH="8" VPOS="1073" HPOS="583"/>
							<String ID="string_290" HPOS="591" VPOS="1071" WIDTH="20" HEIGHT="21" WC="0.96" CONTENT="få"/><SP WIDTH="8" VPOS="1071" HPOS="611"/>
							<String ID="string_291" HPOS="619" VPOS="1072" WIDTH="117" HEIGHT="20" WC="0.96" CONTENT="återvända"/><SP WIDTH="7" VPOS="1072" HPOS="736"/>
							<String ID="string_292" HPOS="743" VPOS="1071" WIDTH="31" HEIGHT="21" WC="0.96" CONTENT="till"/><SP WIDTH="9" VPOS="1071" HPOS="774"/>
							<String ID="string_293" HPOS="783" VPOS="1070" WIDTH="140" HEIGHT="22" WC="0.95" CONTENT="fosterlandet"/><SP WIDTH="9" VPOS="1070" HPOS="923"/>
							<String ID="string_294" HPOS="932" VPOS="1070" WIDTH="38" HEIGHT="22" WC="0.96" CONTENT="och"/><SP WIDTH="10" VPOS="1070" HPOS="970"/>
							<String ID="string_295" HPOS="980" VPOS="1071" WIDTH="44" HEIGHT="24" WC="0.96" CONTENT="där,"/>
						</TextLine>
						<TextLine ID="line_33" HPOS="198" VPOS="1098" WIDTH="826" HEIGHT="28">
							<String ID="string_296" HPOS="198" VPOS="1103" WIDTH="34" HEIGHT="15" WC="0.96" CONTENT="om"/><SP WIDTH="17" VPOS="1103" HPOS="232"/>
							<String ID="string_297" HPOS="249" VPOS="1098" WIDTH="25" HEIGHT="21" WC="0.93" CONTENT="så"/><SP WIDTH="15" VPOS="1098" HPOS="274"/>
							<String ID="string_298" HPOS="289" VPOS="1098" WIDTH="91" HEIGHT="27" WC="0.93" CONTENT="ansåges"/><SP WIDTH="9" VPOS="1098" HPOS="380"/>
							<String ID="string_299" HPOS="389" VPOS="1098" WIDTH="22" HEIGHT="21" WC="0.96" CONTENT="af"/><SP WIDTH="11" VPOS="1098" HPOS="411"/>
							<String ID="string_300" HPOS="422" VPOS="1099" WIDTH="61" HEIGHT="21" WC="0.96" CONTENT="deras"/><SP WIDTH="11" VPOS="1099" HPOS="483"/>
							<String ID="string_301" HPOS="494" VPOS="1099" WIDTH="125" HEIGHT="27" WC="0.93" CONTENT="handlingar"/><SP WIDTH="10" VPOS="1099" HPOS="619"/>
							<String ID="string_302" HPOS="629" VPOS="1100" WIDTH="113" HEIGHT="26" WC="0.92" CONTENT="påkalladt,"/><SP WIDTH="12" VPOS="1100" HPOS="742"/>
							<String ID="string_303" HPOS="754" VPOS="1100" WIDTH="73" HEIGHT="21" WC="0.96" CONTENT="ställas"/><SP WIDTH="12" VPOS="1100" HPOS="827"/>
							<String ID="string_304" HPOS="839" VPOS="1100" WIDTH="68" HEIGHT="20" WC="0.96" CONTENT="under"/><SP WIDTH="11" VPOS="1100" HPOS="907"/>
							<String ID="string_305" HPOS="918" VPOS="1099" WIDTH="47" HEIGHT="26" WC="0.96" CONTENT="laga"/><SP WIDTH="10" VPOS="1099" HPOS="965"/>
							<String ID="string_306" HPOS="975" VPOS="1099" WIDTH="49" HEIGHT="25" WC="0.96" CONTENT="åtal,"/>
						</TextLine>
						<TextLine ID="line_34" HPOS="197" VPOS="1127" WIDTH="828" HEIGHT="28">
							<String ID="string_307" HPOS="197" VPOS="1132" WIDTH="64" HEIGHT="21" WC="0.96" CONTENT="synes"/><SP WIDTH="11" VPOS="1132" HPOS="261"/>
							<String ID="string_308" HPOS="272" VPOS="1127" WIDTH="71" HEIGHT="26" WC="0.96" CONTENT="någon"/><SP WIDTH="12" VPOS="1127" HPOS="343"/>
							<String ID="string_309" HPOS="355" VPOS="1133" WIDTH="69" HEIGHT="15" WC="0.95" CONTENT="annan"/><SP WIDTH="11" VPOS="1133" HPOS="424"/>
							<String ID="string_310" HPOS="435" VPOS="1127" WIDTH="32" HEIGHT="22" WC="0.96" CONTENT="till"/><SP WIDTH="10" VPOS="1127" HPOS="467"/>
							<String ID="string_311" HPOS="477" VPOS="1128" WIDTH="106" HEIGHT="21" WC="0.96" CONTENT="vinnande"/><SP WIDTH="10" VPOS="1128" HPOS="583"/>
							<String ID="string_312" HPOS="593" VPOS="1127" WIDTH="22" HEIGHT="22" WC="0.96" CONTENT="af"/><SP WIDTH="8" VPOS="1127" HPOS="615"/>
							<String ID="string_313" HPOS="623" VPOS="1128" WIDTH="102" HEIGHT="27" WC="0.96" CONTENT="laglighet"/><SP WIDTH="11" VPOS="1128" HPOS="725"/>
							<String ID="string_314" HPOS="736" VPOS="1127" WIDTH="39" HEIGHT="22" WC="0.96" CONTENT="och"/><SP WIDTH="11" VPOS="1127" HPOS="775"/>
							<String ID="string_315" HPOS="786" VPOS="1128" WIDTH="89" HEIGHT="21" WC="0.96" CONTENT="rättvisa"/><SP WIDTH="10" VPOS="1128" HPOS="875"/>
							<String ID="string_316" HPOS="885" VPOS="1127" WIDTH="90" HEIGHT="22" WC="0.95" CONTENT="ledande"/><SP WIDTH="8" VPOS="1127" HPOS="975"/>
							<String ID="string_317" HPOS="983" VPOS="1129" WIDTH="42" HEIGHT="25" WC="0.96" CONTENT="väg"/>
						</TextLine>
						<TextLine ID="line_35" HPOS="197" VPOS="1155" WIDTH="827" HEIGHT="28">
							<String ID="string_318" HPOS="197" VPOS="1156" WIDTH="26" HEIGHT="19" WC="0.96" CONTENT="än"/><SP WIDTH="17" VPOS="1156" HPOS="223"/>
							<String ID="string_319" HPOS="240" VPOS="1155" WIDTH="47" HEIGHT="26" WC="0.0" CONTENT="den,"/><SP WIDTH="10" VPOS="1155" HPOS="287"/>
							<String ID="string_320" HPOS="297" VPOS="1161" WIDTH="47" HEIGHT="15" WC="0.0" CONTENT="som"/><SP WIDTH="16" VPOS="1161" HPOS="344"/>
							<String ID="string_321" HPOS="360" VPOS="1156" WIDTH="36" HEIGHT="21" WC="0.96" CONTENT="det"/><SP WIDTH="15" VPOS="1156" HPOS="396"/>
							<String ID="string_322" HPOS="411" VPOS="1163" WIDTH="28" HEIGHT="14" WC="0.96" CONTENT="nu"/><SP WIDTH="13" VPOS="1163" HPOS="439"/>
							<String ID="string_323" HPOS="452" VPOS="1155" WIDTH="128" HEIGHT="22" WC="0.93" CONTENT="församlade"/><SP WIDTH="13" VPOS="1155" HPOS="580"/>
							<String ID="string_324" HPOS="593" VPOS="1157" WIDTH="155" HEIGHT="21" WC="0.93" CONTENT="ständermötet"/><SP WIDTH="12" VPOS="1157" HPOS="748"/>
							<String ID="string_325" HPOS="760" VPOS="1156" WIDTH="106" HEIGHT="27" WC="0.96" CONTENT="erbjuder,"/><SP WIDTH="14" VPOS="1156" HPOS="866"/>
							<String ID="string_326" HPOS="880" VPOS="1162" WIDTH="88" HEIGHT="15" WC="0.96" CONTENT="numera"/><SP WIDTH="11" VPOS="1162" HPOS="968"/>
							<String ID="string_327" HPOS="979" VPOS="1156" WIDTH="45" HEIGHT="21" WC="0.96" CONTENT="icke"/>
						</TextLine>
						<TextLine ID="line_36" HPOS="196" VPOS="1183" WIDTH="828" HEIGHT="29">
							<String ID="string_328" HPOS="196" VPOS="1183" WIDTH="86" HEIGHT="25" WC="0.96" CONTENT="återstå,"/><SP WIDTH="16" VPOS="1183" HPOS="282"/>
							<String ID="string_329" HPOS="298" VPOS="1184" WIDTH="40" HEIGHT="21" WC="0.95" CONTENT="och"/><SP WIDTH="22" VPOS="1184" HPOS="338"/>
							<String ID="string_330" HPOS="360" VPOS="1184" WIDTH="66" HEIGHT="21" WC="0.94" CONTENT="tillåta"/><SP WIDTH="21" VPOS="1184" HPOS="426"/>
							<String ID="string_331" HPOS="447" VPOS="1185" WIDTH="21" HEIGHT="20" WC="0.96" CONTENT="vi"/><SP WIDTH="18" VPOS="1185" HPOS="468"/>
							<String ID="string_332" HPOS="486" VPOS="1191" WIDTH="36" HEIGHT="15" WC="0.96" CONTENT="oss"/><SP WIDTH="21" VPOS="1191" HPOS="522"/>
							<String ID="string_333" HPOS="543" VPOS="1185" WIDTH="7" HEIGHT="20" WC="0.96" CONTENT="i"/><SP WIDTH="18" VPOS="1185" HPOS="550"/>
							<String ID="string_334" HPOS="568" VPOS="1185" WIDTH="115" HEIGHT="27" WC="0.96" CONTENT="anledning"/><SP WIDTH="15" VPOS="1185" HPOS="683"/>
							<String ID="string_335" HPOS="698" VPOS="1185" WIDTH="22" HEIGHT="21" WC="0.96" CONTENT="af"/><SP WIDTH="14" VPOS="1185" HPOS="720"/>
							<String ID="string_336" HPOS="734" VPOS="1185" WIDTH="35" HEIGHT="21" WC="0.96" CONTENT="det"/><SP WIDTH="16" VPOS="1185" HPOS="769"/>
							<String ID="string_337" HPOS="785" VPOS="1184" WIDTH="63" HEIGHT="21" WC="0.95" CONTENT="ofvan"/><SP WIDTH="16" VPOS="1184" HPOS="848"/>
							<String ID="string_338" HPOS="864" VPOS="1184" WIDTH="89" HEIGHT="21" WC="0.96" CONTENT="anförda"/><SP WIDTH="15" VPOS="1184" HPOS="953"/>
							<String ID="string_339" HPOS="968" VPOS="1187" WIDTH="56" HEIGHT="18" WC="0.96" CONTENT="samt"/>
						</TextLine>
						<TextLine ID="line_37" HPOS="198" VPOS="1211" WIDTH="825" HEIGHT="30">
							<String ID="string_340" HPOS="198" VPOS="1211" WIDTH="26" HEIGHT="21" WC="0.96" CONTENT="då"/><SP WIDTH="15" VPOS="1211" HPOS="224"/>
							<String ID="string_341" HPOS="239" VPOS="1213" WIDTH="68" HEIGHT="20" WC="0.96" CONTENT="andra"/><SP WIDTH="15" VPOS="1213" HPOS="307"/>
							<String ID="string_342" HPOS="322" VPOS="1212" WIDTH="70" HEIGHT="22" WC="0.95" CONTENT="finska"/><SP WIDTH="14" VPOS="1212" HPOS="392"/>
							<String ID="string_343" HPOS="406" VPOS="1213" WIDTH="140" HEIGHT="27" WC="0.92" CONTENT="medborgare"/><SP WIDTH="14" VPOS="1213" HPOS="546"/>
							<String ID="string_344" HPOS="560" VPOS="1213" WIDTH="140" HEIGHT="28" WC="0.92" CONTENT="tilläfventyrs"/><SP WIDTH="12" VPOS="1213" HPOS="700"/>
							<String ID="string_345" HPOS="712" VPOS="1213" WIDTH="85" HEIGHT="22" WC="0.96" CONTENT="befinna"/><SP WIDTH="10" VPOS="1213" HPOS="797"/>
							<String ID="string_346" HPOS="807" VPOS="1213" WIDTH="34" HEIGHT="27" WC="0.95" CONTENT="sig"/><SP WIDTH="10" VPOS="1213" HPOS="841"/>
							<String ID="string_347" HPOS="851" VPOS="1213" WIDTH="6" HEIGHT="21" WC="0.96" CONTENT="i"/><SP WIDTH="12" VPOS="1213" HPOS="857"/>
							<String ID="string_348" HPOS="869" VPOS="1219" WIDTH="81" HEIGHT="15" WC="0.93" CONTENT="samma"/><SP WIDTH="9" VPOS="1219" HPOS="950"/>
							<String ID="string_349" HPOS="959" VPOS="1215" WIDTH="64" HEIGHT="19" WC="0.92" CONTENT="rätts-"/>
						</TextLine>
						<TextLine ID="line_38" HPOS="195" VPOS="1240" WIDTH="829" HEIGHT="29">
							<String ID="string_350" HPOS="195" VPOS="1240" WIDTH="47" HEIGHT="21" WC="0.96" CONTENT="lösa"/><SP WIDTH="15" VPOS="1240" HPOS="242"/>
							<String ID="string_351" HPOS="257" VPOS="1241" WIDTH="48" HEIGHT="26" WC="0.96" CONTENT="läge"/><SP WIDTH="16" VPOS="1241" HPOS="305"/>
							<String ID="string_352" HPOS="321" VPOS="1247" WIDTH="46" HEIGHT="15" WC="0.96" CONTENT="som"/><SP WIDTH="16" VPOS="1247" HPOS="367"/>
							<String ID="string_353" HPOS="383" VPOS="1241" WIDTH="26" HEIGHT="21" WC="0.93" CONTENT="de"/><SP WIDTH="15" VPOS="1241" HPOS="409"/>
							<String ID="string_354" HPOS="424" VPOS="1241" WIDTH="124" HEIGHT="28" WC="0.91" CONTENT="namngifna"/><SP WIDTH="14" VPOS="1241" HPOS="548"/>
							<String ID="string_355" HPOS="562" VPOS="1248" WIDTH="138" HEIGHT="21" WC="0.96" CONTENT="personerna,"/><SP WIDTH="11" VPOS="1248" HPOS="700"/>
							<String ID="string_356" HPOS="711" VPOS="1243" WIDTH="48" HEIGHT="20" WC="0.96" CONTENT="med"/><SP WIDTH="19" VPOS="1243" HPOS="759"/>
							<String ID="string_357" HPOS="778" VPOS="1242" WIDTH="48" HEIGHT="21" WC="0.96" CONTENT="stöd"/><SP WIDTH="7" VPOS="1242" HPOS="826"/>
							<String ID="string_358" HPOS="833" VPOS="1241" WIDTH="80" HEIGHT="28" WC="0.96" CONTENT="jämväl"/><SP WIDTH="11" VPOS="1241" HPOS="913"/>
							<String ID="string_359" HPOS="924" VPOS="1241" WIDTH="23" HEIGHT="22" WC="0.92" CONTENT="af"/><SP WIDTH="7" VPOS="1241" HPOS="947"/>
							<String ID="string_360" HPOS="954" VPOS="1241" WIDTH="70" HEIGHT="21" WC="0.91" CONTENT="landt-"/>
						</TextLine>
						<TextLine ID="line_39" HPOS="196" VPOS="1269" WIDTH="828" HEIGHT="28">
							<String ID="string_361" HPOS="196" VPOS="1269" WIDTH="188" HEIGHT="27" WC="0.92" CONTENT="dagsordningens"/><SP WIDTH="16" VPOS="1269" HPOS="384"/>
							<String ID="string_362" HPOS="400" VPOS="1270" WIDTH="25" HEIGHT="21" WC="0.93" CONTENT="51"/><SP WIDTH="19" VPOS="1270" HPOS="425"/>
							<String ID="string_363" HPOS="444" VPOS="1271" WIDTH="12" HEIGHT="26" WC="0.84" CONTENT="$"/><SP WIDTH="15" VPOS="1271" HPOS="456"/>
							<String ID="string_364" HPOS="471" VPOS="1270" WIDTH="14" HEIGHT="21" WC="0.96" CONTENT="4"/><SP WIDTH="14" VPOS="1270" HPOS="485"/>
							<String ID="string_365" HPOS="499" VPOS="1277" WIDTH="68" HEIGHT="18" WC="0.89" CONTENT="mom.,"/><SP WIDTH="16" VPOS="1277" HPOS="567"/>
							<String ID="string_366" HPOS="583" VPOS="1271" WIDTH="124" HEIGHT="26" WC="0.93" CONTENT="härigenom"/><SP WIDTH="9" VPOS="1271" HPOS="707"/>
							<String ID="string_367" HPOS="716" VPOS="1271" WIDTH="111" HEIGHT="21" WC="0.92" CONTENT="vördsamt"/><SP WIDTH="10" VPOS="1271" HPOS="827"/>
							<String ID="string_368" HPOS="837" VPOS="1270" WIDTH="89" HEIGHT="26" WC="0.95" CONTENT="anhålla,"/><SP WIDTH="11" VPOS="1270" HPOS="926"/>
							<String ID="string_369" HPOS="937" VPOS="1272" WIDTH="31" HEIGHT="19" WC="0.93" CONTENT="att"/><SP WIDTH="12" VPOS="1272" HPOS="968"/>
							<String ID="string_370" HPOS="980" VPOS="1270" WIDTH="44" HEIGHT="21" WC="0.93" CONTENT="väl-"/>
						</TextLine>
						<TextLine ID="line_40" HPOS="196" VPOS="1297" WIDTH="828" HEIGHT="29">
							<String ID="string_371" HPOS="196" VPOS="1297" WIDTH="73" HEIGHT="27" WC="0.91" CONTENT="lofliga"/><SP WIDTH="19" VPOS="1297" HPOS="269"/>
							<String ID="string_372" HPOS="288" VPOS="1298" WIDTH="183" HEIGHT="27" WC="0.92" CONTENT="borgareståndet,"/><SP WIDTH="20" VPOS="1298" HPOS="471"/>
							<String ID="string_373" HPOS="491" VPOS="1299" WIDTH="140" HEIGHT="21" WC="0.96" CONTENT="tillsammans"/><SP WIDTH="23" VPOS="1299" HPOS="631"/>
							<String ID="string_374" HPOS="654" VPOS="1300" WIDTH="48" HEIGHT="21" WC="0.96" CONTENT="med"/><SP WIDTH="22" VPOS="1300" HPOS="702"/>
							<String ID="string_375" HPOS="724" VPOS="1299" WIDTH="68" HEIGHT="27" WC="0.96" CONTENT="öfriga"/><SP WIDTH="22" VPOS="1299" HPOS="792"/>
							<String ID="string_376" HPOS="814" VPOS="1299" WIDTH="69" HEIGHT="23" WC="0.96" CONTENT="stånd,"/><SP WIDTH="21" VPOS="1299" HPOS="883"/>
							<String ID="string_377" HPOS="904" VPOS="1299" WIDTH="48" HEIGHT="20" WC="0.96" CONTENT="ville"/><SP WIDTH="21" VPOS="1299" HPOS="952"/>
							<String ID="string_378" HPOS="973" VPOS="1298" WIDTH="51" HEIGHT="27" WC="0.96" CONTENT="ingå"/>
						</TextLine>
						<TextLine ID="line_41" HPOS="196" VPOS="1325" WIDTH="776" HEIGHT="30">
							<String ID="string_379" HPOS="196" VPOS="1325" WIDTH="33" HEIGHT="21" WC="0.95" CONTENT="till"/><SP WIDTH="16" VPOS="1325" HPOS="229"/>
							<String ID="string_380" HPOS="245" VPOS="1326" WIDTH="62" HEIGHT="21" WC="0.96" CONTENT="Hans"/><SP WIDTH="17" VPOS="1326" HPOS="307"/>
							<String ID="string_381" HPOS="324" VPOS="1327" WIDTH="120" HEIGHT="27" WC="0.96" CONTENT="Kejserliga"/><SP WIDTH="16" VPOS="1327" HPOS="444"/>
							<String ID="string_382" HPOS="460" VPOS="1327" WIDTH="99" HEIGHT="27" WC="0.96" CONTENT="Majestät"/><SP WIDTH="15" VPOS="1327" HPOS="559"/>
							<String ID="string_383" HPOS="574" VPOS="1328" WIDTH="48" HEIGHT="21" WC="0.93" CONTENT="med"/><SP WIDTH="16" VPOS="1328" HPOS="622"/>
							<String ID="string_384" HPOS="638" VPOS="1328" WIDTH="134" HEIGHT="27" WC="0.92" CONTENT="underdånig"/><SP WIDTH="14" VPOS="1328" HPOS="772"/>
							<String ID="string_385" HPOS="786" VPOS="1328" WIDTH="90" HEIGHT="27" WC="0.96" CONTENT="petition"/><SP WIDTH="17" VPOS="1328" HPOS="876"/>
							<String ID="string_386" HPOS="893" VPOS="1327" WIDTH="79" HEIGHT="26" WC="0.96" CONTENT="därom,"/>
						</TextLine>
					</TextBlock>
				</ComposedBlock>
				<ComposedBlock ID="cblock_3" HPOS="402" VPOS="1384" WIDTH="625" HEIGHT="141">
					<TextBlock ID="block_5" HPOS="402" VPOS="1384" WIDTH="625" HEIGHT="141">
						<TextLine ID="line_42" HPOS="472" VPOS="1384" WIDTH="551" HEIGHT="27">
							<String ID="string_387" HPOS="472" VPOS="1386" WIDTH="32" HEIGHT="19" WC="0.95" CONTENT="att"/><SP WIDTH="22" VPOS="1386" HPOS="504"/>
							<String ID="string_388" HPOS="526" VPOS="1385" WIDTH="25" HEIGHT="20" WC="0.96" CONTENT="de"/><SP WIDTH="18" VPOS="1385" HPOS="551"/>
							<String ID="string_389" HPOS="569" VPOS="1384" WIDTH="74" HEIGHT="27" WC="0.95" CONTENT="finska"/><SP WIDTH="21" VPOS="1384" HPOS="643"/>
							<String ID="string_390" HPOS="664" VPOS="1387" WIDTH="61" HEIGHT="24" WC="0.96" CONTENT="män,"/><SP WIDTH="19" VPOS="1387" HPOS="725"/>
							<String ID="string_391" HPOS="744" VPOS="1385" WIDTH="75" HEIGHT="20" WC="0.95" CONTENT="hvilka"/><SP WIDTH="19" VPOS="1385" HPOS="819"/>
							<String ID="string_392" HPOS="838" VPOS="1384" WIDTH="74" HEIGHT="27" WC="0.96" CONTENT="blifvit"/><SP WIDTH="15" VPOS="1384" HPOS="912"/>
							<String ID="string_393" HPOS="927" VPOS="1384" WIDTH="9" HEIGHT="20" WC="0.93" CONTENT="i"/><SP WIDTH="16" VPOS="1384" HPOS="936"/>
							<String ID="string_394" HPOS="952" VPOS="1384" WIDTH="71" HEIGHT="21" WC="0.89" CONTENT="admi-"/>
						</TextLine>
						<TextLine ID="line_43" HPOS="404" VPOS="1413" WIDTH="619" HEIGHT="27">
							<String ID="string_395" HPOS="404" VPOS="1413" WIDTH="105" HEIGHT="20" WC="0.89" CONTENT="nistrativ"/><SP WIDTH="15" VPOS="1413" HPOS="509"/>
							<String ID="string_396" HPOS="524" VPOS="1415" WIDTH="41" HEIGHT="25" WC="0.95" CONTENT="väg"/><SP WIDTH="15" VPOS="1415" HPOS="565"/>
							<String ID="string_397" HPOS="580" VPOS="1413" WIDTH="110" HEIGHT="27" WC="0.96" CONTENT="förvisade"/><SP WIDTH="15" VPOS="1413" HPOS="690"/>
							<String ID="string_398" HPOS="705" VPOS="1413" WIDTH="54" HEIGHT="27" WC="0.96" CONTENT="från"/><SP WIDTH="18" VPOS="1413" HPOS="759"/>
							<String ID="string_399" HPOS="777" VPOS="1413" WIDTH="74" HEIGHT="21" WC="0.96" CONTENT="landet"/><SP WIDTH="14" VPOS="1413" HPOS="851"/>
							<String ID="string_400" HPOS="865" VPOS="1413" WIDTH="52" HEIGHT="20" WC="0.93" CONTENT="eller"/><SP WIDTH="10" VPOS="1413" HPOS="917"/>
							<String ID="string_401" HPOS="927" VPOS="1413" WIDTH="96" HEIGHT="26" WC="0.93" CONTENT="deporte-"/>
						</TextLine>
						<TextLine ID="line_44" HPOS="403" VPOS="1441" WIDTH="620" HEIGHT="28">
							<String ID="string_402" HPOS="403" VPOS="1441" WIDTH="52" HEIGHT="21" WC="0.96" CONTENT="rade"/><SP WIDTH="20" VPOS="1441" HPOS="455"/>
							<String ID="string_403" HPOS="475" VPOS="1441" WIDTH="36" HEIGHT="21" WC="0.94" CONTENT="till"/><SP WIDTH="19" VPOS="1441" HPOS="511"/>
							<String ID="string_404" HPOS="530" VPOS="1441" WIDTH="112" HEIGHT="28" WC="0.95" CONTENT="Ryssland"/><SP WIDTH="18" VPOS="1441" HPOS="642"/>
							<String ID="string_405" HPOS="660" VPOS="1443" WIDTH="59" HEIGHT="20" WC="0.96" CONTENT="samt"/><SP WIDTH="14" VPOS="1443" HPOS="719"/>
							<String ID="string_406" HPOS="733" VPOS="1443" WIDTH="64" HEIGHT="20" WC="0.95" CONTENT="ännu"/><SP WIDTH="15" VPOS="1443" HPOS="797"/>
							<String ID="string_407" HPOS="812" VPOS="1441" WIDTH="45" HEIGHT="21" WC="0.96" CONTENT="icke"/><SP WIDTH="16" VPOS="1441" HPOS="857"/>
							<String ID="string_408" HPOS="873" VPOS="1441" WIDTH="89" HEIGHT="21" WC="0.93" CONTENT="erhållit"/><SP WIDTH="16" VPOS="1441" HPOS="962"/>
							<String ID="string_409" HPOS="978" VPOS="1441" WIDTH="45" HEIGHT="20" WC="0.93" CONTENT="till-"/>
						</TextLine>
						<TextLine ID="line_45" HPOS="402" VPOS="1469" WIDTH="622" HEIGHT="28">
							<String ID="string_410" HPOS="402" VPOS="1469" WIDTH="67" HEIGHT="22" WC="0.96" CONTENT="stånd"/><SP WIDTH="17" VPOS="1469" HPOS="469"/>
							<String ID="string_411" HPOS="486" VPOS="1471" WIDTH="32" HEIGHT="20" WC="0.88" CONTENT="att"/><SP WIDTH="18" VPOS="1471" HPOS="518"/>
							<String ID="string_412" HPOS="536" VPOS="1469" WIDTH="140" HEIGHT="26" WC="0.95" CONTENT="återkomma,"/><SP WIDTH="17" VPOS="1469" HPOS="676"/>
							<String ID="string_413" HPOS="693" VPOS="1470" WIDTH="67" HEIGHT="21" WC="0.96" CONTENT="måtte"/><SP WIDTH="15" VPOS="1470" HPOS="760"/>
							<String ID="string_414" HPOS="775" VPOS="1471" WIDTH="71" HEIGHT="20" WC="0.96" CONTENT="sättas"/><SP WIDTH="15" VPOS="1471" HPOS="846"/>
							<String ID="string_415" HPOS="861" VPOS="1470" WIDTH="9" HEIGHT="20" WC="0.96" CONTENT="i"/><SP WIDTH="16" VPOS="1470" HPOS="870"/>
							<String ID="string_416" HPOS="886" VPOS="1470" WIDTH="88" HEIGHT="27" WC="0.96" CONTENT="tillfälle"/><SP WIDTH="16" VPOS="1470" HPOS="974"/>
							<String ID="string_417" HPOS="990" VPOS="1471" WIDTH="34" HEIGHT="18" WC="0.96" CONTENT="att"/>
						</TextLine>
						<TextLine ID="line_46" HPOS="402" VPOS="1497" WIDTH="625" HEIGHT="28">
							<String ID="string_418" HPOS="402" VPOS="1498" WIDTH="26" HEIGHT="21" WC="0.96" CONTENT="så"/><SP WIDTH="20" VPOS="1498" HPOS="428"/>
							<String ID="string_419" HPOS="448" VPOS="1500" WIDTH="64" HEIGHT="19" WC="0.94" CONTENT="snart"/><SP WIDTH="20" VPOS="1500" HPOS="512"/>
							<String ID="string_420" HPOS="532" VPOS="1499" WIDTH="34" HEIGHT="20" WC="0.96" CONTENT="ske"/><SP WIDTH="20" VPOS="1499" HPOS="566"/>
							<String ID="string_421" HPOS="586" VPOS="1499" WIDTH="43" HEIGHT="20" WC="0.96" CONTENT="kan"/><SP WIDTH="21" VPOS="1499" HPOS="629"/>
							<String ID="string_422" HPOS="650" VPOS="1499" WIDTH="88" HEIGHT="20" WC="0.96" CONTENT="komma"/><SP WIDTH="18" VPOS="1499" HPOS="738"/>
							<String ID="string_423" HPOS="756" VPOS="1499" WIDTH="10" HEIGHT="20" WC="0.78" CONTENT="i"/><SP WIDTH="15" VPOS="1499" HPOS="766"/>
							<String ID="string_424" HPOS="781" VPOS="1499" WIDTH="54" HEIGHT="26" WC="0.96" CONTENT="fullt"/><SP WIDTH="15" VPOS="1499" HPOS="835"/>
							<String ID="string_425" HPOS="850" VPOS="1498" WIDTH="132" HEIGHT="27" WC="0.95" CONTENT="åtnjutande"/><SP WIDTH="16" VPOS="1498" HPOS="982"/>
							<String ID="string_426" HPOS="998" VPOS="1497" WIDTH="29" HEIGHT="28" WC="0.96" CONTENT="af"/>
						</TextLine>
					</TextBlock>
				</ComposedBlock>
			</PrintSpace>
		</Page>
	</Layout>
</alto>
