1111 1767
78 130 27 16 10
118 130 60 20 april.
260 128 217 18 Missförhållandena
488 130 57 16 inom
558 129 157 17 skolväsendet.
863 123 41 21 827

78 198 82 26 hänsyn
184 198 32 21 till
239 198 67 20 andra
328 198 133 26 berättigade
481 198 112 24 intressen,
616 198 101 26 påtvinga
739 198 41 21 den
803 204 26 14 en
854 197 51 27 rysk

79 226 172 27 språkkunskap,
267 232 46 15 som
330 226 76 21 endast
421 228 31 19 ett
467 226 52 21 fåtal
534 226 101 21 behöfver
651 226 40 24 och
706 226 41 21 kan
764 226 142 27 tillgodogöra

79 255 53 27 sig».
163 254 99 22 Därefter
284 254 121 22 framhåller
429 255 110 25 utskottet,
562 256 32 20 att
618 255 39 21 »de
672 254 33 22 för
720 254 101 28 politiska
836 254 68 28 syften

79 286 46 19 mot
140 283 102 21 skolorna
263 283 102 27 vidtagna
387 283 128 27 åtgärderna
533 283 102 21 innebära
651 282 71 22 därför
738 289 25 15 en
779 283 126 27 förgripelse

79 314 46 20 mot
147 312 66 27 högre
235 312 65 26 lagar,
316 312 39 21 och
371 312 36 21 det
422 312 24 21 så
465 312 84 27 mycket
569 318 51 19 mer,
636 318 46 15 som
700 312 63 21 dessa
777 312 105 27 åtgärder,
898 312 7 20 i

78 340 99 28 förening
192 340 49 22 med
257 340 26 22 de
298 340 145 26 trakasserier,
459 340 33 22 för
508 340 71 21 hvilka
594 340 54 22 både
663 340 69 21 lärare
747 340 40 22 och
803 340 69 22 elever
884 339 24 22 af

79 369 111 21 enahanda
206 369 87 21 orsaker
316 369 54 21 varit
391 370 86 25 utsatta,
492 369 18 27 ej
528 369 72 21 kunna
615 369 73 27 undgå
703 371 31 19 att
749 369 6 21 i
770 370 135 26 ungdomens

79 398 77 21 sinnen
171 398 65 21 väcka
258 404 26 14 en
308 397 105 26 bitterhet,
429 404 47 15 som
498 398 41 20 kan
555 397 65 22 blifva
634 397 63 27 farlig
712 397 32 21 för
760 398 144 21 karaktärsut-

80 427 130 27 vecklingen.
242 426 42 21 Det
305 426 42 21 kan
368 426 32 21 för
416 426 40 22 den
473 426 56 22 skull
545 426 48 21 med
608 426 46 22 skäl
670 428 69 25 sägas,
754 428 31 20 att
800 426 104 28 följderna

79 455 24 22 af
116 456 36 21 det
170 456 98 27 inslagna
290 457 102 25 systemet
407 457 37 20 äro
460 455 33 22 för
508 455 102 22 Finlands
634 455 112 22 skolväsen
765 458 48 19 rent
828 455 22 22 af
863 455 42 21 för-

81 485 107 21 störande.
218 484 46 22 Och
275 484 58 21 detta
348 483 132 22 förhållande
499 483 75 22 blifver
591 486 57 19 ännu
664 484 144 27 betänkligare
823 484 82 27 därige-

81 519 57 20 nom,
154 515 32 20 att
202 514 102 27 systemet
319 512 17 27 ej
354 512 55 21 blott
423 513 117 27 tillämpats
556 513 27 26 på
600 513 161 24 statsskolorna,
776 516 52 18 utan
844 512 61 21 äfven

81 541 68 22 blifvit
164 542 105 21 utsträckt
284 541 32 21 till
331 541 191 27 privatskolorna».
553 541 65 22 Läser
634 547 48 15 man
699 541 58 21 detta
772 541 133 22 betänkande

80 571 168 26 uppmärksamt,
271 570 24 21 så
314 569 52 22 skall
382 576 48 15 man
446 570 34 21 väl
496 569 63 27 finna,
575 572 31 19 att
622 570 44 21 däri
682 570 45 21 icke
742 570 117 27 inneligger
875 572 31 18 ett

81 599 76 21 sådant
173 599 115 25 uttalande,
304 605 46 14 som
372 599 67 26 några
453 599 24 21 af
486 599 95 21 talarena
601 599 37 21 här
654 598 106 26 förutsatt,
776 601 49 18 utan
842 598 63 21 fram-

81 627 37 27 går
138 627 35 22 det
189 627 53 22 efter
258 627 48 22 mitt
320 627 138 22 förmenande
473 627 161 27 otvifvelaktigt,
650 629 37 24 att,
704 627 26 21 då
745 627 105 21 utskottet
864 627 41 21 till-

79 655 43 22 lika
138 656 124 27 uttryckligt
276 656 116 27 föreslagit,
411 657 32 20 att
459 656 115 21 ständerna
590 656 65 21 måtte
672 656 112 27 godkänna
799 656 107 21 allmänna

80 685 220 26 petitionsutskottets
324 685 133 21 betänkande
479 685 39 21 och
541 684 117 22 framställa
680 685 101 26 förslag
773 680 14 36 i
797 685 49 21 dess
862 684 43 21 hel-

81 713 42 26 het,
139 713 105 22 särskilda
259 713 196 22 besvärsutskottet
471 713 70 27 utgått
555 713 47 22 från
619 713 111 22 enahanda
740 713 108 27 synpunkt
858 719 47 15 som

82 741 108 22 allmänna
204 741 209 28 petitionsutskottet
428 742 39 21 och
482 743 7 20 i
505 742 41 21 allo
560 742 59 27 gillat
634 742 26 21 de
676 741 128 24 uttalanden,
821 741 85 22 hvartill

82 770 37 21 det
134 771 96 21 kommit.
246 770 45 22 Och
307 771 7 20 i
329 770 75 27 själfva
418 771 75 21 värket
508 771 41 20 kan
566 771 36 21 det
609 771 25 26 ju
647 770 45 21 icke
703 777 51 15 vara
766 770 140 21 annorlunda.

81 799 33 21 De
139 799 96 27 exempel
258 799 106 21 allmänna
385 799 209 26 petitionsutskottet
616 799 127 21 framställer
758 799 7 20 i
780 799 38 21 sitt
832 799 74 21 betän-

82 827 70 22 kande
175 828 28 27 på
225 827 179 28 tillvägagåendet
425 827 40 22 hos
489 828 176 27 myndigheterna
680 828 39 21 och
735 827 99 22 särskildt
850 827 56 21 skol-

81 855 165 28 öfverstyrelsen
262 857 7 20 i
284 856 105 27 åtskilliga
411 856 73 27 frågor
500 856 56 27 gifva
578 857 77 26 tydligt
671 857 34 21 vid
721 856 89 26 handen,
826 858 31 19 att
872 856 35 26 lag

81 884 46 22 icke
142 885 55 21 varit
220 885 40 21 den
284 885 89 22 ledande
395 885 75 22 tråden
485 886 8 20 i
508 886 61 21 deras
585 885 131 27 tillgörande,
733 885 38 21 och
789 885 67 21 måste
868 884 39 27 jag

82 912 33 22 för
131 919 53 21 egen
201 913 39 26 del,
257 913 38 22 och
308 914 38 27 jag
361 915 23 20 är
399 913 126 28 öfvertygad
548 920 34 15 om
604 916 31 19 att
647 914 38 27 jag
700 914 126 21 därutinnan
842 913 64 21 fram-

81 941 66 22 håller
163 942 129 21 åtminstone
308 949 25 14 en
350 944 45 19 stor
408 942 120 27 pluralitets
543 943 58 20 inom
617 942 103 22 särskilda
736 941 170 23 besvärsutskot-

82 972 31 19 tet
127 970 61 26 åsikt,
205 971 72 26 uttala,
300 973 32 19 att
351 970 165 28 öfverstyrelsen
532 972 6 20 i
554 971 50 21 dess
620 971 123 21 nuvarande
758 971 148 21 sammansätt-

81 999 53 27 ning
149 999 46 21 icke
210 999 41 22 kan
268 1000 72 26 undgå
351 999 114 26 omdömet,
475 1002 32 19 att
518 1000 128 26 densamma,
658 999 46 22 dels
716 1006 74 21 genom
802 1001 31 20 att
845 998 62 22 hafva

82 1027 90 27 vidtagit
194 1028 105 27 åtgärder,
315 1028 83 21 hvartill
421 1028 40 21 den
485 1029 46 21 icke
552 1029 55 20 varit
622 1029 90 26 lagligen
728 1028 124 27 berättigad,
868 1027 40 21 och

82 1056 45 21 dels
152 1063 77 20 genom
252 1059 36 23 att,
304 1057 6 20 i
326 1057 41 21 den
389 1057 92 27 olagliga
499 1057 219 27 regeringsregimens
734 1057 96 22 intresse,
845 1055 63 22 hafva

82 1085 111 21 uraktlåtit
208 1087 32 20 att
254 1085 78 22 handla
346 1086 7 20 i
368 1085 234 22 öfverensstämmande
618 1086 48 21 med
681 1085 40 27 lag,
737 1085 124 22 medvärkat
877 1084 30 21 till

82 1113 203 28 denationalisering
300 1114 23 21 af
336 1115 47 20 vårt
398 1114 61 21 lands
471 1115 101 26 ungdom.
590 1115 42 26 Jag
643 1115 37 20 ber
691 1113 70 22 därför
771 1113 21 22 få
803 1113 105 27 tillstyrka

83 1142 155 27 godkännande
254 1142 22 21 af
289 1143 106 21 allmänna
410 1143 219 26 petitionsutskottets
642 1143 38 21 och
697 1143 103 21 särskilda
810 1143 98 20 besvärs-

83 1171 117 21 utskottets
216 1171 154 22 betänkanden.

152 1228 33 21 Hr
200 1228 162 21 Pietinen:
377 1229 128 20 Minuunkin
525 1235 27 14 on
568 1229 96 20 mietintö
680 1228 74 27 tehnyt
768 1234 80 21 sangen
865 1233 43 14 ma-

83 1259 102 18 sentavan
209 1257 149 21 vaikutuksen.
388 1257 51 21 Sivu
461 1257 78 22 sivulta
564 1257 56 21 tulee
642 1257 139 21 mietinnössä
804 1256 104 27 näkyviin,

83 1287 44 19 että
150 1287 60 25 myös
232 1285 130 22 koulualalla
376 1292 26 15 on
420 1285 71 22 meillä
506 1286 124 21 laittomuus
646 1287 88 25 päässyt
748 1285 160 22 rehoittamaan.

83 1314 154 21 Masentavasti
258 1314 109 22 vaikuttaa
381 1314 103 26 mietintö,
500 1314 47 22 eikä
561 1315 123 21 ainoastaan
701 1315 57 25 siksi,
773 1315 44 21 että
833 1312 76 22 koulut

83 1349 28 15 on
126 1342 59 28 tehty
206 1344 108 26 määrätyn
338 1343 115 27 systeemin
469 1343 76 21 vuoksi
560 1343 208 27 temmelyspaikaksi
782 1342 126 28 poliittisten

83 1371 180 27 tarkoitusperien
286 1371 127 27 ajamiseksi,
437 1378 54 15 vaan
514 1372 54 21 vielä
588 1374 111 18 enemmän
718 1372 57 26 siksi,
791 1373 43 19 että
848 1371 60 26 myös

83 1399 123 22 kotimaiset
228 1400 79 21 miehet
329 1402 50 19 ovat
396 1400 44 21 niin
457 1406 103 16 suuressa
575 1402 108 19 määrässä
698 1402 121 25 näyttäneet
834 1399 75 21 olevan

83 1430 72 19 tämän
170 1428 135 27 hävitystyön
321 1429 126 26 avustajina.
471 1429 150 21 Mainitakseni
643 1429 48 21 vain
710 1435 29 15 ss.
753 1429 33 25 41,
802 1428 27 21 48
842 1428 24 26 ja
876 1426 33 26 63,

83 1456 58 22 tulee
164 1456 67 22 siihen
247 1457 142 27 käsitykseen,
405 1459 44 19 että
464 1458 91 20 melkein
579 1459 83 19 omasta
676 1457 140 21 alotteestaan
832 1462 28 15 on
877 1462 32 14 se-

83 1486 66 20 naatti
165 1485 122 27 kiirehtinyt
302 1492 117 20 panemaan
435 1486 92 21 toimeen
544 1486 97 27 käskyjä;
657 1486 82 21 samoin
752 1485 96 21 viimeksi
859 1484 51 21 mai-

83 1513 78 21 nitulta
176 1514 78 21 sivulta
269 1514 41 27 käy
324 1514 49 26 ilmi,
390 1516 43 19 että
448 1514 153 22 kouluhallitus
618 1520 27 15 on
661 1514 53 22 ollut
730 1514 62 21 kovin
807 1513 49 22 altis
872 1512 38 22 uh-
