1109 1761
79 119 23 16 31
112 118 43 20 jan.
392 110 221 34 Ekonomiutskottet.
864 111 43 21 565

148 186 121 28 Föredrogs
285 193 26 15 en
326 186 46 21 från
389 186 207 22 ekonomiutskottet
610 186 78 21 anländ
704 185 113 23 skrifvelse
831 186 24 21 af
868 185 39 22 föl-

76 215 66 27 jande
157 215 88 27 lydelse:

128 277 115 20 FINLANDS
258 274 120 23 STÄNDERS

80 317 345 27 EKONOMIEUTSKOTT.

217 364 72 7 —

140 396 227 20 HELSINGFORS

127 434 34 17 den
181 434 27 17 30
224 434 82 23 januari
324 434 55 17 1905.

495 376 39 21 Till
550 375 107 28 vällofliga
672 376 184 27 borgareständet.

150 555 95 21 Emedan
261 554 33 22 för
310 554 105 22 utskottet
430 554 97 24 anmälts,
538 556 33 19 att
586 554 25 21 hr
627 554 25 21 K.
668 555 25 20 V.
706 554 112 27 Bergman,
831 560 45 15 som
888 553 24 21 af

81 584 177 26 borgareständet
275 585 77 19 utsetts
368 583 31 21 till
415 583 115 27 suppleant
543 584 7 20 i
561 583 111 25 utskottet,
683 588 51 16 vore
744 582 114 27 insjuknad
869 582 40 20 och

82 612 100 26 möjligen
197 612 34 21 för
246 618 26 14 en
288 612 73 26 längre
377 612 29 20 tid
422 611 124 21 förhindrad
562 613 31 19 att
609 612 34 20 vid
659 610 126 22 inträffande
796 610 69 22 förfall
876 610 33 21 för

82 640 188 27 borgareständets
293 640 212 22 utskottsledamöter
527 641 6 20 i
553 640 63 22 deras
632 640 61 21 ställe
709 640 30 21 uti
755 640 106 20 utskottet
877 639 33 21 in-

82 669 66 26 träda,
164 668 31 22 fär
211 669 105 21 utskottet
331 669 157 21 vördsammast
503 669 39 21 hos
553 668 179 28 borgareständet
741 668 74 21 härom
826 668 84 21 anmäla

82 698 39 21 och
137 698 67 21 tillika
218 698 83 21 anhälla
317 698 35 21 det
368 698 177 26 borgareständet
561 697 49 21 ville
626 700 48 19 utse
689 704 69 14 annan
779 696 131 28 suppleant

82 727 9 21 i
107 726 128 22 utskottet.

307 783 31 21 Pä
353 783 231 22 ekonomieutskottets
600 785 89 24 vägnar:

425 841 54 20 Axel
495 841 76 27 Späre.

685 897 21 17 TF.
719 896 44 18 Osk.
777 896 65 18 Lilius.

152 967 33 21 Hr
201 967 152 27 Hallberg
368 967 70 21 anhöll
455 973 34 14 om
505 967 63 21 ordet
583 966 39 21 och
637 966 93 27 yttrade:
755 966 42 20 Det
812 965 41 21 kan
865 965 47 21 icke

83 997 67 25 gärna
164 995 85 22 komma
264 996 7 20 i
286 995 63 27 fräga,
365 998 32 19 att
411 995 180 27 borgareständet
606 994 69 22 skulle
691 997 47 18 utse
754 1000 25 15 en
796 993 116 27 suppleant

83 1024 7 20 i
110 1024 71 21 stället
203 1024 32 21 för
255 1024 24 21 hr
298 1024 113 27 Bergman,
429 1026 52 19 utan
500 1024 86 21 ständet
605 1024 67 20 borde
688 1023 33 21 väl
736 1026 48 18 utse
801 1029 25 14 en
843 1022 68 27 tredje

84 1052 121 28 suppleant.

153 1110 33 21 Hr
209 1111 123 21 Hom6n:
362 1111 42 26 Jag
425 1113 46 17 tror
494 1110 44 26 mig
559 1109 73 21 kunna
654 1108 102 25 försäkra,
775 1110 32 19 att
823 1108 36 20 det
875 1114 40 14 var

84 1138 117 22 utskottets
217 1140 92 26 mening,
321 1142 31 18 att
367 1145 25 15 en
410 1138 68 27 tredje
493 1138 116 27 suppleant
624 1137 68 21 skulle
709 1140 64 18 utses.

154 1197 32 20 Hr
199 1203 41 14 von
256 1196 117 21 Pfaler:
389 1196 42 21 För
447 1195 43 21 min
507 1195 33 21 del
557 1197 23 18 är
593 1195 38 26 jag
645 1194 23 21 af
681 1200 82 15 samma
774 1193 139 27 uppfattning

84 1231 47 15 som
152 1225 25 21 hr
201 1225 108 27 Hallberg,
331 1227 32 18 att
383 1225 36 20 det
435 1226 24 19 är
477 1223 109 27 naturligt,
604 1225 31 19 att
651 1223 177 26 borgareständet
844 1221 68 22 borde

84 1256 48 19 utse
148 1260 25 15 en
190 1254 67 27 tredje
273 1253 114 27 suppleant
401 1255 32 19 att
448 1253 84 20 inträda
547 1252 7 21 i
570 1251 71 22 stället
656 1251 32 21 för
704 1251 25 20 hr
740 1251 114 26 Bergman,
865 1256 46 15 som

84 1284 23 19 är
122 1283 68 20 andra
205 1282 119 27 suppleant,
339 1281 33 22 för
388 1282 41 21 den
445 1281 102 21 händelse
563 1283 36 23 att,
615 1280 27 21 dä
657 1280 80 21 dennes
754 1279 137 22 värksamhet
905 1279 8 20 i

84 1311 107 21 utskottet
205 1311 126 27 päkallades,
347 1311 40 20 han
404 1310 46 21 icke
466 1309 69 22 skulle
550 1315 52 15 vara
609 1303 11 39 i
639 1308 73 21 tilfälle
727 1310 31 19 att
772 1307 97 27 fungera.

154 1368 157 21 Diskussionen
337 1367 132 22 förklarades
496 1367 51 21 härä
573 1365 97 24 afslutad,
695 1364 106 22 hvarefter
827 1365 86 20 ståndet

85 1396 70 21 beslöt
170 1397 111 26 uppdraga
296 1397 23 20 åt
333 1396 136 21 elektorerna
483 1399 32 18 att
530 1397 49 19 utse
594 1401 26 14 en
636 1394 67 27 tredje
719 1393 114 27 suppleant
846 1393 6 20 i
863 1393 50 20 eko-

84 1425 171 21 nomiutskottet.
