1111 1767
217 140 41 36 742
480 141 298 35 Värnepliktsförfattningen.
940 151 27 17 23
979 155 64 12 mars.

216 216 98 28 lyftigare
336 218 162 27 interpretation:
522 218 22 22 af
561 219 67 21 dessa
650 219 124 22 uttalanden
796 218 47 22 icke
864 221 24 19 är
910 219 70 26 nödig.
1011 219 32 21 De

216 246 79 21 nämda
310 247 128 26 upproriska
453 247 156 27 agitationerna
624 254 53 15 voro
693 247 121 28 pätagligen
830 246 47 23 från
890 247 67 22 första
967 247 75 27 början

217 274 31 21 till
264 275 41 21 den
321 275 53 21 sista
385 275 48 27 just
448 276 27 21 de
490 276 105 27 ätgärder,
611 283 34 14 om
662 276 71 21 hvilka
747 276 103 21 Finlands
861 276 104 21 ständer
950 270 11 38 i
976 275 66 22 slutet

215 303 28 26 pä
258 303 24 21 är
304 304 55 21 1904
377 304 39 21 och
430 305 7 20 i
452 305 74 26 början
542 304 22 22 af
577 305 24 20 är
618 305 55 21 1905
687 305 108 26 förklarat,
810 307 32 19 att
857 305 27 21 de
899 304 82 27 utgjort
996 307 47 19 ett

216 332 200 27 berättigadt
446 333 161 22 motständ
638 336 45 19 mot
708 334 116 27 styrelsens
850 333 125 28 lagstridiga
999 332 42 22 för-

215 360 114 27 foganden.
358 361 42 28 Jag
419 362 41 27 går
483 362 77 21 vidare.
591 362 10 21 I
620 364 31 19 ett
671 362 101 22 likartadt
787 362 112 27 aktstycke
916 361 77 22 uttalar
1008 362 34 27 sig

216 394 26 16 en
253 395 70 15 annan
340 392 113 24 guvernör,
468 390 61 22 äfven
545 391 40 20 han
603 397 26 14 en
644 390 56 22 finsk
715 397 55 19 man,
786 391 31 21 till
833 391 33 21 sin
882 390 99 22 karaktär
996 390 46 22 filo-

216 417 136 27 sofiedoktor,
368 419 99 22 sälunda:

288 447 54 22 »Det
360 447 86 27 statliga
461 448 74 27 lugnet
550 448 39 21 och
605 448 40 21 den
661 448 107 21 allmänna
783 448 119 27 ordningen
918 447 63 22 hafva
995 447 47 22 icke

215 477 67 20 störts
305 476 68 21 under
388 476 35 22 det
439 477 85 27 gängna
538 477 51 21 äret.
619 477 25 26 Ej
661 477 66 21 häller
743 477 27 21 ha
785 477 80 21 sädana
879 476 163 27 anmärknings-

216 504 66 21 värda
304 505 59 21 brott
385 507 45 20 mot
451 505 77 22 allmän
544 505 35 27 lag
593 506 92 26 begätts,
701 512 46 15 som
762 506 7 21 i
784 505 55 22 brist
854 505 28 27 pä
898 505 81 22 vittnen
994 505 47 21 icke

215 533 69 21 skulle
309 533 26 21 ha
354 533 83 22 kunnat
451 534 73 21 ätalas.
553 534 40 21 Till
609 534 59 21 detta
682 533 126 28 förmänliga
823 534 91 21 resultat
928 533 39 22 har
982 533 59 22 med-

215 561 75 22 värkat
312 562 40 21 den
375 562 67 22 ökade
462 563 39 21 och
516 563 115 27 utvidgade
646 563 136 27 polisvärden
798 563 39 21 och
853 563 7 20 i
875 562 114 22 allmänhet
1005 562 37 21 det

215 591 87 26 stränga
325 591 195 27 upprätthållandet
542 591 22 22 af
585 591 125 28 ordningen,
732 591 75 22 hvaraf
824 591 38 22 har
878 591 51 27 följt,
945 593 32 19 att
992 591 50 21 med

216 619 117 27 styrelsens
360 620 123 21 nuvarande
504 620 99 27 åtgärder
625 620 117 27 missnöjda
756 626 104 21 personer
875 620 45 21 icke
935 619 27 22 ha
977 619 64 28 vågat

214 647 63 21 ställa
292 648 31 20 till
338 648 155 28 förvecklingar
508 649 51 21 eller
575 649 49 21 utsä
639 649 123 27 missnöjets
777 648 48 22 frön
838 649 99 26 omkring
952 649 53 26 sig».

283 676 11 21 I
315 677 70 27 nägon
407 678 48 20 män
478 677 37 21 har
536 678 70 20 denna
625 684 78 20 person
718 678 8 20 i
741 678 38 21 sitt
794 677 109 21 uttalande
918 678 48 24 rätt,
981 678 59 20 näm-

214 705 56 27 ligen
287 705 51 26 däri,
353 708 32 19 att
400 706 40 21 han
456 706 80 27 lyckats
552 706 6 21 i
569 706 32 21 sin
613 708 108 20 närmaste
731 706 119 27 omgifning
861 706 74 26 bringa
946 706 36 21 det
992 705 48 21 där-

213 733 49 26 hän,
284 736 32 19 att
338 740 49 15 man
408 734 104 28 betydligt
533 735 84 21 mindre
638 737 27 19 än
684 734 58 22 förut
757 735 93 27 vägar
866 734 124 27 genomföra
1005 734 36 21 det

214 768 48 15 man
287 769 63 15 anser
373 769 51 15 vara
446 766 47 18 rätt.
523 763 37 21 Ett
580 764 72 20 vidare
668 764 108 21 uttalande
791 762 23 22 af
827 769 81 15 samma
924 762 46 28 slag
984 762 56 22 töre-

212 790 70 22 finnes
302 791 26 21 af
348 798 25 14 en
397 792 67 27 tredje
480 794 106 25 guvernör
605 792 39 21 och
666 792 55 22 finsk
740 792 115 25 författare,
871 792 39 21 och
926 792 34 20 mä
975 792 65 21 därur

213 819 87 21 anföras
315 820 102 27 följande:

284 848 59 22 »Den
369 849 109 27 päpekade
502 849 94 27 sorgliga
621 849 127 22 företeelsen
773 849 155 25 förorsakades,
949 848 91 22 likasom

213 876 69 22 under
297 879 49 19 näst
361 877 128 28 föregäende
504 878 29 26 är,
548 878 187 27 hufvudsakligast
750 884 77 21 genom
844 877 115 27 uppviglan
975 877 65 22 bland

213 905 152 27 anhängarena
380 906 23 21 af
423 907 36 21 det
474 906 206 28 regeringsfientliga
697 907 83 27 partiet,
797 906 71 22 hvilka
882 906 115 27 ädagalade
1012 912 27 15 en

212 934 86 27 mycket
312 935 92 21 intensiv
416 935 137 21 värksamhet
563 935 64 21 ocksä
638 936 67 20 under
717 935 109 27 uppbädet
838 941 76 21 genom
925 936 32 20 att
967 934 73 22 utdela

212 962 164 28 underjordiska
394 964 114 27 broskyrer
532 964 63 21 bland
618 964 26 21 de
660 964 160 27 värnepliktiga.
849 963 57 21 Tack
922 969 49 15 vare
986 964 6 20 i
1008 963 31 21 tid

211 991 102 27 vidtagna
328 992 99 26 ätgärder
442 992 54 22 hade
512 993 137 27 agitationen,
665 992 111 28 äsyftande
795 994 31 19 ett
837 991 144 22 uteblifvande
991 991 48 22 frän

212 1020 115 26 uppbädet,
350 1020 54 22 dock
425 1021 45 21 icke
491 1022 70 26 nägon
578 1021 91 21 särskild
685 1021 78 21 värkan
779 1020 28 28 pä
822 1020 27 22 de
864 1020 175 28 värnepliktiga».

281 1048 71 22 Dessa
368 1049 177 28 »underjordiska
560 1050 127 27 broskyrer»
709 1049 113 26 innehöllo,
844 1049 71 21 säsom
926 1049 53 21 hvar
989 1055 50 15 man

211 1078 41 25 vet,
274 1076 188 29 framställningar,
484 1078 81 22 hvilkas
585 1079 108 26 grundton
709 1085 37 15 var
762 1078 47 25 den,
825 1084 47 15 som
888 1077 22 22 af
924 1078 115 21 ständerna

210 1104 94 27 afgifvits
320 1106 39 21 och
376 1108 98 20 närmare
489 1107 35 21 vid
539 1107 58 21 detta
613 1107 86 27 plenum
715 1109 14 18 t.
746 1113 30 15 ex.
792 1105 23 22 af
829 1105 25 22 hr
870 1106 83 21 Teodor
963 1105 76 22 Heikel

210 1134 126 21 utvecklats.

280 1163 43 21 Det
338 1163 37 21 har
391 1164 54 21 dock
461 1163 71 28 gifvits
548 1170 24 15 en
589 1164 30 21 tid
636 1164 6 21 i
657 1164 95 25 Finland,
769 1164 27 21 dä
811 1163 83 22 landets
910 1163 128 27 diplomater

210 1190 78 23 skredo
303 1191 54 22 fram
373 1192 28 27 pä
416 1192 50 21 helt
474 1193 66 21 andra
551 1193 66 26 stigar
628 1195 27 18 än
666 1193 63 20 dessa
739 1191 185 22 undfallenhetens
935 1191 104 28 slippriga

210 1219 140 28 skogsvägar.
380 1221 42 26 Jag
437 1221 41 21 kan
494 1221 45 21 icke
554 1221 111 21 underlåta
680 1223 33 19 att
727 1221 7 21 i
749 1221 59 21 detta
823 1220 159 27 sammanhang,
998 1220 39 21 och

209 1248 103 21 särskildt
334 1249 72 21 såsom
426 1249 88 22 stående
529 1250 6 21 i
551 1250 97 21 harmoni
665 1250 48 21 med
729 1249 117 22 utskottets
863 1249 88 26 manligt
966 1251 72 25 öppna

198 1276 169 29 framställning
388 1277 23 22 af
432 1278 71 26 saken,
522 1279 70 20 erinra
615 1285 33 14 om
672 1279 37 20 det
728 1277 88 26 tillfälle,
831 1278 27 21 då
873 1277 164 27 kejsaren-stor-

208 1304 84 22 fursten
308 1306 84 21 Nikolai
408 1307 10 20 I
434 1307 24 21 år
474 1307 55 21 1825
543 1306 41 22 fick
599 1307 34 26 sig
647 1307 106 27 förelagdt
768 1307 32 21 till
815 1305 132 22 underskrift
961 1312 28 15 en
1000 1311 37 16 re-

208 1333 164 27 gentförsäkran
388 1335 31 21 till
435 1335 103 22 Finlands
553 1335 50 22 folk.
633 1336 49 21 Han
699 1335 90 22 tvekade
801 1335 31 27 ju,
848 1335 72 21 säsom
936 1334 101 26 bekannt,

207 1362 42 21 och
269 1362 55 22 hade
346 1363 32 21 för
399 1363 65 22 afsikt
485 1366 32 19 att
537 1363 70 22 införa
627 1370 26 15 en
678 1370 45 15 mer
744 1363 53 22 eller
811 1363 84 22 mindre
911 1363 126 26 vidtgäende

207 1391 140 22 reservation.
364 1387 12 35 .
377 1392 34 21 Då
431 1392 101 21 förmäler
547 1393 110 24 historien,
672 1395 31 19 att
717 1392 84 22 Robert
814 1391 85 22 Henrik
914 1391 122 22 Rehbinder

206 1418 49 22 lade
270 1420 33 21 sin
319 1420 56 21 hand
391 1421 28 26 pä
434 1423 90 25 pappret
539 1421 39 21 och
595 1421 68 22 vände
679 1422 34 26 sig
727 1421 31 21 till
772 1420 117 21 monarken
901 1420 48 21 med
959 1420 80 21 orden:

208 1456 6 9 >
222 1447 52 27 Sire,
296 1448 37 21 allt
348 1448 51 22 eller
417 1449 74 22 intet!s
519 1450 82 21 "Denna
617 1449 56 28 slags
689 1449 118 28 diplomati,
822 1449 41 21 den
880 1449 54 21 hade
949 1448 87 21 sannin-

207 1482 53 21 gens
277 1477 39 21 och
332 1479 82 20 rättens
431 1478 58 21 makt
503 1478 39 21 och
558 1478 41 21 den
616 1477 108 22 medförde
739 1477 119 28 framgäng.
1035 1492 2 3 :
