1117 1767
72 122 25 16 14
110 121 60 20 april
449 112 87 34 Adress.
845 112 54 22 1017

74 190 67 20 derna
162 189 182 25 sammanträdde;
367 189 116 21 ständerna
503 188 112 21 underläto
637 188 47 21 icke
707 190 31 19 att
759 187 67 28 härpå
844 187 56 21 fästa

74 218 25 21 E.
114 218 26 21 K.
156 218 41 20 M:s
212 218 77 26 nådiga
305 216 193 28 uppmärksamhet.

144 246 33 21 De
192 246 23 21 af
234 246 25 22 E.
282 246 26 21 K.
325 246 28 21 M.
368 246 41 21 den
431 246 49 26 %/,,
495 252 58 14 mars
570 245 101 27 vidtagna
687 245 71 21 beslut
769 244 132 22 beträffande

75 274 154 27 militärfrägan
252 274 39 22 och
315 274 126 22 domarenas
459 274 98 27 rättsliga
572 274 101 26 ställning
688 273 64 21 hafva
766 272 93 22 medfört
874 278 26 16 en

76 302 148 28 betydelsefull
246 303 129 27 förbättring
395 302 24 22 af
432 302 96 27 sakläget
543 302 40 22 och
598 302 118 27 uppfattats
732 302 72 21 säsom
819 302 81 26 hugne-

76 338 82 15 samma
172 331 90 22 förebud
277 332 32 21 till
325 332 72 20 vidare
413 332 99 26 ätgärder
527 331 34 21 för
576 331 37 21 det
627 333 59 19 stora
701 330 76 22 mälets
788 330 112 22 ernäende.

76 361 50 21 Men
149 362 57 20 ännu
230 362 23 20 är
268 360 125 26 erforderlig
411 360 82 21 visshet
508 360 73 21 härom
597 360 46 21 icke
658 359 33 21 för
707 359 91 22 handen.
827 358 74 22 Dikta-

76 389 188 27 turförordningen
280 388 23 22 af
317 389 40 21 den
373 389 13 21 2
401 389 54 27 april
472 389 55 21 1903
541 388 63 22 hotar
619 388 132 22 forttarande
767 388 41 21 den
823 387 79 27 lagliga

77 418 221 26 samhällsordningen
307 417 39 21 och
357 418 180 26 medborgarenas
549 416 88 22 välfärd.
661 417 113 21 Garantier
784 418 47 19 mot
837 418 65 19 rätts-

76 447 146 26 kränkningar
237 446 47 21 frän
299 447 142 26 tjänstemäns
457 447 47 20 sida
519 446 84 25 saknas,
619 446 24 21 sä
658 445 62 28 länge
735 445 125 22 ätalsrätten
878 447 24 18 är

78 476 86 21 bunden
188 481 78 21 genom
289 475 26 21 de
330 481 41 21 nya
389 475 148 27 stadgandena
551 475 74 21 härom
642 474 39 21 och
697 474 64 27 ryska
776 474 127 27 gendarmer

78 504 108 21 användas
202 504 31 21 till
249 503 69 22 finska
332 503 185 28 tjänsteuppdrag.
547 503 10 22 I
573 503 52 22 flera
640 509 77 21 grenar
732 503 23 21 af
768 502 135 22 administra-

77 533 73 21 tionen
172 533 51 21 räda
246 533 65 20 oreda
333 532 39 21 och
394 532 162 27 godtycklighet,
579 532 71 21 hvilka
665 532 76 21 endast
757 537 76 21 genom
849 531 54 26 tjän-

78 564 84 19 sternas
179 561 124 22 besättande
318 561 49 21 med
382 561 138 27 kompetenta
535 561 40 21 och
586 560 103 27 skickliga
696 560 69 21 finska
773 562 49 19 män
830 559 74 22 kunna

78 590 151 27 undanrödjas.
260 589 227 26 Statsförvaltningens
503 589 115 22 nationella
632 589 100 21 karaktär
747 590 24 20 är
781 588 83 22 rubbad
880 588 24 21 sä

78 619 62 27 länge
155 619 95 26 päbudet
264 625 35 14 om
315 618 64 27 ryska
394 618 98 27 språkets
508 618 138 27 användning
655 617 104 22 vidhälles
775 618 6 21 i
793 617 32 21 sin
836 623 67 14 nuva-

78 648 66 21 rande
160 647 153 27 utsträckning.
343 647 101 21 Finlands
460 647 185 22 konstitutionella
665 645 239 28 lagstiftningsordning

78 678 24 19 är
116 676 46 21 icke
178 675 133 26 säkerställd,
326 676 65 21 innan
407 676 26 21 de
448 675 7 21 i
471 675 122 22 manifestet
602 675 38 22 och
650 675 218 27 grundstadgandena
884 673 22 22 af

79 705 40 20 den
144 705 35 25 15/3
203 704 94 21 februari
321 704 54 21 1899
398 704 92 21 berörda
511 704 72 27 frågor
603 704 88 21 ordnats
713 703 48 22 med
777 703 127 21 ständernas

79 733 112 27 samtycke.
221 733 34 21 Då
277 733 115 21 ständerna
411 733 127 21 hemställde
559 739 35 15 om
610 733 141 26 landtdagens
766 731 139 28 ajournering

79 761 30 22 till
125 762 83 25 hösten,
225 761 80 22 skedde
321 761 36 22 det
371 761 49 22 med
435 761 80 22 fästadt
530 761 101 22 afseende
653 761 57 25 därå,
725 762 32 19 att
777 760 127 27 regeringen

78 790 91 21 sålunda
190 790 86 21 komme
298 792 31 19 att
349 789 84 28 förfoga
455 790 59 21 öfver
537 789 126 27 erforderlig
682 789 31 21 tid
727 789 34 21 för
776 789 128 26 vidtagande

78 818 23 22 af
121 819 129 21 åtminstone
272 819 27 21 de
313 819 7 20 i
335 819 117 26 petitionen
476 819 22 21 af
519 819 40 21 den
583 819 26 20 31
626 819 113 21 december
755 818 71 21 såsom
842 817 62 21 bråd-

79 847 81 22 skande
182 847 125 21 framhållna
323 847 98 27 åtgärder
437 847 40 21 och
499 850 31 19 att
552 847 115 22 ständerna
683 847 94 25 sålunda,
793 847 27 20 då
835 845 27 22 de
877 845 28 28 på

78 876 77 21 hösten
178 876 54 27 ånyo
256 876 179 24 sammanträdde,
451 876 69 21 skulle
544 876 73 21 kunna
638 875 32 22 till
686 875 74 27 slutlig
774 874 130 27 behandling

79 907 95 24 upptaga
197 905 26 20 de
245 905 31 20 till
291 905 129 26 landtdagen
442 905 129 27 hänskjutna
586 904 149 27 lagförslagen,
751 903 70 22 hvilka
837 903 68 21 under

80 933 40 21 den
144 940 29 14 nu
196 933 119 27 förgångna
335 933 173 26 landtdagstiden
527 933 70 22 blifvit
611 933 23 21 af
647 933 160 21 vederbörande
822 931 84 22 utskott

79 962 32 21 till
126 961 116 28 afgörande
264 961 133 22 förberedda.
427 962 64 21 Hvad
512 962 101 21 särskildt
629 961 132 22 vidkommer
777 961 26 21 de
818 960 86 21 finansi-

79 990 41 21 ella
143 991 192 26 propositionerna,
355 990 71 21 hvilka
449 991 24 20 så
496 991 83 21 sentida
594 990 23 21 af
629 990 130 26 landtdagen
775 989 130 27 emottagits,

79 1021 31 19 att
133 1019 26 21 de
174 1019 7 20 i
196 1019 63 26 ingen
282 1019 101 21 händelse
406 1019 83 22 kunnat
503 1020 58 20 inom
577 1019 41 21 den
635 1019 84 26 vanliga
733 1017 172 27 landtdagstiden

80 1047 166 26 slutbehandlas,
268 1047 69 22 skulle
360 1054 76 20 genom
459 1048 166 27 ajourneringen
648 1047 81 21 funnits
748 1046 110 27 möjlighet
873 1045 31 22 till

80 1075 126 28 erforderlig
221 1076 194 27 budgetreglering.
445 1076 46 21 Och
507 1077 116 20 ständerna
639 1076 110 27 emotsågo
764 1078 31 19 att
805 1075 27 21 då
844 1074 60 22 äfven

80 1105 73 20 kunna
167 1104 71 22 ikläda
253 1105 34 26 sig
302 1105 82 27 garanti
399 1105 33 21 för
448 1105 37 21 det
499 1108 59 18 stora
573 1105 96 26 statslån,
684 1111 47 14 som
747 1104 33 21 för
793 1104 113 27 järnvägs-

80 1133 98 21 ändamål
193 1133 107 26 behöfves,
317 1139 47 15 men
380 1133 82 22 hvilket
477 1134 46 21 icke
538 1134 28 26 på
581 1133 56 27 goda
651 1133 76 21 villkor
743 1133 40 21 kan
793 1134 112 25 upptagas,

79 1162 65 21 innan
161 1162 170 21 konstitutionen
348 1162 44 21 åter
408 1161 71 22 blifvit
491 1164 130 19 rättesnöret
635 1161 33 22 för
682 1161 84 22 landets
781 1161 97 27 styrelse.

148 1191 25 20 E.
196 1191 26 21 K.
244 1191 28 21 M.
287 1190 38 22 har
347 1190 72 21 funnit
433 1190 33 22 för
483 1191 51 27 godt
548 1193 32 19 att
594 1190 72 27 afböja
680 1190 141 27 landtdagens
835 1189 71 27 ajour-

80 1219 76 27 nering
178 1219 39 21 och
239 1219 104 27 påbjuder
365 1219 50 21 dess
430 1219 119 27 afslutning
564 1220 41 21 den
622 1219 26 21 15
668 1219 59 27 april,
743 1219 87 20 hvarom
849 1219 57 20 stän-

80 1247 65 22 derna
160 1247 55 22 först
230 1248 68 21 under
314 1248 106 27 gårdagen
437 1248 85 21 erhållit
530 1247 162 22 underrättelse.
722 1247 41 21 För
773 1249 37 22 att,
821 1247 25 21 så
856 1246 46 21 vidt

80 1276 27 27 på
136 1276 116 21 ständerna
274 1277 131 23 ankommer,
428 1276 117 27 förebygga
567 1279 32 18 att
614 1276 81 27 viktiga
715 1276 105 21 intressen
836 1275 70 21 blefve

80 1305 86 21 lidande
181 1305 31 21 till
228 1305 52 27 följd
296 1305 65 26 däraf,
377 1307 31 19 att
418 1311 26 15 en
457 1305 127 27 fullständig
599 1305 130 27 uppgörelse
738 1304 23 21 af
769 1304 138 26 bevillnings-

80 1334 107 26 budgeten
204 1334 39 21 och
258 1334 291 21 kommunikationsfondens
565 1334 81 26 budget
661 1340 29 15 nu
705 1333 46 21 icke
761 1333 56 21 varit
826 1332 81 27 möjlig,

80 1362 63 21 hafva
165 1362 115 22 ständerna
303 1362 92 27 skyndat
415 1364 32 20 att
469 1363 68 21 under
553 1363 70 21 denna
639 1362 41 27 dag
695 1361 130 22 beträffande
842 1361 66 27 sagda

80 1391 174 27 budgetärenden
277 1390 54 22 fatta
346 1391 79 21 sådana
447 1391 77 26 beslut,
540 1397 47 15 som
607 1390 124 22 säkerställa
746 1390 162 27 ifrågavarande

80 1419 106 21 intressen
209 1419 30 21 till
264 1420 107 26 utgången
393 1419 23 21 af
435 1420 145 20 innevarande
603 1420 30 20 är.
661 1419 26 21 E.
710 1419 26 21 K.
754 1419 28 21 M.
797 1418 39 21 har
851 1418 7 21 i
874 1418 33 20 sin

80 1447 57 22 hand
158 1450 30 18 att
204 1454 76 20 genom
302 1448 131 21 ink&ilandet
448 1448 24 21 af
485 1454 26 15 en
531 1454 28 20 ny
574 1448 102 26 landtdag
689 1447 46 21 före
751 1448 58 20 detta
824 1447 35 21 års
874 1449 33 18 ut-

81 1476 57 27 gång
160 1478 51 25 göra
232 1476 35 22 det
290 1476 83 27 möjligt
396 1479 32 19 att
443 1477 133 21 återkomma
591 1476 32 22 till
638 1476 66 27 laglig
719 1475 189 27 budgetreglering

80 1504 32 22 för
128 1504 26 22 de
169 1504 122 28 påföljande
305 1505 58 21 åren.
