1109 1761
88 113 29 17 27
127 113 43 20 jan.
389 112 111 18 Särskilda
512 113 120 21 petitioner.
879 105 41 22 557

162 181 122 27 Föredrogs
298 181 53 22 hvar
366 181 53 22 efter
434 188 70 15 annan
521 181 39 22 och
572 181 115 22 bordlades
698 181 102 22 likaledes
810 182 32 21 till
852 181 68 22 första

91 210 88 27 plenum
201 211 50 20 näst
272 209 54 22 efter
348 210 41 25 det,
400 210 38 21 då
456 211 117 20 ständerna
587 210 41 21 fått
643 212 95 25 mottaga
753 210 74 27 nådigt
842 217 50 15 svar
907 210 13 21 å

92 238 117 27 petitionen
226 244 34 15 om
276 239 40 20 den
327 238 79 27 lagliga
415 239 132 27 ordningens
558 239 152 21 återställande
720 239 8 21 i
738 239 78 26 landet,
826 238 94 28 följande

90 267 34 21 till
144 266 86 22 ståndet
244 266 81 28 ingifna
340 267 40 22 och
394 267 36 21 vid
445 267 87 27 plenum
548 267 41 22 den
605 268 26 21 21
648 267 112 22 december
777 267 56 22 1904
848 267 71 21 härtill

91 295 134 27 bordlaggda
238 295 219 27 petitionsmemorial,
473 296 117 26 nämligen:

162 357 26 21 hr
203 358 149 26 Ingmans,
368 364 35 15 om
414 359 150 27 upprensning
574 358 23 22 af
606 359 42 21 den
660 365 16 15 s.
686 358 20 22 k.
717 358 146 29 Hernejärvi
873 358 50 22 far-

93 386 74 22 leden
182 385 47 22 från
244 364 81 44 fisalmi
340 375 32 33 till
387 387 151 26 Pitkänkoski;

162 449 26 21 hr
213 449 213 26 Parviainens,
448 456 35 15 om
505 450 129 27 utvidgning
654 449 23 22 af
698 450 78 22 finska
801 450 121 22 klassiska

93 477 93 28 lyceets
204 478 10 21 i
232 478 134 28 Jyväskylä
383 478 185 28 realafdelning
590 480 57 20 samt
665 479 49 21 dess
734 479 151 27 öfvertagande
900 478 24 22 af

94 508 80 25 staten;

164 569 25 21 hr
205 569 187 27 Stählbergs
408 577 27 14 m.
452 569 27 27 fl,
495 577 35 14 om
546 571 141 27 utjämning
702 571 28 21 af
745 570 48 22 den
808 571 111 22 kommu-

94 597 58 22 nala
167 598 135 22 rösträtten
316 598 40 22 och
371 604 35 16 om
421 587 112 33 införande
548 598 23 22 af
584 599 197 28 proportionella
797 599 51 22 val
838 598 82 28 ifråga

93 632 37 15 om
146 626 40 22 den
202 626 136 22 kommunala
353 628 209 26 representationen;

164 689 26 21 hr
206 688 192 28 Ståhlbergs,
414 696 35 15 om
465 690 93 21 revision
574 690 23 22 af
609 691 189 27 bestämningarna
810 690 110 28 angående

95 707 312 37 kommunalbeskattning;

165 780 25 21 hr
206 780 162 27 Ignatius',
384 788 35 15 om
435 781 127 22 utfärdande
577 782 23 21 af
608 781 147 23 föreskrifter
747 776 13 38 i
766 782 156 28 lagstiftnings-

95 811 43 25 väg
152 809 111 27 angående
277 809 109 23 handeln
401 810 56 22 med
474 810 176 28 obligationer;

166 866 25 21 hr
200 866 83 22 Alins
294 866 58 26 m.fl.
358 867 110 27 angående
477 867 131 27 statsanslag
615 867 33 22 för
655 868 201 27 folkhögskolor;
865 870 58 19 samt

167 923 25 21 hr
216 924 91 21 Karis
322 930 28 15 m.
368 923 27 27 fl,
414 930 35 15 om
465 924 127 22 utfärdande
608 925 7 21 i
630 925 188 27 lagstiftningsväg
832 925 23 22 af
867 925 55 21 före-

96 952 88 21 skrifter
200 952 108 27 angående
323 952 104 22 kvinnas
443 953 120 22 arbetstid
578 954 8 20 i
601 954 27 20 de
642 954 134 22 industriella
790 954 86 28 yrkena.

169 1101 121 27 Föredrogs
312 1101 24 21 hr
359 1102 157 26 Ignatius”
539 1102 35 22 vid
597 1102 87 28 plenum
707 1103 41 21 den
767 1103 25 21 21
813 1102 111 22 december

101 1130 56 21 1904
179 1130 31 20 till
233 1130 59 21 detta
312 1130 87 26 plenum
425 1130 132 28 bordlaggda
579 1131 214 27 petitionsmemorial
815 1131 111 27 angående

100 1158 96 27 privata
217 1158 235 27 läroinrättningars
474 1159 156 22 värksamhet
648 1162 56 19 samt
726 1160 166 21 säkerställande
907 1159 23 22 af

99 1186 63 21 deras
178 1187 138 21 ekonomiska
331 1187 89 21 tillvara.

170 1243 68 21 Ordet
254 1243 104 33 begärdes
374 1244 23 21 af

170 1300 25 21 hr
218 1301 155 26 Sundvall,
397 1307 47 15 som
466 1302 94 26 yttrade:
590 1302 77 21 Denna
682 1303 94 26 petition,
792 1302 89 22 likasom
901 1308 26 15 en

100 1335 70 15 annan
186 1329 90 22 likartad
291 1329 22 21 af
326 1330 44 26 mig
384 1329 115 26 inlämnad,
514 1337 63 14 anser
590 1331 38 26 jag
642 1331 33 20 för
691 1331 43 21 min
749 1331 33 21 del
792 1331 53 21 böra
856 1331 72 20 remit-

101 1360 57 19 teras
181 1358 31 21 till
235 1358 104 22 särskilda
361 1359 202 26 besvärsutskottet,
579 1359 89 21 emedan
684 1359 41 22 den
740 1359 57 22 afser
812 1361 32 20 att
860 1359 68 21 ordna

102 1386 26 21 de
148 1387 63 21 svåra
225 1386 151 27 förhållanden,
393 1393 46 15 som
455 1387 33 21 för
504 1388 132 21 närvarande
652 1388 131 21 förekomma
798 1388 28 27 på
840 1388 88 21 skolans

100 1415 94 26 område,
210 1415 39 21 och
264 1416 62 20 berör
342 1416 26 20 de
383 1416 97 26 ingrepp,
496 1422 46 15 som
559 1418 45 20 mot
620 1416 101 22 skolorna
736 1417 74 27 gjorts.

171 1471 45 21 Hrr
231 1471 161 22 Johannes
410 1472 134 21 Castrén
560 1473 39 21 och
615 1473 112 21 Homén
745 1473 144 22 understödde
904 1473 26 21 hr

102 1499 115 22 Sundvalls
234 1499 84 28 förslag.
