1109 1761
79 113 12 17 7
103 117 65 12 mars.
276 111 140 18 Rekvisition
428 111 24 17 af
461 111 128 21 handlingar
601 111 34 17 till
647 111 89 17 utskott.
864 105 43 21 673

230 247 141 34 Tisdagen
392 247 55 27 den
466 248 16 26 7
501 255 78 19 mars
597 247 41 28 kl.
656 248 15 26 7
690 255 22 19 e.
734 256 35 18 m.

150 317 42 21 Vid
207 316 127 22 värkställdt
349 323 84 21 upprop
450 316 106 22 befunnos
571 317 142 21 frånvarande
728 316 36 22 hrr
802 316 106 22 Fredrik

78 346 146 25 Jansson
237 345 175 27 Holmberg,
429 345 103 27 Savön,
550 345 170 22 Carlström
732 346 39 21 och
784 346 123 23 Labbart,

80 374 73 21 hvilka
170 374 82 21 anmält
270 374 76 21 sådant
360 374 82 26 hinder,
458 380 45 15 som
520 374 31 21 uti
567 374 130 27 protokollet
712 374 32 21 för
760 374 40 22 den
816 374 28 22 24
858 374 50 22 sist-

81 403 59 21 lidna
154 403 86 27 januari
256 404 22 20 är
293 403 135 25 antecknadt,
439 403 25 21 hr
480 403 156 27 Bergman,
652 403 32 21 till
699 402 52 28 följd
766 402 23 22 af
802 403 106 27 sjukdom,

79 431 38 22 hrr
168 432 115 21 Åkesson
306 431 40 22 och
367 431 108 22 Julius
491 432 144 25 Jansson,
654 432 27 27 på
698 432 69 27 grund
782 431 23 22 af
818 432 90 27 tidigare

79 460 105 27 beviljadt
207 460 101 26 tillstånd,
325 462 55 19 samt
396 460 24 21 hr
466 461 152 25 Durchman,
635 467 45 14 som
698 461 80 20 anmält
792 460 116 21 förhinder.

151 592 117 27 Upplästes
292 592 30 21 till
336 592 108 27 justering
459 592 39 22 och
514 592 140 27 godkänndes
670 592 104 22 särskilda
790 592 76 27 utdrag
882 598 26 15 ur

81 620 190 28 borgareständets
288 621 33 21 vid
338 623 85 19 senaste
439 621 86 27 plenum
541 620 62 22 förda
617 620 115 28 protokoll.

152 752 155 25 Antecknades,
330 754 31 19 att
383 752 47 21 frän
454 752 141 22 medständen
614 752 87 22 anländt
717 752 104 22 särskilda
836 754 75 26 proto-

82 781 141 27 kollsutdrag.

152 878 122 26 Föredrogs
291 884 26 15 en
334 878 46 21 från
397 878 25 20 hr
438 878 197 21 landtmarskalken
651 878 31 21 till
692 878 26 21 hr
728 878 121 22 talmannen
861 877 50 22 aflä-

83 909 36 19 ten
144 906 112 22 skrifvelse
275 907 67 27 jämte
365 906 46 22 däri
427 906 141 22 omförmälda
582 907 132 27 handlingar,
730 907 90 27 lydande
838 907 72 21 säsom

83 935 73 27 följer
146 931 12 35 :

184 1044 71 27 Hyvin
271 1044 98 21 arvoisan
386 1044 180 27 porvarissäädyn
581 1044 155 27 puhemiehelle
752 1044 62 21 herra

348 1073 92 21 asessori
457 1073 65 27 Hugo
538 1073 114 21 Liliuselle.

154 1134 65 22 Täten
239 1141 27 15 on
282 1135 88 21 minulla
387 1135 80 21 kunnia
483 1136 93 21 lähettää
591 1136 62 26 teille,
669 1136 63 22 herra
747 1136 99 26 asessori,
862 1142 50 14 suo-

86 1163 146 21 mennoksena
248 1164 231 27 vahvistetun
391 1159 9 36 -
403 1164 76 27 kopion
495 1164 70 21 hänen
575 1164 157 27 ylhäisyytensä
750 1165 93 21 Suomen
861 1164 52 21 ken-

86 1191 198 22 raalikuvernöörin
300 1192 132 27 kirjelmästä
452 1193 141 21 keisarillisen
610 1193 94 21 Suomen
721 1193 95 22 senaatin
832 1192 81 21 talous-

85 1228 89 19 osaston
206 1226 63 21 herra
294 1226 222 22 virkaatoimittavalle
542 1227 243 28 varapuheenjohtajalle
809 1222 106 20 "==="

86 1259 94 28 päivältä
197 1260 55 21 1905
275 1267 34 14 n:o
327 1261 55 20 1279
398 1261 57 22 siitä
467 1261 200 28 järjestyksestä,
683 1262 74 22 missä
775 1267 27 16 on
810 1246 105 37 käsitel-

87 1289 56 21 tävä
162 1288 63 22 niitä
244 1289 189 28 valtiosäätyjen
449 1289 171 22 valiokuntien
637 1290 125 28 esityksiä,
774 1290 73 29 jotka
863 1289 53 23 teh-

88 1317 64 22 dään
167 1317 317 28 valtiopäiväjärjestyksen
499 1318 31 22 40
547 1318 42 28 $:n
605 1319 102 27 nojalla.

156 1345 87 28 Pyydän
267 1346 65 21 teidät
355 1348 197 20 vastaanottamaan
569 1347 158 22 vakuutukseni
742 1347 175 22 kunnioitukses-

88 1374 50 21 tani.

398 1432 22 21 0.
440 1432 174 22 Wuorenheimo.

827 1535 23 18 43
