1120 1773
212 116 55 35 1002
518 118 192 35 Rösträttsfrägan.
944 126 24 16 14
981 126 60 20 april.

212 194 39 27 gift
273 200 46 16 som
343 194 53 27 ogift
417 194 85 22 kvinna.
531 194 39 21 Att
589 200 26 15 en
632 194 24 22 sä
672 194 67 27 viktig
753 194 43 21 och
812 194 34 21 för
862 194 105 22 kvinnans
984 194 57 22 ställ-

212 223 52 27 ning
286 222 146 28 betydelsefull
455 222 38 22 sak
514 229 46 15 som
583 222 75 28 frägan
681 229 34 15 om
737 222 85 22 hennes
838 222 102 27 politiska
954 224 89 20 rösträtt

212 252 41 20 kan
276 251 74 22 utfalla
372 251 121 22 diametralt
512 253 90 19 motsatt
617 252 7 20 i
639 252 162 20 reservationen
818 251 41 21 och
874 252 117 21 utskottets
1005 252 36 20 be-

212 280 112 25 tänkande,
348 282 37 25 gör
408 280 44 26 mig
473 280 84 27 mycket
579 280 96 21 tveksam
698 279 55 22 inför
775 280 68 21 dessa
866 280 129 26 uttalanden,
1010 280 32 21 till

212 309 39 21 och
273 309 48 21 med
337 315 33 15 om
387 309 39 21 den
442 309 63 21 korta
519 309 36 25 tid,
571 315 46 15 som
633 309 45 26 mig
692 308 115 22 förunnats
824 310 32 20 att
872 309 122 27 genomläsa
1009 312 34 18 ut-

212 337 92 21 skottets
327 337 133 21 betänkande
483 337 38 21 och
544 338 165 24 reservationen,
725 337 56 21 hade
804 338 58 20 varit
884 337 111 27 tillräcklig
1009 337 33 21 för

212 368 32 19 att
263 366 38 27 jag
316 366 68 21 skulle
406 366 77 21 hunnit
505 369 49 24 taga
569 366 26 21 de
618 366 142 27 väsentligare
777 365 145 23 afvikelserna
937 366 7 21 i
958 366 84 21 betrak-

212 395 70 21 tande.
311 395 42 26 Jag
367 394 68 22 mäste
451 394 76 25 därför,
543 395 49 21 med
607 394 104 27 ätergäng
726 394 31 21 till
774 394 38 22 det
829 394 137 27 beklagande,
981 394 61 22 hvar-

213 424 48 20 med
279 423 38 27 jag
338 423 84 21 inledde
443 424 48 27 mitt
513 423 141 27 andragande,
677 423 72 25 uttala,
765 425 33 19 att
814 423 38 21 det
867 424 55 20 varit
936 423 44 26 mig
993 422 48 22 full-

212 451 91 28 komligt
325 451 97 28 omöjligt
442 453 32 20 att
496 452 68 21 under
587 452 26 21 de
633 451 21 22 fä
674 452 92 25 timmar,
782 457 49 16 som
848 452 55 21 varit
916 451 126 28 disponibla,

213 481 7 20 i
235 481 70 20 denna
320 480 81 27 viktiga
417 480 39 21 och
471 480 157 27 komplicerade
642 480 61 27 fråga
718 479 54 22 fatta
788 486 28 15 en
832 480 98 22 bestämd
943 480 100 27 position.

212 509 42 26 Jag
274 509 78 21 uttalar
367 509 66 21 tillika
448 509 41 21 den
505 509 109 27 allvarliga
629 509 181 27 förhoppningen,
826 511 33 19 att
873 509 7 21 i
896 509 40 21 alla
950 508 41 26 fall,
1007 515 35 14 om

213 538 97 21 ständets
332 537 72 22 beslut
426 537 68 22 skulle
516 537 64 22 blifva
601 538 36 21 det
652 537 24 22 af
696 537 24 22 hr
736 537 93 22 Renvall
852 537 125 28 föreslagna,
993 543 49 15 man

212 567 58 20 inom
293 566 78 21 folkets
394 567 66 20 breda
481 567 58 26 lager
563 566 53 21 skall
637 566 72 26 förstä,
725 568 32 19 att
781 566 61 21 detta
863 568 63 25 utgör
942 568 31 19 ett
987 568 56 19 stort

212 594 120 28 framsteg
322 590 10 37 i
344 595 94 27 riktning
453 597 45 19 mot
513 601 25 15 en
554 594 189 26 rösträttsreform,
759 597 53 19 enär
829 596 37 21 det
880 595 46 21 frän
943 595 99 26 borgare-

213 624 96 21 ständets
328 624 46 21 sida
389 624 89 21 innebär
493 630 25 15 en
535 624 97 21 bestämd
647 623 65 22 afsikt
727 625 32 19 att
774 623 60 22 inom
851 624 41 21 den
908 624 61 21 korta
984 623 58 22 tiden

212 652 22 21 af
250 653 82 20 mindre
354 654 26 19 än
396 653 36 20 tvä
447 652 24 21 är
493 655 96 24 upptaga
609 653 69 20 denna
693 651 60 28 fräga
769 652 33 21 till
818 653 75 26 slutlig
908 652 135 27 behandling.

214 681 45 21 Och
275 681 36 21 det
333 681 88 21 innebär
442 681 124 27 därigenom
588 681 66 21 tillika
670 687 26 14 en
712 681 122 26 principiell
850 681 129 26 omfattning
994 681 7 20 i
1016 687 26 14 en

213 716 70 14 annan
307 709 149 27 utsträckning
476 710 38 21 och
529 710 28 27 pä
580 712 31 19 ett
626 712 65 19 annat
706 711 43 20 sätt
764 711 28 19 än
808 710 42 21 den
866 709 177 28 borgareständet

212 737 59 22 förut
294 741 64 24 egnat
380 739 68 20 denna
471 738 65 27 fråga.
567 738 31 22 Ur
619 739 70 20 denna
704 738 112 27 synpunkt
832 745 63 15 anser
908 739 43 26 jag,
966 741 31 18 att
1012 740 31 19 ett

213 767 91 21 resultat
319 767 64 21 ocksä
398 767 22 21 af
434 767 40 21 den
491 770 14 18 t.
516 774 19 14 v.
550 767 98 27 negativa
663 769 39 23 art,
718 773 47 15 som
781 767 27 21 hr
824 767 90 22 Renvall
928 767 115 26 föreslagit,

213 797 24 19 är
248 798 31 19 att
292 795 70 22 hälsas
378 795 48 22 med
442 795 69 28 glädje
526 800 25 17 ur
567 795 137 28 synpunkten
720 795 23 21 af
755 795 39 22 det
809 802 159 21 gemensamma
983 795 60 21 arbe-

214 826 31 19 tet
259 823 33 22 för
307 825 113 20 nationens
435 824 179 22 konsoliderande
630 824 39 21 och
685 824 98 21 beständ.

283 881 33 21 Hr
340 881 191 22 Söderholm:
555 882 42 26 Jag
619 881 38 21 har
679 881 91 27 tidigare
794 881 78 22 uttalat
895 881 44 21 min
962 881 81 21 anslut-

214 910 53 27 ning
282 910 31 21 till
336 910 35 22 det
386 910 22 22 af
425 910 26 22 hr
467 910 100 22 Boisman
589 910 75 27 gjorda
679 910 110 26 förslaget.
819 910 43 27 Jag
876 910 38 22 ber
929 910 21 21 få
971 910 72 25 uttala,

214 941 32 19 att
257 939 39 27 jag
318 939 64 21 ocksä
397 939 40 21 kan
461 939 72 21 förena
555 939 45 27 mig
614 945 35 15 om
673 939 36 21 det
724 938 80 28 tillägg,
821 945 47 15 som
892 939 68 27 gjorts
983 938 22 22 af
1018 938 25 22 hr

214 967 97 21 Renvall.

284 1024 33 21 Hr
332 1025 148 21 Boisman:
496 1025 11 21 I
522 1025 48 21 mitt
585 1025 90 26 tidigare
689 1024 101 27 yttrande
805 1025 39 21 har
856 1025 39 26 jag
911 1024 75 21 uttalat
1000 1023 43 22 för-

213 1053 146 27 hoppningen,
382 1055 31 19 att
436 1053 176 27 borgareständet
635 1053 61 21 äfven
712 1053 7 20 i
735 1053 71 21 denna
828 1053 60 27 fräga
910 1053 66 21 mätte
991 1052 52 21 kon-

214 1082 91 21 sekvent
327 1082 105 21 bibehälla
454 1083 33 20 sin
510 1081 100 28 politiska
632 1081 134 27 ständpunkt
789 1084 32 19 att
843 1082 47 21 icke
911 1083 77 24 antaga
1002 1087 41 20 nya

214 1110 66 27 lagar,
297 1110 23 21 sä
343 1110 61 27 länge
428 1111 158 26 grundlagarna
608 1110 17 27 ej
648 1110 144 27 respekteras,
807 1116 50 15 men
873 1109 63 22 äfven
949 1110 38 26 jag
1001 1109 42 21 kan

214 1139 86 21 ansluta
322 1139 44 27 mig
382 1139 30 21 till
433 1139 37 21 det
483 1139 23 21 af
525 1139 25 21 hr
565 1139 90 21 Renvall
671 1138 122 27 föreslagna
808 1139 96 27 tillägget
920 1138 31 21 till
967 1138 40 21 den
1023 1137 22 22 af

214 1168 46 26 mig
274 1167 114 22 förordade
403 1167 68 22 första
485 1168 167 21 reservationen.

284 1225 33 20 Hr
342 1225 103 20 Latva:
469 1221 191 25 Äänioikeusasian
680 1224 104 27 johdosta
805 1224 153 21 kokoontunut
978 1223 65 22 Porin

211 1253 130 27 järjestynyt
363 1255 111 25 työväestö
496 1259 27 15 on
546 1253 185 22 sähkösanomalla
753 1255 104 25 pyytänyt
882 1253 74 21 minun
981 1252 64 21 täällä

214 1282 126 21 esittämään
365 1281 76 22 heidän
467 1281 126 22 laatimansa
619 1281 157 27 ponsilauseen,
799 1281 53 27 joka
876 1281 82 21 kuuluu
985 1281 59 20 näin:

216 1310 143 27 »Pyydämme
384 1311 52 20 teitä
462 1310 100 27 säädyille
587 1310 155 21 esiintuomaan
769 1316 125 15 seuraavaa:
921 1312 25 23 te,
969 1309 74 27 joiden

214 1338 84 22 käsissä
311 1345 27 15 on
354 1339 149 27 nykyhetkellä
517 1339 183 21 äänioikeusasian
715 1338 94 26 kohtalo,
825 1338 77 21 tehkää
917 1338 128 21 voitavanne

214 1367 83 21 kansan
322 1367 124 22 oikeuksien
468 1367 23 27 ja
513 1367 179 22 tinkimättömien
715 1367 144 21 vaatimusten
883 1366 161 28 täyttämiseksi,

211 1395 37 27 jos
265 1398 43 19 ette
323 1395 65 22 tahdo
404 1396 81 21 kansan
500 1396 138 21 katkeruutta
652 1395 112 22 kasvattaa
779 1395 166 28 rajattomaksi.»

285 1453 32 21 Hr
340 1453 104 27 Spoof:
468 1453 41 21 Sen
528 1453 108 27 johdosta,
651 1455 45 19 että
713 1453 72 26 löytyy
797 1453 171 26 jonkunmoinen
985 1458 59 15 eroa-

214 1482 89 21 vaisuus
322 1481 74 27 hrojen
414 1481 134 27 Stählbergin
561 1481 24 27 ja
599 1481 112 22 Renvallin
727 1481 129 22 ehdotusten
873 1481 75 25 välillä,
964 1481 80 27 pyytäi-

214 1510 34 21 sin
263 1510 66 21 saada
343 1510 75 22 lausua
432 1510 135 27 yhdistyväni
582 1510 39 21 hra
636 1509 112 22 Renvallin
764 1509 154 22 ehdotukseen.
