1111 1767
202 108 44 22 526
385 116 111 18 Särskilda
508 116 223 18 ständsmedlemmars
743 117 95 16 utevara.
948 116 28 18 24
985 117 44 20 jan.

203 183 134 27 bordläggas,
352 184 56 22 hälst
423 186 57 26 dylik
495 185 245 27 bordläggningsätgärd
755 184 54 22 dock
824 185 46 21 icke
883 185 89 21 innebär
983 186 45 26 tyd-

202 212 40 26 ligt
265 212 71 22 beslut
358 220 33 14 om
412 213 95 28 uppskof
520 214 65 21 ocksä
600 214 49 21 med
663 214 38 21 allt
716 213 64 27 öfrigt
794 213 195 28 landtdagsarbete,
1005 214 22 22 sä

203 240 92 22 äterstär
310 248 36 15 oss
362 242 31 21 till
408 242 106 22 häfdande
528 242 24 22 af
564 243 38 21 vär
618 242 138 28 uppfattning
770 242 77 22 endast
863 242 41 22 den
916 244 65 26 utväg
991 245 37 23 att,

200 269 68 26 jämte
284 270 35 21 det
334 271 21 21 vi
369 270 45 22 frän
432 272 110 21 sessionen
559 271 111 26 uteblifvit,
681 271 40 21 hos
732 271 178 27 borgareständet
920 272 110 20 vördsamt

202 298 90 23 anmäla,
315 302 32 18 att
368 300 20 20 vi
410 306 52 15 anse
482 306 36 15 oss
533 300 23 21 af
569 300 38 21 vär
623 300 54 27 plikt
692 306 47 15 som
754 299 217 27 folkrepresentanter
986 300 42 21 för-

202 326 104 22 hindrade
322 330 32 19 att
369 328 83 27 deltaga
467 329 7 21 i
490 328 65 27 nägot
570 329 73 21 vidare
654 328 160 22 ständerarbete
824 328 65 22 innan
900 328 128 27 lagligheten

203 354 6 21 i
224 354 74 22 landet
313 356 67 22 blifvit
395 357 24 21 sä
434 357 116 25 återställd,
565 364 46 14 som
623 358 7 20 i
643 357 126 21 ständernas
780 356 31 22 till
822 357 116 21 monarken
951 356 79 22 aflätna

204 384 146 28 underdäniga
365 385 157 27 framställning
536 386 79 27 yrkats.

273 413 166 22 Förbehällande
462 421 36 15 oss
520 416 37 24 att,
581 414 84 22 säsnart
688 414 128 22 monarkens
839 421 50 15 svar
911 414 26 27 pä
953 414 77 21 nämda

204 441 244 29 ständerframställning
470 443 74 27 ingätt,
563 445 50 25 taga
627 443 34 21 del
676 443 7 21 i
699 443 26 21 de
740 442 185 27 öfverläggningar
940 442 38 21 och
995 442 35 21 be-

204 469 44 21 slut
262 469 24 22 af
298 470 182 27 borgareständet,
493 471 71 22 hvilka
578 471 62 22 häraf
653 471 72 22 kunna
740 471 103 27 betingas,
857 473 37 19 äro
907 471 20 21 vi
938 471 93 21 beredda

203 500 38 23 att,
260 499 74 21 sävida
350 499 39 22 och
405 500 85 21 säsnart
504 501 26 20 de
545 500 78 27 lagliga
637 499 207 28 förutsättningarna
859 499 33 22 för
907 499 124 27 landtdags-

204 526 84 23 arbetet
302 527 95 28 pröfvats
412 528 108 28 föreligga,
536 529 53 27 änyo
606 529 85 27 vidtaga
707 529 47 21 med
770 529 40 20 den
823 528 24 22 af
855 529 126 21 valmännen
993 534 36 15 oss

204 555 140 22 ombetrodda
359 556 104 22 funktion.

274 618 135 28 Helsingfors
426 620 40 21 den
482 620 28 21 24
522 620 86 27 januari
624 620 61 21 1905.

276 687 21 22 C.
312 687 27 22 E.
356 688 123 29 Holmberg.
741 688 25 21 R.
782 688 30 21 M.
830 688 101 21 Labbart.

274 738 56 22 Erik
346 739 80 22 Savon.
740 740 78 28 Alfred
835 740 125 21 Carlström.

543 791 26 22 F.
586 791 104 22 Jansson.

274 940 32 21 Hr
331 941 172 21 talmannen
530 941 129 26 meddelade,
682 943 31 19 att
736 941 233 22 talmanskonferensen
992 941 35 21 vid

204 969 158 20 sammanträde
384 969 70 21 denna
476 970 46 26 dag,
542 969 53 22 efter
614 970 138 27 omröstning,
769 970 87 21 beslutit
871 971 80 20 utsätta
967 971 61 20 nästa

203 997 87 26 plenum
307 997 31 21 till
354 997 95 28 tisdagen
466 999 40 20 den
522 999 26 20 31
565 999 144 20 innevarande
722 999 84 26 januari
822 999 28 21 kl.
867 999 26 20 12
909 999 27 26 pä
951 998 75 27 dagen.

272 1129 33 21 Hr
326 1129 156 22 talmannen
522 1130 143 27 tillkännagaf,
681 1132 32 19 att
725 1130 64 21 sedan
802 1130 176 27 borgareständet
986 1130 40 21 den

202 1157 26 20 31
250 1157 112 21 december
381 1158 91 21 sistlidet
492 1159 29 25 är,
543 1159 7 20 i
565 1159 116 26 anledning
695 1158 24 21 af
731 1165 25 15 en
772 1158 23 21 af
808 1158 25 21 hr
848 1158 71 22 Julius
933 1159 94 20 Jansson

202 1185 40 21 hos
266 1186 85 21 ståndet
373 1186 111 27 skriftigen
508 1187 61 27 gjord
592 1187 98 21 anmälan
713 1194 34 14 om
770 1187 35 21 det
823 1187 81 26 hinder,
920 1193 46 15 som
982 1186 46 21 från

202 1214 64 27 ryska
289 1215 167 26 gendarmeriets
480 1216 46 21 sida
547 1217 54 20 mött
616 1216 53 21 hans
685 1216 40 21 och
740 1222 26 15 en
782 1222 70 15 annan
868 1215 161 27 landtdagsfull-

203 1242 92 27 mäktigs
311 1243 144 22 obehindrade
470 1243 71 22 färder
554 1244 30 21 till
596 1244 157 21 hufvudstaden
764 1244 32 21 för
806 1244 127 27 deltagande
943 1244 7 21 i
961 1244 67 21 landt-

202 1271 142 26 dagsarbetet,
368 1272 88 21 beslutit
479 1273 110 26 uppdraga
611 1273 22 21 ät
654 1273 25 20 hr
693 1273 127 25 talmannen,
836 1275 32 18 att
880 1273 67 26 jämte
962 1272 67 27 öfriga

203 1299 74 22 ständs
293 1300 78 21 talmän
387 1301 40 20 hos
442 1301 159 21 vederbörande
616 1301 83 21 anmäla
715 1308 34 14 om
764 1301 56 21 hvad
831 1301 89 21 sålunda
930 1300 99 21 förefallit

202 1328 69 20 under
285 1328 94 27 yrkande
392 1331 32 19 att
437 1329 88 27 behörig
535 1330 75 26 ätgärd
621 1329 69 21 blefve
701 1330 99 26 vidtagen
812 1330 31 21 till
854 1329 175 26 undanrödjande

201 1356 33 21 för
249 1356 114 22 framtiden
379 1357 22 21 af
414 1358 70 26 dylika
499 1358 89 27 ingrepp
603 1358 8 20 i
626 1358 126 21 ständernas
768 1357 35 22 fri-
814 1358 40 21 och
861 1357 130 27 rättigheter,
1000 1357 29 21 äf-

202 1391 90 15 vensom
302 1385 93 27 inbjudit
402 1386 139 21 medständen
550 1389 30 18 att
588 1386 73 22 förena
670 1387 33 27 sig
711 1393 35 15 om
754 1386 188 27 borgareständets
951 1385 78 21 omför-

202 1413 70 21 mälda
283 1414 75 25 beslut,
370 1414 24 21 sä
400 1414 54 22 hade
463 1415 24 21 R.
496 1421 18 15 o.
522 1415 25 21 A.
555 1417 56 19 samt
619 1415 162 25 bondeständet,
790 1415 66 27 enligt
864 1415 56 21 hvad
928 1414 101 21 inkomna

202 1442 199 27 protokollsutdrag
417 1443 188 27 vidhandengäfve,
621 1444 82 26 antagit
721 1443 161 27 ifrågavarande
895 1443 133 26 inbjudning,

201 1470 112 21 hvaremot
328 1472 164 25 prästeständet,
509 1472 47 21 med
573 1472 156 27 godkännande
744 1472 22 21 af
775 1472 40 21 den
827 1471 143 27 uppfattning,
981 1477 46 15 som

202 1498 189 27 borgareständets
405 1500 71 21 beslut
486 1500 109 26 innebure,
605 1503 72 19 ansett
688 1501 36 21 det
734 1501 101 26 riktigare
846 1500 39 22 och
897 1500 48 21 med
956 1500 72 21 veder-
