1114 1764
79 124 25 17 12
117 124 59 20 april.
293 120 228 21 Ämbetsmissbruken
533 123 7 16 i
552 123 93 20 Viborgs
657 122 42 17 län.
863 115 42 22 905

147 193 55 21 Från
226 193 105 22 särskilda
353 192 195 21 besvärsutskottet
569 191 55 22 hade
643 191 88 21 anländt
745 193 26 18 en
789 190 116 27 sälydande

78 221 122 22 skrifvelse:

177 307 96 23 FINLANDS
289 303 100 27 STÄNDERS

107 352 128 37 SÄRSKILDA
254 352 214 37 BESVÄRSUTSKOTT.

196 429 189 36 HELSINGFORS,
508 431 40 22 Till
565 431 106 28 vällofliga
689 431 185 28 borgareståndet.

189 481 34 17 den
236 481 19 17 11
269 481 50 22 april
333 481 55 18 1905.

255 550 36 18 N:o
303 550 27 18 59.

153 625 75 26 Enligt
251 625 104 22 särskilda
369 625 196 22 besvärsutskottet
579 625 183 22 tillhandakomna
781 625 129 27 protokolls-

86 653 77 27 utdrag
185 653 63 21 hafva
270 654 149 27 ridderskapet
441 654 39 21 och
496 654 61 21 adeln
581 657 56 18 samt
651 656 88 25 präste-,
754 655 102 26 borgare-
871 654 40 21 och

85 682 163 21 bondestånden
273 682 110 27 godkännt
405 683 118 21 utskottets
546 683 135 21 betänkande
696 689 35 15 n:o
746 683 14 20 4
774 683 7 20 i
797 683 115 26 anledning

85 710 23 21 af
121 711 219 26 petitionsmemorial,
356 717 45 16 som
417 712 7 20 i
440 711 99 27 samtliga
562 711 62 22 stånd
640 711 125 22 framställts
781 711 130 21 beträffande

85 739 99 27 åtgärder
206 739 31 21 till
260 739 158 28 förebyggande
440 739 22 22 af
484 741 26 20 de
533 740 198 22 administrativa
749 740 162 22 ämbetsmiss-

86 768 94 21 bruken
197 768 8 21 i
222 768 102 27 Viborgs
347 769 40 25 län,
411 775 49 15 men
484 771 81 25 präste-
588 769 40 21 och
650 769 161 21 bondestånden
837 768 75 21 därvid

86 796 54 21 dock
163 796 92 24 beslutit,
278 797 159 26 prästeståndet
454 799 32 20 att
508 797 111 27 uppdraga
638 797 22 21 åt
675 797 238 27 expeditionsutskottet

86 827 31 19 att
132 825 81 21 medels
229 825 136 28 kursivering
384 825 23 22 af
423 826 82 27 stycket
520 827 13 20 å
548 826 46 21 sida
609 826 89 23 35,som
713 826 89 21 handlar
818 832 35 15 om
869 827 43 19 äm-

87 853 185 22 betsmissbruken
289 855 6 20 i
311 855 26 20 de
353 854 68 27 öfriga
435 855 70 25 länen,
521 855 51 20 eller
582 855 28 26 på
620 857 65 18 annat
696 855 97 26 lämpligt
805 856 42 19 sätt
857 854 56 21 redi-

88 888 50 21 gera
158 883 127 21 ständernas
308 883 146 27 underdåniga
477 883 89 27 petition
582 884 6 20 i
604 883 59 21 detta
677 883 78 21 ärende
771 883 95 25 sålunda,
881 884 32 19 att

87 910 61 21 däraf
161 911 94 26 tydligen
271 911 120 28 framginge
413 912 127 21 ständernas
556 911 65 22 afsikt
631 914 31 19 att
673 911 91 28 stämpla
775 912 70 21 såsom
857 911 56 21 orik-

87 939 41 27 tigt
151 939 36 22 det
209 939 228 28 förvaltningssystem,
453 947 48 15 som
524 941 39 21 hos
579 947 36 14 oss
636 941 68 20 under
720 941 26 20 de
761 942 86 19 senaste
862 940 51 21 åren

87 968 55 21 varit
157 967 166 23 förhärrskande
338 970 7 20 i
360 969 184 27 länestyrelserna,
561 971 55 19 samt
634 969 157 21 bondeståndet
813 971 32 19 att
860 975 53 20 upp-

89 997 66 26 draga
170 997 22 20 åt
207 1003 82 16 samma
311 998 83 21 utskott
413 1000 31 19 att
458 998 44 21 låta
523 998 112 21 kursivera
650 997 141 22 ofvannämda
815 997 72 27 stycke
901 996 13 21 å

89 1025 46 21 sida
150 1025 27 21 35
193 1026 7 20 i
215 1025 150 22 betänkandet.
396 1027 10 20 I
427 1027 117 26 anledning
566 1026 61 21 häraf
648 1026 33 21 får
703 1026 105 21 utskottet
823 1026 39 21 hos
878 1025 37 22 det

89 1053 106 28 vällofliga
211 1055 85 21 ståndet
311 1055 110 21 vördsamt
435 1055 118 23 hemställa,

365 1108 32 19 att
413 1106 176 28 borgareståndet
604 1107 51 20 ville
671 1106 77 27 förena
762 1106 33 27 sig
806 1113 35 14 om
856 1107 57 26 prä-

296 1135 129 21 steståndets
440 1135 169 28 ofvanantydda
625 1135 74 21 beslut.

366 1192 31 21 På
411 1192 118 21 utskottets
544 1194 90 25 vägnar:

426 1249 24 21 L.
467 1249 116 22 Mechelin.

677 1294 68 18 Kaarlo
757 1294 90 23 Ignatius.

160 1352 109 21 Särskilda
284 1352 207 22 besvärsutskottets
512 1351 141 22 förevarande
667 1351 156 28 framställning
838 1351 45 22 blef
897 1350 24 21 af

89 1381 178 27 borgareståndet
278 1381 120 26 godkännd.

159 1478 80 21 Vidare
261 1478 54 21 hade
334 1477 47 22 från
397 1478 107 22 särskilda
520 1478 195 22 besvärsutskottet
730 1477 69 28 ingått
814 1484 26 15 en
856 1476 62 22 skrif-

91 1507 58 21 velse
165 1506 22 21 af
199 1506 94 27 följande
308 1506 89 27 lydelse:
