1117 1761
198 108 56 21 1016
393 115 236 21 Fortsättningskurser
640 116 38 16 vid
689 115 153 18 folkskolorna.
929 115 24 17 14
966 115 59 21 april.

268 182 39 28 De,
323 183 75 22 hvilka
411 183 119 28 godkänna
545 183 145 28 förevarande
706 183 141 26 betänkande,
863 184 60 20 rösta
936 183 26 27 ja
969 191 9 18 ;
994 183 33 26 de,

198 211 34 21 det
247 211 46 22 icke
306 214 61 25 göra,
383 214 60 19 rösta
459 213 48 27 nej;

267 268 81 21 vinner
362 269 43 27 nej,
421 269 42 22 har
478 269 87 22 ståndet
581 269 88 22 beslutit
684 270 99 26 förkasta
799 269 151 21 betänkandet.

268 326 167 27 Propositionen
459 327 128 21 besvarades
610 327 49 21 med
681 326 157 27 öfvervägande
861 326 41 27 nej,
918 326 39 22 och
972 326 55 22 hade

200 354 86 50 änder
308 354 83 22 således
413 355 88 21 beslutit
516 354 96 23 förkasta
633 356 144 21 betänkandet
792 355 48 21 med
862 355 44 21 däri
922 355 105 27 ingående

199 382 86 28 förslag.

269 497 33 22 Hr
318 498 124 27 Heikel,
459 499 92 25 Felix,
566 499 71 21 anhöll
653 505 35 15 om
704 499 62 21 ordet
781 499 39 21 och
835 498 96 27 yttrade:
957 497 69 22 Sedan

200 526 116 21 ständerna
330 527 7 20 i
353 527 38 27 går
406 527 142 28 eftermiddag
555 527 83 22 erhållit
647 527 93 22 officiellt
749 527 141 22 meddelande
901 527 80 25 därom,
993 528 32 19 att

199 555 131 27 landtdagen
346 555 105 22 definitivt
466 556 53 21 skall
527 556 89 21 afslutas
632 556 40 21 den
690 556 27 21 15
727 557 7 20 i
745 557 70 20 denna
827 555 83 26 månad,
921 561 106 16 samman-

199 583 77 21 trädde
291 584 67 26 några
373 584 138 22 medlemmar
526 584 23 21 af
562 585 59 21 detta
637 585 63 21 stånd
715 585 40 21 och
775 584 22 21 af
810 585 26 20 de
852 584 68 26 öfriga
936 584 90 21 stånden

198 611 34 21 för
246 614 32 19 att
294 612 128 28 öfverlägga,
437 613 105 21 huruvida
557 613 46 21 icke
618 613 67 27 några
699 613 104 21 särskilda
815 613 99 26 åtgärder
930 612 48 21 med
990 618 36 15 an-

198 640 89 28 ledning
301 640 23 22 af
337 641 242 28 landtdagensplötsliga
593 642 120 21 afslutande
729 642 66 21 borde
804 636 26 37 af
837 641 115 21 ständerna
959 641 68 21 vidta-

200 675 43 21 gas.
275 669 81 22 Därvid
379 670 79 21 enades
481 677 48 14 man
545 676 41 20 om,
603 673 31 19 att
649 671 116 21 ständerna
783 670 73 25 borde,
872 670 64 21 innan
953 670 26 21 de
994 670 32 20 ät-

199 698 81 27 skiljas,
303 698 50 27 ingä
373 698 31 22 till
419 699 62 21 Hans
497 699 100 27 Majestät
612 700 49 20 med
679 705 26 15 en
722 699 134 27 underdänig
871 698 157 27 framställning

198 725 24 22 af
242 726 38 22 det
301 727 134 21 närvarande
458 728 95 27 sakläget
569 728 39 21 och
631 734 26 15 en
673 728 93 27 antydan
782 734 41 19 om,
839 727 71 21 hvilka
926 726 100 28 ätgärder

199 761 51 15 vore
274 754 24 22 af
317 756 70 21 nöden
409 755 33 22 för
465 759 32 19 att
519 756 94 22 ordnade
628 756 146 22 förhällanden
791 756 45 21 äter
854 755 68 22 skulle
937 756 90 20 inträda.

198 783 63 21 Inom
278 784 77 21 nämda
370 784 59 22 krets
445 784 23 22 af
481 787 172 25 representanter
668 785 38 21 har
719 784 80 28 jämväl
815 786 99 25 uppsatts
934 786 32 19 ett
982 783 43 22 för-

199 812 47 27 slag
261 812 32 21 till
317 812 57 28 dylik
396 814 135 26 underdänig
545 813 112 22 skrifvelse
673 814 51 21 eller
739 814 82 25 adress,
837 813 39 21 och
892 813 38 21 ber
942 812 38 28 jag
995 814 33 20 att

198 840 38 21 här
259 840 21 22 fä
303 842 90 26 uppläsa
409 842 124 21 densamma
548 842 48 21 med
613 842 106 26 anhällan,
735 844 31 19 att
782 841 178 27 borgareständet
976 841 50 21 ville

198 869 91 21 omfatta
304 870 39 21 och
367 870 113 26 godkänna
495 871 123 20 densamma
641 873 56 19 samt
712 871 111 20 remittera
837 870 41 21 den
895 870 31 21 till
941 870 85 26 expedi-

198 897 166 22 tionsutskottet
379 898 32 21 för
427 901 32 19 att
473 899 7 20 i
495 899 71 26 vanlig
581 899 93 27 ordning
689 899 100 21 afsändas
804 899 31 21 till
848 899 61 20 Hans
920 898 107 27 Majestät.

199 925 131 23 Skrifvelsen
347 929 22 19 är
385 927 23 21 af
418 927 93 27 följande
526 927 88 28 lydelse:

280 984 185 28 »Stormäktigste,
481 984 150 28 allernädigste
648 985 90 27 Kejsare
753 984 40 22 och
810 984 125 22 Storfurste.

268 1040 34 22 Dä
317 1041 102 21 Finlands
435 1042 87 21 ständer
537 1042 68 21 under
616 1042 91 21 förlidna
716 1042 112 21 december
837 1041 76 21 mänad
922 1041 28 27 pä
956 1041 70 22 Eders

198 1068 122 28 Kejserliga
335 1069 112 27 Majestäts
463 1070 86 22 kallelse
564 1070 139 22 församlades
717 1070 31 22 till
763 1071 42 21 den
821 1070 107 26 landtdag,
939 1076 47 15 som
997 1076 29 15 nu

198 1097 53 21 skall
275 1097 96 27 afslutas,
392 1098 104 22 framstod
519 1099 35 21 det
569 1098 33 22 för
625 1099 47 21 dem
696 1099 71 21 såsom
784 1105 26 15 en
827 1098 130 27 oeftergiflig
972 1098 55 27 plikt

197 1128 32 19 att
251 1126 114 22 hänvända
391 1127 34 27 sig
449 1127 32 21 till
505 1127 24 21 E.
554 1128 26 20 K.
596 1128 27 20 M.
641 1128 48 21 med
711 1134 27 15 en
762 1127 135 27 underdänig
912 1126 113 22 framställ-

198 1154 54 27 ning
276 1161 35 14 om
335 1155 186 27 nödvändigheten
543 1156 23 21 af
587 1156 36 21 det
648 1156 189 27 grundlagsenliga
860 1156 166 26 styrelsesättets

197 1182 193 28 äterupprättande
411 1183 39 22 och
474 1184 40 21 den
537 1184 78 27 lagliga
629 1185 132 26 ordningens
776 1184 158 21 äterställande.
964 1184 62 21 Stän-

197 1211 67 22 derna
280 1211 95 22 uttalade
397 1212 33 27 sig
445 1213 103 26 därjämte
563 1219 35 15 om
615 1213 26 21 de
655 1213 106 26 ätgärder,
777 1219 46 15 som
840 1212 33 21 för
889 1212 57 21 detta
962 1213 64 20 ända-

196 1239 44 22 mål
256 1239 135 22 erfordrades
407 1241 40 21 och
461 1241 24 21 af
497 1241 71 21 hvilka
575 1247 26 15 en
613 1241 39 25 del,
666 1242 67 26 enligt
741 1241 127 22 ständernas
876 1241 70 22 tanke,
954 1241 72 21 kunde

198 1268 39 21 och
254 1269 67 21 borde
337 1269 134 22 omedelbart
483 1270 102 27 vidtagas,
605 1270 76 21 medan
698 1271 26 20 de
739 1269 74 28 öfriga,
831 1270 71 21 säsom
918 1269 108 22 beroende

196 1296 24 21 af
234 1296 157 23 förberedande
406 1298 95 26 arbeten,
516 1298 54 21 efter
585 1298 57 21 hand
656 1299 73 21 kunde
743 1299 88 20 komma
846 1298 31 21 till
893 1298 68 21 ständ.

267 1325 76 22 Under
365 1327 98 20 normala
486 1326 146 22 förhällanden
655 1333 50 21 eger
727 1327 251 26 folkrepresentationen,
1000 1327 27 21 dä

196 1353 42 22 den
262 1354 84 21 skrider
368 1355 32 20 till
423 1354 135 28 fullgörande
580 1355 23 22 af
616 1356 47 21 sina
678 1355 117 28 uppgifter,
811 1355 115 27 obetingad
942 1355 83 22 visshet

197 1382 82 26 därom,
295 1384 32 20 att
341 1383 198 27 regeringsmakten
560 1383 84 22 utöfvas
659 1385 7 20 i
681 1384 94 27 enlighet
791 1384 48 21 med
855 1383 170 22 konstitutionen

196 1413 58 18 samt
268 1412 33 20 att
316 1411 83 22 säledes
415 1412 26 21 de
456 1419 42 20 nya
512 1412 65 27 lagar,
593 1413 6 20 i
615 1412 82 22 hvilkas
713 1412 102 22 stiftande
826 1412 199 27 representationen

196 1440 24 20 är
235 1439 72 22 kallad
321 1442 33 19 att
375 1440 91 27 deltaga,
482 1441 95 21 ansluter
593 1441 33 27 sig
641 1441 31 21 till
688 1447 25 15 en
730 1441 43 21 fast
787 1441 149 26 rättsordning
953 1441 73 20 äfven-

196 1473 46 15 som
258 1469 34 20 att
307 1468 140 22 statsvärkets
463 1468 113 28 tillgängar
591 1470 108 20 användas
715 1469 31 21 till
762 1469 84 21 landets
858 1475 62 21 gagn.
950 1469 77 21 Denna

195 1494 156 30 förutsättning
373 1496 34 22 för
422 1499 32 20 ett
477 1498 91 21 normalt
585 1498 189 27 landtdagsarbete
797 1498 113 26 saknades,
926 1497 26 22 dä
968 1499 57 20 stän-
