1109 1742
80 117 25 17 97
114 117 43 21 jan.
377 116 111 17 Särskilda
499 116 120 20 petitioner.
865 108 41 22 553

150 185 33 21 Hr
206 185 154 27 Rengvist
384 184 72 22 anhöll
479 190 35 15 om
536 184 62 22 ordet
621 184 40 21 och
680 184 94 27 yttrade:
799 184 59 21 Minä
872 190 36 15 us-

81 213 70 22 kallan
174 213 106 26 ehdottaa,
301 215 45 20 että
360 213 68 21 koska
443 215 57 19 tämä
515 212 183 22 anomusehdotus
714 218 28 16 on
758 212 65 21 toista
837 212 72 22 laatua

82 242 51 21 kuin
156 244 68 24 muut,
244 248 24 16 se
288 242 151 21 lähetettäisiin
455 248 92 15 suoraan
563 241 158 21 valiokuntaan.
751 240 157 22 Valiokuntaan

82 270 151 22 lähettäminen
249 271 19 21 ei
283 270 47 22 olisi
346 270 119 22 mielestäni
480 270 138 22 ristiriidassa
634 270 79 27 säädyn
730 269 110 22 vastikään
851 269 58 21 teke-

82 300 49 20 män
147 299 117 27 päätöksen
279 299 84 21 kanssa.

152 357 33 21 Hr
201 356 194 22 Söderholm:
418 356 97 22 Emedan
530 356 8 21 i
553 356 59 22 detta
626 355 81 27 förslag
722 357 23 19 är
760 355 60 27 fräga
830 362 35 15 om
878 356 32 20 ett

84 385 224 27 lagstiftningsarbete,
331 384 69 22 skulle
420 385 38 27 jag
480 384 33 22 för
535 385 44 21 min
601 384 34 22 del
656 384 81 22 föreslä
754 384 156 27 bordläggning

84 414 28 27 pä
134 420 82 15 samma
236 415 48 24 sätt,
308 420 46 16 som
378 414 86 21 ständet
484 413 91 27 tidigare
594 413 89 21 beslutit
698 412 130 22 beträffande
843 412 67 22 andra

83 443 121 27 petitioner.

153 500 33 21 Hr
202 500 74 21 Latva
312 500 146 21 understödde
472 499 25 21 hr
540 499 128 27 Rengvists
702 498 86 27 förslag.

154 557 34 21 Hr
203 557 162 21 Lindroos:
388 557 64 21 Juuri
467 556 58 22 niillä
540 556 66 28 syillä,
619 556 62 27 jotka
696 556 24 21 hr
732 556 104 26 Rengvist
846 555 64 25 esitti,

86 586 100 21 tahtoisin
216 585 106 26 ehdottaa,
348 587 44 19 että
417 585 184 22 anomusehdotus
626 584 150 22 lähetettäisiin
803 584 107 22 lakivalio-

84 614 101 22 kuntaan.

155 672 32 20 Hr
202 671 163 21 Lundenius
400 670 101 22 förenade
517 671 33 27 sig
565 671 48 21 med
629 671 25 21 hr
671 670 131 22 Söderholm.

156 729 32 21 Hr
211 728 107 22 Ansas:
344 728 56 22 Minä
420 728 84 28 pyydän
526 728 66 22 saada
610 728 116 22 kannattaa
744 728 39 21 hra
798 726 112 22 Söderhol-

87 757 47 21 mia.
166 757 34 22 On
222 757 127 27 täydellinen
371 757 91 27 erehdys
483 757 115 26 luulotella,
619 758 44 20 että
682 758 58 20 tämä
758 762 90 15 anomus
864 755 48 21 olisi

86 786 122 21 laadultaan
229 786 71 21 eriävä
319 786 79 21 muista
416 788 38 25 nyt
476 786 97 27 pöydälle
592 785 121 27 pantaviksi
728 784 117 28 esitetyistä
860 790 51 15 ano-

87 814 203 22 musehdotuksista.

156 872 156 21 Diskussionen
323 871 132 22 förklarades
466 871 52 22 härä
528 871 98 26 afslutad,
637 870 107 23 hvarefter
755 871 24 21 hr
790 870 122 22 talmannen

87 901 32 20 till
134 901 97 20 ständets
240 901 134 20 besvarande
384 899 124 22 framstälde
518 900 93 27 följande
622 899 290 28 omröstningsproposition:

156 957 38 25 De,
211 957 74 21 hvilka
300 957 55 28 vilja
370 957 114 21 remittera
498 964 33 14 nu
546 957 172 27 ifrägavarande
727 956 186 28 petitionsmemo-

88 986 45 21 rial
148 985 35 22 till
198 986 144 27 lagutskottet,
357 987 59 20 rösta
427 986 40 27 ja;
483 986 32 27 de,
530 986 36 21 det
577 985 45 22 icke
638 985 61 28 vilja,
714 987 59 19 rösta
788 985 49 27 nej;

157 1031 79 22 vinner
252 1032 41 27 nej,
308 1032 41 21 har
359 1031 87 21 ständet
456 1031 89 22 beslutit
555 1031 116 28 bordlägga
683 1031 89 21 ärendet
782 1031 36 21 till
827 1036 87 15 samma

85 1061 94 28 plenum
194 1067 47 14 som
256 1060 73 28 öfriga
345 1060 9 21 i
368 1060 42 27 dag
425 1060 133 28 föredragna
570 1059 228 28 petitionsmemorial.

157 1117 50 22 Med
227 1117 157 27 öfvervägande
402 1117 32 27 nej
452 1117 70 22 beslöt
537 1117 86 22 ständet
637 1117 118 27 bordlägga
770 1115 145 28 föreliggande

89 1146 79 21 ärende
183 1146 31 21 till
228 1145 68 22 första
310 1146 88 27 plenum
414 1148 49 19 näst
478 1145 53 22 efter
542 1146 41 26 det,
594 1146 28 21 dä
632 1146 115 21 ständerna
757 1145 39 21 fätt
808 1147 108 24 emottaga

90 1181 48 15 svar
154 1175 12 21 å
181 1175 117 26 petitionen
314 1181 34 15 om
365 1175 41 21 den
422 1175 79 26 lagliga
516 1175 131 26 ordningens
660 1174 150 21 återställande
820 1173 7 21 i
837 1173 78 21 landet.

158 1313 121 26 Föredrogs
294 1312 26 21 hr
336 1312 138 21 Winters
490 1319 28 14 m.
532 1312 21 21 fl.
569 1313 35 21 vid
616 1312 87 27 plenum
715 1312 40 21 den
766 1312 28 21 20
805 1311 111 22 december

90 1341 56 21 1904
158 1341 70 21 härtill
244 1341 131 27 bordlaggda
385 1341 184 27 petitionsförslag
579 1347 35 15 om
625 1341 111 27 byggande
746 1340 23 22 af
777 1347 26 15 en
811 1341 106 27 järnväg

90 1369 46 22 frän
152 1369 94 22 Värtsilä
268 1369 70 22 banan
361 1369 32 21 till
414 1369 94 22 Nurmes
530 1369 85 28 köping,
634 1369 40 22 och
693 1369 43 21 blef
752 1369 118 21 detsamma
889 1368 29 27 pä

90 1398 25 21 hr
137 1398 135 21 Winters
295 1397 81 28 förslag
398 1398 129 27 bordlaggdt
550 1398 31 21 till
596 1404 82 15 samma
693 1398 85 27 plenum
798 1403 45 16 som
862 1397 54 21 före-

90 1427 82 26 gäende
186 1427 84 21 ärende.
