1114 1770
74 130 27 16 14
115 129 59 21 april.
384 129 129 17 Utskottens
527 129 79 17 arbete.
864 123 41 20 961

77 198 132 26 nödvändigt
230 200 32 19 att
282 197 76 28 pröfva
373 197 104 22 särskilda
491 197 74 28 frågor
580 197 23 22 af
616 197 119 28 principiell
750 200 64 19 natur
829 197 78 22 beträf-

77 227 63 21 fande
156 227 41 20 den
213 229 108 19 närmaste
336 226 126 21 framtidens
475 226 212 27 järnvägsprogram.
718 227 10 20 I
744 226 163 21 betänkandena

76 255 39 21 har
138 255 71 22 därför
229 255 80 27 jämväl
330 254 77 22 införts
431 255 116 27 utredning
569 255 40 21 och
631 255 84 21 berörts
738 255 132 27 synpunkter
886 253 23 23 af

76 284 131 21 allmännare
229 284 92 21 intresse
344 285 27 19 än
392 285 32 20 ett
446 283 71 22 direkt
539 290 49 15 svar
604 283 27 27 på
646 284 27 21 de
688 283 97 22 enskilda
800 283 106 28 frågorna,

77 311 86 22 hvarför
185 312 109 21 desamma
316 312 36 21 vid
374 314 31 19 ett
427 312 55 27 ånyo
498 312 137 27 upptagande
650 311 23 22 af
687 312 110 21 enahanda
812 312 94 21 ärenden

77 341 36 21 vid
135 347 27 15 en
185 341 127 21 kommande
334 341 103 26 landtdag
459 341 72 21 kunna
554 340 63 22 hafva
640 341 65 21 värde
727 341 71 21 såsom
818 344 31 18 ett
863 340 43 22 för-

76 369 123 22 beredande
215 369 95 22 material
327 369 7 21 i
350 369 72 22 saken.

146 398 50 21 Med
218 398 85 21 hänsikt
318 398 32 21 till
370 397 57 22 hvad
442 398 91 21 sålunda
553 397 82 22 anförts
652 398 39 21 och
708 398 32 25 då,
755 398 72 21 såsom
842 397 64 22 fram-

76 426 79 26 hållits,
170 427 163 21 betänkandena
348 426 107 21 allaredan
472 429 37 19 äro
524 426 147 28 tryckfärdiga,
688 427 38 21 har
747 427 105 21 utskottet
862 426 45 21 vid-

76 455 56 27 tagit
147 455 75 27 åtgärd
238 456 80 23 därom,
334 456 31 20 att
380 455 50 21 dess
453 455 149 21 betänkanden
618 462 34 14 n:o
665 456 13 20 2
694 455 40 21 och
749 461 33 15 n:o
794 455 13 21 3
823 455 83 27 tryckas

77 484 8 21 i
100 484 36 21 det
160 484 63 26 skick,
239 484 7 21 i
261 483 79 21 hvilket
363 484 26 20 de
412 490 29 14 nu
464 483 108 28 föreligga,
587 484 101 21 försedda
710 484 49 21 med
778 484 129 26 anteckning

76 512 83 26 därom,
182 514 31 20 att
234 512 74 27 slutlig
320 512 109 27 justering
451 512 46 22 icke
521 512 57 22 skett
600 512 111 22 äfvensom
734 514 32 20 att
780 513 7 21 i
803 512 103 22 särskilda

78 541 92 27 punkter
186 541 97 21 anmälda
298 541 156 21 reservationer
470 541 7 21 i
492 541 116 27 anledning
623 541 22 21 af
658 541 142 27 landtdagens
820 541 87 27 upplös-

77 570 54 27 ning
145 570 46 21 icke
210 570 76 21 hunnit
300 569 98 27 ingifvas,
414 572 57 18 samt
485 572 32 19 att
532 570 41 21 den
589 570 83 27 tryckta
687 570 107 27 upplagan
810 570 96 20 kommer

77 600 32 20 att
129 598 33 22 till
183 598 212 22 ständerbiblioteket
417 598 143 22 öfverlämnas
575 598 32 22 för
623 600 32 20 att
670 605 52 15 vara
736 598 32 22 för
783 598 124 27 landtdags-

77 629 50 19 män
149 627 119 27 tillgänglig
290 626 39 22 och
350 626 35 22 vid
400 628 63 20 nästa
478 627 102 27 landtdag
595 627 34 21 stå
645 627 31 21 till
692 627 160 21 vederbörande
874 629 33 19 ut-

78 656 72 21 skotts
165 655 131 28 förfogande.

311 724 31 21 På
355 724 220 27 järnvägsutskottets
591 726 90 25 vägnar:

390 792 89 28 August
494 792 105 28 Ramsay.

619 861 23 17 K.
655 861 23 18 R.
691 867 17 12 v.
721 861 119 18 Willebrand.

151 1039 34 21 Dä
207 1039 63 27 ingen
294 1039 72 21 vidare
387 1039 96 21 önskade
505 1041 57 26 yttra
585 1040 38 26 sig,
638 1039 131 22 förklarades
792 1039 118 22 diskussio-

82 1074 41 15 nen
139 1067 98 26 afslutad,
252 1067 106 22 hvarefter
374 1068 87 21 ständet
476 1068 27 27 pä
518 1068 25 21 hr
560 1068 133 21 talmannens
709 1067 156 28 framställning
876 1068 35 21 be-

82 1097 43 20 slöt
139 1099 31 18 att
186 1097 21 20 ät
222 1096 99 27 samtliga
336 1096 89 25 utskott,
441 1097 66 21 innan
523 1097 26 21 de
560 1097 108 24 ätskildes,
684 1097 51 20 eller
746 1097 73 21 därest
834 1097 76 21 sädant

82 1125 66 21 redan
171 1125 61 25 skett,
255 1125 21 21 ät
298 1125 123 21 utskottens
445 1125 144 22 ordföranden
608 1125 111 27 uppdraga
734 1127 31 20 att
780 1125 31 22 till
827 1125 85 27 expedi-

83 1153 164 22 tionsutskottet
269 1153 131 22 öfverlämna
423 1154 59 21 inom
505 1154 111 21 utskotten
631 1154 111 21 tillkomna
756 1153 155 22 förberedande

83 1182 149 21 betänkanden
254 1182 40 21 och
316 1182 125 21 utlätanden
462 1183 68 26 jämte
551 1185 66 18 annat
636 1183 102 25 material,
753 1182 32 21 för
801 1183 70 21 sävidt
885 1183 26 20 de

83 1210 94 22 befunne
192 1211 52 26 sig
235 1206 12 36 i
263 1211 76 21 sädant
347 1211 64 25 skick,
422 1213 33 19 att
465 1211 27 21 de
500 1211 71 21 kunde
587 1211 31 21 till
633 1211 60 27 tryck
708 1211 116 26 befordras,
840 1211 72 21 äfven-

84 1245 46 16 som
147 1240 92 21 anmoda
259 1239 241 27 expeditionsutskottet
515 1241 31 20 att
561 1239 122 27 ombesörja
698 1240 62 21 dessa
774 1240 138 27 handlingars

83 1268 115 27 tryckning
211 1267 33 22 för
260 1270 31 19 att
306 1268 72 21 säsom
392 1268 81 27 bihang
488 1268 60 27 fogas
563 1269 33 20 till
611 1268 273 27 landtdagshandlingarna.

156 1445 56 21 Från
228 1445 163 22 bankutskottet
406 1445 55 21 hade
477 1446 69 27 ingått
562 1452 26 15 en
605 1446 115 27 sälydande
735 1446 122 22 skrifvelse:

825 1554 21 18 61
