1109 1761
70 124 12 17 7
93 127 63 13 mars.
243 122 303 22 Värnepliktsförfattningens
559 122 174 22 genomförande.
858 117 40 21 681

72 192 40 22 den
127 191 58 22 förra
200 192 234 26 generalguvernörens
447 191 7 21 i
467 192 48 21 vårt
524 191 52 21 land
586 191 129 27 tillämpade,
726 191 32 21 till
767 191 51 22 våra
830 192 72 26 lagars

72 220 39 22 och
126 220 38 22 vår
184 220 144 22 nationalitets
350 220 138 27 fullständiga
503 220 187 27 undertryckande
706 219 98 27 syftande
819 220 81 27 politik.

73 248 112 28 Besjälade
206 248 22 22 af
246 255 82 15 samma
350 248 64 28 hopp,
436 248 96 22 uttalade
552 249 34 27 sig
606 248 65 22 också
685 248 84 22 landets
785 248 119 28 höglofliga

74 278 86 21 ständer
176 278 32 20 uti
227 278 41 21 den
285 279 59 20 stora
359 277 118 27 petitionen
494 276 132 22 beträffande
642 277 100 26 åtgärder
757 276 33 22 för
805 278 41 20 den
856 277 46 26 lag-

73 306 43 27 liga
131 306 131 27 ordningens
278 306 151 21 återställande
444 306 6 20 i
466 305 73 22 landet
554 306 28 21 bl.
597 312 28 15 a.:
638 305 47 21 »Då
694 305 75 27 frågan
780 312 35 15 om
826 307 76 20 värne-

73 335 81 26 plikten
165 335 7 20 i
183 335 91 21 Finland
290 334 38 21 och
344 334 88 21 därmed
443 334 212 27 sammanhängande
666 334 178 27 angelägenheter
856 334 48 21 icke

73 363 82 22 kunnat
170 363 67 22 vinna
256 369 26 15 en
304 363 80 21 hållbar
402 363 87 27 lösning
504 369 78 21 genom
597 362 153 27 författningen
766 362 23 22 af
802 363 23 22 år
840 363 62 26 1901,

74 392 39 26 och
133 392 27 21 då
178 392 37 21 det
230 391 32 22 för
278 391 111 22 samhället
403 392 7 21 i
426 392 50 21 dess
492 391 72 22 helhet
580 393 23 20 är
619 391 173 27 oundgängligen
808 392 96 21 nödvän-

75 419 50 28 digt,
140 423 32 19 att
191 421 123 26 ytterligare
335 419 113 22 konflikter
465 420 40 21 och
524 420 93 27 olyckor,
639 426 46 15 som
702 420 107 27 uppstode
824 426 78 22 genom

75 449 72 22 vidare
168 449 136 27 tillämpning
323 448 23 22 af
366 449 66 27 sagda
454 449 133 27 författning,
608 449 67 21 måtte
695 448 134 28 förebyggas,
849 449 55 26 våga

76 478 114 21 ständerna
213 479 87 24 emotse,
321 479 31 20 att
374 478 68 21 Eders
464 477 120 28 Kejserliga
602 477 101 27 Majestät
718 477 81 22 täcktes
814 478 8 21 i
836 477 68 22 nåder

75 506 107 27 förordna,
198 509 32 19 att
245 507 160 26 tillämpningen
422 505 22 22 af
458 507 41 20 den
516 505 264 28 värneplitksförfattning,
801 512 46 15 som
870 507 33 20 ut-

75 535 81 22 färdats
179 535 41 22 den
245 535 26 21 12
291 535 41 26 juli
354 535 36 27 (29
406 535 56 27 juni)
485 535 61 24 1901,
562 535 54 21 skall
632 541 76 20 genom
726 535 132 21 omedelbart
872 535 32 20 in-

77 564 104 21 ställande
196 563 24 22 af
232 563 114 27 uppbåden
365 563 103 27 upphöra,
483 563 32 22 till
530 564 51 21 dess
596 565 32 20 att
643 563 75 27 frågan
734 570 34 15 om
784 563 121 27 värneplikt

76 592 5 21 i
98 592 91 22 Finland
204 592 69 22 blifvit
288 592 7 20 i
311 592 175 27 grundlagsenlig
500 594 42 24 väg
557 591 90 28 afgjord,
662 594 56 19 samt
733 594 31 19 att
779 592 26 21 de
815 592 7 21 i
832 591 74 22 anled-

76 622 52 26 ning
148 621 24 21 af
192 621 53 21 1901
265 621 34 21 års
315 620 125 27 författning
456 620 34 22 för
506 620 146 22 uteblifvande
666 620 47 22 från
729 621 88 27 uppbåd
832 620 51 22 eller
898 620 8 21 i

77 649 63 27 öfrigt
162 649 34 21 för
211 649 164 27 författningens
391 649 167 27 genomförande
574 649 108 27 påbjudna
697 648 103 28 påföljder
816 648 91 22 förfalla.

78 678 45 22 Och
138 678 28 22 då
180 678 147 27 provisoriska
342 678 98 27 åtgärder
456 678 73 21 kunna
545 684 51 15 vara
611 677 23 22 af
647 678 70 21 nöden
734 678 68 21 under
817 678 40 22 den
869 677 37 26 tid,

78 713 45 15 som
144 706 88 22 förlider
253 707 31 21 till
305 707 49 21 dess
370 706 153 28 militärfrågan
539 707 77 21 varder
632 706 92 27 lagligen
740 706 87 26 ordnad,
844 706 62 22 torde

77 736 65 27 nådig
161 736 135 27 proposition
312 735 110 27 angående
444 736 80 21 sådana
543 735 106 27 åtgärder,
666 742 46 14 som
728 735 18 27 ej
763 735 90 21 kunna
844 731 15 36 i
869 735 38 21 ad-

75 764 131 21 ministrativ
218 766 41 25 väg
269 764 102 27 vidtagas,
382 763 21 22 få
413 764 22 21 af
443 764 131 27 landtdagen
590 766 112 19 emotses.»
720 764 49 21 Man
786 764 54 21 hade
850 763 56 27 förty

75 793 80 26 jämväl
177 794 73 19 väntat
272 793 38 26 sig,
331 794 31 19 att
383 792 83 21 landets
486 792 155 27 myndigheter,
657 792 24 21 så
696 792 66 27 högre
777 798 47 15 som
840 792 66 26 lägre,

79 821 68 21 skulle
168 821 63 21 hafva
254 821 56 27 gjort
333 821 54 21 hvad
402 821 7 21 i
425 821 63 21 deras
509 821 97 27 förmåga
622 821 58 25 stått,
695 821 33 21 för
743 823 31 19 att
790 827 26 15 en
832 820 52 21 hvar
900 820 7 21 i

79 850 32 21 sin
127 850 48 21 stad
191 849 103 27 befrämja
308 849 162 22 återställandet
485 849 23 22 af
517 849 77 28 lagliga
604 849 147 22 förhållanden
762 849 6 21 i
779 850 59 21 detta
850 849 56 21 land.

78 879 39 20 Att
133 879 24 20 så
172 878 63 21 likväl
255 878 45 21 icke
323 878 62 26 skett,
401 878 72 21 därom
498 879 51 20 bära
571 878 77 26 många
664 878 26 21 de
706 880 84 19 senaste
811 878 95 21 tidernas

78 906 114 22 händelser
207 906 70 22 alltför
293 906 79 28 tydliga
387 906 141 22 vittnesbörd.

148 935 106 22 Särskildt
269 937 23 19 är
314 936 35 20 det
367 937 31 19 ett
412 936 94 25 område,
522 936 12 20 å
549 935 81 21 hvilket
646 935 152 27 myndigheter,
814 935 6 21 i
836 934 72 22 stället

79 964 33 20 för
127 966 32 19 att
178 964 58 21 hälst
250 964 7 20 i
272 964 70 26 någon
362 964 48 20 mån
426 963 71 22 afvika
512 963 49 22 från
578 964 40 21 den
634 964 91 27 tidigare
740 963 65 27 följda
820 962 87 22 ordnin-

80 998 46 21 gen,
141 992 64 22 hafva
220 997 15 17 t.
250 999 19 14 o.
285 999 27 14 m.
328 998 45 16 mer
392 993 123 26 uppenbart
530 994 26 20 än
572 992 44 22 förr
632 992 76 22 skridit
722 992 32 22 till
770 992 92 27 olagliga
876 991 32 21 åt-

80 1021 76 27 gärder
171 1021 6 21 i
193 1021 55 27 syfte
269 1023 31 19 att
322 1020 148 28 genomdrifva
492 1022 46 20 sina
554 1022 28 26 på
597 1020 166 28 missuppfattad
775 1021 54 27 plikt
843 1026 65 21 grun-

80 1050 53 21 dade
152 1049 94 22 afsikter.
277 1050 26 20 Vi
324 1049 56 27 syfta
399 1050 89 21 härmed
507 1050 28 26 på
550 1052 172 25 guvernörernas
738 1049 72 21 försök
825 1051 32 19 att
872 1054 36 21 ge-

80 1084 49 15 nom
135 1077 123 29 förelaggda
265 1078 57 21 viten
330 1078 72 27 tvinga
411 1078 83 22 landets
500 1078 128 22 kommuner
635 1078 51 22 eller
693 1078 74 22 dessas
774 1077 134 22 förtroende-

80 1109 48 19 män
149 1107 31 21 till
196 1107 128 22 medvärkan
340 1106 33 22 för
388 1106 162 28 tillämpningen
568 1106 22 22 af
603 1107 41 21 den
661 1107 91 27 olagliga
767 1106 142 27 värneplikts-

82 1135 61 27 lagen
164 1135 22 22 af
204 1136 41 21 den
268 1136 26 20 12
307 1135 41 27 juli
369 1136 61 20 1901.
460 1136 44 21 Det
525 1136 62 21 torde
602 1142 52 15 vara
675 1135 134 27 öfverflödigt
824 1136 31 20 att
870 1134 40 21 här

82 1164 131 27 ådagalägga
234 1164 63 21 dessa
316 1164 110 26 åtgärders
446 1164 126 27 lagstridiga
589 1164 105 21 karaktär.
724 1164 42 21 Det
781 1163 62 22 torde
858 1169 52 15 vara

82 1199 49 20 nog,
152 1195 32 19 att
199 1193 21 20 vi
238 1193 71 20 erinra
331 1193 79 25 därom,
433 1193 116 21 huruledes
566 1194 165 25 guvernörerna,
747 1193 37 20 där
800 1192 26 21 de
842 1191 68 21 önska

83 1223 109 25 gentemot
207 1221 127 21 kommuner
349 1221 98 27 begagna
462 1221 34 21 sin
511 1223 44 20 rätt
566 1223 31 19 att
608 1223 81 19 utsätta
699 1221 64 26 viten,
774 1223 36 19 äro
821 1220 88 21 berätti-

83 1250 53 27 gade
156 1249 95 22 hvarken
273 1249 31 22 till
324 1251 31 20 att
374 1250 120 21 bestämma
509 1250 63 21 dessa
589 1250 56 21 viten
661 1249 32 22 till
708 1249 65 28 högre
788 1249 78 27 belopp
882 1250 27 19 än

82 1279 56 21 hvad
153 1278 77 21 allmän
246 1278 35 27 lag
302 1278 90 27 stadgar,
408 1278 18 27 ej
440 1278 67 22 häller
528 1279 32 20 till
578 1280 32 19 att
624 1279 98 26 begagna
737 1279 69 20 denna
820 1279 44 20 rätt
878 1278 32 19 att

82 1307 74 27 tvinga
170 1307 127 21 kommuner
312 1307 51 21 eller
378 1307 74 21 dessas
468 1307 174 21 förtroendemän
658 1307 32 21 till
706 1309 64 19 annat
780 1309 26 18 än
818 1306 31 21 till
861 1305 49 21 full-

83 1335 94 27 görande
198 1335 22 22 af
242 1335 47 21 dem
308 1335 85 27 jämlikt
410 1335 35 27 lag
465 1336 51 21 eller
532 1335 78 28 lagliga
629 1335 149 27 förordningar
797 1334 114 27 åliggande

83 1363 115 28 uppgifter.

152 1392 75 22 Såsom
248 1393 65 21 redan
335 1393 95 24 nämdes,
450 1394 38 20 äro
504 1393 64 21 dessa
583 1393 58 21 viten
662 1392 92 21 anlitade
777 1392 31 21 till
827 1391 84 22 nående

82 1421 22 20 af
117 1423 31 19 ett
166 1421 104 27 syftemål,
285 1421 80 21 hvilket
379 1421 17 26 ej
414 1421 45 21 står
474 1421 7 21 i
496 1421 98 21 harmoni
610 1421 48 21 med
674 1421 101 21 Finlands
791 1421 65 26 lagar,
871 1419 40 21 och

82 1449 70 21 därtill
169 1449 103 26 kommer,
282 1451 32 19 att
329 1450 26 21 de
370 1451 37 19 äro
424 1451 82 19 utsatta
520 1450 18 26 ej
556 1450 55 20 blott
626 1449 136 27 godtyckligt,
778 1451 51 18 utan
845 1449 66 26 ytter-

81 1483 59 16 mera
160 1477 93 27 oskäligt
273 1477 61 27 höga.
363 1477 66 22 Detta
449 1477 161 28 förfaringssätt
632 1477 38 21 har
685 1477 94 21 fortfarit
794 1479 57 19 ännu
867 1481 44 15 me-

81 1506 41 21 dan
138 1505 129 28 landtdagen
285 1506 54 21 varit
354 1506 81 21 samlad
451 1506 40 21 och
507 1506 112 21 dessutom
635 1505 63 22 hafva
714 1512 40 21 nya
769 1505 79 22 former
864 1503 47 22 blif-
