1125 1811
226 135 55 21 1652
475 140 178 22 Borgareståndet
666 142 59 16 1882.
752 142 28 16 30
793 141 49 21 maj.

221 209 97 27 jurister,
334 208 124 22 framhåller
474 209 70 27 också,
560 210 32 20 att
607 208 94 22 finskans
715 209 139 27 fullständiga
864 209 112 22 införande
987 210 70 22 såsom

225 238 135 26 kurialspråk
384 240 56 19 ännu
463 238 67 21 under
552 238 69 26 någon
643 238 30 21 tid
697 237 79 22 framåt
792 240 25 19 är
833 238 99 22 förenadt
948 238 48 22 med
1011 239 46 21 icke

224 267 61 27 ringa
300 267 113 27 praktiska
429 266 133 27 svårigheter
577 266 109 22 äfvensom
702 269 33 19 att
750 266 164 27 ifrågavarande
929 267 79 22 reform
1020 274 37 14 un-

223 296 39 20 der
278 302 25 14 en
319 295 32 21 tid
366 295 78 20 framåt
460 296 84 19 komme
559 298 32 18 att
606 295 111 20 förorsaka
733 295 178 26 bristfälligheter
926 296 7 21 i
948 296 109 26 åtskilliga

223 324 131 21 domstoiars
369 323 69 22 finska
454 323 145 27 expeditioner
614 323 40 22 och
670 326 32 18 att
717 324 163 27 svårigheterna
896 324 34 21 vid
941 325 116 21 reformens

224 352 168 27 genomförande
415 352 19 26 ej
450 352 72 21 kunna
538 352 27 26 på
580 352 69 27 någon
667 352 48 21 kort
730 352 32 21 tid
779 352 151 26 undanrödjas.
961 353 50 21 Med
1027 353 31 20 af-

223 381 79 21 seende
323 381 52 20 härå
398 381 39 20 och
461 381 27 20 då
509 381 37 26 jag
569 381 68 21 tillika
653 381 68 20 måste
738 380 57 22 fästa
811 381 39 21 den
867 383 80 20 största
963 382 44 26 vigt
1023 381 34 21 vid

224 410 61 21 detta
307 409 118 22 utskottets
448 409 110 22 uttalande
580 412 109 24 gentemot
705 412 169 23 reservanterne,
890 410 77 24 hvilka,
984 411 27 26 på
1027 412 31 19 ett

224 439 109 25 undantag
357 439 44 24 när,
425 437 61 22 torde
508 444 50 15 vara
580 438 81 21 mindre
677 438 137 21 bevandrade
830 438 6 21 i
853 439 204 25 domstolsärenden,

223 473 64 14 anser
309 466 62 22 äfven
392 467 37 26 jag
452 467 40 20 den
513 467 119 26 föreslagna
647 467 185 26 språkreformens
847 467 136 21 omedelbara
999 467 58 26 afgö-

224 495 66 21 rande
307 501 50 15 vara
373 496 83 20 mindre
472 495 33 21 väl
522 496 87 20 betänkt
626 495 47 21 med
689 495 81 27 hänsyn
788 495 33 21 till
837 496 139 21 rättsvården.
1009 496 48 21 Med

224 524 41 21 den
282 524 118 21 kännedom
416 524 36 27 jag
468 531 50 20 eger
534 530 33 15 om
584 525 82 20 landets
677 524 207 21 rättsförhållanden
895 528 35 17 vet
937 525 38 26 jag
986 525 69 24 äfven,

225 555 32 18 att
280 552 103 21 behofvet
405 553 22 21 af
448 552 68 21 finska
538 553 106 26 protokoll
660 553 33 20 för
711 552 39 21 den
768 556 61 18 stora
846 559 84 15 massan
945 553 23 21 af
982 553 74 23 folket,

224 582 129 21 åtminstone
376 582 28 26 på
426 581 109 26 åtskilliga
558 584 63 21 orter,
645 581 46 21 icke
713 583 24 19 är
753 582 25 21 så
793 584 63 22 stort,
872 588 45 15 som
934 588 47 15 man
987 577 12 35 i
1019 582 38 21 all-

224 610 87 20 mänhet
327 610 57 20 velat
399 610 62 26 påstå
477 610 35 20 det
528 616 55 14 vara.
614 610 49 21 Men
679 609 27 21 då
721 609 103 21 bemälda
839 610 94 21 utskotts
947 610 110 27 pluralitet

223 638 120 22 emellertid
361 641 71 19 ansett
448 638 104 21 reformen
568 639 71 21 kunna
655 638 142 26 genomföras,
814 638 36 21 vill
864 639 37 26 jag
916 640 39 23 tro,
972 641 32 19 att
1020 639 35 21 det

223 669 26 19 är
264 666 89 27 möjligt.
384 667 40 26 Jag
440 667 94 21 ansluter
551 668 40 25 mig
607 667 54 21 dock
677 667 31 21 till
726 667 50 21 herr
787 666 107 22 Grönviks
905 668 151 20 reservations-

224 696 31 20 vis
278 695 133 21 framställda
426 696 91 26 mening,
549 696 44 21 Och
617 696 26 20 då
661 695 42 27 jag,
720 696 6 20 i
743 696 69 20 likhet
828 696 47 21 med
892 696 48 21 herr
955 695 101 27 Grönvik,

224 724 47 21 icke
294 724 68 21 finner
385 724 35 21 det
436 725 80 25 nödigt,
532 727 31 18 att
579 724 120 22 Ständerna
715 724 6 21 i
738 724 61 22 detta
815 724 37 22 sitt
868 724 110 22 utlåtande
1001 730 54 21 upp-

223 755 53 25 göra
301 752 80 27 förslag
399 753 33 21 till
448 753 114 26 ändringar
578 753 5 20 i
599 752 210 27 lagförslagstexten,
826 753 37 21 ber
877 753 37 26 jag
929 755 32 19 att
977 752 21 22 få
1014 753 41 21 för-

225 782 52 20 orda
293 782 131 25 antagandet
436 782 22 20 af
473 782 49 20 herr
536 781 106 22 Grönviks
657 782 132 21 reservation
807 782 48 21 med
871 782 36 21 det
918 782 81 26 tillägg,
1009 788 45 15 som

224 809 50 22 herr
289 809 96 22 Grönvik
400 810 122 21 sedermera
538 810 61 27 gjort.

295 885 54 21 Herr
365 884 168 26 Clouberg:
558 885 55 20 Herr
629 884 111 21 Molander
762 884 87 27 yttrade
865 884 6 21 i
886 885 37 21 sitt
939 884 66 21 första
1019 890 37 15 an-

224 914 115 26 dragande,
354 916 33 18 att
403 913 41 21 han
460 912 66 22 hellre
542 912 47 21 ville
605 912 64 21 hafva
685 912 182 28 öfversättningar
889 915 27 19 än
932 913 72 26 tvinga
1019 913 37 21 do-

224 948 65 18 mare,
313 948 45 15 som
382 943 18 25 ej
417 942 71 20 kunde
504 941 67 21 finska
586 943 33 19 att
634 941 79 21 skrifva
729 942 110 26 protokoll
855 942 27 26 på
898 948 26 14 en
939 942 116 25 rotvälska,

223 977 46 15 som
285 971 62 25 ingen
363 970 69 22 skulle
448 970 71 21 förstå.
551 969 48 21 Men
615 969 50 21 herr
681 969 113 22 Molander
810 970 39 21 har
864 970 46 21 icke
927 970 74 26 riktigt
1013 972 43 19 satt

224 1000 32 26 sig
280 1000 20 20 in
316 1000 7 20 i
338 999 116 21 utskottets
475 999 140 21 betänkande.
645 998 123 22 Utskottets
784 998 137 22 betänkande
937 998 56 22 afser
1005 999 51 26 just,

223 1031 33 18 att
271 1028 68 21 finska
355 1027 198 27 originalprotokoll
573 1027 45 21 icke
635 1026 90 22 behöfva
741 1027 99 21 utfärdas
856 1027 22 21 af
900 1028 66 20 andra
981 1029 27 19 än
1023 1027 33 21 så-

225 1057 60 24 dana,
302 1062 44 16 som
363 1057 72 20 kunna
450 1056 81 21 skrifva
546 1056 73 20 finska.
650 1056 102 21 Deremot
769 1056 63 21 skola
847 1056 33 26 de,
896 1062 45 15 som
957 1056 18 26 ej
991 1056 65 26 aflagt

223 1086 50 26 prof
287 1085 27 27 på
330 1085 123 25 fullständig
469 1084 95 26 förmåga
579 1086 32 19 att
624 1084 79 21 skrifva
719 1084 40 21 och
772 1085 46 21 tala
828 1084 75 26 finska,
916 1085 43 21 låta
969 1084 87 22 utfärda

224 1114 186 25 öfversättningar.
440 1113 147 27 Tvistefrågan
605 1113 42 21 blir
661 1113 91 21 sålunda
768 1114 57 20 blott
840 1113 28 27 på
883 1113 72 21 hvems
972 1113 83 21 bekost-

224 1143 42 20 nad
285 1142 36 22 det
337 1142 54 21 skall
407 1142 45 22 ske.
482 1142 41 26 Jag
538 1142 68 21 måste
622 1141 111 27 medgifva,
750 1145 33 18 att
797 1142 76 26 sjelfva
888 1142 64 22 saken
969 1144 24 19 är
1008 1142 48 21 full-

224 1171 90 26 komligt
330 1170 98 27 likgiltig,
445 1170 39 21 och
500 1170 32 21 för
548 1171 41 20 min
607 1170 32 21 del
656 1170 38 21 har
708 1170 43 27 jag,
768 1171 6 20 i
791 1170 69 22 likhet
876 1171 48 21 med
939 1171 117 21 utskottets

224 1200 115 26 pluralitet,
355 1202 72 18 ansett
442 1199 37 20 det
494 1205 50 14 vara
560 1199 159 27 vederbörande
737 1200 101 20 domares
854 1199 52 21 eller
923 1200 133 27 myndighets

223 1228 122 27 skyldighet
360 1230 33 19 att
408 1229 52 25 göra
476 1227 42 21 det.
534 1239 27 3 —
576 1227 67 21 Afven
660 1227 38 21 har
713 1227 49 21 herr
774 1227 112 22 Molander
897 1228 84 27 mycket
994 1228 62 21 ordat

224 1263 40 19 om,
288 1259 38 23 att,
350 1256 66 27 enligt
438 1256 116 21 utskottets
577 1256 142 23 betänkande,
743 1256 89 21 domare
856 1256 52 21 eller
929 1257 126 26 tjensteman

222 1285 71 22 skulle
314 1285 86 26 åläggas
424 1287 32 18 att
479 1284 35 22 vid
537 1285 122 20 ansökande
683 1284 24 21 af
729 1285 66 26 tjenst
810 1287 98 24 prestera
923 1285 59 26 intyg
998 1285 59 20 öfver

224 1314 120 21 kännedom
360 1314 6 20 i
383 1313 67 22 finska
473 1313 39 22 och
534 1313 91 22 svenska
650 1313 98 27 språken,
773 1313 5 20 i
802 1313 74 22 hvilka
898 1315 75 19 ämnen
995 1313 26 21 de
1036 1313 19 27 ej

224 1343 55 21 hade
295 1342 74 22 behöft
385 1342 82 26 aflägga
482 1348 87 15 examen
585 1342 26 21 då
628 1342 25 21 de
668 1342 54 21 först
737 1342 76 26 gjorde
829 1342 31 26 sig
876 1342 136 26 kompetente
1023 1342 33 21 till

224 1372 47 20 sina
287 1371 94 26 tjenster.
413 1371 48 20 Men
478 1371 116 20 utskottets
610 1370 135 21 betänkande
761 1371 121 20 innehåller
898 1371 109 26 ingenting
1023 1371 32 20 så-

225 1401 51 20 dant
293 1401 55 20 hvad
364 1400 86 21 domare
467 1399 106 24 beträffar,
589 1401 59 19 utom
664 1401 32 19 att
712 1400 108 20 utskottet
836 1399 108 27 verkligen
961 1399 47 21 låtit
1023 1399 33 21 stå

225 1435 52 20 qvar
293 1429 40 20 den
350 1429 54 20 enda
420 1428 192 27 bestämning,som
629 1427 60 22 fanns
705 1428 5 19 i
727 1428 169 26 propositionen,
907 1428 105 26 nämligen
1021 1434 34 15 om

223 1457 49 25 den,
287 1463 46 15 som
349 1457 63 21 söker
429 1457 65 26 tjenst
509 1457 34 20 vid
560 1456 155 21 rådstufvurätt
731 1456 40 21 och
789 1457 119 25 magistrat,
925 1456 84 21 hvilken
1019 1456 37 21 be-

224 1486 107 25 stämning
347 1485 105 21 utskottet
468 1487 61 24 säger
544 1487 32 19 att
591 1485 82 21 funnits
688 1484 66 22 sedan
770 1484 26 22 år
814 1485 61 21 1865.
