1125 1811
302 142 182 26 Borgareståndet
496 142 60 17 1882.
579 142 27 20 26
618 142 51 27 maj.
847 137 53 21 1571

69 212 39 24 dre
130 212 84 28 belopp,
236 213 27 19 än
286 211 55 22 hvad
357 213 15 19 t.
390 217 32 15 ex.
438 210 158 23 hufvudstaden
612 211 40 21 och
668 211 77 21 mänga
760 211 68 25 andra
844 213 59 21 orter

68 240 70 23 hafva.
168 240 50 22 Men
238 240 36 27 jag
295 239 69 22 häller
388 239 18 27 ej
423 239 68 22 heller
513 240 25 20 sä
560 239 85 28 mycket
669 239 27 28 pä
727 241 45 20 detta
786 239 78 28 belopp
880 240 25 21 af

71 268 77 27 10,000
163 268 66 26 mark,
245 271 51 19 utan
312 268 37 21 vill
364 274 68 20 gerna
446 268 76 22 förena
537 268 43 27 mig
595 274 35 15 om
646 270 32 20 ett
692 268 66 28 nägot
773 268 84 22 mindre
865 268 34 22 be-

69 298 58 27 lopp,
150 297 45 22 ifall
217 297 85 22 ståndet
324 303 63 15 anser
411 296 71 21 denna
497 303 83 14 summa
595 303 51 15 vara
662 296 33 21 för
710 296 48 27 hög.
789 296 49 22 Men
854 296 48 22 der-

69 328 58 19 emot
148 325 94 28 framgår
264 325 22 22 af
309 325 56 21 hvad
381 325 51 21 herr
446 325 119 21 Rönnbäck
581 327 73 19 senast
669 325 95 25 anförde,
781 325 70 22 såsom
865 325 37 27 jag

69 355 62 21 äfven
154 354 73 27 tycker
250 354 43 27 mig
316 354 76 21 märka
414 353 24 22 af
452 354 118 21 utskottets
587 353 48 22 hela
650 351 81 30 arbete,
746 355 34 20 att
794 354 107 22 utskottet

69 383 19 28 ej
108 385 64 25 egnat
187 383 114 26 tillräcklig
317 381 191 28 uppmärksamhet
524 382 22 21 åt
562 382 36 21 det
613 381 122 28 inflytande,
756 389 44 15 som
817 383 40 22 den
873 389 28 15 nu

69 411 84 22 införda
167 411 161 27 bestämningen
343 411 98 22 kommer
456 413 34 20 att
508 411 75 21 utöfva
597 411 29 27 på
641 411 131 26 taxeringen.
803 411 33 22 Då
851 411 51 23 herr

70 440 118 22 Rönnbäck
211 440 107 25 framhöll,
337 442 33 19 att
386 439 36 22 det
438 445 52 16 vore
505 439 47 22 skäl
568 441 32 20 att
616 439 107 22 bibehälla
737 445 81 16 samma
833 441 68 20 röste-

70 470 37 25 tal,
123 475 45 16 som
184 469 76 22 hittills
275 468 58 28 gällt,
350 468 19 22 d.
386 475 18 14 v.
422 475 16 15 s.
454 469 36 26 25,
505 469 71 21 såsom
593 468 36 21 det
643 468 78 27 högsta
732 469 82 21 antalet
824 471 76 23 röster,

71 497 93 28 förbisåg
178 497 49 22 herr
241 497 122 26 Rönnbäck,
377 499 33 19 att
426 497 63 22 dessa
504 497 27 21 25
548 499 69 20 röster
632 496 201 29 öfverhufvudtaget
848 497 54 22 efter

72 526 121 22 införandet
214 526 23 22 af
251 527 40 21 den
306 533 29 14 nu
350 525 147 28 föreliggande
512 525 152 26 förordningen
680 525 84 22 komme
780 528 33 19 att
828 532 73 21 repre-

70 557 85 20 sentera
178 557 32 20 ett
230 555 103 27 väsenligt
348 554 58 22 olika
422 554 172 28 inkomstbelopp
611 556 57 20 emot
684 555 42 26 det,
741 561 46 15 som
803 554 35 22 för
852 556 49 20 när-

71 584 94 22 varande
180 586 159 25 representerar
354 584 27 20 25
397 584 77 21 röster.

140 641 56 21 Herr
237 640 94 22 Öhman:
361 640 42 28 Jag
418 640 74 21 anhöll
508 646 33 15 om
558 640 61 22 ordet
628 639 33 22 för
669 642 32 19 att
709 642 58 19 emot
772 640 51 22 herr
830 640 72 22 Rönn-

71 669 54 22 bäck
148 669 81 26 anföra,
252 672 33 18 att
305 675 34 15 om
355 669 107 21 utskottet
478 669 67 26 ansåg
560 669 31 26 sig
607 668 131 27 berättigadt
753 670 33 20 att
800 668 78 22 föreslå
893 668 7 22 i

71 698 15 28 $
102 699 26 20 12
144 704 26 16 en
185 698 66 22 sådan
267 698 96 26 ändring,
378 700 33 19 att
426 698 38 21 två
479 698 111 21 skattören
607 698 75 21 endast
697 697 97 22 medföra
812 704 26 15 en
849 699 53 22 röst,

71 727 25 21 så
109 726 67 22 borde
191 727 54 21 intet
260 726 76 22 hinder
351 726 105 28 föreligga
472 728 32 20 att
520 726 61 22 äfven
596 726 6 21 i
619 726 67 21 andra
700 725 112 23 afseenden
829 732 25 16 en
864 728 36 19 än-

72 756 61 25 dring
153 755 23 22 af
196 756 121 21 röstskalan
339 755 72 21 kunde
434 755 38 21 ske
496 755 40 22 och
552 754 90 22 sålunda
657 754 81 22 införas
754 761 25 15 en
794 754 106 28 graderad

71 784 113 22 röstskala.

140 841 56 21 Herr
218 840 174 22 Wasenius:
422 839 84 22 Genom
526 840 36 21 det
577 839 86 28 förslag,
678 846 46 16 som
739 846 29 15 nu
782 842 25 20 är
821 840 79 27 gjordt,

72 869 108 28 fråntages
195 869 26 22 de
236 869 138 22 medlemmar
389 868 23 22 af
425 869 138 26 kommunen,
579 875 45 15 som
641 869 46 21 icke
705 869 63 22 hafva
783 871 70 19 större
868 868 32 22 in-

71 899 72 20 komst
165 900 27 19 än
207 898 37 21 det
258 897 85 27 belopp,
358 897 83 21 hvilket
456 903 64 16 anses
536 899 108 19 motsvara
659 899 32 20 ett
705 897 103 26 skattöre,
824 897 29 21 all
868 901 32 24 ta-

72 926 35 22 lan
122 926 8 21 i
146 926 139 22 kommunens
299 926 188 28 angelägenheter,
504 926 40 21 och
560 926 59 21 detta
633 927 25 20 är
674 926 33 21 väl
723 926 88 22 alldeles
826 927 43 21 rätt
878 926 24 21 så

72 954 33 22 till
127 955 56 25 vida,
205 957 32 19 att
260 956 60 20 dessa
343 961 103 21 personer
466 954 18 27 ej
502 953 90 23 behöfva
607 955 87 27 erlägga
709 955 69 27 någon
793 955 59 21 skatt
867 954 34 22 till

71 984 136 22 kommunen.
237 983 49 22 Men
302 984 42 26 mig
359 989 69 21 synes,
443 985 34 20 att
493 990 49 14 man
558 983 54 22 dock
627 984 47 20 icke
689 983 66 22 borde
771 983 85 24 beröfva
863 982 37 22 nå-

71 1018 42 20 gon
136 1012 89 22 medlem
249 1012 23 22 af
285 1012 129 22 kommunen
430 1012 105 26 rättighet
550 1014 33 19 att
598 1012 74 21 utöfva
687 1014 95 24 rösträtt,
798 1012 40 21 och
853 1012 46 23 der-

72 1041 34 22 för
125 1040 67 24 borde
207 1041 40 21 här
262 1040 86 28 införas,
363 1042 33 20 att
411 1041 48 24 den,
475 1047 46 15 som
537 1040 70 22 blifvit
621 1040 75 28 påförd
711 1043 32 19 ett
758 1040 102 27 skattöre,
876 1041 26 23 är

72 1069 122 27 berättigad
208 1072 32 19 att
255 1069 72 23 betala
342 1070 59 21 skatt
416 1070 33 21 för
463 1072 34 18 att
512 1069 21 22 få
549 1069 72 22 utöfva
637 1071 88 20 rösträtt
746 1069 1 21 i
761 1069 140 22 kommunens

71 1098 185 28 angelägenheter.
286 1097 49 23 Med
350 1098 99 22 afseende
464 1098 55 22 härä
534 1098 69 22 skulle
616 1098 38 28 jag
669 1098 26 22 be
711 1100 32 20 att
758 1098 12 27 S
780 1097 121 23 återremit-

72 1130 57 18 teras
144 1127 34 21 för
191 1129 32 19 att
239 1127 68 21 denna
323 1126 134 27 bestämning
468 1126 46 22 deri
531 1127 34 21 må
580 1126 87 22 införas.

140 1184 56 21 Herr
237 1184 148 22 Rönnbäck:
416 1184 66 21 Emot
498 1184 49 22 herr
556 1184 115 27 Björksten
679 1184 49 22 ville
735 1184 37 27 jag
780 1184 76 22 endast
863 1184 37 27 på-

72 1212 62 28 peka,
159 1215 33 19 att
214 1213 37 27 jag
276 1213 18 27 ej
320 1213 57 21 inser
396 1212 88 23 hvarför
500 1212 107 22 skattöret
621 1212 69 23 skulle
706 1212 66 23 blifva
786 1212 115 27 väsentligt

71 1241 59 26 olika
145 1240 56 23 efter
215 1241 26 22 de
257 1247 28 16 nu
300 1241 84 22 införda
399 1241 190 28 bestämningarna
605 1243 58 20 emot
675 1241 58 25 hvad
749 1241 36 22 det
800 1241 58 22 förut
865 1246 36 16 va-

71 1269 35 26 rit,
127 1269 29 22 då
170 1271 91 26 gränsen
276 1270 64 21 nedåt
355 1269 47 23 icke
421 1269 41 22 alls
478 1270 56 22 varit
548 1270 105 22 bestämd.
669 1283 27 2 —
711 1270 62 23 Hvad
789 1269 47 22 åter
850 1269 52 23 herr

71 1297 116 29 Wasenius'
202 1298 80 27 förslag
297 1297 101 29 beträffar
413 1301 25 21 är
453 1299 45 26 det,
513 1299 65 22 minst
593 1299 69 27 sagdt,
678 1299 85 28 mycket
778 1298 86 27 vädligt.

139 1355 57 22 Herr
210 1355 182 28 Björksten:
423 1356 34 21 Dä
472 1356 50 22 herr
537 1356 118 22 Rönnbäck
663 1358 67 25 säger,
738 1358 33 20 att
778 1356 42 23 han
831 1355 18 28 ej
858 1354 44 29 för-

71 1384 45 23 stär
139 1384 40 22 den
195 1384 130 28 förändring,
340 1391 46 16 som
402 1384 61 23 detta
478 1385 80 27 förslag
572 1383 69 24 skulle
656 1385 87 25 komma
757 1387 32 20 att
804 1383 98 24 medföra

70 1412 133 24 beträffande
221 1412 170 28 beskattningen,
406 1413 40 22 har
459 1413 38 27 jag
513 1413 135 28 naturligtvis
663 1413 19 27 ej
697 1415 44 21 rätt
756 1416 33 19 att
803 1414 100 25 motsäga

70 1442 51 27 herr
142 1441 119 23 Rönnbäck
282 1441 7 22 i
310 1442 59 23 detta
380 1441 111 30 afseende.
521 1441 50 23 Men
587 1442 33 22 för
635 1443 42 21 min
693 1442 35 22 del
743 1442 38 22 ber
794 1441 36 28 jag
846 1441 56 22 dock

70 1472 39 26 att,
130 1468 71 24 sävidt
223 1469 37 23 det
281 1470 28 28 pä
325 1470 42 27 mig
382 1470 134 28 ankommer,
531 1470 22 22 få
568 1470 116 28 förtydliga
699 1471 42 21 det.
771 1470 34 22 Då
819 1476 49 16 man
884 1472 16 19 t.

70 1505 32 15 ex.
124 1499 8 21 i
154 1498 134 27 Helsingfors
312 1498 33 22 för
363 1498 135 27 närvarande
514 1499 40 21 har
569 1500 54 26 tagit
639 1499 38 21 full
693 1499 59 24 skatt
767 1498 33 22 för
815 1500 47 24 äret
878 1498 26 26 af

70 1527 48 28 den,
140 1533 45 16 som
207 1527 40 22 har
269 1534 25 15 en
317 1526 93 23 inkomst
425 1527 25 22 af
463 1528 45 21 500
523 1526 67 28 mark,
601 1526 65 29 tager
679 1527 37 28 jag
732 1527 34 22 för
780 1527 72 28 gifvet,
868 1529 34 20 att
