1125 1811
317 133 182 22 Borgareståndet
512 134 57 17 1882.
595 134 25 17 27
633 134 48 20 maj.
863 128 55 21 1607

88 202 85 22 förenas
196 202 47 22 med
266 202 77 21 hafvet.
383 202 41 20 Det
447 201 70 21 kunde
541 201 122 27 visserligen
685 201 63 21 hafva
771 201 46 21 skäl
841 201 34 21 för
890 202 33 26 sig

89 234 33 18 att
137 232 19 26 ej
172 232 76 20 beröra
264 231 48 21 hela
329 230 69 21 denna
414 230 104 26 ömtåliga
533 230 74 26 punkt,
624 230 27 21 då
663 230 36 21 det
708 230 158 26 stambanenät,
876 236 46 15 som

90 260 65 22 redan
171 262 23 20 är
210 259 124 27 uppdraget,
349 258 50 22 med
413 258 109 28 synnerlig
538 264 85 22 omsorg
637 258 44 27 just
691 258 103 22 undviker
803 260 32 19 att
846 258 76 22 beröra

90 288 62 23 dessa
172 288 118 21 småstäder
313 287 35 21 vid
370 287 83 21 kusten.
490 287 49 20 Men
562 287 101 26 derjemte
687 287 38 21 har
745 287 36 21 det
797 287 18 26 ej
833 287 90 26 undgått

90 317 44 21 min
156 315 187 28 uppmärksamhet
367 328 27 2 —
418 315 56 22 hvad
487 315 38 27 jag
540 315 54 22 dock
611 315 18 27 ej
647 315 69 21 funnit
731 315 123 22 bekräftadt
872 315 46 22 från

90 345 66 28 något
171 345 42 21 håll
229 358 28 3 —
273 346 32 20 att
320 344 37 21 det
373 346 23 19 är
412 344 113 27 ifrågasatt
540 344 105 21 huruvida
661 351 24 14 en
699 344 55 21 bana
762 344 91 21 emellan
863 345 58 20 Kau-

90 375 46 20 sala
151 375 38 20 och
206 374 71 21 Kotka
292 373 69 21 skulle
377 373 156 26 åvägabringas
548 373 27 26 på
592 373 69 26 privat
677 375 38 24 väg
731 373 52 21 eller
794 373 80 28 byggas
890 373 32 21 så-

88 409 47 16 som
152 409 26 15 en
193 403 49 20 länk
259 401 22 22 af
294 401 180 22 stambanenätet.
506 401 65 22 Detta
585 402 83 20 känner
681 401 36 27 jag
733 401 26 27 ej,
776 408 46 15 men
839 402 83 21 utskot-

91 434 31 18 tet
144 431 39 21 har
205 431 86 25 uttalat,
314 432 33 19 att
365 430 107 21 utskottet
488 432 70 19 ansett
575 431 39 20 den
631 430 71 21 banan
719 430 52 21 böra
786 431 63 21 hafva
865 431 57 20 före-

89 460 68 21 träde.
188 459 72 22 Under
283 459 80 21 sådana
386 459 151 21 förhållanden
553 461 24 19 är
593 459 36 21 det
645 459 23 20 så
685 459 83 26 mycket
784 459 137 27 naturligare,

93 491 32 18 att
142 489 119 21 Ständerna
277 488 17 27 ej
311 488 71 20 kunna
398 494 28 15 nu
441 487 89 27 bidraga
545 487 32 22 till
593 490 32 19 att
641 487 109 26 samtidigt
761 487 161 22 sammanbinda

93 517 71 21 denna
179 517 43 21 lilla
235 516 188 28 jernvägsstation,
439 516 101 25 Kausala,
557 516 48 21 med
621 517 26 20 de
663 516 55 21 båda
734 517 100 20 städerna
849 516 72 21 Kotka

92 545 40 22 och
147 546 83 25 Lovisa,
247 545 122 27 isynnerhet
384 551 46 15 som
446 545 106 21 utskottet
567 545 110 26 samtidigt
693 544 112 27 föreslagit
824 551 26 15 en
866 545 56 20 bana

92 574 48 22 från
156 575 98 21 Kouvola
271 574 31 21 till
319 573 79 22 Kotka.

161 638 55 20 Herr
238 636 167 22 Snellman:
438 636 42 21 Det
503 638 25 19 är
550 636 135 27 synbarligen
708 639 31 18 ett
760 636 89 27 tryckfel
865 636 7 20 i
888 638 33 18 ut-

89 666 94 21 skottets
204 665 135 21 betänkande
355 665 27 21 då
398 666 36 20 det
450 665 55 21 talas
521 672 33 14 om
571 671 26 15 en
610 665 89 27 jernväg
715 664 47 22 från
777 664 95 22 Kausala
888 664 33 25 till

91 694 79 22 Kotka.

162 757 112 21 Klämmen
290 756 124 27 godkändes
430 756 52 22 derå
497 756 49 21 med
562 756 155 27 öfvervägande
732 756 116 27 pluralitet.

160 819 112 22 Klämmen
288 819 39 22 sid.
349 819 33 21 36.

161 882 55 21 Herr
231 882 164 26 Federley:
427 881 31 22 På
476 882 24 21 de
517 882 24 21 af
555 882 42 26 mig
613 882 73 25 redan,
703 882 131 21 beträffande
842 882 79 21 Loimi-

89 910 208 27 joki—Björneborg
320 910 77 24 banan,
414 910 91 21 anförda
520 910 47 21 skäl
583 916 62 16 anser
657 911 44 26 jag,
717 913 32 18 att
764 911 19 26 ej
800 910 68 21 heller
883 910 39 22 här

90 945 98 15 summan
211 939 38 21 bär
264 939 139 27 specificeras,
420 942 52 18 utan
489 939 154 21 subventionen
657 939 116 21 fastställas
789 939 33 21 till
838 945 25 15 en
879 939 43 21 viss

90 968 63 21 andel
178 967 21 22 af
220 968 266 27 anläggningskostnaden,
503 968 38 21 och
559 968 26 21 då
601 968 40 21 den
658 968 93 26 begärda
767 968 154 21 subventionen

90 996 117 22 beräknats
223 997 32 20 till
276 997 26 26 !/;
318 997 23 20 af
355 996 260 27 anläggningskostnaden
633 996 68 22 skulle
714 996 37 27 jag
766 996 84 25 föreslå,
866 998 32 19 att
914 996 7 21 i

90 1025 73 21 stället
178 1025 32 21 för
225 1026 66 20 orden
308 1026 36 23 ,,af
358 1026 91 26 600,000
465 1025 73 21 mark"
548 1025 68 21 skulle
625 1025 90 21 insättas
726 1025 63 21 orden
803 1025 118 28 ,utgäende

92 1054 47 21 med
156 1054 55 20 ända
226 1054 32 21 till
274 1054 27 27 1/;
317 1054 22 21 af
352 1054 278 26 anläggningskostnaden*.

160 1116 55 22 Herr
238 1116 121 22 Heikel:
390 1116 70 22 Sedan
483 1116 181 27 Borgareständet
686 1118 76 23 ansett,
778 1119 31 19 att
825 1116 32 22 för
872 1117 50 21 sub-

91 1145 86 21 vention
199 1145 24 21 af
243 1145 359 27 Loimijoki-Björneborgsbhanan
627 1146 18 26 ej
669 1146 64 26 något
754 1146 77 21 sådant
846 1146 75 25 vilkor,

90 1180 46 14 som
161 1174 39 21 här
223 1176 24 19 är
270 1174 116 26 föreslaget
410 1174 6 20 i
433 1174 37 21 det
486 1174 51 21 sista
553 1174 82 27 stycket
657 1174 34 21 för
717 1174 149 25 Kotkabanan,
884 1174 38 21 bör

91 1202 86 21 komma
199 1202 6 20 i
229 1203 66 25 fråga,
319 1209 62 14 anser
394 1202 37 27 jag
448 1203 36 20 det
498 1202 60 21 äfven
574 1209 52 14 vara
642 1204 44 19 rätt
701 1206 32 17 att
749 1203 38 20 här
802 1203 44 21 låta
862 1203 59 20 detta

91 1230 70 21 vilkor
182 1231 56 26 utgå,
261 1231 40 21 och
324 1231 36 21 det
383 1231 57 21 såväl
458 1231 6 21 i
480 1231 99 21 afseende
595 1231 13 21 å
624 1231 40 21 den
681 1237 40 15 ena
737 1238 44 14 som
798 1231 40 21 den
854 1231 67 21 andra

91 1259 191 22 subventionerade
304 1259 168 28 jernvägslinien
496 1259 139 22 öfverlemnas
661 1260 23 21 åt
699 1261 124 26 regeringen
839 1262 32 18 att
887 1259 34 21 be-

90 1290 92 19 stämma
205 1288 26 21 de
254 1288 210 27 försigtighetsmått,
480 1295 45 15 som
542 1289 51 20 böra
609 1289 97 26 vidtagas
722 1289 34 21 vid
772 1288 150 21 utbetalandet

88 1317 26 20 af
129 1317 185 21 subventionerna.

159 1374 56 21 Herr
230 1374 170 21 Lindblom:
432 1374 42 27 Jag
490 1374 68 21 skulle
574 1374 25 21 be
616 1376 39 24 att,
672 1374 47 21 med
735 1374 100 21 afseende
851 1373 11 22 å
871 1373 50 22 herr

90 1402 114 27 Federleys
219 1403 146 26 anmärkning,
383 1403 21 20 få
420 1402 81 27 anföra,
518 1405 32 19 att
565 1403 6 20 i
587 1403 117 26 petitionen
720 1409 25 15 en
757 1403 28 21 fix
793 1409 82 15 summa
885 1402 35 21 be-

90 1433 59 25 gärts
172 1431 39 21 och
234 1433 32 19 att
289 1432 36 20 det
348 1431 33 21 väl
403 1431 62 21 äfven
488 1433 25 20 är
533 1431 46 21 skäl
595 1433 37 24 att,
648 1438 34 15 om
699 1432 35 21 det
749 1431 55 22 låter
815 1431 33 27 sig
862 1433 59 25 göra,

90 1465 62 15 svara
174 1459 6 20 i
203 1465 80 15 samma
306 1459 55 27 syfte
381 1460 26 26 på
424 1460 70 21 denna
509 1460 107 21 anhållan.
647 1461 43 20 För
706 1461 63 25 öfrigt
784 1460 87 20 förenar
883 1459 37 27 jag

89 1488 43 27 mig
157 1488 48 20 med
229 1488 50 22 herr
305 1488 76 21 Heikel
402 1488 56 21 hvad
475 1488 103 22 beträffar
594 1488 95 22 vilkoren
705 1489 33 21 för
754 1488 166 22 subventionens

88 1516 146 21 utbetalande.
