<?xml version="1.0" encoding="UTF-8"?>
<alto xmlns="http://www.loc.gov/standards/alto/ns-v3#" xmlns:xlink="http://www.w3.org/1999/xlink" xmlns:xsi="http://www.w3.org/2001/XMLSchema-instance" xsi:schemaLocation="http://www.loc.gov/standards/alto/ns-v3# http://www.loc.gov/alto/v3/alto-3-0.xsd">
	<Description>
		<MeasurementUnit>pixel</MeasurementUnit>
		<sourceImageInformation>
			<fileName>/tmp/tess_jcd83ikw_input.PNG</fileName>
		</sourceImageInformation>
		<OCRProcessing ID="OCR_0">
			<ocrProcessingStep>
				<processingSoftware>
					<softwareName>tesseract 5.3.4</softwareName>
				</processingSoftware>
			</ocrProcessingStep>
		</OCRProcessing>
	</Description>
	<Layout>
		<Page WIDTH="1125" HEIGHT="1811" PHYSICAL_IMG_NR="0" ID="page_0">
			<PrintSpace HPOS="0" VPOS="0" WIDTH="1125" HEIGHT="1811">
				<GraphicalElement ID="cblock_0" HPOS="0" VPOS="559" WIDTH="3" HEIGHT="332"></GraphicalElement >
				<ComposedBlock ID="cblock_1" HPOS="195" VPOS="128" WIDTH="603" HEIGHT="35">
					<TextBlock ID="block_0" HPOS="195" VPOS="128" WIDTH="603" HEIGHT="35">
						<TextLine ID="line_0" HPOS="195" VPOS="128" WIDTH="603" HEIGHT="35">
							<String ID="string_0" HPOS="195" VPOS="128" WIDTH="56" HEIGHT="35" WC="0.95" CONTENT="1582"/><SP WIDTH="182" VPOS="128" HPOS="251"/>
							<String ID="string_1" HPOS="433" VPOS="136" WIDTH="181" HEIGHT="24" WC="0.91" CONTENT="Borgareståndet"/><SP WIDTH="11" VPOS="136" HPOS="614"/>
							<String ID="string_2" HPOS="625" VPOS="138" WIDTH="60" HEIGHT="22" WC="0.94" CONTENT="1889."/><SP WIDTH="24" VPOS="138" HPOS="685"/>
							<String ID="string_3" HPOS="709" VPOS="138" WIDTH="28" HEIGHT="23" WC="0.95" CONTENT="26"/><SP WIDTH="12" VPOS="138" HPOS="737"/>
							<String ID="string_4" HPOS="749" VPOS="138" WIDTH="49" HEIGHT="23" WC="0.96" CONTENT="maj."/>
						</TextLine>
					</TextBlock>
				</ComposedBlock>
				<GraphicalElement ID="cblock_2" HPOS="209" VPOS="166" WIDTH="822" HEIGHT="5"></GraphicalElement >
				<ComposedBlock ID="cblock_3" HPOS="196" VPOS="205" WIDTH="836" HEIGHT="138">
					<TextBlock ID="block_1" HPOS="196" VPOS="205" WIDTH="836" HEIGHT="138">
						<TextLine ID="line_1" HPOS="197" VPOS="205" WIDTH="835" HEIGHT="29">
							<String ID="string_5" HPOS="197" VPOS="211" WIDTH="36" HEIGHT="17" WC="0.96" CONTENT="om"/><SP WIDTH="16" VPOS="211" HPOS="233"/>
							<String ID="string_6" HPOS="249" VPOS="208" WIDTH="33" HEIGHT="19" WC="0.96" CONTENT="att"/><SP WIDTH="16" VPOS="208" HPOS="282"/>
							<String ID="string_7" HPOS="298" VPOS="205" WIDTH="77" HEIGHT="23" WC="0.96" CONTENT="besvär"/><SP WIDTH="16" VPOS="205" HPOS="375"/>
							<String ID="string_8" HPOS="391" VPOS="206" WIDTH="59" HEIGHT="22" WC="0.93" CONTENT="öfver"/><SP WIDTH="15" VPOS="206" HPOS="450"/>
							<String ID="string_9" HPOS="465" VPOS="206" WIDTH="230" HEIGHT="28" WC="0.90" CONTENT="pröfningsnämndens"/><SP WIDTH="16" VPOS="206" HPOS="695"/>
							<String ID="string_10" HPOS="711" VPOS="206" WIDTH="71" HEIGHT="22" WC="0.96" CONTENT="beslut"/><SP WIDTH="16" VPOS="206" HPOS="782"/>
							<String ID="string_11" HPOS="798" VPOS="206" WIDTH="56" HEIGHT="27" WC="0.96" CONTENT="finge"/><SP WIDTH="16" VPOS="206" HPOS="854"/>
							<String ID="string_12" HPOS="870" VPOS="206" WIDTH="91" HEIGHT="22" WC="0.96" CONTENT="anföras."/><SP WIDTH="30" VPOS="206" HPOS="961"/>
							<String ID="string_13" HPOS="991" VPOS="206" WIDTH="41" HEIGHT="27" WC="0.96" CONTENT="Jag"/>
						</TextLine>
						<TextLine ID="line_2" HPOS="197" VPOS="235" WIDTH="835" HEIGHT="27">
							<String ID="string_14" HPOS="197" VPOS="240" WIDTH="64" HEIGHT="16" WC="0.96" CONTENT="anser"/><SP WIDTH="24" VPOS="240" HPOS="261"/>
							<String ID="string_15" HPOS="285" VPOS="235" WIDTH="70" HEIGHT="21" WC="0.96" CONTENT="denna"/><SP WIDTH="22" VPOS="235" HPOS="355"/>
							<String ID="string_16" HPOS="377" VPOS="235" WIDTH="39" HEIGHT="21" WC="0.96" CONTENT="sak"/><SP WIDTH="23" VPOS="235" HPOS="416"/>
							<String ID="string_17" HPOS="439" VPOS="235" WIDTH="67" HEIGHT="21" WC="0.95" CONTENT="redan"/><SP WIDTH="27" VPOS="235" HPOS="506"/>
							<String ID="string_18" HPOS="533" VPOS="242" WIDTH="50" HEIGHT="14" WC="0.93" CONTENT="vara"/><SP WIDTH="16" VPOS="242" HPOS="583"/>
							<String ID="string_19" HPOS="599" VPOS="235" WIDTH="83" HEIGHT="27" WC="0.92" CONTENT="afgjord"/><SP WIDTH="17" VPOS="235" HPOS="682"/>
							<String ID="string_20" HPOS="699" VPOS="242" WIDTH="76" HEIGHT="20" WC="0.96" CONTENT="genom"/><SP WIDTH="18" VPOS="242" HPOS="775"/>
							<String ID="string_21" HPOS="793" VPOS="236" WIDTH="37" HEIGHT="20" WC="0.96" CONTENT="det"/><SP WIDTH="15" VPOS="236" HPOS="830"/>
							<String ID="string_22" HPOS="845" VPOS="235" WIDTH="23" HEIGHT="21" WC="0.93" CONTENT="af"/><SP WIDTH="14" VPOS="235" HPOS="868"/>
							<String ID="string_23" HPOS="882" VPOS="236" WIDTH="83" HEIGHT="21" WC="0.92" CONTENT="ständet"/><SP WIDTH="16" VPOS="236" HPOS="965"/>
							<String ID="string_24" HPOS="981" VPOS="236" WIDTH="51" HEIGHT="26" WC="0.93" CONTENT="god-"/>
						</TextLine>
						<TextLine ID="line_3" HPOS="197" VPOS="263" WIDTH="833" HEIGHT="28">
							<String ID="string_25" HPOS="197" VPOS="263" WIDTH="73" HEIGHT="25" WC="0.94" CONTENT="kända"/><SP WIDTH="22" VPOS="263" HPOS="270"/>
							<String ID="string_26" HPOS="292" VPOS="264" WIDTH="13" HEIGHT="21" WC="0.93" CONTENT="2"/><SP WIDTH="24" VPOS="264" HPOS="305"/>
							<String ID="string_27" HPOS="329" VPOS="270" WIDTH="72" HEIGHT="20" WC="0.91" CONTENT="mom.,"/><SP WIDTH="24" VPOS="270" HPOS="401"/>
							<String ID="string_28" HPOS="425" VPOS="264" WIDTH="38" HEIGHT="21" WC="0.95" CONTENT="der"/><SP WIDTH="23" VPOS="264" HPOS="463"/>
							<String ID="string_29" HPOS="486" VPOS="264" WIDTH="37" HEIGHT="21" WC="0.95" CONTENT="det"/><SP WIDTH="22" VPOS="264" HPOS="523"/>
							<String ID="string_30" HPOS="545" VPOS="264" WIDTH="68" HEIGHT="26" WC="0.96" CONTENT="heter,"/><SP WIDTH="16" VPOS="264" HPOS="613"/>
							<String ID="string_31" HPOS="629" VPOS="266" WIDTH="34" HEIGHT="20" WC="0.93" CONTENT="att"/><SP WIDTH="15" VPOS="266" HPOS="663"/>
							<String ID="string_32" HPOS="678" VPOS="264" WIDTH="221" HEIGHT="33" WC="0.88" CONTENT="pröfningsnämnden"/><SP WIDTH="17" VPOS="264" HPOS="899"/>
							<String ID="string_33" HPOS="916" VPOS="270" WIDTH="48" HEIGHT="21" WC="0.93" CONTENT="eger"/><SP WIDTH="15" VPOS="270" HPOS="964"/>
							<String ID="string_34" HPOS="979" VPOS="264" WIDTH="51" HEIGHT="22" WC="0.83" CONTENT="slut-"/>
						</TextLine>
						<TextLine ID="line_4" HPOS="197" VPOS="280" WIDTH="835" HEIGHT="39">
							<String ID="string_35" HPOS="197" VPOS="292" WIDTH="58" HEIGHT="27" WC="0.92" CONTENT="ligen"/><SP WIDTH="16" VPOS="292" HPOS="255"/>
							<String ID="string_36" HPOS="271" VPOS="292" WIDTH="76" HEIGHT="26" WC="0.92" CONTENT="afgöra"/><SP WIDTH="16" VPOS="292" HPOS="347"/>
							<String ID="string_37" HPOS="363" VPOS="280" WIDTH="59" HEIGHT="33" WC="0.96" CONTENT="öfver"/><SP WIDTH="16" VPOS="280" HPOS="422"/>
							<String ID="string_38" HPOS="438" VPOS="293" WIDTH="132" HEIGHT="26" WC="0.91" CONTENT="taxeringen."/><SP WIDTH="19" VPOS="293" HPOS="570"/>
							<String ID="string_39" HPOS="589" VPOS="292" WIDTH="66" HEIGHT="22" WC="0.96" CONTENT="Detta"/><SP WIDTH="16" VPOS="292" HPOS="655"/>
							<String ID="string_40" HPOS="671" VPOS="294" WIDTH="24" HEIGHT="20" WC="0.93" CONTENT="är"/><SP WIDTH="15" VPOS="294" HPOS="695"/>
							<String ID="string_41" HPOS="710" VPOS="293" WIDTH="62" HEIGHT="21" WC="0.96" CONTENT="äfven"/><SP WIDTH="16" VPOS="293" HPOS="772"/>
							<String ID="string_42" HPOS="788" VPOS="293" WIDTH="7" HEIGHT="21" WC="0.93" CONTENT="i"/><SP WIDTH="16" VPOS="293" HPOS="795"/>
							<String ID="string_43" HPOS="811" VPOS="292" WIDTH="221" HEIGHT="22" WC="0.92" CONTENT="öfverensstämmelse"/>
						</TextLine>
						<TextLine ID="line_5" HPOS="196" VPOS="320" WIDTH="365" HEIGHT="23">
							<String ID="string_44" HPOS="196" VPOS="321" WIDTH="49" HEIGHT="21" WC="0.93" CONTENT="med"/><SP WIDTH="16" VPOS="321" HPOS="245"/>
							<String ID="string_45" HPOS="261" VPOS="320" WIDTH="56" HEIGHT="22" WC="0.96" CONTENT="hvad"/><SP WIDTH="16" VPOS="320" HPOS="317"/>
							<String ID="string_46" HPOS="333" VPOS="320" WIDTH="78" HEIGHT="22" WC="0.82" CONTENT="hittills"/><SP WIDTH="15" VPOS="320" HPOS="411"/>
							<String ID="string_47" HPOS="426" VPOS="321" WIDTH="55" HEIGHT="21" WC="0.93" CONTENT="varit"/><SP WIDTH="15" VPOS="321" HPOS="481"/>
							<String ID="string_48" HPOS="496" VPOS="321" WIDTH="65" HEIGHT="22" WC="0.92" CONTENT="fallet."/>
						</TextLine>
					</TextBlock>
				</ComposedBlock>
				<ComposedBlock ID="cblock_4" HPOS="191" VPOS="383" WIDTH="841" HEIGHT="85">
					<TextBlock ID="block_2" HPOS="191" VPOS="383" WIDTH="841" HEIGHT="85">
						<TextLine ID="line_6" HPOS="266" VPOS="383" WIDTH="765" HEIGHT="28">
							<String ID="string_49" HPOS="266" VPOS="383" WIDTH="57" HEIGHT="22" WC="0.96" CONTENT="Herr"/><SP WIDTH="23" VPOS="383" HPOS="323"/>
							<String ID="string_50" HPOS="346" VPOS="383" WIDTH="174" HEIGHT="22" WC="0.96" CONTENT="Snellman:"/><SP WIDTH="32" VPOS="383" HPOS="520"/>
							<String ID="string_51" HPOS="552" VPOS="384" WIDTH="33" HEIGHT="21" WC="0.93" CONTENT="Då"/><SP WIDTH="21" VPOS="384" HPOS="585"/>
							<String ID="string_52" HPOS="606" VPOS="384" WIDTH="51" HEIGHT="21" WC="0.93" CONTENT="herr"/><SP WIDTH="16" VPOS="384" HPOS="657"/>
							<String ID="string_53" HPOS="673" VPOS="383" WIDTH="107" HEIGHT="27" WC="0.91" CONTENT="Clouberg"/><SP WIDTH="15" VPOS="383" HPOS="780"/>
							<String ID="string_54" HPOS="795" VPOS="384" WIDTH="57" HEIGHT="27" WC="0.96" CONTENT="gjort"/><SP WIDTH="16" VPOS="384" HPOS="852"/>
							<String ID="string_55" HPOS="868" VPOS="386" WIDTH="31" HEIGHT="19" WC="0.96" CONTENT="ett"/><SP WIDTH="15" VPOS="386" HPOS="899"/>
							<String ID="string_56" HPOS="914" VPOS="390" WIDTH="59" HEIGHT="15" WC="0.93" CONTENT="mera"/><SP WIDTH="15" VPOS="390" HPOS="973"/>
							<String ID="string_57" HPOS="988" VPOS="383" WIDTH="43" HEIGHT="23" WC="0.92" CONTENT="till-"/>
						</TextLine>
						<TextLine ID="line_7" HPOS="195" VPOS="412" WIDTH="837" HEIGHT="27">
							<String ID="string_58" HPOS="195" VPOS="412" WIDTH="165" HEIGHT="21" WC="0.92" CONTENT="fredsställande"/><SP WIDTH="23" VPOS="412" HPOS="360"/>
							<String ID="string_59" HPOS="383" VPOS="412" WIDTH="80" HEIGHT="27" WC="0.96" CONTENT="förslag"/><SP WIDTH="16" VPOS="412" HPOS="463"/>
							<String ID="string_60" HPOS="479" VPOS="412" WIDTH="91" HEIGHT="22" WC="0.95" CONTENT="rörande"/><SP WIDTH="16" VPOS="412" HPOS="570"/>
							<String ID="string_61" HPOS="586" VPOS="413" WIDTH="37" HEIGHT="21" WC="0.96" CONTENT="det"/><SP WIDTH="15" VPOS="413" HPOS="623"/>
							<String ID="string_62" HPOS="638" VPOS="413" WIDTH="22" HEIGHT="20" WC="0.96" CONTENT="af"/><SP WIDTH="14" VPOS="413" HPOS="660"/>
							<String ID="string_63" HPOS="674" VPOS="413" WIDTH="43" HEIGHT="26" WC="0.93" CONTENT="mig"/><SP WIDTH="16" VPOS="413" HPOS="717"/>
							<String ID="string_64" HPOS="733" VPOS="413" WIDTH="116" HEIGHT="21" WC="0.92" CONTENT="anmärkta"/><SP WIDTH="15" VPOS="413" HPOS="849"/>
							<String ID="string_65" HPOS="864" VPOS="413" WIDTH="113" HEIGHT="26" WC="0.96" CONTENT="uttrycket,"/><SP WIDTH="16" VPOS="413" HPOS="977"/>
							<String ID="string_66" HPOS="993" VPOS="413" WIDTH="39" HEIGHT="22" WC="0.96" CONTENT="ber"/>
						</TextLine>
						<TextLine ID="line_8" HPOS="191" VPOS="440" WIDTH="396" HEIGHT="28">
							<String ID="string_67" HPOS="191" VPOS="441" WIDTH="40" HEIGHT="27" WC="0.96" CONTENT="jag"/><SP WIDTH="23" VPOS="441" HPOS="231"/>
							<String ID="string_68" HPOS="254" VPOS="440" WIDTH="21" HEIGHT="22" WC="0.96" CONTENT="få"/><SP WIDTH="15" VPOS="440" HPOS="275"/>
							<String ID="string_69" HPOS="290" VPOS="441" WIDTH="74" HEIGHT="21" WC="0.96" CONTENT="förena"/><SP WIDTH="16" VPOS="441" HPOS="364"/>
							<String ID="string_70" HPOS="380" VPOS="441" WIDTH="44" HEIGHT="27" WC="0.96" CONTENT="mig"/><SP WIDTH="15" VPOS="441" HPOS="424"/>
							<String ID="string_71" HPOS="439" VPOS="441" WIDTH="48" HEIGHT="21" WC="0.96" CONTENT="med"/><SP WIDTH="15" VPOS="441" HPOS="487"/>
							<String ID="string_72" HPOS="502" VPOS="441" WIDTH="85" HEIGHT="21" WC="0.96" CONTENT="honom."/>
						</TextLine>
					</TextBlock>
				</ComposedBlock>
				<ComposedBlock ID="cblock_5" HPOS="192" VPOS="503" WIDTH="843" HEIGHT="314">
					<TextBlock ID="block_3" HPOS="192" VPOS="503" WIDTH="843" HEIGHT="165">
						<TextLine ID="line_9" HPOS="269" VPOS="503" WIDTH="761" HEIGHT="28">
							<String ID="string_73" HPOS="269" VPOS="503" WIDTH="71" HEIGHT="22" WC="0.96" CONTENT="Sedan"/><SP WIDTH="23" VPOS="503" HPOS="340"/>
							<String ID="string_74" HPOS="363" VPOS="504" WIDTH="87" HEIGHT="21" WC="0.96" CONTENT="ståndet"/><SP WIDTH="22" VPOS="504" HPOS="450"/>
							<String ID="string_75" HPOS="472" VPOS="504" WIDTH="133" HEIGHT="21" WC="0.95" CONTENT="beträffande"/><SP WIDTH="22" VPOS="504" HPOS="605"/>
							<String ID="string_76" HPOS="627" VPOS="504" WIDTH="102" HEIGHT="27" WC="0.95" CONTENT="förslaget"/><SP WIDTH="23" VPOS="504" HPOS="729"/>
							<String ID="string_77" HPOS="752" VPOS="511" WIDTH="34" HEIGHT="14" WC="0.96" CONTENT="om"/><SP WIDTH="18" VPOS="511" HPOS="786"/>
							<String ID="string_78" HPOS="804" VPOS="503" WIDTH="226" HEIGHT="28" WC="0.96" CONTENT="ordförandeskapet"/><SP WIDTH="-12" VPOS="503" HPOS="1030"/>
							<String ID="string_79" HPOS="1018" VPOS="499" WIDTH="15" HEIGHT="36" WC="0.96" CONTENT="i"/>
						</TextLine>
						<TextLine ID="line_10" HPOS="198" VPOS="532" WIDTH="837" HEIGHT="27">
							<String ID="string_80" HPOS="198" VPOS="532" WIDTH="219" HEIGHT="27" WC="0.91" CONTENT="pröfningsnämnden"/><SP WIDTH="23" VPOS="532" HPOS="417"/>
							<String ID="string_81" HPOS="440" VPOS="533" WIDTH="33" HEIGHT="21" WC="0.92" CONTENT="till"/><SP WIDTH="22" VPOS="533" HPOS="473"/>
							<String ID="string_82" HPOS="495" VPOS="533" WIDTH="211" HEIGHT="26" WC="0.92" CONTENT="kontraproposition"/><SP WIDTH="24" VPOS="533" HPOS="706"/>
							<String ID="string_83" HPOS="730" VPOS="533" WIDTH="36" HEIGHT="21" WC="0.96" CONTENT="vid"/><SP WIDTH="23" VPOS="533" HPOS="766"/>
							<String ID="string_84" HPOS="789" VPOS="532" WIDTH="34" HEIGHT="22" WC="0.96" CONTENT="val"/><SP WIDTH="23" VPOS="532" HPOS="823"/>
							<String ID="string_85" HPOS="846" VPOS="532" WIDTH="90" HEIGHT="22" WC="0.96" CONTENT="emellan"/><SP WIDTH="23" VPOS="532" HPOS="936"/>
							<String ID="string_86" HPOS="959" VPOS="533" WIDTH="26" HEIGHT="21" WC="0.96" CONTENT="de"/><SP WIDTH="24" VPOS="533" HPOS="985"/>
							<String ID="string_87" HPOS="1009" VPOS="533" WIDTH="26" HEIGHT="21" WC="0.96" CONTENT="af"/>
						</TextLine>
						<TextLine ID="line_11" HPOS="200" VPOS="561" WIDTH="832" HEIGHT="28">
							<String ID="string_88" HPOS="200" VPOS="561" WIDTH="75" HEIGHT="22" WC="0.96" CONTENT="herrar"/><SP WIDTH="22" VPOS="561" HPOS="275"/>
							<String ID="string_89" HPOS="297" VPOS="561" WIDTH="114" HEIGHT="21" WC="0.96" CONTENT="Molander"/><SP WIDTH="23" VPOS="561" HPOS="411"/>
							<String ID="string_90" HPOS="434" VPOS="561" WIDTH="39" HEIGHT="22" WC="0.93" CONTENT="och"/><SP WIDTH="24" VPOS="561" HPOS="473"/>
							<String ID="string_91" HPOS="497" VPOS="561" WIDTH="106" HEIGHT="28" WC="0.88" CONTENT="Clouberg"/><SP WIDTH="20" VPOS="561" HPOS="603"/>
							<String ID="string_92" HPOS="623" VPOS="561" WIDTH="135" HEIGHT="22" WC="0.96" CONTENT="framställda"/><SP WIDTH="16" VPOS="561" HPOS="758"/>
							<String ID="string_93" HPOS="774" VPOS="561" WIDTH="108" HEIGHT="26" WC="0.96" CONTENT="förslagen"/><SP WIDTH="16" VPOS="561" HPOS="882"/>
							<String ID="string_94" HPOS="898" VPOS="561" WIDTH="82" HEIGHT="27" WC="0.96" CONTENT="antagit"/><SP WIDTH="15" VPOS="561" HPOS="980"/>
							<String ID="string_95" HPOS="995" VPOS="561" WIDTH="37" HEIGHT="21" WC="0.96" CONTENT="det"/>
						</TextLine>
						<TextLine ID="line_12" HPOS="197" VPOS="589" WIDTH="836" HEIGHT="25">
							<String ID="string_96" HPOS="197" VPOS="590" WIDTH="143" HEIGHT="24" WC="0.96" CONTENT="sistnämnda,"/><SP WIDTH="22" VPOS="590" HPOS="340"/>
							<String ID="string_97" HPOS="362" VPOS="589" WIDTH="80" HEIGHT="21" WC="0.96" CONTENT="beslöts"/><SP WIDTH="24" VPOS="589" HPOS="442"/>
							<String ID="string_98" HPOS="466" VPOS="593" WIDTH="33" HEIGHT="17" WC="0.96" CONTENT="att"/><SP WIDTH="22" VPOS="593" HPOS="499"/>
							<String ID="string_99" HPOS="521" VPOS="590" WIDTH="32" HEIGHT="20" WC="0.96" CONTENT="till"/><SP WIDTH="16" VPOS="590" HPOS="553"/>
							<String ID="string_100" HPOS="569" VPOS="589" WIDTH="107" HEIGHT="22" WC="0.96" CONTENT="utskottet"/><SP WIDTH="16" VPOS="589" HPOS="676"/>
							<String ID="string_101" HPOS="692" VPOS="590" WIDTH="160" HEIGHT="21" WC="0.96" CONTENT="återremittera"/><SP WIDTH="15" VPOS="590" HPOS="852"/>
							<String ID="string_102" HPOS="867" VPOS="592" WIDTH="116" HEIGHT="19" WC="0.96" CONTENT="momentet"/><SP WIDTH="15" VPOS="592" HPOS="983"/>
							<String ID="string_103" HPOS="998" VPOS="590" WIDTH="35" HEIGHT="20" WC="0.96" CONTENT="för"/>
						</TextLine>
						<TextLine ID="line_13" HPOS="196" VPOS="618" WIDTH="835" HEIGHT="28">
							<String ID="string_104" HPOS="196" VPOS="618" WIDTH="68" HEIGHT="21" WC="0.96" CONTENT="sådan"/><SP WIDTH="17" VPOS="618" HPOS="264"/>
							<String ID="string_105" HPOS="281" VPOS="618" WIDTH="181" HEIGHT="28" WC="0.96" CONTENT="omformulering,"/><SP WIDTH="16" VPOS="618" HPOS="462"/>
							<String ID="string_106" HPOS="478" VPOS="621" WIDTH="31" HEIGHT="19" WC="0.93" CONTENT="att"/><SP WIDTH="16" VPOS="621" HPOS="509"/>
							<String ID="string_107" HPOS="525" VPOS="618" WIDTH="216" HEIGHT="28" WC="0.89" CONTENT="pröfningsnämnden"/><SP WIDTH="17" VPOS="618" HPOS="741"/>
							<String ID="string_108" HPOS="758" VPOS="618" WIDTH="51" HEIGHT="28" WC="0.93" CONTENT="sjelf"/><SP WIDTH="8" VPOS="618" HPOS="809"/>
							<String ID="string_109" HPOS="817" VPOS="618" WIDTH="53" HEIGHT="27" WC="0.91" CONTENT="egde"/><SP WIDTH="12" VPOS="618" HPOS="870"/>
							<String ID="string_110" HPOS="882" VPOS="620" WIDTH="46" HEIGHT="20" WC="0.96" CONTENT="utse"/><SP WIDTH="10" VPOS="620" HPOS="928"/>
							<String ID="string_111" HPOS="938" VPOS="618" WIDTH="31" HEIGHT="21" WC="0.93" CONTENT="sin"/><SP WIDTH="12" VPOS="618" HPOS="969"/>
							<String ID="string_112" HPOS="981" VPOS="618" WIDTH="50" HEIGHT="22" WC="0.91" CONTENT="ord-"/>
						</TextLine>
						<TextLine ID="line_14" HPOS="192" VPOS="646" WIDTH="97" HEIGHT="22">
							<String ID="string_113" HPOS="192" VPOS="646" WIDTH="97" HEIGHT="22" WC="0.95" CONTENT="förande."/>
						</TextLine>
					</TextBlock>
					<TextBlock ID="block_4" HPOS="195" VPOS="675" WIDTH="835" HEIGHT="142">
						<TextLine ID="line_15" HPOS="264" VPOS="675" WIDTH="765" HEIGHT="27">
							<String ID="string_114" HPOS="264" VPOS="675" WIDTH="45" HEIGHT="21" WC="0.96" CONTENT="För"/><SP WIDTH="16" VPOS="675" HPOS="309"/>
							<String ID="string_115" HPOS="325" VPOS="676" WIDTH="65" HEIGHT="26" WC="0.96" CONTENT="öfrigt"/><SP WIDTH="17" VPOS="676" HPOS="390"/>
							<String ID="string_116" HPOS="407" VPOS="675" WIDTH="121" HEIGHT="22" WC="0.96" CONTENT="förkastade"/><SP WIDTH="16" VPOS="675" HPOS="528"/>
							<String ID="string_117" HPOS="544" VPOS="675" WIDTH="85" HEIGHT="22" WC="0.96" CONTENT="ståndet"/><SP WIDTH="16" VPOS="675" HPOS="629"/>
							<String ID="string_118" HPOS="645" VPOS="676" WIDTH="26" HEIGHT="21" WC="0.96" CONTENT="de"/><SP WIDTH="17" VPOS="676" HPOS="671"/>
							<String ID="string_119" HPOS="688" VPOS="676" WIDTH="22" HEIGHT="21" WC="0.96" CONTENT="af"/><SP WIDTH="7" VPOS="676" HPOS="710"/>
							<String ID="string_120" HPOS="717" VPOS="676" WIDTH="51" HEIGHT="21" WC="0.96" CONTENT="herr"/><SP WIDTH="9" VPOS="676" HPOS="768"/>
							<String ID="string_121" HPOS="777" VPOS="676" WIDTH="113" HEIGHT="21" WC="0.96" CONTENT="Molander"/><SP WIDTH="10" VPOS="676" HPOS="890"/>
							<String ID="string_122" HPOS="900" VPOS="675" WIDTH="77" HEIGHT="22" WC="0.93" CONTENT="väckta"/><SP WIDTH="10" VPOS="675" HPOS="977"/>
							<String ID="string_123" HPOS="987" VPOS="675" WIDTH="42" HEIGHT="21" WC="0.91" CONTENT="för-"/>
						</TextLine>
						<TextLine ID="line_16" HPOS="195" VPOS="703" WIDTH="835" HEIGHT="28">
							<String ID="string_124" HPOS="195" VPOS="703" WIDTH="82" HEIGHT="27" WC="0.96" CONTENT="slagen,"/><SP WIDTH="23" VPOS="703" HPOS="277"/>
							<String ID="string_125" HPOS="300" VPOS="704" WIDTH="49" HEIGHT="21" WC="0.96" CONTENT="med"/><SP WIDTH="16" VPOS="704" HPOS="349"/>
							<String ID="string_126" HPOS="365" VPOS="705" WIDTH="27" HEIGHT="20" WC="0.96" CONTENT="37"/><SP WIDTH="16" VPOS="705" HPOS="392"/>
							<String ID="string_127" HPOS="408" VPOS="706" WIDTH="69" HEIGHT="20" WC="0.96" CONTENT="röster"/><SP WIDTH="15" VPOS="706" HPOS="477"/>
							<String ID="string_128" HPOS="492" VPOS="706" WIDTH="44" HEIGHT="20" WC="0.96" CONTENT="mot"/><SP WIDTH="18" VPOS="706" HPOS="536"/>
							<String ID="string_129" HPOS="554" VPOS="706" WIDTH="25" HEIGHT="20" WC="0.95" CONTENT="12"/><SP WIDTH="16" VPOS="706" HPOS="579"/>
							<String ID="string_130" HPOS="595" VPOS="704" WIDTH="110" HEIGHT="27" WC="0.96" CONTENT="förslaget,"/><SP WIDTH="16" VPOS="704" HPOS="705"/>
							<String ID="string_131" HPOS="721" VPOS="707" WIDTH="33" HEIGHT="19" WC="0.96" CONTENT="att"/><SP WIDTH="15" VPOS="707" HPOS="754"/>
							<String ID="string_132" HPOS="769" VPOS="704" WIDTH="109" HEIGHT="22" WC="0.93" CONTENT="utskottet"/><SP WIDTH="14" VPOS="704" HPOS="878"/>
							<String ID="string_133" HPOS="892" VPOS="704" WIDTH="53" HEIGHT="26" WC="0.93" CONTENT="egde"/><SP WIDTH="15" VPOS="704" HPOS="945"/>
							<String ID="string_134" HPOS="960" VPOS="704" WIDTH="70" HEIGHT="21" WC="0.96" CONTENT="införa"/>
						</TextLine>
						<TextLine ID="line_17" HPOS="195" VPOS="732" WIDTH="834" HEIGHT="28">
							<String ID="string_135" HPOS="195" VPOS="732" WIDTH="137" HEIGHT="27" WC="0.96" CONTENT="bestämning"/><SP WIDTH="12" VPOS="732" HPOS="332"/>
							<String ID="string_136" HPOS="344" VPOS="732" WIDTH="111" HEIGHT="28" WC="0.95" CONTENT="angående"/><SP WIDTH="15" VPOS="732" HPOS="455"/>
							<String ID="string_137" HPOS="470" VPOS="733" WIDTH="58" HEIGHT="21" WC="0.96" CONTENT="tiden"/><SP WIDTH="16" VPOS="733" HPOS="528"/>
							<String ID="string_138" HPOS="544" VPOS="732" WIDTH="32" HEIGHT="22" WC="0.93" CONTENT="för"/><SP WIDTH="11" VPOS="732" HPOS="576"/>
							<String ID="string_139" HPOS="587" VPOS="733" WIDTH="231" HEIGHT="27" WC="0.91" CONTENT="pröfningsnämndens"/><SP WIDTH="10" VPOS="733" HPOS="818"/>
							<String ID="string_140" HPOS="828" VPOS="732" WIDTH="136" HEIGHT="22" WC="0.96" CONTENT="verksamhet"/><SP WIDTH="10" VPOS="732" HPOS="964"/>
							<String ID="string_141" HPOS="974" VPOS="736" WIDTH="55" HEIGHT="18" WC="0.96" CONTENT="samt"/>
						</TextLine>
						<TextLine ID="line_18" HPOS="197" VPOS="761" WIDTH="833" HEIGHT="28">
							<String ID="string_142" HPOS="197" VPOS="761" WIDTH="49" HEIGHT="21" WC="0.93" CONTENT="med"/><SP WIDTH="19" VPOS="761" HPOS="246"/>
							<String ID="string_143" HPOS="265" VPOS="761" WIDTH="159" HEIGHT="27" WC="0.91" CONTENT="öfvervägande"/><SP WIDTH="16" VPOS="761" HPOS="424"/>
							<String ID="string_144" HPOS="440" VPOS="761" WIDTH="109" HEIGHT="28" WC="0.92" CONTENT="pluralitet"/><SP WIDTH="15" VPOS="761" HPOS="549"/>
							<String ID="string_145" HPOS="564" VPOS="761" WIDTH="103" HEIGHT="27" WC="0.93" CONTENT="förslaget"/><SP WIDTH="16" VPOS="761" HPOS="667"/>
							<String ID="string_146" HPOS="683" VPOS="768" WIDTH="34" HEIGHT="15" WC="0.96" CONTENT="om"/><SP WIDTH="16" VPOS="768" HPOS="717"/>
							<String ID="string_147" HPOS="733" VPOS="764" WIDTH="33" HEIGHT="19" WC="0.96" CONTENT="att"/><SP WIDTH="15" VPOS="764" HPOS="766"/>
							<String ID="string_148" HPOS="781" VPOS="762" WIDTH="77" HEIGHT="21" WC="0.93" CONTENT="besvär"/><SP WIDTH="15" VPOS="762" HPOS="858"/>
							<String ID="string_149" HPOS="873" VPOS="761" WIDTH="55" HEIGHT="27" WC="0.89" CONTENT="finge"/><SP WIDTH="9" VPOS="761" HPOS="928"/>
							<String ID="string_150" HPOS="937" VPOS="767" WIDTH="93" HEIGHT="21" WC="0.89" CONTENT="egarum"/>
						</TextLine>
						<TextLine ID="line_19" HPOS="196" VPOS="789" WIDTH="396" HEIGHT="28">
							<String ID="string_151" HPOS="196" VPOS="789" WIDTH="59" HEIGHT="22" WC="0.92" CONTENT="öfver"/><SP WIDTH="16" VPOS="789" HPOS="255"/>
							<String ID="string_152" HPOS="271" VPOS="789" WIDTH="230" HEIGHT="28" WC="0.92" CONTENT="pröfningsnämndens"/><SP WIDTH="15" VPOS="789" HPOS="501"/>
							<String ID="string_153" HPOS="516" VPOS="789" WIDTH="76" HEIGHT="22" WC="0.96" CONTENT="beslut."/>
						</TextLine>
					</TextBlock>
				</ComposedBlock>
				<ComposedBlock ID="cblock_6" HPOS="196" VPOS="851" WIDTH="834" HEIGHT="58">
					<TextBlock ID="block_5" HPOS="196" VPOS="851" WIDTH="834" HEIGHT="58">
						<TextLine ID="line_20" HPOS="265" VPOS="851" WIDTH="765" HEIGHT="29">
							<String ID="string_154" HPOS="265" VPOS="853" WIDTH="43" HEIGHT="21" WC="0.96" CONTENT="Det"/><SP WIDTH="15" VPOS="853" HPOS="308"/>
							<String ID="string_155" HPOS="323" VPOS="853" WIDTH="6" HEIGHT="21" WC="0.93" CONTENT="i"/><SP WIDTH="16" VPOS="853" HPOS="329"/>
							<String ID="string_156" HPOS="345" VPOS="855" WIDTH="119" HEIGHT="19" WC="0.96" CONTENT="momentet"/><SP WIDTH="13" VPOS="855" HPOS="464"/>
							<String ID="string_157" HPOS="477" VPOS="852" WIDTH="177" HEIGHT="23" WC="0.93" CONTENT="förekommande"/><SP WIDTH="16" VPOS="852" HPOS="654"/>
							<String ID="string_158" HPOS="670" VPOS="852" WIDTH="122" HEIGHT="28" WC="0.92" CONTENT="tryckfelet,"/><SP WIDTH="17" VPOS="852" HPOS="792"/>
							<String ID="string_159" HPOS="809" VPOS="852" WIDTH="26" HEIGHT="28" WC="0.77" CONTENT=",,8"/><SP WIDTH="13" VPOS="852" HPOS="835"/>
							<String ID="string_160" HPOS="848" VPOS="852" WIDTH="38" HEIGHT="21" WC="0.93" CONTENT="53&quot;"/><SP WIDTH="11" VPOS="852" HPOS="886"/>
							<String ID="string_161" HPOS="897" VPOS="852" WIDTH="5" HEIGHT="21" WC="0.93" CONTENT="i"/><SP WIDTH="12" VPOS="852" HPOS="902"/>
							<String ID="string_162" HPOS="914" VPOS="851" WIDTH="71" HEIGHT="23" WC="0.96" CONTENT="stället"/><SP WIDTH="11" VPOS="851" HPOS="985"/>
							<String ID="string_163" HPOS="996" VPOS="853" WIDTH="34" HEIGHT="20" WC="0.96" CONTENT="för"/>
						</TextLine>
						<TextLine ID="line_21" HPOS="196" VPOS="880" WIDTH="261" HEIGHT="29">
							<String ID="string_164" HPOS="196" VPOS="880" WIDTH="27" HEIGHT="29" WC="0.67" CONTENT="»8"/><SP WIDTH="16" VPOS="880" HPOS="223"/>
							<String ID="string_165" HPOS="239" VPOS="882" WIDTH="42" HEIGHT="21" WC="0.83" CONTENT="55*"/><SP WIDTH="16" VPOS="882" HPOS="281"/>
							<String ID="string_166" HPOS="297" VPOS="881" WIDTH="70" HEIGHT="22" WC="0.93" CONTENT="skulle"/><SP WIDTH="15" VPOS="881" HPOS="367"/>
							<String ID="string_167" HPOS="382" VPOS="883" WIDTH="75" HEIGHT="20" WC="0.95" CONTENT="rättas."/>
						</TextLine>
					</TextBlock>
				</ComposedBlock>
				<ComposedBlock ID="cblock_7" HPOS="262" VPOS="950" WIDTH="431" HEIGHT="142">
					<TextBlock ID="block_6" HPOS="262" VPOS="950" WIDTH="431" HEIGHT="142">
						<TextLine ID="line_22" HPOS="262" VPOS="950" WIDTH="202" HEIGHT="28">
							<String ID="string_168" HPOS="262" VPOS="950" WIDTH="13" HEIGHT="28" WC="0.85" CONTENT="8"/><SP WIDTH="16" VPOS="950" HPOS="275"/>
							<String ID="string_169" HPOS="291" VPOS="951" WIDTH="28" HEIGHT="21" WC="0.93" CONTENT="57"/><SP WIDTH="16" VPOS="951" HPOS="319"/>
							<String ID="string_170" HPOS="335" VPOS="950" WIDTH="129" HEIGHT="27" WC="0.96" CONTENT="godkändes."/>
						</TextLine>
						<TextLine ID="line_23" HPOS="263" VPOS="1007" WIDTH="430" HEIGHT="28">
							<String ID="string_171" HPOS="263" VPOS="1008" WIDTH="14" HEIGHT="27" WC="0.72" CONTENT="8"/><SP WIDTH="16" VPOS="1008" HPOS="277"/>
							<String ID="string_172" HPOS="293" VPOS="1008" WIDTH="26" HEIGHT="21" WC="0.96" CONTENT="81"/><SP WIDTH="14" VPOS="1008" HPOS="319"/>
							<String ID="string_173" HPOS="333" VPOS="1014" WIDTH="67" HEIGHT="18" WC="0.72" CONTENT="mom."/><SP WIDTH="18" VPOS="1014" HPOS="400"/>
							<String ID="string_174" HPOS="418" VPOS="1008" WIDTH="9" HEIGHT="20" WC="0.93" CONTENT="1"/><SP WIDTH="19" VPOS="1008" HPOS="427"/>
							<String ID="string_175" HPOS="446" VPOS="1007" WIDTH="123" HEIGHT="28" WC="0.96" CONTENT="godkändes"/><SP WIDTH="16" VPOS="1007" HPOS="569"/>
							<String ID="string_176" HPOS="585" VPOS="1007" WIDTH="108" HEIGHT="22" WC="0.96" CONTENT="likaledes."/>
						</TextLine>
						<TextLine ID="line_24" HPOS="263" VPOS="1065" WIDTH="325" HEIGHT="27">
							<String ID="string_177" HPOS="263" VPOS="1065" WIDTH="118" HEIGHT="27" WC="0.91" CONTENT="Angäende"/><SP WIDTH="15" VPOS="1065" HPOS="381"/>
							<String ID="string_178" HPOS="396" VPOS="1071" WIDTH="63" HEIGHT="15" WC="0.96" CONTENT="mom."/><SP WIDTH="17" VPOS="1071" HPOS="459"/>
							<String ID="string_179" HPOS="476" VPOS="1066" WIDTH="13" HEIGHT="20" WC="0.92" CONTENT="2"/><SP WIDTH="15" VPOS="1066" HPOS="489"/>
							<String ID="string_180" HPOS="504" VPOS="1065" WIDTH="84" HEIGHT="27" WC="0.91" CONTENT="yttrade"/>
						</TextLine>
					</TextBlock>
				</ComposedBlock>
				<ComposedBlock ID="cblock_8" HPOS="188" VPOS="1121" WIDTH="841" HEIGHT="367">
					<TextBlock ID="block_7" HPOS="188" VPOS="1121" WIDTH="841" HEIGHT="367">
						<TextLine ID="line_25" HPOS="262" VPOS="1121" WIDTH="766" HEIGHT="29">
							<String ID="string_181" HPOS="259" VPOS="1122" WIDTH="60" HEIGHT="26" WC="0.88" CONTENT="Herr"/><SP WIDTH="16" VPOS="1122" HPOS="319"/>
							<String ID="string_182" HPOS="335" VPOS="1122" WIDTH="131" HEIGHT="28" WC="0.92" CONTENT="Nysten:"/><SP WIDTH="28" VPOS="1122" HPOS="466"/>
							<String ID="string_183" HPOS="494" VPOS="1121" WIDTH="137" HEIGHT="24" WC="0.96" CONTENT="Beträffande"/><SP WIDTH="22" VPOS="1121" HPOS="631"/>
							<String ID="string_184" HPOS="653" VPOS="1122" WIDTH="59" HEIGHT="25" WC="0.96" CONTENT="detta"/><SP WIDTH="15" VPOS="1122" HPOS="712"/>
							<String ID="string_185" HPOS="727" VPOS="1124" WIDTH="98" HEIGHT="21" WC="0.95" CONTENT="moment"/><SP WIDTH="15" VPOS="1124" HPOS="825"/>
							<String ID="string_186" HPOS="840" VPOS="1122" WIDTH="69" HEIGHT="22" WC="0.96" CONTENT="skulle"/><SP WIDTH="13" VPOS="1122" HPOS="909"/>
							<String ID="string_187" HPOS="922" VPOS="1122" WIDTH="37" HEIGHT="27" WC="0.93" CONTENT="jag"/><SP WIDTH="14" VPOS="1122" HPOS="959"/>
							<String ID="string_188" HPOS="973" VPOS="1122" WIDTH="55" HEIGHT="21" WC="0.92" CONTENT="före-"/>
						</TextLine>
						<TextLine ID="line_26" HPOS="192" VPOS="1145" WIDTH="837" HEIGHT="33">
							<String ID="string_189" HPOS="192" VPOS="1145" WIDTH="69" HEIGHT="33" WC="0.92" CONTENT="draga"/><SP WIDTH="28" VPOS="1145" HPOS="261"/>
							<String ID="string_190" HPOS="289" VPOS="1151" WIDTH="167" HEIGHT="34" WC="0.81" CONTENT="propositionen."/><SP WIDTH="22" VPOS="1151" HPOS="456"/>
							<String ID="string_191" HPOS="478" VPOS="1146" WIDTH="15" HEIGHT="43" WC="0.81" CONTENT="—"/><SP WIDTH="7" VPOS="1146" HPOS="493"/>
							<String ID="string_192" HPOS="500" VPOS="1150" WIDTH="73" HEIGHT="28" WC="0.93" CONTENT="Enligt"/><SP WIDTH="25" VPOS="1150" HPOS="573"/>
							<String ID="string_193" HPOS="598" VPOS="1150" WIDTH="56" HEIGHT="22" WC="0.96" CONTENT="hvad"/><SP WIDTH="29" VPOS="1150" HPOS="654"/>
							<String ID="string_194" HPOS="683" VPOS="1151" WIDTH="36" HEIGHT="27" WC="0.93" CONTENT="jag"/><SP WIDTH="23" VPOS="1151" HPOS="719"/>
							<String ID="string_195" HPOS="742" VPOS="1150" WIDTH="91" HEIGHT="22" WC="0.93" CONTENT="förstått"/><SP WIDTH="23" VPOS="1150" HPOS="833"/>
							<String ID="string_196" HPOS="856" VPOS="1150" WIDTH="173" HEIGHT="28" WC="0.93" CONTENT="propositionens"/>
						</TextLine>
						<TextLine ID="line_27" HPOS="193" VPOS="1179" WIDTH="836" HEIGHT="27">
							<String ID="string_197" HPOS="193" VPOS="1179" WIDTH="141" HEIGHT="27" WC="0.92" CONTENT="formulering"/><SP WIDTH="23" VPOS="1179" HPOS="334"/>
							<String ID="string_198" HPOS="357" VPOS="1181" WIDTH="25" HEIGHT="20" WC="0.93" CONTENT="är"/><SP WIDTH="22" VPOS="1181" HPOS="382"/>
							<String ID="string_199" HPOS="404" VPOS="1179" WIDTH="112" HEIGHT="27" WC="0.91" CONTENT="meningen"/><SP WIDTH="23" VPOS="1179" HPOS="516"/>
							<String ID="string_200" HPOS="539" VPOS="1179" WIDTH="86" HEIGHT="22" WC="0.91" CONTENT="dermed"/><SP WIDTH="22" VPOS="1179" HPOS="625"/>
							<String ID="string_201" HPOS="647" VPOS="1181" WIDTH="33" HEIGHT="19" WC="0.93" CONTENT="att"/><SP WIDTH="19" VPOS="1181" HPOS="680"/>
							<String ID="string_202" HPOS="699" VPOS="1180" WIDTH="84" HEIGHT="26" WC="0.91" CONTENT="stadga,"/><SP WIDTH="23" VPOS="1180" HPOS="783"/>
							<String ID="string_203" HPOS="806" VPOS="1181" WIDTH="35" HEIGHT="19" WC="0.96" CONTENT="att"/><SP WIDTH="17" VPOS="1181" HPOS="841"/>
							<String ID="string_204" HPOS="858" VPOS="1179" WIDTH="31" HEIGHT="22" WC="0.93" CONTENT="de"/><SP WIDTH="23" VPOS="1179" HPOS="889"/>
							<String ID="string_205" HPOS="912" VPOS="1179" WIDTH="44" HEIGHT="22" WC="0.91" CONTENT="deri"/><SP WIDTH="27" VPOS="1179" HPOS="956"/>
							<String ID="string_206" HPOS="983" VPOS="1185" WIDTH="46" HEIGHT="16" WC="0.92" CONTENT="om-"/>
						</TextLine>
						<TextLine ID="line_28" HPOS="195" VPOS="1207" WIDTH="834" HEIGHT="28">
							<String ID="string_207" HPOS="195" VPOS="1209" WIDTH="94" HEIGHT="24" WC="0.93" CONTENT="nämnda"/><SP WIDTH="22" VPOS="1209" HPOS="289"/>
							<String ID="string_208" HPOS="311" VPOS="1208" WIDTH="177" HEIGHT="25" WC="0.92" CONTENT="funktionärerna"/><SP WIDTH="15" VPOS="1208" HPOS="488"/>
							<String ID="string_209" HPOS="503" VPOS="1208" WIDTH="61" HEIGHT="21" WC="0.96" CONTENT="skola"/><SP WIDTH="15" VPOS="1208" HPOS="564"/>
							<String ID="string_210" HPOS="579" VPOS="1214" WIDTH="51" HEIGHT="16" WC="0.93" CONTENT="vara"/><SP WIDTH="15" VPOS="1214" HPOS="630"/>
							<String ID="string_211" HPOS="645" VPOS="1207" WIDTH="162" HEIGHT="23" WC="0.96" CONTENT="underkastade"/><SP WIDTH="15" VPOS="1207" HPOS="807"/>
							<String ID="string_212" HPOS="822" VPOS="1207" WIDTH="45" HEIGHT="22" WC="0.95" CONTENT="åtal"/><SP WIDTH="15" VPOS="1207" HPOS="867"/>
							<String ID="string_213" HPOS="882" VPOS="1213" WIDTH="34" HEIGHT="17" WC="0.96" CONTENT="om"/><SP WIDTH="16" VPOS="1213" HPOS="916"/>
							<String ID="string_214" HPOS="932" VPOS="1208" WIDTH="27" HEIGHT="23" WC="0.93" CONTENT="de"/><SP WIDTH="14" VPOS="1208" HPOS="959"/>
							<String ID="string_215" HPOS="973" VPOS="1207" WIDTH="56" HEIGHT="28" WC="0.96" CONTENT="begå"/>
						</TextLine>
						<TextLine ID="line_29" HPOS="192" VPOS="1235" WIDTH="834" HEIGHT="29">
							<String ID="string_216" HPOS="192" VPOS="1237" WIDTH="127" HEIGHT="27" WC="0.93" CONTENT="lagstridiga"/><SP WIDTH="16" VPOS="1237" HPOS="319"/>
							<String ID="string_217" HPOS="335" VPOS="1236" WIDTH="125" HEIGHT="27" WC="0.96" CONTENT="handlingar"/><SP WIDTH="13" VPOS="1236" HPOS="460"/>
							<String ID="string_218" HPOS="473" VPOS="1236" WIDTH="22" HEIGHT="21" WC="0.92" CONTENT="af"/><SP WIDTH="6" VPOS="1236" HPOS="495"/>
							<String ID="string_219" HPOS="501" VPOS="1236" WIDTH="110" HEIGHT="27" WC="0.96" CONTENT="uppenbar"/><SP WIDTH="14" VPOS="1236" HPOS="611"/>
							<String ID="string_220" HPOS="625" VPOS="1236" WIDTH="136" HEIGHT="23" WC="0.72" CONTENT="vårdslöshet"/><SP WIDTH="6" VPOS="1236" HPOS="761"/>
							<String ID="string_221" HPOS="767" VPOS="1237" WIDTH="59" HEIGHT="22" WC="0.93" CONTENT="eller"/><SP WIDTH="10" VPOS="1237" HPOS="826"/>
							<String ID="string_222" HPOS="836" VPOS="1236" WIDTH="48" HEIGHT="22" WC="0.91" CONTENT="väld"/><SP WIDTH="11" VPOS="1236" HPOS="884"/>
							<String ID="string_223" HPOS="895" VPOS="1235" WIDTH="52" HEIGHT="23" WC="0.91" CONTENT="eHer"/><SP WIDTH="10" VPOS="1235" HPOS="947"/>
							<String ID="string_224" HPOS="957" VPOS="1242" WIDTH="69" HEIGHT="16" WC="0.96" CONTENT="annan"/>
						</TextLine>
						<TextLine ID="line_30" HPOS="193" VPOS="1264" WIDTH="833" HEIGHT="28">
							<String ID="string_225" HPOS="193" VPOS="1265" WIDTH="68" HEIGHT="22" WC="0.96" CONTENT="sådan"/><SP WIDTH="23" VPOS="1265" HPOS="261"/>
							<String ID="string_226" HPOS="284" VPOS="1265" WIDTH="70" HEIGHT="22" WC="0.94" CONTENT="orsak."/><SP WIDTH="31" VPOS="1265" HPOS="354"/>
							<String ID="string_227" HPOS="385" VPOS="1265" WIDTH="43" HEIGHT="21" WC="0.96" CONTENT="Det"/><SP WIDTH="19" VPOS="1265" HPOS="428"/>
							<String ID="string_228" HPOS="447" VPOS="1265" WIDTH="39" HEIGHT="22" WC="0.96" CONTENT="har"/><SP WIDTH="12" VPOS="1265" HPOS="486"/>
							<String ID="string_229" HPOS="498" VPOS="1265" WIDTH="108" HEIGHT="33" WC="0.90" CONTENT="nämligen"/><SP WIDTH="16" VPOS="1265" HPOS="606"/>
							<String ID="string_230" HPOS="622" VPOS="1264" WIDTH="77" HEIGHT="23" WC="0.96" CONTENT="hittills"/><SP WIDTH="18" VPOS="1264" HPOS="699"/>
							<String ID="string_231" HPOS="717" VPOS="1265" WIDTH="3" HEIGHT="22" WC="0.96" CONTENT="i"/><SP WIDTH="17" VPOS="1265" HPOS="720"/>
							<String ID="string_232" HPOS="737" VPOS="1265" WIDTH="38" HEIGHT="22" WC="0.96" CONTENT="vär"/><SP WIDTH="16" VPOS="1265" HPOS="775"/>
							<String ID="string_233" HPOS="791" VPOS="1265" WIDTH="132" HEIGHT="27" WC="0.93" CONTENT="lagstiftning"/><SP WIDTH="12" VPOS="1265" HPOS="923"/>
							<String ID="string_234" HPOS="935" VPOS="1264" WIDTH="21" HEIGHT="33" WC="0.93" CONTENT="ej"/><SP WIDTH="16" VPOS="1264" HPOS="956"/>
							<String ID="string_235" HPOS="972" VPOS="1264" WIDTH="54" HEIGHT="22" WC="0.92" CONTENT="före-"/>
						</TextLine>
						<TextLine ID="line_31" HPOS="194" VPOS="1291" WIDTH="835" HEIGHT="30">
							<String ID="string_236" HPOS="194" VPOS="1294" WIDTH="92" HEIGHT="22" WC="0.93" CONTENT="kommit"/><SP WIDTH="23" VPOS="1294" HPOS="286"/>
							<String ID="string_237" HPOS="309" VPOS="1294" WIDTH="65" HEIGHT="27" WC="0.92" CONTENT="nägot"/><SP WIDTH="23" VPOS="1294" HPOS="374"/>
							<String ID="string_238" HPOS="397" VPOS="1300" WIDTH="78" HEIGHT="15" WC="0.92" CONTENT="ansvar"/><SP WIDTH="22" VPOS="1300" HPOS="475"/>
							<String ID="string_239" HPOS="497" VPOS="1295" WIDTH="6" HEIGHT="20" WC="0.96" CONTENT="i"/><SP WIDTH="23" VPOS="1295" HPOS="503"/>
							<String ID="string_240" HPOS="526" VPOS="1294" WIDTH="59" HEIGHT="21" WC="0.93" CONTENT="detta"/><SP WIDTH="22" VPOS="1294" HPOS="585"/>
							<String ID="string_241" HPOS="607" VPOS="1293" WIDTH="100" HEIGHT="22" WC="0.90" CONTENT="afseende"/><SP WIDTH="23" VPOS="1293" HPOS="707"/>
							<String ID="string_242" HPOS="730" VPOS="1293" WIDTH="40" HEIGHT="22" WC="0.93" CONTENT="och"/><SP WIDTH="21" VPOS="1293" HPOS="770"/>
							<String ID="string_243" HPOS="791" VPOS="1293" WIDTH="73" HEIGHT="22" WC="0.90" CONTENT="derför"/><SP WIDTH="14" VPOS="1293" HPOS="864"/>
							<String ID="string_244" HPOS="878" VPOS="1293" WIDTH="40" HEIGHT="22" WC="0.96" CONTENT="har"/><SP WIDTH="16" VPOS="1293" HPOS="918"/>
							<String ID="string_245" HPOS="934" VPOS="1293" WIDTH="6" HEIGHT="22" WC="0.93" CONTENT="i"/><SP WIDTH="15" VPOS="1293" HPOS="940"/>
							<String ID="string_246" HPOS="955" VPOS="1291" WIDTH="74" HEIGHT="29" WC="0.93" CONTENT="dylika"/>
						</TextLine>
						<TextLine ID="line_32" HPOS="195" VPOS="1321" WIDTH="831" HEIGHT="28">
							<String ID="string_247" HPOS="195" VPOS="1323" WIDTH="43" HEIGHT="25" WC="0.92" CONTENT="mål"/><SP WIDTH="10" VPOS="1323" HPOS="238"/>
							<String ID="string_248" HPOS="248" VPOS="1323" WIDTH="33" HEIGHT="22" WC="0.92" CONTENT="de"/><SP WIDTH="22" VPOS="1323" HPOS="281"/>
							<String ID="string_249" HPOS="303" VPOS="1322" WIDTH="106" HEIGHT="22" WC="0.96" CONTENT="tilltalade"/><SP WIDTH="22" VPOS="1322" HPOS="409"/>
							<String ID="string_250" HPOS="431" VPOS="1322" WIDTH="19" HEIGHT="27" WC="0.97" CONTENT="ej"/><SP WIDTH="23" VPOS="1322" HPOS="450"/>
							<String ID="string_251" HPOS="473" VPOS="1322" WIDTH="82" HEIGHT="22" WC="0.93" CONTENT="kunnat"/><SP WIDTH="22" VPOS="1322" HPOS="555"/>
							<String ID="string_252" HPOS="577" VPOS="1321" WIDTH="69" HEIGHT="22" WC="0.95" CONTENT="fällas."/><SP WIDTH="31" VPOS="1321" HPOS="646"/>
							<String ID="string_253" HPOS="677" VPOS="1322" WIDTH="115" HEIGHT="22" WC="0.89" CONTENT="Utskottet"/><SP WIDTH="15" VPOS="1322" HPOS="792"/>
							<String ID="string_254" HPOS="807" VPOS="1322" WIDTH="39" HEIGHT="21" WC="0.93" CONTENT="har"/><SP WIDTH="16" VPOS="1322" HPOS="846"/>
							<String ID="string_255" HPOS="862" VPOS="1321" WIDTH="116" HEIGHT="28" WC="0.95" CONTENT="föreslagit,"/><SP WIDTH="16" VPOS="1321" HPOS="978"/>
							<String ID="string_256" HPOS="994" VPOS="1325" WIDTH="32" HEIGHT="18" WC="0.96" CONTENT="att"/>
						</TextLine>
						<TextLine ID="line_33" HPOS="194" VPOS="1340" WIDTH="833" HEIGHT="41">
							<String ID="string_257" HPOS="194" VPOS="1351" WIDTH="130" HEIGHT="27" WC="0.92" CONTENT="stadgandet"/><SP WIDTH="22" VPOS="1351" HPOS="324"/>
							<String ID="string_258" HPOS="346" VPOS="1351" WIDTH="70" HEIGHT="22" WC="0.96" CONTENT="skulle"/><SP WIDTH="15" VPOS="1351" HPOS="416"/>
							<String ID="string_259" HPOS="431" VPOS="1351" WIDTH="59" HEIGHT="28" WC="0.96" CONTENT="lyda:"/><SP WIDTH="31" VPOS="1351" HPOS="490"/>
							<String ID="string_260" HPOS="521" VPOS="1340" WIDTH="63" HEIGHT="41" WC="0.57" CONTENT="vÄtal"/><SP WIDTH="15" VPOS="1340" HPOS="584"/>
							<String ID="string_261" HPOS="599" VPOS="1353" WIDTH="46" HEIGHT="20" WC="0.92" CONTENT="mot"/><SP WIDTH="16" VPOS="1353" HPOS="645"/>
							<String ID="string_262" HPOS="661" VPOS="1351" WIDTH="197" HEIGHT="27" WC="0.92" CONTENT="stadsfullmäktige"/><SP WIDTH="15" VPOS="1351" HPOS="858"/>
							<String ID="string_263" HPOS="873" VPOS="1350" WIDTH="53" HEIGHT="22" WC="0.95" CONTENT="eller"/><SP WIDTH="13" VPOS="1350" HPOS="926"/>
							<String ID="string_264" HPOS="939" VPOS="1353" WIDTH="46" HEIGHT="20" WC="0.96" CONTENT="mot"/><SP WIDTH="14" VPOS="1353" HPOS="985"/>
							<String ID="string_265" HPOS="999" VPOS="1351" WIDTH="28" HEIGHT="22" WC="0.96" CONTENT="de"/>
						</TextLine>
						<TextLine ID="line_34" HPOS="195" VPOS="1379" WIDTH="830" HEIGHT="28">
							<String ID="string_266" HPOS="195" VPOS="1380" WIDTH="155" HEIGHT="27" WC="0.96" CONTENT="myndigheter,"/><SP WIDTH="15" VPOS="1380" HPOS="350"/>
							<String ID="string_267" HPOS="365" VPOS="1386" WIDTH="46" HEIGHT="15" WC="0.96" CONTENT="som"/><SP WIDTH="16" VPOS="1386" HPOS="411"/>
							<String ID="string_268" HPOS="427" VPOS="1380" WIDTH="23" HEIGHT="21" WC="0.93" CONTENT="af"/><SP WIDTH="13" VPOS="1380" HPOS="450"/>
							<String ID="string_269" HPOS="463" VPOS="1379" WIDTH="171" HEIGHT="23" WC="0.86" CONTENT="rädhusstämma"/><SP WIDTH="15" VPOS="1379" HPOS="634"/>
							<String ID="string_270" HPOS="649" VPOS="1379" WIDTH="53" HEIGHT="22" WC="0.93" CONTENT="eller"/><SP WIDTH="10" VPOS="1379" HPOS="702"/>
							<String ID="string_271" HPOS="712" VPOS="1379" WIDTH="202" HEIGHT="28" WC="0.94" CONTENT="stadsfullmäktige"/><SP WIDTH="4" VPOS="1379" HPOS="914"/>
							<String ID="string_272" HPOS="918" VPOS="1379" WIDTH="107" HEIGHT="32" WC="0.94" CONTENT="tillsättas,"/>
						</TextLine>
						<TextLine ID="line_35" HPOS="195" VPOS="1407" WIDTH="833" HEIGHT="28">
							<String ID="string_273" HPOS="195" VPOS="1408" WIDTH="103" HEIGHT="26" WC="0.59" CONTENT="auställes"/><SP WIDTH="22" VPOS="1408" HPOS="298"/>
							<String ID="string_274" HPOS="320" VPOS="1409" WIDTH="35" HEIGHT="21" WC="0.96" CONTENT="vid"/><SP WIDTH="22" VPOS="1409" HPOS="355"/>
							<String ID="string_275" HPOS="377" VPOS="1408" WIDTH="79" HEIGHT="25" WC="0.93" CONTENT="allmän"/><SP WIDTH="25" VPOS="1408" HPOS="456"/>
							<String ID="string_276" HPOS="481" VPOS="1407" WIDTH="112" HEIGHT="24" WC="0.79" CONTENT="domstol&quot;."/><SP WIDTH="28" VPOS="1407" HPOS="593"/>
							<String ID="string_277" HPOS="621" VPOS="1408" WIDTH="69" HEIGHT="27" WC="0.93" CONTENT="Detta"/><SP WIDTH="16" VPOS="1408" HPOS="690"/>
							<String ID="string_278" HPOS="706" VPOS="1408" WIDTH="122" HEIGHT="27" WC="0.95" CONTENT="stadgande"/><SP WIDTH="14" VPOS="1408" HPOS="828"/>
							<String ID="string_279" HPOS="842" VPOS="1407" WIDTH="89" HEIGHT="23" WC="0.96" CONTENT="finner"/><SP WIDTH="-9" VPOS="1407" HPOS="931"/>
							<String ID="string_280" HPOS="922" VPOS="1414" WIDTH="38" HEIGHT="21" WC="0.96" CONTENT="jag"/><SP WIDTH="15" VPOS="1414" HPOS="960"/>
							<String ID="string_281" HPOS="975" VPOS="1414" WIDTH="53" HEIGHT="20" WC="0.96" CONTENT="vara"/>
						</TextLine>
						<TextLine ID="line_36" HPOS="193" VPOS="1435" WIDTH="834" HEIGHT="30">
							<String ID="string_282" HPOS="193" VPOS="1437" WIDTH="101" HEIGHT="28" WC="0.78" CONTENT="onödigt;"/><SP WIDTH="22" VPOS="1437" HPOS="294"/>
							<String ID="string_283" HPOS="316" VPOS="1437" WIDTH="66" HEIGHT="27" WC="0.96" CONTENT="enligt"/><SP WIDTH="25" VPOS="1437" HPOS="382"/>
							<String ID="string_284" HPOS="407" VPOS="1437" WIDTH="44" HEIGHT="22" WC="0.96" CONTENT="min"/><SP WIDTH="21" VPOS="1437" HPOS="451"/>
							<String ID="string_285" HPOS="472" VPOS="1437" WIDTH="64" HEIGHT="22" WC="0.96" CONTENT="tanke"/><SP WIDTH="16" VPOS="1437" HPOS="536"/>
							<String ID="string_286" HPOS="552" VPOS="1439" WIDTH="23" HEIGHT="19" WC="0.94" CONTENT="är"/><SP WIDTH="15" VPOS="1439" HPOS="575"/>
							<String ID="string_287" HPOS="590" VPOS="1433" WIDTH="37" HEIGHT="26" WC="0.93" CONTENT="det"/><SP WIDTH="14" VPOS="1433" HPOS="627"/>
							<String ID="string_288" HPOS="641" VPOS="1436" WIDTH="113" HEIGHT="28" WC="0.90" CONTENT="sjelffallet,"/><SP WIDTH="14" VPOS="1436" HPOS="754"/>
							<String ID="string_289" HPOS="768" VPOS="1439" WIDTH="48" HEIGHT="21" WC="0.93" CONTENT="att"/><SP WIDTH="4" VPOS="1439" HPOS="816"/>
							<String ID="string_290" HPOS="820" VPOS="1437" WIDTH="77" HEIGHT="26" WC="0.94" CONTENT="sådant"/><SP WIDTH="15" VPOS="1437" HPOS="897"/>
							<String ID="string_291" HPOS="912" VPOS="1437" WIDTH="43" HEIGHT="22" WC="0.96" CONTENT="åtal"/><SP WIDTH="15" VPOS="1437" HPOS="955"/>
							<String ID="string_292" HPOS="970" VPOS="1431" WIDTH="57" HEIGHT="28" WC="0.95" CONTENT="skall"/>
						</TextLine>
						<TextLine ID="line_37" HPOS="188" VPOS="1465" WIDTH="320" HEIGHT="23">
							<String ID="string_293" HPOS="188" VPOS="1465" WIDTH="39" HEIGHT="22" WC="0.91" CONTENT="ske"/><SP WIDTH="15" VPOS="1465" HPOS="227"/>
							<String ID="string_294" HPOS="242" VPOS="1465" WIDTH="59" HEIGHT="22" WC="0.96" CONTENT="inför"/><SP WIDTH="14" VPOS="1465" HPOS="301"/>
							<String ID="string_295" HPOS="315" VPOS="1465" WIDTH="79" HEIGHT="22" WC="0.96" CONTENT="allmän"/><SP WIDTH="16" VPOS="1465" HPOS="394"/>
							<String ID="string_296" HPOS="410" VPOS="1465" WIDTH="98" HEIGHT="23" WC="0.96" CONTENT="domstol."/>
						</TextLine>
					</TextBlock>
				</ComposedBlock>
				<ComposedBlock ID="cblock_9" HPOS="259" VPOS="1523" WIDTH="659" HEIGHT="28">
					<TextBlock ID="block_8" HPOS="259" VPOS="1523" WIDTH="659" HEIGHT="28">
						<TextLine ID="line_38" HPOS="259" VPOS="1523" WIDTH="659" HEIGHT="28">
							<String ID="string_297" HPOS="259" VPOS="1523" WIDTH="57" HEIGHT="22" WC="0.96" CONTENT="Herr"/><SP WIDTH="15" VPOS="1523" HPOS="316"/>
							<String ID="string_298" HPOS="331" VPOS="1523" WIDTH="137" HEIGHT="22" WC="0.93" CONTENT="Neovius"/><SP WIDTH="15" VPOS="1523" HPOS="468"/>
							<String ID="string_299" HPOS="483" VPOS="1523" WIDTH="143" HEIGHT="23" WC="0.92" CONTENT="understödde"/><SP WIDTH="15" VPOS="1523" HPOS="626"/>
							<String ID="string_300" HPOS="641" VPOS="1523" WIDTH="50" HEIGHT="23" WC="0.92" CONTENT="herr"/><SP WIDTH="15" VPOS="1523" HPOS="691"/>
							<String ID="string_301" HPOS="706" VPOS="1524" WIDTH="96" HEIGHT="27" WC="0.92" CONTENT="Nystens"/><SP WIDTH="14" VPOS="1524" HPOS="802"/>
							<String ID="string_302" HPOS="816" VPOS="1524" WIDTH="102" HEIGHT="27" WC="0.92" CONTENT="yrkande."/>
						</TextLine>
					</TextBlock>
				</ComposedBlock>
			</PrintSpace>
		</Page>
	</Layout>
</alto>
