1125 1811
304 131 183 22 Borgareståndet
499 133 59 17 1882.
582 133 27 17 23
621 133 48 20 maj.
858 128 55 20 1453

80 201 87 27 hjelpas.
198 200 45 22 Och
258 203 32 19 att
305 200 218 27 bankförvaltningen
539 201 46 21 icke
601 201 77 21 saknat
693 201 115 27 anledning
819 204 33 19 att
862 202 50 22 vida

79 230 97 26 tidigare,
192 231 27 19 än
235 229 40 21 den
291 230 36 21 det
347 229 81 27 gjorde,
449 230 141 26 undandraga
606 230 90 21 berörda
712 230 72 21 firmor
800 230 38 22 sitt
854 231 56 25 stöd,

78 258 62 22 torde
156 258 81 27 framgå
252 258 23 21 af
289 259 40 21 den
352 258 188 26 omständigheten
563 260 32 19 att
619 258 203 27 Bankfullmäktige,
842 258 68 28 enligt

78 287 57 21 hvad
150 287 61 21 deras
226 287 6 20 i
248 287 50 21 Juni
314 286 40 21 och
379 286 120 21 December
522 286 101 21 månader
641 288 53 20 1877
711 287 198 22 Bankdirektionen

80 315 123 22 meddelade
226 315 87 26 varning
334 315 67 26 gifver
416 315 36 21 vid
474 315 92 26 handen,
583 315 66 22 redan
665 315 34 21 vid
716 315 69 22 denna
800 316 32 21 tid
848 317 62 21 miss-

80 344 75 22 trodde
171 344 62 21 deras
247 343 95 26 förmåga
357 346 32 19 att
405 346 109 19 motsvara
530 344 36 21 det
582 343 129 25 förtroende,
724 343 77 22 hvaraf
810 345 26 21 de
848 345 61 22 kom-

80 373 38 21 mit
133 373 6 20 i
155 372 140 27 åtnjutande.”

148 401 32 22 Då
203 401 104 21 utskottet
330 407 48 20 pag.
403 402 25 19 14
456 400 125 27 medgifver,
604 403 33 19 att
662 401 77 26 vexlar,
766 407 44 16 som
836 402 24 21 af
884 408 26 15 en

79 429 47 22 utaf
148 430 61 21 dessa
231 429 72 22 firmor
323 429 114 22 utställdes
459 430 29 26 på
504 429 39 22 hus
566 430 6 20 i
596 429 103 27 utlandet,
723 429 163 23 diskonterades
904 431 6 20 i

80 458 101 22 Finlands
203 458 67 25 Bank,
293 458 67 21 ehuru
382 458 63 21 deras
464 458 163 27 sammanlagda
654 458 77 27 belopp
754 458 107 28 öfversteg
883 465 26 15 en

80 487 88 26 million,
183 489 56 19 samt
262 489 45 22 ,att
322 487 36 21 det
376 487 46 21 icke
438 487 44 21 kan
505 487 100 21 förnekas
621 489 32 18 att
669 486 91 26 banken,
776 493 45 15 som
837 488 74 21 samti-

79 516 47 27 digt
140 515 84 22 undvek
239 518 33 19 att
287 516 109 21 utsträcka
412 515 94 22 berörda
520 515 73 22 firmas
615 515 111 22 inhemska
749 516 77 24 kredit,
841 516 69 21 skulle

80 544 62 21 hafva
156 544 89 22 handlat
260 551 59 14 mera
334 545 133 26 konseqvent
484 551 33 14 om
534 544 47 26 den,
597 545 65 20 sedan
679 544 48 21 dess
742 544 122 22 förtroende
876 545 34 21 till

79 573 75 22 firman
170 573 94 27 rubbats,
277 573 78 27 jemväl
371 573 55 21 hade
442 573 34 21 till
488 575 30 19 ett
535 573 58 27 lägre
609 573 76 27 belopp
697 573 113 21 inskränkt
824 573 86 22 diskon-

80 602 95 26 teringen
191 602 22 21 af
227 601 48 22 dess
290 602 73 20 vexlar
377 602 29 26 pä
420 601 121 25 utlandet*,
550 601 55 21 hade
621 608 47 14 man
685 603 80 24 väntat,
781 604 32 18 att
825 603 85 20 utskot-

80 632 32 20 tet
126 630 48 22 icke
189 630 54 22 hade
267 630 78 21 lemnat
368 630 126 25 obeaktadt,
509 632 33 19 att
557 630 82 21 landets
659 630 70 21 kredit
745 630 5 20 i
767 630 31 21 sin
815 630 73 22 helhet
904 630 6 21 i

80 658 97 22 utlandet
192 659 68 21 mäste
281 658 63 22 hafva
367 658 107 27 betydligt
497 658 47 21 lidit
560 658 128 27 derigenom,
704 660 32 19 att
756 658 88 22 Banken
860 658 50 22 obe-

79 688 86 26 tingadt
180 688 132 20 diskonterat
328 694 25 14 en
368 687 108 21 insolvent
484 687 73 21 firmas
565 688 115 20 utländska
691 686 73 23 vexlar
772 689 39 19 och
820 688 90 21 sälunda

79 715 61 27 gifvit
163 716 136 26 utländingen
321 722 26 15 en
370 715 55 22 falsk
450 716 148 26 föreställning
613 722 35 15 om
664 716 86 21 firmans
766 716 97 26 förmäga
878 719 34 19 att

80 744 106 22 honorera
208 745 47 21 sina
277 744 147 25 förbindelser,
448 746 32 20 ett
495 744 129 27 förfarande,
647 750 45 16 som
709 744 54 22 varit
779 745 81 21 mindre
876 745 53 22 väl.

81 774 89 20 betänkt
185 773 46 21 frän
246 774 99 21 Bankens
361 774 51 20 sida.

150 801 32 21 Dä
199 802 105 21 utskottet
319 801 61 22 äfven
395 802 7 21 i
418 801 66 27 öfrigt
500 801 118 22 framhällit
629 801 143 22 haltlösheten
789 801 6 21 i
812 801 26 22 de
854 801 58 26 skäl,

80 836 46 15 som
143 830 81 21 anförts
240 830 33 21 för
288 831 26 21 de
329 830 117 21 äsamkade
470 830 136 26 förlusterna,
623 830 108 22 förefaller
746 830 36 21 det
799 830 113 26 oväntadt,

80 861 34 19 att
128 859 112 26 utskottet,
263 859 70 22 säsom
356 859 112 27 päpekats,
490 859 69 22 slutar
581 859 48 22 med
645 861 32 19 att
700 859 77 27 betyga
792 859 33 21 sin
840 859 71 27 glädje

80 887 66 26 öfver,
162 889 32 19 att
209 887 87 22 Banken
312 888 36 20 det
363 887 91 22 oaktadt
471 888 39 20 har
525 888 24 20 sä
564 890 45 19 stor
625 888 62 20 vinst.
711 888 42 21 Det
762 894 62 20 synes
832 889 77 19 nästan

80 922 46 15 som
143 922 34 15 om
193 916 106 22 utskottet
314 916 54 22 efter
383 916 73 21 slutad
471 916 130 26 granskning
623 916 70 22 skulle
708 916 77 21 tänka:
817 916 34 21 Nä
862 916 47 22 Gud

82 944 37 22 ske
134 944 31 22 lof
180 947 32 19 att
227 944 54 22 dock
296 945 46 21 icke
359 944 49 22 hela
423 945 85 21 vinsten
524 945 79 21 strukit
618 944 48 22 med
681 945 40 21 och
737 946 56 20 ännu
807 945 48 21 litet
871 945 39 21 till.

81 972 27 22 Vi
124 972 63 22 hafva
201 973 24 27 ju
240 974 54 21 dock
309 973 66 27 nägot
390 979 53 21 gvar
459 975 33 20 att
507 974 50 20 röra
571 980 35 15 oss
622 973 53 22 med.

151 1002 76 21 Lätom
243 1008 35 15 oss
294 1002 98 22 betrakta
408 1002 41 21 den
467 1002 112 27 beprisade
594 1002 81 22 vinsten
692 1004 104 19 närmare.

151 1030 37 22 Uti
200 1030 92 22 tabellen
300 1032 27 20 29
336 1033 105 25 upptages
450 1030 123 22 densamma
582 1030 33 22 för
622 1031 24 21 är
657 1031 138 21 1877—1881
809 1030 99 22 sålunda:

81 1070 31 27 År
129 1077 53 20 1877
235 1092 40 5 ooo
347 1093 39 4 sr
418 1093 4 5 so
456 1092 4 4 so
492 1092 5 5 sr
564 1092 75 6 00.
671 1076 60 22 Fmk.
769 1077 98 25 990,447:
883 1078 27 20 41

94 1121 12 9 »
130 1105 54 21 188
237 1122 4 4 so
416 1120 150 6 L.
699 1122 10 11 »
747 1106 118 25 1,836,116:
883 1106 28 20 34

92 1150 10 11 n
131 1134 55 21 189
236 1123 54 43 ra:
308 1150 401 12 sn
736 1123 19 43 0
769 1134 142 26 199,574:
879 1123 34 43 33

92 1178 12 9 »
132 1151 68 42 1880
240 1178 72 6 oss
343 1179 40 5 ss
416 1178 77 6 rss
525 1178 40 5 ss
735 1178 1 8 0
768 1163 142 23 600,745:
886 1151 27 42 27

91 1207 12 8 »
132 1191 54 20 1881
236 1207 4 4 S
272 1206 4 5 N
307 1207 5 5 8
380 1207 4 4 ÄR
415 1207 5 5 ss
452 1208 5 4 RH
489 1207 41 5 KOM
561 1207 40 6 Ko»
632 1207 4 5 5
694 1189 13 33 ja
768 1192 99 23 774,689:
884 1192 28 20 87

674 1225 60 22 Fmk.
749 1225 119 26 4,401,573:
885 1226 27 21 22

151 1276 34 21 Då
200 1277 95 21 bankens
309 1277 133 27 omsättning
465 1277 65 27 enligt
547 1277 92 22 tabellen
657 1279 12 19 6
685 1277 33 22 för
733 1283 82 16 samma
830 1276 32 21 tid
878 1278 35 20 ut-

80 1304 59 27 gjort
154 1305 6 20 i
176 1305 64 22 rundt
255 1305 37 22 tal:

82 1351 32 26 År
131 1357 53 20 1877
227 1347 39 41 mos
300 1347 24 41 so
334 1347 26 41 so
370 1347 24 41 ro
406 1347 29 41 so
444 1347 27 41 so
480 1347 26 41 so
516 1347 26 41 so
552 1347 24 41 so
587 1347 24 41 so
623 1347 41 41 so.
695 1373 5 5 >
732 1373 4 5 +
767 1357 144 25 450,400,000

93 1401 11 9 »
132 1385 55 22 1878
228 1376 25 41 so
263 1376 29 41 so
299 1376 21 41 sr
335 1376 26 41 so
373 1402 39 5 ss
445 1376 19 41 rs
481 1376 18 41 so
693 1401 8 6 L
732 1401 4 6 L
767 1386 145 25 400,700,000

93 1429 11 10 »
132 1405 67 40 1879
228 1405 41 40 som
299 1405 23 40 so
336 1405 23 40 oo
374 1431 38 4 ss
446 1430 40 6 rs
519 1405 20 40 so
695 1430 8 6 L
733 1431 5 4 L
770 1405 143 40 330,000,000

93 1459 11 8 »
132 1443 55 21 1880
227 1459 5 5 .
263 1433 19 41 ss
299 1458 40 6 ss
373 1459 38 6 os
447 1459 39 5 os
584 1459 153 6 LL
768 1443 144 26 325,500,000

93 1487 11 9 »
132 1462 67 40 188l
227 1486 40 6 os
301 1486 38 6 sr
370 1472 543 26 LL
765 1462 151 40 325,800,000

82 1522 69 21 måste
167 1529 48 15 man
231 1529 50 15 vara
297 1522 49 27 nöjd
362 1523 48 21 med
427 1523 39 21 bra
481 1521 47 23 litet
550 1523 33 21 för
597 1524 32 20 att
645 1523 70 21 såsom
732 1523 106 21 utskottet
854 1523 58 21 kalla

81 1551 71 21 denna
167 1551 55 22 vinst
238 1567 5 8 ,
244 1551 123 28 betydlig".
