1125 1811
321 145 183 22 Borgareståndet
516 146 59 16 1882.
600 145 28 17 20
639 145 48 21 maj.
869 140 57 21 1397

92 215 104 27 miljoner,
215 221 46 15 som
277 214 163 22 statsutskottet
455 214 7 21 i
474 214 32 21 sin
523 213 118 27 beräkning
655 213 88 27 antagit.
775 214 42 20 Det
832 216 24 19 är
871 216 54 20 tem-

91 244 56 26 ligen
162 243 73 29 gifvet,
251 245 33 20 att
299 244 62 20 äfven
378 245 32 19 ett
425 245 68 19 annat
508 243 63 21 stånd
587 242 96 22 kommer
699 245 32 18 att
741 242 117 22 inskränka
869 243 56 27 jern-

92 272 201 28 vägsbyggnaderna
309 271 33 22 till
358 272 63 21 dessa
435 271 77 25 medel,
524 271 39 21 och
574 271 41 21 blir
626 270 144 22 förhållandet
780 271 32 26 så,
822 271 104 22 behöfvas

92 301 26 21 de
133 307 43 21 nog
191 300 49 22 fullt
255 300 32 21 till
304 300 40 21 den
360 300 215 26 hufvudsträckning,
591 305 44 15 som
651 305 28 15 nu
695 301 24 19 är
733 299 7 21 i
756 299 60 27 fråga
826 302 33 19 att
869 299 57 22 efter

91 329 146 22 Wasabanans
259 328 151 22 fullbordande
433 328 103 27 beläggas
558 328 47 21 med
627 328 78 21 arbete.
737 327 74 22 Skulle
834 328 91 22 sålunda

92 358 119 22 Ständerna
232 357 85 22 komma
333 359 33 19 att
381 357 61 22 anslå
458 357 76 21 endast
550 357 61 21 dessa
627 356 68 21 medel
711 356 33 21 till
758 357 166 28 jernvägsbygg-

92 386 72 26 nader,
187 386 24 21 så
233 392 62 21 synes
317 386 36 21 det
368 392 52 15 vara
435 385 101 27 temligen
552 385 153 22 ändamålslöst
720 387 33 19 att
768 391 28 15 nu
812 386 49 26 ingå
876 386 6 21 i
898 392 27 15 en

91 415 114 27 ingalunda
227 415 40 21 lätt
289 414 163 27 undersökning
474 414 24 21 af
518 414 63 21 dessa
601 413 72 22 lokala
695 414 79 21 banors
792 414 132 27 betydelse
912 409 15 37 i

91 443 118 22 allmänhet
229 443 40 22 och
284 443 63 22 deras
362 443 103 21 inbördes
480 443 132 25 företräden;
627 442 130 22 åtminstone
772 442 68 22 borde
855 443 27 21 då
897 449 28 15 en

91 472 67 22 sådan
179 472 157 27 undersökning
351 471 127 28 inbesparas
494 471 33 22 till
543 472 48 21 dess
606 471 233 28 hufvudsträckningen
855 473 25 20 är
895 471 29 22 af-

92 500 62 28 gjord
176 501 38 21 och
230 500 32 21 till
278 501 48 21 dess
341 500 123 22 Ständerna
479 500 64 21 fattat
558 501 38 20 sitt
611 500 71 21 beslut
697 499 131 22 beträffande
844 500 26 21 de
886 507 39 14 an-

92 530 50 26 slag,
165 535 45 16 som
234 529 33 22 för
287 529 227 28 jernvägsbyggnader
536 529 86 21 komma
641 531 33 19 att
689 529 34 21 vid
737 529 70 21 denna
822 529 104 26 landtdag

92 558 95 27 beviljas.
217 558 40 27 Jag
277 560 45 19 tror
337 558 118 25 dessutom,
472 560 32 19 att
519 558 37 21 det
571 557 6 21 i
593 557 118 22 allmänhet
726 557 54 21 skall
796 557 65 22 blifva
876 563 49 21 syn-

92 586 95 28 nerligen
209 587 58 21 svårt
289 586 34 22 för
338 586 122 22 Ständerna
476 588 32 19 att
522 586 51 26 ingå
588 586 6 20 i
610 586 98 27 pröfning
723 585 23 22 af
760 586 26 21 de
801 586 72 21 lokala
888 586 37 21 be-

92 615 83 21 hofven.
205 615 81 22 Sådant
309 614 42 22 blir
373 614 85 28 mycket
481 614 134 27 vanskligare
645 616 26 20 än
687 614 132 22 beträffande
834 614 90 22 hufvud-

92 644 101 22 banorna.

161 701 55 22 Herr
231 700 177 22 Wasenius:
439 701 43 27 Jag
498 700 37 22 ber
550 702 32 20 att
597 701 22 21 få
634 700 119 25 framhålla,
769 700 36 22 det
813 701 113 27 jernvägs-

92 730 105 21 utskottet
214 730 47 21 icke
277 730 62 21 tänkt
353 730 39 27 sig,
408 732 34 19 att
458 730 26 21 de
500 730 86 26 möjliga
601 729 181 22 subventionerna
796 729 33 21 för
845 729 26 22 de
887 729 38 22 ba-

92 764 45 18 nor,
158 764 46 16 som
227 758 23 22 af
268 758 210 28 jernvägsutskottet
502 758 69 21 blifvit
591 758 118 26 förordade,
725 758 70 22 skulle
810 758 52 26 utgå
876 758 48 22 från

92 787 284 21 kommunikationsfondens
392 786 76 22 medel.
485 787 37 21 Uti
539 787 113 26 klämmen,
667 792 46 16 som
729 787 67 24 angår
811 786 26 21 de
849 787 75 24 banor,

93 815 71 22 hvilka
179 815 23 22 af
213 815 208 27 jernvägsutskottet
436 815 73 22 blifvit
524 815 119 27 förordade,
655 815 62 26 ingår
727 815 40 21 den
778 815 146 27 formulering,

92 846 32 19 att
147 844 119 22 Ständerna
285 844 48 21 ville
348 844 39 21 hos
403 844 61 21 Hans
479 844 120 27 Kejserliga
615 844 100 27 Majestät
730 843 87 22 förorda
832 850 26 15 en
874 844 50 21 sub-

92 873 84 22 vention
192 873 32 21 till
237 873 122 27 jernvägar.
389 873 214 26 Jernvägsutskottet
618 873 55 21 hade
688 872 62 21 tänkt
766 872 40 27 sig,
816 874 33 20 att
859 872 66 22 Stän-

92 902 65 20 derna
180 901 67 21 skulle
270 901 39 21 hos
333 901 59 21 Hans
408 901 102 27 Majestät
526 901 118 25 frambålla,
660 903 32 19 att
707 901 121 21 Ständerna
842 901 33 21 för
890 901 34 21 sin

92 930 33 21 del
148 930 79 26 ansågo
250 930 55 21 vissa
327 930 68 21 banor
415 936 52 15 vara
483 930 100 26 förtjenta
598 932 33 19 att
645 930 175 21 subventioneras
836 930 39 21 och
890 932 34 19 att

92 959 69 21 denna
176 958 125 22 subvention
318 958 68 22 skulle
402 958 22 22 af
438 959 142 21 statsverkets
592 958 114 28 tillgångar
716 958 96 22 banorna
822 958 101 22 tilldelas.

91 987 74 22 Under
186 987 80 22 sådana
288 987 146 21 förhållanden
454 987 70 22 skulle
540 987 82 21 således
637 987 287 21 kommunikationsfondens

91 1016 114 27 tillgångar
220 1016 47 21 icke
282 1016 73 21 utöfva
370 1016 66 26 något
453 1015 117 29 inflytande
585 1016 28 27 på
623 1016 131 21 Ständernas
764 1016 70 21 beslut
845 1015 6 21 i
863 1016 61 21 detta

91 1044 44 22 fall.
165 1044 165 23 Statsutskottet
345 1044 39 22 har
398 1044 90 28 upplyst
502 1051 42 18 om,
560 1046 32 20 att
607 1044 107 22 ordinarie
725 1044 145 22 statsfondens
881 1044 42 21 till-

90 1073 81 28 gåpgar
186 1074 34 20 vid
237 1074 55 20 1882
307 1074 35 20 års
358 1074 80 26 utgång
454 1074 62 20 torde
532 1073 85 21 komma
633 1076 32 18 att
679 1073 72 27 uppgå
766 1073 33 21 till
808 1073 116 27 6.600,000

91 1102 67 26 mark,
174 1102 96 22 enskilda
285 1102 140 21 medlemmar
440 1102 26 21 af
476 1102 160 21 statsutskottet
649 1102 63 21 hafva
723 1102 119 26 kalkylerat
853 1102 71 21 denna

90 1130 90 28 tillgång
201 1130 100 27 ofantligt
316 1130 84 27 mycket
416 1132 76 20 större.
524 1130 73 22 Under
613 1130 81 22 sådana
709 1130 147 22 förhållanden
871 1136 52 16 vore

91 1159 36 21 det
148 1160 81 20 kanske
252 1159 103 27 lämpligt,
379 1162 32 18 att
433 1159 123 21 Ständerna
577 1159 69 21 skulle
669 1160 68 20 uttala
752 1160 32 26 sig
799 1165 35 15 om
849 1159 74 21 hvilka

90 1188 68 21 banor
174 1188 6 21 i
197 1188 59 21 detta
271 1188 51 21 land
337 1188 123 21 Ständerna
475 1188 69 21 skulle
559 1194 50 15 anse
625 1194 50 15 vara
691 1188 100 26 förtjenta
802 1188 23 20 af
834 1194 25 14 en
870 1187 52 21 sub-

90 1216 92 21 vention.
213 1216 39 21 Om
275 1217 69 20 denna
367 1216 139 27 uppfattning
528 1216 22 21 af
571 1217 85 20 ståndet
673 1216 130 27 godkännes,
820 1221 49 16 vore
886 1216 36 21 det

90 1244 46 21 skäl
152 1247 32 19 att
199 1245 70 21 uttala
283 1245 32 26 sig
331 1251 34 15 om
382 1245 125 26 betydelsen
524 1245 22 21 af
560 1245 26 21 de
601 1245 106 21 särskilda
719 1245 74 26 banor,
804 1250 34 15 om
850 1244 72 21 hvilka

90 1273 149 27 petitionerats
254 1273 39 22 hos
310 1273 126 22 Ständerna.

159 1301 40 27 Jag
215 1302 68 21 skulle
299 1302 72 21 derför
386 1302 51 27 vilja
452 1302 85 21 ansluta
552 1302 43 27 mig
611 1301 31 22 till
658 1302 49 21 herr
722 1301 100 22 Neovius'
835 1301 86 28 förslag,

90 1331 33 20 att
137 1331 86 21 ståndet
238 1331 48 21 ville
301 1331 40 21 hos
354 1331 127 27 regeringen
497 1331 86 21 förorda
599 1331 126 21 subvention
741 1331 22 21 af
777 1331 57 20 vissa
846 1330 75 21 banor.

158 1387 57 22 Herr
237 1387 149 22 Neovius:
416 1387 70 22 Äfven
500 1387 37 28 jag
552 1388 39 21 har
605 1388 7 20 i
628 1387 120 22 hufvudsak
764 1387 108 28 uppfattat
887 1391 34 18 ut-

88 1416 93 22 skottets
196 1416 136 22 betänkande
348 1417 7 21 i
370 1417 41 20 den
427 1416 102 27 riktning,
544 1423 45 15 som
605 1416 49 21 herr
669 1416 112 21 Wasenius
796 1415 124 22 framhållit.

88 1445 42 27 Jag
152 1445 47 21 ville
223 1445 55 22 dock
293 1447 58 19 emot
366 1445 51 22 herr
432 1445 94 27 Nystens
540 1445 137 26 andragande
692 1445 111 21 framhålla
819 1445 41 21 den
875 1451 46 15 om-

88 1473 129 27 ständighet,
240 1476 32 18 att
291 1473 7 21 i
314 1473 102 21 händelse
432 1476 32 19 ett
480 1473 62 22 stånd
558 1473 121 22 underkänt
691 1473 153 27 jernvägarnas
859 1473 61 27 bety-

89 1501 58 22 delse
162 1502 32 21 för
209 1502 48 21 vårt
272 1502 49 21 land
337 1502 56 21 ända
408 1502 89 25 derhän,
513 1504 33 19 att
559 1502 36 21 det
606 1504 71 19 ansett
685 1502 125 27 jernvägars
821 1502 100 21 framtida

89 1530 110 27 byggande
220 1530 75 21 endast
318 1530 53 21 böra
394 1530 112 22 fortsättas
522 1531 47 20 med
586 1530 25 22 de
627 1530 143 27 besparingar,
787 1537 45 15 som
848 1530 72 22 kunna
