1125 1811
309 139 180 22 Borgareståndet
502 139 58 17 1882.
585 140 12 16 5
608 140 52 20 juni.
839 135 55 20 1835

130 208 56 22 Herr
207 208 162 22 Wasenius
393 208 144 22 understödde
560 208 49 21 herr
631 208 111 28 Federley.

130 271 56 22 Herr
209 271 127 27 Hoving:
353 270 41 27 Jag
409 270 49 22 ville
474 270 56 22 blott
545 271 60 27 yrka,
627 273 32 19 att
680 271 162 27 bestämningen
860 277 35 15 om

59 300 45 21 400
119 300 61 21 mark
195 299 69 22 skulle
279 300 77 21 ändras
371 299 34 21 till
421 300 43 21 500
479 299 67 21 mark.

130 363 56 21 Herr
208 362 176 21 Rönnbäck:
414 361 34 22 Då
470 361 85 22 Preste-
571 361 39 22 och
633 361 167 22 Bondestånden
823 361 71 22 blifvit

60 391 103 27 inbjudna
177 393 32 19 att
224 391 74 21 förena
313 391 33 26 sig
361 397 35 14 om
412 390 157 27 Ridderskapet
582 390 40 21 och
632 390 81 21 Adelns
724 393 56 18 samt
790 391 103 26 Borgare-

60 419 98 22 ståndets
180 419 69 22 beslut
272 419 132 22 beträffande
428 419 25 21 de
476 419 78 26 frågor,
577 425 46 15 som
645 421 38 19 äro
706 419 24 20 af
744 419 152 26 hufvudsaklig

60 448 52 27 vigt,
134 449 20 20 d.
178 454 18 15 v.
219 454 15 15 8
257 448 74 26 frågan
354 453 35 16 om
412 447 97 27 taxering
532 447 39 22 och
587 447 155 27 rösträttighet,
758 449 66 26 ansåg
839 453 56 16 sam-

62 479 107 19 mansatta
184 477 44 26 lag-
243 476 39 22 och
298 476 207 21 ekonomiutskottet
520 478 33 19 att
571 476 2 21 i
590 476 69 21 denna
674 476 101 27 paragraf
787 476 67 22 borde
868 476 26 21 de

60 505 132 22 sistnämnda
215 505 89 21 stånden
319 505 27 26 gå
362 505 82 21 Preste-
461 505 41 21 och
517 504 165 22 Bondestånden
699 505 32 21 till
747 507 75 24 mötes,
838 505 56 21 helst

61 534 6 21 i
84 534 106 21 utskottet
205 534 165 21 medlemmarne
386 533 23 21 af
420 533 161 22 Bondeståndet
591 533 130 26 förklarade,
732 535 32 20 att
775 536 32 19 ett
817 533 77 22 sådant

61 562 147 27 medgifvande
230 563 7 20 i
259 563 70 20 denna
351 562 69 27 punkt
442 563 72 20 kunde
537 562 118 25 föranleda,
678 564 32 19 att
732 562 162 22 Bondeståndet

60 591 70 21 skulle
154 591 7 21 i
184 591 26 21 de
225 591 67 21 andra
307 591 121 26 punkterna
442 591 28 26 gå
485 591 22 21 in
523 591 27 26 på
566 591 25 20 de
607 591 68 21 andra
690 591 101 21 ståndens
807 591 87 27 åsigter,

60 620 41 22 och
127 620 41 21 kan
189 620 36 26 jag
251 619 95 29 upplysa,
372 621 32 19 att
429 619 161 22 Bondeståndet
615 619 7 21 i
645 620 69 20 denna
737 620 68 26 punkt
828 619 66 22 redan

59 648 58 28 gjort
132 648 28 22 så.

130 706 56 21 Herr
208 705 120 22 Öhman:
355 705 33 21 Då
411 706 60 20 detta
494 705 116 27 lagförslag
632 706 69 21 första
715 705 83 27 gången
810 705 84 21 förevar

59 734 33 22 till
108 734 129 26 behandling
255 734 6 21 i
276 734 182 26 Borgareståndet
474 734 96 21 uttalade
583 734 37 27 jag
633 734 40 21 den
684 734 61 27 åsigt,
756 736 33 20 att
801 734 92 21 minimi-

58 763 108 21 skattöret
182 762 18 27 ej
216 763 67 21 måtte
299 762 117 22 fastställas
431 762 24 22 så
466 762 51 27 lågt,
529 769 45 15 som
585 762 33 22 till
629 763 42 21 200
683 762 68 27 mark,
763 765 51 19 utan
826 762 67 22 blifva

59 791 43 21 300
118 791 67 22 mark.
208 791 75 21 Denna
299 791 56 26 åsigt
370 791 40 21 har
426 791 16 26 ej
458 791 110 21 omfattats
583 791 24 21 af
617 791 126 26 Ständerna,
759 791 86 22 hvarför
854 791 38 27 jag

58 820 20 26 ej
94 820 42 21 kan
152 820 73 21 vidare
241 819 58 22 hålla
315 821 26 25 på
357 819 129 22 densamma.
518 819 45 28 Mig
577 825 63 22 synes
656 819 37 22 det
708 826 52 15 vara
775 819 23 22 af
812 821 81 20 största

59 849 51 26 vigt,
135 850 33 19 att
189 848 47 22 icke
259 848 82 21 minska
357 848 189 27 maximibeloppet
562 848 39 22 och
617 848 90 21 sålunda
722 848 34 21 för
771 849 26 20 de
812 850 82 20 största

58 877 102 22 städerna
176 877 105 22 fastställa
297 879 30 19 ett
343 877 77 26 belopp
436 877 23 20 af
472 878 44 20 400
528 877 61 21 mark
599 877 71 21 såsom
681 877 212 21 existensminimum.

60 906 39 20 Att
122 905 24 21 af
160 905 25 22 de
201 906 88 20 orsaker
305 905 48 21 herr
368 905 121 21 Rönnbäck
504 905 138 26 framställde,
659 905 32 21 för
707 907 32 19 att
754 905 101 27 möjligen
871 905 23 21 få

59 934 85 21 Preste-
163 934 39 22 och
218 933 164 22 Bondestånden
399 936 33 19 att
447 934 49 27 ingå
511 934 28 26 på
555 934 60 21 detta
631 933 263 28 sammanjemkningsför-

59 962 47 27 slag
131 962 6 21 i
161 963 66 21 andra
243 962 118 24 afseenden,
379 964 57 20 ännu
451 963 125 27 ytterligare
593 962 106 27 medgifva
715 969 25 15 en
757 963 137 25 nedsättning

60 991 23 21 af
108 991 99 27 beloppet
232 990 34 22 för
288 991 113 26 skattöret,
423 997 63 15 anser
498 992 38 26 jag
552 992 17 26 ej
585 991 64 21 hafva
664 992 65 26 något
745 992 47 20 skäl
807 991 33 21 för
855 991 39 27 sig.

58 1019 42 27 Jag
122 1020 88 21 föreslår
225 1020 76 26 derför,
317 1022 32 19 att
364 1020 183 26 Borgareståndet
563 1020 112 21 vidblifver
689 1020 38 21 sitt
742 1020 58 21 förra
816 1019 78 22 beslut.

130 1096 55 21 Herr
223 1096 178 26 Björksten:
447 1095 70 22 Äfven
554 1095 37 27 jag
625 1097 61 25 tager
720 1095 43 26 mig
802 1094 93 22 friheten

59 1124 83 24 föreslå,
167 1126 32 20 att
222 1124 180 27 Borgareståndet
425 1124 67 21 måtte
509 1124 102 21 vidblifva
627 1124 36 21 sitt
680 1124 57 21 förra
754 1124 76 25 beslut,
847 1123 48 21 icke

58 1153 73 21 derför
156 1155 31 19 att
211 1153 35 21 det
269 1153 46 21 icke
337 1159 63 21 synes
422 1153 44 26 mig
482 1152 45 22 helt
543 1152 109 28 naturligt,
669 1155 32 19 att
717 1152 57 21 inom
790 1152 26 21 de
832 1151 63 21 flesta

60 1181 127 22 kommuner
209 1182 35 21 det
260 1182 83 26 belopp,
359 1188 46 15 som
421 1182 97 20 kommer
533 1183 32 20 att
581 1183 148 25 representera
744 1183 31 19 ett
791 1180 104 27 skattöre,

60 1210 55 21 skall
136 1210 119 25 nedsättas;
276 1217 47 14 men
342 1210 38 27 jag
394 1215 64 16 anser
473 1210 67 27 något
555 1209 46 22 skäl
617 1209 18 27 ej
652 1209 114 22 förefinnas
781 1211 33 19 att
831 1208 64 21 binda

60 1238 153 22 kommunerna
238 1239 34 20 vid
288 1241 31 18 ett
334 1238 59 26 lägre
409 1238 85 27 belopp,
510 1238 27 21 då
553 1238 148 21 erfarenheten
718 1244 28 15 nu
761 1237 61 26 visat,
840 1239 33 19 att
888 1238 7 20 i

60 1267 108 27 åtskilliga
189 1267 126 22 kommuner
337 1269 30 19 ett
391 1267 66 26 högre
477 1267 77 27 belopp
569 1269 28 19 än
613 1267 42 21 400
679 1267 60 20 mark
755 1266 53 27 gällt
824 1266 71 21 såsom

60 1297 32 20 ett
114 1295 101 22 skattöre.
246 1295 45 22 Och
313 1295 36 22 vill
369 1295 38 27 jag
430 1295 101 22 särskildt
551 1295 88 28 påpeka,
656 1297 32 19 att
704 1295 49 21 herr
768 1294 127 25 Rönnbäck,

60 1329 46 16 som
133 1331 29 14 nu
178 1324 103 27 tillstyrkt
295 1324 131 27 antagandet
441 1324 23 21 af
478 1324 108 27 förslaget,
603 1324 68 21 under
687 1324 147 21 diskussionen
850 1324 46 20 sär-

59 1352 66 22 skildt
140 1353 130 26 pointerade,
285 1355 32 19 att
333 1353 36 21 det
385 1359 51 15 vore
452 1352 87 22 alldeles
556 1353 109 26 antagligt,
679 1355 32 18 att
726 1352 100 27 samtliga
835 1351 60 21 kom-

60 1387 76 15 muner
158 1381 84 22 komme
265 1384 32 19 att
319 1381 108 22 bibehålla
451 1382 37 21 det
511 1381 172 26 inkomstbelopp
707 1381 69 21 såsom
799 1381 95 20 bestäm-

60 1409 77 22 mande
153 1409 33 22 för
201 1410 269 27 kommunalbeskattning,
486 1416 46 15 som
549 1410 24 21 de
589 1409 76 22 hittills
681 1409 52 22 haft.
761 1409 45 22 Och
820 1409 26 21 då
862 1414 30 15 nu

61 1438 62 22 äfven
138 1437 48 23 från
202 1442 65 18 annat
282 1439 44 21 håll
341 1445 83 15 samma
434 1439 57 26 åsigt
502 1439 97 24 uttalats,
611 1444 62 21 synes
684 1439 35 20 det
729 1438 44 27 mig
780 1444 52 15 vara
841 1436 51 22 fullt

60 1467 48 21 skäl
123 1469 33 19 att
171 1467 46 21 icke
233 1467 65 21 fixera
313 1469 31 19 ett
360 1467 59 27 lägre
436 1467 121 25 maximum,
573 1469 26 19 än
616 1467 56 21 hvad
687 1467 65 21 redan
764 1467 12 21 å
786 1465 108 22 särskilda

61 1497 58 19 orter
147 1495 120 24 förefinnes,
298 1496 39 21 och
363 1498 33 19 att
420 1496 91 21 sålunda
536 1495 106 22 bibehålla
671 1495 41 21 500
738 1495 61 20 mark
821 1494 72 21 såsom

62 1523 173 28 maximibelopp.
