1125 1811
198 128 56 22 1510
440 134 181 21 Borgareståndet
634 135 57 17 1882.
715 136 27 16 25
756 134 50 22 maj.

266 202 57 22 Herr
338 202 168 28 Federley:
530 203 43 21 För
594 203 44 21 min
654 203 33 22 del
704 210 62 16 anser
779 204 38 27 jag
833 204 36 20 det
884 210 50 15 vara
949 204 82 22 mindre

196 231 35 21 väl
251 231 96 26 betänkt,
364 238 34 14 om
422 231 121 22 Ständerna
565 232 70 21 skulle
659 232 45 22 visa
727 232 97 27 exempel
846 232 28 27 på
889 232 86 22 hvilken
990 234 41 26 väg

196 266 50 16 man
268 260 41 21 bör
331 260 56 21 inslå
402 260 7 21 i
425 260 263 28 löneförhöjningsfrägan,
702 263 32 20 att
749 263 119 25 yttermera
883 261 43 21 öka
941 261 26 21 de
982 260 49 22 bäst

195 288 99 22 aflönade
310 288 140 27 tjenstemäns
465 289 7 21 i
487 288 73 22 landet
575 290 67 25 löner,
657 290 20 20 d.
688 292 19 19 ä.
719 290 247 27 banktjenstemännens.
988 290 41 21 Re-

195 317 43 21 dan
253 317 60 21 förut
328 317 41 21 har
383 317 127 27 regeringen
525 317 107 28 begagnat
646 318 33 26 sig
693 317 24 22 af
731 318 41 22 den
788 317 193 27 omständigheten,
997 320 33 19 att

196 345 231 28 banktjenstemännen
449 347 38 20 äro
510 345 53 28 högt
585 346 98 22 aflönade
706 347 71 21 såsom
801 348 33 20 ett
855 347 66 21 motiv
943 346 32 23 för
997 348 32 20 att

196 374 66 21 också
283 374 42 21 öka
347 374 69 21 andra
434 374 139 27 tjenstemäns
588 374 61 23 löner
664 377 52 20 utan
731 377 33 20 att
780 375 63 22 deras
859 375 73 22 arbete
947 375 82 22 kanske

195 404 121 20 motsvarat
337 403 26 21 de
378 402 66 27 löner,
460 409 47 16 som
523 403 26 22 de
563 403 64 27 fingo.
658 404 170 21 Bankutskottet
843 403 45 27 har,
904 404 66 27 enligt
985 405 43 21 min

195 432 63 26 åsigt,
282 431 130 28 fullkomligt
435 431 75 28 riktigt
532 432 124 26 framhållit,
681 435 33 19 att
736 439 35 15 om
794 433 70 26 någon
886 433 57 27 gång
960 433 69 22 ökade

195 459 98 28 göromål
315 459 69 23 skulle
405 460 57 27 hopa
478 461 31 26 sig
523 461 33 21 för
571 461 66 26 några
653 461 22 21 af
690 461 96 22 bankens
802 461 134 27 tjenstemän,
952 462 23 21 så
990 461 40 22 har

196 488 194 22 bankdirektionen
406 489 7 21 i
428 490 26 20 de
477 495 17 16 s.
510 489 20 21 k.
547 489 214 22 diskretionsmedlen
786 489 84 22 tillfälle
886 491 34 20 att
934 490 94 27 utjemna

195 517 64 22 dessa
281 517 202 22 missförhållanden
504 518 40 21 och
567 520 118 25 temporärt
708 518 107 22 förbättra
835 518 146 22 inkomsterna
995 518 33 22 för

195 545 71 28 nägon
289 546 72 27 tjenst,
384 546 64 22 hvars
469 546 136 22 innehafvare
629 548 54 20 varit
705 547 137 27 synnerligen
857 547 107 27 betungad
980 547 47 22 med

193 575 77 21 arbete
293 575 52 21 eller
367 575 56 22 visat
440 575 145 22 framstäende
601 575 116 28 duglighet.
748 576 42 27 Jag
806 576 70 21 skulle
892 575 72 22 derför
980 575 47 22 full-

196 603 92 27 komligt
302 604 76 20 förena
393 603 43 28 mig
451 604 7 20 i
473 603 176 22 bankutskottets
664 604 140 28 afstyrkande
819 604 23 20 af
856 604 67 27 nägra
937 604 91 22 löneför-

195 632 119 27 höjningar.
346 632 63 21 Hvad
424 632 104 22 särskildt
542 632 102 22 beträffar
660 632 40 22 den
711 632 195 28 omständigheten,
917 634 32 20 att
959 633 68 21 öfver-

195 660 102 22 kassören
320 660 96 27 ätnjuter
437 660 67 28 högre
527 661 35 21 lön
586 663 27 19 än
639 661 66 22 förste
721 662 146 24 kamreraren,
882 661 40 21 har
937 661 90 22 bankut-

195 689 83 22 skottet
300 689 49 21 med
371 691 58 20 rätta
451 689 123 27 framhållit,
591 692 32 19 att
639 690 59 21 detta
714 690 53 25 ,har
782 690 34 21 sin
832 690 47 21 fullt
895 690 132 26 berättigade

195 718 70 27 grund
280 718 7 20 i
303 718 40 21 den
359 717 47 22 fara
420 718 33 21 för
468 718 99 22 förluster
579 724 77 21 genom
667 719 150 26 missräkning,
828 718 86 22 hvilken
924 719 102 21 kassören

193 746 74 22 städse
289 747 60 26 löper
371 747 67 21 under
460 747 33 21 sin
509 747 75 27 tjensts
600 747 117 27 utöfning.*
747 747 42 27 Jag
805 753 63 15 anser
883 747 83 22 säledes
980 747 48 22 icke

193 775 48 22 skäl
258 775 115 21 förefinnas
389 775 51 26 deri,
462 778 32 18 att
509 775 66 22 förste
590 776 137 21 kamreraren
743 778 24 19 är
783 776 175 21 öfverkassörens
973 776 54 26 chef,

197 805 33 20 att
245 803 53 22 hans
314 803 35 22 lön
365 803 71 22 derför
451 803 55 22 skall
522 804 57 25 ökas,
597 804 26 21 dä
639 804 52 21 hans
707 810 78 16 ansvar
801 804 48 21 icke
864 806 24 19 är
903 806 69 19 större
987 803 39 23 och

192 832 45 22 han
260 832 48 21 icke
330 832 61 27 löper
413 839 26 14 en
462 833 66 21 sädan
550 833 46 21 fara
618 833 33 21 för
672 833 108 26 förluster,
796 839 47 15 som
860 833 166 24 öfverkassören,

195 860 86 22 hvilken
303 861 40 21 har
365 861 35 26 sig
419 864 59 19 stora
497 862 200 26 penningesummor
719 861 148 22 anförtrodda.
897 861 40 27 Jag
957 861 70 22 skulle

192 889 76 22 derför
283 890 85 21 biträda
384 889 116 22 utskottets
516 890 85 26 förslag.

265 947 56 21 Herr
336 946 125 22 Heikel:
478 946 32 22 Dä
526 946 180 27 Borgareständet
717 946 35 22 vid
763 946 158 28 behandlingen
932 946 23 22 af
963 948 63 20 stats-

194 975 119 22 utskottets
335 975 136 21 betänkande
488 975 48 21 med
551 975 114 27 anledning
681 976 22 20 af
717 975 189 21 finansrelationen
923 975 103 27 beviljade

195 1004 125 26 regeringen
344 1004 126 26 fullständig
491 1004 126 21 indemnitet
633 1003 34 22 för
687 1004 40 21 den
743 1004 89 21 införda
846 1003 108 22 allmänna
969 1004 57 21 löne-

193 1032 158 28 förhöjningen,
367 1032 69 22 skulle
459 1032 36 22 det
517 1033 33 21 väl
573 1033 34 21 stå
622 1033 6 21 i
644 1034 74 26 sträng
733 1032 136 28 konseqvens
885 1032 93 27 dermed,
994 1034 32 20 att

195 1062 182 26 Borgareståndet
399 1061 61 22 äfven
483 1067 29 15 nu
533 1061 98 27 förhöjde
653 1061 165 27 ifrågavarande
840 1061 66 21 löner.
937 1061 34 21 Då
990 1061 37 27 jag

193 1090 122 22 emellertid
326 1090 47 21 icke
384 1089 39 22 har
433 1089 93 28 bidragit
537 1090 32 21 till
580 1090 140 21 förenämnda
731 1090 78 26 beslut,
818 1090 37 21 vill
862 1090 36 26 jag
905 1090 46 21 icke
959 1090 68 21 heller

194 1120 54 25 göra
263 1119 37 21 det
315 1119 6 21 i
337 1119 60 21 detta
413 1118 45 27 fall,
474 1118 53 22 allra
542 1119 63 21 minst
621 1119 28 21 då
661 1118 38 28 jag
716 1119 47 21 icke
783 1119 43 21 kan
838 1124 51 16 anse
900 1118 126 26 rangskalan

195 1148 46 25 här,
265 1148 44 21 lika
331 1147 47 21 litet
401 1153 45 15 som
470 1147 35 21 vid
524 1149 81 19 statens
621 1148 141 25 embetsverk,
778 1153 55 15 vara
848 1146 48 25 den,
911 1153 46 15 som
972 1146 54 23 skall

195 1176 120 22 bestämma
330 1182 26 15 en
372 1176 46 21 löns
432 1177 70 20 större
517 1175 52 22 eller
584 1176 82 21 mindre
683 1175 83 28 belopp,
782 1175 42 22 och
840 1175 28 22 dä
880 1175 70 21 dertill
960 1178 67 24 ytter-

195 1211 60 15 mera
270 1205 102 26 kommer,
388 1207 32 18 att
435 1204 61 21 äfven
512 1204 168 27 bankutskottet,
693 1210 47 15 som
752 1206 102 19 närmare
864 1204 84 27 pröfvat
958 1204 69 22 denna

194 1233 70 28 fräga,
280 1235 77 24 ansett,
373 1235 33 19 att
420 1233 70 27 nägon
506 1233 170 27 löneförhöjning
690 1233 47 22 icke
754 1233 40 21 bör
810 1233 86 21 komma
911 1232 73 27 ifräga.

265 1290 56 22 Herr
337 1285 124 26 Öhman:
484 1289 49 22 Med
555 1290 120 21 kännedom
698 1289 23 22 af
735 1290 37 21 det
788 1289 135 28 synnerligen
947 1289 80 22 arbets-

193 1319 70 27 dryga
288 1319 39 21 och
353 1318 141 22 ansvarsfulla
519 1319 118 26 äliggande,
662 1325 46 15 som
731 1317 115 28 medföljer
868 1318 159 23 ombudsmans-

192 1347 96 27 tjensten
304 1347 6 21 i
326 1346 102 22 Finlands
452 1347 68 26 Bank,
542 1347 69 21 skulle
623 1347 38 27 jag
683 1347 75 21 förena
774 1347 45 27 mig
835 1353 35 15 om
886 1346 40 22 den
941 1347 23 21 af
977 1347 50 22 herr

195 1375 116 22 Fabritius'
328 1375 108 28 päyrkade
451 1375 197 27 löneförhöjningen
663 1376 23 21 ät
701 1375 79 22 honom
796 1375 43 22 och
850 1381 62 16 anser
922 1375 46 22 skäl
979 1376 47 21 der-

196 1404 34 22 till
249 1404 114 22 förefinnas
379 1404 6 21 i
401 1405 26 21 de
442 1404 23 21 af
479 1404 201 27 bankfullmäktiges
695 1404 40 22 och
752 1404 195 22 bankdirektionen
962 1404 65 22 fram-

195 1433 74 22 hållna
284 1432 216 28 omständigheterna.

265 1490 56 21 Herr
336 1490 185 27 Björkstén:
537 1490 111 21 Utskottet
663 1490 40 21 har
718 1491 74 20 ansett
808 1489 33 27 sig
856 1489 69 22 sakna
939 1489 46 22 skäl
995 1491 33 19 att

193 1517 110 28 tillstyrka
326 1518 26 21 de
375 1517 24 22 af
419 1518 190 27 bankfullmäktige
631 1518 120 27 föreslagna
766 1517 200 28 löneförhöjningar
980 1517 49 22 huf-
