1125 1811
333 142 183 22 Borgareståndet
528 144 59 17 1882.
611 144 27 17 25
650 144 49 20 maj.
870 139 57 21 1527

93 212 124 28 sträckning
231 214 86 21 komme
332 214 33 20 att
380 212 72 26 blifva,
468 218 46 16 som
531 212 121 22 Ständerna
667 212 111 22 bestämde
786 214 32 20 att
826 214 33 21 till
868 214 56 22 först

92 242 70 22 skulle
178 242 79 28 byggas
272 242 55 21 efter
341 240 145 22 slutförandet
502 241 23 22 af
540 241 101 22 arbetena
657 241 13 22 å
685 241 66 22 Wasa
767 241 77 22 banan.

161 361 223 22 Ekonomiutskottets
400 361 136 23 betänkande
552 361 40 22 N:o
609 363 27 20 10
651 361 7 21 i
674 361 115 27 anledning
797 361 23 22 af
825 364 32 19 ett
866 362 58 22 inom

92 390 161 23 Bondeståndet
269 391 62 21 väckt
353 390 185 27 petitionsförslag
558 397 33 15 om
608 390 77 21 förbud
700 392 45 20 mot
760 390 114 28 hingstföls
888 393 36 20 ut-

91 420 119 27 släppande
224 419 13 22 å
252 419 79 22 allmän
347 419 123 22 betesmark
480 419 115 22 bordlades
607 419 32 22 till
650 419 170 27 morgondagens
829 419 94 28 plenum.

160 573 56 22 Herr
231 574 116 27 Nystön
363 573 69 22 erhöll
448 574 28 27 på
498 573 94 29 begäran
608 573 97 22 tillstånd
727 576 33 19 att
775 575 33 21 för
823 574 99 22 enskilda

90 602 180 27 angelägenheter
286 602 21 22 få
323 602 47 22 från
389 602 37 22 och
442 603 50 21 med
507 603 70 27 tisdag
593 603 52 21 eller
661 602 80 27 onsdag
757 603 7 21 i
779 604 62 20 nästa
855 603 68 21 vecka

90 637 54 15 vara
158 630 63 22 borta
243 630 47 22 från
312 631 190 22 sammanträdena
525 632 67 21 under
608 631 40 22 den
672 631 136 22 återstående
824 632 60 21 tiden
900 631 25 21 af

90 660 136 27 landtdagen.

160 780 39 21 Till
213 780 105 27 justering
333 780 111 27 upplästes
460 781 67 26 några
542 780 197 27 protokollsutdrag
754 780 34 21 för
796 780 60 21 detta
864 786 57 15 sam-

89 809 118 21 manträde.

158 934 57 22 Herr
229 934 156 22 Talmannen
401 934 129 22 hemställde
542 934 31 22 till
587 934 86 22 ståndet
681 934 103 22 huruvida
794 935 125 26 detsamma,

87 963 68 22 sedan
170 969 88 16 numera
273 963 46 22 från
335 963 85 22 Preste-
436 963 41 22 och
493 963 164 22 Bondestånden
673 964 101 21 inkomna
789 963 131 27 protokolls-

88 992 79 27 utdrag
182 992 62 27 gåfvo
260 992 35 21 vid
311 992 91 26 handen,
418 994 34 20 att
468 992 63 22 dessa
546 992 63 22 stånd
624 994 87 20 stannat
727 992 6 21 i
743 992 83 22 samma
841 992 77 25 beslut,

88 1026 46 16 som
158 1021 180 27 Borgareståndet
360 1020 136 22 beträffande
518 1020 83 22 antalet
619 1020 21 22 af
655 1020 197 27 bankfullmäktige,
869 1020 49 22 ville

88 1050 119 21 bestämma
222 1050 56 21 valet
301 1050 23 21 af
341 1048 193 28 bankfullmäktige
557 1049 40 22 och
620 1050 62 20 deras
703 1049 138 27 suppleanter
863 1050 56 20 samt

87 1078 106 22 revisorer
208 1078 39 22 och
263 1078 232 28 revisorssuppleanter
516 1080 32 20 att
563 1078 92 27 försiggå
670 1078 35 21 vid
727 1078 168 22 sammanträdet
911 1078 7 20 i

86 1112 96 22 morgon.

156 1164 90 22 Ståndet
261 1164 69 22 beslöt
353 1164 123 22 emellertid
499 1166 33 20 att
547 1166 57 20 ännu
625 1164 114 27 uppskjuta
754 1164 48 22 med
813 1164 105 27 ifrågava-

85 1192 67 22 rande
168 1194 40 21 val.

154 1283 71 23 Sedan
241 1284 85 28 plenum
341 1285 7 21 i
364 1290 90 21 morgon
471 1286 80 20 utsatts
566 1285 32 20 att
613 1284 87 27 vidtaga
715 1284 29 21 kl.
760 1285 13 21 5
789 1284 53 22 efter
864 1284 54 21 mid-

84 1313 76 27 dagen,
176 1313 117 22 afslutades
307 1315 68 20 mötet
389 1312 29 22 kl.
435 1313 29 26 !/;
477 1315 25 20 11
520 1312 53 23 efter
589 1313 119 26 middagen.

676 1375 25 22 In
716 1375 72 22 fidem:

604 1421 58 22 Karl
677 1421 171 28 Langenskiöld.
