1125 1811
224 128 56 21 1780
468 134 181 21 Borgareståndet
660 135 59 17 1882.
743 136 13 16 3
766 135 54 21 juni.

223 204 32 20 tre
277 202 75 26 stånd;
378 203 36 21 det
436 209 50 15 vore
510 203 27 21 då
558 204 116 26 ingalunda
689 206 32 19 ett
736 203 140 27 Ständerhus,
893 202 80 22 hvilket
987 203 69 21 skulle

222 231 99 27 uppfylla
344 232 38 20 sitt
402 231 106 22 ändamål.
538 232 41 26 Jag
595 232 38 21 ber
648 235 33 19 att
696 232 21 22 få
733 232 95 27 tillägga,
845 234 31 18 att
889 232 37 26 jag
941 231 72 22 ibland
1029 232 26 20 de

222 260 79 26 många
324 260 122 26 föreslagna
469 263 106 19 tomterna
598 266 63 16 anser
685 261 186 27 Mynthustomten
886 266 51 16 vara
952 266 26 15 en
994 260 22 22 af
1030 260 26 22 de

223 288 54 21 allra
300 288 160 27 olämpligaste;
476 295 49 14 men
541 290 36 20 det
592 290 96 25 oaktadt,
697 289 34 21 för
746 292 33 18 att
794 290 85 20 komma
896 289 32 20 till
943 288 66 27 något
1023 295 33 15 re-

223 317 73 49 sulfat;
319 316 35 21 vill
375 317 37 26 jag
430 317 46 22 icke
492 319 103 20 motsätta
611 318 43 27 mig
670 318 136 21 densammas
822 317 155 22 omnämnande
992 317 7 21 i
1015 317 41 22 för-

223 347 76 25 slaget.

294 403 57 20 Herr
366 403 176 21 Wasenius:
562 399 67 26 Äfven
643 404 36 26 jag
695 403 37 22 ber
748 405 33 20 att
796 403 22 21 få
834 403 93 26 förorda,
943 403 36 21 det
995 403 60 22 Stån-

224 431 36 22 det
275 432 67 21 måtte
359 431 101 22 vidblifva
474 432 38 21 sitt
528 431 57 22 förra
601 431 70 22 beslut
687 438 41 21 om,
745 434 33 19 att
794 434 32 19 ett
841 431 132 22 Ständerhus
989 432 66 21 borde

223 459 105 28 uppföras
344 459 40 22 och
399 460 48 21 icke
460 463 30 18 ett
506 461 40 21 hus
560 461 33 21 för
609 461 76 21 endast
699 463 77 19 trenne
792 460 69 22 stånd.
892 460 33 21 Då
941 460 36 21 det
992 467 29 14 nu
1032 462 24 19 är

223 488 114 27 påtagligt,
360 490 34 19 att
416 489 183 27 Mynthustomten
622 490 47 21 icke
691 491 24 20 är
737 489 127 27 tillräckligt
887 492 45 18 stor
954 488 33 22 för
1004 495 51 21 upp-

224 517 91 22 förande
330 517 24 21 af
369 520 31 18 ett
416 517 238 28 fyraständshus,anser
667 518 37 27 jag
719 518 76 27 frågan
811 524 34 15 om
862 518 70 21 denna
946 517 56 27 plats
1017 517 38 21 all-

225 546 58 21 deles
306 545 53 22 böra
379 546 89 21 förfalla.
498 547 41 27 Jag
554 553 33 15 ser
602 547 47 21 icke
665 547 65 26 något
746 547 47 21 skäl
809 546 86 21 hvarför
910 546 47 21 icke
972 546 82 21 Preste-

224 575 40 21 och
279 575 167 21 Bondestånden
462 575 66 22 hellre
544 576 101 21 förenade
661 576 32 26 sig
709 582 34 15 om
760 578 31 19 ett
807 575 70 21 beslut
893 575 81 27 gående
989 577 24 18 ut
1028 575 27 26 på

223 603 113 27 byggande
359 603 23 21 af
404 606 31 18 ett
457 603 166 27 fyraståndshus,
647 606 26 19 än
697 606 32 19 att
746 604 27 21 de
789 604 69 26 öfriga
873 605 77 19 tvenne
965 603 90 21 stånden

224 631 69 21 skulle
317 632 69 21 måsta
410 632 84 21 biträda
515 634 31 20 ett
569 632 70 22 beslut
662 638 41 20 om,
719 634 33 20 att
768 633 78 21 endast
861 634 31 19 ett
907 631 148 22 treståndshus

224 660 70 21 blefve
318 660 109 27 uppfördt.
460 661 113 21 Dessutom
597 661 113 27 föreligger
735 662 42 20 den
805 660 192 27 omständigheten,
1023 662 32 19 att

224 688 163 22 Presteståndet
410 691 56 19 ännu
489 690 47 21 icke
558 689 78 27 afgjort
657 690 40 21 den
720 690 135 27 inbjudning,
879 696 45 14 som
940 689 47 21 från
1002 689 53 21 Bor-

224 718 139 26 gareståndet
385 718 33 20 till
439 718 117 22 detsamma
571 718 111 22 framförts
698 725 34 15 om
748 720 34 20 att
797 718 86 21 ståndet
899 718 66 21 måtte
981 717 74 21 förena

225 746 32 27 sig
280 752 35 15 om
337 747 193 26 Borgareståndets
545 747 70 21 beslut
630 746 133 22 beträffande
778 747 82 21 inlösen
877 746 21 22 af
905 746 150 22 Riddarhuset.

225 774 74 22 Skulle
321 775 163 21 Presteståndet
506 776 72 21 förena
601 776 33 26 sig
650 782 33 14 om
699 776 155 27 inbjudningen
871 788 27 3 —
913 775 81 20 hvilket
1009 775 46 20 icke

225 805 24 19 är
272 803 123 26 otänkbart,
418 804 28 21 då
461 806 31 19 ett
507 804 79 26 förslag
601 804 57 21 inom
674 804 164 21 Presteståndet
854 804 6 21 i
876 803 111 22 enahanda
1001 803 55 27 syfte

224 831 38 22 föll
285 832 48 21 med
357 832 76 21 endast
455 835 77 19 tvenne
554 835 80 19 rösters
657 833 109 27 majoritet
788 845 30 2 —
834 833 23 20 så
877 833 62 26 hyser
957 832 37 27 jag
1009 832 46 21 icke

224 861 75 20 tvifvel
315 861 79 26 derom,
411 863 32 19 att
458 861 18 26 ej
493 861 157 27 Ridderskapet
665 862 40 21 och
721 861 70 22 Adeln
808 861 62 21 äfven
881 867 66 21 gerna
957 861 99 20 biträdde

225 889 61 21 detta
309 889 75 25 beslut,
406 889 40 21 och
462 890 28 20 då
504 896 50 15 vore
570 893 32 18 tre
617 890 74 21 stånds
707 890 113 26 pluralitet
835 889 32 21 för
882 889 74 26 frågan
971 895 85 15 vunnen

224 920 57 19 samt
297 918 66 20 saken
379 918 83 21 således
477 918 6 21 i
499 918 40 22 och
554 918 48 21 med
618 918 118 22 detsamma
752 919 49 20 löst.

295 975 56 21 Herr
367 975 127 21 Heikel:
515 971 66 26 Äfven
596 976 36 26 jag
647 976 38 20 ber
700 978 33 18 att
748 976 22 20 få
787 974 139 27 understödja
941 976 40 20 den
997 975 61 26 åsigt,

225 1010 46 15 som
287 1004 39 21 här
341 1004 97 26 uttalats,
454 1006 32 19 att
501 1004 105 27 nämligen
622 1004 187 27 Mynthustomten
826 1003 87 22 alldeles
929 1004 46 20 icke
991 1003 66 21 borde

225 1035 106 24 upptagas
353 1033 32 21 uti
408 1032 156 22 instruktionen
587 1033 33 21 för
644 1033 40 21 den
707 1033 110 21 blifvande
833 1032 156 26 delegationen,
1005 1034 51 19 utan

226 1062 45 20 deri
286 1061 77 21 främst
377 1063 88 19 nämnas
480 1062 76 20 endast
571 1062 36 21 det
617 1062 86 26 förslag,
715 1068 46 15 som
773 1060 182 28 Borgareståndet
965 1061 91 26 tidigare

225 1090 120 21 framställt.
360 1096 2 4 '
376 1090 42 21 För
434 1090 64 26 öfrigt
513 1090 38 22 ber
563 1090 37 27 jag
615 1093 32 19 att
662 1091 21 21 få
699 1091 92 26 påpeka,
808 1092 32 19 att
856 1090 6 20 i
877 1089 107 21 klämmen
995 1090 61 26 ingår

226 1120 31 20 ett
280 1118 39 22 ord
341 1118 110 26 ,främst*,
467 1118 136 27 hvarigenom
619 1119 36 21 det
670 1119 90 21 faktiskt
776 1118 142 22 öfverlemnas
934 1118 21 21 åt
971 1118 85 26 delega-

225 1148 73 20 tionen
314 1149 32 19 att
362 1147 55 21 efter
432 1150 49 24 eget
496 1148 150 26 godtfinnande
663 1148 54 27 välja
733 1148 88 21 hvilken
837 1149 55 19 tomt
908 1147 39 21 den
963 1146 94 27 behagar

226 1176 40 21 och
282 1176 68 21 likaså
366 1178 32 19 att
414 1176 44 21 låta
473 1178 95 25 uppgöra
583 1176 104 27 ritningar
703 1177 32 21 till
752 1176 62 22 detta
829 1176 39 21 hus
884 1176 45 20 helt
940 1175 39 21 och
991 1175 66 21 hållet

226 1204 54 21 efter
303 1205 26 20 de
351 1205 85 26 åsigter,
452 1211 45 14 som
512 1205 57 20 inom
585 1206 148 25 delegationen
749 1205 73 21 kunde
838 1206 52 24 göra
906 1204 31 26 sig
952 1204 103 26 gällande.

225 1233 42 27 Jag
283 1235 46 19 tror
345 1233 129 26 visserligen,
491 1235 31 19 att
538 1233 58 22 detta
612 1234 42 21 kan
670 1240 50 15 vara
736 1235 38 20 det
790 1233 56 21 enda
862 1235 42 19 sätt
920 1235 32 18 att
964 1232 21 21 få
996 1234 61 19 ären-

227 1261 36 22 det
277 1261 34 21 till
327 1268 26 15 en
368 1261 99 27 praktisk
482 1262 89 26 lösning,
588 1262 27 21 då
625 1262 46 27 fyra
681 1263 63 20 stånd
756 1262 49 21 icke
816 1267 64 21 synas
890 1261 71 21 kunna
971 1261 86 21 komma

226 1290 33 21 till
281 1290 70 27 någon
375 1290 86 27 enighet
482 1291 7 20 i
512 1293 71 19 saken.
614 1291 50 21 Men
687 1291 83 21 lemnar
794 1296 49 15 man
859 1297 25 14 en
901 1290 23 21 så
939 1289 118 22 vidsträckt

227 1319 100 21 fullmakt
342 1319 23 22 åt
380 1325 26 15 en
422 1319 126 26 delegation,
565 1320 23 21 så
603 1319 53 22 böra
671 1319 61 22 äfven
744 1320 27 21 de
783 1318 139 27 föreskrifter,
934 1324 45 15 som
989 1319 68 26 gifvas

227 1348 130 25 densamma,
380 1353 146 22 noggrannare
548 1348 123 27 preciseras,
695 1350 27 19 än
738 1348 38 21 det
792 1349 25 20 är
832 1347 71 26 gjordt
919 1347 7 20 i
941 1348 116 21 utskottets

226 1377 85 26 förslag.
340 1377 63 21 Hvad
425 1376 100 21 särskildt
547 1377 131 26 ritningarna
709 1376 110 24 beträffar,
848 1376 39 21 har
915 1377 90 20 rörande
1030 1376 27 21 de

226 1405 111 27 ritningar,
361 1411 46 16 som
430 1405 39 21 här
492 1405 78 22 funnits
586 1405 125 27 framlagda,
727 1405 105 22 särskildt
847 1404 117 27 anmärkts,
979 1407 33 19 att
1027 1405 30 20 lo-

226 1434 89 21 kalerna
329 1434 34 21 för
378 1436 76 19 tvenne
471 1434 61 21 stånd
550 1436 36 19 äro
602 1436 77 25 ytterst
695 1434 77 27 trånga
789 1433 40 22 och
842 1433 126 27 obegväma;
984 1433 73 21 vidare

226 1464 32 19 att
281 1463 61 21 huset
366 1463 33 20 till
422 1464 46 20 stor
490 1463 33 21 del
548 1463 67 21 skulle
633 1463 86 21 komma
735 1465 34 18 att
786 1462 66 21 blifva
867 1461 136 21 halfdunkelt
1018 1461 39 21 och

227 1490 67 27 dåligt
317 1491 92 27 upplyst,
432 1493 55 19 samt
509 1490 87 22 framför
611 1491 45 21 allt,
673 1493 32 19 att
721 1492 63 20 detta
796 1491 40 20 hus
852 1491 49 20 med
917 1492 78 19 största
1011 1490 46 21 svå-

225 1518 72 27 righet
319 1519 68 22 skulle
409 1519 73 22 kunna
503 1519 84 22 inredas
609 1521 34 21 för
665 1522 31 19 ett
711 1519 110 22 blifvande
837 1519 220 26 tvåkammarsystem.
