1125 1811
225 133 56 21 1556
472 136 181 24 Borgareståndet
664 138 59 17 1882.
747 138 28 17 26
786 138 50 20 maj.

223 206 45 23 för:
279 207 54 22 böra
354 206 144 27 omredigeras
520 206 62 22 äfven
605 206 7 22 i
628 206 37 22 det
680 206 61 27 syfte,
758 208 33 20 att
808 206 37 21 det
861 206 69 22 blefve
945 206 64 26 klart,
1025 208 34 20 att

223 236 43 22 den
287 236 60 22 förra
367 235 154 27 författningen
544 241 51 21 eger
610 234 101 28 gällande
726 234 57 22 kraft
799 235 7 21 i
823 234 102 22 afseende
939 234 14 22 ä
969 234 25 22 de
1009 240 49 21 per-

224 265 115 21 mitterade
361 264 130 25 soldaterna,
514 265 24 20 sä
554 266 33 19 att
603 264 26 21 de
646 263 19 28 ej
681 263 91 22 behöfva
788 263 75 22 betala
875 270 70 15 annan
960 263 59 22 skatt
1030 264 27 20 än

222 300 29 15 en
267 292 154 27 näringsafgift.
439 293 47 21 Den
502 298 74 15 senare
592 292 113 27 meningen
720 292 6 21 i
743 294 119 19 momentet
878 292 68 21 finner
959 292 37 27 jag
1011 291 47 22 der-

222 323 62 20 emot
306 327 51 16 vara
373 321 51 22 fullt
438 321 101 26 antaglig,
556 327 47 15 men
620 321 41 21 den
677 321 39 21 hör
731 320 122 27 egentligen
870 320 19 27 ej
906 320 32 21 till
954 320 69 22 denna
1039 321 20 25 8,

225 352 53 19 utan
293 350 40 21 bör
348 350 84 26 intagas
447 349 7 22 i
468 349 12 28 $
494 350 34 21 55.

295 407 57 22 Herr
377 407 170 22 Pelkonen:
577 407 34 21 Då
634 407 6 21 i
663 407 52 21 sista
737 407 87 26 stycket
846 406 22 21 af
890 407 60 21 detta
965 409 94 18 moment

225 435 85 28 tycktes
332 442 52 15 vara
399 442 26 15 en
441 435 52 22 liten
509 435 84 22 skilnad
608 435 91 22 emellan
716 435 40 22 den
770 436 94 21 svenska
879 435 39 22 och
935 435 39 21 den
990 433 68 22 finska

225 467 80 23 texten,
322 464 6 21 i
345 464 35 22 det
396 467 32 19 att
443 464 66 21 orden
524 464 48 27 ,der
587 464 43 21 han
647 463 52 22 bor*
715 464 6 21 i
737 464 41 21 den
794 464 93 21 svenska
903 466 71 19 texten
989 462 69 21 blifvit

224 493 109 27 ätergifna
355 493 6 21 i
383 493 41 22 den
440 492 68 22 finska
523 493 48 21 med
587 492 76 27 ,johon
679 492 42 22 hän
736 492 108 27 kuuluu*,
860 492 91 26 föreslog
967 491 89 26 talaren,

225 524 34 20 att
281 522 40 21 den
344 521 69 22 finska
435 524 72 19 texten
531 521 128 22 härutinnan
682 521 69 22 skulle
774 521 80 22 ändras
877 521 33 22 till
926 520 71 27 ,jossa
1011 520 43 21 hän

225 553 77 19 asuu*.

297 607 56 22 Herr
378 606 168 28 Clouberg:
576 607 42 27 Jag
640 606 70 22 skulle
733 606 25 22 be
782 608 34 20 att
838 609 58 19 emot
919 607 40 21 den
981 612 76 16 senare

225 635 64 22 delen
304 635 24 22 af
342 636 60 21 detta
417 638 93 19 moment
526 636 20 21 fä
561 637 52 25 göra
624 636 41 21 den
681 636 149 26 anmärkning,
842 638 33 19 att
887 635 38 27 jag
939 641 63 16 anser
1017 635 36 21 det

227 664 47 22 icke
289 671 53 15 vara
357 664 76 27 riktigt
448 667 32 19 att
495 666 74 20 taxera
583 663 71 23 finska
669 664 149 27 medborgare,
834 670 46 16 som
891 666 38 20 äro
940 664 53 22 eller
1002 664 56 21 varit

226 693 109 21 anställda
356 693 8 21 i
382 693 50 27 rysk
453 693 55 21 civil-
524 692 52 22 eller
591 693 148 27 militärtjänst
754 693 34 21 för
804 693 27 21 de
846 693 61 21 löner
922 692 25 22 de
963 692 96 28 uppbära

227 722 47 21 frän
295 722 64 26 ryska
382 722 136 21 statsverket.
548 721 41 22 Det
605 722 40 21 har
660 722 47 21 ofta
721 722 55 21 visat
792 722 42 27 sig,
850 724 32 19 att
897 721 76 22 sädant
988 722 69 20 möter

226 750 84 26 hinder,
333 750 40 22 och
396 750 36 22 det
450 750 61 22 torde
526 750 62 21 äfven
603 750 68 22 finnas
687 750 108 28 stadgadt,
812 752 33 20 att
860 750 109 22 officerare
986 750 6 21 i
1006 750 51 27 rysk

227 779 148 27 militärtjenst
390 779 19 27 ej
425 779 91 21 behöfva
531 778 72 22 betala
617 779 28 27 pä
661 779 40 21 den
717 781 42 24 ort,
776 780 40 19 der
831 779 27 21 de
872 778 34 22 för
916 778 92 21 tilifället
1019 780 38 19 äro

227 807 106 27 förlagda,
355 807 67 28 nägra
443 807 136 22 kommunala
594 807 113 28 utskylder
721 807 34 21 för
770 807 49 22 sina
834 807 64 27 ryska
914 807 65 21 löner.
1009 806 49 22 Men

225 836 38 27 jag
285 842 64 15 anser
368 836 37 21 det
427 836 7 21 i
457 835 72 28 hvarje
553 835 36 22 fall
613 842 52 15 vara
680 836 90 27 oriktigt
785 838 34 19 att
834 835 40 22 här
890 835 119 22 bestämma
1024 835 34 22 för

227 864 74 22 hvilka
316 864 161 22 skatteföremäl
494 871 25 14 en
535 864 56 22 finsk
605 865 140 26 medborgare
756 865 7 20 i
775 865 53 26 rysk
839 865 59 21 civil-
908 864 53 22 eller
968 864 89 21 militär-

227 893 68 27 tjenst
317 893 55 21 skall
394 894 72 21 skatta
482 893 32 21 till
530 893 135 26 kommunen,
681 894 64 20 innan
762 893 38 21 det
817 893 70 21 blifvit
902 893 107 21 bestämdt
1025 892 33 21 för

227 921 74 22 hvilka
316 922 118 22 inkomster
449 922 67 21 andra
531 921 140 27 medborgare
689 922 60 21 skola
766 921 80 22 skatta.
877 921 47 22 Här
938 921 61 21 heter
1013 921 44 26 det,

227 953 34 19 att
283 950 42 22 han
348 950 55 22 skall
425 951 71 21 skatta
520 950 33 22 för
568 950 46 22 sina
629 950 57 22 löne-
702 950 39 22 och
757 950 216 27 pensionsförmäner.
1007 950 50 21 Men

227 980 38 20 det
290 979 71 21 kunde
374 979 25 27 ju
414 979 76 26 hända,
506 981 32 19 att
554 979 5 21 i
575 979 12 27 8
603 980 27 20 55
646 978 23 22 af
683 978 157 28 författningen
855 978 33 22 för
902 978 67 22 andra
983 984 74 21 perso-

228 1014 39 15 ner
281 1008 88 27 pension
386 1008 68 21 skulle
469 1007 139 27 undantagas,
639 1007 77 22 Derför
731 1007 71 22 skulle
814 1007 38 27 jag
867 1008 51 26 vilja
932 1006 85 26 föreslå,
1025 1009 33 19 att

227 1036 43 22 den
295 1042 76 16 senare
394 1036 80 22 hälften
497 1036 23 22 af
542 1036 59 22 detta
626 1038 95 20 moment
736 1036 18 27 ej
771 1036 71 22 skulle
858 1036 119 22 diskuteras
993 1036 64 21 innan

228 1065 13 27 8
257 1066 28 21 55
301 1067 24 20 är
341 1064 89 28 afgjord.

298 1122 57 22 Herr
378 1122 175 22 Fabritius:
583 1122 76 22 Denna
682 1123 11 26 $
715 1128 38 16 var
776 1129 28 15 en
827 1122 23 22 af
863 1123 55 25 dem,
934 1128 46 16 som
995 1122 63 28 gäfvo

227 1151 109 21 utskottet
356 1151 35 21 vid
407 1150 150 22 utarbetandet
573 1151 23 21 af
609 1150 138 28 lagförslaget
764 1152 37 20 det
818 1155 66 18 mesta
900 1151 91 22 arbetet.
1020 1150 39 23 Ut-

227 1180 84 22 skottet
333 1179 69 22 skulle
426 1186 65 20 gerna
514 1180 76 21 önskat
607 1179 98 22 beskatta
721 1180 26 21 de
764 1180 6 21 i
786 1180 93 21 Finland
895 1180 84 22 bosatta
995 1180 63 27 ryska

229 1208 64 21 civila
315 1208 39 21 och
378 1208 93 21 militära
486 1208 167 27 tjenstemännen
669 1208 7 21 i
693 1209 40 20 den
750 1208 156 27 utsträckning,
921 1215 45 14 som
982 1215 78 20 propo-

227 1237 92 21 sitionen
343 1236 177 27 tillkännagifver,
543 1243 47 15 men
611 1236 73 22 dervid
699 1237 96 27 uppstod
810 1237 24 21 sä
849 1237 77 27 mänga
941 1237 119 28 betänklig-

228 1265 69 27 heter,
321 1267 32 20 att
376 1265 106 22 utskottet
504 1265 50 21 fann
577 1265 33 26 sig
635 1267 53 24 göra
710 1266 49 21 bäst
775 1266 32 21 uti
823 1268 33 19 att
870 1265 75 22 afräda
959 1266 101 21 städerna

228 1294 49 21 frän
296 1296 33 19 att
345 1294 143 27 tillgodogöra
503 1294 32 26 sig
551 1293 70 22 ökade
637 1294 95 21 intrader
747 1301 79 20 genom
842 1297 33 18 att
890 1296 78 25 antaga
983 1301 76 21 propo-

227 1323 94 21 sitionen
344 1322 40 21 och
399 1322 93 27 föreslog
507 1322 72 22 derför
596 1323 56 22 blott
667 1325 32 19 att
714 1323 103 21 beskatta
834 1323 62 21 dessa
911 1329 101 20 personer
1027 1323 33 22 för

229 1352 63 21 deras
307 1351 101 27 fastighet
424 1351 39 22 och
479 1357 69 15 annan
564 1352 77 26 näring
656 1351 52 22 eller
723 1352 61 26 yrke.
809 1352 41 21 Det
866 1351 109 28 upplystes
989 1351 71 22 tillika

227 1380 7 20 i
251 1380 113 27 utskottet,
380 1382 32 19 att
427 1380 51 26 rysk
494 1380 79 21 militär
588 1380 67 27 enligt
672 1380 32 21 för
720 1381 126 21 densamma
861 1380 98 27 gällande
974 1380 85 22 författ-

227 1408 79 27 ningar
328 1411 24 19 är
375 1408 26 21 fri
425 1408 47 21 frän
494 1408 124 21 kommunal
634 1409 59 21 skatt
709 1409 59 21 inom
785 1409 39 22 sitt
839 1411 49 25 eget
904 1409 155 26 fädernesland,

227 1436 89 22 hvarför
341 1437 37 21 det
402 1437 133 27 följaktligen
557 1437 34 20 för
615 1438 48 21 dem
687 1437 69 22 skulle
781 1438 82 21 kännas
884 1438 47 21 helt
946 1440 65 19 ovant
1026 1439 34 20 att

227 1465 90 27 äläggas
340 1465 72 21 betala
428 1466 65 21 sädan
509 1466 6 20 i
531 1465 91 22 Finland
637 1466 40 21 och
693 1466 61 21 detta
769 1467 91 21 sälunda
875 1466 57 26 gifva
947 1466 114 27 anledning

229 1493 34 22 till
285 1494 141 27 oupphörliga
450 1494 108 27 klagomål
578 1494 40 21 och
639 1494 125 21 kollisioner
788 1494 90 22 emellan
894 1494 27 22 de
936 1494 69 22 finska
1020 1495 40 21 och

229 1523 66 24 ryska
310 1522 182 27 myndigheterna.
514 1522 49 22 Man
580 1523 101 22 befarade
697 1523 111 26 derjemte,
824 1525 33 20 att
872 1525 32 19 ett
919 1523 141 22 beskattande
