1125 1811
217 126 55 21 1670
452 130 181 22 Borgareståndet
644 132 59 17 1882.
728 132 28 16 30
769 131 49 20 maj.

217 202 12 20 2
247 206 62 16 mom.
326 200 161 22 oförändrade".
509 200 43 22 Bör
567 200 60 22 heta:
643 202 21 25 ,1
679 207 62 15 mom.
752 200 160 21 oförändradt*.
930 200 41 20 Det
982 200 67 21 andra

217 231 117 20 momentet
357 229 97 21 deremot
477 229 71 27 lyder:
573 246 4 8 ,
578 229 87 24 Finner
681 229 167 25 Bergmästaren
865 228 74 28 nödigt
953 228 96 22 infordra

216 258 129 27 upplysning
368 258 91 21 rörande
484 258 68 27 någon
577 258 33 21 för
633 258 131 21 mutsedelns
782 257 127 21 utfärdande
924 256 125 27 erforderlig

217 286 167 26 omständighet,
401 286 108 27 förelägge
525 286 41 21 han
583 286 132 21 oförtöfvadt
731 286 121 21 inmutaren
869 289 32 18 att
915 287 56 20 inom
982 286 66 26 lämp-

216 315 36 26 lig,
269 315 109 21 bestämdt
401 317 69 19 utsatt
494 315 31 21 tid
548 315 87 21 dermed
651 315 119 21 inkomma”
787 321 19 14 o.
823 320 16 15 s.
856 321 26 17 v.,
898 315 5 20 i
920 313 72 22 stället
1016 315 33 20 för

216 344 57 20 inom
291 345 42 22 ,60
349 343 83 26 dagar",
449 343 69 21 såsom
534 344 6 20 i
556 343 160 27 propositionen
733 343 52 22 står.
812 343 81 21 Vidare
908 343 141 21 förekommer

216 373 7 20 i
239 372 13 27 &
268 373 27 20 40
311 372 103 21 likaledes
430 372 6 20 i
452 372 91 21 svenska
558 374 71 19 texten
646 374 31 19 ett
692 371 35 22 fel.
756 372 44 21 Der
817 373 24 19 är
856 378 26 15 en
898 371 77 27 origtig
988 377 60 22 para-

216 400 48 28 graf
278 401 115 26 äberopad,
410 400 10 27 &
437 402 27 20 44
481 401 6 20 i
503 401 72 21 stället
590 402 32 19 för
637 400 12 29 &
665 402 34 19 43.

288 463 56 21 Herr
360 463 166 26 Lindberg:
557 464 41 26 Jag
614 463 37 22 ber
667 466 32 19 att
714 463 33 22 för
764 464 42 21 min
825 464 32 21 del
873 464 21 21 fä
910 465 90 24 anmäla,
1017 466 32 19 att

215 492 37 27 jag
275 492 18 26 ej
310 492 82 21 känner
409 492 59 21 detta
484 492 135 21 betänkande
637 493 39 20 och
692 493 47 20 icke
756 493 43 20 kan
815 493 67 21 inläta
898 493 43 25 mig
956 493 7 20 i
979 493 69 26 någon

218 520 137 27 ompröfning
371 521 61 21 deraf
446 521 40 21 och
502 524 51 21 tror,
569 523 32 19 att
617 521 36 21 det
668 520 68 22 finnes
752 521 79 26 mänga
846 521 67 21 andra
924 521 56 22 inom
991 522 58 21 stän-

218 550 43 25 det,
277 556 46 15 som
339 550 47 21 icke
397 550 68 21 heller
476 549 64 22 hafva
551 549 75 22 hunnit
638 549 126 28 tillräckligt
775 550 111 26 begrunda
896 550 151 21 betänkandet.

217 579 43 26 Jag
283 578 70 21 skulle
371 578 72 21 derför
466 578 86 21 anhälla
567 580 32 19 att
615 578 58 21 förut
693 579 2 20 i
712 581 73 19 ämnet
801 579 101 26 gällande
917 579 131 26 stadganden

218 606 69 22 mätte
301 606 22 22 fä
339 607 87 26 gvarstä
442 607 40 21 och
497 607 64 27 yrkar
575 607 28 26 pä
619 606 138 22 förkastande
774 606 21 22 af
811 607 149 21 betänkandet.

287 670 82 20 Herrar
409 676 106 21 Ingman
539 670 39 21 och
598 670 163 21 Molander
776 670 88 22 anhöllo
880 677 33 14 om
933 670 114 21 betänkan-

217 698 48 21 dets
281 698 161 27 bordläggning.

287 755 149 21 Betänkandet
452 756 44 20 blef
511 756 51 20 derä
577 756 126 27 ytterligare
719 755 121 27 bordlagdt.

287 944 122 26 Föredrogs
425 944 32 21 till
473 944 128 26 behandling
616 944 219 21 ekonomiutskottets
846 944 118 26 bordlagda
975 944 72 20 betän-

218 972 70 22 kande
303 972 40 21 N:o
361 974 11 20 8
389 973 6 20 i
412 972 114 26 anledning
541 972 22 22 af
577 973 59 21 Hans
647 972 119 27 Kejserliga
783 972 113 28 Majestäts
912 972 77 27 nädiga
999 978 48 21 pro-

218 1001 93 26 position
333 1001 111 27 angäende
460 1002 91 26 ändring
566 1002 5 20 i
587 1001 100 27 gällande
703 1001 135 27 stadganden
854 1001 91 21 rörande
961 1000 86 22 förvalt-

218 1030 77 26 ningen
311 1030 23 20 af
348 1030 173 21 kronohemman.

289 1087 54 21 Herr
360 1088 126 20 Berner:
519 1088 32 21 Då
567 1087 207 21 ekonomiutskottet
790 1087 103 27 handlagt
909 1087 138 21 förevarande

217 1116 140 26 proposition,
384 1116 112 21 hvaröfver
523 1116 57 21 förut
605 1116 142 27 lagutskottet
772 1116 85 27 afgifvit
881 1116 104 26 ytirande,
1009 1116 39 20 har

216 1144 109 27 sjelffallet
349 1145 205 21 ekonomiutskottet
575 1146 90 25 nödgats
681 1145 64 21 ställa
760 1144 34 27 sig
809 1146 28 25 pä
853 1145 40 21 den
909 1144 138 27 ståndpunkt,

216 1179 47 15 som
286 1173 154 27 lagutskottets
457 1174 108 26 pluralitet
591 1173 106 26 omfattat,
720 1174 124 21 oberoende
860 1173 68 25 deraf,
944 1173 104 21 huruvida

217 1202 118 20 utskottets
358 1202 119 21 ledamöter
499 1202 74 21 delade
596 1202 69 21 denna
681 1202 137 27 uppfattning
834 1202 52 21 eller
903 1202 46 25 den,
965 1208 44 15 som
1026 1202 23 20 af

217 1233 161 18 reservanterne
400 1231 96 21 uttalats.
528 1231 32 20 Då
574 1231 37 26 jag
627 1231 118 20 emellertid
762 1233 25 18 är
804 1231 21 20 af
840 1231 41 20 den
898 1231 89 26 mening,
1002 1237 45 14 som

217 1259 80 21 uttalas
313 1259 6 20 i
336 1259 74 21 herrar
426 1259 105 21 Grönviks
547 1266 27 14 m.
589 1259 20 21 fi.
624 1260 6 20 i
642 1259 61 21 deras
714 1262 46 18 mot
771 1259 154 27 lagutskottets
937 1259 110 21 utlätande

217 1287 81 26 afgifna
313 1288 139 25 reservation,
469 1288 66 21 mäste
548 1289 35 25 jag
595 1294 28 15 nu
643 1288 91 25 förorda,
758 1290 33 19 att
808 1287 181 28 Borgareständet
1000 1287 48 21 ville

216 1316 56 21 fatta
287 1317 38 20 sitt
341 1316 70 21 beslut
426 1317 6 20 i
448 1316 220 22 öfverensstämmelse
683 1317 49 21 med
743 1317 41 21 den
798 1316 64 26 kläm,
872 1323 45 14 som
926 1317 21 20 af
957 1316 91 21 bemälte

217 1347 133 19 reservanter
366 1345 28 26 pä
409 1345 39 21 sid.
466 1346 26 20 14
508 1345 38 22 och
564 1346 23 20 15
604 1345 127 27 föreslagits.

288 1403 55 20 Herr
358 1403 184 20 Nummelin:
569 1403 73 21 Säsom
660 1403 90 21 medlem
767 1403 6 20 i
791 1402 208 22 ekonomiutskottet
1015 1401 33 22 fär

217 1430 34 27 jag
267 1431 74 21 förena
357 1432 43 25 mig
416 1431 47 21 med
480 1431 48 21 herr
544 1431 85 21 Berner.

287 1488 56 21 Herr
366 1488 147 21 Neovius:
544 1484 68 25 Äfven
634 1488 37 26 jag
693 1488 69 21 skulle
786 1488 26 21 be
833 1490 32 19 att
881 1488 20 20 fä
917 1487 72 21 förena
1005 1487 43 26 mig

217 1522 33 14 om
268 1517 166 20 reservationen.
