1125 1811
317 132 183 22 Borgareståndet
511 133 58 17 1882.
594 133 27 17 23
633 133 48 20 maj.
854 127 56 21 1465

76 201 113 27 principer,
204 207 45 15 som
265 202 22 20 af
300 200 134 22 direktionen
450 201 68 21 borde
534 200 113 28 tillämpas,
663 200 68 22 skulle
747 200 81 22 vinnas.
859 201 50 21 Men

74 230 38 27 jag
135 232 51 24 tror,
209 232 33 18 att
265 236 48 14 man
333 229 68 22 skulle
414 230 47 26 just
477 230 33 20 för
526 229 143 21 tillsättandet
684 230 23 21 af
722 229 134 22 direktionen
873 230 37 20 be-

76 259 49 21 redt
146 260 69 20 större
236 258 99 22 säkerhet
355 264 77 20 genom
456 260 34 19 att
505 258 201 27 bankfullmäktiges
722 258 58 21 antal
796 264 50 16 vore
862 258 48 21 litet

77 289 75 24 större,
176 288 26 19 än
225 286 55 22 hvad
301 287 36 20 det
358 292 29 15 nu
403 288 30 19 är.
464 287 12 20 I
492 286 42 21 alla
549 286 113 21 händelser
678 287 39 20 har
730 286 36 27 jag
782 286 46 22 icke
844 286 66 27 något

77 315 57 28 hopp
156 321 41 20 om,
219 317 32 19 att
266 315 83 22 arbetet
364 315 56 21 inom
437 315 200 26 bankfullmäktige,
653 315 94 21 hvarken
763 321 29 15 nu
807 315 53 22 eller
874 321 35 16 om

77 343 82 22 antalet
180 343 53 22 skall
256 343 57 26 ökas,
337 343 67 22 blefve
425 350 61 15 mera
502 343 57 27 enigt
574 343 39 22 och
629 343 163 27 samstämmigt,
809 344 28 21 då
853 343 57 22 valet

77 372 33 22 till
133 373 192 26 bankfullmäktige
347 372 50 21 sker
418 373 73 20 såsom
507 379 28 14 nu
551 374 24 19 är
590 372 65 26 fallet,
673 373 19 20 d.
708 378 19 14 v.
743 379 16 14 s.
776 374 32 20 att
824 373 37 21 det
876 372 34 21 rå-

78 401 69 22 dande
170 401 78 27 partiet
270 401 56 21 inom
350 401 73 26 hvarje
447 401 64 21 stånd
531 401 102 21 tillsätter
648 400 200 27 bankfullmäktige,
864 401 46 21 må-

78 430 70 21 hända
171 430 81 21 mindre
275 429 48 22 med
346 429 100 22 afseende
462 430 14 21 &
489 429 61 22 deras
573 429 147 27 bankinsigter
735 429 40 22 och
791 429 97 28 förmåga
902 429 8 21 i

78 459 116 21 allmänhet
216 458 23 21 åt
261 458 35 21 det
319 458 73 25 hållet,
407 460 27 19 än
450 458 34 21 för
500 459 62 20 deras
577 458 122 27 förtjenster
713 457 33 22 för
762 458 70 27 öfrigt.
864 458 46 22 Och

76 488 37 27 jag
128 490 51 23 tror,
195 489 32 19 att
239 487 43 27 just
299 487 36 21 det
349 487 143 26 förhållande,
509 489 31 19 att
555 487 57 21 inom
630 487 26 21 de
672 487 58 21 olika
745 487 90 21 stånden
851 487 59 22 olika

78 516 80 27 partier
181 517 37 20 äro
236 515 100 26 rådande,
351 517 45 25 gör,
414 518 32 19 att
462 522 50 15 man
528 515 55 22 skall
598 515 63 22 hafva
677 515 107 27 svårighet
800 518 32 19 att
847 515 21 22 få
884 521 26 16 en

79 544 49 22 fullt
144 545 48 27 enig
208 544 309 27 bankfullmäktiginstitution,
537 551 47 14 men
601 544 44 21 helt
661 545 72 20 säkert
748 544 78 22 lättare
841 546 33 19 att
888 544 23 21 få

78 573 189 27 bankfullmäktige
282 575 32 19 att
329 579 51 15 enas
395 573 7 21 i
418 573 114 27 praktiska
547 573 68 26 saker,
632 579 34 16 om
683 573 26 21 de
724 575 38 19 äro
778 572 46 28 fyra
834 574 28 20 än
875 578 35 16 om

80 602 26 21 de
120 604 38 20 äro
174 603 52 20 åtta.
256 601 10 21 I
281 602 43 20 alla
336 602 115 20 händelser
467 602 69 20 måste
552 601 31 21 för
599 608 25 15 en
640 601 53 21 hvar
707 602 24 21 af
744 601 62 21 dessa
816 601 47 27 fyra
873 607 37 15 an-

80 630 134 28 svarigheten
237 630 80 21 kännas
339 632 75 22 större,
430 632 28 19 än
476 636 34 15 om
526 630 40 21 den
582 630 93 21 fördelas
690 630 28 27 på
733 632 32 19 ett
779 632 69 20 större
864 630 45 21 kol-

80 659 86 27 legium.
195 659 38 21 Att
257 658 86 22 försöka
358 665 76 21 genom
452 658 119 22 förökande
587 658 21 22 af
620 659 81 21 antalet
717 658 194 27 bankfullmäktige

80 688 94 26 aflägsna
197 688 26 20 de
243 687 28 21 fel
287 687 6 21 i
309 687 166 28 förvaltningen,
499 688 85 21 hvartill
608 694 48 14 man
673 690 52 18 trott
741 688 32 26 sig
788 687 58 22 finna
860 687 50 27 spår

79 722 76 21 genom
166 716 58 21 såväl
232 716 202 27 bankfullmäktiges
445 716 117 22 berättelse
579 722 46 15 som
636 716 175 22 bankutskottets
821 716 89 27 gransk-

80 744 51 27 ning
146 745 23 21 af
182 745 128 25 densamma,
327 746 44 20 tror
384 744 38 28 jag
437 746 25 20 är
478 747 32 19 ett
525 747 54 19 stort
595 745 94 27 misstag.
719 745 43 21 Det
777 746 25 20 är
817 745 47 21 icke
872 750 38 16 an-

80 774 59 24 talet,
155 775 51 19 utan
222 774 36 21 det
272 775 25 20 är
310 779 138 21 personerna,
466 774 72 21 hvilka
553 774 60 21 skola
628 775 53 25 göra
696 774 36 21 det
747 775 39 19 när
797 774 34 21 det
843 772 68 28 gäller

80 804 33 19 att
128 801 69 22 drifva
213 808 25 15 en
253 801 53 22 affär
321 801 119 28 förnuftigt.
473 802 126 21 Emellertid
613 801 38 22 vill
664 802 37 27 jag
716 802 19 27 ej
751 801 62 28 lägga
828 801 25 22 så
866 803 46 20 stor

80 831 42 20 last
144 831 28 26 på
197 830 161 27 förvaltningen,
381 837 45 15 som
450 837 50 15 man
522 831 65 21 delvis
603 831 56 20 inom
676 831 170 25 bankutskottet,
862 836 49 15 men

80 859 66 22 delvis
161 859 62 21 äfven
239 859 40 21 här
293 859 6 21 i
315 859 86 22 ståndet
416 859 66 27 gjort.
512 859 41 26 Jag
569 862 45 19 tror
629 859 112 27 nämligen,
758 861 32 19 att
806 859 35 21 vid
857 859 51 21 hvil-

80 888 41 21 ken
136 887 129 27 förvaltning
280 894 44 14 som
341 887 55 22 helst
419 889 83 20 sådana
518 888 55 21 tider
588 889 73 20 kunna
676 888 86 21 komma
772 887 40 22 och
830 887 82 22 sådana

81 916 148 21 förbiseenden
251 918 69 25 göras,
343 918 33 19 att
394 916 84 27 ganska
495 916 106 28 betydliga
617 916 100 21 förluster
732 916 72 21 kunna
819 915 93 22 inträffa.

80 945 41 27 Jag
143 944 36 22 vill
202 944 53 22 dock
276 945 47 21 icke
346 945 88 21 dermed
457 945 65 21 hafva
544 945 68 26 sagdt,
628 947 33 19 att
675 945 47 21 icke
738 952 25 14 en
779 947 46 19 stor
840 944 34 22 del
890 945 23 21 af

82 974 62 21 dessa
166 980 28 14 nu
217 973 111 21 inträffade
343 973 102 22 förluster
461 974 56 21 hade
533 974 81 21 kunnat
629 973 110 22 undvikas.
770 973 50 21 Men
836 973 36 21 det
887 975 25 19 är

81 1002 89 26 möjligt,
193 1004 33 19 att
248 1002 61 22 dessa
330 1002 101 22 förluster
448 1002 28 22 då
492 1005 86 19 stannat
593 1002 27 27 på
633 1008 25 15 en
674 1008 70 16 annan
760 1002 64 24 bank,
840 1001 72 21 hvilka

82 1036 27 16 nu
132 1030 43 22 alla
190 1030 89 22 hamnat
294 1031 39 21 hos
347 1031 105 21 Finlands
468 1031 68 21 Bank.
566 1031 77 21 Första
659 1031 90 21 orsaken
765 1043 26 3 —
808 1030 40 22 och
864 1030 47 22 icke

81 1060 40 20 den
138 1058 77 22 minsta
230 1072 27 2 —
273 1059 32 22 till
321 1059 61 21 dessa
398 1060 108 24 förluster,
522 1060 61 21 skola
598 1060 20 20 vi
633 1059 72 22 söka
695 1054 15 36 i
722 1060 36 20 det
767 1060 50 24 sätt,
830 1059 81 27 hvarpå

82 1088 164 26 myntreformen
261 1088 155 26 genomfördes.
448 1088 32 27 Ty
496 1088 35 22 det
546 1090 24 19 är
585 1088 80 26 säkert,
676 1090 32 19 att
719 1090 66 20 sättet
796 1087 33 21 för
842 1088 69 21 denna

81 1116 152 27 myntreforms
255 1117 166 27 genomförande
445 1117 20 27 ej
489 1118 47 26 gått
559 1116 23 22 så
597 1117 93 27 spårlöst
705 1116 62 26 förbi,
784 1122 46 16 som
845 1116 66 22 bank-

81 1144 131 28 fullmäktige
235 1145 95 27 uttryckt
351 1146 38 26 sig.
421 1146 44 20 Det
480 1152 38 14 var
534 1145 115 27 ingalunda
665 1152 25 14 en
706 1145 56 21 blott
777 1144 135 28 bokförings-

81 1174 66 26 fråga,
170 1174 69 21 såsom
262 1174 105 22 utskottet
390 1175 28 26 på
440 1174 62 21 sidan
519 1176 12 19 3
547 1174 105 21 indirekte
667 1174 67 27 gifver
748 1174 115 26 tillkänna;
878 1174 33 21 åt-

81 1202 105 21 minstone
208 1202 33 21 för
263 1202 46 26 den,
325 1209 46 15 som
388 1209 36 14 var
441 1203 91 26 skyldig,
549 1209 37 14 var
601 1203 36 21 det
653 1209 25 15 en
694 1203 81 26 ganska
790 1202 64 21 säker
868 1202 43 21 för-

81 1230 86 27 höjning
191 1231 48 21 med
261 1231 12 20 8
289 1230 13 21 å
319 1231 62 26 10%,
404 1231 23 21 af
449 1231 55 21 hans
527 1231 68 26 skuld,
619 1231 40 22 och
680 1231 27 22 då
722 1237 25 15 en
764 1230 148 27 nedåtgående

81 1259 218 27 trävarukonjunktur
322 1260 72 21 dertill
410 1259 122 27 inträffade,
548 1266 37 15 var
600 1260 37 21 det
651 1259 45 22 helt
711 1259 110 26 naturligt,
837 1261 33 19 att
884 1259 28 21 de

80 1293 88 20 svagare
190 1287 106 27 firmorna,
319 1289 32 24 de,
366 1288 74 21 hvilka
456 1289 49 21 med
520 1288 185 27 hufvudsakligast
720 1287 132 22 främmande
867 1293 44 16 me-

82 1316 33 21 del
137 1316 73 21 kastat
229 1317 32 26 sig
276 1317 60 26 djupt
351 1317 21 21 in
388 1317 7 21 i
412 1317 71 21 denna
499 1317 59 26 affär,
574 1317 67 21 skulle
658 1317 89 21 dubbelt
763 1318 62 23 tungt
840 1315 72 22 känna

81 1345 166 27 myntreformen
270 1349 56 18 samt
341 1346 40 21 den
398 1346 150 27 nedåtgående
563 1345 164 28 konjunkturen,
742 1345 40 22 och
798 1345 63 21 äfven
876 1351 36 15 om

82 1373 60 22 deras
166 1373 94 22 soliditet
281 1374 47 21 från
349 1374 76 27 början
442 1375 57 21 varit
514 1374 107 28 betydligt
636 1374 103 27 starkare,
756 1376 26 19 än
798 1373 56 22 hvad
870 1373 41 22 den

81 1409 43 19 var,
148 1401 54 22 hade
225 1403 139 26 ovilkorligen
387 1403 63 21 deras
467 1409 51 15 vara
534 1403 51 21 eller
599 1403 108 21 icke-vara
723 1403 70 21 blifvit
808 1404 52 19 nära
875 1403 37 20 be-

82 1431 60 21 rördt
156 1430 23 22 af
193 1433 64 20 sättet
272 1431 33 22 för
320 1431 180 28 myntreformens
516 1431 169 28 genomförande.

151 1488 153 21 Diskussionen
320 1488 124 24 afslutades,
462 1488 40 22 och
518 1489 85 21 ståndet
619 1488 68 22 beslöt
696 1488 49 22 med
756 1488 155 27 öfvervägande

80 1515 111 28 pluralitet
214 1518 37 23 att,
274 1516 47 21 med
345 1516 141 22 förkastande
501 1517 23 21 af
538 1517 116 21 utskottets
669 1517 163 26 ifrågavarande
847 1516 64 25 kläm,
