1125 1811
211 136 56 34 1350
441 146 179 21 Borgareståndet
633 146 59 18 1882.
717 146 24 17 19
754 146 49 22 maj.

208 220 41 21 gen
272 214 84 28 mycket
379 216 53 20 nära
454 214 33 22 till
503 214 73 25 hands,
593 217 32 19 att
640 215 34 21 vid
690 215 132 21 kommande
837 214 108 27 landtdag,
962 214 27 22 då
1004 215 36 21 be-

208 243 78 22 hofven
307 245 38 19 äro
368 245 70 19 större
460 245 28 19 än
509 250 34 20 nu,
566 243 121 22 Ständerna
702 243 72 21 kunde
790 243 66 21 blifva
871 243 122 22 nödsakade
1008 246 33 18 att

208 272 48 22 åter
271 271 94 27 tillgripa
382 272 139 22 maltskatten
536 272 40 22 och
591 272 83 27 förhöja
689 272 109 27 beloppet.

279 329 55 20 Herr
357 328 126 21 Heikel:
513 329 10 21 I
546 328 67 22 likhet
636 329 47 20 med
707 329 50 20 herr
774 328 115 21 Wasenius
904 331 45 18 tror
961 328 37 27 jag
1013 328 26 26 ej,

209 359 34 19 att
258 357 182 26 Borgareståndet
456 357 41 22 kan
512 363 61 16 anses
589 357 6 21 i
611 357 70 22 denna
696 357 62 26 fråga
773 357 82 21 bundet
870 357 24 21 af
902 357 38 21 sitt
949 357 91 26 tidigare

209 385 81 22 fattade
313 385 78 22 beslut.
422 385 177 22 Statsutskottets
621 386 81 26 förslag
719 386 7 20 i
750 385 72 22 denna
838 385 68 28 punkt
920 386 60 27 lyder
994 391 45 16 som

208 413 71 28 följer:
296 413 86 26 ,Under
398 414 157 28 förutsättning,
568 416 32 19 att
615 414 154 27 författningen
785 415 7 20 i
809 416 73 19 ämnet
897 414 95 21 kommer
1007 416 32 19 att

209 443 77 27 stadga
310 443 36 21 det
368 442 121 28 föreslagna
511 443 172 27 skattebeloppet
702 443 27 22 80
745 443 65 27 penni
826 449 38 20 per
880 443 39 22 L&
934 443 51 21 malt
1001 443 39 21 har

209 471 111 22 Utskottet
345 472 83 26 antagit
450 477 27 16 en
500 471 54 27 årlig
575 472 156 21 nettoinkomst
746 471 23 22 af
781 472 76 21 endast
872 472 92 25 400,000
980 472 59 21 mark

208 500 68 21 under
291 500 26 21 de
333 502 109 19 närmaste
457 500 70 27 ären*,
543 500 39 21 och
598 501 193 26 Borgareständets
807 499 71 22 beslut
894 507 37 14 var
946 503 32 18 att
986 500 52 27 god-

209 529 71 20 känna
296 529 69 21 denna
380 529 117 22 utskottets
512 529 159 27 uppskattning,
686 535 49 15 men
752 529 72 21 denna
834 529 152 27 uppskattning
996 535 43 18 var,

210 557 69 22 såsom
301 558 70 25 sagdt,
388 557 71 28 byggd
474 559 27 26 pä
517 558 39 21 den
571 557 189 28 förutsättningen,
776 560 34 18 att
826 558 28 21 80
869 557 63 27 penni
947 563 38 21 per
999 557 40 22 L&

209 586 68 21 skulle
293 586 117 21 fastställas
424 587 70 20 säsom
510 586 155 27 skattebelopp.
689 587 42 25 Jag
746 586 70 21 mäste
832 585 90 22 sälunda
937 592 50 14 anse
1003 585 36 21 det

205 615 37 21 stä
264 614 85 21 ständet
371 614 47 22 fritt
440 617 32 19 att
495 621 27 15 nu
542 614 119 22 bestämma
676 614 82 22 hvilket
775 614 79 27 belopp
869 614 20 21 vi
905 614 7 21 i
928 614 59 21 detta
1001 614 36 22 fall

207 643 114 25 fastställa,
345 643 40 21 och
406 643 55 21 hvad
477 643 107 22 storleken
600 643 21 21 af
637 643 60 21 detta
709 642 153 28 skattebelopp
878 649 38 21 per
931 642 39 22 L&
985 642 53 22 malt

209 671 102 21 beträffar
334 672 37 20 ber
391 671 37 27 jag
444 674 32 19 att
491 672 21 21 fä
528 672 71 21 förena
615 672 42 26 mig
673 672 48 21 med
737 672 56 26 dem,
809 678 45 15 som
871 671 63 22 hafva
949 671 89 22 föresla-

208 700 32 26 git
263 700 40 21 den
319 700 66 27 nägot
401 700 58 28 lägre
476 702 26 20 än
518 700 110 22 utskottet.
659 700 74 22 Redan
750 700 28 22 dä
794 700 71 21 denna
880 700 60 26 fräga
955 700 84 21 förevar

208 729 6 20 i
237 729 163 21 statsutskottet
422 729 111 21 förordade
554 730 43 26 jag,
611 731 32 19 att
665 729 86 21 skatten
772 728 70 22 skulle
858 728 105 22 beräknas
979 728 59 27 lägre

207 756 26 22 af
254 757 36 21 det
309 758 53 23 skäl,
386 760 39 24 att,
448 758 70 22 säsom
541 757 86 22 ständet
642 758 81 21 kunnat
739 757 113 27 öfvertyga
868 758 32 25 sig
915 758 22 20 af
951 759 87 19 statsut-

207 786 94 21 skottets
316 786 136 21 betänkande
467 793 34 15 n:o
520 788 30 24 14,
567 786 36 21 det
619 788 68 19 möter
702 786 64 26 ingen
782 786 110 26 svärighet
907 788 32 19 att
953 786 86 21 komma

208 814 33 21 till
263 816 56 19 rätta
334 815 69 20 under
418 815 40 21 den
474 815 118 21 stundande
608 815 172 26 finansperioden
796 815 62 20 äfven
875 815 47 20 med
938 820 25 15 en
979 814 59 27 lägre

208 843 141 27 beskattning
364 843 23 20 af
402 843 49 26 ölet,
468 843 38 22 och
523 843 27 21 dä
565 849 26 16 en
607 843 65 26 högre
688 843 58 21 skatt
762 843 19 26 ej
799 845 25 18 är
840 843 70 26 nödig,
926 849 63 15 anser
1001 842 37 27 jag

208 871 21 27 ej
250 871 72 28 heller
342 873 44 20 rätt
408 871 53 22 eller
484 871 68 27 billigt
574 874 32 19 att
622 874 74 25 uttaga
712 872 126 21 densamma
854 871 21 22 af
890 872 26 21 de
932 871 105 22 skattdra-

207 900 76 26 gande.
314 895 49 26 Ölet
386 901 68 20 måste
469 901 123 26 visserligen
615 901 71 20 såsom
709 906 26 15 en
751 901 91 20 allmänt
858 900 111 27 begagnad
985 900 53 21 kon-

208 928 190 25 sumtionsartikel,
420 935 45 15 som
489 929 53 21 dock
565 929 18 26 ej
607 931 24 19 är
646 929 68 26 någon
732 928 228 27 nödvändighetsvara,
976 934 61 16 anses

208 957 71 21 såsom
302 959 31 19 ett
356 957 84 27 mycket
463 958 97 26 lämpligt
582 958 151 26 skatteobjekt.
765 957 51 21 Men
840 959 32 19 att
888 957 98 21 beskatta
1001 956 36 22 det

208 986 65 26 högre
295 987 26 19 än
344 979 101 28 behofvet
468 986 92 26 kräfver,
583 986 70 21 dertill
677 986 67 21 finnes
764 986 57 22 dock
843 986 54 20 intet
912 986 53 21 skäl.
995 985 42 21 Det

207 1020 64 21 synes
292 1014 42 26 mig
353 1014 61 22 äfven
430 1021 52 15 vara
496 1016 24 20 sä
534 1015 84 27 mycket
634 1017 69 19 större
719 1014 46 22 skäl
782 1017 34 19 att
832 1014 18 27 ej
868 1020 27 15 nu
910 1014 69 21 drifva
995 1020 42 21 upp

209 1043 179 27 skattebeloppet,
404 1049 46 15 som
472 1046 31 18 ett
526 1046 47 25 nytt
588 1043 175 27 kontrollsystem
780 1043 55 21 skall
852 1043 87 24 införas,
956 1042 81 22 hvilket

207 1072 69 21 under
298 1072 25 21 de
347 1072 68 20 första
437 1072 51 21 åren
511 1078 75 20 genom
610 1071 137 22 anskaffande
771 1072 25 21 af
818 1071 134 22 maltometer
967 1078 26 14 m.
1011 1078 26 14 m.

208 1101 96 21 kommer
319 1102 32 20 att
367 1100 98 22 erfordra
480 1104 59 18 extra
554 1100 89 27 utgifter
659 1100 32 22 för
707 1101 199 27 bryggeriegarene.
933 1100 48 21 Man
998 1100 39 21 har

208 1129 124 27 visserligen
355 1132 54 23 sagt,
426 1132 32 18 att
473 1129 170 27 skattebeloppet
659 1130 66 21 borde
740 1129 80 22 fixeras
836 1129 30 25 sä,
882 1131 32 19 att
930 1129 107 27 bryggeri-

208 1164 90 20 egarene
321 1158 71 20 kunde
408 1164 50 15 vara
481 1158 122 22 försäkrade
624 1164 41 20 oi,
681 1161 33 18 att
729 1158 37 21 det
783 1158 19 26 ej
819 1160 60 19 snart
895 1158 95 21 kommer
1005 1160 32 18 att

209 1186 65 27 höjas.
306 1186 25 21 Vi
354 1187 72 21 kunna
448 1193 29 15 nu
499 1187 19 26 ej
541 1190 48 18 veta
611 1187 55 21 huru
689 1186 205 27 finansregleringen
917 1186 34 21 vid
977 1188 60 20 nästa

208 1215 102 26 landtdag
333 1214 55 22 skall
410 1215 64 21 ställa
492 1215 38 26 sig.
560 1215 48 22 Men
625 1216 36 20 det
676 1217 25 19 är
715 1215 41 21 alls
772 1215 48 21 icke
837 1215 68 27 sagdt,
922 1217 31 18 att
969 1215 69 21 denna

207 1243 59 22 skatt
281 1249 37 15 ens
334 1243 27 21 dä
377 1243 102 22 behöfver
494 1244 98 27 förhöjas,
608 1243 40 22 och
663 1243 62 22 äfven
741 1250 35 15 om
792 1244 20 20 vi
830 1249 27 16 nu
874 1243 117 22 bestämma
1006 1245 31 19 ett

208 1272 66 27 högre
297 1272 83 27 belopp,
403 1272 107 27 nämligen
534 1273 35 20 det
591 1273 120 26 föreslagna
727 1273 29 20 80
771 1273 66 26 penni
852 1278 38 21 per
905 1272 45 26 L&,
966 1272 71 21 kunna

208 1301 61 24 dock,
293 1301 27 20 dä
343 1300 69 21 denna
434 1301 56 21 skatt
508 1301 5 20 i
530 1301 41 21 alla
587 1301 36 21 fall
640 1301 88 26 beviljas
744 1301 57 21 blott
817 1301 33 20 för
866 1303 33 19 tre
915 1301 23 21 är
953 1300 83 25 framät,

209 1329 189 27 bryggeriegarene
421 1329 47 22 icke
491 1329 48 22 fullt
561 1329 72 22 förlita
655 1330 32 26 sig
709 1331 34 25 pä,
768 1332 34 19 att
822 1329 19 27 ej
858 1329 100 27 beloppet
973 1329 7 20 i
996 1328 41 22 alla

208 1357 113 22 händelser
337 1357 32 21 vid
394 1364 26 15 en
443 1358 93 27 följande
558 1358 102 27 landtdag
683 1359 95 20 kommer
803 1360 33 19 att
858 1357 95 25 undergä
968 1357 69 26 nägon

208 1386 129 26 förändring.
368 1386 42 27 Jag
432 1387 69 21 skulle
516 1387 71 21 derför
602 1387 73 21 förena
691 1387 43 26 mig
752 1387 50 21 med
818 1387 55 25 dem,
889 1393 45 14 som
950 1386 88 21 föresla-

207 1415 39 26 git,
262 1417 32 20 att
310 1415 62 27 högst
388 1417 27 20 60
433 1416 63 26 penni
512 1422 38 21 per
565 1415 40 22 L&
619 1415 53 22 malt
687 1415 68 22 skulle
772 1415 115 28 uppbäras.

279 1472 54 21 Herr
356 1472 168 28 Federley:
554 1472 51 22 Man
627 1472 39 21 har
685 1472 77 25 anfört,
779 1474 40 22 att,
836 1472 89 21 emedan
941 1471 97 22 ständets

208 1500 70 21 beslut
301 1500 132 21 beträffande
454 1501 171 21 statsutskottets
649 1501 136 21 betänkande
809 1507 35 14 n:o
869 1502 33 24 14,
918 1500 69 21 sävidt
1002 1500 36 21 det

208 1531 35 19 rör
259 1529 96 26 anslaget
371 1529 33 21 för
420 1529 25 21 de
462 1529 92 22 militära
569 1529 111 26 behofven,
697 1536 36 14 var
749 1529 119 22 eventuellt
884 1529 39 21 och
936 1529 26 21 dä
973 1528 64 21 bland
