1125 1811
209 132 54 21 1594
450 137 179 21 Borgareståndet
643 138 56 18 1882.
725 139 25 17 27
763 138 48 21 maj.

207 207 127 26 beräknadt,
351 209 31 19 att
397 207 28 27 +/;
441 206 51 22 eller
507 208 27 26 2/,
551 206 23 22 af
595 207 27 21 all
640 206 69 22 denna
732 209 76 25 export
824 206 69 22 skulle
909 207 85 21 komma
1009 208 32 20 att

209 236 76 22 forslas
301 236 48 21 med
366 236 69 21 denna
449 236 94 26 jernväg,
558 236 89 21 oaktadt
658 242 25 14 en
695 235 83 22 flottled
790 236 22 20 af
827 235 129 22 ätminstone
971 236 19 26 ej
1007 236 35 20 dä-

208 265 35 26 lig,
260 271 47 15 men
324 264 107 22 mähända
447 264 82 27 mycket
552 264 143 22 framstäende
716 264 154 23 beskaffenhet,
894 265 59 26 löper
968 264 73 21 utmed

205 294 123 25 jernvägen.
360 293 74 21 Sävidt
449 293 37 26 jag
501 293 39 20 har
556 293 41 25 mig
614 292 86 26 bekant,
715 292 69 21 finnes
795 292 62 21 äfven
868 292 32 21 för
910 293 131 20 närvarande

209 322 18 26 ej
243 322 34 20 vid
293 321 76 22 Waala
385 328 57 15 mera
459 323 27 19 än
508 327 26 15 en
550 321 43 26 säg,
609 321 28 21 dä
652 321 97 21 deremot
764 321 35 21 vid
815 321 58 21 Uleä
885 321 39 21 elfs
943 321 99 27 mynning

210 351 5 20 i
231 350 105 21 närheten
352 349 24 22 af
396 351 75 20 staden
487 349 67 22 finnas
577 350 58 27 flere,
656 352 32 19 tre
704 350 52 21 eller
772 351 47 26 fyra
835 350 69 26 sägar.
934 350 41 26 Jag
990 353 52 22 tror,

209 381 32 18 att
258 379 69 20 denna
351 379 117 25 beräkning
491 378 23 21 af
534 378 179 21 trävarutrafiken
735 381 25 18 är
783 378 72 21 alltför
870 379 53 26 högt
938 378 103 27 tilltagen.

211 407 46 21 Den
274 408 73 20 stöder
363 407 32 24 sig
410 407 45 21 helt
470 407 39 21 och
532 407 66 21 hållet
613 407 28 26 på
664 407 40 21 den
720 407 160 26 förutsättning,
897 409 31 19 att
943 407 99 26 sägindu-

210 436 53 21 strin
286 436 56 21 skall
358 436 5 20 i
380 436 111 21 framtiden
516 436 84 21 komma
623 438 33 19 att
670 435 61 28 flytta
751 436 31 26 sig
798 442 43 20 upp
857 436 46 21 från
920 435 123 28 elfmynnin-

209 471 47 19 gen,
282 465 38 20 der
343 464 40 21 den
406 471 28 14 nu
456 464 183 27 hufvudsakligast
665 464 73 27 finnes,
755 465 33 20 till
804 465 80 20 elfvens
901 463 78 22 utflöde
996 465 46 20 frän

209 493 55 21 Uleå
279 493 38 26 sjö.
347 493 41 26 Jag
404 496 45 18 tror
466 493 53 21 dock
536 493 105 26 knappast
663 495 32 19 att
711 493 63 26 sågar
797 493 68 25 skola,
881 499 58 15 mera
955 495 25 18 än
997 493 46 26 säg-

209 521 121 26 stockarne,
346 521 52 28 flyta
414 522 66 27 uppåt
495 522 82 25 elfven
577 517 9 36 ;
593 522 130 21 åtminstone
739 522 39 21 har
794 521 37 21 det
847 522 6 20 i
869 522 67 21 andra
951 521 58 22 delar
1022 521 23 21 af

213 550 48 21 värt
276 551 49 20 land
342 551 55 20 visat
412 551 38 26 sig,
466 553 32 18 att
514 550 143 26 sägindustrin
673 557 45 14 mer
734 551 40 20 och
790 556 45 15 mer
848 549 105 22 etablerat
968 550 31 26 sig
1009 550 35 21 vid

212 579 192 27 elfmynningarna.
435 579 39 21 Om
500 579 276 26 flottningsförhällandena
798 579 38 20 här
861 581 37 18 äro
923 579 62 21 svära
1010 579 32 20 till

211 607 52 27 följd
279 607 23 21 af
315 607 91 21 konflikt
417 608 47 20 med
479 607 106 26 laxfisket,
597 608 61 20 torde
671 608 36 20 det
717 608 98 20 enklaste
824 607 136 27 hjelpmedlet
971 606 55 28 ligga
1037 607 6 21 i

211 639 32 18 att
258 637 53 20 söka
326 636 91 21 utverka
439 637 68 25 någon
536 636 125 26 förändring
684 636 7 20 i
714 636 61 21 dessa
802 635 241 22 förhållanden.
978 631 12 36 —
1005 631 42 36 Vi-

213 665 51 21 dare
279 664 40 22 har
333 665 36 26 jag
385 667 45 18 mot
446 665 38 20 den
493 671 29 15 nu
537 664 120 26 föreslagna
669 664 154 22 subventionen
840 667 32 18 att
887 665 108 25 anmärka,
1011 666 33 19 att

211 693 62 21 äfven
289 694 7 20 i
312 693 118 21 financiellt
446 694 118 20 hänseende
581 693 36 21 det
632 694 47 20 icke
687 699 62 21 synes
765 700 53 14 vara
832 693 134 27 synnerligen
982 692 61 22 klokt

213 722 22 21 af
249 722 121 21 Ständerna
386 725 32 17 att
434 722 26 26 pä
477 728 24 14 en
517 723 54 25 gäng
587 722 80 26 begära
681 722 119 21 understöd
819 721 32 21 för
866 722 24 20 sä
905 722 76 26 mänga
1003 722 40 26 pri-

212 753 51 18 vata
279 751 74 24 banor,
377 750 27 21 dä
419 750 119 22 Ständerna
562 750 54 22 dock
632 750 46 21 icke
702 752 37 19 äro
756 756 28 15 nu
809 750 95 26 benägna
924 753 32 18 att
972 750 72 27 sjelfva

212 780 63 20 ställa
292 779 285 21 kommunikationsfondens
592 779 115 26 tillgångar
723 778 122 27 disponibla
861 778 33 21 för
908 780 61 20 dessa
979 779 65 20 ända-

213 808 52 25 mål;
289 807 129 22 åtminstone
442 809 86 19 nämnes
552 807 18 27 ej
586 808 6 20 i
609 807 154 25 betänkandet,
787 809 32 19 att
841 807 120 21 Ständerna
976 807 68 21 skulle

213 836 61 21 anslå
290 837 62 20 dessa
369 835 77 27 medel,
469 839 50 18 utan
536 836 38 21 hos
595 836 124 26 regeringen
743 836 92 25 anhålla,
856 836 36 20 det
906 836 139 21 statsverkets

214 865 121 26 disponibla
351 865 115 26 tillgångar
482 864 66 22 skulle
564 865 71 20 dertill
651 865 115 20 användas.
791 864 80 21 Härtill
886 864 102 25 kommer,
999 864 45 21 ifall

210 893 37 27 jag
263 893 74 27 riktigt
353 894 42 20 läst
417 893 219 27 landtdagsreferaten
652 893 6 21 i
674 893 143 26 tidningarna,
834 895 32 18 att
889 896 74 18 trenne
982 893 62 21 stånd

212 922 65 20 redan
302 921 63 21 hafva
388 921 104 22 förkastat
519 922 124 26 petitionen,
670 921 86 21 hvarför
779 921 37 21 det
831 921 19 27 ej
867 921 68 21 skulle
951 922 46 20 leda
1013 921 32 21 till

213 950 65 27 något
298 950 97 24 resultat,
412 950 60 21 äfven
488 956 33 15 om
538 950 182 27 Borgareständet
736 956 28 15 nu
780 952 77 24 antoge
874 950 127 21 densamma.
1018 962 27 3 —

212 980 41 25 Jag
261 979 69 21 skulle
339 979 72 21 derför
419 979 83 25 föreslä,
511 982 31 18 att
558 979 69 21 denna
636 979 89 27 petition
734 978 32 22 för
776 979 69 20 denna
854 979 55 26 gäng
919 978 54 26 finge
983 979 61 25 hvila,

214 1008 56 21 helst
286 1008 35 21 det
337 1010 24 18 är
376 1008 42 20 tids
434 1014 42 19 nog
498 1010 32 18 att
546 1008 33 20 vid
603 1010 31 18 ett
650 1008 93 26 följande
767 1007 151 22 Ständermöte
938 1011 50 23 taga
1002 1014 43 20 upp

213 1036 130 24 densamma,
367 1036 66 21 sedan
458 1036 38 21 den
520 1042 27 15 nu
570 1036 98 22 beslutna
692 1036 177 21 Österbottniska
886 1035 68 22 banan
971 1036 75 21 hunnit

213 1065 82 21 utföras
311 1066 32 20 till
359 1064 103 22 närheten
478 1065 22 20 af
514 1064 115 28 Uleäborg.

285 1122 57 21 Herr
392 1122 126 21 Wasenius
534 1122 70 22 afstod
620 1122 46 21 frän
683 1122 66 22 ordet.

282 1179 56 21 Herr
353 1180 151 21 Grönvik:
536 1180 39 26 Jag
593 1179 35 21 vill
645 1180 17 25 ej
679 1182 57 24 yttra
752 1180 43 26 mig
812 1185 34 15 om
862 1178 101 22 särskildt
979 1179 68 20 denna

218 1207 52 21 eller
286 1209 25 20 de
335 1209 68 26 öfriga
427 1209 94 20 banorna
544 1207 51 21 böra
616 1208 184 21 subventioneras.
832 1207 42 21 Det
890 1209 24 19 är
930 1207 117 26 egentligen

213 1236 34 21 vid
264 1243 25 14 en
306 1237 100 26 formsak,
422 1243 46 15 som
480 1237 36 26 jag
539 1236 48 21 ville
604 1237 57 20 fästa
683 1236 225 27 uppmärksamheten,
924 1235 70 21 förrän
1011 1235 36 22 nä-

212 1271 42 20 gon
271 1265 96 27 votering
383 1265 24 21 af
422 1266 62 20 dessa
500 1265 105 21 klämmar
621 1271 50 21 eger
687 1271 54 18 rum,
758 1267 52 19 enär
826 1265 48 20 mitt
884 1264 86 21 votumi
986 1264 61 21 dessa

213 1293 73 27 frägor
309 1294 129 21 ätminstone
463 1293 72 22 endels
558 1294 97 21 kommer
678 1296 32 19 att
733 1293 51 22 bero
802 1293 67 22 deraf.
900 1293 26 21 Vi
942 1292 63 21 hafva
1020 1293 27 26 pä

214 1323 69 25 grund
299 1322 24 21 af
337 1323 173 21 statsutskottets
536 1322 134 21 betänkande
694 1324 84 19 voterat
794 1328 26 15 en
836 1321 81 28 budget
939 1321 33 20 för
987 1323 60 19 nästa

214 1350 270 28 finansregleringsperiod,
501 1357 44 15 som
561 1351 80 20 utvisar
657 1351 102 21 hurusom
776 1351 63 20 äfven
855 1350 140 21 statsverkets
1011 1350 36 21 be-

215 1380 96 21 räknade
327 1381 117 20 inkomster
459 1382 37 19 äro
512 1383 65 22 tagna
592 1379 5 21 i
609 1379 93 27 anspräk
711 1379 33 21 för
753 1379 133 21 betäckande
889 1374 19 36 af
909 1378 137 26 utgifterna.

215 1407 25 21 Vi
257 1408 65 21 hafva
338 1409 30 20 till
386 1415 25 15 en
428 1409 32 20 del
479 1408 92 26 förfogat
586 1409 60 20 äfven
664 1408 57 21 öfver
733 1408 143 21 öfverskottet
891 1408 7 20 i
914 1407 133 25 statsverket,

217 1437 70 20 sävidt
305 1437 36 20 det
356 1437 19 26 ej
399 1437 101 21 behöfves
523 1437 69 20 säsom
609 1443 25 14 en
651 1437 127 21 handkassa.
810 1437 42 20 Det
868 1442 61 21 synes
944 1436 42 26 mig
1002 1435 45 21 der-

215 1465 34 20 för
265 1465 70 21 säsom
352 1472 34 14 om
404 1467 35 19 det
454 1466 19 26 ej
496 1466 69 20 skulle
589 1465 191 21 öfverensstämma
804 1465 47 21 med
868 1468 31 18 ett
918 1464 73 26 rigtigt
1007 1463 42 21 för-

215 1493 97 27 farande,
328 1496 31 18 att
382 1494 120 21 Ständerna
524 1500 34 15 om
574 1494 69 26 nägon
667 1494 52 20 eller
735 1494 67 26 nägra
821 1494 23 20 af
858 1493 62 21 dessa
935 1492 114 27 petitioner

214 1521 71 22 skulle
301 1522 75 27 uttala,
394 1525 32 18 att
442 1523 25 20 de
482 1522 86 21 anhälla
583 1529 34 14 om
634 1522 126 21 subvention
777 1521 33 22 till
826 1523 31 20 ett
873 1521 76 21 sädant
966 1520 39 21 och
1016 1520 33 21 sä-
