1125 1811
216 133 54 21 1442
458 138 180 22 Borgareståndet
651 139 58 17 1882.
733 140 26 16 23
773 138 49 22 maj.

1038 168 13 7 -

215 207 54 21 böra
283 207 88 21 komma
386 207 32 22 till
434 207 114 26 militären,
563 208 28 27 pä
611 208 36 21 det
663 208 26 21 de
703 208 68 21 andra
787 208 19 26 ej
823 207 67 22 måtte
906 208 91 22 behöfva
1011 215 38 15 un-

215 236 102 22 derkasta
333 236 32 27 sig
380 238 33 19 att
428 236 60 27 tjena
503 236 140 22 tillsammans
658 236 49 22 med
723 242 26 16 en
760 236 61 28 dylik
832 242 83 22 person.
939 237 41 27 Jag
993 237 58 22 hade

216 264 61 26 dock,
298 265 71 21 såsom
385 264 69 27 sagdt,
470 264 56 22 helst
541 267 48 25 sett,
605 266 33 20 att
654 265 65 26 tiden,
735 265 70 21 under
820 264 86 23 hvilken
922 272 26 15 en
964 272 87 21 person,

214 299 46 15 som
275 292 125 27 .undergätt
423 293 157 24 tukthusstraff,
599 294 124 21 sedermera
737 294 71 21 skulle
824 293 23 21 få
862 293 32 22 till
910 294 89 21 allmänt
1013 300 35 15 ar-

216 321 49 22 bete
290 320 76 26 hållas,
382 321 19 28 ej
417 321 69 22 skulle
502 321 72 22 kunna
589 322 98 21 sträckas
702 321 84 22 utöfver
802 324 32 19 ett
850 322 30 21 är.
911 322 32 21 Då
955 323 38 26 jag
1009 323 41 21 lik-

215 350 34 21 väl
265 349 70 22 blifvit
351 350 6 21 i
374 350 107 21 utskottet
496 356 72 15 ensam
584 357 34 14 om
635 351 68 21 denna
719 350 63 27 äsigt,
798 351 56 20 hade
868 351 37 27 jag
920 351 19 26 ej
955 357 93 16 reserve-

215 380 34 20 rat
271 378 44 27 mig
338 378 40 22 och
402 379 26 21 dä
450 379 18 26 ej
485 379 65 26 nägot
565 379 57 27 hopp
637 378 67 22 finnes
719 379 33 21 för
767 379 44 27 mig
827 379 68 21 under
910 380 79 21 sädana
1005 386 44 15 om-

214 407 154 26 ständigheter,
384 409 33 20 att
432 407 36 22 det
484 407 69 22 skulle
568 407 72 22 kunna
655 407 66 22 blifva
736 410 33 19 tre
784 407 76 22 ständs
876 408 75 26 beslut,
968 408 35 21 vill
1011 408 37 27 jag

214 435 19 28 ej
255 435 69 22 heller
347 442 29 15 nu
398 436 53 27 yrka
472 436 34 27 pä,
523 439 31 18 att
569 437 69 20 denna
653 436 56 27 äsigt
724 436 69 22 skulle
809 437 87 21 komma
911 436 31 21 till
958 438 90 20 omröst-

214 465 58 26 ning,
291 464 40 21 och
346 465 125 27 föredrager
484 465 36 26 jag
536 465 22 21 af
572 465 25 20 de
614 467 77 19 tvenne
706 465 87 26 åsigter.
811 465 73 21 hvilka
899 465 68 22 finnas
982 465 66 21 fram-

213 493 86 26 ställda,
316 493 41 21 den
382 499 39 16 ena
443 494 7 21 i
473 493 116 22 utskottets
612 493 136 22 betänkande
764 493 40 22 och
824 493 40 22 den
880 494 67 21 andra
962 493 22 22 af
998 493 50 22 herr

214 521 89 27 Nysten,
327 522 41 21 den
392 522 24 21 af
436 523 108 20 utskottet
566 522 127 21 framhällna
709 522 38 21 och
764 522 120 27 tillstyrker
900 522 72 22 derför
987 525 61 18 anta-

213 551 70 26 gande
299 550 22 22 af
335 550 118 22 utskottets
468 550 86 27 förslag.

283 607 57 22 Herr
362 608 200 21 Liukkonen:
587 607 46 21 Här
648 607 39 21 har
702 608 118 24 anmärkts,
838 609 32 19 att
886 608 161 26 bestämningen

214 642 34 16 om
271 636 90 21 allmänt
384 636 74 21 arbete
481 642 50 15 vore
547 636 120 27 nödvändig
682 638 15 19 t.
712 643 31 14 ex.
759 636 6 21 i
782 636 79 22 sädant
876 636 44 26 fall,
936 639 32 19 att
983 636 62 27 lagen

211 666 94 20 utsätter
319 664 50 22 kort
385 664 157 22 tukthusstraff.
573 665 33 21 Då
621 671 48 15 man
685 665 96 21 öfverser
796 664 251 22 straflbestämmelserna

213 694 7 20 i
242 694 70 20 denna
334 694 42 25 lag,
400 696 24 18 är
438 692 135 22 straffskalan
589 694 82 26 ganska
685 693 128 22 vidsträckt.
844 693 50 22 Man
910 700 34 14 ser
959 696 32 18 att
1007 694 39 20 här

213 724 24 19 är
253 722 109 21 bestämdt
378 722 88 22 tukthus
483 722 46 21 frän
545 724 31 19 ett
591 722 33 21 till
639 723 31 20 tio
685 722 30 21 är.
746 722 82 21 Finner
844 722 118 21 domstolen
978 722 70 22 under

213 752 32 20 ett
260 751 114 21 brottmäls
391 750 129 28 behandling
542 753 32 19 att
589 750 41 22 den
646 750 112 28 brottslige
774 751 82 27 äsyftat
871 757 76 21 genom
964 751 81 21 brottet

213 779 98 22 befrielse
327 780 47 20 frän
390 780 32 20 sin
438 780 129 25 krigstjenst,
584 780 24 20 sä
623 780 39 20 har
677 779 121 22 domstolen
812 780 26 26 ju
853 779 84 21 tillfälle
952 782 33 18 att
1003 780 43 20 öka

213 807 175 22 tukthusstraffet
409 809 52 20 utan
484 810 32 19 att
538 808 37 21 det
597 807 6 21 i
619 807 62 27 lagen
697 807 141 26 ovilkorligen
854 807 54 22 skall
924 808 79 21 införas
1018 814 27 15 en

213 837 136 26 bestämning
372 843 34 14 om
422 836 36 21 två
474 837 34 20 års
524 836 89 21 allmänt
628 836 80 21 arbete.
739 837 42 26 Jag
797 836 41 21 har
853 837 41 26 mig
910 836 85 27 bekant,
1011 839 34 18 att

213 871 26 15 en
255 865 71 22 soldat
341 865 47 21 frän
404 865 199 27 gardesbataljonen
620 865 33 21 för
668 865 105 27 begänget
788 865 112 26 vädadräp
913 865 87 21 dömdes
1011 865 34 21 till

213 893 95 22 tukthus.
339 893 74 22 Skulle
435 894 41 20 han
499 893 72 21 härtill
587 895 56 20 ännu
658 893 82 21 erhålla
756 894 37 20 två
808 894 36 20 års
860 893 88 21 allmänt
963 893 84 26 arbete,

211 928 52 16 vore
279 922 36 22 det
331 922 33 21 väl
380 922 32 21 för
427 922 91 27 mycket.
548 921 45 22 Här
609 922 39 21 har
663 924 85 19 nämnts
763 922 73 21 säsom
850 922 71 25 motiv,
933 924 32 18 att
976 922 6 20 i
993 922 50 21 Sve-

212 951 51 26 rige,
287 951 38 21 der
348 953 116 25 trupperna
487 952 37 20 äro
547 950 106 27 värfvade,
672 951 19 27 ej
707 951 67 21 finnes
790 952 33 20 ett
839 950 67 28 dylikt
921 950 126 27 stadgande.

212 980 45 26 Mig
280 979 108 22 förefaller
412 980 42 26 det,
478 982 32 18 att
528 979 37 21 der
580 979 102 21 värfvade
698 981 88 25 trupper
802 979 76 25 finnas,
894 981 24 19 är
934 979 35 21 det
985 985 59 15 mera

212 1008 47 22 skäl
281 1011 33 19 att
329 1008 78 22 ädöma
422 1008 48 21 dem
487 1008 88 21 allmänt
591 1008 74 21 arbete
681 1008 32 21 för
728 1008 40 21 den
785 1008 138 21 äterstäende
938 1007 105 27 kapitula-

211 1037 125 25 tionstiden,
351 1038 27 20 än
401 1039 32 19 att
457 1038 81 20 utsätta
553 1043 25 15 en
596 1036 66 22 sädan
674 1037 136 26 bestämning
821 1036 34 22 för
865 1039 94 24 trupper,
971 1036 72 22 hvilka

211 1066 93 26 fullgöra
319 1066 32 20 sin
369 1066 124 26 värnepligt.

281 1123 57 21 Herr
359 1122 133 28 Nystön:
515 1123 11 21 I
541 1123 114 27 anledning
670 1122 22 22 af
706 1122 50 22 herr
771 1122 120 27 Cloubergs
907 1122 137 27 andragande

211 1152 39 21 ber
263 1151 36 27 jag
315 1154 32 19 att
361 1151 22 21 fä
398 1153 84 24 nämna,
498 1154 32 19 att
542 1152 37 26 jag
594 1158 42 20 nog
651 1154 24 18 är
691 1158 50 15 ense
756 1152 50 20 med
822 1151 79 21 honom
917 1151 80 25 derom,
1009 1153 35 19 att

211 1183 32 19 ett
269 1180 118 26 stadgande
409 1180 150 22 motsvarande
582 1180 60 22 detta
664 1180 17 27 ej
706 1182 24 20 är
754 1179 105 27 behöfligt
874 1180 6 20 i
896 1179 92 26 Sverige,
1005 1179 39 22 der

211 1209 146 26 krigsmakten
373 1208 19 27 ej
406 1210 23 19 är
439 1209 97 26 grundad
547 1209 26 26 pä
582 1208 79 22 allmän
672 1209 128 26 värneplikt.
817 1208 50 21 Men
874 1208 37 27 jag
924 1207 55 22 hade
989 1209 52 20 äran

211 1239 84 24 nämna,
312 1239 33 19 att
361 1237 61 21 äfven
438 1237 7 21 i
461 1237 26 21 de
502 1237 85 22 länders
603 1237 126 27 strafflagar,
746 1237 38 21 der
800 1236 121 27 värnepligt
932 1238 24 19 är
966 1236 76 26 införd,

211 1269 14 18 t.
243 1273 32 14 ex.
291 1267 6 20 i
313 1265 118 28 Tysklands
447 1266 40 21 och
507 1265 120 22 Danmarks
642 1265 127 28 strafflagar,
786 1266 72 21 denna
874 1265 133 26 bestämning
1022 1265 20 26 ej

211 1295 76 21 finnes.
303 1307 28 3 —
347 1295 61 20 Hvad
427 1295 47 21 äter
489 1295 131 21 vidkommer
636 1295 40 21 den
693 1294 168 27 omständighet,
877 1299 45 16 som
937 1293 40 21 här
992 1293 50 22 äbe-

210 1326 75 24 ropats
307 1323 33 21 till
362 1323 82 21 försvar
466 1323 34 21 för
521 1323 133 27 stadgandet,
669 1325 33 19 att
717 1323 40 21 den
773 1322 158 27 värnepligtige
945 1321 96 22 soldaten

211 1352 82 21 kunnat
309 1351 54 27 begä
378 1352 60 21 detta
454 1351 58 22 brott
528 1352 6 21 i
550 1351 62 27 afsigt
627 1354 33 19 att
675 1351 99 22 förkorta
789 1351 34 22 sin
835 1351 111 27 tjenstetid
957 1350 39 22 och
1009 1353 32 18 att

210 1381 61 21 detta
293 1381 68 21 skulle
384 1381 104 21 motivera
510 1381 91 20 nämnda
623 1380 123 27 stadgande,
768 1381 44 20 kan
833 1380 37 27 jag
886 1380 18 27 ej
920 1379 73 26 förstä,
1009 1382 33 18 att

210 1410 61 21 detta
293 1409 72 21 stöder
388 1409 31 26 sig
434 1409 28 27 pä
478 1409 106 22 allmänna
600 1409 172 27 straffprinciper.
805 1409 41 22 Om
863 1409 35 20 det
914 1408 61 21 äfven
991 1414 50 15 vore

210 1440 44 19 rätt
273 1440 32 19 att
321 1438 75 25 ålägga
412 1444 32 19 en,
460 1444 45 15 som
522 1438 107 27 verkligen
645 1438 74 26 begått
734 1440 31 19 ett
781 1437 61 22 brott
858 1437 78 26 derför,
951 1436 90 21 allmänt

209 1466 82 26 arbete,
307 1472 50 15 vore
373 1467 36 20 det
424 1467 129 21 ätminstone
568 1467 19 26 ej
603 1468 44 19 rätt
662 1469 33 19 att
710 1467 77 25 älägga
803 1466 61 21 detta
879 1465 73 22 arbete
967 1471 26 15 en
1008 1465 32 21 sä-

209 1496 49 24 dan,
274 1501 45 14 som
335 1494 18 27 ej
371 1494 131 27 öfvertygats
518 1497 32 18 att
564 1495 7 20 i
587 1495 69 21 denna
671 1494 65 27 afsigt
751 1494 67 21 hafva
835 1494 72 27 begått
916 1494 81 21 brottet
1012 1506 27 2 —

209 1523 74 28 något,
299 1529 45 15 som
361 1523 33 21 för
410 1523 64 28 öfrigt
490 1525 24 20 är
529 1523 83 27 mycket
627 1523 59 22 svårt
701 1525 32 20 att
747 1523 75 22 kunna
833 1523 80 27 styrka.
942 1523 43 26 Jag
995 1524 46 20 tror
