1125 1811
218 123 57 35 1344
458 132 178 22 Borgareståndet
649 133 59 17 1882.
728 133 23 17 19
764 132 50 22 maj.

219 202 60 21 förut
302 201 72 27 tagits,
397 203 24 19 är
444 201 36 21 det
501 202 46 20 med
564 201 99 21 afseende
679 201 14 21 å
707 201 27 21 de
749 202 118 26 apparater
882 201 39 21 och
937 202 114 26 maskiner,

219 236 46 16 som
282 230 70 21 finnas
367 230 29 26 pä
411 232 32 19 ett
458 230 104 26 bryggeri,
578 229 111 27 påtagligt,
705 232 32 19 att
754 236 50 15 man
820 230 34 21 får
868 232 24 18 ut
908 232 82 19 musten
1005 230 46 22 från

219 258 80 22 malten
316 259 6 21 i
339 259 23 21 så
379 258 155 26 öfvervägande
550 258 43 27 hög
607 258 60 27 grad,
684 260 32 19 att
732 258 37 22 det
786 260 24 20 är
826 258 22 22 af
868 259 62 26 ingen
947 258 106 25 väsentlig

219 287 111 27 betydelse
353 286 33 21 för
408 286 121 27 bryggeriet
551 289 32 19 att
606 287 71 21 betala
699 287 70 21 denna
793 287 46 21 lilla
862 286 64 27 skatt,
942 286 39 22 och
997 287 55 21 skall

221 316 69 21 denna
305 315 59 22 skatt
379 315 91 21 sålunda
484 315 46 22 icke
546 315 66 22 heller
627 315 7 22 i
651 315 64 26 något
728 315 130 21 nämnvärdt
868 315 132 22 förhållande
1011 315 41 21 öka

220 344 67 27 priset
309 345 28 26 på
352 350 66 15 varan
441 344 33 21 för
490 344 39 21 den
546 343 76 28 fattiga
638 344 159 26 befolkningen.
829 344 65 21 Detta
909 345 44 26 gör,
970 346 33 19 att
1016 344 36 27 jag

219 373 126 26 godkänner
370 372 126 27 paragrafen
519 373 6 20 i
550 373 59 21 detta
633 372 106 21 afseende.
771 373 62 21 Dock
856 379 62 14 anser
937 373 37 26 jag
996 372 56 22 hvad

221 401 174 27 skattebeloppet
414 403 28 20 80
457 401 63 27 penni
536 407 36 21 per
587 401 41 21 L&
643 401 103 21 beträffar
763 401 37 21 det
816 407 52 15 vara
883 401 87 22 alldeles
985 401 66 22 öfver-

220 429 79 22 höfvan
322 432 62 19 stort.
415 430 42 21 Det
480 430 65 21 finnes
561 429 60 27 intet,
637 436 46 15 som
699 429 39 22 hos
754 435 36 16 oss
806 436 28 15 nu
851 429 97 27 betingar
963 432 32 19 ett
1009 429 43 22 för-

221 459 47 26 slag
291 461 33 18 att
345 460 77 19 nästan
438 458 33 21 till
487 459 36 20 det
538 458 79 22 dubbla
633 458 50 27 höja
698 458 70 21 denna
784 458 66 25 skatt,
867 458 122 27 isynnerhet
1004 459 6 20 i
1025 465 26 15 en

221 487 38 26 tid,
284 487 27 22 dä
327 487 36 21 det
378 487 24 21 sä
417 487 45 21 ofta
477 487 39 21 har
530 487 96 26 uttalats,
643 489 32 19 att
691 489 71 19 staten
778 487 49 22 icke
842 489 24 19 är
882 487 6 21 i
904 487 65 21 behof
983 487 24 21 af
1020 489 32 20 att

221 517 96 26 upptaga
332 522 41 21 nya
389 516 89 24 skatter,
495 515 52 22 allra
563 515 64 22 minst
642 517 32 20 att
690 515 115 22 fördubbla
821 522 26 15 en
863 515 65 27 skatt,
939 521 45 16 som
997 515 55 22 ändä

222 544 187 27 hufvudsakligast
432 545 96 20 kommer
549 547 32 18 att
604 544 82 22 drabba
705 544 40 21 den
762 544 80 27 fattiga
857 544 61 21 delen
934 544 23 21 af
971 544 81 22 befolk-

221 573 79 26 ningen
320 574 7 20 i
343 573 79 21 landet.
438 585 28 3 —
481 573 40 26 Jag
536 574 24 20 är
574 573 7 20 i
597 573 118 21 utskottets
730 573 138 21 betänkande
885 576 106 24 upptagen
1006 579 45 15 som

221 601 70 22 skulle
305 601 36 27 jag
356 602 71 20 såsom
442 601 113 27 suppleant
570 601 89 27 deltagit
674 601 7 21 i
696 601 159 27 behandlingen
866 601 23 21 af
898 601 59 21 detta
967 601 84 21 ärende.

222 630 42 26 Jag
285 629 40 22 har
347 630 55 21 dock
425 630 47 21 icke
488 630 55 21 velat
558 636 111 16 reservera
692 629 42 27 mig
754 632 60 19 emot
830 630 115 21 utskottets
961 630 70 21 beslut
1045 629 7 21 i

221 659 63 21 detta
307 658 107 24 afseende,
430 658 88 22 emedan
540 659 95 26 ärendet,
651 658 28 22 dä
691 658 37 27 jag
744 658 107 26 inträdde,
868 658 65 21 redan
948 664 37 16 var
1001 660 52 20 nära

222 693 43 21 nog
287 686 182 22 slutbehandladt.
500 687 42 21 Det
563 689 24 19 är
609 688 108 20 dessutom
734 687 36 21 det
786 687 69 21 första
867 687 85 25 ärende,
967 687 8 21 i
990 687 63 21 hvars

223 715 131 27 behandling
366 715 38 27 jag
419 715 47 21 haft
481 716 40 20 den
536 717 52 20 äran
603 718 32 19 att
652 716 33 21 vid
702 716 70 21 denna
788 715 104 27 landtdag
907 715 90 27 deltaga,
1013 715 40 22 och

219 746 40 25 jag
275 744 40 22 har
329 744 20 28 ej
365 744 67 21 heller
448 744 70 21 derför
534 744 55 22 velat
605 750 110 16 reservera
731 744 50 27 mig.
814 744 48 22 Men
876 744 37 26 jag
928 744 78 21 önskar
1021 746 32 19 att

225 773 39 20 här
287 773 22 21 få
330 772 76 25 uttala,
421 774 33 19 att
466 772 38 27 jag
518 779 62 14 anser
595 774 28 20 50
639 773 63 26 högst
717 773 28 21 60
760 773 65 26 penni
840 778 39 21 per
894 772 39 21 L&
947 779 52 14 vara
1013 772 40 22 den

223 802 67 25 skatt,
311 807 47 16 som
384 801 66 21 borde
473 802 92 25 utgöras.
587 813 29 4 —
638 801 41 28 Jag
701 801 38 21 ber
755 803 33 20 att
804 801 22 21 få
842 801 48 21 med
906 800 112 27 anledning
1033 801 22 21 af

224 830 67 27 nägra
306 830 23 21 af
343 829 26 22 de
385 832 85 19 senaste
484 829 127 27 yttrandena
627 829 94 28 tillägga,
735 832 34 19 att
782 829 38 28 jag
836 831 46 20 tror
897 829 36 22 det
940 836 52 15 vara
1002 830 51 21 nöd-

223 859 95 26 vändigt,
346 861 33 18 att
404 858 40 21 den
468 858 105 21 allmänna
595 859 149 21 diskussionen
769 859 88 26 bringas
879 858 33 21 till
927 858 48 27 slut,
991 858 63 21 innan

225 893 48 15 man
297 887 98 26 öfvergär
417 886 31 21 till
472 887 95 21 enskilda
582 887 182 26 omständigheter
781 887 31 21 uti
829 886 150 22 betänkandet.
1009 887 46 21 Här

223 915 41 22 har
280 918 13 18 t.
311 922 31 15 ex.
359 914 127 22 framställts
501 915 140 27 anmärkning
656 915 134 22 beträffande
808 917 9 19 1
836 916 19 26 &,
872 921 47 15 men
936 915 68 21 denna
1019 921 35 21 pa-

225 944 76 27 ragraf
321 944 40 21 har
378 944 54 21 dock
447 944 47 21 icke
509 945 56 20 ännu
581 944 69 21 blifvit
665 950 37 15 ens
717 944 95 27 uppläst.
843 944 41 26 Jag
900 943 68 22 skulle
983 944 72 21 derför

224 972 95 26 anhälla,
341 974 33 20 att
396 972 87 22 ständet
503 972 56 22 hölle
581 972 33 28 sig
635 972 32 22 till
683 972 41 22 den
739 973 110 21 allmänna
863 972 74 27 frägan
952 972 103 22 huruvida

226 1001 147 22 betänkandet
395 1001 39 21 bör
456 1002 168 20 äterremitteras
647 1001 34 21 för
703 1001 150 27 omarbetning
876 1001 6 21 i
906 1001 35 21 det
963 1000 22 22 af
1006 1001 49 21 herr

224 1030 109 22 Stenbäck
355 1029 121 27 föreslagna
497 1030 64 27 syftet
583 1030 53 22 eller
651 1036 35 15 om
702 1030 20 21 vi
737 1030 63 21 skola
816 1029 86 28 öfvergä
917 1029 33 21 till
965 1030 90 26 special-

225 1059 132 27 granskning
371 1058 25 22 af
411 1058 143 22 betänkandet
568 1058 141 28 paragrafvis.

297 1116 55 22 Herr
375 1116 168 26 Clouberg:
573 1116 41 27 Jag
637 1116 55 21 hade
715 1118 73 19 ämnat
810 1117 60 26 yttra
892 1116 42 26 mig
955 1116 101 21 särskildt

226 1144 133 22 beträffande
381 1144 102 28 beloppet
504 1145 23 21 af
547 1144 85 22 skatten
655 1144 39 22 och
716 1145 39 21 ber
776 1146 34 20 att
825 1144 21 22 fä
862 1144 73 22 förena
950 1144 42 27 mig
1007 1144 48 22 med

226 1174 50 21 herr
299 1173 83 27 Nybom
404 1180 34 14 om
462 1173 101 27 förslaget
579 1175 30 19 att
626 1173 99 21 nedsätta
741 1173 37 21 det
794 1172 33 22 till
843 1174 27 20 50
886 1172 63 28 penni
963 1179 38 20 per
1016 1173 40 21 L&

226 1202 41 21 och
290 1202 70 21 säsom
385 1202 47 21 skäl
455 1202 71 21 derför
540 1204 116 25 yttermera
671 1202 99 26 äberopa,
787 1204 35 19 att
836 1201 86 22 ständet
937 1201 34 21 vid
987 1202 69 20 denna

225 1230 104 27 landtdag
352 1231 82 26 antagit
455 1237 26 14 en
503 1230 35 27 lag
560 1236 34 15 om
618 1230 123 26 försäljning
763 1230 23 21 af
808 1230 149 27 maltdrycker,
979 1236 77 20 genom

227 1259 86 21 hvilken
335 1259 34 26 lag
392 1259 199 27 bryggeriegarenes
614 1259 180 26 försäljningsrätt
817 1259 6 20 i
850 1259 81 26 ganska
953 1259 104 26 väsentlig

226 1287 55 27 grad
296 1287 69 22 blifvit
380 1287 116 22 inskränkt.
512 1288 39 21 Att
565 1289 116 25 yttermera
696 1288 93 27 pälägga
804 1293 27 16 en
847 1287 73 22 alltför
935 1287 41 26 hög
991 1288 64 25 skatt,

228 1322 51 15 vore
301 1316 46 21 icke
362 1316 131 25 välbetänkt,
514 1317 26 20 dä
556 1316 19 21 vi
591 1316 18 27 ej
626 1316 63 21 hafva
706 1316 65 27 nägot
787 1316 47 21 skäl
851 1317 33 20 att
898 1316 53 21 söka
966 1316 6 21 i
985 1315 72 22 alltför

228 1345 42 26 hög
285 1345 53 26 grad
354 1345 116 21 inskränka
486 1345 40 21 den
542 1344 71 27 lofliga
629 1345 108 26 näringen.

298 1403 56 20 Herr
376 1397 125 26 Öhman:
531 1402 40 27 Jag
592 1401 55 22 hade
662 1401 91 22 anhällit
768 1408 35 15 om
820 1402 62 21 ordet
897 1401 33 22 för
945 1403 32 20 att
989 1401 68 22 uttala

226 1431 47 26 mig
295 1431 110 26 angående
429 1432 8 19 1
463 1431 19 26 8,
505 1437 47 14 men
575 1430 38 21 ber
634 1437 28 15 nu
678 1431 76 21 endast
769 1432 33 20 att
817 1430 21 21 få
854 1432 83 23 nämna,
953 1432 32 19 att
998 1429 37 27 jag
1050 1430 7 20 i

228 1459 83 27 princip
328 1461 24 19 är
367 1459 33 21 för
416 1459 110 21 införande
541 1459 22 21 af
577 1459 118 21 maltskatt.

299 1516 56 21 Herr
377 1515 168 28 Wallgren:
575 1515 34 22 Dä
628 1515 37 27 jag
681 1515 93 27 begärde
790 1515 62 22 ordet
867 1521 37 16 var
920 1515 35 21 det
970 1514 88 23 hufvud-

227 1545 105 27 sakligast
355 1545 34 21 för
411 1547 32 19 att
466 1545 70 21 erinra
552 1550 33 15 om
601 1544 55 21 hvad
673 1544 54 21 dock
742 1544 68 21 redan
826 1545 63 21 skett.
906 1544 105 27 nämligen
1027 1546 31 19 att
