1125 1811
318 137 184 23 Borgareståndet
514 139 59 17 1882,
597 139 28 17 23
637 139 47 20 maj.
859 134 54 20 1457

80 207 67 25 detta,
164 209 49 19 utan
229 206 142 26 föreskrifver,
386 209 34 20 att
430 207 45 21 lika
487 207 59 21 antal
558 207 47 21 från
615 207 74 27 hvarje
699 207 63 22 stånd
774 207 53 21 skall
839 208 74 26 väljas,

78 242 66 15 anser
156 236 42 26 jag,
215 238 32 18 att
262 236 33 20 till
311 236 48 21 dess
375 242 25 14 en
416 235 126 27 förändring
556 236 7 20 i
575 236 60 20 detta
645 236 98 21 afseende
755 236 42 21 kan
808 236 28 27 på
846 236 68 27 laglig

80 266 42 25 väg
142 264 164 26 åstadkommas,
329 264 82 22 antalet
434 264 137 27 fullmäktige
593 264 40 21 bör
647 265 70 21 såsom
733 264 77 22 hittills
825 267 89 25 utgöras

79 292 26 21 af
126 292 46 27 fyra
193 299 106 20 personer.
331 293 42 20 Det
396 293 55 21 hade
477 292 56 21 varit
556 292 42 26 mig
621 293 54 26 kärt,
692 300 33 14 om
749 293 165 22 bankutskottet

79 321 71 21 skulle
170 321 146 21 framkommit
338 321 48 21 med
410 322 68 27 något
493 321 80 27 förslag
587 321 7 21 i
610 321 54 27 syfte
680 323 32 20 att
727 321 144 28 åvägabringa
887 328 26 15 en

80 349 125 27 förändring
220 349 6 22 i
242 350 59 21 detta
317 356 27 15 nu
360 349 100 28 gällande
477 349 141 22 förhållande.
648 350 43 21 För
707 350 63 26 öfrigt
781 349 37 23 ber
826 351 37 26 jag
874 353 38 22 att,

79 379 29 21 då
130 378 20 21 vi
165 378 85 22 komma
265 378 32 21 till
313 379 121 21 diskussion
450 378 26 21 af
490 379 145 21 betänkandet
650 378 40 21 N:o
706 379 20 26 4,
742 379 22 20 få
779 379 134 22 återkomma

80 407 73 22 härtill
169 407 38 22 och
223 407 128 22 inskränker
366 407 42 27 mig
423 413 30 16 nu
469 407 76 22 endast
560 407 32 21 till
609 409 32 19 att
657 408 27 26 på
699 407 26 22 de
740 407 47 22 skäl
800 407 37 27 jag
847 407 66 22 fram-

80 435 62 22 hållit
157 435 92 25 förorda,
266 436 36 21 det
317 435 86 22 ståndet
418 436 50 21 ville
486 435 89 26 besluta,
590 437 33 20 att
638 435 47 28 fyra
695 435 136 28 fullmäktige
842 436 71 22 skulle

79 465 36 21 för
130 466 61 20 nästa
205 464 75 27 period
296 464 72 28 väljas.

152 521 55 22 Herr
222 521 169 27 Malmgren
407 521 105 22 förenade
526 522 32 27 sig
574 522 48 21 med
639 521 50 22 herr
705 521 121 22 Lindblom.

151 578 56 22 Herr
221 579 195 27 Borgström:
432 579 42 26 Jag
486 579 40 21 har
541 579 19 26 ej
576 579 81 22 kunnat
672 579 73 21 förena
761 579 43 27 mig
819 585 35 16 om
869 579 43 22 den

80 607 64 27 åsigt,
166 609 33 19 att
214 607 83 22 banken
312 608 8 20 i
335 608 49 20 dess
399 607 131 27 förvaltning
545 607 68 22 skulle
630 607 63 22 vinna
707 608 66 26 något
787 614 77 20 genom
879 609 34 20 att

81 636 83 21 antalet
185 636 132 26 fullmäktige
333 636 86 22 ökades.
451 636 43 26 Jag
509 639 51 23 tror,
577 638 32 19 att
625 642 48 15 man
690 636 44 26 bör,
750 636 45 22 ifall
808 643 50 15 man
874 638 38 20 ön-

80 664 53 22 skar
148 664 66 27 några
230 664 156 28 förändringar,
401 668 52 24 taga
468 665 32 21 till
517 664 96 28 exempel
629 665 36 21 det
681 666 49 24 sätt,
746 665 28 27 på
788 664 82 23 hvilket
886 665 26 22 de

82 692 80 22 affärer
185 693 69 21 blifvit
275 693 110 27 grundade
405 694 40 21 och
462 693 93 26 utförda,
570 699 46 15 som
632 693 48 22 med
695 693 111 27 framgång
822 700 90 21 operera

82 721 28 27 på
132 727 81 16 samma
236 722 39 22 fält
297 722 39 22 och
359 728 45 16 som
423 722 71 22 blifvit
509 722 120 27 dirigerade
645 722 22 22 af
679 722 102 22 enskilde.
811 722 41 28 Jag
867 724 47 20 tror

82 750 79 25 derför,
176 752 32 20 att
223 751 36 21 det
274 751 40 21 alls
329 751 46 21 icke
391 753 24 19 är
430 757 28 15 en
473 750 63 28 lycka
552 757 34 15 om
602 757 49 15 man
666 750 97 22 försöker
778 750 82 22 minska
876 757 37 15 an-

80 781 74 19 svaret
176 779 23 20 så
221 779 84 27 mycket
327 786 45 15 som
396 779 91 27 möjligt.
517 779 31 26 Ty
571 779 103 26 öfverallt,
699 780 37 21 der
759 786 49 15 man
823 786 41 18 ser,
880 781 34 20 att

82 807 80 22 affärer
184 808 47 21 med
254 807 111 28 framgäng
388 807 115 28 bedrifvas,
524 809 24 20 är
571 808 36 21 det
623 810 30 19 ett
669 807 81 27 ganska
765 809 56 20 stort
836 814 78 15 ansvar

81 841 47 16 som
148 835 150 23 koncentreras
319 836 29 27 pä
368 836 158 28 jemförelsevis
547 836 22 21 fä
591 843 108 20 personer.
729 837 33 21 Dä
784 837 39 26 gär
838 837 76 21 verket

82 864 84 22 lättare.
196 865 33 21 Dä
252 867 24 19 är
298 865 36 22 det
356 865 86 28 mycket
463 865 83 21 mindre
561 865 90 22 chanser
666 867 32 19 att
714 865 35 22 det
765 865 54 21 skall
835 865 79 27 uppstä

82 893 104 27 rifningar
207 893 40 22 och
270 893 136 27 svårigheter,
429 893 41 22 och
494 893 54 22 hvad
572 894 40 21 den
631 893 109 22 bristande
755 894 155 27 samstämmig-

82 921 64 22 heten
162 921 77 23 mellan
255 922 131 27 fullmäktige
402 921 40 23 och
458 922 135 21 direktionen
609 922 108 26 beträffar,
733 922 43 22 kan
788 922 38 27 jag
840 922 18 27 ej
870 922 42 22 för-

82 950 42 25 stä,
146 952 33 20 att
201 951 60 21 detta
281 950 133 22 förhällande
429 950 71 22 skulle
515 950 66 22 blifva
596 950 71 22 bättre
683 950 129 28 derigenom,
828 953 32 19 att
876 951 37 22 det

82 978 71 22 blefve
167 979 53 21 flere
235 979 138 27 fullmäktige,
390 979 44 22 lika
448 979 49 21 litet
512 985 45 15 som
570 979 39 28 jag
623 980 74 25 finner,
712 982 33 19 att
756 978 156 23 bankfullmäk-

83 1007 177 27 tiginstitutionen
283 1008 68 22 skulle
373 1008 51 22 bero
448 1008 28 27 pä
499 1008 64 26 nägot
584 1008 143 27 gvantitativt.
757 1008 41 26 Jag
814 1010 51 24 tror,
880 1010 33 20 att

80 1036 41 21 den
145 1036 63 22 beror
229 1037 28 27 pä
279 1036 45 22 helt
341 1036 68 22 andra
424 1036 190 28 omständigheter,
629 1037 40 21 och
683 1036 70 22 skulle
768 1042 51 15 vara
834 1036 23 22 af
871 1036 41 22 den

80 1064 62 27 åsigt,
164 1067 33 19 att
220 1066 35 20 det
277 1065 48 22 hela
347 1066 99 21 kommer
468 1067 33 19 att
516 1065 59 21 ledas
591 1065 84 27 mycket
690 1066 70 21 bättre
776 1064 24 22 af
814 1064 47 28 fyra
884 1067 28 19 än

80 1092 24 22 af
124 1093 46 22 åtta
191 1094 144 26 medlemmar,
357 1094 25 22 sä
404 1094 86 27 mycket
512 1100 59 16 mera
593 1100 46 15 som
655 1094 72 21 härtill
743 1096 57 19 ännu
815 1094 97 21 kommer

79 1123 33 20 att
127 1122 106 22 utskottet
248 1122 109 27 föreslagit
372 1125 32 19 tre
420 1122 231 22 diskontkomiterade.
681 1123 42 21 Det
738 1122 71 22 blefve
820 1122 92 22 sälunda

78 1150 69 28 enligt
169 1151 116 22 utskottets
308 1151 80 26 förslag
404 1151 56 22 elfva
482 1157 107 21 personer,
606 1151 73 22 hvilka
693 1151 69 21 skulle
776 1151 138 22 kontrollera

79 1181 40 19 tre.
149 1179 10 21 I
175 1180 67 21 likhet
258 1180 47 21 med
321 1180 26 22 de
363 1180 129 26 föregående
508 1180 96 21 talarene
620 1186 63 15 anser
695 1180 37 27 jag
747 1179 80 25 derför,
842 1181 33 20 att
893 1179 19 27 ej

79 1207 70 27 nägon
164 1207 123 28 förändring
301 1209 6 20 i
323 1208 83 22 antalet
420 1207 193 28 bankfullmäktige
627 1208 66 21 borde
704 1208 113 27 företagas.
848 1207 65 22 Hvad

79 1235 47 22 åter
148 1237 175 26 suppleanternes
345 1237 101 27 ställning
470 1236 101 22 beträffar
594 1243 63 16 anser
672 1237 43 27 jag,
730 1239 33 19 att
778 1237 40 21 den
835 1236 78 27 frågan

79 1264 122 27 lämpligast
223 1265 112 22 afhandlas
358 1266 28 21 dä
408 1265 158 22 instruktionen
589 1265 32 22 för
644 1265 193 27 bankfullmäktige
853 1265 61 21 före-

79 1292 102 27 kommer,
197 1293 39 22 och
251 1294 38 22 ber
304 1297 32 19 att
352 1295 28 21 dä
395 1294 22 21 få
432 1294 135 21 återkomma
582 1294 79 21 dertill.

148 1351 56 21 Herr
218 1351 174 22 Wasenius:
411 1347 70 26 Äfven
494 1351 36 27 jag
546 1352 39 21 har
600 1351 75 27 begärt
690 1352 62 21 ordet
768 1351 34 22 för
817 1353 32 20 att
865 1351 45 21 för-

78 1386 42 15 ena
142 1380 43 27 mig
207 1380 47 21 med
278 1381 40 21 den
341 1381 53 21 siste
409 1380 66 21 ärade
491 1381 82 20 talaren
589 1380 40 21 och
645 1380 38 21 ber
699 1382 32 19 att
746 1379 33 22 till
795 1379 55 22 hvad
866 1379 44 22 han

78 1409 6 20 i
100 1409 73 26 frägan
196 1411 48 24 sagt
266 1409 75 22 endast
363 1409 23 21 fä
401 1408 89 28 tillägga
505 1415 26 15 en
547 1409 164 26 omständighet,
727 1409 29 26 pä
771 1408 86 21 hvilken
872 1408 38 27 jag

78 1437 73 23 fäster,
166 1439 55 20 stort
244 1437 106 22 afseende.
382 1437 45 22 Min
448 1437 121 22 erfarenhet
591 1439 24 20 är
631 1438 46 26 den,
693 1440 33 19 att
741 1437 7 21 i
764 1437 73 26 hvarje
852 1437 58 21 affär

79 1465 36 22 det
137 1465 66 22 första
226 1466 91 22 vilkoret
339 1466 40 26 för,
402 1468 34 19 att
459 1466 40 21 den
522 1466 54 21 skall
593 1467 27 25 gä
635 1466 40 26 väl,
691 1468 30 24 är,
738 1467 33 19 att
787 1465 38 21 der
841 1465 69 21 finnes

78 1494 190 27 samstämmighet,
287 1494 40 21 och
347 1495 37 26 jag
407 1494 39 21 har
469 1494 41 21 den
531 1494 142 27 uppfattning,
689 1496 32 19 att
735 1494 23 27 ju
775 1494 51 21 flere
843 1494 67 21 bank-

78 1521 132 28 fullmäktige
233 1523 35 21 det
291 1522 46 27 blir,
357 1523 48 21 dess
420 1523 88 21 svärare
522 1523 55 21 skall
593 1523 36 21 det
644 1522 65 22 blifva
725 1524 33 19 att
773 1522 86 21 komma
876 1522 34 21 till

818 1561 22 18 92
