1125 1811
307 137 182 21 Borgareståndet
502 137 58 17 1882.
585 137 26 17 25
623 136 48 22 maj.
858 132 58 20 1519

81 205 33 21 till
130 204 115 28 suppleant
259 204 41 22 kan
316 205 37 21 det
367 204 36 22 väl
419 211 52 15 vara
486 204 34 22 för
536 204 63 22 härdt
614 204 34 22 för
663 204 77 22 honom
757 207 33 19 att
807 205 34 21 för
851 204 62 22 detta.

81 234 99 27 uppdrag
192 233 80 27 nödgas
287 233 73 27 afsäga
375 234 33 25 sig
424 235 32 19 ett
471 236 73 23 annat,
560 240 48 14 men
617 233 36 21 det
664 233 172 27 olämpliga
786 228 10 37 i
804 228 35 37 att
847 232 65 22 hafva

80 262 58 22 bäda
153 262 62 22 dessa
230 262 95 27 uppdrag
341 262 99 26 gvarstär
456 261 70 22 likväl.
546 274 22 3 —
585 262 63 21 Hvad
664 262 36 22 det
715 262 109 25 beträffar,
837 264 33 19 att
885 268 26 15 en

82 291 95 21 ledamot
191 291 7 20 i
213 290 117 21 en'enskild
339 290 69 21 banks
415 290 181 27 förvaltningsräd
612 290 69 21 skulle
696 297 51 14 vara
763 293 33 18 att
806 290 109 22 likställas

80 320 49 21 med
145 319 106 26 aktionär,
266 319 24 21 sä
304 321 24 19 är
348 319 37 21 det
404 319 24 26 ju
444 325 26 15 en
492 321 45 19 stor
560 319 96 26 skilnad;
679 319 48 21 icke
749 319 104 22 behöfver
868 319 42 21 han

81 347 72 22 derför
167 353 51 16 vara
231 347 73 27 jäfvig,
327 349 33 20 att
375 347 43 21 han
441 353 52 21 eger
507 347 70 22 aktier
596 347 2 21 i
614 354 26 15 en
663 347 82 22 enskild
766 347 64 22 bank.
860 347 50 23 Men

81 382 35 15 om
131 376 43 22 han
189 376 70 21 säsom
275 375 48 22 dess
344 378 121 24 styresman
488 376 56 21 skall
566 375 84 22 besluta
666 376 33 21 till
714 377 108 26 ätgärder,
837 376 74 21 hvilka

80 405 35 21 stä
130 405 6 21 i
152 405 52 22 strid
221 404 47 22 med
283 404 103 22 Finlands
394 405 73 21 Banks
482 405 114 26 intressen,
613 405 27 21 dä
655 405 90 27 uppstår
761 405 109 27 kollision,
882 404 29 22 dä

81 433 39 22 har
135 439 49 16 man
200 433 39 21 allt
253 433 46 22 skäl
315 435 34 20 att
363 433 46 21 tala
425 440 35 15 om
474 433 110 28 jäfvighet.

150 491 56 21 Herr
229 490 180 27 Malmgren:
440 491 44 27 Jag
499 491 43 21 kan
556 491 47 21 icke
618 490 58 22 finna
685 490 36 22 det
729 497 51 15 vara
795 490 49 23 fullt
855 491 56 21 kon-

80 521 95 26 segvent,
191 521 33 20 att
239 519 25 22 de
280 519 80 25 herrar,
375 525 46 16 som
437 522 71 25 yttrat
523 520 32 27 sig
570 521 58 20 emot
638 519 49 21 herr
697 519 115 28 Federleys
822 519 87 28 förslag,

80 549 28 21 dä
124 549 36 20 det
175 554 49 21 nyss
239 554 37 15 var
291 548 62 27 fråga
367 555 35 14 om
418 548 126 22 inrättande
566 549 22 20 af
602 555 25 14 en
651 548 169 21 diskontkomitö
834 549 7 20 i
858 548 50 21 Hel-

79 577 91 27 singfors
186 577 35 21 vid
243 577 183 21 hufvudkontoret
448 577 97 22 uttalade
567 577 32 26 sig
615 579 45 19 mot
678 577 41 21 den
734 577 112 26 ätgärden.
875 577 33 21 Dä

80 605 102 22 behöfdes
197 606 36 21 det
248 605 47 21 icke
310 605 40 21 alls
365 605 69 27 några
450 606 113 26 praktiska
578 605 238 27 affärsmannainsigter,
841 604 70 22 ehuru

76 634 46 27 just
138 634 95 22 bankens
249 634 101 21 förluster
364 634 137 21 framkallats
516 634 24 21 af
554 634 53 21 brist
623 634 28 26 pä
665 634 112 26 praktiska
798 634 88 25 insigter
902 634 8 20 i

80 662 185 22 diskontärenden.
296 662 41 27 Na,
353 664 39 20 när
408 663 38 21 det
468 662 68 28 gäller
558 662 133 22 tillsättande
707 662 22 22 af
749 662 159 22 bankfullmäk-

79 692 50 26 tige,
145 691 64 21 hafva
225 691 60 22 desse
300 691 75 22 herrar
390 692 113 26 ingenting
518 694 64 24 emot,
599 693 32 19 att
652 691 258 27 bankfullmäktigskapet.

78 720 69 21 skulle
162 720 105 21 bestridas
282 720 33 21 till
331 720 40 22 och
386 720 49 21 med
452 720 21 22 af
488 726 26 15 en
531 720 93 22 ledamot
639 720 7 20 i
661 726 26 15 en
703 720 69 27 privat
789 720 118 21 banksför-

79 748 194 27 valtningskomit6.
303 748 40 27 Jag
364 749 69 21 mäste
456 748 59 22 finna
536 749 36 21 det
587 748 88 22 alldeles
690 748 6 21 i
711 749 32 21 sin
760 748 98 27 ordning,
874 750 34 19 att

80 777 103 21 Finlands
197 777 72 21 Banks
284 777 129 27 förvaltning
432 777 18 26 ej
468 778 40 20 har
531 777 64 26 nägot
613 779 33 19 att
670 777 65 21 skaffa
759 777 48 21 med
822 777 85 27 privata

79 805 92 22 bankers
187 805 128 28 förvaltning
331 806 39 21 och
387 805 153 27 understödjer
563 806 71 21 derför
650 805 49 22 herr
713 805 104 27 Federley
832 805 6 21 i
854 805 54 21 hans

79 835 96 26 yrkande
190 835 27 26 pä
231 834 128 27 äterremiss,
383 835 28 26 pä
426 834 39 22 det
480 837 32 19 att
528 835 69 21 denna
612 835 11 27 &
639 834 66 21 mätte
720 834 24 21 sä
759 835 78 26 tydligt
852 833 54 22 stili-

78 869 66 20 seras,
170 865 32 19 att
226 863 65 27 nägot
315 863 153 22 missförständ
488 863 7 21 i
511 863 60 22 detta
593 863 100 22 afseende
715 863 47 21 icke
786 863 34 21 mä
835 863 72 21 kunna

80 898 40 21 ega
135 898 53 15 rum.

148 949 56 21 Herr
225 948 118 28 Nybom:
374 949 50 21 Med
440 948 116 28 anledning
571 948 23 22 af
611 948 35 22 det
661 950 84 20 senaste
760 948 147 27 andragandet

78 978 37 21 vill
127 978 38 26 jag
180 979 84 24 nämna,
287 980 32 19 att
337 978 39 27 jag
391 977 33 21 för
447 978 45 20 min
508 977 34 21 del
563 978 87 20 röstade
665 979 44 19 mot
724 976 182 22 diskontkomiten

78 1006 48 22 icke
141 1006 76 24 derför,
232 1008 33 20 att
277 1006 36 28 jag
329 1006 47 22 icke
391 1006 57 21 hade
464 1006 84 26 önskat,
564 1008 33 19 att
605 1012 48 15 man
669 1006 69 20 skulle
747 1005 80 22 tillföra
842 1005 65 27 prak-

77 1035 56 21 tiska
156 1034 88 28 insigter
265 1034 39 22 och
325 1035 236 27 affärsmannainsigter
583 1035 7 21 i
613 1034 191 22 bankdirektionen
827 1046 27 3 —
870 1033 37 22 det

77 1064 79 21 önskar
171 1064 34 20 väl
228 1063 80 22 enhvar
322 1064 7 21 i
345 1064 93 26 ståndet,
456 1063 56 21 huru
534 1063 42 21 han
591 1065 27 20 än
634 1063 35 21 mä
679 1063 64 21 hafva
748 1058 76 37 röstati
843 1062 63 22 detta

76 1092 38 22 fall
129 1105 28 3 —
172 1095 51 18 utan
236 1092 38 28 jag
288 1092 73 27 gjorde
378 1092 36 22 det
436 1092 25 21 af
476 1092 54 24 skäl,
546 1094 33 19 att
598 1092 62 21 dessa
675 1092 87 26 insigter
777 1091 47 22 icke
840 1090 66 27 enligt

76 1121 44 21 min
136 1121 55 27 äsigt
206 1120 69 22 skulle
290 1120 91 22 tillföras
397 1120 73 22 såsom
487 1120 39 22 här
541 1127 38 15 var
593 1120 120 26 föreslaget,
729 1120 19 22 d.
764 1126 17 15 v.
799 1126 17 15 s.
832 1120 30 24 sä,
874 1122 32 18 att

77 1156 48 15 man
140 1149 69 21 skulle
225 1149 57 22 bilda
297 1156 25 15 en
338 1149 69 27 tredje
423 1149 131 27 myndighet,
570 1156 46 14 som
631 1149 72 21 kunde
713 1149 27 26 gä
754 1149 23 21 ät
788 1149 39 21 sitt
837 1148 69 27 tredje

76 1178 50 26 häll,
142 1180 51 20 utan
217 1178 40 22 bör
278 1178 157 26 förbättringen
459 1178 39 22 ske
521 1178 96 26 sälunda,
640 1180 32 19 att
688 1178 69 21 denna
780 1177 128 27 kompetens

76 1206 78 22 införes
169 1207 7 21 i
191 1206 74 27 sjelfva
279 1207 141 21 direktionen.

145 1263 50 22 Med
211 1264 155 27 öfvervägande
390 1263 114 28 pluralitet
520 1263 44 22 blef
577 1270 63 15 mom.
657 1263 51 22 derä
722 1263 110 27 godkändt
848 1262 62 21 oför--

75 1291 99 22 ändradt.

145 1349 65 22 Mom.
226 1350 22 27 i).

144 1407 57 22 Herr
222 1407 193 28 Borgström:
447 1407 35 21 Dä
498 1406 39 21 här
552 1409 24 19 är
591 1406 60 27 fräga
666 1413 34 16 om
715 1406 139 27 suppleanter
868 1405 43 22 ber

73 1436 37 27 jag
125 1437 33 20 att
172 1435 22 22 fä
209 1438 58 25 yttra
281 1436 68 27 nägra
364 1434 45 23 ord.
442 1436 79 21 Denna
536 1435 59 27 fräga
603 1441 38 16 var
649 1435 45 22 före
703 1435 66 22 redan
777 1435 35 21 vid
820 1437 86 19 senaste

74 1465 103 26 landtdag
193 1465 39 21 och
248 1465 27 21 då
297 1464 108 22 uttalades
427 1467 82 19 tvenne
531 1464 57 21 olika
603 1464 89 26 äsigter;
713 1464 12 21 &
740 1470 40 15 ena
795 1463 61 21 sidan
871 1468 36 22 yr-

74 1493 56 21 kade
146 1499 48 15 man
209 1493 34 26 pä,
259 1494 32 20 att
307 1492 66 22 orden
389 1493 39 25 ,dä
444 1493 45 20 han
499 1492 119 21 företräder
628 1492 196 27 Bankfullmäktig*
836 1490 67 23 borde

74 1521 59 28 utgå.
163 1521 102 22 Deremot
280 1521 101 22 framhöll
396 1521 12 21 ä
424 1521 71 22 andra
510 1521 60 22 sidan
586 1527 25 15 en
627 1521 68 22 talare
715 1520 107 27 följande:
852 1519 52 28 ,Jag
