1125 1811
294 129 181 22 Borgareståndet
486 130 59 18 1882.
569 131 10 16 1
591 130 54 20 juni.
835 125 52 21 1721

60 205 87 20 samma,
163 198 49 22 ville
228 198 33 22 för
276 199 32 21 sin
325 198 34 22 del
375 198 85 22 besluta
475 201 38 24 att,
528 199 65 27 jemte
609 200 100 21 anmälan
729 199 81 26 härom,
827 199 6 20 i
850 200 40 20 den

60 228 145 26 underdåniga
220 227 188 21 svarsskrifvelsen
423 227 100 21 anhållan
540 227 65 21 borde
621 230 64 24 göras
701 234 33 15 om
751 234 27 20 ny
794 228 97 26 proposi-

61 257 45 21 tion
120 257 8 21 i
143 258 71 20 ämnet
229 256 33 21 till
277 256 191 22 nästinstundande
485 256 110 26 landtdag.

130 314 56 21 Herr
208 313 129 26 Nysten:
368 313 25 26 Ej
410 313 68 21 heller
500 313 37 27 jag
553 313 42 21 kan
611 315 65 19 annat
695 315 27 19 än
745 313 97 27 beklaga,
858 315 34 19 att

62 342 58 21 detta
136 341 78 22 ärende
237 341 142 21 förekommer
402 342 33 21 till
451 341 129 28 behandling
595 342 7 21 i
618 342 90 21 stånden
724 342 68 21 under
807 349 26 14 en
848 342 42 21 tid-

61 371 68 27 punkt
144 371 23 21 af
180 370 135 27 landtdagen,
332 370 27 21 då
373 370 49 21 icke
438 370 87 27 frågans
541 377 52 20 egen
610 370 152 27 beskaffenhet,
779 374 52 18 utan
842 371 49 21 dess

62 399 84 26 omfång
162 399 38 21 och
217 399 64 26 nyhet
296 398 78 27 afgjort
390 399 48 21 dess
455 399 39 21 öde
510 399 35 21 vid
561 399 59 22 detta
636 399 151 26 ständermöte,
804 399 39 22 och
854 399 36 27 jag

60 428 42 21 kan
119 428 19 27 ej
154 430 71 23 annat,
248 429 26 19 än
301 428 46 21 med
371 427 44 21 min
438 429 46 20 röst
506 427 87 27 bidraga
609 427 33 22 till
659 428 68 21 denna
743 428 87 27 utgång,
846 429 45 20 dels

62 456 77 25 derför,
155 459 32 18 att
200 456 43 27 jag,
259 457 69 20 såsom
345 457 66 20 redan
433 458 93 25 nämnts,
542 463 61 15 anser
619 457 30 20 tid
666 457 18 26 ej
701 463 59 14 mera
775 457 115 21 förefinnas

62 487 32 20 att
109 485 128 21 underkasta
260 484 140 28 lagförslaget
423 485 40 21 den
487 491 123 21 noggranna
634 485 136 27 granskning,
794 492 45 15 som
856 485 35 22 det

62 513 155 27 otvifvelaktigt
233 513 38 21 bör
287 514 95 26 undergå
396 513 34 21 för
445 516 33 19 att
493 514 72 21 kunna
580 516 89 25 antagas
692 514 32 21 till
740 514 42 27 lag,
798 514 45 21 dels
859 514 32 21 äf-

61 549 40 14 ven
118 542 76 25 derför,
210 544 32 19 att
255 542 36 27 jag
307 548 62 15 anser
385 541 52 22 flera
453 542 79 28 vigtiga
548 543 21 21 af
583 543 106 21 utskottet
705 543 101 27 vidtagna
822 543 68 20 förän-

62 571 86 27 dringar
170 571 6 20 i
199 571 39 21 den
261 571 77 26 nådiga
360 571 163 26 propositionen
547 571 38 22 och
602 571 6 21 i
625 571 106 22 komiténs
755 571 137 22 betänkande

62 606 50 15 vara
137 599 156 27 försämringar.
325 599 40 27 Jag
391 599 68 27 syftar
485 599 94 26 dermed,
605 600 90 21 likasom
721 600 50 21 herr
794 599 96 26 Castrén,

62 628 76 21 främst
152 628 28 27 på
194 628 117 21 utskottets
327 628 76 27 åtgärd
420 631 32 18 att
468 630 121 20 utmönstra
605 629 154 21 länsutskottet
774 628 46 22 från
836 628 56 21 läns-

62 657 195 27 representationen
282 657 28 27 på
330 656 54 26 skäl,
408 663 45 15 som
475 657 37 27 jag
528 657 17 26 ej
565 657 42 21 kan
624 658 120 26 godkänna.
775 657 41 21 Vid
833 657 59 21 detta

62 686 130 21 länsutskott
207 686 54 20 fäste
276 686 40 20 den
340 685 86 27 komité,
442 692 47 15 som
504 692 38 15 var
558 686 77 21 tillsatt
650 688 33 19 att
697 686 101 21 utarbeta
814 684 78 28 lagför-

62 714 68 27 slaget
145 714 6 20 i
166 714 65 26 fråga,
247 714 106 27 synnerlig
369 714 44 27 vigt
429 715 40 21 och
485 715 67 26 ansåg
566 716 27 25 på
617 714 76 27 många
709 715 67 21 andra
791 714 53 26 skäl,
860 716 32 18 att

62 744 60 20 detta
137 742 129 22 länsutskott
281 749 37 15 var
340 743 132 27 nödvändigt
493 744 33 20 för
542 744 31 20 att
592 743 162 27 ifrågavarande
770 742 121 22 institution

62 772 69 20 skulle
146 771 84 21 komma
246 773 31 19 att
293 772 96 21 medföra
405 772 39 20 den
462 774 67 25 nytta,
549 778 44 15 som
611 772 85 21 dermed
712 772 76 26 afsågs.
812 771 80 22 Likaså

63 802 45 19 tror
121 800 42 26 jag,
180 801 31 20 att
227 800 35 21 det
277 800 23 21 af
314 800 106 21 utskottet
434 800 124 27 föreslagna
580 801 101 20 valsättet
696 800 34 21 till
746 799 146 23 länsfullmäk-

63 829 43 26 tige
123 828 17 27 ej
157 830 23 19 är
195 828 102 27 lämpligt,
309 831 32 19 att
365 829 35 20 det
412 829 55 21 skall
490 829 112 21 framkalla
617 829 26 21 de
659 829 111 26 praktiska
785 828 106 27 svårighe-

63 860 39 22 ter,
118 863 44 15 som
179 857 49 20 herr
250 857 117 22 Rönnbäck
384 858 6 20 i
406 858 32 20 sin
454 857 132 22 reservation
610 857 72 22 anfört
698 858 39 21 och
753 858 6 21 i
776 857 117 22 allmänhet

63 886 18 26 ej
98 885 63 22 lända
176 886 65 21 saken
257 885 33 21 till
305 885 96 22 fromma.
433 886 31 21 På
481 887 61 20 dessa
558 887 45 20 skäl
612 886 38 21 ber
656 886 37 27 jag
701 889 32 18 att
743 886 21 21 få
779 887 115 20 instämma

62 914 7 21 i
86 914 35 21 det
136 914 100 27 yrkande,
251 920 44 15 som
311 914 50 21 herr
377 914 91 22 Castrén
484 914 83 28 gjorde.

133 971 48 21 Med
197 971 155 27 öfvervägande
374 972 113 26 pluralitet
509 972 68 21 beslöt
603 972 85 21 ståndet
704 972 51 21 derå
770 974 38 24 att,
825 971 68 21 under

63 999 132 27 beklagande
217 1002 32 19 att
265 1000 42 24 det,
323 1000 7 21 i
345 1000 107 22 anseende
475 1000 31 21 till
522 1000 141 27 landtdagens
687 1007 62 15 snara
765 1000 126 26 afslutande,

63 1028 47 21 icke
125 1029 82 20 kunnat
222 1031 49 24 taga
286 1028 146 28 föreliggande
447 1029 80 21 ärende
542 1029 67 21 under
625 1029 40 21 den
677 1028 149 28 omsorgsfulla
835 1028 57 27 pröf-

63 1057 51 27 ning
130 1057 47 21 dess
192 1058 44 26 vigt
251 1057 68 21 skulle
334 1057 79 27 fordra,
430 1060 53 18 utan
499 1058 22 21 af
535 1058 64 21 sådan
617 1058 113 26 anledning
742 1058 90 26 nödgats
850 1056 42 22 för-

63 1086 63 20 kasta
142 1086 123 26 detsamma,
280 1086 32 21 för
327 1086 32 21 sin
369 1086 34 21 del
419 1086 49 22 ville
485 1087 84 21 besluta
579 1089 38 23 att,
625 1087 66 26 jemte
703 1086 98 21 anmälan
812 1086 82 25 härom,

63 1114 7 21 i
86 1114 40 21 den
142 1114 144 27 underdåniga
301 1114 187 22 svarsskrifvelsen
504 1115 99 21 anhållan
615 1116 65 20 borde
689 1117 62 25 göras
762 1121 34 15 om
806 1121 28 20 ny
844 1120 49 21 pro-

63 1143 92 26 position
171 1143 6 21 i
193 1145 71 19 ämnet
279 1143 32 21 till
327 1144 194 21 nästinstundande
537 1144 107 26 landtdag.

133 1263 133 26 Föredrogos
282 1264 39 21 och
337 1264 125 27 godkändes
473 1266 52 19 utan
540 1265 119 21 diskussion
671 1263 93 28 följande
776 1262 118 27 bordlagda

64 1292 155 25 betänkanden,
235 1293 106 26 nämligen

134 1344 32 20 1:o
183 1343 172 22 bankutskottets
371 1344 139 21 betänkande
527 1344 40 21 N:o
584 1345 12 20 5
613 1345 6 20 i
636 1344 113 27 anledning
760 1343 23 22 af
790 1345 32 20 ett
836 1343 58 21 inom

62 1372 181 26 Borgareståndet
258 1373 63 21 väckt
335 1373 187 27 petitionsförslag
539 1379 33 15 om
589 1373 90 21 revision
696 1373 21 21 af
732 1373 40 21 den
788 1372 106 21 allmänna

63 1400 117 27 banklagen
191 1407 4 20 ;

132 1459 33 20 2:0
188 1459 217 21 ekonomiutskottets
428 1459 138 21 betänkande
589 1460 40 20 N:o
647 1461 11 19 9
674 1459 7 21 i
697 1459 114 26 anledning
827 1458 22 21 af
864 1460 32 19 ett

62 1487 57 21 inom
145 1486 180 27 Borgareståndet
350 1488 64 20 väckt
439 1488 184 25 petitionsförslag
649 1494 34 15 om
704 1487 110 27 byggande
832 1487 22 21 af
870 1493 25 15 en

62 1515 42 20 fast
121 1515 37 21 bro
174 1515 58 21 öfver
247 1515 69 22 Kumo
333 1515 43 26 elf
372 1511 12 34 ;
392 1518 56 19 samt
