1125 1811
326 146 181 22 Borgareståndet
522 147 58 17 1882.
606 147 22 16 16
641 147 47 20 maj.
865 142 55 21 1269

90 217 32 20 att
144 216 133 22 tillförsäkra
299 215 197 27 lärarepersonalen
519 215 34 21 vid
577 215 83 21 landets
683 215 119 23 folkskolor
816 216 104 27 rättighet

89 245 33 21 till
144 245 88 27 pension
255 244 54 22 efter
331 244 56 21 vissa
409 244 110 26 tjänsteår,
535 244 42 20 kan
593 250 48 15 man
658 244 65 21 tänka
739 245 32 26 sig
786 246 32 20 att
833 251 25 14 en
874 246 45 20 sär-

90 273 54 22 skild
167 273 50 22 fond
241 272 68 22 blefve
331 272 78 26 bildad,
430 278 26 15 ur
472 272 85 21 hvilken
573 272 63 22 dessa
651 273 113 26 pensioner
779 273 66 21 borde
861 273 59 26 utgå,

90 302 38 21 och
144 302 74 27 frågan
233 301 68 26 gäller
317 301 26 20 då
359 303 32 18 att
407 301 119 21 bestämma
542 301 21 26 a)
579 301 55 20 huru
650 304 45 18 stor
711 302 68 20 denna
791 302 51 21 fond
853 301 66 22 borde

88 337 52 15 vara
154 331 35 20 vid
205 330 132 21 närvarande
353 329 109 27 tidpunkt;
478 329 39 22 och
534 329 23 26 b)
573 329 82 22 hvilket
670 329 64 27 årligt
745 330 92 21 tillskott
848 329 70 22 dertill

90 359 113 21 framdeles
221 358 154 21 erfordrades*.
407 358 31 21 På
452 358 69 26 grund
537 357 64 22 häraf
614 359 81 21 utföres
710 365 28 14 nu
754 359 73 26 sjelfva
842 359 78 22 beräk-

90 388 83 27 ningen,
197 387 39 22 och
259 387 94 20 kommer
377 387 124 21 densamma
518 387 33 21 till
567 386 94 27 följande
677 387 141 21 slutresultat:
850 387 69 25 Ville

90 423 48 14 man
160 416 62 21 alltså
245 415 33 21 för
301 415 149 27 pensionering
465 415 22 22 af
502 415 196 27 lärarepersonalen
715 416 34 21 vid
766 416 82 21 landets
864 415 55 22 folk-

90 445 72 21 skolor
184 445 58 20 bilda
265 451 25 14 en
314 444 55 25 fond,
391 444 64 21 hvars
478 443 68 22 medel
562 444 95 21 tillväxte
674 445 48 20 med
737 446 62 19 ränta
814 445 27 26 på
857 446 62 19 ränta

90 473 54 22 efter
158 474 14 19 4
187 473 35 27 9/,,
239 473 23 20 sä
277 472 66 22 borde
355 472 66 26 enligt
432 472 153 22 ofvanstäende
596 473 72 26 kalkyl
679 473 142 27 tillgängarne
831 474 6 20 i
849 473 71 21 denna

89 502 51 21 fond
162 503 24 20 år
211 502 54 20 1880
288 501 62 21 hafva
365 501 81 27 utgjort
462 501 97 25 omkring
575 502 91 25 300,000
682 502 60 25 Fmk,
759 508 32 15 om
808 502 110 26 pensione-

90 531 73 26 ringen
187 529 54 22 skall
263 529 74 27 föregå
357 530 65 27 enligt
439 530 76 21 hittills
531 530 97 27 gällande
644 531 99 26 grunder,
759 537 47 14 men
822 531 97 20 deremot

90 559 98 27 omkring
204 559 91 24 500,000
310 558 60 21 mark
387 559 6 20 i
409 559 102 20 händelse
527 559 170 26 pensionsrätten
714 559 67 21 blefve
795 559 123 21 utsträckt
907 554 14 36 i

90 587 94 27 enlighet
207 587 47 21 med
278 587 217 27 Ständerpetitionen,
518 587 113 21 hvarutom
655 590 31 18 ett
708 587 63 27 årligt
790 587 94 21 tillskott
898 587 23 21 af

90 616 97 26 omkring
209 616 77 25 30,000
308 616 51 20 Fmk
376 616 5 20 i
397 615 58 21 förra
471 616 61 21 fallet
547 616 39 20 och
603 617 77 23 50,000
696 616 60 21 mark
771 616 6 20 i
793 616 36 20 det
844 622 75 15 senare

90 651 50 15 vore
164 644 32 22 för
217 644 114 21 framtiden
347 644 142 26 erforderligt.
519 645 10 21 I
544 644 65 22 rundt
624 645 30 21 tal
671 645 41 21 kan
729 645 39 21 den
784 644 113 27 tillökning
912 644 6 21 i

90 673 121 25 kostnader,
242 679 44 15 som
314 673 40 21 den
380 672 120 28 föreslagna
526 673 151 27 utvidgningen
704 674 23 20 af
749 674 170 26 pensionsrätten

90 702 84 21 komme
197 703 32 19 att
251 701 94 21 medföra
368 701 34 21 för
424 705 70 18 staten
517 702 89 21 sålunda
629 702 126 26 uppskattas
778 702 32 21 till
827 703 91 23 200,000

90 730 61 22 mark
173 731 7 20 i
202 730 149 27 grundkapital
374 732 55 19 samt
445 731 78 25 20,000
539 731 60 20 mark
615 730 6 21 i
637 731 68 26 årliga
720 730 80 28 anslag,
816 730 52 22 eller
883 736 35 15 om

90 758 60 22 äfven
174 759 58 21 detta
255 759 147 27 kapitaliseras
426 759 31 21 till
479 766 25 14 en
520 765 83 15 summa
618 759 6 21 i
641 762 31 18 ett
688 760 33 20 för
736 759 38 21 allt
790 760 21 20 af
827 759 91 26 700,000

91 787 81 21 mark".
203 788 74 20 Denna
299 788 132 20 sistnämnda
454 788 58 21 siffra
535 789 24 19 är
574 788 5 20 i
596 788 39 21 och
651 788 32 20 för
698 788 32 26 sig
745 788 19 26 ej
780 789 23 20 så
818 790 52 22 stor,
886 790 33 18 att

88 817 37 26 jag
148 815 67 22 skulle
237 815 94 22 hesitera
353 818 32 19 att
406 816 85 26 föreslå,
515 817 35 20 det
573 816 86 21 ståndet
682 816 48 21 ville
747 816 74 21 förena
836 815 32 28 sig
883 822 35 15 om

90 846 59 19 detta
164 845 75 26 anslag
255 845 91 25 700,000
362 845 66 20 mark.

159 873 48 21 Men
225 873 26 21 då
267 873 36 21 det
318 875 24 19 är
357 873 87 24 bekant,
461 875 33 19 att
509 873 35 21 vid
560 875 85 20 senaste
657 873 145 21 ständermöte
813 874 31 20 ett
856 873 62 21 stånd

89 908 38 14 var
149 904 58 18 emot
229 908 25 14 en
279 902 56 26 dylik
358 902 148 26 utsträckning
529 901 23 21 af
573 903 177 25 pensionsrätten,
772 901 39 21 och
827 901 26 21 då
869 907 49 15 man

91 930 107 21 dessutom
221 930 57 21 såväl
295 931 5 20 i
317 930 40 21 den
373 930 78 27 nådiga
467 930 158 27 propositionen
641 936 45 15 som
703 930 60 21 äfven
779 930 6 21 i
801 930 117 21 utskottets

90 958 135 22 betänkande
240 958 67 22 finner
323 958 36 22 det
375 960 64 20 motiv
456 962 109 23 upptaget,
582 961 32 19 att
630 959 27 21 då
672 959 111 21 städernas
793 958 126 22 kommuner

90 993 39 20 ega
152 987 101 27 rättighet
277 989 31 19 att
323 987 119 21 bestämma
457 988 59 21 såväl
531 988 81 20 antalet
627 988 118 20 folkskolor
767 994 45 14 som
829 987 90 21 tillsätta

90 1016 61 21 deras
168 1016 174 27 lärarepersonal,
359 1016 69 26 billigt
444 1022 56 21 vore,
516 1018 32 19 att
563 1016 61 21 äfven
641 1016 213 22 stadskommunerna
869 1016 7 20 i
892 1022 26 14 en

90 1044 51 21 eller
164 1050 69 15 annan
249 1044 53 22 form
319 1045 68 21 skulle
404 1044 88 27 bidraga
508 1044 32 22 till
556 1045 69 21 denna
641 1045 155 26 pensionering,
811 1045 24 20 så
850 1044 69 21 finner

87 1073 43 27 jag,
152 1075 32 19 att
206 1075 32 19 ett
259 1073 79 26 förslag
361 1076 31 18 att
416 1080 27 14 nu
464 1074 60 20 anslå
540 1073 48 21 hela
603 1080 96 14 summan
716 1073 45 21 icke
777 1072 61 22 torde
854 1072 64 22 hafva

90 1102 66 26 utsigt
177 1102 31 20 till
224 1102 116 27 framgång.
356 1102 41 26 Jag
411 1104 39 24 gör
466 1102 72 21 derför
552 1102 92 26 följande
660 1102 89 26 förslag:
779 1102 33 20 Då
828 1101 36 21 det
879 1107 39 15 nu-

90 1130 92 21 varande
204 1130 81 22 antalet
307 1130 120 22 folkskolor
449 1131 57 21 inom
522 1131 111 21 städernas
649 1130 125 22 kommuner
789 1130 33 21 för
837 1132 33 18 att
886 1136 32 15 er-

89 1158 57 22 hålla
169 1159 38 21 den
231 1159 150 27 pensionsrätt,
398 1159 88 21 hvarom
502 1159 59 26 fråga
576 1161 30 22 är,
623 1160 68 20 skulle
707 1159 71 21 fordra
794 1160 31 20 ett
840 1159 78 25 grund-

89 1187 82 26 kapital
187 1188 75 20 endast
277 1188 22 20 af
314 1189 92 24 200,000
422 1188 68 25 mark,
506 1194 48 15 men
570 1188 97 21 deröfver
683 1188 6 21 i
705 1188 64 27 årligt
784 1188 74 25 anslag
874 1193 44 15 om-

88 1215 61 26 kring
164 1217 78 25 20,0'0
258 1216 66 26 mark,
341 1217 22 20 så
381 1216 69 21 skulle
467 1217 36 26 jag
515 1216 84 24 föreslå,
611 1219 32 18 att
655 1216 119 21 Ständerna
784 1215 48 21 ville
844 1215 74 22 förena

89 1243 31 27 sig
143 1244 80 26 derom,
244 1247 33 19 att
292 1251 28 14 nu
339 1245 65 21 redan
421 1245 61 21 anslå
498 1245 68 21 denna
583 1251 82 15 summa
680 1245 92 26 200,000
788 1244 60 21 mark
864 1244 6 21 i
886 1247 32 18 ett

89 1271 33 22 för
144 1273 38 20 allt
204 1273 40 21 och
265 1273 101 27 derjemte
382 1273 86 22 anhålla
483 1273 39 22 hos
538 1274 130 26 regeringen,
684 1276 32 19 att
731 1275 123 20 densamma
869 1271 49 22 ville

88 1304 105 23 noggrant
216 1302 91 21 uträkna
329 1301 32 22 till
383 1302 82 21 hvilket
488 1302 77 27 belopp
589 1303 36 20 det
646 1302 67 27 årliga
736 1302 97 26 bidraget
849 1301 68 21 skulle

88 1330 54 26 stiga
165 1330 39 21 och
227 1331 52 20 söka
302 1331 119 20 bestämma
444 1331 48 21 med
516 1331 54 21 huru
593 1331 86 27 mycket
701 1331 5 20 i
728 1331 113 26 anledning
856 1329 63 22 häraf

88 1358 72 27 hvarje
181 1359 159 21 stadskommun
363 1359 33 21 för
419 1359 74 26 hvarje
516 1359 69 21 lärare
601 1359 40 22 och
656 1360 114 23 lärarinna,
786 1365 45 15 som
847 1359 6 20 i
869 1359 49 20 dess

88 1387 65 27 tjenst
176 1389 23 19 är
220 1390 99 24 antagen,
343 1387 81 27 årligen
448 1388 39 21 bör
510 1388 89 26 bidraga
622 1388 32 21 till
678 1389 61 20 dessa
758 1387 158 22 omkostnader.

87 1416 41 26 Jag
150 1416 36 21 vill
208 1416 75 21 härvid
305 1417 92 26 påpeka,
420 1419 31 19 att
475 1416 27 22 då
524 1416 48 21 hela
588 1417 182 26 anslagssumman
785 1416 40 21 här
840 1418 24 19 är
880 1416 37 21 be-

88 1445 79 20 räknad
192 1445 31 20 till
247 1445 77 24 20,000
343 1445 67 23 mark,
436 1445 27 21 dä
479 1446 81 21 antalet
575 1445 69 21 lärare
661 1446 38 21 och
715 1445 119 21 lärarinnor
850 1445 6 20 i
872 1445 45 20 stä-

88 1472 76 22 dernas
187 1472 116 22 folkskolor
325 1473 61 21 torde
410 1473 33 21 för
466 1474 132 21 närvarande
621 1475 70 25 uppgå
706 1474 31 20 till
753 1473 99 26 omkring
868 1473 48 25 300,

88 1507 46 15 men
157 1501 42 21 alla
223 1502 61 21 dessa
304 1502 19 26 ej
339 1504 37 19 äro
393 1502 134 27 berättigade
543 1502 32 21 till
591 1504 87 25 pension
695 1502 65 26 enligt
776 1502 26 21 de
817 1501 100 26 grunder,

86 1535 45 16 som
147 1531 37 20 äro
200 1530 127 27 fastställda,
343 1533 51 18 utan
410 1531 82 21 antalet
508 1530 135 27 naturligtvis
659 1530 93 21 minskas
768 1530 39 21 och
823 1530 42 21 kan
880 1535 36 16 an-
