<?xml version="1.0" encoding="UTF-8"?>
<alto xmlns="http://www.loc.gov/standards/alto/ns-v3#" xmlns:xlink="http://www.w3.org/1999/xlink" xmlns:xsi="http://www.w3.org/2001/XMLSchema-instance" xsi:schemaLocation="http://www.loc.gov/standards/alto/ns-v3# http://www.loc.gov/alto/v3/alto-3-0.xsd">
	<Description>
		<MeasurementUnit>pixel</MeasurementUnit>
		<sourceImageInformation>
			<fileName>/tmp/tess_etbt9lme_input.PNG</fileName>
		</sourceImageInformation>
		<OCRProcessing ID="OCR_0">
			<ocrProcessingStep>
				<processingSoftware>
					<softwareName>tesseract 5.3.4</softwareName>
				</processingSoftware>
			</ocrProcessingStep>
		</OCRProcessing>
	</Description>
	<Layout>
		<Page WIDTH="1125" HEIGHT="1811" PHYSICAL_IMG_NR="0" ID="page_0">
			<PrintSpace HPOS="0" VPOS="0" WIDTH="1125" HEIGHT="1811">
				<GraphicalElement ID="cblock_0" HPOS="0" VPOS="33" WIDTH="4" HEIGHT="592"></GraphicalElement >
				<ComposedBlock ID="cblock_1" HPOS="214" VPOS="128" WIDTH="55" HEIGHT="21">
					<TextBlock ID="block_0" HPOS="214" VPOS="128" WIDTH="55" HEIGHT="21">
						<TextLine ID="line_0" HPOS="214" VPOS="128" WIDTH="55" HEIGHT="21">
							<String ID="string_0" HPOS="214" VPOS="128" WIDTH="55" HEIGHT="21" WC="0.95" CONTENT="1456"/>
						</TextLine>
					</TextBlock>
				</ComposedBlock>
				<ComposedBlock ID="cblock_2" HPOS="454" VPOS="131" WIDTH="364" HEIGHT="23">
					<TextBlock ID="block_1" HPOS="454" VPOS="131" WIDTH="364" HEIGHT="23">
						<TextLine ID="line_1" HPOS="454" VPOS="131" WIDTH="364" HEIGHT="23">
							<String ID="string_1" HPOS="454" VPOS="131" WIDTH="179" HEIGHT="23" WC="0.92" CONTENT="Borgareståndet"/><SP WIDTH="11" VPOS="131" HPOS="633"/>
							<String ID="string_2" HPOS="644" VPOS="133" WIDTH="59" HEIGHT="17" WC="0.95" CONTENT="1882."/><SP WIDTH="25" VPOS="133" HPOS="703"/>
							<String ID="string_3" HPOS="728" VPOS="133" WIDTH="29" HEIGHT="17" WC="0.95" CONTENT="23"/><SP WIDTH="12" VPOS="133" HPOS="757"/>
							<String ID="string_4" HPOS="769" VPOS="132" WIDTH="49" HEIGHT="21" WC="0.96" CONTENT="maj."/>
						</TextLine>
					</TextBlock>
				</ComposedBlock>
				<GraphicalElement ID="cblock_3" HPOS="213" VPOS="160" WIDTH="834" HEIGHT="7"></GraphicalElement >
				<ComposedBlock ID="cblock_4" HPOS="213" VPOS="200" WIDTH="838" HEIGHT="911">
					<TextBlock ID="block_2" HPOS="213" VPOS="200" WIDTH="837" HEIGHT="544">
						<TextLine ID="line_2" HPOS="283" VPOS="200" WIDTH="765" HEIGHT="28">
							<String ID="string_5" HPOS="283" VPOS="201" WIDTH="117" HEIGHT="27" WC="0.96" CONTENT="Utskottet,"/><SP WIDTH="22" VPOS="201" HPOS="400"/>
							<String ID="string_6" HPOS="422" VPOS="207" WIDTH="46" HEIGHT="15" WC="0.96" CONTENT="som"/><SP WIDTH="15" VPOS="207" HPOS="468"/>
							<String ID="string_7" HPOS="483" VPOS="202" WIDTH="6" HEIGHT="20" WC="0.96" CONTENT="i"/><SP WIDTH="17" VPOS="202" HPOS="489"/>
							<String ID="string_8" HPOS="506" VPOS="201" WIDTH="59" HEIGHT="22" WC="0.96" CONTENT="detta"/><SP WIDTH="18" VPOS="201" HPOS="565"/>
							<String ID="string_9" HPOS="583" VPOS="200" WIDTH="154" HEIGHT="28" WC="0.96" CONTENT="sammanhang"/><SP WIDTH="16" VPOS="200" HPOS="737"/>
							<String ID="string_10" HPOS="753" VPOS="201" WIDTH="97" HEIGHT="27" WC="0.96" CONTENT="medger,"/><SP WIDTH="16" VPOS="201" HPOS="850"/>
							<String ID="string_11" HPOS="866" VPOS="204" WIDTH="32" HEIGHT="18" WC="0.96" CONTENT="att"/><SP WIDTH="16" VPOS="204" HPOS="898"/>
							<String ID="string_12" HPOS="914" VPOS="201" WIDTH="134" HEIGHT="27" WC="0.96" CONTENT="fullmäktige"/>
						</TextLine>
						<TextLine ID="line_3" HPOS="213" VPOS="230" WIDTH="835" HEIGHT="27">
							<String ID="string_13" HPOS="213" VPOS="230" WIDTH="108" HEIGHT="22" WC="0.96" CONTENT="måhända"/><SP WIDTH="15" VPOS="230" HPOS="321"/>
							<String ID="string_14" HPOS="336" VPOS="230" WIDTH="47" HEIGHT="22" WC="0.96" CONTENT="icke"/><SP WIDTH="15" VPOS="230" HPOS="383"/>
							<String ID="string_15" HPOS="398" VPOS="230" WIDTH="88" HEIGHT="21" WC="0.95" CONTENT="förmått"/><SP WIDTH="15" VPOS="230" HPOS="486"/>
							<String ID="string_16" HPOS="501" VPOS="230" WIDTH="133" HEIGHT="22" WC="0.96" CONTENT="konsekvent"/><SP WIDTH="15" VPOS="230" HPOS="634"/>
							<String ID="string_17" HPOS="649" VPOS="230" WIDTH="109" HEIGHT="22" WC="0.96" CONTENT="bibehålla"/><SP WIDTH="17" VPOS="230" HPOS="758"/>
							<String ID="string_18" HPOS="775" VPOS="230" WIDTH="41" HEIGHT="21" WC="0.96" CONTENT="den"/><SP WIDTH="11" VPOS="230" HPOS="816"/>
							<String ID="string_19" HPOS="827" VPOS="230" WIDTH="109" HEIGHT="27" WC="0.96" CONTENT="upphöjda"/><SP WIDTH="10" VPOS="230" HPOS="936"/>
							<String ID="string_20" HPOS="946" VPOS="230" WIDTH="102" HEIGHT="27" WC="0.96" CONTENT="ställning"/>
						</TextLine>
						<TextLine ID="line_4" HPOS="213" VPOS="258" WIDTH="836" HEIGHT="28">
							<String ID="string_21" HPOS="213" VPOS="259" WIDTH="23" HEIGHT="21" WC="0.95" CONTENT="af"/><SP WIDTH="17" VPOS="259" HPOS="236"/>
							<String ID="string_22" HPOS="253" VPOS="265" WIDTH="27" HEIGHT="15" WC="0.96" CONTENT="en"/><SP WIDTH="17" VPOS="265" HPOS="280"/>
							<String ID="string_23" HPOS="297" VPOS="258" WIDTH="128" HEIGHT="22" WC="0.93" CONTENT="framförallt"/><SP WIDTH="16" VPOS="258" HPOS="425"/>
							<String ID="string_24" HPOS="441" VPOS="258" WIDTH="156" HEIGHT="22" WC="0.91" CONTENT="öfvervakande"/><SP WIDTH="16" VPOS="258" HPOS="597"/>
							<String ID="string_25" HPOS="613" VPOS="258" WIDTH="39" HEIGHT="22" WC="0.96" CONTENT="och"/><SP WIDTH="16" VPOS="258" HPOS="652"/>
							<String ID="string_26" HPOS="668" VPOS="258" WIDTH="178" HEIGHT="22" WC="0.96" CONTENT="kontrollerande"/><SP WIDTH="15" VPOS="258" HPOS="846"/>
							<String ID="string_27" HPOS="861" VPOS="259" WIDTH="125" HEIGHT="27" WC="0.96" CONTENT="myndighet"/><SP WIDTH="15" VPOS="259" HPOS="986"/>
							<String ID="string_28" HPOS="1001" VPOS="259" WIDTH="48" HEIGHT="21" WC="0.96" CONTENT="dem"/>
						</TextLine>
						<TextLine ID="line_5" HPOS="213" VPOS="287" WIDTH="837" HEIGHT="27">
							<String ID="string_29" HPOS="213" VPOS="289" WIDTH="71" HEIGHT="20" WC="0.89" CONTENT="såsom"/><SP WIDTH="24" VPOS="289" HPOS="284"/>
							<String ID="string_30" HPOS="308" VPOS="287" WIDTH="131" HEIGHT="22" WC="0.92" CONTENT="Ständernas"/><SP WIDTH="23" VPOS="287" HPOS="439"/>
							<String ID="string_31" HPOS="462" VPOS="289" WIDTH="172" HEIGHT="25" WC="0.96" CONTENT="representanter"/><SP WIDTH="22" VPOS="289" HPOS="634"/>
							<String ID="string_32" HPOS="656" VPOS="287" WIDTH="67" HEIGHT="27" WC="0.96" CONTENT="enligt"/><SP WIDTH="19" VPOS="287" HPOS="723"/>
							<String ID="string_33" HPOS="742" VPOS="287" WIDTH="102" HEIGHT="26" WC="0.96" CONTENT="gällande"/><SP WIDTH="13" VPOS="287" HPOS="844"/>
							<String ID="string_34" HPOS="857" VPOS="287" WIDTH="133" HEIGHT="27" WC="0.93" CONTENT="stadganden"/><SP WIDTH="16" VPOS="287" HPOS="990"/>
							<String ID="string_35" HPOS="1006" VPOS="287" WIDTH="44" HEIGHT="22" WC="0.92" CONTENT="till-"/>
						</TextLine>
						<TextLine ID="line_6" HPOS="213" VPOS="315" WIDTH="836" HEIGHT="27">
							<String ID="string_36" HPOS="213" VPOS="317" WIDTH="104" HEIGHT="24" WC="0.96" CONTENT="kommer,"/><SP WIDTH="17" VPOS="317" HPOS="317"/>
							<String ID="string_37" HPOS="334" VPOS="315" WIDTH="63" HEIGHT="22" WC="0.95" CONTENT="söker"/><SP WIDTH="15" VPOS="315" HPOS="397"/>
							<String ID="string_38" HPOS="412" VPOS="316" WIDTH="91" HEIGHT="21" WC="0.95" CONTENT="orsaken"/><SP WIDTH="16" VPOS="316" HPOS="503"/>
							<String ID="string_39" HPOS="519" VPOS="315" WIDTH="32" HEIGHT="21" WC="0.96" CONTENT="till"/><SP WIDTH="16" VPOS="315" HPOS="551"/>
							<String ID="string_40" HPOS="567" VPOS="317" WIDTH="62" HEIGHT="20" WC="0.96" CONTENT="dessa"/><SP WIDTH="15" VPOS="317" HPOS="629"/>
							<String ID="string_41" HPOS="644" VPOS="315" WIDTH="39" HEIGHT="22" WC="0.96" CONTENT="och"/><SP WIDTH="17" VPOS="315" HPOS="683"/>
							<String ID="string_42" HPOS="700" VPOS="315" WIDTH="68" HEIGHT="22" WC="0.96" CONTENT="andra"/><SP WIDTH="11" VPOS="315" HPOS="768"/>
							<String ID="string_43" HPOS="779" VPOS="315" WIDTH="89" HEIGHT="27" WC="0.93" CONTENT="möjliga"/><SP WIDTH="11" VPOS="315" HPOS="868"/>
							<String ID="string_44" HPOS="879" VPOS="315" WIDTH="170" HEIGHT="22" WC="0.91" CONTENT="missförhållan-"/>
						</TextLine>
						<TextLine ID="line_7" HPOS="214" VPOS="343" WIDTH="834" HEIGHT="28">
							<String ID="string_45" HPOS="214" VPOS="345" WIDTH="41" HEIGHT="21" WC="0.93" CONTENT="den"/><SP WIDTH="16" VPOS="345" HPOS="255"/>
							<String ID="string_46" HPOS="271" VPOS="344" WIDTH="52" HEIGHT="25" WC="0.91" CONTENT="deri,"/><SP WIDTH="19" VPOS="344" HPOS="323"/>
							<String ID="string_47" HPOS="342" VPOS="346" WIDTH="32" HEIGHT="19" WC="0.96" CONTENT="att"/><SP WIDTH="16" VPOS="346" HPOS="374"/>
							<String ID="string_48" HPOS="390" VPOS="344" WIDTH="74" HEIGHT="27" WC="0.96" CONTENT="sjelfva"/><SP WIDTH="16" VPOS="344" HPOS="464"/>
							<String ID="string_49" HPOS="480" VPOS="345" WIDTH="172" HEIGHT="26" WC="0.96" CONTENT="organisationen"/><SP WIDTH="15" VPOS="345" HPOS="652"/>
							<String ID="string_50" HPOS="667" VPOS="343" WIDTH="73" HEIGHT="22" WC="0.92" CONTENT="kunde"/><SP WIDTH="16" VPOS="343" HPOS="740"/>
							<String ID="string_51" HPOS="756" VPOS="344" WIDTH="100" HEIGHT="21" WC="0.92" CONTENT="erfordra"/><SP WIDTH="15" VPOS="344" HPOS="856"/>
							<String ID="string_52" HPOS="871" VPOS="350" WIDTH="26" HEIGHT="15" WC="0.96" CONTENT="en"/><SP WIDTH="16" VPOS="350" HPOS="897"/>
							<String ID="string_53" HPOS="913" VPOS="344" WIDTH="135" HEIGHT="27" WC="0.96" CONTENT="förbättring,"/>
						</TextLine>
						<TextLine ID="line_8" HPOS="214" VPOS="372" WIDTH="835" HEIGHT="28">
							<String ID="string_54" HPOS="214" VPOS="373" WIDTH="40" HEIGHT="22" WC="0.96" CONTENT="och"/><SP WIDTH="23" VPOS="373" HPOS="254"/>
							<String ID="string_55" HPOS="277" VPOS="373" WIDTH="90" HEIGHT="22" WC="0.94" CONTENT="föreslår"/><SP WIDTH="16" VPOS="373" HPOS="367"/>
							<String ID="string_56" HPOS="383" VPOS="373" WIDTH="6" HEIGHT="21" WC="0.96" CONTENT="i"/><SP WIDTH="15" VPOS="373" HPOS="389"/>
							<String ID="string_57" HPOS="404" VPOS="373" WIDTH="76" HEIGHT="21" WC="0.95" CONTENT="sådant"/><SP WIDTH="23" VPOS="373" HPOS="480"/>
							<String ID="string_58" HPOS="503" VPOS="373" WIDTH="100" HEIGHT="22" WC="0.93" CONTENT="afseende"/><SP WIDTH="23" VPOS="373" HPOS="603"/>
							<String ID="string_59" HPOS="626" VPOS="372" WIDTH="158" HEIGHT="22" WC="0.91" CONTENT="fördubblande"/><SP WIDTH="21" VPOS="372" HPOS="784"/>
							<String ID="string_60" HPOS="805" VPOS="373" WIDTH="21" HEIGHT="21" WC="0.93" CONTENT="af"/><SP WIDTH="15" VPOS="373" HPOS="826"/>
							<String ID="string_61" HPOS="841" VPOS="373" WIDTH="208" HEIGHT="27" WC="0.92" CONTENT="Bankfullmäktiges"/>
						</TextLine>
						<TextLine ID="line_9" HPOS="215" VPOS="401" WIDTH="834" HEIGHT="28">
							<String ID="string_62" HPOS="215" VPOS="401" WIDTH="66" HEIGHT="22" WC="0.94" CONTENT="antal."/><SP WIDTH="30" VPOS="401" HPOS="281"/>
							<String ID="string_63" HPOS="311" VPOS="402" WIDTH="42" HEIGHT="26" WC="0.95" CONTENT="Jag"/><SP WIDTH="14" VPOS="402" HPOS="353"/>
							<String ID="string_64" HPOS="367" VPOS="401" WIDTH="69" HEIGHT="22" WC="0.93" CONTENT="måste"/><SP WIDTH="16" VPOS="401" HPOS="436"/>
							<String ID="string_65" HPOS="452" VPOS="401" WIDTH="111" HEIGHT="27" WC="0.90" CONTENT="medgifva,"/><SP WIDTH="16" VPOS="401" HPOS="563"/>
							<String ID="string_66" HPOS="579" VPOS="403" WIDTH="32" HEIGHT="20" WC="0.96" CONTENT="att"/><SP WIDTH="8" VPOS="403" HPOS="611"/>
							<String ID="string_67" HPOS="619" VPOS="401" WIDTH="38" HEIGHT="27" WC="0.96" CONTENT="jag"/><SP WIDTH="13" VPOS="401" HPOS="657"/>
							<String ID="string_68" HPOS="670" VPOS="401" WIDTH="47" HEIGHT="22" WC="0.96" CONTENT="icke"/><SP WIDTH="11" VPOS="401" HPOS="717"/>
							<String ID="string_69" HPOS="728" VPOS="401" WIDTH="33" HEIGHT="21" WC="0.96" CONTENT="till"/><SP WIDTH="14" VPOS="401" HPOS="761"/>
							<String ID="string_70" HPOS="775" VPOS="401" WIDTH="53" HEIGHT="22" WC="0.96" CONTENT="fullo"/><SP WIDTH="12" VPOS="401" HPOS="828"/>
							<String ID="string_71" HPOS="840" VPOS="401" WIDTH="82" HEIGHT="22" WC="0.96" CONTENT="kunnat"/><SP WIDTH="11" VPOS="401" HPOS="922"/>
							<String ID="string_72" HPOS="933" VPOS="402" WIDTH="116" HEIGHT="27" WC="0.96" CONTENT="uppskatta"/>
						</TextLine>
						<TextLine ID="line_10" HPOS="215" VPOS="429" WIDTH="834" HEIGHT="27">
							<String ID="string_73" HPOS="215" VPOS="431" WIDTH="26" HEIGHT="22" WC="0.96" CONTENT="de"/><SP WIDTH="22" VPOS="431" HPOS="241"/>
							<String ID="string_74" HPOS="263" VPOS="430" WIDTH="46" HEIGHT="22" WC="0.95" CONTENT="skäl"/><SP WIDTH="16" VPOS="430" HPOS="309"/>
							<String ID="string_75" HPOS="325" VPOS="431" WIDTH="107" HEIGHT="21" WC="0.96" CONTENT="utskottet"/><SP WIDTH="15" VPOS="431" HPOS="432"/>
							<String ID="string_76" HPOS="447" VPOS="431" WIDTH="49" HEIGHT="20" WC="0.96" CONTENT="sökt"/><SP WIDTH="15" VPOS="431" HPOS="496"/>
							<String ID="string_77" HPOS="511" VPOS="430" WIDTH="113" HEIGHT="21" WC="0.96" CONTENT="framhålla"/><SP WIDTH="16" VPOS="430" HPOS="624"/>
							<String ID="string_78" HPOS="640" VPOS="429" WIDTH="39" HEIGHT="27" WC="0.96" CONTENT="för,"/><SP WIDTH="16" VPOS="429" HPOS="679"/>
							<String ID="string_79" HPOS="695" VPOS="432" WIDTH="33" HEIGHT="19" WC="0.96" CONTENT="att"/><SP WIDTH="15" VPOS="432" HPOS="728"/>
							<String ID="string_80" HPOS="743" VPOS="432" WIDTH="33" HEIGHT="19" WC="0.93" CONTENT="ett"/><SP WIDTH="16" VPOS="432" HPOS="776"/>
							<String ID="string_81" HPOS="792" VPOS="430" WIDTH="101" HEIGHT="21" WC="0.92" CONTENT="förökadt"/><SP WIDTH="15" VPOS="430" HPOS="893"/>
							<String ID="string_82" HPOS="908" VPOS="430" WIDTH="58" HEIGHT="21" WC="0.96" CONTENT="antal"/><SP WIDTH="15" VPOS="430" HPOS="966"/>
							<String ID="string_83" HPOS="981" VPOS="430" WIDTH="68" HEIGHT="22" WC="0.94" CONTENT="skulle"/>
						</TextLine>
						<TextLine ID="line_11" HPOS="216" VPOS="459" WIDTH="832" HEIGHT="27">
							<String ID="string_84" HPOS="216" VPOS="459" WIDTH="107" HEIGHT="22" WC="0.96" CONTENT="förbättra"/><SP WIDTH="22" VPOS="459" HPOS="323"/>
							<String ID="string_85" HPOS="345" VPOS="459" WIDTH="179" HEIGHT="26" WC="0.94" CONTENT="organisationen."/><SP WIDTH="30" VPOS="459" HPOS="524"/>
							<String ID="string_86" HPOS="554" VPOS="459" WIDTH="43" HEIGHT="22" WC="0.96" CONTENT="Det"/><SP WIDTH="18" VPOS="459" HPOS="597"/>
							<String ID="string_87" HPOS="615" VPOS="459" WIDTH="54" HEIGHT="21" WC="0.96" CONTENT="enda"/><SP WIDTH="16" VPOS="459" HPOS="669"/>
							<String ID="string_88" HPOS="685" VPOS="459" WIDTH="100" HEIGHT="21" WC="0.96" CONTENT="hållbara"/><SP WIDTH="16" VPOS="459" HPOS="785"/>
							<String ID="string_89" HPOS="801" VPOS="465" WIDTH="63" HEIGHT="21" WC="0.96" CONTENT="synes"/><SP WIDTH="17" VPOS="465" HPOS="864"/>
							<String ID="string_90" HPOS="881" VPOS="465" WIDTH="56" HEIGHT="21" WC="0.96" CONTENT="vara,"/><SP WIDTH="16" VPOS="465" HPOS="937"/>
							<String ID="string_91" HPOS="953" VPOS="461" WIDTH="32" HEIGHT="19" WC="0.96" CONTENT="att"/><SP WIDTH="15" VPOS="461" HPOS="985"/>
							<String ID="string_92" HPOS="1000" VPOS="465" WIDTH="48" HEIGHT="15" WC="0.96" CONTENT="man"/>
						</TextLine>
						<TextLine ID="line_12" HPOS="216" VPOS="487" WIDTH="833" HEIGHT="28">
							<String ID="string_93" HPOS="216" VPOS="488" WIDTH="27" HEIGHT="21" WC="0.96" CONTENT="då"/><SP WIDTH="16" VPOS="488" HPOS="243"/>
							<String ID="string_94" HPOS="259" VPOS="487" WIDTH="69" HEIGHT="22" WC="0.96" CONTENT="skulle"/><SP WIDTH="16" VPOS="487" HPOS="328"/>
							<String ID="string_95" HPOS="344" VPOS="487" WIDTH="78" HEIGHT="22" WC="0.96" CONTENT="lättare"/><SP WIDTH="15" VPOS="487" HPOS="422"/>
							<String ID="string_96" HPOS="437" VPOS="487" WIDTH="57" HEIGHT="22" WC="0.96" CONTENT="finna"/><SP WIDTH="16" VPOS="487" HPOS="494"/>
							<String ID="string_97" HPOS="510" VPOS="487" WIDTH="49" HEIGHT="22" WC="0.96" CONTENT="fullt"/><SP WIDTH="15" VPOS="487" HPOS="559"/>
							<String ID="string_98" HPOS="574" VPOS="487" WIDTH="102" HEIGHT="27" WC="0.96" CONTENT="lämpliga"/><SP WIDTH="10" VPOS="487" HPOS="676"/>
							<String ID="string_99" HPOS="686" VPOS="493" WIDTH="111" HEIGHT="22" WC="0.94" CONTENT="personer."/><SP WIDTH="32" VPOS="493" HPOS="797"/>
							<String ID="string_100" HPOS="829" VPOS="487" WIDTH="45" HEIGHT="22" WC="0.93" CONTENT="Här"/><SP WIDTH="12" VPOS="487" HPOS="874"/>
							<String ID="string_101" HPOS="886" VPOS="487" WIDTH="79" HEIGHT="22" WC="0.91" CONTENT="blottas"/><SP WIDTH="11" VPOS="487" HPOS="965"/>
							<String ID="string_102" HPOS="976" VPOS="487" WIDTH="73" HEIGHT="22" WC="0.90" CONTENT="Achil-"/>
						</TextLine>
						<TextLine ID="line_13" HPOS="216" VPOS="516" WIDTH="833" HEIGHT="27">
							<String ID="string_103" HPOS="216" VPOS="517" WIDTH="102" HEIGHT="25" WC="0.92" CONTENT="leshälen,"/><SP WIDTH="22" VPOS="517" HPOS="318"/>
							<String ID="string_104" HPOS="340" VPOS="523" WIDTH="141" HEIGHT="20" WC="0.95" CONTENT="personernas"/><SP WIDTH="22" VPOS="523" HPOS="481"/>
							<String ID="string_105" HPOS="503" VPOS="516" WIDTH="130" HEIGHT="27" WC="0.96" CONTENT="lämplighet."/><SP WIDTH="31" VPOS="516" HPOS="633"/>
							<String ID="string_106" HPOS="664" VPOS="517" WIDTH="41" HEIGHT="26" WC="0.96" CONTENT="Jag"/><SP WIDTH="16" VPOS="517" HPOS="705"/>
							<String ID="string_107" HPOS="721" VPOS="516" WIDTH="87" HEIGHT="21" WC="0.96" CONTENT="fruktar"/><SP WIDTH="15" VPOS="516" HPOS="808"/>
							<String ID="string_108" HPOS="823" VPOS="516" WIDTH="61" HEIGHT="27" WC="0.96" CONTENT="dock,"/><SP WIDTH="16" VPOS="516" HPOS="884"/>
							<String ID="string_109" HPOS="900" VPOS="518" WIDTH="32" HEIGHT="19" WC="0.96" CONTENT="att"/><SP WIDTH="15" VPOS="518" HPOS="932"/>
							<String ID="string_110" HPOS="947" VPOS="517" WIDTH="102" HEIGHT="26" WC="0.95" CONTENT="förslaget"/>
						</TextLine>
						<TextLine ID="line_14" HPOS="217" VPOS="544" WIDTH="832" HEIGHT="28">
							<String ID="string_111" HPOS="217" VPOS="545" WIDTH="76" HEIGHT="22" WC="0.96" CONTENT="endast"/><SP WIDTH="7" VPOS="545" HPOS="293"/>
							<String ID="string_112" HPOS="300" VPOS="545" WIDTH="69" HEIGHT="21" WC="0.96" CONTENT="skulle"/><SP WIDTH="12" VPOS="545" HPOS="369"/>
							<String ID="string_113" HPOS="381" VPOS="545" WIDTH="49" HEIGHT="22" WC="0.96" CONTENT="leda"/><SP WIDTH="8" VPOS="545" HPOS="430"/>
							<String ID="string_114" HPOS="438" VPOS="545" WIDTH="32" HEIGHT="21" WC="0.96" CONTENT="till"/><SP WIDTH="9" VPOS="545" HPOS="470"/>
							<String ID="string_115" HPOS="479" VPOS="547" WIDTH="32" HEIGHT="19" WC="0.96" CONTENT="att"/><SP WIDTH="8" VPOS="547" HPOS="511"/>
							<String ID="string_116" HPOS="519" VPOS="545" WIDTH="78" HEIGHT="21" WC="0.96" CONTENT="lättare"/><SP WIDTH="9" VPOS="545" HPOS="597"/>
							<String ID="string_117" HPOS="606" VPOS="551" WIDTH="25" HEIGHT="15" WC="0.96" CONTENT="en"/><SP WIDTH="9" VPOS="551" HPOS="631"/>
							<String ID="string_118" HPOS="640" VPOS="544" WIDTH="53" HEIGHT="22" WC="0.96" CONTENT="eller"/><SP WIDTH="7" VPOS="544" HPOS="693"/>
							<String ID="string_119" HPOS="700" VPOS="551" WIDTH="71" HEIGHT="15" WC="0.96" CONTENT="annan"/><SP WIDTH="14" VPOS="551" HPOS="771"/>
							<String ID="string_120" HPOS="785" VPOS="545" WIDTH="85" HEIGHT="21" WC="0.96" CONTENT="mindre"/><SP WIDTH="8" VPOS="545" HPOS="870"/>
							<String ID="string_121" HPOS="878" VPOS="545" WIDTH="87" HEIGHT="26" WC="0.96" CONTENT="lämplig"/><SP WIDTH="8" VPOS="545" HPOS="965"/>
							<String ID="string_122" HPOS="973" VPOS="551" WIDTH="76" HEIGHT="21" WC="0.96" CONTENT="person"/>
						</TextLine>
						<TextLine ID="line_15" HPOS="217" VPOS="573" WIDTH="832" HEIGHT="28">
							<String ID="string_123" HPOS="217" VPOS="574" WIDTH="32" HEIGHT="21" WC="0.96" CONTENT="till"/><SP WIDTH="16" VPOS="574" HPOS="249"/>
							<String ID="string_124" HPOS="265" VPOS="574" WIDTH="51" HEIGHT="27" WC="0.96" CONTENT="följd"/><SP WIDTH="16" VPOS="574" HPOS="316"/>
							<String ID="string_125" HPOS="332" VPOS="574" WIDTH="23" HEIGHT="21" WC="0.96" CONTENT="af"/><SP WIDTH="14" VPOS="574" HPOS="355"/>
							<String ID="string_126" HPOS="369" VPOS="580" WIDTH="26" HEIGHT="15" WC="0.96" CONTENT="en"/><SP WIDTH="16" VPOS="580" HPOS="395"/>
							<String ID="string_127" HPOS="411" VPOS="573" WIDTH="51" HEIGHT="22" WC="0.96" CONTENT="eller"/><SP WIDTH="16" VPOS="573" HPOS="462"/>
							<String ID="string_128" HPOS="478" VPOS="580" WIDTH="69" HEIGHT="15" WC="0.96" CONTENT="annan"/><SP WIDTH="16" VPOS="580" HPOS="547"/>
							<String ID="string_129" HPOS="563" VPOS="573" WIDTH="160" HEIGHT="28" WC="0.96" CONTENT="omständighet"/><SP WIDTH="14" VPOS="573" HPOS="723"/>
							<String ID="string_130" HPOS="737" VPOS="573" WIDTH="73" HEIGHT="22" WC="0.96" CONTENT="kunde"/><SP WIDTH="15" VPOS="573" HPOS="810"/>
							<String ID="string_131" HPOS="825" VPOS="573" WIDTH="66" HEIGHT="21" WC="0.96" CONTENT="blifva"/><SP WIDTH="11" VPOS="573" HPOS="891"/>
							<String ID="string_132" HPOS="902" VPOS="573" WIDTH="72" HEIGHT="22" WC="0.96" CONTENT="invald"/><SP WIDTH="10" VPOS="573" HPOS="974"/>
							<String ID="string_133" HPOS="984" VPOS="574" WIDTH="65" HEIGHT="21" WC="0.96" CONTENT="bland"/>
						</TextLine>
						<TextLine ID="line_16" HPOS="217" VPOS="601" WIDTH="831" HEIGHT="27">
							<String ID="string_134" HPOS="217" VPOS="603" WIDTH="26" HEIGHT="21" WC="0.96" CONTENT="de"/><SP WIDTH="22" VPOS="603" HPOS="243"/>
							<String ID="string_135" HPOS="265" VPOS="603" WIDTH="53" HEIGHT="25" WC="0.95" CONTENT="åtta,"/><SP WIDTH="24" VPOS="603" HPOS="318"/>
							<String ID="string_136" HPOS="342" VPOS="604" WIDTH="27" HEIGHT="19" WC="0.96" CONTENT="än"/><SP WIDTH="17" VPOS="604" HPOS="369"/>
							<String ID="string_137" HPOS="386" VPOS="608" WIDTH="34" HEIGHT="15" WC="0.96" CONTENT="om"/><SP WIDTH="16" VPOS="608" HPOS="420"/>
							<String ID="string_138" HPOS="436" VPOS="608" WIDTH="48" HEIGHT="15" WC="0.95" CONTENT="man"/><SP WIDTH="16" VPOS="608" HPOS="484"/>
							<String ID="string_139" HPOS="500" VPOS="602" WIDTH="117" HEIGHT="21" WC="0.96" CONTENT="bibehåller"/><SP WIDTH="16" VPOS="602" HPOS="617"/>
							<String ID="string_140" HPOS="633" VPOS="602" WIDTH="36" HEIGHT="20" WC="0.96" CONTENT="det"/><SP WIDTH="15" VPOS="602" HPOS="669"/>
							<String ID="string_141" HPOS="684" VPOS="602" WIDTH="125" HEIGHT="21" WC="0.96" CONTENT="nuvarande"/><SP WIDTH="16" VPOS="602" HPOS="809"/>
							<String ID="string_142" HPOS="825" VPOS="602" WIDTH="89" HEIGHT="21" WC="0.95" CONTENT="antalet."/><SP WIDTH="30" VPOS="602" HPOS="914"/>
							<String ID="string_143" HPOS="944" VPOS="601" WIDTH="40" HEIGHT="22" WC="0.96" CONTENT="Om"/><SP WIDTH="16" VPOS="601" HPOS="984"/>
							<String ID="string_144" HPOS="1000" VPOS="608" WIDTH="48" HEIGHT="15" WC="0.96" CONTENT="man"/>
						</TextLine>
						<TextLine ID="line_17" HPOS="217" VPOS="630" WIDTH="833" HEIGHT="27">
							<String ID="string_145" HPOS="217" VPOS="631" WIDTH="48" HEIGHT="21" WC="0.95" CONTENT="med"/><SP WIDTH="23" VPOS="631" HPOS="265"/>
							<String ID="string_146" HPOS="288" VPOS="630" WIDTH="68" HEIGHT="22" WC="0.95" CONTENT="allvar"/><SP WIDTH="22" VPOS="630" HPOS="356"/>
							<String ID="string_147" HPOS="378" VPOS="630" WIDTH="63" HEIGHT="22" WC="0.96" CONTENT="söker"/><SP WIDTH="16" VPOS="630" HPOS="441"/>
							<String ID="string_148" HPOS="457" VPOS="633" WIDTH="32" HEIGHT="19" WC="0.96" CONTENT="att"/><SP WIDTH="15" VPOS="633" HPOS="489"/>
							<String ID="string_149" HPOS="504" VPOS="630" WIDTH="57" HEIGHT="22" WC="0.96" CONTENT="finna"/><SP WIDTH="14" VPOS="630" HPOS="561"/>
							<String ID="string_150" HPOS="575" VPOS="630" WIDTH="100" HEIGHT="27" WC="0.96" CONTENT="lämpliga"/><SP WIDTH="16" VPOS="630" HPOS="675"/>
							<String ID="string_151" HPOS="691" VPOS="636" WIDTH="103" HEIGHT="21" WC="0.96" CONTENT="personer"/><SP WIDTH="16" VPOS="636" HPOS="794"/>
							<String ID="string_152" HPOS="810" VPOS="630" WIDTH="40" HEIGHT="22" WC="0.97" CONTENT="och"/><SP WIDTH="16" VPOS="630" HPOS="850"/>
							<String ID="string_153" HPOS="866" VPOS="630" WIDTH="34" HEIGHT="22" WC="0.96" CONTENT="vid"/><SP WIDTH="16" VPOS="630" HPOS="900"/>
							<String ID="string_154" HPOS="916" VPOS="631" WIDTH="57" HEIGHT="21" WC="0.96" CONTENT="valet"/><SP WIDTH="14" VPOS="631" HPOS="973"/>
							<String ID="string_155" HPOS="987" VPOS="631" WIDTH="63" HEIGHT="26" WC="0.96" CONTENT="utgår"/>
						</TextLine>
						<TextLine ID="line_18" HPOS="217" VPOS="659" WIDTH="832" HEIGHT="27">
							<String ID="string_156" HPOS="217" VPOS="660" WIDTH="76" HEIGHT="21" WC="0.96" CONTENT="endast"/><SP WIDTH="22" VPOS="660" HPOS="293"/>
							<String ID="string_157" HPOS="315" VPOS="659" WIDTH="47" HEIGHT="22" WC="0.96" CONTENT="från"/><SP WIDTH="24" VPOS="659" HPOS="362"/>
							<String ID="string_158" HPOS="386" VPOS="659" WIDTH="70" HEIGHT="21" WC="0.96" CONTENT="denna"/><SP WIDTH="22" VPOS="659" HPOS="456"/>
							<String ID="string_159" HPOS="478" VPOS="659" WIDTH="112" HEIGHT="27" WC="0.95" CONTENT="synpunkt,"/><SP WIDTH="21" VPOS="659" HPOS="590"/>
							<String ID="string_160" HPOS="611" VPOS="661" WIDTH="45" HEIGHT="19" WC="0.96" CONTENT="tror"/><SP WIDTH="13" VPOS="661" HPOS="656"/>
							<String ID="string_161" HPOS="669" VPOS="659" WIDTH="43" HEIGHT="26" WC="0.96" CONTENT="jag,"/><SP WIDTH="17" VPOS="659" HPOS="712"/>
							<String ID="string_162" HPOS="729" VPOS="661" WIDTH="34" HEIGHT="19" WC="0.96" CONTENT="att"/><SP WIDTH="16" VPOS="661" HPOS="763"/>
							<String ID="string_163" HPOS="779" VPOS="659" WIDTH="37" HEIGHT="21" WC="0.97" CONTENT="det"/><SP WIDTH="16" VPOS="659" HPOS="816"/>
							<String ID="string_164" HPOS="832" VPOS="660" WIDTH="121" HEIGHT="20" WC="0.96" CONTENT="nuvarande"/><SP WIDTH="16" VPOS="660" HPOS="953"/>
							<String ID="string_165" HPOS="969" VPOS="659" WIDTH="80" HEIGHT="21" WC="0.96" CONTENT="antalet"/>
						</TextLine>
						<TextLine ID="line_19" HPOS="217" VPOS="687" WIDTH="833" HEIGHT="28">
							<String ID="string_166" HPOS="217" VPOS="690" WIDTH="24" HEIGHT="20" WC="0.96" CONTENT="är"/><SP WIDTH="22" VPOS="690" HPOS="241"/>
							<String ID="string_167" HPOS="263" VPOS="688" WIDTH="48" HEIGHT="22" WC="0.94" CONTENT="fullt"/><SP WIDTH="23" VPOS="688" HPOS="311"/>
							<String ID="string_168" HPOS="334" VPOS="688" WIDTH="124" HEIGHT="27" WC="0.93" CONTENT="tillräckligt"/><SP WIDTH="23" VPOS="688" HPOS="458"/>
							<String ID="string_169" HPOS="481" VPOS="688" WIDTH="39" HEIGHT="21" WC="0.96" CONTENT="och"/><SP WIDTH="23" VPOS="688" HPOS="520"/>
							<String ID="string_170" HPOS="543" VPOS="690" WIDTH="32" HEIGHT="19" WC="0.95" CONTENT="att"/><SP WIDTH="24" VPOS="690" HPOS="575"/>
							<String ID="string_171" HPOS="599" VPOS="688" WIDTH="25" HEIGHT="21" WC="0.93" CONTENT="de"/><SP WIDTH="16" VPOS="688" HPOS="624"/>
							<String ID="string_172" HPOS="640" VPOS="687" WIDTH="152" HEIGHT="27" WC="0.91" CONTENT="öfverklagade"/><SP WIDTH="16" VPOS="687" HPOS="792"/>
							<String ID="string_173" HPOS="808" VPOS="688" WIDTH="167" HEIGHT="26" WC="0.92" CONTENT="olägenheterna"/><SP WIDTH="14" VPOS="688" HPOS="975"/>
							<String ID="string_174" HPOS="989" VPOS="688" WIDTH="61" HEIGHT="21" WC="0.96" CONTENT="skola"/>
						</TextLine>
						<TextLine ID="line_20" HPOS="217" VPOS="717" WIDTH="148" HEIGHT="27">
							<String ID="string_175" HPOS="217" VPOS="717" WIDTH="96" HEIGHT="27" WC="0.90" CONTENT="utjemna"/><SP WIDTH="14" VPOS="717" HPOS="313"/>
							<String ID="string_176" HPOS="327" VPOS="717" WIDTH="38" HEIGHT="26" WC="0.95" CONTENT="sig."/>
						</TextLine>
					</TextBlock>
					<TextBlock ID="block_3" HPOS="215" VPOS="744" WIDTH="836" HEIGHT="257">
						<TextLine ID="line_21" HPOS="287" VPOS="744" WIDTH="762" HEIGHT="29">
							<String ID="string_177" HPOS="287" VPOS="746" WIDTH="42" HEIGHT="20" WC="0.96" CONTENT="Det"/><SP WIDTH="21" VPOS="746" HPOS="329"/>
							<String ID="string_178" HPOS="350" VPOS="745" WIDTH="21" HEIGHT="21" WC="0.96" CONTENT="af"/><SP WIDTH="23" VPOS="745" HPOS="371"/>
							<String ID="string_179" HPOS="394" VPOS="745" WIDTH="104" HEIGHT="21" WC="0.95" CONTENT="utskottet"/><SP WIDTH="22" VPOS="745" HPOS="498"/>
							<String ID="string_180" HPOS="520" VPOS="744" WIDTH="91" HEIGHT="22" WC="0.96" CONTENT="anförda"/><SP WIDTH="10" VPOS="744" HPOS="611"/>
							<String ID="string_181" HPOS="621" VPOS="745" WIDTH="75" HEIGHT="28" WC="0.96" CONTENT="skälet,"/><SP WIDTH="17" VPOS="745" HPOS="696"/>
							<String ID="string_182" HPOS="713" VPOS="747" WIDTH="32" HEIGHT="19" WC="0.96" CONTENT="att"/><SP WIDTH="15" VPOS="747" HPOS="745"/>
							<String ID="string_183" HPOS="760" VPOS="751" WIDTH="77" HEIGHT="20" WC="0.96" CONTENT="genom"/><SP WIDTH="18" VPOS="751" HPOS="837"/>
							<String ID="string_184" HPOS="855" VPOS="744" WIDTH="83" HEIGHT="23" WC="0.95" CONTENT="ökande"/><SP WIDTH="16" VPOS="744" HPOS="938"/>
							<String ID="string_185" HPOS="954" VPOS="745" WIDTH="23" HEIGHT="21" WC="0.93" CONTENT="af"/><SP WIDTH="13" VPOS="745" HPOS="977"/>
							<String ID="string_186" HPOS="990" VPOS="745" WIDTH="59" HEIGHT="21" WC="0.88" CONTENT="Full-"/>
						</TextLine>
						<TextLine ID="line_22" HPOS="217" VPOS="773" WIDTH="833" HEIGHT="27">
							<String ID="string_187" HPOS="217" VPOS="774" WIDTH="105" HEIGHT="26" WC="0.89" CONTENT="mäktiges"/><SP WIDTH="21" VPOS="774" HPOS="322"/>
							<String ID="string_188" HPOS="343" VPOS="774" WIDTH="58" HEIGHT="21" WC="0.96" CONTENT="antal"/><SP WIDTH="22" VPOS="774" HPOS="401"/>
							<String ID="string_189" HPOS="423" VPOS="774" WIDTH="36" HEIGHT="21" WC="0.96" CONTENT="det"/><SP WIDTH="23" VPOS="774" HPOS="459"/>
							<String ID="string_190" HPOS="482" VPOS="776" WIDTH="66" HEIGHT="24" WC="0.96" CONTENT="tunga"/><SP WIDTH="17" VPOS="776" HPOS="548"/>
							<String ID="string_191" HPOS="565" VPOS="776" WIDTH="99" HEIGHT="19" WC="0.96" CONTENT="ansvaret"/><SP WIDTH="16" VPOS="776" HPOS="664"/>
							<String ID="string_192" HPOS="680" VPOS="773" WIDTH="68" HEIGHT="22" WC="0.96" CONTENT="skulle"/><SP WIDTH="16" VPOS="773" HPOS="748"/>
							<String ID="string_193" HPOS="764" VPOS="773" WIDTH="94" HEIGHT="22" WC="0.96" CONTENT="fördelas"/><SP WIDTH="17" VPOS="773" HPOS="858"/>
							<String ID="string_194" HPOS="875" VPOS="774" WIDTH="27" HEIGHT="26" WC="0.96" CONTENT="på"/><SP WIDTH="14" VPOS="774" HPOS="902"/>
							<String ID="string_195" HPOS="916" VPOS="773" WIDTH="56" HEIGHT="26" WC="0.96" CONTENT="flere,"/><SP WIDTH="16" VPOS="773" HPOS="972"/>
							<String ID="string_196" HPOS="988" VPOS="780" WIDTH="62" HEIGHT="15" WC="0.95" CONTENT="anser"/>
						</TextLine>
						<TextLine ID="line_23" HPOS="215" VPOS="801" WIDTH="835" HEIGHT="29">
							<String ID="string_197" HPOS="215" VPOS="803" WIDTH="38" HEIGHT="27" WC="0.96" CONTENT="jag"/><SP WIDTH="15" VPOS="803" HPOS="253"/>
							<String ID="string_198" HPOS="268" VPOS="804" WIDTH="94" HEIGHT="19" WC="0.96" CONTENT="tvärtom"/><SP WIDTH="16" VPOS="804" HPOS="362"/>
							<String ID="string_199" HPOS="378" VPOS="802" WIDTH="45" HEIGHT="21" WC="0.96" CONTENT="tala"/><SP WIDTH="15" VPOS="802" HPOS="423"/>
							<String ID="string_200" HPOS="438" VPOS="808" WIDTH="58" HEIGHT="15" WC="0.96" CONTENT="mera"/><SP WIDTH="12" VPOS="808" HPOS="496"/>
							<String ID="string_201" HPOS="508" VPOS="805" WIDTH="57" HEIGHT="18" WC="0.95" CONTENT="emot"/><SP WIDTH="15" VPOS="805" HPOS="565"/>
							<String ID="string_202" HPOS="580" VPOS="803" WIDTH="27" HEIGHT="20" WC="0.95" CONTENT="än"/><SP WIDTH="16" VPOS="803" HPOS="607"/>
							<String ID="string_203" HPOS="623" VPOS="801" WIDTH="33" HEIGHT="22" WC="0.96" CONTENT="för"/><SP WIDTH="11" VPOS="801" HPOS="656"/>
							<String ID="string_204" HPOS="667" VPOS="801" WIDTH="109" HEIGHT="28" WC="0.96" CONTENT="förslaget."/><SP WIDTH="25" VPOS="801" HPOS="776"/>
							<String ID="string_205" HPOS="801" VPOS="802" WIDTH="75" HEIGHT="21" WC="0.93" CONTENT="Större"/><SP WIDTH="12" VPOS="802" HPOS="876"/>
							<String ID="string_206" HPOS="888" VPOS="801" WIDTH="76" HEIGHT="22" WC="0.92" CONTENT="blifver"/><SP WIDTH="11" VPOS="801" HPOS="964"/>
							<String ID="string_207" HPOS="975" VPOS="802" WIDTH="75" HEIGHT="21" WC="0.96" CONTENT="endast"/>
						</TextLine>
						<TextLine ID="line_24" HPOS="217" VPOS="830" WIDTH="834" HEIGHT="28">
							<String ID="string_208" HPOS="217" VPOS="831" WIDTH="96" HEIGHT="27" WC="0.91" CONTENT="böjelsen"/><SP WIDTH="24" VPOS="831" HPOS="313"/>
							<String ID="string_209" HPOS="337" VPOS="831" WIDTH="32" HEIGHT="22" WC="0.96" CONTENT="för"/><SP WIDTH="15" VPOS="831" HPOS="369"/>
							<String ID="string_210" HPOS="384" VPOS="831" WIDTH="99" HEIGHT="27" WC="0.96" CONTENT="slapphet"/><SP WIDTH="15" VPOS="831" HPOS="483"/>
							<String ID="string_211" HPOS="498" VPOS="831" WIDTH="39" HEIGHT="21" WC="0.93" CONTENT="och"/><SP WIDTH="16" VPOS="831" HPOS="537"/>
							<String ID="string_212" HPOS="553" VPOS="830" WIDTH="156" HEIGHT="25" WC="0.91" CONTENT="efterlåtenhet,"/><SP WIDTH="16" VPOS="830" HPOS="709"/>
							<String ID="string_213" HPOS="725" VPOS="830" WIDTH="41" HEIGHT="22" WC="0.93" CONTENT="och"/><SP WIDTH="16" VPOS="830" HPOS="766"/>
							<String ID="string_214" HPOS="782" VPOS="830" WIDTH="269" HEIGHT="27" WC="0.91" CONTENT="Bankfullmäktiginstitu-"/>
						</TextLine>
						<TextLine ID="line_25" HPOS="217" VPOS="859" WIDTH="834" HEIGHT="28">
							<String ID="string_215" HPOS="217" VPOS="860" WIDTH="73" HEIGHT="21" WC="0.93" CONTENT="tionen"/><SP WIDTH="16" VPOS="860" HPOS="290"/>
							<String ID="string_216" HPOS="306" VPOS="859" WIDTH="128" HEIGHT="28" WC="0.92" CONTENT="nedsjunker"/><SP WIDTH="16" VPOS="859" HPOS="434"/>
							<String ID="string_217" HPOS="450" VPOS="859" WIDTH="28" HEIGHT="22" WC="0.96" CONTENT="då"/><SP WIDTH="14" VPOS="859" HPOS="478"/>
							<String ID="string_218" HPOS="492" VPOS="859" WIDTH="40" HEIGHT="22" WC="0.96" CONTENT="lätt"/><SP WIDTH="15" VPOS="859" HPOS="532"/>
							<String ID="string_219" HPOS="547" VPOS="859" WIDTH="32" HEIGHT="22" WC="0.96" CONTENT="till"/><SP WIDTH="16" VPOS="859" HPOS="579"/>
							<String ID="string_220" HPOS="595" VPOS="865" WIDTH="26" HEIGHT="15" WC="0.96" CONTENT="en"/><SP WIDTH="16" VPOS="865" HPOS="621"/>
							<String ID="string_221" HPOS="637" VPOS="859" WIDTH="102" HEIGHT="27" WC="0.93" CONTENT="alldaglig"/><SP WIDTH="15" VPOS="859" HPOS="739"/>
							<String ID="string_222" HPOS="754" VPOS="859" WIDTH="103" HEIGHT="27" WC="0.92" CONTENT="kollegial"/><SP WIDTH="15" VPOS="859" HPOS="857"/>
							<String ID="string_223" HPOS="872" VPOS="859" WIDTH="128" HEIGHT="26" WC="0.92" CONTENT="institntion,"/><SP WIDTH="16" VPOS="859" HPOS="1000"/>
							<String ID="string_224" HPOS="1016" VPOS="860" WIDTH="35" HEIGHT="23" WC="0.92" CONTENT="så-"/>
						</TextLine>
						<TextLine ID="line_26" HPOS="218" VPOS="887" WIDTH="833" HEIGHT="28">
							<String ID="string_225" HPOS="218" VPOS="889" WIDTH="42" HEIGHT="20" WC="0.96" CONTENT="dan"/><SP WIDTH="15" VPOS="889" HPOS="260"/>
							<String ID="string_226" HPOS="275" VPOS="895" WIDTH="50" HEIGHT="14" WC="0.96" CONTENT="man"/><SP WIDTH="15" VPOS="895" HPOS="325"/>
							<String ID="string_227" HPOS="340" VPOS="889" WIDTH="58" HEIGHT="20" WC="0.96" CONTENT="inom"/><SP WIDTH="16" VPOS="889" HPOS="398"/>
							<String ID="string_228" HPOS="414" VPOS="888" WIDTH="60" HEIGHT="21" WC="0.96" CONTENT="detta"/><SP WIDTH="14" VPOS="888" HPOS="474"/>
							<String ID="string_229" HPOS="488" VPOS="888" WIDTH="63" HEIGHT="21" WC="0.96" CONTENT="stånd"/><SP WIDTH="14" VPOS="888" HPOS="551"/>
							<String ID="string_230" HPOS="565" VPOS="888" WIDTH="36" HEIGHT="20" WC="0.96" CONTENT="vid"/><SP WIDTH="17" VPOS="888" HPOS="601"/>
							<String ID="string_231" HPOS="618" VPOS="887" WIDTH="129" HEIGHT="27" WC="0.96" CONTENT="föregående"/><SP WIDTH="16" VPOS="887" HPOS="747"/>
							<String ID="string_232" HPOS="763" VPOS="887" WIDTH="101" HEIGHT="22" WC="0.96" CONTENT="debatter"/><SP WIDTH="14" VPOS="887" HPOS="864"/>
							<String ID="string_233" HPOS="878" VPOS="888" WIDTH="56" HEIGHT="20" WC="0.96" CONTENT="visat"/><SP WIDTH="9" VPOS="888" HPOS="934"/>
							<String ID="string_234" HPOS="943" VPOS="888" WIDTH="34" HEIGHT="27" WC="0.96" CONTENT="sig"/><SP WIDTH="10" VPOS="888" HPOS="977"/>
							<String ID="string_235" HPOS="987" VPOS="888" WIDTH="64" HEIGHT="21" WC="0.96" CONTENT="hafva"/>
						</TextLine>
						<TextLine ID="line_27" HPOS="218" VPOS="916" WIDTH="832" HEIGHT="27">
							<String ID="string_236" HPOS="218" VPOS="923" WIDTH="27" HEIGHT="15" WC="0.96" CONTENT="en"/><SP WIDTH="22" VPOS="923" HPOS="245"/>
							<String ID="string_237" HPOS="267" VPOS="917" WIDTH="66" HEIGHT="21" WC="0.96" CONTENT="sådan"/><SP WIDTH="22" VPOS="917" HPOS="333"/>
							<String ID="string_238" HPOS="355" VPOS="916" WIDTH="47" HEIGHT="22" WC="0.96" CONTENT="fasa"/><SP WIDTH="21" VPOS="916" HPOS="402"/>
							<String ID="string_239" HPOS="423" VPOS="916" WIDTH="39" HEIGHT="26" WC="0.96" CONTENT="för,"/><SP WIDTH="23" VPOS="916" HPOS="462"/>
							<String ID="string_240" HPOS="485" VPOS="916" WIDTH="39" HEIGHT="22" WC="0.93" CONTENT="och"/><SP WIDTH="22" VPOS="916" HPOS="524"/>
							<String ID="string_241" HPOS="546" VPOS="916" WIDTH="261" HEIGHT="27" WC="0.86" CONTENT="Bankfullmäktigskapet"/><SP WIDTH="22" VPOS="916" HPOS="807"/>
							<String ID="string_242" HPOS="829" VPOS="916" WIDTH="76" HEIGHT="22" WC="0.92" CONTENT="blifver"/><SP WIDTH="15" VPOS="916" HPOS="905"/>
							<String ID="string_243" HPOS="920" VPOS="922" WIDTH="25" HEIGHT="15" WC="0.93" CONTENT="en"/><SP WIDTH="16" VPOS="922" HPOS="945"/>
							<String ID="string_244" HPOS="961" VPOS="916" WIDTH="89" HEIGHT="27" WC="0.92" CONTENT="begväm"/>
						</TextLine>
						<TextLine ID="line_28" HPOS="218" VPOS="944" WIDTH="832" HEIGHT="28">
							<String ID="string_245" HPOS="218" VPOS="946" WIDTH="87" HEIGHT="21" WC="0.91" CONTENT="sinekur"/><SP WIDTH="16" VPOS="946" HPOS="305"/>
							<String ID="string_246" HPOS="321" VPOS="945" WIDTH="34" HEIGHT="21" WC="0.93" CONTENT="för"/><SP WIDTH="15" VPOS="945" HPOS="355"/>
							<String ID="string_247" HPOS="370" VPOS="945" WIDTH="96" HEIGHT="21" WC="0.92" CONTENT="ståndets"/><SP WIDTH="15" VPOS="945" HPOS="466"/>
							<String ID="string_248" HPOS="481" VPOS="945" WIDTH="98" HEIGHT="27" WC="0.92" CONTENT="koryfeer"/><SP WIDTH="14" VPOS="945" HPOS="579"/>
							<String ID="string_249" HPOS="593" VPOS="944" WIDTH="7" HEIGHT="22" WC="0.96" CONTENT="i"/><SP WIDTH="15" VPOS="944" HPOS="600"/>
							<String ID="string_250" HPOS="615" VPOS="944" WIDTH="73" HEIGHT="22" WC="0.96" CONTENT="stället"/><SP WIDTH="16" VPOS="944" HPOS="688"/>
							<String ID="string_251" HPOS="704" VPOS="944" WIDTH="33" HEIGHT="22" WC="0.96" CONTENT="för"/><SP WIDTH="16" VPOS="944" HPOS="737"/>
							<String ID="string_252" HPOS="753" VPOS="947" WIDTH="33" HEIGHT="19" WC="0.96" CONTENT="att"/><SP WIDTH="15" VPOS="947" HPOS="786"/>
							<String ID="string_253" HPOS="801" VPOS="950" WIDTH="53" HEIGHT="16" WC="0.95" CONTENT="vara"/><SP WIDTH="15" VPOS="950" HPOS="854"/>
							<String ID="string_254" HPOS="869" VPOS="947" WIDTH="32" HEIGHT="19" WC="0.96" CONTENT="ett"/><SP WIDTH="15" VPOS="947" HPOS="901"/>
							<String ID="string_255" HPOS="916" VPOS="951" WIDTH="33" HEIGHT="15" WC="0.96" CONTENT="om"/><SP WIDTH="15" VPOS="951" HPOS="949"/>
							<String ID="string_256" HPOS="964" VPOS="945" WIDTH="39" HEIGHT="21" WC="0.92" CONTENT="ock"/><SP WIDTH="11" VPOS="945" HPOS="1003"/>
							<String ID="string_257" HPOS="1014" VPOS="951" WIDTH="36" HEIGHT="15" WC="0.91" CONTENT="an-"/>
						</TextLine>
						<TextLine ID="line_29" HPOS="218" VPOS="974" WIDTH="350" HEIGHT="27">
							<String ID="string_258" HPOS="218" VPOS="974" WIDTH="108" HEIGHT="22" WC="0.91" CONTENT="svarsfullt"/><SP WIDTH="16" VPOS="974" HPOS="326"/>
							<String ID="string_259" HPOS="342" VPOS="974" WIDTH="226" HEIGHT="27" WC="0.91" CONTENT="förtroendeuppdrag."/>
						</TextLine>
					</TextBlock>
					<TextBlock ID="block_4" HPOS="217" VPOS="1002" WIDTH="834" HEIGHT="109">
						<TextLine ID="line_30" HPOS="289" VPOS="1002" WIDTH="761" HEIGHT="28">
							<String ID="string_260" HPOS="289" VPOS="1003" WIDTH="103" HEIGHT="21" WC="0.92" CONTENT="Deremot"/><SP WIDTH="22" VPOS="1003" HPOS="392"/>
							<String ID="string_261" HPOS="414" VPOS="1004" WIDTH="24" HEIGHT="20" WC="0.96" CONTENT="är"/><SP WIDTH="19" VPOS="1004" HPOS="438"/>
							<String ID="string_262" HPOS="457" VPOS="1002" WIDTH="37" HEIGHT="28" WC="0.96" CONTENT="jag"/><SP WIDTH="16" VPOS="1002" HPOS="494"/>
							<String ID="string_263" HPOS="510" VPOS="1002" WIDTH="129" HEIGHT="28" WC="0.96" CONTENT="fullkomligt"/><SP WIDTH="15" VPOS="1002" HPOS="639"/>
							<String ID="string_264" HPOS="654" VPOS="1008" WIDTH="50" HEIGHT="16" WC="0.96" CONTENT="ense"/><SP WIDTH="15" VPOS="1008" HPOS="704"/>
							<String ID="string_265" HPOS="719" VPOS="1002" WIDTH="82" HEIGHT="26" WC="0.96" CONTENT="derom,"/><SP WIDTH="15" VPOS="1002" HPOS="801"/>
							<String ID="string_266" HPOS="816" VPOS="1004" WIDTH="34" HEIGHT="19" WC="0.96" CONTENT="att"/><SP WIDTH="16" VPOS="1004" HPOS="850"/>
							<String ID="string_267" HPOS="866" VPOS="1003" WIDTH="66" HEIGHT="20" WC="0.96" CONTENT="sättet"/><SP WIDTH="15" VPOS="1003" HPOS="932"/>
							<String ID="string_268" HPOS="947" VPOS="1002" WIDTH="32" HEIGHT="21" WC="0.96" CONTENT="för"/><SP WIDTH="15" VPOS="1002" HPOS="979"/>
							<String ID="string_269" HPOS="994" VPOS="1002" WIDTH="56" HEIGHT="22" WC="0.96" CONTENT="valet"/>
						</TextLine>
						<TextLine ID="line_31" HPOS="217" VPOS="1030" WIDTH="834" HEIGHT="28">
							<String ID="string_270" HPOS="217" VPOS="1031" WIDTH="26" HEIGHT="22" WC="0.96" CONTENT="af"/><SP WIDTH="20" VPOS="1031" HPOS="243"/>
							<String ID="string_271" HPOS="263" VPOS="1031" WIDTH="145" HEIGHT="27" WC="0.96" CONTENT="Fullmäktige"/><SP WIDTH="18" VPOS="1031" HPOS="408"/>
							<String ID="string_272" HPOS="426" VPOS="1031" WIDTH="66" HEIGHT="21" WC="0.96" CONTENT="borde"/><SP WIDTH="15" VPOS="1031" HPOS="492"/>
							<String ID="string_273" HPOS="507" VPOS="1031" WIDTH="95" HEIGHT="27" WC="0.96" CONTENT="undergå"/><SP WIDTH="16" VPOS="1031" HPOS="602"/>
							<String ID="string_274" HPOS="618" VPOS="1037" WIDTH="25" HEIGHT="15" WC="0.96" CONTENT="en"/><SP WIDTH="16" VPOS="1037" HPOS="643"/>
							<String ID="string_275" HPOS="659" VPOS="1031" WIDTH="131" HEIGHT="27" WC="0.96" CONTENT="förändring,"/><SP WIDTH="16" VPOS="1031" HPOS="790"/>
							<String ID="string_276" HPOS="806" VPOS="1036" WIDTH="49" HEIGHT="16" WC="0.96" CONTENT="men"/><SP WIDTH="16" VPOS="1036" HPOS="855"/>
							<String ID="string_277" HPOS="871" VPOS="1030" WIDTH="28" HEIGHT="22" WC="0.96" CONTENT="då"/><SP WIDTH="15" VPOS="1030" HPOS="899"/>
							<String ID="string_278" HPOS="914" VPOS="1030" WIDTH="74" HEIGHT="22" WC="0.96" CONTENT="härom"/><SP WIDTH="15" VPOS="1030" HPOS="988"/>
							<String ID="string_279" HPOS="1003" VPOS="1031" WIDTH="48" HEIGHT="22" WC="0.96" CONTENT="icke"/>
						</TextLine>
						<TextLine ID="line_32" HPOS="218" VPOS="1059" WIDTH="833" HEIGHT="28">
							<String ID="string_280" HPOS="218" VPOS="1060" WIDTH="115" HEIGHT="27" WC="0.96" CONTENT="föreligger"/><SP WIDTH="22" VPOS="1060" HPOS="333"/>
							<String ID="string_281" HPOS="355" VPOS="1060" WIDTH="66" HEIGHT="26" WC="0.96" CONTENT="något"/><SP WIDTH="21" VPOS="1060" HPOS="421"/>
							<String ID="string_282" HPOS="442" VPOS="1059" WIDTH="88" HEIGHT="28" WC="0.93" CONTENT="förslag,"/><SP WIDTH="16" VPOS="1059" HPOS="530"/>
							<String ID="string_283" HPOS="546" VPOS="1060" WIDTH="65" HEIGHT="21" WC="0.92" CONTENT="beder"/><SP WIDTH="12" VPOS="1060" HPOS="611"/>
							<String ID="string_284" HPOS="623" VPOS="1060" WIDTH="38" HEIGHT="27" WC="0.96" CONTENT="jag"/><SP WIDTH="15" VPOS="1060" HPOS="661"/>
							<String ID="string_285" HPOS="676" VPOS="1062" WIDTH="33" HEIGHT="19" WC="0.96" CONTENT="att"/><SP WIDTH="18" VPOS="1062" HPOS="709"/>
							<String ID="string_286" HPOS="727" VPOS="1060" WIDTH="3" HEIGHT="20" WC="0.96" CONTENT="i"/><SP WIDTH="17" VPOS="1060" HPOS="730"/>
							<String ID="string_287" HPOS="747" VPOS="1060" WIDTH="70" HEIGHT="21" WC="0.96" CONTENT="denna"/><SP WIDTH="15" VPOS="1060" HPOS="817"/>
							<String ID="string_288" HPOS="832" VPOS="1059" WIDTH="35" HEIGHT="22" WC="0.96" CONTENT="del"/><SP WIDTH="16" VPOS="1059" HPOS="867"/>
							<String ID="string_289" HPOS="883" VPOS="1059" WIDTH="22" HEIGHT="21" WC="0.96" CONTENT="få"/><SP WIDTH="15" VPOS="1059" HPOS="905"/>
							<String ID="string_290" HPOS="920" VPOS="1059" WIDTH="73" HEIGHT="22" WC="0.96" CONTENT="förena"/><SP WIDTH="16" VPOS="1059" HPOS="993"/>
							<String ID="string_291" HPOS="1009" VPOS="1060" WIDTH="42" HEIGHT="26" WC="0.96" CONTENT="mig"/>
						</TextLine>
						<TextLine ID="line_33" HPOS="218" VPOS="1089" WIDTH="232" HEIGHT="22">
							<String ID="string_292" HPOS="218" VPOS="1089" WIDTH="49" HEIGHT="22" WC="0.93" CONTENT="med"/><SP WIDTH="16" VPOS="1089" HPOS="267"/>
							<String ID="string_293" HPOS="283" VPOS="1092" WIDTH="167" HEIGHT="18" WC="0.88" CONTENT="reservanterne."/>
						</TextLine>
					</TextBlock>
				</ComposedBlock>
				<ComposedBlock ID="cblock_5" HPOS="289" VPOS="1145" WIDTH="686" HEIGHT="85">
					<TextBlock ID="block_5" HPOS="289" VPOS="1145" WIDTH="686" HEIGHT="85">
						<TextLine ID="line_34" HPOS="290" VPOS="1145" WIDTH="685" HEIGHT="28">
							<String ID="string_294" HPOS="290" VPOS="1146" WIDTH="83" HEIGHT="22" WC="0.96" CONTENT="Beslöts"/><SP WIDTH="15" VPOS="1146" HPOS="373"/>
							<String ID="string_295" HPOS="388" VPOS="1148" WIDTH="34" HEIGHT="19" WC="0.93" CONTENT="att"/><SP WIDTH="14" VPOS="1148" HPOS="422"/>
							<String ID="string_296" HPOS="436" VPOS="1146" WIDTH="87" HEIGHT="27" WC="0.92" CONTENT="öfvergå"/><SP WIDTH="15" VPOS="1146" HPOS="523"/>
							<String ID="string_297" HPOS="538" VPOS="1145" WIDTH="32" HEIGHT="22" WC="0.93" CONTENT="till"/><SP WIDTH="16" VPOS="1145" HPOS="570"/>
							<String ID="string_298" HPOS="586" VPOS="1146" WIDTH="198" HEIGHT="27" WC="0.91" CONTENT="detaljgranskning"/><SP WIDTH="16" VPOS="1146" HPOS="784"/>
							<String ID="string_299" HPOS="800" VPOS="1146" WIDTH="23" HEIGHT="21" WC="0.96" CONTENT="af"/><SP WIDTH="15" VPOS="1146" HPOS="823"/>
							<String ID="string_300" HPOS="838" VPOS="1146" WIDTH="137" HEIGHT="21" WC="0.84" CONTENT="berättelsen."/>
						</TextLine>
						<TextLine ID="line_35" HPOS="289" VPOS="1202" WIDTH="384" HEIGHT="28">
							<String ID="string_301" HPOS="289" VPOS="1203" WIDTH="113" HEIGHT="22" WC="0.92" CONTENT="Klämmen"/><SP WIDTH="14" VPOS="1203" HPOS="402"/>
							<String ID="string_302" HPOS="416" VPOS="1203" WIDTH="28" HEIGHT="27" WC="0.96" CONTENT="på"/><SP WIDTH="15" VPOS="1203" HPOS="444"/>
							<String ID="string_303" HPOS="459" VPOS="1203" WIDTH="39" HEIGHT="21" WC="0.96" CONTENT="sid."/><SP WIDTH="17" VPOS="1203" HPOS="498"/>
							<String ID="string_304" HPOS="515" VPOS="1205" WIDTH="13" HEIGHT="19" WC="0.96" CONTENT="8"/><SP WIDTH="14" VPOS="1205" HPOS="528"/>
							<String ID="string_305" HPOS="542" VPOS="1202" WIDTH="131" HEIGHT="27" WC="0.96" CONTENT="godkändes."/>
						</TextLine>
					</TextBlock>
				</ComposedBlock>
				<ComposedBlock ID="cblock_6" HPOS="289" VPOS="1288" WIDTH="296" HEIGHT="23">
					<TextBlock ID="block_6" HPOS="289" VPOS="1288" WIDTH="296" HEIGHT="23">
						<TextLine ID="line_36" HPOS="289" VPOS="1288" WIDTH="296" HEIGHT="23">
							<String ID="string_306" HPOS="289" VPOS="1289" WIDTH="44" HEIGHT="22" WC="0.96" CONTENT="Sid."/><SP WIDTH="16" VPOS="1289" HPOS="333"/>
							<String ID="string_307" HPOS="349" VPOS="1289" WIDTH="27" HEIGHT="21" WC="0.96" CONTENT="25"/><SP WIDTH="16" VPOS="1289" HPOS="376"/>
							<String ID="string_308" HPOS="392" VPOS="1288" WIDTH="66" HEIGHT="22" WC="0.93" CONTENT="första"/><SP WIDTH="15" VPOS="1288" HPOS="458"/>
							<String ID="string_309" HPOS="473" VPOS="1289" WIDTH="112" HEIGHT="21" WC="0.88" CONTENT="klämmen."/>
						</TextLine>
					</TextBlock>
				</ComposedBlock>
				<ComposedBlock ID="cblock_7" HPOS="219" VPOS="1345" WIDTH="834" HEIGHT="199">
					<TextBlock ID="block_7" HPOS="219" VPOS="1345" WIDTH="834" HEIGHT="199">
						<TextLine ID="line_37" HPOS="290" VPOS="1345" WIDTH="762" HEIGHT="28">
							<String ID="string_310" HPOS="290" VPOS="1346" WIDTH="57" HEIGHT="21" WC="0.96" CONTENT="Herr"/><SP WIDTH="14" VPOS="1346" HPOS="347"/>
							<String ID="string_311" HPOS="361" VPOS="1345" WIDTH="178" HEIGHT="22" WC="0.96" CONTENT="Lindblom:"/><SP WIDTH="23" VPOS="1345" HPOS="539"/>
							<String ID="string_312" HPOS="562" VPOS="1346" WIDTH="40" HEIGHT="27" WC="0.96" CONTENT="Jag"/><SP WIDTH="23" VPOS="1346" HPOS="602"/>
							<String ID="string_313" HPOS="625" VPOS="1346" WIDTH="39" HEIGHT="21" WC="0.96" CONTENT="ber"/><SP WIDTH="21" VPOS="1346" HPOS="664"/>
							<String ID="string_314" HPOS="685" VPOS="1347" WIDTH="32" HEIGHT="20" WC="0.96" CONTENT="att"/><SP WIDTH="19" VPOS="1347" HPOS="717"/>
							<String ID="string_315" HPOS="736" VPOS="1345" WIDTH="7" HEIGHT="21" WC="0.96" CONTENT="i"/><SP WIDTH="24" VPOS="1345" HPOS="743"/>
							<String ID="string_316" HPOS="767" VPOS="1346" WIDTH="69" HEIGHT="21" WC="0.96" CONTENT="denna"/><SP WIDTH="22" VPOS="1346" HPOS="836"/>
							<String ID="string_317" HPOS="858" VPOS="1346" WIDTH="60" HEIGHT="26" WC="0.96" CONTENT="fråga"/><SP WIDTH="23" VPOS="1346" HPOS="918"/>
							<String ID="string_318" HPOS="941" VPOS="1345" WIDTH="22" HEIGHT="22" WC="0.96" CONTENT="få"/><SP WIDTH="15" VPOS="1345" HPOS="963"/>
							<String ID="string_319" HPOS="978" VPOS="1346" WIDTH="74" HEIGHT="22" WC="0.96" CONTENT="förena"/>
						</TextLine>
						<TextLine ID="line_38" HPOS="219" VPOS="1374" WIDTH="832" HEIGHT="29">
							<String ID="string_320" HPOS="219" VPOS="1375" WIDTH="44" HEIGHT="28" WC="0.96" CONTENT="mig"/><SP WIDTH="23" VPOS="1375" HPOS="263"/>
							<String ID="string_321" HPOS="286" VPOS="1375" WIDTH="49" HEIGHT="21" WC="0.91" CONTENT="med"/><SP WIDTH="21" VPOS="1375" HPOS="335"/>
							<String ID="string_322" HPOS="356" VPOS="1376" WIDTH="162" HEIGHT="20" WC="0.91" CONTENT="reservanterne"/><SP WIDTH="22" VPOS="1376" HPOS="518"/>
							<String ID="string_323" HPOS="540" VPOS="1375" WIDTH="57" HEIGHT="20" WC="0.96" CONTENT="inom"/><SP WIDTH="22" VPOS="1375" HPOS="597"/>
							<String ID="string_324" HPOS="619" VPOS="1374" WIDTH="112" HEIGHT="22" WC="0.94" CONTENT="utskottet."/><SP WIDTH="30" VPOS="1374" HPOS="731"/>
							<String ID="string_325" HPOS="761" VPOS="1374" WIDTH="41" HEIGHT="27" WC="0.96" CONTENT="Jag"/><SP WIDTH="23" VPOS="1374" HPOS="802"/>
							<String ID="string_326" HPOS="825" VPOS="1376" WIDTH="47" HEIGHT="19" WC="0.96" CONTENT="tror"/><SP WIDTH="14" VPOS="1376" HPOS="872"/>
							<String ID="string_327" HPOS="886" VPOS="1374" WIDTH="48" HEIGHT="21" WC="0.96" CONTENT="icke"/><SP WIDTH="15" VPOS="1374" HPOS="934"/>
							<String ID="string_328" HPOS="949" VPOS="1377" WIDTH="32" HEIGHT="19" WC="0.93" CONTENT="att"/><SP WIDTH="16" VPOS="1377" HPOS="981"/>
							<String ID="string_329" HPOS="997" VPOS="1375" WIDTH="54" HEIGHT="20" WC="0.92" CONTENT="deri-"/>
						</TextLine>
						<TextLine ID="line_39" HPOS="219" VPOS="1403" WIDTH="833" HEIGHT="27">
							<String ID="string_330" HPOS="219" VPOS="1409" WIDTH="77" HEIGHT="21" WC="0.96" CONTENT="genom"/><SP WIDTH="24" VPOS="1409" HPOS="296"/>
							<String ID="string_331" HPOS="320" VPOS="1403" WIDTH="66" HEIGHT="27" WC="0.96" CONTENT="något"/><SP WIDTH="22" VPOS="1403" HPOS="386"/>
							<String ID="string_332" HPOS="408" VPOS="1403" WIDTH="68" HEIGHT="21" WC="0.95" CONTENT="skulle"/><SP WIDTH="20" VPOS="1403" HPOS="476"/>
							<String ID="string_333" HPOS="496" VPOS="1403" WIDTH="79" HEIGHT="26" WC="0.95" CONTENT="vinnas,"/><SP WIDTH="16" VPOS="1403" HPOS="575"/>
							<String ID="string_334" HPOS="591" VPOS="1405" WIDTH="32" HEIGHT="20" WC="0.96" CONTENT="att"/><SP WIDTH="16" VPOS="1405" HPOS="623"/>
							<String ID="string_335" HPOS="639" VPOS="1403" WIDTH="46" HEIGHT="21" WC="0.96" CONTENT="åtta"/><SP WIDTH="14" VPOS="1403" HPOS="685"/>
							<String ID="string_336" HPOS="699" VPOS="1403" WIDTH="135" HEIGHT="26" WC="0.96" CONTENT="fullmäktige"/><SP WIDTH="15" VPOS="1403" HPOS="834"/>
							<String ID="string_337" HPOS="849" VPOS="1403" WIDTH="7" HEIGHT="20" WC="0.96" CONTENT="i"/><SP WIDTH="15" VPOS="1403" HPOS="856"/>
							<String ID="string_338" HPOS="871" VPOS="1403" WIDTH="74" HEIGHT="21" WC="0.96" CONTENT="stället"/><SP WIDTH="14" VPOS="1403" HPOS="945"/>
							<String ID="string_339" HPOS="959" VPOS="1403" WIDTH="33" HEIGHT="22" WC="0.96" CONTENT="för"/><SP WIDTH="14" VPOS="1403" HPOS="992"/>
							<String ID="string_340" HPOS="1006" VPOS="1403" WIDTH="46" HEIGHT="26" WC="0.96" CONTENT="fyra"/>
						</TextLine>
						<TextLine ID="line_40" HPOS="219" VPOS="1431" WIDTH="832" HEIGHT="28">
							<String ID="string_341" HPOS="219" VPOS="1433" WIDTH="93" HEIGHT="26" WC="0.91" CONTENT="utsåges."/><SP WIDTH="31" VPOS="1433" HPOS="312"/>
							<String ID="string_342" HPOS="343" VPOS="1432" WIDTH="41" HEIGHT="27" WC="0.92" CONTENT="Jag"/><SP WIDTH="23" VPOS="1432" HPOS="384"/>
							<String ID="string_343" HPOS="407" VPOS="1431" WIDTH="116" HEIGHT="28" WC="0.92" CONTENT="medgifver"/><SP WIDTH="24" VPOS="1431" HPOS="523"/>
							<String ID="string_344" HPOS="547" VPOS="1432" WIDTH="56" HEIGHT="26" WC="0.95" CONTENT="visst,"/><SP WIDTH="20" VPOS="1432" HPOS="603"/>
							<String ID="string_345" HPOS="623" VPOS="1434" WIDTH="33" HEIGHT="19" WC="0.96" CONTENT="att"/><SP WIDTH="15" VPOS="1434" HPOS="656"/>
							<String ID="string_346" HPOS="671" VPOS="1431" WIDTH="82" HEIGHT="22" WC="0.95" CONTENT="antalet"/><SP WIDTH="15" VPOS="1431" HPOS="753"/>
							<String ID="string_347" HPOS="768" VPOS="1431" WIDTH="46" HEIGHT="28" WC="0.96" CONTENT="fyra"/><SP WIDTH="15" VPOS="1431" HPOS="814"/>
							<String ID="string_348" HPOS="829" VPOS="1433" WIDTH="25" HEIGHT="19" WC="0.96" CONTENT="är"/><SP WIDTH="16" VPOS="1433" HPOS="854"/>
							<String ID="string_349" HPOS="870" VPOS="1431" WIDTH="117" HEIGHT="27" WC="0.96" CONTENT="olämpligt,"/><SP WIDTH="16" VPOS="1431" HPOS="987"/>
							<String ID="string_350" HPOS="1003" VPOS="1437" WIDTH="48" HEIGHT="16" WC="0.96" CONTENT="men"/>
						</TextLine>
						<TextLine ID="line_41" HPOS="219" VPOS="1459" WIDTH="833" HEIGHT="27">
							<String ID="string_351" HPOS="219" VPOS="1461" WIDTH="121" HEIGHT="21" WC="0.96" CONTENT="detsamma"/><SP WIDTH="23" VPOS="1461" HPOS="340"/>
							<String ID="string_352" HPOS="363" VPOS="1462" WIDTH="25" HEIGHT="20" WC="0.96" CONTENT="är"/><SP WIDTH="22" VPOS="1462" HPOS="388"/>
							<String ID="string_353" HPOS="410" VPOS="1460" WIDTH="60" HEIGHT="21" WC="0.96" CONTENT="äfven"/><SP WIDTH="23" VPOS="1460" HPOS="470"/>
							<String ID="string_354" HPOS="493" VPOS="1460" WIDTH="59" HEIGHT="22" WC="0.96" CONTENT="fallet"/><SP WIDTH="23" VPOS="1460" HPOS="552"/>
							<String ID="string_355" HPOS="575" VPOS="1460" WIDTH="48" HEIGHT="21" WC="0.96" CONTENT="med"/><SP WIDTH="23" VPOS="1460" HPOS="623"/>
							<String ID="string_356" HPOS="646" VPOS="1461" WIDTH="82" HEIGHT="20" WC="0.94" CONTENT="antalet"/><SP WIDTH="15" VPOS="1461" HPOS="728"/>
							<String ID="string_357" HPOS="743" VPOS="1460" WIDTH="52" HEIGHT="21" WC="0.92" CONTENT="åtta."/><SP WIDTH="31" VPOS="1460" HPOS="795"/>
							<String ID="string_358" HPOS="826" VPOS="1459" WIDTH="145" HEIGHT="27" WC="0.96" CONTENT="Fullmäktige"/><SP WIDTH="14" VPOS="1459" HPOS="971"/>
							<String ID="string_359" HPOS="985" VPOS="1460" WIDTH="67" HEIGHT="21" WC="0.95" CONTENT="borde"/>
						</TextLine>
						<TextLine ID="line_42" HPOS="219" VPOS="1488" WIDTH="834" HEIGHT="27">
							<String ID="string_360" HPOS="219" VPOS="1490" WIDTH="89" HEIGHT="25" WC="0.96" CONTENT="utgöras"/><SP WIDTH="18" VPOS="1490" HPOS="308"/>
							<String ID="string_361" HPOS="326" VPOS="1488" WIDTH="23" HEIGHT="22" WC="0.95" CONTENT="af"/><SP WIDTH="14" VPOS="1488" HPOS="349"/>
							<String ID="string_362" HPOS="363" VPOS="1491" WIDTH="32" HEIGHT="19" WC="0.96" CONTENT="ett"/><SP WIDTH="15" VPOS="1491" HPOS="395"/>
							<String ID="string_363" HPOS="410" VPOS="1488" WIDTH="116" HEIGHT="27" WC="0.96" CONTENT="kollegium"/><SP WIDTH="16" VPOS="1488" HPOS="526"/>
							<String ID="string_364" HPOS="542" VPOS="1489" WIDTH="21" HEIGHT="21" WC="0.92" CONTENT="af"/><SP WIDTH="15" VPOS="1489" HPOS="563"/>
							<String ID="string_365" HPOS="578" VPOS="1490" WIDTH="15" HEIGHT="20" WC="0.92" CONTENT="t."/><SP WIDTH="16" VPOS="1490" HPOS="593"/>
							<String ID="string_366" HPOS="609" VPOS="1495" WIDTH="31" HEIGHT="15" WC="0.96" CONTENT="ex."/><SP WIDTH="15" VPOS="1495" HPOS="640"/>
							<String ID="string_367" HPOS="655" VPOS="1488" WIDTH="42" HEIGHT="22" WC="0.96" CONTENT="fem"/><SP WIDTH="16" VPOS="1488" HPOS="697"/>
							<String ID="string_368" HPOS="713" VPOS="1494" WIDTH="107" HEIGHT="21" WC="0.96" CONTENT="personer,"/><SP WIDTH="16" VPOS="1494" HPOS="820"/>
							<String ID="string_369" HPOS="836" VPOS="1488" WIDTH="82" HEIGHT="22" WC="0.96" CONTENT="hvilket"/><SP WIDTH="13" VPOS="1488" HPOS="918"/>
							<String ID="string_370" HPOS="931" VPOS="1488" WIDTH="37" HEIGHT="27" WC="0.96" CONTENT="jag"/><SP WIDTH="15" VPOS="1488" HPOS="968"/>
							<String ID="string_371" HPOS="983" VPOS="1488" WIDTH="70" HEIGHT="22" WC="0.96" CONTENT="skulle"/>
						</TextLine>
						<TextLine ID="line_43" HPOS="219" VPOS="1516" WIDTH="834" HEIGHT="28">
							<String ID="string_372" HPOS="219" VPOS="1523" WIDTH="52" HEIGHT="16" WC="0.96" CONTENT="anse"/><SP WIDTH="23" VPOS="1523" HPOS="271"/>
							<String ID="string_373" HPOS="294" VPOS="1523" WIDTH="51" HEIGHT="16" WC="0.96" CONTENT="vara"/><SP WIDTH="22" VPOS="1523" HPOS="345"/>
							<String ID="string_374" HPOS="367" VPOS="1517" WIDTH="130" HEIGHT="27" WC="0.93" CONTENT="tillräckligt."/><SP WIDTH="31" VPOS="1517" HPOS="497"/>
							<String ID="string_375" HPOS="528" VPOS="1517" WIDTH="49" HEIGHT="22" WC="0.96" CONTENT="Men"/><SP WIDTH="16" VPOS="1517" HPOS="577"/>
							<String ID="string_376" HPOS="593" VPOS="1517" WIDTH="28" HEIGHT="21" WC="0.93" CONTENT="då"/><SP WIDTH="15" VPOS="1517" HPOS="621"/>
							<String ID="string_377" HPOS="636" VPOS="1517" WIDTH="243" HEIGHT="26" WC="0.91" CONTENT="Landtdagsordningen"/><SP WIDTH="23" VPOS="1517" HPOS="879"/>
							<String ID="string_378" HPOS="902" VPOS="1517" WIDTH="18" HEIGHT="26" WC="0.93" CONTENT="ei"/><SP WIDTH="17" VPOS="1517" HPOS="920"/>
							<String ID="string_379" HPOS="937" VPOS="1516" WIDTH="116" HEIGHT="28" WC="0.90" CONTENT="medgifver"/>
						</TextLine>
					</TextBlock>
				</ComposedBlock>
			</PrintSpace>
		</Page>
	</Layout>
</alto>
