1125 1811
321 140 184 22 Borgareståndet
516 142 59 18 1882.
599 143 26 17 23
638 143 47 20 maj.
854 138 56 21 1459

78 210 68 21 skulle
162 210 58 27 tjena
235 212 32 20 att
282 210 148 27 upprätthålla
440 210 93 27 stadgan
547 210 39 22 och
601 210 128 22 säkerheten
744 211 7 21 i
763 210 84 23 landets
858 218 52 20 pen-

78 238 161 27 ningeväsende.
271 238 38 22 Ser
332 245 48 15 man
404 239 56 21 efter
483 239 72 21 hvilka
578 240 26 20 de
619 240 106 26 åtgärder,
741 246 46 15 som
804 240 106 21 utskottet

78 266 67 23 lofvat
167 267 90 27 påpeka,
275 269 44 24 äro,
336 266 68 22 finner
420 274 49 15 man
486 268 55 26 platt
556 268 59 21 intet.
649 268 45 21 Här
708 268 53 24 står,
777 270 32 20 att
825 268 84 22 banken

78 295 78 22 skaffat
178 296 32 26 sig
232 296 117 27 guldmynt,
373 296 27 21 då
422 296 173 27 guldmyntfoten
618 297 100 21 infördes.
748 297 43 21 Det
810 303 38 16 var
864 297 46 22 det-

79 331 80 15 samma
182 331 44 14 som
243 324 80 22 enhvar
334 330 77 21 person
428 324 42 22 fick
486 325 32 21 lof
531 327 32 19 att
578 327 53 25 göra
646 325 33 21 för
694 327 33 19 att
742 325 106 22 honorera
863 326 47 21 sina

79 353 146 22 förbindelser.
256 353 41 22 Det
319 353 73 25 andra,
413 352 139 28 hvarigenom
569 353 84 22 banken
668 354 125 27 medverkat
807 354 103 21 särskildt

79 382 32 21 till
134 383 69 20 denna
218 382 85 25 reform,
318 388 38 15 var
371 381 41 22 den
430 384 123 25 temporära
568 382 82 27 åtgärd,
665 388 77 21 genom
758 382 86 22 hvilken
860 389 49 15 man

79 411 33 20 för
127 411 111 21 säkerhets
253 410 54 22 skull
323 409 131 22 tillerkände
470 411 49 21 dess
534 411 72 21 sedlar
621 417 26 16 en
661 411 129 27 tvångskurs
800 411 33 21 för
844 412 66 26 några

79 439 102 22 månader
203 452 28 3 —
250 439 36 27 jag
302 443 45 17 tror
362 439 36 21 det
413 445 39 16 var
467 439 34 22 för
516 445 36 16 sex
567 440 107 21 månader.
705 440 42 21 Det
763 446 50 15 vore
828 440 96 25 kanske

80 468 85 27 mycket
187 470 32 19 att
241 470 50 25 säga
313 474 34 15 om
371 468 71 21 denna
463 468 46 27 sak,
525 475 48 15 men
586 468 37 27 jag
639 471 51 24 tror,
706 470 32 19 att
751 468 37 27 jag
803 472 48 23 sagt
866 468 44 22 till-

80 496 96 27 räckligt.
205 497 58 26 Vilja
284 497 20 20 vi
319 496 54 21 dock
389 503 22 14 se
428 497 33 21 till
482 497 72 21 hvilka
577 497 95 22 bankens
695 497 69 26 öfriga
787 497 124 21 funktioner

80 527 44 25 äro,
141 526 24 21 så
180 527 37 20 äro
233 526 26 21 de
274 525 17 27 ej
308 526 66 26 några
396 525 68 21 andra
480 527 27 20 än
523 526 33 25 de,
571 532 46 15 som
633 525 72 28 hvarje
716 532 69 15 annan
797 526 56 21 bank
864 526 46 25 har,

81 554 39 21 och
143 555 39 20 här
204 554 66 27 gäller
293 554 36 21 det
345 554 44 21 helt
405 554 81 25 säkert,
502 561 58 15 mera
575 557 27 18 än
617 555 6 20 i
639 555 26 21 de
681 555 61 20 flesta
758 555 67 20 andra
840 555 70 25 saker,

81 585 32 20 att
135 583 37 22 det
194 583 83 26 privata
299 583 101 20 intresset
420 584 25 20 är
462 583 43 25 det,
521 589 45 16 som
582 583 84 22 säkrast
682 583 58 22 leder
756 583 31 21 till
804 589 26 15 en
846 583 64 21 affärs

80 612 56 26 goda
151 611 40 22 och
207 611 77 26 riktiga
299 610 172 22 handhafvande.
502 611 43 21 Det
560 614 24 19 är
599 612 70 21 derför
682 612 37 26 jag
734 611 38 21 ber
782 613 33 19 att
825 611 21 21 få
856 612 55 20 före-

82 640 38 26 slå,
144 640 37 21 det
203 640 179 26 Borgareståndet
404 640 23 21 åt
450 640 28 20 de
502 640 196 26 bankfullmäktige,
715 640 71 21 hvilka
802 646 28 15 nu
846 643 65 24 utses,

82 669 48 21 ville
146 669 33 21 för
194 669 31 21 sin
241 668 34 22 del
291 669 68 21 lemna
376 668 36 21 det
428 669 98 27 uppdrag
541 671 32 19 att
588 672 51 24 taga
654 669 7 21 i
677 668 140 22 betraktande
828 669 81 27 frågan,

82 698 104 20 huruvida
201 697 36 21 det
253 697 18 27 ej
287 703 50 15 vore
353 697 133 27 lämpligare,
496 700 32 19 att
541 698 26 21 de
581 698 62 21 sökte
658 699 33 19 att
702 698 22 21 få
734 697 102 22 Finlands
846 697 62 22 Bank

82 726 122 27 öfvertagen
225 725 22 22 af
269 728 30 19 ett
322 725 91 22 enskildt
438 726 71 27 bolag,
532 726 6 21 i
558 726 81 22 hvilket
655 728 69 19 staten
740 726 70 21 kunde
826 726 85 21 inträda

83 755 33 21 till
139 754 69 28 någon
231 754 34 22 del
282 754 70 22 såsom
368 754 141 22 innehafvare
525 755 23 21 af
561 755 106 27 åtskilliga
683 755 75 21 aktier.
787 755 43 21 Det
844 756 24 20 är
884 760 26 16 en

82 783 72 26 tanke,
176 789 45 16 som
244 783 115 26 ingalunda
381 785 24 18 är
428 783 24 21 så
476 784 139 27 egendomlig,
631 789 46 16 som
693 784 40 21 den
748 783 108 22 förefaller
872 783 39 21 hos

84 817 40 20 oss,
148 818 45 15 som
216 813 37 20 äro
277 817 54 16 vana
353 814 33 18 att
401 811 108 28 betrakta,
524 814 32 19 att
571 812 160 21 bankväsendet
746 811 165 28 nödvändigtvis

82 840 68 21 mäste
166 847 50 14 vara
231 846 25 15 en
272 839 93 23 statssak
381 840 39 21 och
436 842 34 19 att
486 847 26 14 en
528 843 44 19 stat
582 841 19 26 ej
614 841 40 20 kan
666 841 67 20 finnas
744 843 51 18 utan
806 842 32 19 att
849 839 61 22 äfven

83 868 63 22 hafva
170 875 25 15 en
217 869 64 22 bank.
311 869 42 21 Det
371 871 29 24 är,
417 869 73 21 såsom
506 869 36 22 det
557 869 32 22 för
605 872 30 19 ett
651 869 97 22 årtionde
764 869 64 21 sedan
844 869 67 21 redan

82 899 6 19 i
105 898 58 21 detta
187 897 62 21 ständ
271 897 111 21 framhölls
399 897 23 21 af
436 904 27 14 en
479 900 149 24 representant
643 899 46 20 frän
705 897 114 27 Uleäborg,
835 897 37 21 det
886 899 26 19 är

82 926 36 21 det
133 928 86 25 system,
235 932 44 15 som
295 926 104 21 existerar
414 926 7 21 i
437 926 58 21 vissa
512 926 79 22 former
606 926 34 21 vid
657 926 26 22 de
697 926 61 22 flesta
773 928 69 19 större
858 926 53 21 ban-

82 956 45 25 ker,
151 954 58 22 säväl
224 954 7 22 i
246 954 98 27 England
367 960 45 16 som
428 954 6 22 i
452 954 121 22 Frankrike
588 956 34 20 vid
638 955 26 21 de
680 955 84 27 privata
779 954 133 27 bankhusen,

82 984 106 26 nämligen
204 983 42 27 det,
261 986 33 18 att
309 984 26 20 de
351 989 75 21 genom
443 984 41 21 den
502 984 107 29 ställning,
620 990 45 15 som
677 984 26 20 de
713 984 73 26 intaga
797 982 33 22 till
840 985 70 19 staten

82 1012 40 21 och
137 1012 132 27 regeringen,
285 1012 71 21 kunna
371 1012 94 26 förtjena
480 1015 33 18 att
528 1012 78 22 räknas
620 1012 70 22 säsom
707 1012 32 21 till
755 1012 81 21 hälften
846 1013 66 20 stats-

82 1040 151 22 institutioner.
263 1040 42 22 Det
320 1043 24 19 är
359 1040 73 22 vidare
448 1047 26 15 en
492 1041 71 26 tanke,
579 1048 44 14 som
639 1043 24 19 är
678 1041 93 26 gammal
781 1040 62 22 äfven
854 1040 57 21 inom

82 1069 48 21 vårt
144 1068 57 25 land,
217 1069 67 21 ehuru
300 1069 39 21 den
356 1069 70 21 blifvit
442 1069 85 22 lemnad
544 1069 65 22 åsido.
641 1070 42 21 Det
697 1076 38 15 var
745 1076 25 14 en
782 1069 71 25 tanke,
864 1074 47 16 som

82 1098 145 21 föresväfvade
249 1097 50 22 flere
322 1098 23 22 af
366 1098 26 21 de
412 1104 110 20 personer,
537 1098 72 21 hvilka
624 1104 51 15 voro
691 1098 48 21 med
754 1098 39 21 och
809 1097 105 21 arbetade

82 1127 28 26 pä
132 1126 26 22 de
182 1126 137 22 ekonomiska
341 1127 111 25 reformer,
475 1133 46 15 som
544 1127 38 21 här
603 1127 79 21 skedde
697 1127 6 21 i
719 1127 75 26 början
810 1126 22 21 af
846 1126 66 21 1860-

82 1156 61 24 talet,
166 1154 71 22 hvilka
259 1155 102 22 arbetade
384 1156 34 26 pä,
443 1157 34 19 att
493 1155 102 22 Finlands
611 1156 91 21 Ständer
719 1156 68 21 skulle
803 1155 109 26 öfvertaga

82 1184 104 21 Finlands
200 1184 67 21 Bank.
297 1184 75 22 Denna
384 1184 56 27 äsigt
457 1184 56 21 hölls
527 1185 122 21 sedermera
664 1184 61 27 länge
741 1190 55 20 uppe
812 1183 24 22 af
849 1189 26 15 en
890 1183 23 21 af

83 1212 27 21 de
131 1218 108 21 personer,
263 1218 45 16 som
331 1213 66 21 sedan
413 1213 58 20 varit
487 1212 185 26 bankfullmäktig.
702 1213 76 21 Denna
793 1212 65 21 tanke
873 1211 41 21 har

82 1240 121 22 sedermera
225 1241 67 21 under
316 1241 224 26 omständigheternas
563 1241 48 22 kraf
633 1241 129 27 öfvergifvits
784 1241 22 21 af
826 1240 85 21 honom.

82 1269 41 26 Jag
137 1269 37 20 vill
190 1269 104 22 återkalla
309 1270 123 21 densamma
448 1270 35 21 till
499 1270 39 23 lifs,
554 1276 34 15 om
604 1270 46 21 icke
666 1270 33 21 för
713 1272 71 23 annat,
800 1269 23 22 sä
836 1269 33 20 för
880 1270 33 19 att

82 1297 118 26 betraktas,
216 1298 137 26 undersökas,
369 1299 131 26 begrundas.
530 1299 86 21 Tanken
632 1301 33 19 att
679 1299 53 21 söka
747 1297 103 23 öfverläta
861 1297 53 21 ban-

82 1326 41 21 ken
146 1326 24 21 åt
191 1329 31 19 ett
245 1327 62 27 bolag
329 1329 25 19 är
376 1327 34 21 för
428 1327 68 26 öfrigt
511 1328 18 26 ej
546 1330 71 23 annat,
633 1330 26 19 än
676 1327 122 21 densamma
814 1333 44 14 som
875 1332 37 15 en-

82 1355 69 22 skilde
167 1354 24 22 sä
206 1355 44 22 ofta
265 1356 107 25 realisera,
389 1355 27 22 dä
432 1356 27 21 de
478 1356 63 21 hafva
556 1356 83 25 affärer,
655 1357 52 25 gods
723 1356 51 21 eller
785 1358 71 23 annat,
867 1361 45 15 som

84 1384 26 21 de
125 1383 64 22 hafva
205 1384 58 21 svärt
279 1386 32 19 att
325 1384 69 21 sköta.
425 1385 33 21 De
475 1384 108 24 öfverläta,
599 1385 53 26 sälja
663 1385 28 21 dä
702 1385 48 21 bort
761 1385 61 20 dessa
835 1383 78 22 affärer

84 1415 56 19 samt
154 1412 68 22 skaffa
237 1413 32 27 sig
285 1413 121 27 tillgängar,
422 1419 46 15 som
486 1413 26 22 de
528 1413 71 22 bättre
614 1413 66 22 förstä
694 1416 33 18 att
742 1413 98 21 förvalta.
872 1412 41 27 Jag

83 1441 35 21 vill
142 1441 18 27 ej
184 1441 113 27 uppehälla
320 1442 43 26 mig
386 1442 34 21 vid
444 1441 26 22 de
487 1442 188 26 omständigheter,
690 1448 45 15 som
752 1442 44 20 tala
811 1441 33 22 för
859 1444 31 19 att
906 1441 9 20 i

83 1469 116 22 allmänhet
222 1472 31 19 ett
267 1473 79 24 system
362 1470 23 21 af
398 1470 51 21 flere
465 1470 154 27 privatbanker
634 1472 24 19 är
673 1473 32 18 att
721 1470 113 27 föredraga
850 1470 64 22 fram-

82 1498 34 21 för
128 1500 32 19 ett
175 1501 77 24 system
269 1498 48 21 med
333 1504 25 15 en
373 1499 122 21 statsbank.
525 1500 42 26 Jag
582 1499 35 21 vill
633 1499 76 21 endast
724 1498 82 27 päpeka
818 1499 39 21 den
869 1504 44 15 om-

84 1527 128 26 ständighet,
236 1533 44 15 som
304 1527 39 20 här
358 1528 24 19 är
397 1527 92 21 allmänt
505 1527 124 28 medgifven,
646 1528 105 26 nämligen
768 1529 31 19 att
814 1529 19 20 vi
850 1527 66 22 hafva
