1125 1811
209 120 55 22 1806
452 126 179 21 Borgareständet
644 128 59 16 1882.
728 128 13 16 8
752 127 52 21 juni.

208 195 150 22 bottenskolor
381 195 67 21 måtte
473 196 90 21 inrättas
582 196 3 20 i
601 195 123 27 Nykarleby
746 196 41 21 och
809 196 73 22 Kotka
906 199 55 19 samt
977 197 66 21 finsk-

207 223 98 27 språkigt
327 224 129 26 reallyceum
472 224 6 21 i
494 224 165 22 Tammerfors".
690 224 31 22 På
737 225 62 21 detta
814 227 45 19 sätt
877 231 62 21 synes
955 225 43 27 mig
1013 226 29 20 all

207 252 103 27 tillbörlig
325 252 82 27 hänsyn
423 255 61 25 tagas
499 252 34 22 till
550 253 25 21 de
591 253 181 27 svenskspråkiga
780 254 174 22 intressena
905 248 12 36 i
925 248 34 36 S:t
963 254 77 22 Michel

208 281 39 21 och
263 281 91 26 Kuopio.
385 281 59 22 Mera
460 288 61 20 synes
538 282 26 22 de
580 282 43 27 mig
638 282 47 22 icke
700 282 74 22 kunna
790 282 94 27 påkalla.

277 339 56 20 Herr
348 339 149 22 Neovius:
528 340 33 21 Då
576 339 117 22 utskottets
703 339 119 28 pluralitet,
834 339 70 22 såsom
918 340 50 21 herr
975 339 69 22 Wall-

207 373 52 20 gren
275 367 74 27 rigtigt
365 367 125 27 framhållit,
500 368 94 26 föreslår,
610 370 44 25 ,att
665 368 253 27 undervisningsspråket
929 368 34 22 vid
974 368 69 27 lyceet

207 396 7 20 i
231 395 32 22 S:t
278 395 77 22 Michel
371 397 69 20 blefve
455 397 47 20 från
518 397 39 21 och
565 397 48 21 med
629 399 62 19 nästa
701 397 141 21 hösttermins
853 397 74 26 början
936 397 106 26 småning-

208 431 33 14 om
257 425 129 21 förändradt
408 425 33 21 till
464 425 78 22 finskt"
566 427 24 20 är
606 426 36 21 det
657 425 111 28 naturligt,
792 428 34 19 att
842 425 24 22 de
883 425 69 27 stånd,
969 425 73 22 hvilka

208 453 63 27 lägga
287 453 59 22 detta
361 456 95 19 moment
472 454 6 21 i
494 454 146 21 betänkandet
656 454 32 21 till
704 455 69 26 grund
786 454 34 21 för
831 454 37 21 sitt
880 454 163 22 skärskådande

207 481 22 21 af
244 482 62 21 dessa
321 482 121 27 petitioner.
459 483 86 21 komma
567 486 31 18 att
614 485 58 25 yttra
688 483 32 26 sig
743 483 111 26 angående
870 483 171 26 undervisnings-

208 510 88 27 språket
312 511 6 20 i
334 511 32 21 S:t
389 511 85 22 Michel.
504 511 46 27 Jag:
565 511 69 22 finner
657 512 27 26 pä
709 512 41 21 den
773 512 70 26 grund
864 511 60 22 äfven
940 511 35 22 det
990 518 51 15 vara

208 539 129 27 fullkomligt
353 540 109 27 naturligt,
479 542 31 19 att
525 539 181 28 Borgareståndet
721 541 7 20 i
744 540 39 21 sitt
798 546 50 15 svar
858 540 57 27 uppå
925 540 117 21 betänkan-

208 568 36 21 det
259 568 80 21 uttalar
359 569 32 26 sig
406 569 111 26 angående
533 569 258 27 undervisningsspråket,
811 569 40 21 och
866 569 33 21 får
912 569 37 27 jag
965 569 76 26 derför,

208 597 6 20 i
230 597 69 21 likhet
315 597 48 21 med
378 597 51 21 herr
445 598 115 26 Wallgren,
569 597 85 25 föreslå,
664 600 33 18 att
712 598 88 20 ståndet
814 598 48 20 ville
878 597 71 21 förena
965 598 31 26 sig
1007 603 34 15 om

208 628 31 18 ett
255 625 77 21 sådant
347 625 118 27 uttalande,
482 628 32 19 att
528 625 253 28 undervisningsspråket
797 626 36 21 vid
850 626 68 27 lyceet
932 626 7 21 i
955 626 32 21 S:t
1002 625 41 21 Mi-

208 653 46 22 chel
270 654 119 22 bibehålles
405 655 70 21 såsom
491 655 105 21 härintills
612 655 92 21 svenskt.

277 711 57 21 Herr
349 712 161 26 Ignatius:
540 712 33 21 Då
589 712 117 26 petitionen
723 718 35 15 om
774 711 34 21 S:t
827 712 89 21 Michels
930 711 112 21 läroverks

208 739 133 22 fortfarande
357 740 201 28 svenskspråkighet
580 740 83 22 förevar
678 741 6 20 i
701 740 59 22 detta
782 740 70 26 stånd,
870 740 55 21 hade
938 740 37 26 jag
990 742 51 19 äran

208 771 32 18 att
256 768 119 27 framlägga
395 769 55 20 inför
472 769 85 21 ståndet
577 769 108 27 åtskilliga
707 769 78 26 siffror,
810 768 173 28 ådagaläggande
1000 769 40 20 den

208 797 90 21 svenska
314 797 39 21 och
368 797 70 21 finska
454 797 160 28 befolkningens
629 797 91 22 relativa
736 797 106 22 talrikhet
857 797 7 21 i
880 797 26 22 de
928 797 69 21 skilda
1012 797 29 21 lä-

208 832 47 15 nen.
286 825 31 22 Af
331 826 62 21 dessa
408 825 104 28 framgick
528 826 126 27 otvetydigt,
671 828 32 19 att
720 828 32 19 ett
768 825 99 22 läroverk
878 825 48 22 med
937 825 104 22 svenskan

208 854 32 21 till
256 854 229 27 undervisningsspråk
507 855 67 27 aldrig
598 855 68 21 skulle
682 855 72 21 kunna
770 855 87 21 komma
872 854 69 27 ifråga
957 855 5 20 i
980 855 64 21 dessa

207 883 89 25 trakter,
313 883 46 21 ifall
375 883 63 27 ingen
453 890 70 15 annan
550 883 121 27 befolkning
687 884 38 21 der
743 883 71 22 skulle
831 883 75 23 finnas,
923 885 26 19 än
965 883 76 21 endast

209 911 40 21 den
265 911 62 27 ringa
343 912 91 21 svenska
458 912 156 26 befolkningen.
646 912 50 21 Man
711 912 97 26 grundar
832 912 82 21 således
930 912 46 20 sina
991 918 48 20 pre-

208 940 105 21 tentioner
329 940 134 22 beträffande
480 941 58 21 detta
554 941 91 21 svenska
660 941 99 21 läroverk
774 940 30 26 på
820 940 40 22 den
884 940 158 21 finskatalande

207 968 159 28 befolkningen.
396 969 40 27 Jag
452 969 68 21 finner
535 972 160 19 reservanterne
710 969 126 27 ytterligare
851 968 113 22 framhålla
981 968 61 22 detta

209 998 75 24 deruti,
300 1000 32 18 att
347 997 26 22 de
389 1000 58 24 säga:
464 1015 11 8 ,
479 998 104 22 Särskildt
605 998 68 21 önska
688 998 27 26 vi,
732 998 27 21 då
782 998 21 20 vi
820 1004 57 19 anse,
894 999 32 19 att
941 998 99 20 läroverk

209 1026 47 21 med
271 1026 88 21 svenskt
374 1026 227 28 undervisningsspråk
617 1027 60 21 äfven
693 1027 6 20 i
716 1026 70 22 finska
803 1026 83 22 trakter
899 1026 52 21 böra
964 1026 77 24 finnas,

208 1055 65 21 också
289 1054 78 25 derför,
383 1057 32 19 att
431 1056 113 25 desamma,
561 1056 69 20 såsom
647 1062 66 20 organ
730 1055 33 21 för
780 1055 40 21 den
837 1055 97 27 urgamla
949 1055 92 21 svenska

207 1083 108 26 kulturen,
331 1084 35 20 må
381 1084 65 21 lända
469 1084 37 22 det
521 1084 69 21 finska
614 1084 195 26 bildningsarbetet
824 1084 32 20 till
873 1084 98 26 fromma,
987 1086 32 18 att
1036 1084 6 20 i

208 1112 31 21 S:t
255 1112 89 22 Michels
360 1112 82 27 lyceum
458 1113 36 21 det
510 1113 90 21 svenska
621 1112 253 28 undervisningsspråket
897 1112 34 21 må
947 1112 95 21 bibehål-

207 1140 39 27 las,
262 1144 57 18 samt
334 1142 31 20 att
382 1141 36 21 det
434 1142 6 20 i
456 1142 84 26 Kuopio
556 1142 134 21 existerande
706 1142 86 26 privata
814 1140 92 22 svenska
921 1140 121 22 läroverket

208 1170 35 21 må
258 1169 23 22 af
297 1172 71 19 staten
391 1169 127 27 tillräckligt
539 1170 181 26 subventioneras,
737 1170 27 26 på
780 1170 38 21 det
834 1172 33 19 att
881 1170 7 20 i
904 1170 49 20 mån
968 1169 22 21 af
1005 1168 39 22 be-

208 1198 43 26 hof,
268 1198 39 21 och
324 1198 87 27 sålänge
427 1198 117 22 detsamma
560 1205 75 20 genom
659 1199 107 21 elevantal
783 1198 58 21 visar
856 1198 40 21 full
911 1198 131 26 lifaktighet,

207 1229 31 19 ett
254 1227 33 20 till
304 1227 149 21 universitetet
468 1227 96 26 ledande,
580 1227 57 22 heist
645 1227 145 22 realläroverk
800 1227 64 21 derur
872 1227 34 20 må
922 1227 72 20 kunna
1010 1229 31 18 ut-

207 1255 74 22 veckla
298 1255 47 27 sig".
377 1255 50 22 Man
443 1255 67 28 begär
524 1256 82 21 således
621 1256 47 21 icke
685 1257 38 25 ett,
739 1258 53 19 utan
808 1257 78 19 tvenne
901 1255 139 27 fullständiga

208 1284 178 27 svenskspråkiga
401 1284 106 27 läroverk,
523 1285 6 20 i
545 1285 52 21 strid
613 1285 48 21 med
677 1285 43 21 alla
733 1284 119 21 bestående
861 1283 67 25 fakta,
937 1284 35 24 ,så
979 1283 64 27 länge

208 1313 119 22 detsamma
341 1319 77 20 genom
435 1313 105 22 elevantal
554 1313 56 21 visar
625 1313 38 22 full
674 1313 142 27 lifaktighet".
842 1313 84 26 Kuopio
936 1312 105 26 läroverk,

208 1342 37 21 der
261 1342 129 21 elevantalet
405 1341 66 28 enligt
487 1342 40 21 den
543 1341 161 28 skolstyrelsens
720 1341 125 26 berättelse,
866 1347 45 15 som
927 1340 39 21 här
981 1341 61 21 utde-

208 1371 49 26 lats,
272 1371 83 26 uppgår
371 1370 32 21 till
418 1371 28 20 40
463 1371 69 21 elever
547 1371 28 26 på
590 1377 37 14 sex
642 1370 89 24 klasser,
747 1373 25 18 är
788 1370 86 21 således
890 1372 31 19 ett
937 1370 104 24 läroverk,

208 1405 45 16 som
269 1406 77 20 genom
370 1399 37 21 sitt
422 1399 107 22 elevantal
544 1399 131 22 fortfarande
699 1399 145 27 ådagalägger
859 1398 39 21 full
914 1398 127 27 lifaktighet.

208 1427 49 22 Men
274 1429 27 21 då
317 1435 48 14 man
389 1427 36 22 vill
448 1427 48 22 föra
511 1428 57 21 talan
584 1428 7 21 i
607 1428 40 21 den
663 1428 90 21 svenska
777 1427 163 27 befolkningens
955 1433 64 15 namn
1034 1427 8 20 i

208 1457 63 21 dessa
286 1459 59 19 orter
361 1457 71 20 kunde
448 1457 36 21 det
500 1457 59 21 äfven
575 1463 51 14 vara
641 1457 47 20 skäl
704 1459 33 19 att
760 1463 57 20 egna
832 1463 26 14 en
875 1455 57 21 blick
946 1456 23 21 åt
985 1455 56 21 hvad

207 1485 172 22 skolstatistiken
394 1485 58 21 visar
467 1486 108 25 angående
599 1485 109 21 elevernas
731 1484 130 22 modersmål
880 1484 7 21 i
904 1484 61 22 dessa
987 1484 55 21 läro-

208 1513 58 22 verk.
297 1514 42 21 Det
354 1515 24 20 är
399 1515 31 19 ett
446 1512 145 23 betecknande
612 1513 141 27 förhållande,
778 1515 34 20 att
827 1513 7 21 i
849 1513 93 27 Kuopio,
961 1512 38 21 der
1015 1511 27 22 de
