1125 1811
217 120 56 20 1814
471 124 181 22 Borgareståndet
663 126 59 17 1882.
747 126 13 17 3
770 126 53 20 juni.

216 194 50 20 med
282 194 27 21 49
325 206 29 3 —
369 200 83 15 summa
468 194 28 21 49
512 206 28 3 —
556 194 69 22 elever
640 194 28 28 på
685 195 10 19 7
711 194 89 22 klasser.
832 194 34 22 Då
881 194 110 23 anmärkte
1003 195 48 21 der-

217 224 59 19 emot
299 228 26 16 en
348 222 23 22 af
392 222 174 28 petitionärerne,
589 223 49 21 herr
654 223 95 26 Öhberg:
774 223 54 26 ,Jag
846 224 35 20 vill
898 223 89 27 upplysa
1001 224 50 21 herr

216 251 83 21 Berner
323 258 41 19 om,
387 253 33 19 att
443 251 72 21 derom
535 251 63 21 hafva
613 252 20 20 vi
649 252 47 21 icke
711 252 160 26 petitionerat".
902 252 49 21 Han
966 253 84 26 yttrade

217 280 152 27 uttryckligen,
391 282 32 19 att
446 280 48 21 med
517 280 117 27 petitionen
657 280 88 22 alldeles
769 280 47 22 icke
832 280 70 27 afsågs
918 280 35 22 det
968 282 83 25 privata

217 308 92 21 svenska
325 309 82 26 lyceum
424 309 6 20 i
446 308 92 27 Kuopio.
567 308 41 21 Vid
624 308 77 22 sådant
717 308 133 22 förhållande
866 315 62 15 anser
940 309 37 27 jag
993 310 57 21 stån-

218 339 37 19 det
277 336 46 21 icke
347 343 37 15 ens
408 343 51 15 vara
483 337 132 27 berättigadt
631 340 38 23 att,
686 337 27 21 då
728 337 65 28 ingen
808 337 90 27 petition
914 337 53 22 eller
981 338 70 27 någon

217 372 72 14 annan
311 365 115 27 anledning
448 365 113 28 föreligger
577 366 32 21 för
625 368 30 19 ett
671 366 77 21 sådant
765 366 117 26 uttalande,
898 372 45 15 som
960 373 62 15 mom.
1038 367 12 20 2

217 395 6 20 i
240 394 159 21 reservationen
415 394 125 27 innehåller,
556 397 53 24 göra
624 395 65 26 något
705 395 69 27 dylikt
787 395 118 21 uttalande.
936 395 41 26 Jag
987 395 64 28 yrkar

217 423 28 27 på
261 425 131 20 momentets
407 423 143 22 förkastande.

289 493 56 21 Herr
360 493 161 26 Ignatius:
539 492 45 21 Mot
599 493 49 20 herr
665 492 108 27 Wallgren
789 493 35 20 vill
839 493 38 27 jag
892 495 56 19 ännu
959 499 25 14 en
995 493 56 26 gång

218 521 91 27 uppläsa
325 521 13 21 3
354 523 118 20 momentet
488 521 6 21 i
510 521 163 22 reservationen.
704 521 42 22 Det
762 522 60 26 lyder
838 521 101 22 sålunda:
963 523 46 23 ,att
1025 521 26 21 de

219 549 193 28 ompetitionerade
436 550 100 21 skolorna
552 551 6 20 i
574 550 67 27 öfriga
665 551 72 20 städer
760 551 171 25 omorganiseras
953 549 32 22 till
1009 552 42 19 tre-

218 579 95 26 klassiga
336 579 218 21 elementarläroverk
575 579 52 21 eller
650 585 16 14 s.
683 579 20 20 k.
727 579 155 25 bottenskolor,
897 579 33 21 för
945 581 32 19 att
993 579 6 20 i
1015 578 36 21 fall

219 606 23 22 af
257 606 64 22 behof
337 606 40 22 och
393 607 59 21 visad
468 606 130 22 fortfarande
614 607 122 27 lifaktighet
752 608 72 20 kunna
840 607 72 24 vidare
924 606 127 23 utvecklas.”

219 636 42 20 Det
284 635 73 26 första,
382 642 44 14 som
451 636 83 21 således
550 639 160 18 reservanterne
725 636 54 26 yrka
795 636 27 26 på
838 638 30 24 är,
884 638 33 19 att
932 636 41 21 alla
989 636 62 20 dessa

218 663 74 23 skolor
315 664 63 20 skola
400 664 168 27 omorganiseras
586 664 32 21 till
634 665 128 25 treklassiga
778 664 149 22 bottenskolor
943 664 38 22 och
997 664 54 21 först

219 692 100 27 derefter,
342 692 46 22 ifall
413 693 26 21 de
463 693 45 21 visa
531 692 126 27 lifaktighet,
680 693 73 21 kunna
769 693 26 21 de
811 693 65 21 blifva
892 693 65 21 andra
972 692 79 22 skolor.

218 721 41 26 Jag
281 721 36 21 vill
340 721 60 27 fråga
423 721 85 22 hvarför
529 722 46 20 icke
590 725 161 18 reservanterne
767 722 7 21 i
789 722 67 21 sådan
872 721 101 22 händelse
988 722 63 20 hafva

219 750 64 26 yrkat
304 750 27 26 på
348 750 120 21 detsamma
485 750 33 21 för
534 750 31 22 S:t
580 750 89 22 Michels
684 750 40 26 och
740 751 85 26 Kuopio
841 750 91 22 svenska
947 750 104 21 läroverk.

219 778 94 21 Hvarför
328 778 61 21 skola
405 779 62 21 dessa
482 779 132 26 undantagas
627 779 45 20 från
689 780 41 20 den
745 785 160 21 gemensamma
920 778 130 27 petitionen?

220 807 43 21 Det
279 809 24 18 är
319 807 75 22 endast
410 807 78 25 derför,
505 810 32 18 att
553 808 25 20 de
594 809 36 19 äro
647 808 186 26 svenskspråkiga.

291 876 81 21 Herrar
416 878 199 25 Neppenström
638 876 40 21 och
701 877 99 26 Bergh
824 883 50 14 voro
890 876 124 21 förekomna
1031 875 20 22 af

221 904 50 20 herr
287 905 103 26 Ignatius.

290 968 56 20 Herr
362 967 136 27 Öhberg:
523 968 40 21 Det
586 968 39 20 har
646 968 32 21 sin
702 968 103 26 rigtighet
828 968 55 21 hvad
907 968 48 20 herr
971 967 80 22 Berner

219 996 92 27 yttrade,
328 998 32 19 att
373 996 37 27 jag
424 996 66 26 jemte
505 996 25 22 de
547 996 68 27 öfriga
624 996 65 22 ärade
700 996 167 22 medlemmarne
878 996 22 22 af
912 996 58 21 detta
981 996 69 25 stånd,

219 1024 74 22 hvilka
315 1024 157 22 undertecknat
486 1025 118 27 petitionen
620 1031 34 15 om
669 1025 76 21 skolan
762 1026 5 20 i
784 1025 92 27 Kuopio,
892 1025 107 27 verkligen
1015 1031 36 21 pe-

220 1054 111 20 titionerat
352 1060 41 20 om,
410 1056 32 19 att
458 1056 68 19 staten
540 1054 67 21 skulle
623 1054 5 20 i
645 1054 84 26 Kuopio
745 1054 81 21 inrätta
842 1060 25 14 en
884 1053 61 22 skola
961 1053 38 22 och
1016 1054 36 21 det

220 1082 22 21 af
257 1082 41 22 den
314 1082 70 26 orsak,
401 1085 33 19 att
450 1088 24 16 en
490 1083 115 21 statsskola
622 1083 43 26 der,
682 1088 47 16 som
745 1082 69 22 skulle
831 1082 89 27 erbjuda
935 1084 68 20 större
1019 1084 33 20 sä-

220 1111 77 21 kerhet
319 1110 33 22 för
375 1111 97 21 eleverna
494 1114 32 18 att
548 1110 46 22 föra
611 1111 46 21 dem
677 1118 77 20 genom
771 1111 49 21 hela
836 1110 127 27 läroverket,
982 1110 68 22 skulle

219 1139 64 21 hafva
300 1139 28 21 all
344 1140 66 26 utsigt
426 1142 31 19 att
473 1139 81 22 erhålla
569 1140 49 21 flere
635 1140 69 21 elever
727 1142 27 19 än
771 1140 27 20 de
813 1140 84 26 privata
912 1140 139 26 anstalterna,

220 1174 45 15 som
281 1169 28 26 på
325 1170 61 19 orten
402 1168 73 26 finnas,
491 1169 94 23 emedan,
601 1169 70 21 såsom
687 1169 67 21 kändt
770 1170 31 24 är,
819 1168 31 22 till
866 1168 36 22 det
919 1168 67 22 finska
997 1168 55 22 läro-

220 1197 75 20 verket
311 1197 48 20 sökt
375 1197 31 26 sig
423 1204 25 13 en
464 1200 44 18 stor
524 1197 76 26 mängd
617 1197 70 21 elever
701 1197 48 21 från
766 1197 92 21 svenska
874 1197 48 20 hem
937 1197 40 21 och
993 1198 60 21 detta

219 1225 122 27 påtagligen
365 1226 76 21 endast
457 1225 77 26 derför,
550 1228 31 19 att
597 1226 26 21 de
639 1225 63 22 hafva
718 1225 90 22 säkrare
824 1227 31 20 att
871 1225 94 21 derifrån
981 1226 72 21 kunna

220 1254 87 21 komma
329 1253 33 22 till
386 1254 159 21 Universitetet.
576 1254 49 22 Men
648 1254 27 21 då
690 1255 6 20 i
712 1255 114 25 utskottet,
844 1254 68 21 såsom
929 1253 38 22 här
983 1261 68 20 synes,

220 1282 117 27 petitionen
361 1289 41 18 om,
427 1285 31 18 att
480 1285 70 19 staten
573 1283 67 21 skulle
657 1283 6 21 i
679 1283 85 27 Kuopio
789 1283 80 21 inrätta
884 1289 26 14 en
926 1283 67 25 skola,
1010 1283 42 21 för-

220 1311 107 26 kastades,
343 1317 38 15 var
397 1311 36 21 det
448 1312 107 26 naturligt,
571 1314 31 19 att
615 1312 44 26 jag,
675 1312 28 21 då
719 1312 25 21 de
756 1311 68 27 öfriga
836 1314 159 19 reservanterne
1006 1312 47 21 icke

220 1340 51 21 ville
292 1340 53 27 yrka
367 1340 34 27 på,
424 1343 32 18 att
478 1347 26 14 en
527 1340 114 21 statsskola
665 1341 38 20 der
718 1341 70 20 skulle
805 1341 97 23 inrättas,
918 1342 51 19 utan
985 1340 68 21 hellre

220 1369 87 27 ansågo,
325 1370 32 19 att
373 1369 35 21 det
424 1369 103 26 läroverk,
548 1375 45 15 som
610 1369 73 26 finnes,
700 1369 68 21 borde
784 1368 183 27 subventioneras,
984 1369 69 22 skulle

220 1397 87 21 ansluta
329 1397 42 27 mig
395 1397 33 21 till
452 1397 60 21 deras
535 1398 63 21 antal.
630 1397 28 22 Så
681 1397 39 22 har
742 1398 68 21 saken
832 1398 53 25 gått.
916 1397 137 22 Beträffande

220 1425 51 22 herr
285 1426 103 27 Ionatius'
413 1426 121 27 påstående,
558 1428 31 19 att
611 1427 19 20 vi
645 1426 69 21 skulle
731 1426 65 21 hafva
812 1426 137 27 petitionerat
965 1433 40 19 om,
1021 1429 32 18 att

220 1455 101 21 skolorna
337 1455 6 20 i
359 1454 32 22 S:t
407 1454 76 21 Michel
505 1455 38 21 och
560 1455 83 27 Kuopio
659 1455 70 21 skulle
745 1454 103 22 förblifva
863 1455 86 26 sådana,
965 1461 46 15 som
1027 1455 26 20 de

220 1488 29 15 nu
273 1485 44 23 äro,
341 1484 23 19 är
381 1483 75 21 sådant
472 1483 135 27 ingenstädes
624 1483 68 27 sagdt.
723 1484 32 21 De
773 1483 69 21 skulle
858 1483 135 27 naturligtvis
1009 1489 44 15 om-

220 1511 79 22 ändras
322 1511 27 26 på
372 1517 81 16 samma
475 1513 42 20 sätt
540 1518 45 15 som
609 1512 66 27 öfriga
699 1511 194 28 ompetitionerade
918 1512 77 21 skolor.
1026 1511 26 22 Vi
