1125 1811
212 142 57 21 1340
454 146 181 22 Borgareståndet
645 147 60 17 1882.
729 148 25 16 19
767 147 50 21 maj.

212 217 43 27 Jag
271 216 68 22 skulle
355 216 71 22 derför
448 216 63 21 hafva
526 218 80 24 väntat,
630 218 33 19 att
685 216 115 25 utskottet,
818 216 26 22 då
860 216 36 21 det
911 216 71 26 utgått
997 216 47 22 från

213 246 64 21 dessa
292 245 87 27 åsigter,
394 244 153 22 åstadkommit
562 250 25 16 en
603 244 117 28 lyckligare
743 244 87 28 lösning
844 244 24 22 af
880 244 74 26 frågan
970 244 23 22 åt
1009 244 37 22 det
1066 254 2 4 :

212 274 53 24 håll,
281 276 33 19 att
329 274 59 21 skatt
409 273 48 22 icke
480 273 40 21 blir
536 273 48 27 lagd
607 273 28 27 på
657 273 70 21 denna
752 279 59 16 vara.
842 273 28 22 Så
885 273 39 21 har
939 272 106 22 utskottet

214 302 55 21 dock
285 302 46 21 icke
346 302 63 26 gjort,
426 304 51 19 utan
493 302 89 21 kommit
597 302 34 21 till
641 302 36 21 det
689 302 97 25 resultat,
800 303 34 20 att
844 302 124 26 svagdricka
978 301 69 21 borde

214 330 119 24 beskattas,
350 331 27 21 då
393 331 36 21 det
445 330 120 22 tillverkats
575 331 31 20 uti
617 329 106 28 bryggeri.
754 330 78 22 Sävidt
841 330 37 27 jag
893 330 82 21 kunnat
987 329 59 22 finna

213 361 25 19 är
254 359 37 21 det
305 358 153 27 väsentligaste
480 359 89 21 motivet
584 359 73 21 härför
672 359 42 26 det,
730 361 34 19 att
780 359 264 27 bryggeriinnehafvarene

213 388 48 21 icke
282 387 117 27 ordentligt
421 387 105 28 uppgifvit
549 387 32 22 till
603 387 138 27 beskattning
766 387 42 22 den
831 394 57 19 vara,
906 393 45 16 som
967 387 78 27 utgått.

212 416 49 27 Jag,
276 417 45 20 lika
344 417 47 20 litet
414 422 45 15 som
480 416 79 21 enhvar
581 422 77 20 annan,
681 422 45 15 som
743 418 101 20 närmare
866 417 54 26 tagit
937 416 57 21 notis
1009 422 35 15 om

214 445 62 22 dessa
292 444 155 26 förhällanden,
462 445 43 20 kan
521 444 96 26 förneka,
634 447 33 19 att
681 451 48 15 man
745 445 112 26 verkligen
872 445 68 21 mäste
958 444 86 22 komma

214 473 32 22 till
263 473 59 22 detta
338 473 96 22 resultat.
465 473 49 21 Men
526 479 33 15 om
569 473 64 22 också
648 473 66 26 något
729 473 79 22 sådant
822 474 111 25 existerar,
955 473 39 21 bör
1009 473 35 21 väl

213 502 95 21 kontroll
331 502 73 21 kunna
425 502 80 21 införas
527 503 27 26 pä
569 504 66 19 annat
649 503 50 25 sätt,
722 503 27 20 än
765 503 34 20 att
814 502 97 27 begagna
926 502 40 21 den
983 501 60 22 malt-

213 532 91 22 mätare,
329 537 45 15 som
398 531 40 20 här
453 532 24 20 är
492 531 125 26 föreslagen.
647 530 42 27 Jag
703 534 53 22 tror,
780 533 34 19 att
834 531 26 21 de
875 531 106 26 åtgärder,
997 535 47 16 som

214 559 194 28 bryggerikomiten
431 559 116 26 föreslagit,
569 559 68 22 borde
660 559 47 21 leda
723 559 33 21 till
778 565 82 16 samma
875 559 96 22 resultat.
1003 558 42 22 Vill

214 594 49 15 man
280 588 55 26 begä
357 590 32 19 ett
412 588 120 26 uppenbart
548 587 57 24 svek,
628 587 41 21 kan
686 594 49 14 man
758 587 46 21 lika
819 588 35 21 väl
876 587 54 27 begä
945 587 36 21 det
996 587 49 21 med

215 616 68 25 kross,
299 622 45 16 som
361 616 47 22 med
423 616 119 26 bokföring.
572 616 107 21 Särskildt
701 616 40 21 har
753 616 37 21 det
806 616 104 28 päpekats
926 615 23 22 af
961 616 84 21 utskot-

215 647 38 23 tet,
269 646 40 22 att,
325 644 67 25 enligt
406 644 86 28 uppgift
507 645 21 21 af
544 651 25 15 en
585 644 106 26 fackman,
708 644 37 22 det
760 650 52 16 vore
827 645 59 21 svärt
902 647 32 19 att
949 644 97 22 kontrol-

214 674 47 21 lera
276 673 149 27 behållningen
441 673 23 21 af
478 674 87 26 lageröl.
602 674 41 26 Jag
659 673 68 21 måste
743 673 107 26 bekänna,
865 675 33 19 att
913 673 28 21 dä
950 679 49 15 man
1009 679 38 15 ser

214 702 76 22 kärlen
305 702 123 26 uppställda
444 702 5 20 i
466 702 40 21 den
522 702 126 21 militäriska
663 702 99 26 ordning,
778 708 46 16 som
841 702 26 22 de
879 702 70 25 hafva,
960 708 85 15 numre-

215 731 52 21 rade
282 730 40 22 och
338 730 48 22 med
401 730 131 27 pätecknadt
554 730 122 26 kannantal,
691 732 24 19 är
737 730 37 22 det
790 730 47 22 icke
852 731 70 27 nägon
937 730 109 27 svärighet

215 761 34 19 att
263 759 68 21 räkna
346 765 43 21 upp
406 759 54 21 hvad
477 759 37 21 der
529 758 72 22 finnes.
633 759 42 21 Det
690 758 55 22 enda
760 759 59 25 svek,
836 759 38 21 der
893 765 50 15 vore
957 759 6 21 i
979 758 66 28 fråga,

215 789 25 20 är
255 789 33 20 att
303 788 37 21 det
361 788 71 20 kunde
456 793 50 16 vara
529 788 120 21 antecknad
673 793 25 15 en
717 788 81 26 origtig
821 788 58 21 siffra
894 788 7 21 i
917 788 99 21 afseende
1032 788 15 21 &

215 815 140 22 kannantalet
367 815 28 28 på
410 816 82 21 kärlen.
522 816 38 21 Att
575 816 113 27 bedrägeri
710 815 44 27 der,
770 816 70 21 likaså
856 816 33 21 väl
906 822 45 15 som
967 822 77 15 annor-

214 845 80 24 städes,
310 845 42 20 kan
368 845 64 26 begås
447 847 25 18 är
488 845 111 25 naturligt;
616 851 48 14 men
687 845 70 26 precis
777 851 84 15 samma
875 845 92 22 kontroll
990 844 55 22 skall

215 873 40 21 der
269 873 117 21 förefinnas
408 879 44 15 som
470 873 33 21 vid
520 873 148 23 maltkrossen,
684 873 107 26 nämligen
802 873 135 22 arbetarene.
968 873 41 22 Det
1021 875 25 19 är

215 902 120 26 egentligen
351 902 27 26 på
394 902 47 20 dem
458 908 48 14 man
522 902 71 21 stöder
609 902 38 25 sig,
656 902 89 21 emedan
757 902 178 26 bryggeriegaren
946 902 46 21 icke
1003 902 42 21 kan

215 932 52 19 utan
284 932 33 19 att
333 930 126 21 arbetarene
482 930 20 21 få
525 930 119 22 kännedom
668 930 62 21 deraf
744 930 56 26 begå
816 930 36 21 det
868 930 73 22 sveket
957 932 32 19 att
1000 930 46 21 låta

215 958 30 22 bli
261 960 33 20 att
309 959 97 26 begagna
421 959 141 21 maltmätare.
592 959 125 21 Detsamma
731 960 25 20 är
771 959 66 21 också
859 958 61 22 fallet
935 959 46 21 med
997 958 48 22 kär-

215 987 47 21 lens
277 987 67 27 rymd.
374 987 31 27 Ty
421 987 36 21 det
472 989 24 19 är
511 988 63 25 klart,
590 990 33 18 att
639 988 26 20 de
680 987 108 25 arbetare,
804 994 46 15 som
866 988 75 21 arbeta
955 988 7 21 i
977 987 68 27 lager-

216 1016 104 26 källaren,
337 1016 61 21 hafva
414 1016 50 21 reda
480 1016 28 27 på
523 1016 85 21 kärlens
623 1016 67 27 rymd.
721 1016 41 26 Jag
778 1016 68 21 skulle
868 1016 71 22 derför
954 1016 33 22 för
1002 1016 44 21 min

216 1044 34 22 del
266 1050 58 20 anse,
340 1047 33 19 att
389 1044 35 22 det
440 1045 84 27 förslag,
540 1044 81 22 hvilket
637 1044 23 22 af
673 1044 195 28 bryggerikomitén
884 1046 24 20 är
923 1044 122 28 uppgjordt,

216 1072 67 22 borde
299 1073 72 21 kunna
386 1073 74 27 läggas
475 1073 32 21 till
523 1074 67 26 grund
607 1073 34 21 för
656 1073 172 27 beskattningen,
845 1074 40 21 och
906 1074 73 21 derför
993 1074 53 26 yrka

215 1101 34 27 på,
264 1104 33 19 att
312 1102 146 21 betänkandet
474 1102 196 22 återremitterades
686 1102 31 21 till
734 1102 106 21 utskottet
854 1102 33 21 för
902 1104 32 20 att
950 1102 97 22 omarbe-

213 1133 34 19 tas
263 1130 6 21 i
285 1130 60 22 detta
360 1130 62 27 syfte.

287 1187 56 22 Herr
359 1187 176 22 Lindblom:
566 1188 42 21 För
624 1188 43 21 min
684 1188 33 21 del
733 1188 63 26 hyser
810 1188 37 27 jag
858 1194 25 15 en
894 1188 88 21 alldeles
993 1191 52 18 mot-

217 1218 45 19 satt
278 1216 55 27 åsigt
349 1219 45 18 mot
410 1216 48 21 herr
474 1216 113 22 Stenbäck.
618 1215 41 27 Jag
682 1219 51 23 tror,
749 1218 33 19 att
798 1217 36 21 det
850 1219 25 18 är
889 1218 75 19 nästan
981 1217 66 26 omöj-

217 1244 39 27 ligt
271 1247 34 19 att
319 1245 73 21 utöfva
406 1245 70 26 någon
492 1245 93 21 kontroll
601 1244 33 22 för
649 1251 26 14 en
687 1245 87 26 ölskatt,
785 1245 109 21 beräknad
914 1251 37 20 per
968 1245 76 22 kanna.

217 1273 43 22 Det
275 1279 38 15 var
329 1273 83 26 mycket
428 1273 60 27 fråga
504 1274 72 21 derom
592 1274 7 20 i
615 1273 175 26 skattekomitén,
799 1274 28 21 då
842 1274 95 27 grunden
945 1273 32 21 för
986 1274 59 21 detta

217 1301 81 28 förslag
321 1301 144 26 utarbetades,
486 1302 39 21 och
541 1301 51 22 flere
615 1301 163 28 bryggeriegare
794 1309 52 14 voro
862 1303 70 21 såsom
948 1305 98 24 experter

216 1329 76 26 hörda,
309 1337 47 14 men
373 1330 41 22 alla
430 1337 50 15 voro
504 1337 49 15 ense
575 1331 80 26 derom,
671 1333 32 18 att
722 1331 36 20 vill
776 1337 48 15 man
840 1331 64 21 hafva
923 1337 25 15 en
964 1331 81 28 verklig

217 1359 145 27 beskattning,
385 1359 23 21 så
423 1361 24 19 är
470 1359 36 22 det
522 1359 54 21 enda
591 1361 66 19 sättet
673 1361 32 19 att
721 1359 69 21 vända
805 1360 32 27 sig
853 1360 31 21 till
901 1359 143 22 maltskatten.

216 1387 58 22 Herr
290 1387 106 22 Stenbäck
412 1388 90 21 nämnde
526 1394 33 15 om
576 1388 40 21 den
640 1387 127 22 militäriska
787 1388 91 27 ordning
894 1388 34 21 vid
944 1388 26 21 de
985 1388 60 25 ölfat,

216 1422 47 15 som
279 1416 56 27 ligga
352 1417 5 20 i
374 1416 162 26 lagerkällaren.
567 1417 42 20 Det
632 1417 109 26 upplystes
758 1417 54 20 dock
828 1417 24 21 af
866 1419 131 25 experterne,
1013 1419 33 19 att

217 1444 46 21 från
280 1445 63 21 dessa
358 1444 90 25 lagerfat
464 1445 67 21 delvis
551 1447 76 25 tappas
643 1445 39 21 och
698 1447 33 19 att
746 1445 27 21 de
788 1445 62 27 fyllas
867 1447 48 25 igen
931 1444 23 22 af
967 1451 25 15 en
1008 1451 37 15 an-

218 1479 42 15 nan
277 1473 74 27 brygd.
382 1472 75 27 Någon
473 1474 94 21 kontroll
583 1474 42 20 kan
649 1473 72 21 derför
736 1473 75 21 härvid
827 1474 47 21 icke
890 1473 155 27 ifrågakomma

216 1501 48 21 med
287 1502 101 21 afseende
404 1502 11 20 å
431 1502 154 26 lagerkällaren
608 1502 28 27 på
658 1504 66 19 annat
747 1504 49 23 sätt,
821 1504 26 19 än
864 1505 32 18 att
912 1502 35 21 det
963 1502 41 21 blir
1019 1508 26 15 en

214 1530 99 21 bestämd
329 1529 137 26 kontrollant,
483 1537 45 15 som
552 1531 38 21 bor
605 1531 28 26 på
649 1530 79 26 stället,
745 1530 39 21 har
800 1531 116 27 nycklarna
930 1530 32 22 till
978 1530 67 21 källa-
