1125 1811
222 145 57 24 1346
459 152 180 22 Borgareständet
650 153 60 18 1882.
733 154 25 17 19
770 154 50 20 maj.

221 225 33 19 att
277 223 66 27 enligt
367 222 40 22 den
424 222 128 28 beräkning,
567 228 46 16 som
628 223 107 21 utskottet
751 223 27 27 pä
794 229 50 21 pag.
864 224 24 20 12
903 224 7 21 i
926 224 38 21 sitt
980 224 72 22 betän-

221 252 70 21 kande
316 251 122 26 framställt,
462 258 48 14 man
533 257 76 21 genom
625 253 33 20 att
673 251 107 22 fastställa
795 252 87 22 skatten
898 252 33 22 till
947 253 28 21 50
989 254 64 26 penni

220 286 39 21 per
274 280 40 22 L&
333 280 69 21 skulle
426 280 82 21 erhålla
523 286 25 15 en
563 280 56 27 årlig
633 280 94 21 inkomst
743 280 23 22 af
779 281 95 25 270,000
890 282 66 23 mark,
973 281 80 22 hvilket

220 308 66 21 redan
309 310 63 25 utgör
392 309 37 20 det
444 308 80 21 dubbla
540 308 100 27 beloppet
655 309 24 21 af
693 308 55 22 hvad
765 309 87 21 skatten
868 309 28 27 pä
911 309 20 22 öl
947 309 105 22 härintills

221 337 61 22 torde
298 337 64 21 hafva
378 337 114 26 inbringat.

289 394 57 22 Herr
369 395 195 26 Borgström:
594 395 42 26 Jag
659 394 34 21 för
715 395 42 20 min
778 395 34 21 del
830 395 37 21 ber
883 398 31 18 att
930 395 21 22 fä
967 395 84 27 föreslä,

219 423 37 21 det
273 429 48 15 man
337 423 68 22 skulle
421 425 78 24 antaga
514 429 25 15 en
555 423 58 21 skatt
629 423 22 21 af
666 424 27 21 70
708 424 62 26 penni
787 430 39 20 per
842 424 46 21 L&.
914 425 45 20 Den
976 424 73 21 beräk-

219 458 38 14 nas
273 454 34 19 att
322 452 99 27 inbringa
437 452 92 25 390,000
544 452 67 25 mark,
628 452 83 21 säledes
727 453 6 20 i
749 453 37 20 det
802 454 108 20 närmaste
921 453 54 21 hvad
985 456 64 19 stats-

220 480 117 21 utskottets
353 480 21 21 af
395 481 87 21 ständet
504 480 113 27 godkända
640 481 117 26 beräkning
780 481 123 27 innefattar,
927 484 32 19 att
981 482 71 21 denna

217 509 60 21 skatt
292 509 69 22 skulle
378 509 75 21 lemna.

288 567 56 21 Herr
380 567 97 20 Talmann
503 573 1 14 e
529 573 12 14 n
554 566 54 21 fäste
617 567 218 26 uppmärksamheten
844 567 41 26 vid,
893 570 32 18 att
933 567 54 21 hvad
996 567 52 22 Bor-

217 595 138 26 gareständet
370 601 29 15 nu
415 595 83 21 komme
514 597 32 19 att
562 595 83 21 besluta
661 595 5 20 i
683 595 70 21 denna
768 595 63 27 fräga
846 596 28 26 pä
890 596 35 20 det
940 598 107 19 närmaste

217 624 91 21 berörde
324 626 31 18 ett
371 623 75 26 beslut,
462 630 45 14 som
523 624 85 20 ståndet
624 623 64 21 redan
704 623 58 21 förut
777 624 65 21 fattat
858 624 34 21 vid
908 624 139 27 genomgäen-

217 652 36 21 det
277 652 24 21 af
323 652 173 22 statsutskottets
518 651 135 22 betänkande
676 658 35 15 n:o
730 653 26 20 14
771 653 112 27 angäende
899 653 99 27 samtliga
1013 654 33 20 vid

217 681 70 21 denna
309 680 103 27 landtdag
434 681 80 21 äskade
529 681 80 25 anslag.
640 680 10 22 I
666 681 67 25 sagda
749 681 136 21 betänkande
901 682 55 21 hade
972 682 73 20 nämli-

216 714 40 22 gen
273 710 161 20 statsutskottet
449 709 105 21 beräknat
564 709 121 21 inkomsten
697 710 46 20 frän
756 710 140 21 maltskatten
907 710 32 21 till
951 711 94 25 400,000

216 738 35 21 mk
267 744 38 20 per
321 738 24 21 är
360 738 41 21 och
417 738 68 21 denna
502 738 115 26 beräkning
634 738 55 21 hade
704 738 61 21 äfven
781 739 108 25 godkänts
904 739 24 21 af
941 739 103 26 Borgare-

215 766 92 26 ståndet,
331 766 65 22 likväl
420 766 114 22 eventuellt
558 766 105 22 beroende
686 766 23 21 af
723 769 56 19 rote-
796 768 40 20 och
852 767 193 21 rusthällsvakans-

216 795 87 26 frägans
319 795 121 26 afgörande.
465 795 55 21 Herr
535 795 130 21 Talmannen
681 795 50 21 ville
747 795 57 21 fästa
820 795 96 22 ständets
931 796 114 27 uppmärk-

215 823 84 22 samhet
323 824 81 25 härvid,
428 824 26 27 pä
470 824 36 20 det
521 826 32 19 att
568 823 46 22 icke
631 824 35 21 det
682 824 70 21 beslut
767 825 87 20 ständet
870 830 28 15 nu
914 825 82 20 komme
1012 827 32 18 att

215 851 55 23 fatta
285 852 69 22 skulle
370 853 34 20 stä
419 853 6 20 i
442 852 54 21 strid
512 852 48 21 med
575 853 36 20 det
628 852 63 21 förra.

284 910 57 21 Herr
363 909 171 27 Lindberg:
565 909 42 21 Vid
630 909 156 27 behandlingen
810 910 23 20 af
853 910 69 21 denna
944 910 103 27 paragraf

213 938 49 22 ville
283 938 38 27 jag
343 938 120 22 äterhemta
486 938 54 21 hvad
560 938 37 26 jag
620 938 57 21 förut
693 938 31 21 till
742 938 53 27 följd
813 938 23 22 af
849 940 32 19 ett
896 938 146 22 missförständ

213 967 72 21 anfört
307 966 133 22 beträffande
462 966 179 28 skattebeloppet,
665 966 105 28 nämligen
792 971 33 17 att
842 968 116 20 detsamma
974 968 69 20 skulle

213 996 111 21 nedsättas
339 996 32 20 till
388 997 27 20 50
430 996 63 26 penni
509 1002 37 20 per
561 995 46 21 L&.

282 1053 56 21 Herr
367 1053 90 27 Berg:
488 1053 42 27 Jag
558 1052 68 22 skulle
650 1053 25 21 be
699 1055 32 19 att
753 1053 48 21 med
824 1053 113 26 anledning
958 1053 23 22 af
1003 1054 37 21 det

211 1082 142 21 meddelande
376 1082 49 20 herr
445 1081 129 21 Talmannen
590 1087 49 21 nyss
654 1082 75 26 gjorde
744 1082 22 20 få
781 1082 57 21 fästa
854 1082 186 26 uppmärksamhe-

212 1114 35 18 ten
270 1111 35 26 på,
328 1113 32 18 att
383 1110 86 22 ståndet
488 1110 23 27 ju
527 1110 143 27 uttryckligen
686 1110 107 21 förbehöll
809 1110 39 27 sig,
864 1113 32 19 att
912 1110 41 22 alla
969 1111 72 21 beslut

212 1140 91 20 rörande
327 1138 125 28 kalkylerna
467 1138 67 22 skulle
550 1145 50 15 vara
615 1140 128 23 eventuella,
759 1139 40 21 och
816 1142 32 18 att
864 1139 84 21 ståndet
964 1139 75 21 endast

211 1168 86 26 företog
316 1174 26 14 en
361 1167 131 27 granskning
508 1168 21 20 af
544 1168 172 21 statsutskottets
732 1168 145 26 beräkningar
893 1168 104 21 huruvida
1013 1169 27 20 de

210 1196 72 21 kunde
297 1203 51 14 vara
368 1196 78 26 riktiga
468 1196 52 21 eller
542 1196 53 24 icke,
611 1202 48 15 men
682 1199 32 18 att
736 1196 86 21 ståndet
844 1196 121 26 derigenom
981 1196 58 26 inga-

210 1225 67 21 lunda
293 1225 75 20 bundit
384 1225 31 26 sig
431 1224 35 21 vid
480 1227 32 18 att
528 1224 83 21 besluta
626 1231 26 15 en
669 1224 112 21 maltskatt
798 1224 32 21 till
846 1225 60 21 detta
921 1224 82 27 belopp.

281 1253 60 21 Hvad
364 1254 48 20 åter
434 1253 126 26 stadgandet
583 1253 7 20 i
611 1254 10 25 $
641 1255 8 18 1
667 1253 21 21 af
703 1253 37 21 det
755 1259 29 15 nu
800 1253 143 26 föreliggande
959 1253 78 26 lagför-

209 1281 70 28 slaget
302 1281 106 26 beträffar,
432 1281 67 22 skulle
520 1282 36 26 jag
578 1281 26 22 be
625 1284 32 19 att
673 1282 21 21 få
710 1282 73 21 förena
799 1283 43 26 mig
858 1283 48 20 med
922 1282 53 26 dem,
992 1289 46 14 som

209 1309 106 29 tillstyrkt
330 1311 120 26 antagande
466 1311 22 20 af
502 1317 24 14 en
543 1310 58 21 skatt
617 1311 22 20 af
654 1311 75 20 endast
745 1311 27 20 50
789 1311 63 26 penni
869 1317 37 20 per
922 1310 44 21 L&.
996 1311 41 26 Jag

209 1341 44 19 tror
275 1339 111 26 nämligen,
402 1341 32 18 att
450 1339 35 20 det
500 1339 34 20 vid
550 1339 69 21 denna
635 1339 106 27 tidpunkt,
757 1339 27 21 dä
800 1339 122 21 Ständerna
937 1345 48 21 nyss
1001 1340 35 20 be-

207 1367 63 22 slutit
286 1368 120 26 antagande
422 1367 22 21 af
458 1374 25 14 en
499 1368 23 21 sä
538 1367 109 21 restriktiv
663 1367 201 27 ölförsäljoingslag,
877 1374 45 15 som
934 1368 39 20 den
985 1369 52 25 god-

208 1397 78 26 kända,
302 1397 43 20 kan
361 1403 50 14 vara
427 1397 83 26 mycket
526 1397 91 26 osäkert,
634 1396 105 21 huruvida
754 1398 81 19 största
850 1396 61 21 delen
922 1396 23 21 af
954 1397 83 20 landets

207 1425 84 22 mindre
307 1425 122 26 bryggerier
443 1425 71 21 kunna
529 1425 101 21 fortsätta
645 1425 48 21 med
709 1425 32 20 sin
758 1425 88 21 rörelse.
873 1425 41 21 Det
930 1431 49 15 vore
990 1425 46 21 der-

207 1453 34 21 för
265 1454 121 25 oförsigtigt
408 1456 32 18 att
460 1455 50 25 göra
526 1460 26 14 en
567 1453 73 21 alltför
655 1456 46 18 stor
717 1453 124 27 förändring
857 1453 61 21 äfven
935 1454 6 20 i
956 1454 80 20 skatte-

206 1482 109 27 beloppet,
336 1482 63 20 innan
416 1488 48 14 man
480 1488 34 15 ser
529 1482 84 20 hvilken
630 1482 81 26 påföljd
728 1482 70 21 denna
814 1482 123 21 restriktiva
953 1482 83 26 försälj-

206 1511 99 26 ningslag
327 1510 41 21 kan
393 1510 61 21 hafva
477 1510 32 21 för
531 1510 200 27 bryggerirörelsen.
764 1511 74 20 Skulle
862 1511 35 20 det
920 1511 55 20 inom
995 1510 40 21 den

206 1541 109 20 närmaste
337 1539 114 21 framtiden
474 1539 45 21 visa
542 1539 38 26 sig,
604 1541 32 19 att
655 1539 195 26 bryggerirörelsen
866 1539 7 22 i
890 1539 145 26 verkligheten
