1125 1811
307 147 181 22 Borgareständet
501 148 57 16 1882.
582 147 27 17 22
622 147 47 21 maj.
858 142 54 20 1417

79 217 166 27 medborgarene
270 216 66 22 borde
359 216 132 21 underkasta
506 216 33 26 sig
556 216 176 26 förmynderskap
748 214 23 22 af
786 216 126 26 regeringen

79 252 19 14 0.
115 252 16 15 s.
147 252 18 14 v.
196 246 41 20 Det
253 245 94 25 innebär,
363 247 33 19 att
412 244 89 22 fäderne
516 244 67 22 borde
598 250 23 16 se
636 244 39 26 till,
691 247 32 18 att
739 243 81 21 barnen
835 244 27 26 gä
879 244 32 20 väl

79 274 80 22 klädda
180 280 33 15 om
237 274 89 24 vintern;
350 276 33 18 att
406 272 27 22 de
456 272 53 22 böra
532 272 67 22 anlita
623 273 40 21 den
685 272 79 27 riktiga
780 272 132 22 skräddaren

80 309 27 15 m.
124 303 56 21 m.d.
203 302 64 21 Detta
283 304 24 19 är
323 308 25 15 en
364 301 155 26 landsfaderlig
526 302 95 26 styrelse.
645 302 65 20 Detta
719 303 24 18 är
753 301 52 21 visst
816 301 19 26 ej
847 301 66 26 något

78 333 48 25 nytt
141 331 116 22 uttalande.
282 331 41 20 Det
339 330 39 21 har
394 330 139 21 förekommit
549 329 63 22 äfven
623 329 7 22 i
641 329 104 22 filosofers
761 329 98 26 skrifter;
876 329 37 22 det

80 360 38 21 har
142 359 134 22 förekommit
297 359 6 21 i
325 359 182 21 verldshistorien.
539 359 32 21 Då
594 365 47 14 man
659 358 54 21 talar
729 364 34 15 om
779 364 26 15 en
821 357 92 22 landsfa-

80 389 68 26 derlig
163 387 89 28 styrelse
267 387 36 22 vill
317 387 37 27 jag
369 389 79 20 nämna
464 387 90 22 Fredrik
570 387 99 21 Wilhelm
685 385 40 23 Iaf
735 386 112 22 Preussen.
870 387 43 20 Det

80 423 38 14 var
133 423 26 15 en
175 416 152 27 landsfaderlig
342 418 74 25 regent
432 416 7 21 i
456 416 48 21 dess
520 415 171 27 fullständigaste
702 415 140 22 bemärkelse.
868 414 45 22 När

79 445 43 22 han
143 445 37 26 såg
203 445 6 21 i
233 445 116 27 folkhopen
365 451 26 15 en
408 451 56 18 man,
480 445 64 21 hvars
559 444 78 21 hufvud
653 444 94 21 sträckte
764 444 32 26 sig
811 444 60 21 öfver
886 443 27 22 de

81 473 86 28 öfriges,
183 474 23 21 så
221 477 37 24 tog
272 473 41 22 han
329 473 78 22 honom
424 473 49 21 hem
490 473 40 21 och
546 476 55 19 satte
617 473 78 21 honom
712 473 5 20 i
733 472 38 21 sitt
783 475 130 24 regemente,

82 503 39 20 och
146 503 66 21 denne
233 502 61 27 jätte,
315 503 69 20 denna
407 508 77 21 person
509 508 37 15 var
562 505 31 18 ett
608 501 53 22 barn
677 501 68 21 under
761 501 31 20 sin
809 501 105 26 faderliga

80 531 96 27 styrelse.
208 531 46 21 Han
277 531 56 21 hade
355 531 61 26 ingen
442 531 58 21 talan
524 531 5 20 i
554 530 71 22 saken.
657 530 48 21 Han
726 535 38 15 var
780 529 40 22 och
835 529 80 22 förblef

81 560 77 21 soldat.
189 560 80 27 Rymde
292 559 47 27 han,
354 559 24 22 så
403 559 45 21 blef
462 559 48 25 han,
528 566 33 15 om
577 559 42 21 han
635 559 135 26 ertappades,
786 559 28 26 på
830 557 82 22 fläcken

82 589 76 26 hängd.
188 589 43 21 Det
245 595 38 14 var
299 595 24 14 en
340 588 155 26 landsfaderlig
510 588 96 26 styrelse,
623 587 68 21 denne
707 587 106 25 monarks,
829 593 45 15 som
886 587 28 21 då

82 617 40 21 han
137 618 27 26 på
180 624 25 14 en
221 617 23 21 af
257 617 46 21 sina
319 617 141 26 promenader
472 616 90 21 träffade
577 618 30 19 ett
618 616 135 21 fruntimmer
764 616 26 26 pä
798 618 64 24 gatan
878 615 37 27 gaf

82 646 69 21 henne
166 652 24 15 en
207 646 38 25 fot,
261 646 48 20 med
324 645 176 26 förständigande
515 648 32 18 att
562 645 27 26 gå
604 645 49 21 hem
669 645 39 21 och
719 650 22 15 se
753 650 34 15 om
798 644 46 21 sina
852 644 60 21 barn.

82 674 42 21 Det
147 681 39 15 var
207 674 48 26 han,
279 680 51 18 som,
347 674 26 20 då
389 676 85 24 prester
490 674 38 21 och
544 674 117 20 skollärare
676 673 103 21 stannade
795 672 33 22 för
838 675 38 24 att
890 678 23 16 se

82 703 27 25 på
132 705 160 24 regementenas
311 702 96 28 parader,
422 702 38 26 gaf
475 703 46 21 dem
538 702 55 21 först
608 708 25 15 en
651 702 49 27 lång
716 702 46 20 lexa
777 701 58 21 öfver
850 702 64 20 deras

82 731 125 27 åligganden
231 732 38 20 och
293 731 91 21 derefter
405 734 32 18 ett
460 731 86 27 duktigt
568 731 43 21 kok
633 731 60 27 stryk
715 730 32 21 för
770 730 36 22 det
824 730 27 21 de
866 730 47 22 icke

85 760 57 21 höllo
158 760 31 26 sig
204 760 84 21 hemma
303 760 35 21 vid
353 760 46 20 sina
414 760 104 25 göromål.

151 789 42 26 Jag
207 788 122 21 hemställer
344 788 33 21 till
393 788 115 21 herrarnes
525 788 144 26 bepröfvande
685 788 105 20 huruvida
805 787 59 21 Edra
878 790 35 18 ut-

84 817 101 21 talanden
209 823 33 15 om
265 823 26 15 en
307 817 152 26 landsfaderlig
476 817 89 27 styrelse
581 819 37 18 äro
634 816 67 21 allvar
718 816 39 21 och
772 822 34 15 om
823 815 10 22 I
849 815 63 22 villen

83 845 64 21 hafva
170 852 25 15 en
218 845 65 22 sådan
307 845 153 27 landsfaderlig
483 845 96 27 regering
602 846 5 19 i
624 845 42 21 allo
683 845 44 21 sino
744 844 88 27 prydno.
863 843 49 22 Men

83 880 41 21 nog
139 874 80 21 härom.
251 874 42 21 För
308 875 42 20 min
367 874 32 21 del
416 881 64 14 anser
492 874 44 27 jag,
552 874 6 21 i
575 874 94 26 enlighet
684 873 47 21 med
745 873 117 21 utskottets
877 873 36 20 be-

82 903 115 26 tänkande,
221 905 33 19 att
277 903 35 21 det
334 905 24 18 är
381 902 37 21 allt
442 903 55 25 skäl,
520 906 33 17 att
568 908 24 15 en
610 902 65 21 sådan
692 902 57 25 fond,
766 907 45 16 som
828 902 40 20 den
884 907 30 15 nu

82 931 167 27 ifrågavarande,
274 932 33 20 må
322 931 100 26 indragas
438 931 33 21 till
491 931 39 21 den
548 930 68 28 öfriga
631 930 219 26 statshushållningen
874 930 39 21 och

82 962 31 18 att
137 960 128 21 statsverket
288 960 17 26 ej
329 960 38 21 bör
389 960 108 26 uppträda
512 960 70 21 såsom
599 959 118 27 långifvare
733 961 45 19 mot
794 961 52 25 pant
861 958 54 22 eller

82 988 75 27 dylikt.

152 1046 55 20 Herr
231 1046 119 21 Heikel:
375 1046 55 20 Herr
454 1046 97 26 Ignatius
573 1045 40 21 har
631 1047 110 24 gentemot
756 1045 106 21 utskottet
876 1050 37 15 an-

82 1074 78 26 märkt,
184 1077 32 18 att
239 1074 36 22 det
297 1075 76 20 endast
392 1076 24 19 är
432 1076 28 18 23
477 1074 24 21 år
517 1075 65 20 sedan
597 1073 260 22 amortissementsfonden
874 1073 39 21 bil-

83 1103 66 21 dades
172 1103 39 21 och
234 1105 32 19 att
287 1103 163 21 förhållandena
473 1103 27 26 på
523 1103 68 21 denna
615 1103 30 20 tid
662 1102 46 21 icke
723 1102 82 21 kunnat
820 1102 94 21 särdeles

82 1132 85 26 mycket
189 1132 118 20 förändras.
336 1131 41 27 Jag
397 1132 127 20 hemställer
547 1132 53 20 dock
623 1131 32 21 till
677 1131 49 21 herr
748 1130 102 27 Ignatius'
865 1133 49 24 eget

84 1160 142 27 bepröfvande
249 1166 33 15 om
302 1161 53 25 icke,
374 1160 46 20 ifall
436 1160 43 21 han
494 1160 79 26 jämför
588 1160 57 20 tiden
661 1160 28 26 på
705 1160 65 20 slutet
784 1159 24 21 af
820 1160 94 20 50-talet

83 1189 38 20 och
146 1188 39 21 den
209 1189 122 21 nuvarande
353 1190 6 19 i
375 1189 102 20 afseende
493 1189 13 20 å
521 1190 50 19 våra
586 1188 79 21 kredit-
681 1188 40 21 och
737 1187 117 22 finansiella
869 1187 44 21 för-

82 1216 120 27 hällanden,
223 1217 126 27 ställningen
373 1223 27 15 Bu
424 1219 24 18 är
471 1223 26 15 en
520 1217 45 21 helt
587 1223 77 19 annan,
685 1219 26 18 än
728 1217 39 20 den
783 1222 37 15 var
836 1215 33 22 då.
886 1228 27 3 —

83 1245 55 21 Herr
160 1245 95 27 Ignatius
277 1246 38 21 har
337 1246 72 21 vidare
432 1245 78 26 anfört,
527 1248 32 19 att
575 1246 36 21 det
625 1246 47 21 icke
688 1245 66 21 finnes
770 1244 96 22 enskilda
881 1244 33 21 in-

83 1274 124 27 rättoingar,
229 1280 45 15 som
300 1274 68 22 skulle
392 1274 120 21 försträcka
535 1274 118 27 penningar
675 1274 28 26 pä
725 1273 73 27 längre
821 1273 37 21 tid.
887 1273 27 26 Ej

83 1301 68 22 heller
166 1304 59 20 detta
241 1303 67 21 håller
323 1303 88 21 alldeles
426 1304 80 20 streck.
537 1303 64 22 Utom
618 1303 234 27 hypoteksföreningen,
868 1307 46 16 som

83 1330 130 22 fortfarande
236 1332 67 26 gifver
329 1332 40 25 län,
392 1331 68 22 finnes
484 1332 43 25 det,
550 1332 69 21 säsom
639 1331 85 26 bekant,
739 1330 51 21 flere
805 1336 109 15 assurans-

84 1359 68 28 bolag,
176 1359 108 28 offentliga
308 1360 38 21 och
369 1360 99 21 enskilda
484 1361 81 25 kassor,
581 1360 71 21 hvilka
668 1359 118 22 försträcka
802 1359 70 21 medel
887 1359 28 26 pä

83 1389 73 26 längre
171 1389 36 20 tid.
232 1389 48 20 Men
295 1389 112 21 skilnaden
424 1389 93 21 emellan
533 1389 47 21 dem
597 1389 39 21 och
651 1387 263 22 amortissementsfonden

83 1419 25 19 är
130 1417 47 25 den,
193 1419 32 20 att
241 1418 25 20 de
281 1417 58 22 förra
354 1417 76 21 kräfva
446 1424 28 14 en
491 1420 68 23 ränta,
575 1423 44 16 som
636 1419 25 19 är
677 1417 99 26 betingad
792 1417 23 20 af
829 1415 85 22 tidsför-

83 1445 134 27 hällandena,
233 1446 26 21 dä
275 1446 95 21 deremot
385 1445 46 22 från
448 1445 260 22 amortissementsfonden
725 1445 91 21 erhålles
832 1445 34 21 län
882 1444 33 21 till

84 1475 58 26 lägre
164 1476 62 19 ränta
248 1476 27 19 än
298 1480 48 16 man
369 1474 42 21 kan
428 1474 23 21 få
467 1474 27 27 pä
510 1474 65 28 något
590 1477 67 18 annat
671 1474 50 21 håll.
737 1486 27 2 —
780 1474 56 20 Herr
852 1473 62 27 Igna-

83 1503 42 20 tius
140 1503 40 20 har
190 1505 57 19 ännu
262 1505 53 24 sagt,
330 1505 33 18 att
378 1503 264 21 amortissementsfonden
658 1503 46 20 icke
720 1502 40 21 kan
773 1502 77 21 hindra
861 1508 54 20 upp-

83 1532 97 21 komsten
203 1531 22 21 af
247 1531 72 26 dylika
337 1531 153 27 inrättningar,
506 1537 45 16 som
568 1531 67 21 skulle
651 1531 57 26 gifva
723 1530 73 27 längre
812 1529 42 26 län,
869 1530 47 21 lika
