1125 1811
217 127 56 21 1650
459 132 178 20 Borgareständet
650 133 59 16 1882.
734 133 28 16 30
775 132 48 20 maj.

216 201 43 21 För
282 201 42 21 min
349 201 33 21 del
406 206 62 16 anser
489 201 37 26 jag
546 201 114 25 dessutom,
677 203 32 19 att
725 201 41 21 den
782 200 113 28 praktiska
910 202 73 26 nyttan
1000 208 50 14 vore

216 230 85 26 mycket
325 232 75 22 större,
425 236 32 14 om
482 236 48 14 man
554 229 45 21 icke
622 230 68 20 skulle
714 229 74 21 fordra
804 230 59 20 detta
880 229 168 28 examensbetyg.

217 258 28 22 Sä
268 261 59 18 snart
350 264 47 14 man
421 258 109 25 vidhäller,
551 260 32 18 att
599 261 98 23 parterne
714 260 37 19 äro
768 258 136 26 berättigade
920 260 31 19 att
968 258 21 21 fä
1004 259 47 21 sina

217 287 107 26 protokoll
347 287 100 25 antingen
461 286 27 27 pä
504 287 67 20 finska
587 286 5 21 i
609 286 155 27 öfversättning
781 287 24 20 af
819 287 124 26 kompetent
958 287 91 21 transla-

217 318 40 23 tor,
281 315 51 21 eller
355 315 97 26 svenska,
476 315 54 21 efter
552 321 44 15 som
620 315 25 21 de
667 315 72 24 önska,
758 321 62 15 anser
834 315 43 27 jag,
894 317 32 19 att
941 315 25 21 de
982 315 68 21 skulle

217 343 65 21 hafva
298 344 85 26 mycket
399 349 58 16 mera
472 346 61 25 nyttä
549 345 26 19 än
591 350 34 14 om
641 350 48 15 man
706 344 56 21 hade
782 350 26 15 en
821 344 92 26 domare,
925 350 44 15 som
981 344 68 21 blefve

217 372 88 26 tvingad
321 374 32 19 att
369 372 80 21 skrifva
465 373 69 26 nägon
550 373 115 24 rotvälska,
680 372 86 21 hvilken
778 372 95 21 hvarken
886 375 23 18 är
920 371 68 23 finska
999 373 51 20 eller

217 401 96 21 svenska.
337 413 27 3 —
386 401 41 27 Jag
443 401 41 21 kan
501 401 46 21 icke
562 401 54 20 fatta
632 401 54 20 hvad
703 401 36 21 det
756 403 24 19 är
796 401 32 20 för
844 407 25 15 en
886 402 87 20 rättvisa
989 402 12 24 i,
1017 403 33 19 att

218 429 223 26 hofrättstjenstemän
466 429 60 21 skola
550 431 77 25 utgöra
650 429 110 27 undantag
776 430 6 20 i
799 429 58 22 detta
873 429 104 22 afseende.
1007 429 43 21 Vill

218 465 25 14 en
267 458 167 27 häradshöfding
458 459 51 20 söka
530 458 31 26 sig
576 457 53 22 ifrån
646 465 25 14 en
687 457 55 22 finsk
760 459 102 25 domsaga
879 458 31 21 till
927 465 24 14 en
967 458 83 25 svensk,

218 487 53 20 eller
293 488 99 22 tvärtom,
416 487 28 21 dä
459 487 84 21 fordras
559 487 34 20 det
609 487 24 21 af
648 487 84 24 honom,
749 489 33 18 att
799 487 41 20 han
856 487 55 20 skall
926 487 125 26 ytterligare

218 521 49 15 resa
283 515 20 21 in
319 515 33 21 till
369 515 134 27 Helsingfors
523 515 32 21 för
571 518 31 18 att
617 518 50 24 taga
683 522 88 14 examen
789 515 6 20 i
812 516 36 20 det
864 522 39 14 ena
918 515 51 22 eller
984 516 67 21 andra

217 544 94 27 språket.
343 544 81 21 Sådant
439 544 101 21 behöfver
555 544 47 21 icke
617 551 25 14 en
655 543 191 22 hofrättsassessor
856 546 58 24 göra.
945 544 49 21 Man
1008 545 43 20 kan

218 573 52 21 visst
293 573 69 20 dertill
388 575 58 24 säga,
470 575 32 19 att
524 573 35 20 det
574 572 67 27 gäller
657 573 114 20 befordran
789 573 57 20 inom
863 579 80 14 samma
959 573 90 21 embets-

217 602 66 48 värka
305 601 49 21 Men
374 601 37 27 jag
433 602 57 20 inser
510 601 46 21 icke
571 603 32 19 att
619 601 36 21 det
671 607 49 15 vore
736 602 72 25 någon
824 601 84 21 skilnad
923 602 6 20 i
945 601 58 21 detta
1019 601 31 21 af-

218 636 83 14 seende.

288 686 55 22 Herr
359 686 160 28 Ignatius:
542 686 72 27 Några
637 686 128 28 föregående
790 687 68 20 talare
881 686 62 21 hafva
965 686 84 27 mycket

218 716 76 26 skarpt
305 716 113 25 pointerat,
431 715 113 21 huruledes
554 715 180 26 tjenstemännens
745 717 45 19 rätt
801 722 75 20 genom
889 716 129 26 antagandet
1029 715 22 21 af

219 744 69 21 denna
311 744 127 26 författning
461 744 67 20 skulle
550 744 99 21 kränkas.
679 744 41 26 Jag
743 744 37 20 vill
800 744 46 20 icke
862 744 67 20 inlåta
945 744 41 26 mig
1001 744 6 20 i
1023 750 26 15 en

219 779 109 20 noggrann
353 773 158 26 undersökning
534 779 33 14 om
589 773 61 20 dessa
665 772 212 21 rättsförhållanden.
908 773 40 26 Jag
965 772 33 21 vill
1015 779 34 14 en-

219 801 48 20 dast
289 801 56 20 fästa
365 801 215 26 uppmärksamheten
606 801 41 25 vid,
671 804 32 18 att
719 801 36 20 det
771 803 25 19 är
812 800 45 21 icke
874 801 74 20 endast
963 801 87 26 tjenste-

219 831 103 19 männens
337 830 134 26 rättigheter,
488 836 44 14 som
549 830 68 20 denna
633 829 125 26 författning
775 829 57 21 afser
847 832 33 18 att
895 829 87 26 reglera,
999 832 50 18 utan

219 858 61 21 äfven
299 858 39 21 den
354 861 59 18 stora
429 857 159 22 allmänhetens.
619 858 47 21 Ifall
683 861 78 18 tvenne
778 858 58 21 olika
846 858 203 21 rättsförhållanden

218 887 69 20 skulle
304 887 85 21 komma
404 887 6 20 i
427 886 89 21 konflikt
532 887 47 20 med
596 887 126 25 hvarandra,
738 887 43 20 blir
798 887 36 20 det
850 887 32 20 väl
893 887 158 25 lagstiftarenes

219 916 38 20 sak
280 917 33 19 att
335 915 86 21 försöka
445 915 61 26 skipa
527 917 48 23 rätt,
592 915 23 21 så
631 917 32 19 att
679 917 30 19 ett
726 915 59 26 lägre
802 915 90 21 intresse
907 915 32 21 får
954 915 49 21 vika
1017 914 33 22 för

219 946 32 18 ett
273 944 72 26 högre.
377 944 48 20 Men
446 944 38 26 jag
505 944 39 20 har
560 944 45 20 icke
622 944 49 20 med
685 944 117 26 anledning
819 944 60 20 deraf
894 943 73 27 begärt
983 944 68 25 ordet,

219 974 52 19 utan
292 972 45 27 just
361 972 47 21 med
431 973 113 25 anledning
560 972 23 21 af
597 973 69 20 denna
681 972 60 26 fråga
758 979 34 14 om
810 972 181 27 tjenstemännens
1006 974 44 19 rätt

219 1003 33 18 att
276 1013 24 2 —
321 1001 46 21 ifall
392 1001 64 21 saken
480 1001 109 21 betraktas
611 1008 26 14 ur
660 1001 69 21 denna
750 1001 109 27 synpunkt
875 1013 27 3 —
918 1001 45 21 icke
978 1001 73 21 kunna

219 1029 75 21 finska.
324 1030 41 26 Jag
387 1030 97 21 anhåller
500 1032 31 18 att
546 1030 21 20 få
582 1030 59 26 fråga
657 1030 52 20 hvar
725 1030 71 21 denna
813 1032 43 18 rätt
871 1029 66 21 finnes
953 1030 96 26 stadgad.

218 1058 41 26 Jag
283 1058 41 21 kan
348 1058 91 27 upplysa
462 1064 40 20 om,
526 1061 32 18 att
573 1058 36 22 det
625 1058 45 21 från
687 1058 153 21 århundraden
856 1058 89 21 tillbaka
960 1058 67 22 finnes
1041 1059 8 20 i

220 1086 107 27 offentliga
343 1086 157 28 författningar,
517 1087 166 27 riksdagsbeslut
700 1093 27 15 m.
736 1093 27 15 m.
777 1086 125 27 fastställdt,
919 1089 31 19 att
965 1087 84 26 tjenste-

219 1117 57 23 män,
301 1116 85 20 domare
411 1116 39 21 och
473 1116 71 25 andre,
565 1116 60 20 skola
641 1116 71 20 kunna
728 1115 76 21 finska.
835 1116 68 20 Dessa
919 1116 130 26 stadganden

219 1144 68 22 finnas
301 1144 46 21 från
363 1144 91 21 svenska
469 1144 139 28 frihetstiden,
625 1144 44 21 dels
685 1144 69 21 såsom
772 1150 50 15 svar
838 1144 28 27 pä
880 1144 170 21 Bondeständets

219 1173 121 26 petitioner,
364 1173 45 21 dels
432 1174 68 20 såsom
524 1173 99 27 kongliga
639 1173 48 21 bref
701 1173 32 21 till
749 1172 105 22 Finlands
870 1172 96 28 allmoge,
983 1172 44 22 dels
1043 1173 6 20 i

219 1201 110 27 offentliga
344 1202 252 27 författningssamlingar
611 1202 94 25 intagna.
736 1202 38 21 Att
792 1202 54 20 dock
862 1201 65 21 sedan
945 1202 53 20 1809
1011 1202 38 20 nå-

218 1231 38 25 got
279 1230 53 25 bref,
356 1236 46 15 som
424 1229 105 28 upplifvat
552 1231 68 20 denna
643 1230 128 27 skyldighet,
789 1230 48 21 icke
853 1232 114 23 emanerat,
985 1232 23 19 är
1024 1236 25 14 en

219 1259 166 26 omständighet,
410 1265 44 14 som
475 1259 42 20 kan
533 1259 72 26 läggas
621 1259 94 20 hvarken
732 1259 26 21 de
775 1259 124 20 nuvarande
914 1258 135 27 tjenstemän-

219 1293 48 17 nen,
291 1287 18 27 ej
333 1287 68 21 heller
423 1287 143 22 allmänheten
582 1287 33 21 till
629 1287 48 21 last.
709 1287 81 21 Hvems
807 1287 51 21 felet
874 1289 29 22 är,
919 1287 36 21 det
969 1288 34 21 må
1018 1287 32 21 hi-

219 1317 80 20 storien
322 1316 128 21 undersöka.
474 1329 26 2 —
524 1317 39 26 Jag
587 1315 95 22 anhåller
697 1318 33 19 att
744 1316 22 21 få
782 1316 116 27 godkänna
913 1315 138 22 förevarande

219 1344 57 21 kläm
293 1345 6 20 i
315 1344 151 22 betänkandet.

289 1403 56 20 Herr
361 1402 178 21 Molander:
563 1402 55 21 Herr
633 1401 96 28 Ignatius
749 1403 70 25 säger,
836 1403 31 20 att
883 1401 40 21 den
939 1403 58 20 stora
1012 1401 37 20 all-

219 1431 125 21 mänhetens
367 1433 45 19 rätt
434 1431 38 20 bör
495 1431 130 26 tillgodoses.
656 1430 84 22 Samma
764 1430 67 27 språk
847 1430 55 21 hade
918 1430 64 21 redan
1001 1430 50 21 herr

219 1459 134 21 Liukkonen.
384 1460 66 20 Detta
472 1461 24 19 är
509 1460 24 26 ju
548 1459 87 21 alldeles
650 1459 81 27 riktigt.
762 1459 52 21 Men
831 1459 19 20 vi
866 1459 52 20 böra
932 1459 45 20 icke
993 1458 58 20 hålla

219 1488 28 25 på
270 1488 59 21 detta
350 1490 89 22 ensamt,
458 1488 88 21 likasom
563 1488 20 20 vi
598 1488 47 21 icke
661 1487 60 21 skola
737 1487 59 21 hålla
812 1487 76 21 endast
903 1487 28 26 på
947 1487 24 21 de
988 1486 63 22 finsk-

219 1515 97 22 talandes
332 1516 133 27 rättigheter,
482 1519 50 18 utan
548 1516 60 21 äfven
624 1517 27 26 på
667 1515 26 22 de
708 1516 185 21 svensktalandes.
924 1515 55 22 Herr
989 1515 61 26 Igna-
