1125 1811
304 126 182 22 Borgareståndet
497 127 59 17 1882.
580 127 28 17 30
621 127 48 20 maj.
854 121 56 21 1663

75 196 6 21 i
99 196 59 21 detta
181 195 105 26 afseende,
310 195 39 21 har
369 195 38 27 jag
430 195 67 21 delvis
522 195 79 21 bemött
618 195 39 21 och
674 195 35 21 vill
725 195 125 27 ytterligare
866 196 42 20 till-

75 225 69 26 lägga,
160 226 31 20 att
207 224 60 21 äfven
283 224 5 20 i
306 224 61 21 dessa
383 224 103 21 brottmål
503 224 47 21 icke
565 223 62 21 alltid
643 224 115 26 åklagaren
768 226 24 18 är
802 224 107 26 klagande

75 255 55 25 part,
147 256 50 18 utan
214 252 66 22 oftast
296 259 25 14 en
337 253 70 26 privat
422 258 85 21 person,
524 252 85 21 hvilken
625 252 32 22 får
668 253 45 21 lösa
726 252 131 27 protokollet
868 252 39 21 och

76 288 45 15 som
137 282 82 21 således
235 281 38 21 bör
290 288 50 14 vara
357 282 39 20 den
413 281 168 26 bestämmande,
599 281 27 21 då
642 282 96 20 deremot
749 281 41 21 den
802 280 105 22 tilltalade

76 310 6 21 i
98 310 26 21 de
147 309 105 22 särskilda
277 309 44 25 fall,
337 309 27 21 då
391 309 41 21 han
458 309 101 21 besvärar
583 309 37 27 sig,
640 309 97 22 kommer
752 312 32 19 att
801 309 21 22 få
837 309 34 21 del
887 309 24 21 af

75 338 137 27 protokollet.

145 368 42 26 Jag
201 366 68 22 skulle
285 366 34 21 för
335 367 41 20 min
402 366 34 21 del
461 366 87 21 förorda
565 367 10 20 1
592 366 45 28 &:ns
654 367 120 26 antagande
790 366 40 22 och
846 373 63 14 anser

76 396 124 21 densamma
215 395 46 21 icke
277 395 33 21 stä
326 395 6 20 i
349 395 52 21 strid
418 395 49 21 med
484 395 36 22 det
535 395 80 26 tillägg,
632 401 45 15 som
694 395 86 22 ständet
796 396 64 21 redan
872 402 36 14 an-

76 425 55 26 tagit
147 425 27 26 pä
189 425 68 26 grund
273 423 22 22 af
309 424 49 21 herr
374 423 108 27 Procopös
497 423 84 27 förslag.

145 481 56 22 Herr
216 482 154 26 Ignatius:
401 481 57 21 Herr
481 481 106 26 Clouberg
602 481 40 20 har
657 481 109 27 redogjort
781 481 33 21 för
830 481 25 21 de
872 488 32 15 or-

76 511 68 25 saker,
161 517 45 15 som
229 510 104 21 föranledt
355 510 109 21 utskottet
486 512 32 19 att
540 510 75 26 frängä
636 510 41 21 den
692 510 80 26 ganska
789 510 61 21 enkla
867 510 40 21 och

76 539 108 27 naturliga
199 539 114 27 principen,
330 541 31 18 att
377 538 78 22 folkets
472 538 63 27 spräk
552 539 5 20 i
574 539 40 20 den
626 539 124 25 landsända,
764 539 37 20 der
812 539 94 20 domsto-

76 569 34 20 len
126 568 73 25 finnes,
216 567 63 21 äfven
295 567 66 21 borde
377 573 51 15 vara
444 567 131 21 domstolens
591 567 71 26 spräk.
693 567 68 21 Dessa
776 567 46 21 skäl
838 567 70 21 skulle

78 603 57 26 vara,
152 599 32 19 att
199 596 87 26 spräket
302 597 5 19 i
324 603 24 13 en
365 598 45 18 stor
434 596 33 20 del
484 596 23 20 af
521 597 51 19 vära
595 595 92 27 tingslag
703 597 22 19 är
741 596 64 25 olika,
822 596 18 20 d.
857 602 18 14 v.
892 601 18 15 s.

78 628 32 18 att
126 626 6 19 i
146 625 39 21 den
201 631 39 14 ena
256 624 92 21 socknen
371 624 55 21 talas
442 627 32 18 ett
490 624 38 21 och
544 624 6 20 i
567 624 40 21 den
623 624 66 21 andra
705 627 30 18 ett
758 627 64 18 annat
838 624 73 27 spräk,

74 654 24 26 ja
113 654 89 26 mängen
225 653 54 27 gäng
295 653 103 21 i.samma
422 654 78 20 socken
525 653 36 21 tvä
585 653 70 26 spräk,
680 652 86 22 hvarför
788 653 36 21 det
839 652 68 22 skulle

78 682 66 21 blifva
159 670 76 39 ylterst
251 682 57 21 svärt
323 684 33 19 att
371 688 77 20 genom
465 688 25 14 en
502 682 124 26 författning
638 682 117 20 bestämma
766 682 60 20 detta
837 682 71 26 spräk.

77 711 46 21 Den
140 711 118 21 kännedom
271 710 38 28 jag
324 711 38 21 har
379 717 33 14 om
429 710 164 21 förhällandena
609 711 6 20 i
627 710 46 21 värt
685 710 48 21 land
745 710 161 21 öfverensstäm-

77 746 45 14 mer
138 740 45 20 icke
200 739 47 21 med
263 740 39 20 den
326 739 136 27 uppfattning
485 739 49 21 herr
550 738 105 27 Clouberg
679 739 72 27 tyckes
766 738 70 22 hafva.
868 738 39 22 Sä-

78 768 44 21 vidt
142 768 36 27 jag
201 770 34 18 vet
258 770 23 18 är
304 768 105 21 hvardera
431 768 148 26 spräkgebitet
601 767 130 26 geografiskt
749 767 72 26 skildt,
844 767 19 21 d.
888 769 18 19 ä.

77 797 69 20 bildar
157 796 69 21 skilda
242 796 86 21 distrikt
344 797 32 20 för
392 796 38 26 sig.
455 797 83 20 Endast
553 796 7 21 i
576 796 157 27 undantagsfall
752 796 42 21 kan
811 796 35 21 det
862 796 44 20 mä-

77 825 71 21 hända
162 825 68 21 finnas
244 825 126 21 kommuner
385 825 6 20 i
407 825 127 27 tingslagen,
550 825 37 20 der
603 825 144 21 förhällandet
758 827 23 19 är
792 827 30 18 ett
834 827 73 18 annat.

76 853 50 22 Men
142 854 62 21 dessa
219 854 108 26 undantag
343 856 37 19 äro
402 853 25 22 sä
440 856 80 24 ytterst
543 853 26 26 fä,
585 856 32 19 att
633 853 76 22 sädant
725 853 47 22 icke
788 853 54 21 hade
858 853 50 21 bort

76 883 89 20 inverka
180 883 27 25 pä
222 882 115 26 principen.

146 938 55 22 Herr
216 938 173 22 Fabritius:
434 938 41 21 Till
492 945 26 14 en
542 938 73 27 början
633 938 36 21 ber
687 939 36 26 jag
745 941 31 19 att
797 938 21 22 få
834 938 74 21 förena

77 968 42 26 mig
135 968 47 20 med
198 967 49 21 herr
262 967 80 21 Berner
358 968 80 25 derom,
455 970 33 18 att
504 968 6 20 i
527 968 68 21 denna
611 967 100 27 paragraf
725 967 61 21 äfven
803 968 64 20 måtte
876 968 31 20 in-

76 996 57 21 föras
149 996 102 21 Senatens
264 996 239 27 justitiedepartement.
536 997 40 20 Det
592 996 68 21 skulle
677 996 77 26 uppstä
776 1002 26 14 en
825 998 83 19 väsent-

76 1025 29 26 lig
120 1024 64 22 lucka
199 1025 5 20 i
222 1025 54 21 1863
292 1024 34 22 ärs
341 1025 126 25 förordning
483 1025 39 21 och
538 1024 121 28 syftemälet
675 1025 46 21 med
738 1025 69 20 denna
826 1024 81 21 förord-

75 1054 73 25 ning
138 1049 12 35 i
169 1053 104 27 väsentlig
295 1054 52 25 grad
370 1053 93 26 förfelas,
490 1054 72 21 derest
583 1054 47 20 icke
646 1053 65 21 ocksä
727 1053 45 21 frän
787 1053 121 27 justitiede-

76 1084 143 24 partementet
234 1082 122 21 utfärdades
372 1082 149 27 expeditioner
536 1083 27 26 pä
577 1082 69 21 finska
661 1082 87 26 spräket
763 1082 23 20 ät
802 1082 25 20 de
843 1081 64 21 finsk-

76 1110 86 22 talande
177 1114 106 23 parterna.
299 1123 27 3 —
341 1110 139 22 Beträffande
503 1111 64 21 sedan
591 1111 36 21 det
643 1110 70 28 spräk,
733 1110 82 21 hvilket
830 1110 35 21 vid
881 1110 25 21 de

76 1139 106 22 särskilda
198 1140 143 20 domstolarne
357 1140 67 20 borde
440 1140 117 26 användas,
573 1140 67 20 mäste
653 1140 38 26 jag
706 1139 126 21 derutinnan
848 1140 7 20 i
871 1138 36 22 det

76 1170 108 19 närmaste
206 1168 73 21 förena
302 1168 43 26 mig
368 1175 34 14 om
424 1168 120 22 utskottets
563 1168 141 21 betänkande.
736 1168 37 21 Att
789 1168 119 21 bestämma

76 1196 35 21 det
128 1197 33 20 vid
177 1196 229 21 kommunalstämman
423 1198 100 20 använda
539 1197 87 26 språket
643 1197 31 20 till
691 1196 116 27 afgörande
824 1196 5 21 i
846 1196 61 21 detta

76 1225 121 21 hänseende
212 1231 62 15 anser
287 1225 37 27 jag
339 1226 46 21 icke
401 1231 52 15 vara
470 1225 103 27 lämpligt,
589 1225 89 21 emedan
695 1225 74 21 sädant
785 1224 68 21 skulle
864 1225 43 20 för-

76 1254 78 21 orsaka
170 1253 159 22 bibehällandet
345 1254 22 21 af
382 1256 31 19 ett
428 1254 141 24 förhällande,
586 1261 44 14 som
647 1254 88 21 allmänt
751 1254 13 21 &
779 1253 26 22 de
821 1253 85 21 finskta-

76 1282 74 21 landes
166 1282 46 21 sida
227 1282 70 21 blifvit
321 1283 155 26 öfverklagadt,
499 1283 104 26 nämligen
621 1283 41 26 det,
679 1285 32 18 att
727 1289 25 14 en
768 1282 140 26 medborgare

75 1311 163 26 nödvändigtvis
261 1311 54 22 skall
338 1311 79 26 begära
444 1313 34 20 att
494 1311 46 22 utfä
558 1311 23 21 ät
595 1311 32 27 sig
643 1318 25 14 en
692 1311 120 27 expedition
829 1311 27 26 pä
872 1311 35 20 det

76 1339 71 27 spräk,
163 1345 44 15 som
232 1340 41 21 han
295 1342 24 19 är
334 1340 81 26 mäktig
438 1342 34 19 att
496 1340 49 21 tala.
577 1340 60 21 Dock
653 1340 68 21 skulle
734 1340 36 27 jag
786 1340 6 21 i
808 1339 100 21 afseende

76 1368 12 21 å
104 1367 109 27 brottmål,
227 1369 22 26 ja
265 1369 60 21 äfven
341 1369 7 20 i
364 1369 68 26 öfriga
449 1369 49 25 mål,
514 1375 45 15 som
575 1375 25 14 en
618 1369 125 26 tjensteman
760 1369 27 26 pä
802 1367 105 22 embetets

75 1399 81 24 vägnar
171 1396 63 26 utför,
251 1397 7 21 i
274 1397 67 21 likhet
356 1397 49 21 med
424 1397 52 22 herr
491 1397 80 22 Berner
587 1397 84 26 föreslä,
687 1399 32 19 att
734 1397 174 26 expeditionerna

76 1425 68 22 skulle
160 1427 57 19 rätta
240 1426 32 27 sig
294 1426 55 21 efter
375 1427 195 25 svarandepartens
593 1426 70 27 spräk.
687 1439 28 2 —
737 1425 171 22 Vidkommande

75 1454 99 26 slutligen
190 1454 75 26 frägan
288 1461 34 14 om
338 1455 26 20 de
380 1455 130 21 hemställda
526 1455 75 24 mälen,
623 1455 39 20 har
676 1455 41 26 jag,
733 1454 66 20 under
815 1454 39 21 den
871 1460 37 14 an-

75 1483 107 26 vändning
195 1483 36 27 jag
246 1483 56 26 gjort
318 1482 23 22 af
355 1482 69 22 finska
435 1484 90 26 språket
540 1484 7 20 i
563 1483 151 27 expeditioner,
725 1482 77 27 funnit,
813 1485 32 19 att
856 1488 51 21 upp-

75 1511 121 26 sättningen
219 1511 22 20 af
263 1511 263 26 brottmälsexpeditioner
540 1511 7 21 i
563 1511 117 22 allmänhet
703 1513 23 19 är
748 1511 34 21 till
805 1511 39 21 och
860 1511 48 21 med
