1125 1811
220 130 55 20 1370
468 134 179 22 Borgareständet
660 134 57 17 1882.
743 134 23 17 19
779 134 51 21 maj.

219 203 80 22 märke.
331 203 27 22 Sä
381 203 40 21 har
444 203 36 21 det
495 202 60 22 äfven
571 202 44 22 ofta
630 202 143 27 praktiserats
790 202 49 22 med
856 202 134 28 handlingar,
1005 210 46 15 som

219 233 48 25 gätt
282 232 21 21 in
319 232 32 21 till
367 231 141 24 embetsverk,
525 231 38 21 och
579 231 133 21 hofrätterne
728 230 65 22 hafva
810 232 49 20 lätit
874 232 115 21 domarene
1004 232 47 21 der-

221 262 34 20 för
271 260 100 22 förblifva
387 260 121 28 opätalade.

291 317 56 22 Herr
369 317 169 27 Federley:
562 317 33 21 Då
609 316 106 22 utskottet
730 317 7 21 i
753 316 11 27 &
776 317 28 21 37
814 317 123 28 föreslagit:
955 317 96 26 ,Stämp-

221 346 46 21 ladt
282 352 88 21 papper,
387 352 45 15 som
449 345 21 22 af
485 345 172 26 Häradshöfding
672 345 153 27 utregvireras,
837 346 54 21 skall
899 352 76 20 genom
985 346 66 21 Läne-

219 375 118 27 styrelsens
360 375 85 26 försorg
467 374 149 21 kostnadsfritt
639 373 78 22 honom
743 373 136 26 tillsändas*,
903 377 45 19 tror
960 375 43 26 jag,
1019 376 32 19 att

221 403 88 22 dermed
333 405 24 20 är
378 403 139 27 tillgodosedt
540 402 53 21 hvad
609 403 115 21 domarene
739 402 28 27 pä
783 403 75 21 landet
874 403 101 21 beträffar
990 403 62 21 deras

221 432 67 21 behof
311 432 22 21 af
359 432 177 27 stämpelpapper.
566 431 60 21 Blott
651 431 26 21 de
702 433 37 19 äro
766 431 128 27 tillräckligt
909 431 142 25 förutseende,

221 461 74 21 kunna
317 461 25 20 de
365 461 6 20 i
394 461 43 26 god
456 460 30 21 tid
502 459 55 22 förse
572 460 31 26 sig
620 460 70 21 direkt
705 459 47 22 frän
769 460 111 26 ränteriet,
896 461 38 20 der
949 461 26 20 de
991 459 59 22 alltid

221 490 54 21 böra
291 489 22 21 få
329 489 25 21 de
369 489 85 21 valörer
470 488 22 21 af
506 489 178 26 stämpelpapper,
699 495 46 14 som
762 489 26 20 de
801 488 97 22 behöfva.
930 489 45 22 Och
983 488 68 22 skulle

219 518 38 27 jag
273 518 71 21 derför
359 518 41 21 och
416 517 27 22 dä
458 517 54 21 väda
528 517 40 21 lätt
583 517 42 21 kan
645 517 77 27 uppstä
737 523 78 20 genom
832 519 32 20 att
880 517 70 22 tilläta
965 518 36 20 det
1016 524 35 15 ex-

222 547 147 26 peditionerna
393 546 46 21 icke
462 545 65 22 blifva
549 545 115 27 behörigen
688 545 11 22 &
715 546 64 21 karta
795 546 110 24 affattade,
920 546 83 27 föreslå,
1019 547 33 20 att

221 575 126 28 paragrafen
362 575 124 27 godkännes
501 574 133 22 oförändrad.

292 632 55 21 Herr
370 631 158 27 Ignatius:
554 630 94 22 Orsaken
672 630 88 22 hvarför
784 630 34 22 för
842 631 134 21 embetsverk
998 632 54 20 före-

220 660 98 22 skrifvits
341 660 139 27 begagnande
502 660 24 20 af
546 660 178 27 stämpelpapper,
749 660 27 21 dä
800 660 98 21 deremot
918 661 22 20 ät
955 660 97 21 enskilda

221 689 72 21 blifvit
315 689 115 26 medgifvet
453 688 139 22 användande
615 688 22 21 af
658 688 190 27 stämpelmärken,
870 695 62 15 anser
949 688 36 27 jag
1001 695 51 15 vara

221 718 49 25 den,
293 720 33 18 att
348 717 135 21 embetsverk
509 717 39 21 och
571 717 126 27 tjenstemän
717 717 122 27 egentligen
856 719 37 19 äro
909 717 143 21 kontrollörer

222 746 34 21 för
272 746 25 21 de
313 746 97 21 enskilda
426 749 106 23 parterna,
549 745 60 22 skola
625 745 63 27 tillse,
704 747 32 20 att
752 746 63 21 dessa
832 746 96 27 uppfylla
942 746 56 21 hvad
1009 746 42 21 för-

221 775 120 26 fattningen
357 774 143 21 föreskrifver.
530 775 28 20 22
573 775 11 25 S
600 774 23 21 af
637 774 154 26 författningen
802 776 64 25 säger
874 774 75 26 jemväl
957 774 94 27 uttryck-

223 803 63 28 ligen,
313 805 32 19 att
361 803 93 21 embets-
470 802 40 22 och
525 803 127 26 tjensteman
669 802 33 21 för
718 802 150 22 försummelse
884 803 127 22 härutinnan
1028 805 24 19 är

221 831 147 22 underkastad
390 837 84 15 ansvar.
505 831 40 21 Vid
570 831 73 27 hvarje
666 831 136 21 embetsverk
817 831 41 21 har
872 832 37 21 det
924 831 80 22 funnits
1020 834 31 19 ett

221 861 59 26 slags
295 861 98 26 stämpel,
409 860 137 27 hvarigenom
561 866 48 15 man
625 860 82 21 kunnat
722 860 113 21 makulera
850 860 200 27 stämpelmärkena.

223 889 66 21 Detta
304 891 24 19 är
343 895 26 15 en
385 889 94 21 kontroll
495 888 65 26 öfver,
576 890 33 19 att
624 888 34 21 vid
675 888 163 21 embetsverken
855 889 17 26 ej
890 889 72 20 vidare
972 889 34 21 mä
1014 889 37 21 be-

222 923 81 21 gagnas
325 917 57 21 förut
404 916 96 22 använda
515 917 185 26 stämpelmärken.
731 917 78 27 Nägon
825 923 71 15 annan
911 917 92 21 kontroll
1019 917 33 21 för

223 946 163 21 embetsverken
408 944 68 23 finnes
498 946 26 26 ej,
550 947 26 19 än
599 948 33 19 att
655 946 26 20 de
699 945 85 22 utfärda
801 946 46 21 sina
864 946 144 26 expeditioner
1023 946 38 30 pä,

221 975 181 27 stämpelpapper.

292 1032 55 21 Herr
371 1031 173 22 Molander:
567 1031 42 21 Det
632 1033 24 19 är
676 1031 52 21 visst
743 1033 56 25 sant,
816 1034 32 18 att
864 1031 42 24 det,
922 1037 45 16 som
983 1032 68 21 skulle

222 1061 87 21 komma
328 1062 33 19 att
376 1066 40 20 ega
431 1066 54 20 rum,
501 1059 45 22 ifall
562 1060 49 21 mitt
626 1060 80 26 förslag
722 1062 96 24 antages,
835 1060 42 21 kan
893 1060 110 21 föranleda
1018 1060 33 22 till

222 1088 106 23 missbruk
343 1089 49 21 med
407 1089 177 27 stämpelpapper.
615 1088 48 22 Men
679 1094 83 16 samma
777 1088 43 22 kan
836 1088 62 22 äfven
913 1088 65 22 blifva
993 1089 59 21 fallet

221 1124 36 15 om
280 1124 49 15 man
352 1121 15 17 t.
391 1124 32 14 ex.
440 1117 91 21 skrifver
546 1123 25 15 en
587 1118 122 26 expedition
725 1118 27 26 pä
768 1118 132 26 ostämpladt
916 1124 81 20 papper
1012 1117 39 21 och

221 1149 62 24 tager
299 1146 58 21 lösen
372 1146 32 21 för
419 1146 176 27 stämpelpapper.
627 1146 30 21 Pä
674 1146 71 21 landet
761 1148 25 19 är
802 1146 36 21 det
854 1146 80 21 kanske
950 1146 102 26 ejsäfar-

222 1175 39 27 ligt
282 1175 47 21 med
345 1175 72 24 saken,
434 1175 26 21 dä
476 1174 101 22 domaren
593 1174 97 27 vanligen
707 1175 38 20 har
761 1174 40 22 råd
817 1174 39 22 och
873 1174 85 22 tillfälle
973 1177 32 19 att
1020 1181 33 15 re-

221 1204 85 26 avirera
328 1203 81 21 kartor.
440 1203 49 22 Men
508 1203 36 21 det
558 1202 67 22 finnes
641 1204 6 19 i
663 1203 119 21 småstäder
799 1203 96 21 notarius
911 1203 102 26 publicus,
1030 1203 24 21 af

222 1232 74 21 hvilka
321 1238 48 15 man
393 1231 17 27 ej
435 1232 41 21 kan
500 1231 78 26 fordra,
602 1233 32 20 att
657 1231 26 21 de
698 1231 61 22 skola
774 1232 58 21 förse
848 1231 32 27 sig
896 1231 47 22 med
959 1231 58 26 lager
1032 1237 12 16 a

222 1257 80 34 kartor.
1043 1272 3 2 2

293 1317 56 22 Herr
371 1317 169 22 Stenbäck:
564 1317 127 21 Kontrollen
714 1317 22 21 af
754 1317 176 26 stämpelpapper
944 1319 24 18 är
983 1317 33 20 väl
1032 1317 22 20 af

222 1346 87 27 frågans
332 1346 114 27 vigtigaste
470 1346 65 24 delar,
551 1346 38 21 och
606 1346 68 26 någon
691 1352 70 15 annan
778 1345 94 22 kontroll
889 1346 42 20 kan
946 1345 46 22 icke
1007 1345 45 21 exi-

223 1377 58 18 stera
298 1374 32 21 för
346 1377 31 19 ett
393 1374 140 26 embetsverk,
549 1376 26 19 än
591 1377 32 18 att
639 1375 35 20 det
691 1374 99 21 utfärdar
805 1375 48 20 sina
868 1374 146 27 expeditioner
1025 1374 28 27 pä

222 1403 182 27 stämpelpapper.
434 1403 31 27 Ty
488 1403 68 27 gifver
578 1409 48 15 man
643 1403 82 26 engäng
741 1402 102 22 tillätelse
858 1403 34 20 för
907 1405 31 19 ett
954 1403 51 20 verk
1021 1404 32 19 att

223 1432 98 27 begagna
337 1432 171 27 stämpelmärke,
524 1433 24 20 är
563 1432 5 21 i
585 1431 40 22 och
641 1432 47 21 med
705 1432 119 21 detsamma
837 1431 79 27 jemväl
933 1431 120 21 kontrollen

223 1460 99 22 förstörd.
353 1461 41 25 Jag
409 1461 68 20 mäste
493 1460 72 21 derför
579 1460 53 27 yrka
647 1461 34 25 pä,
697 1463 32 18 att
745 1460 128 26 paragrafen
889 1459 103 27 gvarstär.
1015 1459 38 21 Att

223 1489 76 21 kartor
314 1494 25 16 en
356 1489 40 21 och
412 1495 70 15 annan
498 1488 55 27 gäng
568 1488 72 22 kunna
655 1488 84 25 saknas,
756 1490 24 19 är
797 1488 89 27 möjligt.
912 1488 49 21 Men
977 1488 76 21 sädant

224 1517 39 21 bör
286 1523 47 15 man
357 1517 54 21 dock
435 1517 72 21 kunna
530 1517 133 21 förekomma
685 1517 130 26 derigenom,
838 1519 33 18 att
887 1523 48 14 man
951 1515 102 23 tillhäller
