1125 1811
328 142 182 22 Borgareståndet
521 144 59 16 1882.
606 144 23 16 16
642 144 49 20 maj.
866 139 50 21 1271

87 212 57 21 finna
166 218 35 15 oss
224 212 35 22 vid
282 212 25 21 de
330 212 52 22 sista
405 212 83 21 tiderna
506 212 24 21 af
544 212 131 21 Ständernas
690 218 156 16 sammanvaro.
876 213 42 26 Jag

87 242 52 24 tror,
162 243 33 19 att
217 242 6 21 i
247 240 100 22 händelse
371 240 85 22 ständet
478 240 70 21 kunde
571 240 74 22 förena
660 240 33 27 sig
708 247 34 15 om
756 241 35 21 det
808 241 110 27 förelagda

88 268 106 28 förslaget,
218 270 70 21 kunde
311 270 32 20 för
359 269 85 27 frägans
459 269 84 25 hastiga
559 268 82 27 lösning
657 275 26 15 en
698 269 126 27 inbjudning
840 276 76 20 genom

87 298 198 26 protokollsutdrag
307 297 75 22 aflätas
404 297 32 22 till
459 297 26 22 de
506 297 69 27 öfriga
589 297 90 22 ständen
695 298 33 21 för
743 298 85 27 frägans
843 300 75 25 uppta-

86 327 68 26 gande
170 327 7 20 i
192 327 40 20 den
249 326 94 27 riktning
355 326 37 27 jag
408 325 46 22 haft
469 327 52 20 äran
537 325 84 22 föreslå.

155 384 56 21 Herr
257 384 116 26 Malmgren
410 383 102 22 förevade
527 383 33 27 sig
575 383 48 22 med
639 383 50 22 herr
704 383 102 28 Procopé.

156 441 55 21 Herr
232 440 129 27 Öhberg:
392 441 30 20 På
444 440 22 22 af
488 441 50 21 herr
560 440 93 22 Neovius
669 441 134 21 framställda
818 441 46 22 skäl
879 441 38 22 vill

83 469 38 27 jag
143 469 139 27 understödja
301 469 52 22 hans
371 469 85 27 förslag.
488 469 139 26 Landtdagen
644 471 25 19 är
684 469 23 22 så
723 469 59 27 långt
796 470 120 24 framliden,

86 499 33 20 att
138 498 37 26 jag
198 500 52 23 tror,
272 498 35 21 det
330 505 25 14 en
377 498 121 21 återremiss
518 498 30 21 till
565 498 106 21 utskottet
687 498 111 27 härvidlag
812 499 19 26 ej
847 499 69 21 skulle

86 532 50 15 vara
159 527 27 26 på
209 527 31 20 sin
264 527 61 26 plats.
346 527 42 26 Jag
403 527 69 20 skulle
488 527 78 26 derför,
582 527 6 20 i
604 527 68 21 likhet
687 527 47 21 med
751 527 49 21 herr
816 527 99 26 Neovius,

84 555 54 26 yrka
154 555 27 26 på
196 555 100 22 ärendets
312 555 153 27 bordläggning
482 555 32 21 till
532 557 62 20 nästa
609 555 165 22 sammanträde.

157 612 56 20 Herr
237 611 167 27 Wallgren:
434 612 33 21 Då
488 612 37 27 jag
547 618 62 15 anser
632 612 73 26 frågan
729 618 49 15 vara
801 612 23 22 af
840 612 76 27 högsta

85 641 44 27 vigt
145 640 39 22 och
200 640 60 22 äfven
276 642 24 19 är
316 640 123 28 öfvertygad
456 647 41 19 om,
513 643 33 19 att
561 640 59 22 detta
636 641 69 23 stånd,
721 641 69 21 såsom
806 647 109 21 represen-

86 670 88 21 terande
187 668 45 27 just
247 670 106 25 städerna,
362 669 76 28 hyllar
453 675 83 15 samma
551 669 60 26 åsigt,
628 670 36 20 vill
677 669 38 27 jag
730 669 72 22 förena
813 670 43 26 mig
866 670 49 21 med

85 698 74 21 herrar
182 698 92 21 Neovius
295 698 40 21 och
357 698 87 26 Öhberg
465 704 34 15 om
519 698 40 21 den
575 700 40 24 väg
631 698 49 21 herr
695 698 93 22 Neovius
804 698 110 27 föreslagit

84 727 70 21 såsom
170 732 87 16 snarare
272 726 91 22 ledande
379 726 31 22 till
427 726 70 22 målet.

154 784 55 20 Herr
231 783 130 27 Hoving:
393 779 66 25 Äfven
482 784 36 26 jag
540 783 69 22 skulle
632 784 75 21 förena
727 784 43 25 mig
785 784 80 25 derom,
881 785 33 20 att

84 811 75 28 frågan
182 811 107 27 afgjordes
312 818 27 15 nu
362 811 34 22 vid
420 812 68 21 denna
507 812 109 32 landtdag,
632 812 39 21 och
688 812 19 27 ej
723 813 69 20 såsom
808 813 106 20 utskottet

83 829 90 33 föreslår
188 841 108 20 lemnades
312 840 113 21 beroende.
454 840 50 22 Men
518 841 37 27 jag
569 841 50 20 ville
634 841 53 26 utgå
703 841 45 21 från
765 841 65 26 några
846 841 68 20 andra

83 869 137 26 synpunkter,
237 871 26 18 än
280 869 46 20 dem
343 869 49 21 herr
408 869 92 21 Neovius
509 869 104 27 uppställt
628 869 34 21 för
677 869 86 26 frågans
773 869 140 21 bedömande.

82 897 57 21 Herr
154 897 93 21 Neovius
263 897 44 26 har,
324 897 88 21 likasom
428 898 112 25 utskottet,
557 898 117 26 föreslagit,
691 900 32 18 att
735 897 100 21 städerna
846 897 66 21 borde

83 926 48 21 med
154 926 53 21 visst
226 926 76 27 belopp
318 926 88 26 bidraga
422 926 32 21 till
470 926 40 21 den
526 926 75 22 kassas
617 926 106 26 bildande,
739 926 107 21 hvarifrån
863 932 49 20 pen-

83 954 71 22 sioner
170 954 84 22 komme
269 957 33 18 att
318 954 92 21 tilldelas
423 955 113 21 städernas
547 954 177 22 folkskolelärare
736 955 38 21 och
786 954 125 22 lärarinnor.

82 982 33 22 Då
137 983 145 21 kostnaderna
305 982 33 22 för
360 983 145 21 folkskolorna
529 983 104 22 bestridas
657 984 55 20 både
733 984 6 20 i
762 984 47 20 stad
830 983 38 21 och
884 983 28 27 på

83 1012 71 21 landet
178 1012 46 21 med
249 1012 74 26 bidrag
344 1012 33 21 till
398 1018 25 14 en
439 1012 34 21 del
489 1012 23 21 af
526 1012 203 26 bevillningsmedel,
746 1018 61 15 anser
820 1012 44 26 jag,
880 1014 32 19 att

82 1040 111 21 städernas
216 1041 69 20 lärare
301 1040 38 21 och
359 1040 119 22 lärarinnor
493 1040 67 22 borde
575 1047 51 15 vara
642 1040 107 22 likställda
765 1040 57 22 hvad
837 1040 75 26 frågan

81 1074 35 15 om
140 1069 148 27 pensionering
303 1069 138 26 vidkommer,
458 1069 39 21 och
514 1071 32 19 att
562 1069 82 21 således
660 1070 100 20 städerna
775 1069 46 21 icke
837 1068 74 24 borde,

81 1097 7 21 i
111 1100 90 18 motsats
224 1100 45 18 mot
291 1082 223 52 landskommunerna,
539 1104 51 15 vara
613 1097 96 27 skyldiga
725 1099 32 19 att
773 1097 90 33 bidraga
879 1097 33 21 till

81 1126 41 20 den
146 1126 69 24 kassa,
239 1126 107 21 hvarifrån
363 1127 87 26 pension
471 1126 68 22 skulle
556 1126 89 27 utdelas,
661 1130 51 17 utan
727 1126 69 22 skulle
808 1126 37 27 jag
861 1125 50 27 vilja

80 1154 159 22 återremittera
261 1155 88 21 ärendet
371 1155 33 21 till
427 1155 107 21 utskottet
557 1155 33 21 för
611 1143 34 33 att
657 1155 106 21 utskottet
779 1155 67 21 måtte
861 1157 50 23 taga

80 1183 119 21 detsamma
222 1183 54 27 ånyo
296 1183 67 21 under
378 1183 130 26 behandling
523 1183 40 21 och
579 1183 34 21 för
628 1184 119 21 Ständerna
763 1183 78 21 föreslå
855 1182 55 22 huru

81 1217 26 14 en
123 1211 66 21 sådan
206 1211 63 22 kassa
284 1211 71 22 kunde
370 1211 69 22 bildas
455 1212 49 21 med
520 1212 203 26 bevillningsmedel,
735 1215 50 18 utan
796 1214 32 19 att
841 1211 70 22 lands-

80 1239 53 22 eller
148 1239 212 22 stadskommunerna
376 1240 101 21 särskildt
493 1240 92 21 behöfde
601 1240 89 27 bidraga
706 1240 80 25 dertill;
803 1239 57 26 eller,
876 1245 34 16 om

80 1268 65 26 något
160 1268 76 21 sådant
252 1268 75 27 bidrag
341 1269 69 21 skulle
424 1269 87 21 komma
527 1269 6 21 i
550 1269 65 26 fråga,
632 1269 36 21 det
685 1269 26 21 då
724 1269 68 21 skulle
803 1268 51 27 utgå
866 1268 45 21 lika

80 1295 34 22 väl
129 1296 48 21 från
192 1297 69 21 stads-
277 1303 45 16 som
338 1297 46 21 från
401 1298 224 21 landskommunerna.

149 1353 55 22 Herr
227 1354 164 27 Federley:
421 1355 42 26 Jag
486 1355 96 21 anhåller
605 1361 34 15 om
655 1355 154 27 bordläggning
824 1354 24 21 af
861 1353 50 22 herr

79 1382 94 22 Neovius
188 1382 79 28 förslag
282 1383 31 21 till
330 1385 61 20 nästa
406 1383 164 22 sammanträde.

148 1439 55 22 Herr
219 1440 175 21 Lindblom:
414 1440 41 27 Jag
471 1441 49 20 ville
536 1440 75 21 endast
626 1440 103 26 meddela,
746 1442 32 19 att
791 1439 36 28 jag
843 1445 66 22 gerna

78 1468 34 20 för
128 1468 42 21 min
187 1468 32 21 del
235 1468 69 22 skulle
320 1468 88 27 bidraga
424 1469 31 21 till
472 1468 86 28 frågans
574 1469 83 26 lösning
672 1468 34 21 vid
718 1469 68 21 denna
798 1468 110 26 landtdag,

78 1496 70 21 såvidt
165 1496 82 27 möjligt
262 1498 29 19 är.
319 1496 47 21 Men
380 1497 37 26 jag
432 1497 40 20 har
488 1498 18 25 ej
523 1499 76 23 ansett,
611 1500 32 17 att
655 1497 160 21 statsutskottet
826 1497 82 20 kunnat

78 1527 50 24 taga
143 1525 70 26 någon
229 1525 94 21 definitiv
340 1525 119 27 befattning
475 1525 94 27 dermed,
585 1526 28 21 då
628 1525 51 22 flere
695 1525 113 27 petitioner
824 1525 6 20 i
843 1525 66 21 saken
