1125 1811
310 132 184 22 Borgareståndet
505 132 59 17 1882.
589 132 26 18 27
626 132 49 21 maj.
851 127 53 21 1611

76 202 28 21 let
120 202 42 21 kan
178 200 133 27 naturligtvis
327 201 47 21 icke
390 207 58 15 mera
464 203 74 19 rättas.
571 200 48 22 Men
635 201 36 21 det
687 201 41 21 kan
745 207 110 21 repareras
870 208 36 20 ge-

75 237 49 15 nom
148 237 26 15 en
196 229 57 21 bana
277 230 32 21 till
325 229 185 21 Willmanstrand.
541 230 41 25 Jag
598 231 24 19 är
638 230 23 20 så
677 230 125 26 öfvertygad
818 236 41 19 om,
874 232 32 18 att

76 259 69 21 denna
167 259 55 21 bana
245 258 68 21 skulle
342 258 96 21 medföra
454 260 32 19 ett
502 258 113 27 väsentligt
631 258 92 22 tillskott
739 258 33 21 till
788 258 90 21 trafiken
894 258 13 21 å

76 288 26 21 de
117 294 29 15 nu
161 287 133 21 existerande
310 287 102 25 banorna,
429 289 33 18 att
476 287 37 26 jag
529 286 125 27 obetingadt
670 287 35 20 vill
721 287 86 20 förorda
827 293 25 14 en
868 286 39 27 dy-

76 316 29 21 lik
130 317 83 20 bibana.
245 315 56 21 Herr
327 315 107 21 Pelkonen
460 315 40 21 har
527 315 124 26 ytterligare
671 315 72 26 dragit
759 315 53 21 fram
829 314 77 24 siffror,

75 345 74 21 hvilka
164 345 72 20 bevisa
252 344 55 21 huru
321 350 50 21 pass
387 347 45 18 stor
447 343 93 22 trafiken
556 345 24 19 är
595 343 68 22 under
678 344 25 21 de
721 350 137 21 ogynsamma
866 344 41 21 för-

76 373 120 26 hållanden,
221 379 45 14 som
283 373 37 20 der
336 379 27 14 nu
380 373 99 20 existera.
511 372 50 21 Man
578 372 38 21 har
631 372 94 26 invändt,
741 375 31 18 att
788 372 71 22 Saima
875 372 31 27 sjö

76 403 6 20 i
102 402 72 27 hvarje
189 401 37 21 fall
241 401 85 21 komme
342 403 33 19 att
390 401 112 21 förbindas
518 401 47 21 med
579 401 166 27 jernvägsnätet,
762 407 50 15 vare
828 402 31 26 sig
875 404 32 18 att

76 430 109 22 mellersta
209 430 127 21 stambanan
363 430 75 26 drages
456 432 59 19 öster
530 430 52 21 eller
597 432 70 19 vester
683 436 33 15 om
733 429 78 22 Saima.
841 430 66 21 Detta

76 460 42 21 kan
143 465 39 20 ega
207 459 31 20 sin
263 458 108 27 riktighet,
398 465 47 14 men
463 459 36 20 det
516 459 38 20 bör
570 458 18 27 ej
604 458 87 21 inverka
707 459 26 26 på
750 458 120 28 byggandet
886 458 22 21 af

76 488 41 21 den
141 487 60 25 bana,
225 487 88 21 hvarom
330 487 38 21 här
384 489 24 18 är
424 487 69 27 fråga,
510 487 39 21 och
566 487 39 20 den
622 487 39 21 bör
677 487 5 21 i
699 487 73 26 hvarje
787 487 37 21 fall
840 487 67 21 blifva

76 516 24 21 af
115 516 39 21 den
171 516 114 27 betydelse,
301 518 31 19 att
348 517 40 19 den
404 515 70 27 gifver
490 516 23 21 så
529 522 49 20 pass
593 515 42 27 god
652 516 100 25 inkomst,
768 518 32 18 att
817 516 39 21 den
868 516 39 20 bär

76 545 32 26 sig
136 544 51 27 sjelf,
204 545 39 20 och
260 545 68 20 tillika
343 544 67 26 gifver
426 547 32 18 ett
474 544 93 21 tillskott
583 544 32 21 till
631 544 179 27 statsjernvägens
826 545 80 20 inkom-

76 576 49 19 ster.
156 574 41 26 Jag
221 573 37 21 ber
281 573 70 21 derför
367 575 31 19 att
414 573 21 21 få
451 573 75 21 förena
542 574 41 25 mig
600 573 127 27 fullkomligt
743 580 34 14 om
794 573 50 21 herr
860 573 47 20 Pel-

76 603 81 20 konens
182 602 101 27 yrkande,
309 605 32 17 att
364 602 122 21 Ständerna
507 602 49 20 ville
572 601 85 21 förorda
673 602 32 20 för
721 604 81 18 statens
818 601 89 26 räkning

77 631 120 27 byggandet
213 630 22 22 af
249 636 24 15 en
291 630 77 21 bibana
384 630 46 21 från
448 631 87 20 trakten
552 630 22 21 af
587 630 81 21 Simola
684 630 31 21 till
725 630 182 21 Willmanstrand.

74 659 42 27 Jag
132 666 62 14 anser
209 659 36 21 det
261 658 106 27 nämligen
384 665 50 15 vara
450 661 78 19 nästan
544 665 26 15 en
586 658 124 27 omöjlighet
725 659 33 21 för
774 665 26 15 en
818 658 47 21 stad
874 660 33 19 att

77 688 68 27 bygga
162 694 25 14 en
203 688 23 20 så
241 688 49 20 kort
307 688 84 24 bibana,
408 694 45 14 som
471 688 54 20 skall
542 687 63 21 hafva
621 694 52 20 egen
690 688 103 25 materiel,
809 694 52 20 egen
872 687 34 21 be-

77 717 86 26 tjening,
188 722 51 21 egen
257 716 178 21 administration.
468 716 66 21 Detta
549 716 38 21 allt
602 716 69 21 skulle
687 716 63 21 blifva
766 717 23 20 så
805 716 54 27 dyrt,
876 718 32 19 att

75 744 41 22 den
134 745 18 27 ej
168 746 83 20 komme
268 745 32 21 till
316 745 70 21 stånd.

147 802 55 21 Herr
218 802 155 26 Ignatius:
406 801 75 22 Redan
497 801 35 21 vid
549 801 127 26 föregående
686 801 102 27 landtdag
797 801 110 21 framhölls

77 830 70 27 vigten
163 830 23 21 af
199 830 40 21 den
257 831 82 24 bibana,
355 830 88 21 hvarom
461 837 28 14 nu
505 832 24 19 är
544 830 66 27 fråga,
627 829 39 22 och
683 831 60 20 äfven
760 830 66 21 redan
842 829 66 22 dåin-

77 859 37 27 såg
130 865 48 15 man
194 859 123 26 tillräckligt
333 859 81 21 hvilket
429 862 57 18 stort
503 859 26 20 fel
545 859 129 26 bestyrelsen
697 859 32 20 för
741 858 166 27 jernvägsbygg-

78 889 68 19 naden
170 888 80 26 begått,
274 887 27 21 dä
316 887 40 21 den
373 887 53 27 drog
440 888 117 26 jernvägen
573 887 90 21 emellan
681 887 129 26 Petersburg
822 883 86 35 —Riihi-

77 916 58 21 mäki
156 916 28 27 på
205 916 80 27 sjutton
309 919 68 18 versts
393 916 86 21 afstånd
496 916 45 21 från
558 916 71 21 Saima
645 915 38 27 sjö,
701 919 50 17 utan
767 919 33 17 att
816 916 25 20 nå
858 916 49 20 den-

77 951 88 15 samma.
195 945 41 25 Jag
259 951 62 15 anser
346 946 59 20 detta
421 947 61 19 stora
498 944 76 27 felsteg
590 944 139 27 ovilkorligen
745 944 52 21 böra
814 944 94 27 korrige-

78 980 40 19 ras,
142 974 39 20 och
205 973 53 21 dock
286 974 106 20 bekänner
406 973 44 27 jag,
466 976 33 18 att
516 974 35 20 det
566 975 24 19 är
606 973 47 21 med
670 980 24 14 en
711 973 42 21 viss
768 973 77 21 tvekan
862 978 45 16 som

74 1002 37 27 jag
133 1002 117 26 uppträder
272 1002 31 21 till
325 1002 82 21 försvar
428 1002 34 20 för
478 1008 26 15 en
521 1002 54 20 bana
591 1002 46 20 från
654 1001 80 22 Simola
750 1002 31 20 till
798 1002 110 20 Willman-

78 1032 80 20 strand.
189 1030 75 21 Denna
289 1031 76 20 tvekan
384 1030 38 21 har
438 1031 99 26 uppstått
553 1031 26 20 då
595 1030 34 26 jag
646 1032 41 19 läst
703 1031 115 21 utskottets
835 1030 73 20 betän-

79 1060 75 24 kande,
171 1060 105 26 nämligen
293 1059 60 21 deraf
367 1062 33 18 att
415 1060 107 20 utskottet
539 1059 123 23 framhållit,
678 1061 33 19 att
721 1059 71 21 Saima
803 1059 105 21 vattnen
897 1055 14 35 i

79 1088 42 20 alla
144 1088 36 21 fall
203 1088 54 20 skall
282 1088 21 20 få
317 1088 89 26 jernväg
422 1088 58 20 såväl
497 1094 75 20 genom
589 1088 108 20 mellersta
721 1087 125 21 stambanan
862 1093 46 15 som

78 1116 70 21 banan
172 1116 31 21 till
227 1117 101 21 Joensuu.
359 1117 41 25 Jag
417 1117 42 20 kan
476 1116 18 27 ej
512 1116 56 27 dölja
584 1116 33 21 för
634 1116 42 26 mig
692 1116 49 27 sjelf
755 1119 31 18 att
803 1115 105 21 måhända

78 1151 25 15 en
120 1145 56 21 bana
191 1145 45 21 från
253 1145 80 21 Simola
345 1145 31 21 till
394 1145 175 21 Willmanstrand
585 1145 69 21 skulle
671 1145 5 20 i
693 1151 25 15 en
735 1144 85 22 framtid
832 1146 77 25 utgöra

78 1176 30 18 ett
134 1174 45 20 skäl
196 1174 33 20 för
245 1174 145 26 fördröjandet
407 1174 23 20 af
445 1174 122 26 byggandet
583 1173 22 21 af
621 1174 69 20 banan
707 1173 31 21 till
754 1174 85 26 Kuopio
856 1173 53 21 eller

76 1202 101 21 Joensuu.
209 1202 42 21 Det
267 1203 72 26 tyckes
355 1202 131 21 åtminstone
502 1208 51 15 vara
568 1202 118 21 utskottets
701 1202 61 26 åsigt,
775 1205 32 17 att
819 1208 25 14 en
854 1202 54 20 bana

77 1229 33 22 till
133 1230 175 21 Willmanstrand
333 1237 49 15 vore
406 1231 90 21 alldeles
524 1230 111 27 obehöflig,
662 1230 43 21 ifall
734 1231 26 20 de
783 1230 67 21 andra
872 1229 36 21 ba-

79 1265 66 14 norna
162 1259 83 21 komme
261 1259 32 21 till
309 1259 71 21 stånd.
396 1259 42 26 Jag
456 1265 68 21 anser,
539 1262 31 19 att
587 1260 69 20 denna
672 1259 79 21 bibana
766 1259 46 20 från
828 1258 81 21 Simola

76 1287 33 22 till
133 1287 174 22 Willmanstrand
329 1289 5 20 i
358 1288 43 21 alla
424 1288 114 21 händelser
568 1289 39 20 bör
636 1288 79 26 byggas
741 1287 119 22 oberoende
888 1287 22 20 af

77 1315 86 22 hvilken
189 1317 170 26 bansträckning,
377 1323 44 14 som
439 1317 94 20 derefter
549 1317 96 21 kommer
661 1317 32 20 till
710 1317 120 20 utförande.
862 1315 46 21 Den

77 1347 46 24 väg,
140 1350 44 15 som
201 1347 24 18 är
240 1345 74 21 afsedd
331 1348 32 19 att
379 1345 59 21 öfver
455 1345 31 22 St.
503 1345 76 22 Michel
596 1345 48 21 leda
660 1345 32 21 till
709 1345 91 27 Kuopio,
810 1344 68 21 skulle
890 1345 18 26 ej

78 1374 77 20 beröra
178 1373 71 22 Saima
272 1377 95 21 vattnen,
387 1374 132 21 åtminstone
534 1374 7 21 i
558 1375 47 20 dess
620 1374 65 21 södra
700 1374 40 23 del,
758 1373 38 21 och
812 1373 97 21 vidkom-

78 1402 76 21 mande
178 1402 81 21 Saimas
283 1403 97 26 nordliga
403 1403 41 25 del,
469 1405 25 18 är
517 1403 36 20 det
578 1403 129 21 åtminstone
724 1403 83 26 mycket
822 1402 87 21 osäkert

78 1431 104 20 buruvida
199 1431 39 21 den
254 1432 69 21 skulle
339 1432 86 20 komma
441 1433 33 19 att
490 1433 52 25 göra
558 1431 42 24 det,
617 1431 5 20 i
639 1431 100 21 händelse
756 1431 66 20 banan
832 1430 77 27 droges

76 1459 30 26 så,
130 1465 45 15 som
196 1460 37 26 jag
255 1466 62 14 anser
333 1460 53 20 böra
402 1460 45 25 ske,
464 1467 77 19 genom
558 1459 130 27 Suonenjoki
705 1459 32 21 för
753 1462 32 18 att
802 1459 85 21 komma
902 1459 7 21 i

76 1487 130 22 förbindelse
221 1488 48 21 med
285 1488 99 27 nordliga
399 1488 145 21 Tavastlands
560 1490 158 25 vattensystem.
749 1488 10 20 I
774 1487 67 22 sådan
857 1487 52 21 hän-

76 1516 59 21 delse
158 1518 24 19 är
197 1516 69 21 banan
283 1517 46 20 från
346 1516 82 22 Simola
444 1517 34 20 till
494 1516 173 22 Willmanstrand
684 1523 26 14 en
726 1522 36 15 ren
779 1515 130 28 nödvändig-
