1125 1811
309 129 179 20 Borgareständet
502 129 56 17 1882.
583 130 26 16 26
622 129 48 20 maj.
850 125 54 20 1577

74 197 62 27 gåfve
159 198 32 21 för
214 203 25 15 en
263 197 49 27 lång
331 198 29 20 tid
383 197 77 22 framåt
476 198 123 26 dråpslaget
613 198 23 20 åt
651 198 29 21 all
696 198 186 22 associationslust
898 199 7 21 i

74 227 80 21 landet.
184 226 49 22 Men
256 226 37 21 det
314 228 24 19 är
361 226 47 21 icke
428 232 41 20 nog
485 226 49 21 med
550 228 32 19 att
598 226 165 27 beskattningen
780 226 39 22 här
835 228 69 20 skulle

74 254 66 23 blifva
155 255 87 25 dubbel;
258 255 70 21 såvidt
343 255 37 21 det
395 254 67 28 gäller
478 254 128 28 bankbolag,
623 255 68 21 skulle
703 255 41 21 den
756 255 65 21 blifva
832 256 73 26 mång-

75 283 85 25 dubbel,
178 290 33 15 om
227 283 106 26 nämligen
349 285 31 19 ett
395 284 123 27 bankbolag
534 283 125 21 hädanefter
674 284 69 21 skulle
759 284 65 21 blifva
840 284 6 21 i
862 284 44 21 till-

75 311 51 22 fälle
141 315 32 18 att
188 312 40 21 alls
242 311 59 26 gifva
316 312 69 25 någon
402 311 107 27 dividend,
526 311 81 22 hvilket
622 313 24 20 är
661 313 82 26 ganska
754 312 155 27 tvifvelaktigt.

75 340 49 21 Men
140 340 53 21 allra
209 340 169 27 besynnerligast
395 341 109 21 förefaller
520 341 35 20 det
571 341 49 26 mig,
636 343 39 24 att,
691 341 27 21 då
733 347 50 15 man
794 343 68 24 säger,
873 344 36 19 att

74 375 26 15 en
123 375 75 20 person
222 369 55 21 skall
301 371 84 19 taxeras
407 369 34 21 för
460 369 32 22 sin
508 369 100 26 inkomst,
623 375 50 15 man
689 369 54 22 dock
759 370 42 21 kan
817 369 88 22 komma

76 397 54 22 fram
153 397 47 22 med
215 398 66 26 nägot
295 397 84 26 sädant,
395 404 46 15 som
457 399 7 20 i
485 398 70 21 denna
570 398 11 27 &
597 398 51 26 stär,
665 399 28 20 dä
708 398 124 22 densamma
846 399 60 21 inne-

75 426 68 21 häller
165 429 32 18 att
219 433 34 14 om
271 426 42 21 han
329 426 19 27 ej
365 426 39 21 har
420 427 100 26 inkomst,
536 427 54 21 skall
606 427 42 20 han
665 427 54 21 dock
735 429 93 20 taxeras.
859 427 46 22 Har

76 455 36 21 det
126 455 56 21 varit
195 455 118 21 utskottets
328 455 86 26 mening
430 458 33 19 att
478 455 74 27 päföra
567 455 225 22 stadskommunernas
804 456 101 22 medlem-

75 490 47 15 mar
137 484 57 21 skatt
209 484 54 21 efter
278 484 26 21 de
319 484 100 27 grunder,
435 490 45 15 som
497 484 39 21 här
551 484 127 26 föreslagits,
689 484 24 21 sä
724 484 54 21 hade
799 485 107 22 utskottet

75 513 47 21 icke
144 512 48 22 bort
214 515 77 19 nämna
313 513 37 21 det
368 513 162 25 inkomstskatt,
546 516 50 18 utan
613 513 55 21 helst
684 512 57 21 kalla
758 513 36 22 det
809 514 96 27 närings-

77 541 58 22 skatt
158 541 38 22 och
212 541 100 28 möjligen
328 541 65 22 ocksä
408 541 60 22 skatt
482 541 28 28 pä
526 541 106 28 fastighet.
663 541 30 27 Ty
709 541 76 22 endast
800 543 6 20 i
823 542 82 21 undan-

75 569 85 28 tagsfall
176 570 41 21 blir
231 570 37 21 det
283 576 25 15 eo
324 576 37 15 ren
377 570 159 22 inkomstskatt.
554 583 27 2 —
596 570 44 21 För
650 570 64 27 öfrigt
727 570 70 21 skulle
804 571 38 26 jag
852 571 53 27 yrka

76 599 26 25 pä
118 599 121 21 äterremiss
254 599 6 20 i
275 604 82 16 samma
371 599 63 27 syfte,
450 605 46 15 som
506 599 51 21 herr
567 599 102 27 Ignatius,
680 605 48 15 men
741 599 35 21 vill
784 599 38 27 jag
832 599 74 21 förena

75 627 44 27 mig
134 627 61 22 äfven
211 627 5 21 i
231 626 105 28 yrkandet
352 627 28 27 pä
394 629 34 19 att
443 627 14 27 &
474 628 27 21 55
517 627 46 21 från
579 634 28 14 nu
623 627 98 28 gällande
737 628 168 21 kommunalför-

75 655 92 27 fattning
181 656 82 26 intages
277 656 7 20 i
299 655 73 22 stället
388 656 34 21 för
438 656 69 22 denna
522 656 24 21 af
559 656 106 22 utskottet
681 656 119 27 föreslagna
811 657 18 27 $,
838 656 67 22 ehuru

76 684 40 22 den
132 684 54 22 dock
201 684 18 28 ej
235 688 50 18 utan
301 684 158 28 omredigering
474 685 72 21 dertill
561 685 82 27 lämpar
659 685 38 27 sig.

145 742 80 21 Herrar
239 741 119 27 Hoving
381 742 40 22 och
438 742 163 22 Lindblom
617 742 100 22 förenade
740 742 33 28 sig
792 743 49 21 med
856 742 50 22 herr

75 770 90 21 Kurtén.

134 827 55 21 Herr
204 827 169 22 Wasenius:
396 827 41 28 Jag
453 834 69 20 anser,
538 829 34 21 att
587 827 48 22 hela
650 827 11 28 $
677 827 66 22 borde
759 827 146 22 äterremitte-

75 862 35 15 ras
125 855 7 22 i
147 856 40 21 och
201 855 33 22 för
249 856 175 27 omformulering
434 857 24 21 af
468 857 36 22 det
521 859 4 19 1
539 859 116 19 momentet
665 857 6 21 i
683 857 36 21 det
729 857 24 21 af
763 857 49 21 herr
822 857 82 27 Nysten

75 884 120 26 föreslagna
210 884 71 27 syftet.
311 885 41 26 Jag
367 885 75 27 tycker
458 885 114 27 nämligen,
588 888 33 19 att
636 885 36 21 det
687 887 24 20 är
721 885 70 22 bättre
802 888 33 19 att
846 885 61 22 bibe-

76 913 58 21 hälla
149 913 26 21 de
190 913 137 27 stadganden,
343 920 46 15 som
405 913 78 23 hittilis
498 914 59 26 gällt,
573 916 27 19 än
616 916 33 19 att
663 914 28 27 pä
706 914 23 21 sä
745 914 49 21 kort
810 914 37 25 tid,
859 920 46 16 som

76 948 29 14 nu
127 944 25 19 är
174 948 57 20 gvar,
255 942 153 22 omformulera
431 942 44 22 alla
498 943 27 21 de
544 942 67 27 öfriga
627 945 120 19 momenten
763 942 39 22 och
818 942 88 22 försöka

75 970 65 21 ställa
161 976 42 21 upp
226 976 25 16 en
274 977 27 21 ny
322 970 70 27 grund
413 970 33 22 för
462 971 124 27 taxeringen
603 971 57 21 inom
676 971 107 21 städerna.
813 971 41 27 Jag
869 971 36 21 vill

75 998 83 27 päpeka
181 1001 32 19 att
235 999 44 21 lika
302 999 85 27 obilligt
409 1006 47 15 som
472 1000 37 22 det
529 1000 42 21 kan
595 1006 70 21 synas,
688 1002 32 19 att
735 1006 26 15 en
778 1000 56 21 bank
850 1000 55 21 skall

76 1028 72 20 betala
163 1027 152 22 inkomstskatt
331 1028 32 21 för
380 1028 40 22 den
431 1030 64 20 ränta
506 1029 40 21 den
557 1028 108 22 utbetalar
675 1029 22 21 ät
708 1029 46 21 sina
765 1028 140 27 depositorer,

75 1056 45 21 lika
142 1056 84 27 obilligt
248 1058 24 20 är
297 1057 36 21 det
355 1059 33 19 att
407 1058 48 25 den,
471 1064 47 15 som
534 1057 79 21 drifver
628 1064 26 14 en
669 1057 62 27 affär,
747 1058 68 21 mäste
831 1057 72 21 betala

74 1084 60 22 skatt
149 1085 33 21 för
197 1088 32 18 ett
243 1085 118 27 upplänadt
376 1085 89 27 kapital.
496 1086 39 21 Om
552 1088 31 19 ett
593 1086 122 26 aktiebolag
730 1092 50 21 eger
795 1092 26 15 en
836 1086 69 21 fabrik

75 1115 58 19 utom
154 1113 135 27 kommunen,
312 1120 48 16 men
376 1114 81 22 drifver
473 1121 26 15 en
516 1114 33 22 del
565 1114 23 21 af
602 1114 79 22 affären
697 1115 56 21 inom
769 1115 136 25 kommunen,

75 1142 24 20 sä
114 1142 68 21 skulle
198 1142 72 28 hvarje
285 1143 100 21 aktionär
400 1143 7 21 i
424 1143 60 21 detta
500 1143 122 27 aktiebolag
637 1144 57 20 inom
710 1144 129 21 kommunen
855 1149 51 15 vara

75 1170 105 22 skattefri.
211 1171 103 21 Faktiska
337 1172 146 21 förhållandet
506 1174 24 19 är
550 1175 32 18 att
605 1176 14 17 t.
636 1178 31 15 ex.
693 1172 38 21 här
750 1173 6 20 i
773 1172 133 27 Helsingfors

76 1198 70 22 finnas
168 1200 129 27 aktiebolag,
313 1200 73 21 hvilka
406 1200 71 21 drifva
492 1201 46 20 sina
554 1200 78 21 affärer
648 1205 57 16 utom
722 1200 127 21 kommunen
866 1200 40 21 och

76 1227 38 21 här
129 1227 76 22 endast
227 1228 54 27 sälja
297 1235 25 15 en
338 1229 34 21 del
388 1229 24 21 af
425 1229 48 21 sina
489 1229 168 27 tillverkningar.
687 1229 38 21 Om
743 1235 48 16 man
807 1235 26 15 nu
850 1228 57 21 inför

76 1256 36 20 det
134 1257 134 26 stadgandet,
291 1260 33 18 att
347 1260 31 19 ett
399 1257 131 26 aktiebolag,
554 1263 45 16 som
623 1257 82 22 skattar
721 1257 32 22 till
770 1258 136 24 kommunen,

76 1284 54 21 skall
148 1285 34 21 för
197 1285 26 22 de
239 1285 130 26 dividender,
384 1292 46 15 som
446 1287 86 20 utdelas
548 1286 22 21 åt
585 1287 158 24 aktionärerna,
760 1293 51 14 vara
826 1287 80 20 skatte-

75 1313 53 24 fritt,
152 1315 24 20 är
199 1315 60 21 detta
281 1314 109 22 bestämdt
404 1321 26 15 en
447 1315 106 21 orättvisa
568 1317 58 19 emot
642 1315 25 21 de
683 1315 67 27 öfriga
766 1315 141 21 kommunens

76 1343 144 22 medlemmar.
251 1343 44 22 Allt
317 1343 60 22 detta
400 1349 63 21 synes
486 1344 43 26 mig
552 1343 76 26 utvisa,
651 1346 32 19 att
707 1344 36 21 det
762 1345 24 20 är
801 1345 58 20 orätt
874 1345 33 19 att

76 1372 63 21 ställa
155 1378 42 21 upp
213 1372 92 27 grunder
320 1372 33 21 för
368 1372 99 27 taxering
483 1373 6 20 i
505 1379 25 14 en
547 1372 101 21 kommun
664 1372 75 21 endast
755 1372 53 21 efter
824 1371 82 22 inkom-

75 1403 51 24 ster,
141 1403 52 19 utan
210 1401 66 21 borde
292 1401 43 24 det,
350 1401 28 26 pä
386 1403 44 19 sätt
441 1401 52 21 herr
504 1401 77 21 Heikel
591 1400 116 27 föreslagit,
719 1401 71 21 dertill
801 1401 69 21 finnas
880 1407 26 14 en

76 1429 36 22 hel
127 1430 77 26 mängd
220 1430 67 21 andra
303 1429 167 27 bestämningar.

144 1486 56 21 Herr
216 1486 177 21 Rönnbäck:
410 1486 76 21 Ehuru
503 1486 54 22 efter
572 1486 26 21 de
613 1486 116 27 yrkanden,
745 1492 45 15 som
802 1492 28 15 nu
841 1486 65 21 redan

75 1514 59 22 fällts
156 1515 92 20 rörande
272 1516 17 25 S,
312 1514 49 21 dess
381 1514 40 21 öde
436 1520 65 21 synes
517 1515 44 26 mig
576 1520 50 16 vara
642 1513 99 28 temligen
757 1514 99 27 afgjordt,
872 1514 35 21 vill
