1125 1811
316 136 184 22 Borgareståndet
511 138 59 17 1882.
593 138 28 17 26
633 138 48 21 maj.
855 133 56 21 1557

77 206 23 22 af
121 206 40 22 den
184 206 63 28 ryska
269 206 104 22 militären
396 206 40 21 och
461 206 27 21 de
503 206 64 26 ryska
581 206 183 26 inrättningarnes
780 206 130 27 tjenstemän

77 236 34 20 för
126 236 62 20 deras
203 235 60 21 löner
278 234 69 22 skulle
363 234 115 22 framkalla
494 234 93 28 anspråk
602 234 28 27 på
645 234 128 28 deltagande
789 235 7 21 i
812 234 98 22 kommu-

78 270 52 15 nens
153 263 92 22 ärenden
267 263 40 21 och
323 262 75 28 dylikt,
414 263 84 21 hvilket
513 262 49 22 med
577 262 100 22 afseende
692 263 12 21 å
720 262 103 23 Finlands
838 264 73 26 politi-

78 292 38 21 ska
138 292 100 26 ställning
261 292 18 26 ej
302 298 51 15 vore
376 291 100 28 lämpligt
500 292 40 21 och
562 292 130 21 åtminstone
714 292 72 21 kunde
810 292 48 21 leda
876 292 34 21 till

77 320 145 27 hvarjehanda
246 319 162 28 konseqvenser.
439 320 10 21 I
474 319 73 27 sjelfva
573 320 76 21 verket
671 319 49 22 ville
733 320 37 27 jag
786 320 56 22 fästa
856 327 55 21 upp-

77 349 172 21 märksamheten
272 349 41 24 vid,
329 351 33 19 att
377 349 61 21 detta
454 351 96 19 moment
565 348 6 21 i
588 348 154 28 författningen
759 349 55 21 varit
822 349 88 22 obehöf-

77 377 47 28 ligt,
146 377 87 22 emedan
253 377 65 21 redan
341 377 152 27 näringslagen
517 377 144 25 föreskrifver,
677 379 34 20 att
724 377 114 28 utländing
853 378 57 22 skall

78 406 72 22 betala
165 406 61 27 afgift
242 405 33 22 för
289 406 40 21 den
346 406 75 27 näring
436 405 54 22 eller
506 406 53 27 yrke
574 405 42 22 han
632 405 94 22 utöfvar.
742 406 49 21 Men
808 407 27 21 dä
850 407 59 21 olika

78 435 96 26 tolkning
189 435 56 27 gjort
260 435 32 26 sig
306 434 106 27 gällande,
428 435 106 21 huruvida
550 435 32 25 de,
598 440 46 15 som
661 436 36 19 äro
713 435 107 22 anställda
836 435 6 21 i
858 436 52 27 rysk

78 463 58 22 civil-
147 463 51 22 eller
207 463 154 27 militärtjenst,
372 463 61 22 skola
450 469 64 16 anses
529 463 91 22 behöfva
636 463 32 22 till
682 463 129 22 kommunen
822 464 87 27 erlägga

78 492 64 27 afgift
165 492 33 21 för
213 493 31 20 sin
260 492 83 27 näring,
359 492 66 27 ansäg
440 492 34 27 sig
489 492 107 21 utskottet
611 492 54 21 böra
681 494 95 25 upptaga
791 495 119 20 momentet

77 521 77 22 sädant
177 521 35 22 det
235 521 66 27 lyder,
324 520 39 21 och
387 523 46 19 tror
456 520 38 27 jag
517 520 26 28 ej,
559 522 33 20 att
607 520 37 21 det
659 520 42 21 kan
718 521 48 20 leda
782 521 33 21 till
830 521 79 22 sädant

78 549 204 25 missförständ,som
298 549 50 22 herr
363 549 87 27 Hoving
466 549 40 22 här
520 549 99 27 päpekat,
627 549 106 27 nämligen
743 551 32 20 att
783 549 48 22 icke
841 550 67 21 andra

78 579 140 26 medborgare
233 580 27 19 än
275 578 87 25 sädana,
378 584 45 15 som
439 580 39 19 äro
494 577 107 22 anställda
613 577 6 22 i
630 578 52 27 rysk
690 578 57 21 civil-
756 578 53 21 eller
817 578 92 22 militär-

77 606 72 28 tjenst,
172 606 67 23 skulle
261 612 51 16 vara
327 606 97 27 skyldiga
440 608 34 20 att
489 606 86 27 erlägga
591 606 59 22 skatt
666 606 31 22 till
713 606 137 22 kommunen.
880 606 29 22 Af

77 642 81 15 samma
180 635 113 27 anledning
308 637 106 25 upptogos
430 635 63 21 äfven
509 634 70 22 finska
594 634 141 28 medborgare
749 635 7 21 i
772 641 76 16 senare
862 641 46 16 mo-

77 666 88 25 mentet,
184 664 89 22 emedan
296 664 69 21 denna
380 664 12 26 $
408 664 6 21 i
430 664 121 21 allmänhet
565 663 92 22 handlar
672 670 34 15 om
722 663 73 22 hvilka
810 670 45 16 som
868 666 40 20 äro

77 692 99 28 skyldiga
190 694 33 20 att
237 692 86 27 erlägga
338 692 112 28 utskylder
466 692 33 22 till
514 692 56 26 stad,
586 692 39 22 och
641 692 37 22 det
692 692 40 22 har
754 693 55 21 varit
828 693 80 27 ifråga-

78 723 45 20 satt
138 721 39 22 och
192 724 16 19 t.
224 728 20 14 o.
259 727 27 15 m.
302 727 77 21 genom
395 721 73 27 utslag
483 721 48 21 från
547 721 78 27 högsta
640 721 82 22 instans
737 720 121 29 förklarats,
874 724 34 19 att

77 749 69 22 finska
166 750 139 26 medborgare
320 750 7 21 i
342 750 50 27 rysk
408 750 67 27 tjenst
491 750 17 27 ej
526 751 37 20 äro
578 749 97 28 skyldiga
691 752 32 19 att
738 750 72 22 betala
825 750 83 28 utskyl-

78 779 38 20 der
131 778 32 21 till
178 778 127 21 kommunen
321 778 33 21 för
369 779 33 20 sin
418 780 44 20 lön.

146 835 55 22 Herr
217 835 134 27 Hoving:
382 835 50 22 Med
448 835 115 28 anledning
579 835 23 22 af
616 835 50 22 herr
681 835 109 22 Fabritius
806 835 100 22 anmärk-

77 865 59 26 ning,
158 864 35 21 vill
213 864 38 27 jag
273 864 77 25 erinra,
366 866 34 19 att
414 864 7 21 i
437 864 163 28 propositionen
616 863 19 28 ej
651 864 51 27 rysk
718 863 81 22 militär
813 865 25 20 är
852 870 54 21 upp-

78 896 64 24 tagen
158 895 51 19 utan
225 893 74 21 endast
315 893 128 26 tjenstemän
460 893 36 21 vid
511 893 62 21 civila
588 892 155 28 myndigheter.

146 950 56 21 Herr
217 950 146 22 Neovius:
393 951 41 27 Jag
450 950 50 22 ville
514 950 45 28 just
575 950 114 22 framhålla
704 951 40 21 den
760 950 88 26 olikhet,
859 956 46 17 som

76 985 51 21 eger
149 985 46 15 rum
221 979 88 21 emellan
333 979 40 22 den
396 980 80 26 nådiga
500 980 159 26 propositionen
683 979 40 22 och
737 979 117 22 utskottets
869 980 36 21 be-

78 1007 115 27 tänkande,
216 1008 7 20 i
239 1008 36 21 det
289 1010 40 23 att,
344 1007 68 22 ehuru
427 1008 81 27 nådiga
523 1008 160 27 propositionen
699 1014 64 16 anser
777 1008 129 27 tjenstemän

78 1036 40 22 och
140 1036 94 27 betjente
255 1036 34 21 vid
309 1036 26 21 de
358 1036 6 22 i
387 1036 94 22 Finland
496 1036 96 27 förlagda
607 1036 64 28 ryska
687 1036 61 22 civila
758 1036 149 28 myndigheter

77 1064 41 22 och
140 1065 141 27 inrättningar
298 1065 52 21 böra
365 1065 119 26 beskattas,
500 1066 24 21 sä
539 1071 62 15 anser
617 1065 123 22 densamma
755 1065 61 26 dock,
832 1067 32 19 att
879 1065 28 22 de

75 1094 7 20 i
98 1094 50 27 rysk
170 1093 142 27 militärtjenst
327 1094 107 21 anställda
450 1100 131 21 personerna
596 1094 67 21 borde
679 1100 50 15 vara
745 1094 96 22 befriade
857 1094 48 22 frän

76 1122 64 21 skatt.
170 1122 121 22 Utskottets
314 1122 136 22 betänkande
474 1122 86 22 förenar
583 1123 32 26 sig
637 1123 7 21 i
667 1123 59 21 detta
741 1122 99 22 afseende
856 1123 49 21 med

77 1151 41 21 den
141 1150 78 28 nädiga
234 1151 159 27 propositionen
409 1151 113 27 angäende
537 1151 46 21 icke
600 1151 69 21 finska
685 1151 141 27 medborgare
841 1151 5 21 i
862 1152 43 21 för-

76 1182 34 18 sta
132 1180 119 26 meningen.
280 1180 49 21 Men
352 1180 7 20 i
375 1180 41 21 den
432 1186 77 16 senare
524 1180 97 21 deremot
635 1179 68 22 finnes
719 1180 36 21 det
770 1180 134 22 framhället:

76 1223 11 8 »
89 1207 66 22 Finsk
178 1207 145 28 medborgare,
348 1214 46 15 som
410 1208 98 21 innehaft
524 1208 51 21 eller
589 1208 90 21 innehar
695 1209 65 20 sådan
777 1208 129 27 tjenst,vare

76 1236 96 21 deremot
194 1237 85 26 skyldig
301 1238 32 19 att
356 1237 33 21 till
414 1237 42 22 den
473 1238 108 25 kommun,
597 1237 38 21 der
650 1237 42 22 han
708 1237 45 26 bor,
770 1237 85 27 erlägga
870 1239 35 19 ut-

74 1264 107 27 skylder*.
191 1265 42 27 Jag
248 1272 62 15 anser
325 1265 55 22 dock
396 1268 32 19 att
443 1267 29 26 pä
489 1266 26 21 de
530 1265 99 28 grunder,
645 1265 50 22 herr
705 1265 109 22 Fabritius
825 1265 80 25 anfört,

74 1299 26 16 en
123 1293 55 21 finsk
200 1293 146 28 medborgare,
368 1301 34 14 om
418 1294 43 22 han
477 1296 25 19 är
517 1294 93 21 anställd
626 1294 36 21 vid
678 1295 39 20 den
733 1295 6 20 i
756 1294 89 21 Finland
861 1293 44 22 för-

75 1321 64 28 lagda
153 1322 64 27 ryska
232 1323 112 26 militären,
361 1323 18 26 ej
396 1323 68 21 borde
481 1323 72 21 kunna
568 1329 63 15 anses
645 1323 144 27 skattskyldig
805 1323 31 22 till
844 1322 60 22 kom-

74 1356 83 16 munen.
188 1351 29 27 Ty
240 1351 33 21 för
295 1352 35 21 det
353 1351 68 22 första
443 1353 25 20 är
491 1351 54 22 hans
560 1351 124 27 bosättning
700 1352 27 26 pä
742 1355 61 18 orten
819 1351 86 27 mycket

74 1379 74 21 tvifvel
164 1379 149 22 underkastad.
344 1381 49 20 Han
409 1381 42 20 kan
468 1380 7 21 i
492 1381 41 26 dag
548 1380 27 21 bo
591 1380 46 24 här,
653 1387 47 14 men
716 1381 54 20 efter
780 1381 70 26 nägon
861 1380 43 27 dag

74 1408 65 21 blifva
161 1408 23 21 af
203 1408 38 21 sitt
263 1408 100 28 chefskap
379 1409 33 21 för
427 1411 72 19 större
515 1409 60 21 delen
592 1409 22 21 af
627 1409 47 21 äret
689 1409 165 21 kommenderad
870 1409 33 21 till

74 1443 25 15 en
116 1443 70 15 annan
201 1437 108 22 kommun.
339 1437 77 22 Denna
432 1438 155 27 förutsättning
602 1439 24 20 är
641 1438 18 26 ej
676 1437 64 27 nägot
756 1438 56 27 sökt,
822 1438 24 21 sä
854 1437 51 22 sker

73 1465 142 27 oupphörligt.
246 1466 47 21 Han
315 1468 24 19 är
361 1466 84 22 säledes
469 1465 110 27 verkligen
601 1466 47 21 icke
671 1466 71 21 bosatt
763 1467 27 25 pä
806 1467 39 20 den
861 1468 41 23 ort,

72 1494 39 21 der
126 1494 42 21 han
191 1494 73 27 tjenar,
279 1494 39 21 och
334 1494 39 21 bör
389 1494 41 21 han
446 1494 64 21 äfven
526 1495 27 26 pä
567 1494 40 21 den
623 1494 125 27 grund,som
765 1494 49 21 herr
829 1494 75 21 Fabri-

73 1523 43 20 tius
139 1522 123 26 framhällit,
285 1525 32 18 att
340 1523 106 27 nämligen
471 1523 65 27 ryska
558 1522 92 22 militära
669 1523 128 26 tjenstemän
813 1525 36 19 äro
866 1523 38 20 be-
