1125 1811
310 126 182 21 Borgareståndet
504 128 58 16 1882.
586 128 28 16 30
627 128 46 20 maj.
852 122 54 21 1669

74 197 47 20 Han
138 198 68 25 säger,
223 198 32 18 att
270 202 25 15 en
311 196 157 21 skattekomité
483 199 65 22 egnat
563 195 74 27 frågan
657 203 25 14 en
697 196 83 27 ganska
796 196 112 28 långvarig

73 225 129 26 granskning
217 224 39 21 och
272 227 31 19 att
327 224 235 26 bevillningsutskottet
585 224 64 21 offrat
672 231 24 15 en
714 225 50 27 lång
785 225 31 21 tid
832 226 28 26 på
875 228 33 18 att

74 254 104 26 genomgå
193 253 38 21 och
255 253 92 27 granska
371 252 41 22 det.
444 252 45 22 Och
507 253 54 21 dock
577 253 34 21 vill
629 253 48 25 han,
694 256 31 18 att
742 254 92 25 ståndet,
852 254 56 20 efter

74 284 33 19 att
122 282 62 20 hafva
200 281 91 22 förutom
315 282 70 20 denna
401 281 61 26 fråga
484 282 47 20 haft
548 281 103 22 särskilda
674 282 67 21 andra
757 282 150 22 betänkanden

74 312 32 19 att
122 309 111 25 behandla,
250 310 60 25 skall,
333 309 56 22 efter
404 313 32 18 att
452 311 37 20 två
512 311 67 25 dagar
594 310 63 21 hafva
680 311 55 20 varit
750 311 7 20 i
772 311 86 21 tillfälle
875 313 33 19 att

74 340 133 25 genomögna
223 339 148 26 betänkandet,
388 345 51 14 vara
456 339 76 20 beredt
548 341 32 18 att
596 339 73 26 pröfva
681 339 39 21 och
735 339 115 26 godkänna
862 340 45 21 det-

75 374 87 15 samma.
193 367 40 27 Jag
248 367 130 21 åtminstone
402 373 64 15 anser
488 367 42 27 mig
552 367 45 22 icke
614 374 75 20 mogen
707 368 69 21 dertill
794 368 40 21 och
850 369 58 20 åter-

74 397 84 20 hemtar
174 395 71 22 derför
261 397 48 20 mitt
319 395 85 27 förslag.

145 453 54 21 Herr
214 453 157 26 Ignatius:
401 453 41 27 Jag
458 453 98 21 anhåller
571 456 32 18 att
619 453 22 21 få
664 455 118 25 omnämna,
798 457 33 18 att
848 455 59 20 detta

75 482 79 26 förslag
176 482 74 21 endast
265 482 6 20 i
287 481 66 27 några
375 482 21 21 få
416 482 100 26 punkter,
540 482 73 21 hvilka
636 482 65 26 enligt
717 483 42 20 min
783 483 65 21 tanke
870 485 37 19 äro

74 511 159 26 förbättringar,
250 510 73 27 skiljer
345 511 32 26 sig
400 510 47 21 från
464 511 40 20 den
521 517 29 14 nu
565 511 100 26 gällande
681 511 226 27 bevillningsstadgan,

75 539 86 21 hvarför
177 539 35 21 det
227 539 46 21 icke
289 545 49 15 vore
355 540 64 26 något
436 539 46 21 skäl
507 543 32 18 att
555 539 44 22 helt
615 539 39 22 och
670 540 66 21 hållet
752 540 96 21 förkasta
864 540 44 21 för-

75 569 73 24 slaget.

146 626 54 20 Herr
216 625 151 27 Federley
388 625 104 21 förenade
508 625 33 27 sig
557 626 47 20 med
621 625 48 21 herr
685 626 102 26 Procopé.

146 682 68 22 Sedan
229 682 85 21 ståndet
331 682 50 21 derå
404 682 90 22 beslutit
517 684 38 24 att,
572 683 47 21 med
635 682 137 22 förkastande
788 683 23 20 af
825 683 35 21 det
876 689 31 15 se-

75 717 51 15 nare
142 711 45 21 utaf
201 711 116 21 utskottets
340 711 129 21 alternativa
491 711 222 27 författningsförslag,
736 711 32 21 till
791 712 68 26 grund
875 712 33 20 för

76 740 157 26 omröstningen
256 739 61 27 lägga
341 739 101 27 förslaget
468 740 34 20 till
525 740 125 27 förordning
666 740 109 26 angående
792 740 116 26 bevillning

76 768 33 21 för
125 768 99 25 inkomst,
241 768 143 21 framställdes
399 768 95 27 följande
511 769 144 26 proposition:

146 825 51 26 »De,
213 825 72 21 hvilka
299 825 51 27 vilja
366 825 49 26 ingå
430 825 6 21 i
453 827 99 20 närmare
568 825 100 28 pröfning
677 826 22 21 af
713 826 35 21 det
760 825 147 28 föreliggande

75 853 103 28 förslaget
193 854 33 21 till
242 854 131 26 förordning,
389 856 59 19 rösta
462 854 38 27 ja;

145 911 74 21 vinner
240 912 39 26 nej,
295 911 39 21 har
357 912 87 20 ståndet
460 911 90 21 beslutit
575 914 32 18 att
622 912 48 20 med
686 911 138 21 förkastande
848 911 61 21 deraf

76 940 95 20 förklara
186 946 28 14 nu
223 940 98 26 gällande
337 940 205 26 bevillningsstadga
559 940 64 21 blifva
638 940 98 26 gällande
752 940 31 21 till
800 940 108 28 utgången

76 968 22 22 af
112 968 23 21 år
154 969 73 21 1885".

145 1026 163 27 Propositionen
325 1026 129 21 besvarades
470 1026 49 21 med
533 1027 24 20 21
574 1026 21 26 ja
609 1026 38 21 och
665 1027 25 19 23
704 1026 39 26 nej.

146 1083 45 21 Mot
206 1083 105 27 utgången
328 1083 22 21 af
371 1084 69 21 denna
464 1084 134 26 omröstning
621 1084 135 20 reserverade
779 1083 32 26 sig
834 1082 74 22 herrar

76 1112 123 26 Kurtén,
226 1112 210 27 Hasselblatt,
461 1112 168 26 Molander,
653 1112 163 27 Stenbäck,
841 1112 67 20 Ber-

75 1147 60 19 ner,
161 1141 154 27 Hallberg
331 1141 39 21 och
387 1141 139 21 Castrén.

146 1313 79 20 Vidare
249 1312 110 27 föredrogs
385 1313 221 21 ekonomiutskottets
632 1313 117 26 bordlagda
771 1312 137 21 betänkande

77 1341 40 21 N:o
141 1342 12 19 6
176 1341 6 20 i
207 1341 113 27 anledning
337 1341 22 21 af
373 1342 61 21 Hans
450 1342 124 26 Kejserliga
589 1341 113 27 Majestäts
718 1341 78 27 nådiga
811 1341 97 26 proposi-

77 1370 45 21 tion
138 1376 34 15 om
189 1370 119 27 antagande
324 1370 23 21 af
361 1377 26 14 en
402 1371 144 26 inmutnings-
563 1371 38 22 och
618 1370 156 27 grufvestadga.

146 1428 55 21 Herr
224 1427 123 22 Berner:
379 1428 10 21 I
413 1428 107 21 anseende
544 1428 31 21 till
599 1429 40 20 den
661 1430 59 19 stora
736 1427 54 26 hast,
806 1427 102 21 hvarmed

76 1456 90 25 arbetet,
183 1456 121 26 isynnerhet
320 1457 217 25 tryckningsarbetet,
553 1457 7 19 i
576 1457 106 20 utskottet
691 1456 67 21 blifvit
774 1456 134 25 verkställdt,

76 1484 39 21 har
139 1485 35 21 det
196 1485 7 20 i
227 1485 90 21 svenska
339 1485 133 26 exemplaret
495 1484 100 27 insmugit
611 1486 32 25 sig
659 1487 75 19 tvenne
750 1484 157 26 felaktigheter,

75 1512 73 21 hvilka
164 1513 35 26 jag
215 1513 37 20 ber
267 1515 32 19 att
315 1513 20 21 få
351 1512 139 22 förskottsvis
506 1515 63 20 rätta.
600 1513 11 21 I
627 1513 12 28 &
656 1513 12 21 6
685 1513 60 21 heter
761 1512 47 21 det:
825 1515 25 23 ,1
868 1513 39 20 och
