1125 1811
219 115 56 21 1754
454 120 181 22 Borgareståndet
647 122 59 17 1882.
731 122 12 16 2
754 122 54 21 juni.

220 189 38 21 der
280 189 33 27 sig
335 189 28 27 på
386 196 27 15 en
433 190 35 20 väl
490 190 60 26 långt
572 190 83 26 gången
671 190 123 21 formalism.
824 189 74 27 Enligt
913 188 55 22 hvad
983 190 70 26 lagut-

219 218 82 22 skottet
324 218 7 21 i
356 219 155 26 motiveringen
534 218 124 22 framhåller
681 218 131 27 försiggingo
836 218 61 21 valen
920 218 33 20 till
968 218 85 22 Bonde-

219 247 87 21 ståndet
329 247 56 21 inför
406 247 124 21 häradsrätt
546 248 67 24 under
627 249 70 19 större
713 247 61 21 delen
790 246 23 22 af
826 246 225 27 sjuttonhundratalet.

219 276 42 21 Det
283 277 24 19 är
322 275 90 21 sålunda
428 276 66 21 redan
509 282 26 14 en
550 276 93 26 gammal
658 276 71 26 praxis
744 276 7 20 i
767 276 36 21 det
819 275 109 27 samhälle,
943 275 109 21 hvarifrån

219 304 20 21 vi
262 303 43 22 ärft
328 303 47 22 vårt
393 304 251 26 representationsskick,
660 306 32 19 att
707 304 162 21 Bondeståndet
884 303 61 22 valde
960 303 46 22 sina
1021 310 31 15 re-

218 334 150 25 presentanter
391 332 56 21 inför
470 333 129 21 häradsrätt.
630 332 94 22 Numera
747 335 24 19 är
787 333 36 21 det
839 332 121 27 visserligen
976 338 76 16 annor-

219 361 66 21 lunda
307 361 107 26 stadgadt.
446 361 49 21 Men
512 361 36 21 det
563 368 61 21 synes
640 361 70 22 såsom
726 368 34 15 om
776 361 37 22 det
828 367 52 15 vore
896 361 47 21 fullt
959 361 45 21 skäl
1019 363 33 19 att

217 389 46 22 låta
287 389 61 21 valen
371 389 33 22 till
427 389 167 27 Bondeståndet,
617 390 91 21 likasom
731 390 61 21 valen
815 389 33 22 till
864 389 187 28 Borgareståndet,

219 418 94 26 försiggå
329 418 56 21 inför
401 425 25 14 en
443 418 95 27 offentlig
554 419 130 27 myndighet,
699 419 40 21 och
756 419 26 21 då
798 420 25 19 är
838 417 149 22 häradsrätten
1003 419 5 20 i
1020 419 31 20 ett

219 446 93 27 tingslag
337 447 41 20 den
401 447 109 27 naturliga
526 447 38 22 och
581 449 64 20 rätta.
675 447 40 26 Jag
731 450 45 19 tror
791 447 97 25 sålunda,
906 449 31 19 att
953 447 36 21 det
1004 447 46 21 icke

218 477 24 19 är
264 475 67 27 något
353 476 46 21 skäl
422 478 32 19 att
477 476 27 26 på
528 476 39 21 den
590 476 76 26 grund,
690 476 85 21 hvilken
790 476 7 21 i
813 475 158 22 reservationen
987 476 63 21 fram-

217 503 77 27 hålles,
311 504 77 27 frångå
404 505 118 21 utskottets
538 505 86 26 förslag.

223 585 10 4 .
287 561 57 22 Herr
359 562 203 21 Hasselblatt
583 562 54 26 ville,
654 562 6 21 i
676 562 68 21 likhet
759 562 49 21 med
824 561 76 21 herrar
914 561 81 27 Nysten
1010 561 40 22 och

218 590 93 26 Öhman,
327 590 87 22 förorda
430 591 171 21 reservationens
616 591 127 26 antagande.

288 646 70 22 Sedan
374 647 33 21 till
423 648 217 26 kontraproposition,
654 648 35 20 vid
705 648 33 20 val
754 647 93 21 emellan
863 647 35 21 det
913 646 24 22 af
948 646 49 22 herr
1008 646 42 27 Ny-

219 677 48 20 sten
283 676 135 21 framställda
434 676 102 26 förslaget
552 676 39 21 och
607 676 102 26 förslaget
719 682 35 15 om
765 677 130 20 momentets
905 675 144 26 förkastande,

219 704 95 27 antagits
338 704 36 22 det
397 704 155 26 förstnämnda,
575 705 110 27 upplästes
708 711 26 15 en
750 705 24 21 så
790 704 92 28 lydande
898 704 151 26 omröstnings-

218 733 143 27 proposition:

285 790 51 27 »De,
360 790 73 21 hvilka
455 790 114 26 godkänna
592 790 139 22 förevarande
747 792 97 19 moment
859 790 7 21 i
882 789 116 22 utskottets
1013 789 36 22 be-

217 819 116 26 tänkande,
349 821 60 19 rösta
423 819 33 26 ja;

286 876 74 21 vinner
383 876 41 27 nej,
440 876 39 21 har
498 876 85 21 ståndet
599 876 87 21 beslutit
701 878 32 19 att
749 877 49 21 med
814 875 138 22 förkastande
967 876 22 21 af
1003 881 46 16 mo-

217 906 81 19 mentet
313 905 6 20 i
336 905 73 21 stället
426 907 80 25 antaga
520 905 41 21 den
576 905 21 21 af
610 905 51 21 herr
676 905 26 21 A.
717 905 124 21 Grotenfelt
856 904 33 21 till
904 905 145 20 betänkandet

219 932 77 27 fogade
311 933 151 21 reservation.”

285 990 163 27 Propositionen
464 990 128 22 besvarades
607 991 49 21 med
672 991 24 20 21
713 990 22 27 ja
751 990 40 22 och
808 990 28 21 23
852 990 38 26 nej.

285 1048 66 21 Mom.
367 1048 20 20 4.

285 1105 57 21 Herr
357 1105 132 21 Kurtén:
514 1105 32 21 Då
561 1112 25 14 en
602 1104 111 28 möjlighet
728 1107 30 24 är,
776 1107 33 19 att
825 1105 36 21 vid
878 1105 67 21 denna
960 1104 88 27 gransk-

216 1134 51 26 ning
290 1134 40 20 den
347 1134 52 20 sista
414 1134 108 21 klämmen
538 1134 7 20 i
560 1134 116 21 utskottets
692 1134 138 21 betänkande
845 1134 97 20 kommer
957 1136 32 18 att
1004 1133 44 21 för-

215 1162 79 22 ändras
317 1162 40 21 och
372 1163 7 20 i
395 1162 48 22 dess
466 1162 61 22 ställe
547 1169 25 14 en
588 1163 32 21 till
637 1162 145 22 betänkandet
798 1162 66 26 fogad
879 1162 130 21 reservation
1025 1162 24 21 af

214 1190 51 22 herr
281 1191 149 26 Montgomery
452 1191 39 21 och
514 1192 103 20 särskilde
633 1191 65 21 andre
714 1191 143 21 medlemmar
872 1190 21 21 af
907 1190 141 27 lagutskottet

215 1219 71 21 blefve
301 1222 101 23 antagen,
418 1219 23 22 så
456 1219 68 22 skulle
538 1219 37 27 jag
590 1219 91 26 anhålla,
698 1221 32 20 att
746 1220 42 21 den
804 1219 54 22 sista
873 1219 106 21 klämmen
995 1219 53 21 först

215 1247 42 22 blir
272 1248 129 26 behandlad,
418 1249 88 20 emedan
522 1249 40 20 den
575 1249 6 20 i
597 1248 76 21 sådant
684 1248 37 21 fall
729 1249 89 20 komme
829 1250 33 19 att
873 1248 74 21 ställas
957 1248 90 21 framom

213 1277 153 26 slutyrkandet
382 1277 20 24 ,,i
417 1276 82 22 hvilket
515 1277 37 21 fall
567 1277 131 24 Ständerna*
715 1283 18 15 o.
749 1283 17 15 s.
783 1283 19 15 v.

283 1334 67 21 Detta
371 1333 51 22 herr
437 1334 93 21 Kurténs
553 1334 78 27 förslag
653 1334 130 27 godkändes,
808 1333 40 22 och
872 1333 74 22 skreds
964 1333 83 22 således

215 1361 56 22 först
285 1362 33 21 till
334 1362 130 27 behandling
479 1363 22 20 af

283 1420 65 21 Mom.
364 1421 20 20 5.

282 1476 57 22 Herr
355 1476 145 22 Castrén:
524 1477 45 21 Den
592 1476 91 28 välvilja,
707 1483 46 16 som
776 1476 121 27 petitionen
913 1477 7 21 i
936 1476 66 22 andra
1017 1475 30 22 af-

211 1504 94 21 seenden
328 1505 47 21 från
398 1505 152 26 lagutskottets
565 1505 46 22 sida
626 1508 55 24 rönt,
698 1506 39 21 har
752 1506 50 21 icke
818 1505 91 22 kommit
924 1506 123 21 densamma
