1125 1811
306 131 182 23 Borgareståndet
500 132 60 18 1882.
583 132 33 17 26.
624 131 47 21 maj.
861 125 56 23 1533.

152 202 56 22 Herr
258 202 139 21 Wasenius:
429 201 62 22 Efter
507 201 40 22 den
570 201 128 28 upplysning
713 201 40 22 här
769 201 97 25 lemnats,
882 202 33 20 att

82 231 108 28 nämligen
207 232 75 21 tvenne
297 230 66 23 stånd.
384 231 77 25 vägrat
476 230 137 27 upptagande
637 230 22 22 af
675 230 34 22 län
725 230 34 22 för
774 230 140 26 fortsättning

82 260 24 21 af
118 258 259 30 jernvägsbyggnaderna,
400 258 70 22 skulle
492 259 38 27 jag
551 258 70 28 tycka,
637 260 33 20 att
685 259 60 21 detta
760 258 33 22 för
808 258 106 27 Borgare-

82 289 87 21 ståndet
184 294 49 15 vore
248 290 31 19 ett
294 287 47 22 skäl
357 286 32 22 till
405 289 34 19 att
454 288 47 20 icke
516 287 50 26 ingå
581 288 27 26 på
623 288 50 20 herr
689 286 120 23 Snellmans
825 286 89 28 förslag.

82 317 43 22 Om
140 317 37 21 två
190 316 63 22 stånd
268 315 66 23 redan
349 315 85 27 antagit
450 316 13 21 8
480 315 102 28 miljoner,
597 316 24 21 så
636 321 62 22 synes
714 315 35 22 det
760 315 35 22 väl
806 321 52 16 vara
868 315 47 21 lön-

84 345 42 22 löst
141 345 23 22 af
177 345 181 26 Borgareståndet
380 346 34 19 att
429 343 79 23 föreslå
531 345 64 26 något
618 346 65 19 annat
699 344 85 27 belopp.
814 344 50 22 Men
879 349 36 16 om

83 373 180 28 Borgareståndet
278 373 39 21 har
333 373 41 21 den
390 373 64 26 åsigt,
471 375 33 19 att
519 372 33 22 för
567 373 25 22 de
608 375 95 20 närmast
719 373 95 26 följande
824 373 52 21 åren
888 372 26 21 12

84 403 98 26 miljoner
196 402 61 21 mark
272 402 53 21 böra
350 401 73 22 anslås
439 401 33 22 till
490 401 231 28 jernvägsbyggnader,
736 402 25 21 så
776 401 39 22 bör
831 401 36 22 det
882 403 34 19 ut-

82 429 47 31 tala
144 431 69 22 denna
227 431 32 21 sin
275 430 56 27 åsigt
345 429 41 24 och
401 430 63 21 äfven
480 429 68 23 under
563 430 81 24 sådana
659 429 147 23 förhållanden
822 430 57 26 söka,
894 429 22 22 få

83 461 43 27 den
140 459 106 27 godkänd.
275 459 42 27 Jag
332 459 43 21 kan
391 459 19 26 ej
426 465 24 15 se
465 461 39 24 att,
521 459 31 25 dä
563 465 26 16 en
605 459 56 27 gång
673 459 118 27 jernvägen
806 459 34 22 till
850 458 65 23 Uleä-

84 488 55 28 borg
159 490 24 21 är
198 487 96 22 besluten
319 487 33 22 till
368 487 121 28 utförande,
514 488 65 26 något
604 488 66 21 motiv
692 487 122 25 förefinnes,
829 487 87 26 hvarför

84 516 116 23 ständerna
215 517 19 26 ej
249 518 76 25 genast
339 515 70 22 skulle
426 516 65 22 ställa
506 516 79 27 nödiga
601 516 68 22 medel
680 516 33 21 till
725 516 137 27 regeringens
873 515 42 22 dis-

85 545 93 28 position
192 545 34 22 för
241 545 112 22 utförande
376 544 25 22 af
415 545 71 21 denna
509 545 61 26 bana,
594 545 28 27 på
637 545 37 22 det
696 547 33 20 att
745 545 33 26 de,
793 551 46 16 som
854 544 63 22 skola

85 575 70 26 bygga
178 574 75 26 banan,
268 573 34 22 må
324 573 73 22 kunna
412 575 54 25 göra
488 574 37 21 det
540 574 27 27 på
582 574 40 21 det
641 576 55 19 mest
711 573 141 26 ekonomiska
866 574 50 20 sätt.

85 603 43 21 Det
148 603 61 21 torde
231 603 34 21 för
289 602 77 27 många
391 602 23 21 af
438 602 99 22 ståndets
562 603 137 21 medlemmar
715 608 51 15 vara
781 602 86 25 bekant,
884 603 32 19 att

85 631 55 23 brist
154 631 28 27 på
206 631 118 27 penningar
348 630 91 26 vållade,
465 633 33 19 att
513 630 72 22 halfva
607 631 179 26 skenleveransen
801 630 32 26 till
849 630 67 21 Wasa

85 660 71 22 banan
171 659 46 23 blef
229 661 31 20 ett
275 660 58 27 pund
348 665 38 21 per
402 662 39 19 ton
463 660 84 27 dyrare,
562 661 27 20 än
605 666 34 16 om
660 660 65 27 köpet
739 660 83 21 kunnat
836 658 38 23 ske
890 658 27 26 ti-

84 688 82 28 digare,
182 689 27 21 då
224 688 105 22 skenorna
345 688 62 22 stodo
424 688 34 21 till
474 690 12 20 5
503 688 63 28 pund.
590 688 82 22 Härvid
688 688 55 26 hade
758 688 55 22 dock
828 688 89 27 pennin-

84 723 68 21 garne
167 717 19 27 ej
201 723 38 15 ens
260 716 73 22 behöft
355 716 85 22 betalas
455 719 83 25 genast,
553 723 35 16 om
610 717 177 22 skenleveransen
802 716 71 22 ställts
888 716 28 27 på

85 746 53 21 flere
153 746 31 27 år,
198 746 45 21 ifall
259 752 48 15 man
323 745 56 22 blott
394 745 85 28 kunnat
490 746 48 21 med
551 746 101 22 säkerhet
663 746 114 27 disponera
788 745 60 23 öfver
858 744 59 22 med-

86 774 42 21 len.
157 775 41 26 Jag
213 774 42 21 kan
271 774 18 27 ej
305 774 110 21 föreställa
431 775 43 26 mig
490 776 32 20 att
537 775 68 26 någon
621 774 70 22 skulle
706 774 28 21 ha
749 774 41 22 den
805 774 63 27 åsigt,
884 775 33 19 att

86 803 66 22 sedan
168 809 49 15 man
240 803 87 26 nedlagt
342 803 13 21 8
371 802 101 27 miljoner
494 803 61 22 mark
578 803 27 27 på
621 803 70 21 banan
706 802 210 27 Wasa—Uleäborg,

85 831 86 22 arbetet
186 831 87 22 dermed
289 831 68 22 skulle
373 831 99 27 upphöra
490 831 40 22 och
545 833 33 20 att
593 831 73 22 landet
682 831 17 27 ej
715 831 70 22 skulle
800 837 52 16 vara
863 830 55 22 nöd-

85 859 79 31 sakadt
178 862 33 19 att
225 860 100 22 fortsätta
339 860 87 23 arbetet
446 860 40 22 och
502 859 90 28 fullfölja
607 861 43 21 det.
681 859 40 22 Om
741 860 124 27 regeringen
880 859 37 22 be-

85 889 67 27 gärde
168 891 38 24 att,
223 889 6 21 i
244 888 72 22 stället
331 889 33 21 för
379 888 47 26 41/,
443 889 99 27 miljoner
556 889 67 26 mark,
635 891 94 25 upptaga
740 891 31 19 ett
782 888 35 22 lån
828 885 27 30 pä
866 888 13 20 8
888 888 29 27 !/,

88 916 97 28 miljoner
200 918 66 26 mark,
282 919 25 19 är
322 916 88 22 dermed
426 917 56 22 dock
498 917 19 27 ej
533 917 68 27 sagdt,
618 920 32 19 att
661 917 124 27 regeringen
796 916 55 26 skall
863 922 53 22 upp-

86 948 52 25 taga
153 946 60 21 detta
228 946 41 26 lån,
284 945 45 22 ifall
344 946 128 27 regeringen
489 946 18 27 ej
524 946 101 21 behöfver
636 946 42 22 det.
705 944 45 29 Jag
762 945 98 28 förordar
870 945 49 21 der-

87 975 39 26 för,
142 977 32 19 att
192 976 24 20 12
233 975 96 27 miljoner
344 974 62 22 mark
422 974 69 22 måtte
506 974 71 22 anslås
593 974 32 22 till
636 974 113 22 utförande
760 974 23 22 af
792 974 40 22 den
844 969 73 31 Öster-

87 1002 110 23 bottniska
212 1003 76 22 banan.

156 1060 153 22 Diskussionen
325 1060 117 22 afslutades
459 1060 41 22 och
515 1060 49 22 herr
579 1060 187 22 Talmannen
781 1058 135 23 framställde

86 1095 28 16 en
130 1088 24 22 så
168 1089 91 27 lydande
274 1090 143 26 proposition:

158 1146 51 28 »De,
225 1146 72 22 hvilka
311 1146 115 28 godkänna
449 1152 65 16 mom.
532 1148 9 20 1
556 1146 6 21 i
578 1146 117 22 utskottets
710 1146 135 22 betänkande
860 1145 58 22 oför-

86 1174 100 27 ändradt,
199 1177 59 20 rösta
271 1175 31 27 ja;

157 1231 73 22 vinner
245 1232 40 27 nej,
301 1232 39 21 har
355 1231 87 22 ståndet
459 1231 90 22 beslutit
563 1231 58 28 gifva
636 1232 93 21 nämnda
744 1237 62 16 mom.
823 1231 95 27 följande

87 1259 93 28 lydelse:
197 1263 46 22 ,att
261 1261 115 22 ständerna
391 1260 50 21 ville
457 1260 34 22 för
506 1260 143 22 instundande
663 1259 143 29 finansperiod
821 1259 61 22 anslå
890 1266 27 15 en

86 1295 86 16 summa
186 1289 23 22 af
222 1289 55 22 ända
292 1289 31 22 till
341 1289 129 26 12,000,000
488 1289 73 22 mark*
577 1295 19 15 o.
613 1295 15 16 s.
643 1295 18 15 v.
673 1289 66 27 enligt
750 1288 166 22 betänkandet*.

158 1346 162 28 Propositionen
336 1346 131 22 besvarades
483 1346 48 22 med
547 1347 26 21 28
587 1347 23 26 ja
625 1346 40 22 och
681 1347 26 21 22
723 1346 41 27 nej,
782 1345 85 22 hvarför
882 1346 34 21 sä-

88 1375 59 22 ledes
163 1375 139 22 förevarande
317 1378 95 19 moment
428 1375 23 22 af
465 1375 87 22 ständet
567 1375 106 27 godkänts
688 1375 145 22 oförändradt.

158 1432 64 23 Mom.
239 1434 12 20 2
267 1433 109 22 lemnades
397 1433 110 21 beroende
530 1433 33 21 till
579 1433 48 21 dess
642 1432 176 22 Statsutskottets
843 1432 75 23 betän-

88 1461 70 22 kande
174 1461 39 22 N:o
232 1463 25 19 14
273 1461 69 21 blifvit
357 1461 23 22 af
394 1461 89 22 ständet
494 1461 183 22 slutbehandladt.
