1125 1811
213 136 55 22 1264
453 141 181 22 Borgareståndet
647 142 56 17 1882.
729 142 23 17 16
764 142 48 21 maj.

211 212 25 20 tu
251 211 31 21 tal
298 216 34 16 om
349 210 125 28 regeringen
492 211 125 27 godkänner
633 210 59 22 detta
707 210 87 27 förslag,
809 210 124 28 isynnerhet
948 216 45 16 som
1010 217 35 16 re-

210 239 103 27 geringen
328 239 42 21 kan
394 238 100 22 betrakta
516 240 36 21 det
566 241 87 20 senaste
669 239 160 21 öfverförandet
840 239 24 21 af
882 239 161 27 ifrågavarande

210 268 93 25 475,000
319 268 61 21 mark
396 268 69 22 såsom
482 274 25 15 en
523 267 95 22 definitiv
634 268 128 27 uppgörelse
778 268 48 22 med
841 268 126 22 Ständerna.
997 268 6 21 I
1011 268 31 22 så

211 296 36 21 fall
265 296 42 21 blir
321 296 141 21 öfverskottet
477 296 59 22 cirka
551 303 24 14 en
592 296 81 21 million
690 296 66 21 mark.

282 353 56 22 Herr
359 353 126 22 Kurtén:
516 353 42 22 För
573 353 43 21 min
633 353 33 22 del
681 353 150 27 understödjer
844 354 36 26 jag
896 353 40 22 den
947 359 95 16 reserva-

211 382 52 25 tion,
279 388 46 15 som
341 381 69 22 finnes
425 382 84 27 bifogad
526 382 146 21 betänkandet
687 382 39 21 och
743 382 85 21 hvilken
844 382 62 21 äfven
917 382 36 27 jag
964 382 77 21 under-

211 411 94 21 tecknat.
321 423 27 3 -—
365 411 46 21 Mot
426 411 50 20 herr
491 411 95 26 Ignatius
602 411 37 21 vill
652 411 37 26 jag
705 411 108 26 anmärka,
830 413 32 19 att
875 411 37 26 jag
926 416 68 19 anser,
1005 410 37 22 det

211 439 70 27 nägon
297 439 89 22 säkrare
401 439 38 22 bas
454 442 33 18 att
502 439 68 28 bygga
586 440 27 26 pä
629 439 33 21 för
678 439 146 22 folkskolorna
840 439 119 27 säkerligen
972 439 19 27 ej
1003 438 38 21 fin-

211 474 44 20 nes,
271 469 26 20 än
321 467 79 22 folkets
415 468 50 27 vilja
488 471 32 18 att
542 468 89 27 bidraga
655 468 31 21 till
702 469 62 20 deras
780 468 116 21 underhäll.
927 467 30 28 Ty
973 467 68 21 skulle

211 496 60 21 detta
287 496 142 22 öfverlemnas
444 497 74 21 endast
540 497 23 21 åt
585 497 125 27 regeringen
734 497 40 21 och
789 497 69 21 skulle
874 496 119 22 Ständerna
1008 495 34 22 vid

211 531 26 15 en
253 525 129 21 kommande
397 525 102 26 landtdag
519 527 64 24 vägra
605 525 116 28 bevillning
743 525 34 21 för
792 525 68 22 andra
876 525 104 24 ändamål,
996 531 45 15 som

211 554 125 27 regeringen
352 554 41 21 kan
410 554 57 21 finna
484 553 110 26 behöfliga,
611 556 24 19 är
651 554 36 21 det
702 554 129 27 fullkomligt
850 553 43 22 lika
909 554 88 27 möjligt,
1009 555 32 19 att

211 583 125 25 regeringen
353 583 68 20 skulle
444 583 88 25 indraga
548 583 69 26 nägon
634 583 33 20 del
689 583 22 21 af
726 583 104 25 bidragen
847 583 31 20 till
894 583 147 21 folkskolorna

211 610 33 21 för
259 612 33 20 att
308 611 80 21 bereda
403 611 32 26 sig
451 610 82 22 tillfälle
549 613 32 19 att
597 611 91 21 betäcka
704 611 26 21 de
746 610 94 28 utgifter,
851 610 33 22 till
897 610 71 22 hvilka
979 610 62 22 Stän-

211 639 67 21 derna
293 641 76 25 vägrat
393 639 75 27 bidrag
491 639 45 21 från
560 640 204 26 bevillningsmedel.
796 640 47 20 Men
862 640 14 20 &
891 639 66 21 andra
972 639 67 25 sidan,

210 674 34 14 om
262 668 121 21 Ständerna
398 668 47 21 äter
460 668 47 21 icke
522 668 67 21 önska
605 668 134 21 fortfarande
756 668 70 21 lemna
841 668 75 26 bidrag
937 668 34 20 till
986 667 55 21 folk-

209 696 108 26 skolorna,
327 702 34 15 om
377 697 104 26 nämligen
490 696 181 22 folkskolorna
652 692 15 36 —
686 697 82 21 hvilket
780 697 38 26 jag
833 702 61 16 anser
910 702 50 15 vara
976 696 65 26 nägot

211 724 123 26 otänkbart,
351 737 12 3 —
380 725 67 21 skulle
457 731 61 15 anses
527 726 22 20 af
563 725 121 21 Ständerna
700 726 46 20 icke
763 725 101 27 förtjenta
880 725 23 21 af
916 724 123 25 understöd,

209 754 26 20 sä
249 753 74 21 kunna
335 753 25 27 ju
376 753 120 22 Ständerna
518 754 64 21 också
605 754 87 21 komma
707 754 32 21 till
757 754 65 21 målet
836 760 76 20 genom
928 756 33 18 att
976 755 65 25 vägra

210 782 115 26 bevillning
341 782 34 21 tör
390 782 67 21 andra
473 783 97 20 ändamäl
587 783 40 20 och
643 784 58 25 säga,
717 784 32 19 att
772 782 61 21 dessa
850 782 74 27 bidrag
939 782 32 20 till
987 782 52 21 folk-

209 810 103 21 skolorna
328 810 41 21 kan
394 811 124 27 regeringen
540 811 89 26 indraga
652 811 39 21 och
707 811 38 21 der
761 811 52 21 söka
829 810 69 21 medel
915 810 31 21 till
963 811 26 20 de
1005 810 34 21 be-

210 838 44 25 hof,
271 839 86 21 hvartill
374 845 28 15 nu
418 839 38 21 har
473 839 85 27 begärts
573 839 76 26 bidrag
665 839 23 21 af
697 839 127 22 Ständerna.
855 839 41 27 Jag
904 845 62 15 anser
976 839 64 21 emel-

209 867 64 22 lertid
287 873 26 16 en
337 867 67 22 sädan
427 868 38 21 sak
487 868 70 21 säsom
581 868 112 25 otänkbar,
709 869 65 20 innan
792 868 37 21 det
844 867 47 27 gätt
907 867 86 26 derhän,
1008 870 33 19 att

210 896 155 21 kommunerna
388 896 74 26 sjelfva
488 897 65 26 draga
573 897 84 26 försorg
673 903 34 15 om
730 896 152 22 folkskolorna.
897 908 29 3 —
941 897 40 25 Jag
1004 897 36 20 vill

209 924 96 27 tillägga,
329 927 32 19 att
384 924 63 22 äfven
467 924 36 27 jag
518 924 109 28 uppfattat
651 925 40 21 den
715 925 139 26 reservation,
876 930 45 16 som
936 924 48 21 utaf
998 924 42 26 mig

209 952 72 22 blifvit
297 953 167 27 undertecknad,
473 954 30 24 sä,
519 956 32 19 att
567 954 67 26 några
649 954 94 23 475,000
758 954 62 20 mark
840 954 19 26 ej
875 953 47 21 från
938 953 102 27 stämpel-

209 981 236 28 pappersbevillningen
468 982 68 21 skulle
559 982 142 21 öfverlemnas
724 982 32 21 till
780 982 140 26 statsfonden,
943 982 39 20 och
998 982 41 21 kan

207 1010 37 27 jag
260 1010 19 27 ej
297 1010 56 21 finna
375 1011 36 21 det
435 1010 33 22 för
484 1011 68 26 tidigt,
575 1013 34 19 att
625 1017 48 15 man
689 1017 29 15 nu
733 1010 70 22 skulle
818 1010 74 22 fordra
907 1010 132 26 fullgörande

209 1038 23 22 af
245 1038 141 28 grundlagen.
416 1039 41 22 Vid
472 1042 83 19 senaste
571 1039 104 27 landtdag
690 1042 38 23 tog
736 1040 38 26 jag
783 1040 41 26 mig
833 1038 92 22 friheten
934 1037 36 23 till
977 1041 62 19 stats-

209 1068 118 21 utskottets
350 1068 135 21 betänkande
507 1068 70 26 bifoga
599 1074 27 15 en
651 1068 132 22 reservation
806 1068 23 21 af
842 1074 82 15 samma
938 1067 101 25 innehåll,

209 1096 20 21 d.
245 1102 19 15 v.
281 1102 16 15 s.
313 1098 34 19 att
369 1096 120 22 Ständerna
511 1096 66 22 borde
593 1098 65 25 vägra
681 1099 32 19 att
736 1097 22 21 af
780 1096 259 27 stämpelpappersbevill-

209 1124 78 27 ningen
304 1124 130 22 öfverlemna
449 1125 32 21 till
504 1125 107 21 allmänna
633 1125 135 22 statsfonden
791 1125 93 27 475,000
900 1124 67 27 mark,
983 1131 57 15 eme-

209 1154 42 20 dan
268 1154 36 20 det
319 1153 18 26 ej
360 1154 85 26 jemlikt
460 1154 27 21 36
502 1154 12 27 8
530 1154 6 21 i
552 1154 23 22 L.
599 1154 24 21 O.
650 1154 69 21 blifvit
740 1154 77 25 visadt,
834 1156 32 19 att
889 1154 61 20 dessa
973 1153 68 22 medel

209 1188 52 15 vore
277 1182 113 26 behöfliga.
406 1195 27 3 —
448 1182 42 22 Till
512 1183 35 21 det
570 1182 132 27 antagandet
724 1183 54 25 åter,
795 1184 31 20 att
848 1184 86 20 senaste
949 1182 92 22 Ständer

209 1216 79 21 genom
303 1212 33 19 att
360 1210 76 27 bevilja
460 1211 60 21 dessa
536 1211 91 26 475,000
644 1211 61 21 mark
721 1211 47 21 frän
784 1210 255 27 stämpelpappersbevill-

210 1239 78 27 ningen
305 1239 67 21 under
388 1241 107 20 närmaste
518 1239 155 28 budgetperiod
696 1240 68 21 skulle
780 1239 65 22 hafva
860 1239 101 27 uppgjort
971 1239 70 26 nägon

210 1267 98 22 definitiv
331 1268 107 27 reglering
461 1268 48 21 med
524 1269 125 26 regeringen
671 1269 111 26 angående
805 1268 130 27 rättigheten
951 1269 32 20 att
999 1267 42 22 dis-

209 1302 83 20 ponera
315 1296 58 21 öfver
395 1297 122 22 återstoden
540 1297 25 21 af
578 1297 336 27 stämpelpappersbevillningen,
930 1302 62 15 anser
1005 1296 36 27 jag

209 1324 20 27 ej
245 1324 70 22 finnas
331 1325 36 21 det
382 1325 94 27 ringaste
499 1326 53 21 skäl.
582 1326 43 21 Det
641 1326 69 21 skulle
726 1325 44 22 helt
785 1325 73 22 enkelt
873 1331 51 15 vara
939 1327 32 18 att
987 1325 54 22 före-

209 1355 52 24 taga
284 1359 26 16 en
333 1354 246 27 grundlagsförändring,
605 1357 33 18 att
661 1354 58 21 afstä
741 1354 47 22 frän
804 1354 131 21 Ständernas
951 1355 43 20 rätt
1009 1355 37 20 att

210 1382 109 27 medgifva
333 1388 26 15 en
377 1382 120 27 bevillning.
527 1383 49 22 Icke
599 1383 92 21 behöfva
706 1383 121 22 Ständerna
843 1383 45 20 lösa
904 1382 31 27 sig
951 1382 32 21 till
1000 1383 41 20 den

210 1412 77 20 rätten.
319 1411 72 21 Skulle
408 1411 106 27 verkligen
538 1418 25 15 en
586 1411 241 28 grundlagsförändring
846 1411 64 25 skett,
926 1411 24 20 sä
961 1410 80 22 skedde

210 1439 41 21 den
264 1440 130 21 ätminstone
410 1441 74 20 endast
500 1441 48 20 med
563 1443 33 18 tre
611 1440 74 21 ständs
701 1440 133 27 begifvande,
852 1443 21 24 ty
889 1439 152 26 Borgarestän-

209 1467 37 21 det
261 1468 115 26 godkände
392 1468 18 26 ej
427 1469 33 21 vid
476 1471 84 19 senaste
575 1468 105 28 landtdag
695 1468 137 22 afträdandet
840 1468 24 21 af
877 1468 62 21 dessa
949 1468 92 26 475,000

209 1496 69 21 mark.
294 1509 28 2 —
338 1496 62 21 Hvad
416 1497 97 26 slutligen
529 1497 133 21 vidkommer
677 1498 42 23 det,
735 1499 33 19 att
784 1497 162 21 statsutskottet
961 1496 80 21 lemnat

209 1526 32 19 ett
257 1525 24 22 sä
303 1525 95 27 rundligt
420 1525 77 28 belopp
520 1526 32 21 till
572 1526 109 21 allmänna
695 1525 135 22 statsfonden
846 1525 32 21 för
895 1525 100 27 möjligen
1011 1525 30 21 in-
