1125 1811
313 142 181 21 Borgareståndet
508 142 58 16 1882.
592 142 12 16 2
614 141 51 20 juni.
845 136 55 21 1763

139 210 130 22 Besvarades
284 210 48 21 med
350 211 25 20 15
389 210 23 26 ja
428 210 40 21 och
486 211 26 20 29
529 210 40 27 nej,

139 267 39 22 och
193 267 55 21 hade
265 267 59 21 detta
339 269 95 19 moment
449 267 84 21 således
549 266 86 22 erhållit
651 266 41 22 den
708 267 22 21 af
743 266 51 22 herr
804 266 96 27 Ignatius

70 296 121 27 föreslagna
206 296 103 26 lydelsen:
326 298 43 24 ,att
378 296 84 21 landets
471 295 112 27 höglofliga
600 295 92 22 Ständer
707 295 7 21 i
730 294 171 27 underdånighet

69 324 96 21 anhålla:
182 326 32 19 att
229 324 59 21 Hans
304 324 102 27 Majestät
421 324 85 21 täcktes
521 324 108 27 förelägga
644 323 255 22 nästsammanträdande

70 353 92 22 Ständer
183 353 18 26 ej
218 353 81 21 mindre
313 353 81 26 förslag
409 353 33 20 till
458 353 41 26 lag,
515 353 60 20 hvari
590 353 100 26 samtliga
705 353 195 26 landskommuner,

68 381 73 22 hvilka
156 382 45 21 icke
217 381 28 27 på
259 381 90 22 särskild
365 381 96 22 ansökan
478 381 45 22 deri
539 381 70 21 kunde
626 381 82 21 erhålla
724 381 100 28 eftergift,
840 381 60 26 åläg-

69 417 39 20 gas
130 412 33 19 att
185 411 57 20 inom
264 410 43 21 viss
328 410 32 21 tid
382 410 82 21 inrätta
480 411 65 20 minst
560 416 26 15 en
602 409 43 22 fast
660 410 67 27 högre
743 409 113 27 folkskola,
872 411 28 20 än

70 439 40 22 ock
125 439 80 26 förslag
223 438 32 21 till
271 439 26 20 de
312 439 99 26 grunder,
427 439 69 26 enligt
511 439 71 21 hvilka
597 438 76 27 bidrag
689 438 32 21 till
737 438 108 22 folkskola
859 439 41 21 bör

70 468 23 21 af
107 467 107 22 allmänna
229 467 69 22 medel
313 467 69 27 utgå".

142 530 63 21 Mom.
222 531 12 20 2
250 530 130 27 godkändes.

139 668 113 21 Allmänna
280 668 205 22 besvärsutskottets
512 668 135 21 betänkande
677 667 40 21 N:o
741 668 27 20 20
791 667 109 27 angående

69 696 58 22 inom
150 696 83 22 Preste-
249 696 39 22 och
303 696 184 28 Borgareståndet
502 697 77 21 väckta
593 696 82 27 förslag
691 702 34 16 om
740 696 122 22 inrättande
878 696 22 21 af

70 725 204 22 handtverksskolor
289 726 107 21 äfvensom
408 726 69 21 andra
488 726 101 26 åtgärder
601 725 33 21 till
646 725 253 27 yrkesundervisningens

70 754 93 26 höjande

140 810 122 27 godkändes
278 812 51 20 utan
345 811 128 21 diskussion.

140 924 85 22 Samma
248 925 93 22 utskotts
356 925 137 21 betänkande
508 925 40 21 N:o
565 926 26 20 19
607 926 7 20 i
630 925 113 27 anledning
759 924 22 22 af
796 926 31 20 ett
842 924 58 22 inom

70 953 162 22 Presteståndet
257 954 62 21 väckt
345 954 185 27 petitionsförslag
553 960 34 15 om
609 953 185 28 äterförläggande
818 953 24 21 af
862 952 37 22 det

70 982 69 22 finska
154 982 150 28 normallyceet
319 982 32 22 till
367 982 143 27 Helsingfors.

140 1039 56 22 Herr
219 1040 177 21 Rönnbäck:
426 1040 41 26 Jag
490 1039 68 22 skulle
581 1039 86 22 anhålla
682 1041 32 20 att
729 1039 23 21 få
767 1038 75 22 förena
856 1038 44 27 mig

71 1074 35 15 om
128 1068 40 22 den
190 1068 22 21 af
231 1068 49 22 herr
295 1068 119 28 Malmgren
430 1068 35 22 till
482 1068 145 22 betänkandet
641 1068 78 27 fogade
733 1067 166 22 reservationen.

141 1126 56 20 Herr
212 1126 144 21 Neovius:
373 1121 68 26 Äfven
458 1126 36 26 jag
509 1125 68 22 skulle
592 1125 139 27 understödja
747 1125 70 21 denna
832 1130 67 15 reser-

70 1154 74 21 vation
159 1155 28 26 på
203 1154 39 21 den
257 1154 75 27 grund,
343 1156 33 19 att
391 1154 168 27 normallyceum
574 1154 7 21 i
590 1154 133 21 Tavastehus
731 1154 39 20 har
780 1154 55 21 visat
845 1153 55 27 goda

70 1182 91 22 resultat
177 1182 39 22 och
232 1184 23 20 är
270 1183 93 26 förlagdt
378 1184 6 20 i
400 1189 26 15 en
440 1185 49 19 rent
505 1182 55 22 finsk
575 1182 65 26 trakt,
657 1182 28 22 då
701 1189 47 15 man
765 1182 13 22 å
794 1188 25 16 en
830 1187 70 16 annan

70 1211 47 21 sida
132 1211 48 21 icke
195 1213 42 22 vet,
253 1211 31 21 till
299 1211 82 22 hvilket
396 1211 94 22 resultat
506 1217 26 15 en
547 1211 132 27 förflyttning
693 1211 24 20 af
731 1211 120 21 detsamma
866 1210 34 21 till

70 1239 135 28 Helsingfors
221 1239 68 22 skulle
305 1240 54 21 leda.

140 1296 56 22 Herr
218 1297 196 22 Liukkonen:
445 1293 70 26 Äfven
535 1297 36 27 jag
593 1297 68 21 finner
684 1297 43 27 mig
743 1295 111 23 nödsakad
869 1297 32 20 att

70 1325 88 22 förorda
173 1326 130 26 antagandet
318 1325 24 22 af
355 1326 169 21 reservationen.
555 1326 42 21 Det
612 1325 71 22 kunde
698 1325 124 26 visserligen
837 1323 64 22 hafva

69 1354 48 21 sina
139 1353 47 22 skäl
208 1353 33 22 för
264 1355 37 27 sig,
322 1356 31 19 att
370 1355 36 21 det
421 1354 69 22 finska
506 1354 151 28 normallyceet
673 1354 70 21 blefve
759 1353 94 27 förlagdt
868 1353 32 20 till

70 1383 219 21 universitetsstaden.
320 1383 49 22 Men
392 1384 24 21 sä
438 1384 64 26 länge
524 1383 166 27 normallyceum
713 1383 39 21 har
768 1383 55 21 varit
838 1381 8 21 i
861 1381 40 21 Ta-

70 1411 102 22 vastehus
193 1411 40 21 har
248 1411 35 22 det
299 1412 55 21 visat
369 1412 40 27 sig,
425 1414 33 19 att
474 1412 38 21 det
522 1413 83 20 kunnat
615 1411 88 22 inverka
714 1411 27 27 pä
752 1410 148 23 lärarekärens

70 1440 6 21 i
92 1440 74 22 landet
180 1439 127 28 utbildning.

140 1497 57 21 Herr
211 1496 126 22 Berner:
368 1498 42 26 Jag
426 1498 47 21 äter
490 1498 37 20 ber
543 1499 37 26 att,
595 1498 28 26 pä
638 1498 26 20 de
680 1497 99 27 grunder,
790 1502 46 16 som
852 1496 49 21 iut-

70 1525 92 22 skottets
185 1525 134 22 betänkande
342 1527 37 20 äro
395 1525 136 28 framhällna,
547 1525 21 22 få
583 1525 108 28 tillstyrka
705 1524 159 29 godkännande
879 1524 22 22 af
