1125 1811
213 127 56 20 1724
459 131 182 22 Borgareståndet
652 133 60 17 1882.
737 133 10 16 1
757 132 53 21 juni

285 201 123 27 Föredrogs

283 258 159 21 Sammansatta
466 258 54 26 Lag-
543 258 39 20 och
604 258 224 21 Ekonomiutskottets
852 256 135 22 betänkande
1007 257 42 21 N:o

214 286 33 26 13,
270 286 7 21 i
293 286 115 27 anledning
430 286 24 21 af
475 292 26 15 en
524 286 57 21 inom
604 286 162 21 Bondeståndet
782 286 63 21 väckt
861 286 90 26 petition
967 285 79 25 derom,

213 317 33 18 att
270 315 140 26 utbrytandet
432 315 22 20 af
475 315 169 27 öfverloppsjord
665 315 34 21 för
714 315 94 21 kronans
824 314 91 27 räkning
930 314 57 21 inom
1003 315 43 20 sär-

213 343 71 22 skilda
306 343 169 26 samfälligheter
498 344 31 20 uti
552 343 110 25 Karstula,
686 344 82 24 Keuru,
794 343 122 27 Jyväskylä,
939 342 108 26 Laukkas,

214 371 116 28 Saarijärvi
346 371 39 22 och
401 372 124 21 Wiitasaari
541 379 26 14 m.
584 371 20 22 fl.
621 372 91 21 socknar
728 373 66 20 måtte
810 371 106 22 inställas.

285 428 56 22 Herr
356 429 82 26 Ing
448 435 47 15 man:
512 429 42 28 Jag
569 429 68 21 skulle
653 429 26 22 be
695 432 32 19 att
743 429 21 22 få
779 429 89 22 förorda
884 429 128 26 antagandet
1027 427 25 22 af

215 457 41 21 den
279 457 138 26 reservation,
441 464 45 15 som
508 458 66 21 finnes
598 458 145 21 betänkandet
764 457 108 26 vidfogad.
903 457 46 21 Den
965 457 82 28 åtgärd,

215 492 46 15 som
286 486 81 21 kronan
391 493 28 14 nu
442 486 39 21 har
500 487 88 26 vidtagit
603 487 34 20 för
651 489 32 18 att
699 487 87 26 utbryta
803 487 62 20 dessa
880 486 91 26 marker,
987 487 40 20 har
1041 486 6 21 i

216 515 26 21 de
259 515 89 25 trakter,
364 521 45 15 som
426 517 36 19 äro
478 515 100 25 nämnda,
593 515 124 22 framkallat
732 515 90 21 allmänt
833 515 100 26 missnöje
944 515 38 21 och
994 517 55 19 stör-

215 545 34 20 sta
268 543 132 27 svårigheter
417 544 6 20 i
439 543 99 22 afseende
554 544 11 21 å
581 544 197 27 verkställigheten,
794 543 89 22 emedan
899 544 93 21 kronans
1007 543 40 21 im-

215 572 203 27 pedimentmarker,
434 579 44 14 som
496 573 34 20 vid
547 573 146 26 försiggånget
708 573 110 20 storskifte
830 572 71 21 blifvit
914 572 81 21 kronan
1006 572 43 21 för-

216 600 99 22 behållne
331 601 39 21 och
385 601 49 26 ingå
449 601 7 21 i
472 601 139 26 skifteslaget,
627 603 37 19 äro
681 601 89 21 alldeles
786 601 203 21 sammanblandade
1000 601 48 20 med

216 628 214 28 hemmansegarenes
453 630 75 20 odlade
552 636 56 20 egor,
631 629 46 25 och,
701 629 45 21 ifall
767 630 70 20 denna
852 629 125 27 utbrytning
992 629 55 26 sker,

216 658 97 20 kommer
326 658 35 21 det
377 658 75 21 endast
467 660 31 19 att
514 658 64 21 verka
593 658 84 27 mycket
693 659 102 21 störande
810 658 8 21 i
831 658 99 21 afseende
941 657 12 21 å
963 657 86 26 häfden,

216 692 49 15 men
281 686 61 21 äfven
358 687 6 20 i
380 687 68 21 andra
468 687 141 25 hänseenden,
626 687 124 27 isynnerhet
766 693 46 15 som
826 686 141 27 jordegarene
983 686 67 21 under

219 715 74 27 sjuttio
310 715 24 21 år
351 715 105 21 bebrukat
472 715 40 21 och
527 715 76 21 häfdat
619 716 62 21 dessa
697 716 86 21 marker
799 716 68 20 under
883 716 40 20 den
939 715 111 21 förutsätt-

217 744 57 26 ning,
297 746 33 19 att
353 744 25 21 de
402 744 100 21 tillhörde
526 744 61 21 deras
611 750 56 20 egor,
684 745 89 21 emedan
791 745 27 20 de
833 746 38 19 äro
887 744 90 26 belägna
992 744 58 20 inom

217 772 134 21 hemmanets
374 773 41 25 rår,
439 772 39 22 och
502 772 26 21 då
544 773 107 20 dessutom
668 775 31 19 ett
715 774 77 20 sådant
808 772 129 25 förfarande,
954 778 45 15 som
1015 771 36 21 vid

219 801 36 21 det
277 801 151 26 försiggångna
448 801 119 21 storskiftet
582 801 84 26 vidtogs
682 804 32 18 att
730 801 120 21 förbehålla
865 801 81 20 kronan
962 800 88 27 impedi-

218 830 151 25 mentmarker,
394 829 18 27 ej
437 829 66 22 heller
527 832 24 19 är
572 830 232 22 öfverensstämmande
828 829 47 21 med
899 835 27 15 nu
951 829 100 27 gällande

218 858 209 27 skiftesförfattning,
452 859 67 20 skulle
543 859 34 20 det
600 865 63 20 synas
683 859 42 26 mig
749 865 51 15 vara
821 857 230 22 öfverensstämmande

219 887 48 21 med
283 887 90 21 rättvisa
389 887 40 21 och
445 887 96 26 billighet
556 889 38 23 att,
607 887 70 21 såsom
689 887 161 21 reservationen
862 886 115 27 föreslagit,
989 887 62 20 dessa

219 915 86 21 marker
320 915 68 21 skulle
404 916 98 26 upplåtas
517 916 23 20 åt
555 916 125 21 hemmanen
697 919 45 18 mot
757 915 123 27 förhöjning
895 916 5 20 i
917 914 79 22 mantal
1011 914 40 22 och

220 947 45 18 mot
281 944 134 26 skogsränta.

289 1001 56 21 Herr
361 1001 183 21 Nummelin:
568 1001 134 21 Beträffande
719 1002 26 20 de
761 1000 175 27 samfälligheter,
953 1006 44 16 som
1013 1002 38 20 äro

219 1031 6 19 i
241 1030 67 26 fråga,
329 1030 38 21 har
380 1030 37 26 jag
433 1030 54 21 varit
502 1031 6 20 i
524 1030 82 21 tillfälle
622 1033 32 18 att
669 1030 96 21 inhemta
780 1030 116 26 utredning
911 1028 38 22 och
967 1029 37 21 ber
1019 1030 32 20 att

220 1059 5 20 i
242 1058 87 22 korthet
349 1058 20 22 få
386 1059 96 21 meddela
498 1058 98 28 följande.
627 1059 203 26 Samfälligheterna
846 1058 56 21 inom
919 1058 26 21 de
960 1057 24 21 af
997 1058 54 26 peti-

221 1088 97 21 tionären
341 1088 93 20 berörda
456 1088 89 21 socknar
567 1090 37 18 äro
623 1088 31 20 till
670 1088 83 20 antalet
769 1088 34 24 72,
820 1086 21 22 af
856 1086 72 22 hvilka
943 1087 65 20 redan
1024 1087 29 21 60

221 1116 70 21 blifvit
307 1116 93 20 skiftade
416 1116 40 21 och
472 1116 74 21 endast
562 1117 5 20 i
586 1118 24 19 12
627 1118 24 19 är
666 1116 124 22 storskiftet
806 1115 123 21 oafslutadt.
960 1115 31 21 De
1003 1121 16 14 s.
1031 1115 20 21 k.

220 1144 264 27 impedimentsmarkerna
501 1145 62 21 hafva
580 1145 55 21 varit
651 1145 23 21 af
688 1145 47 21 icke
751 1144 110 27 obetydlig
876 1144 50 21 vidd
939 1144 39 20 och
989 1143 63 21 hafva

221 1173 62 21 deraf
304 1174 47 20 icke
373 1174 123 26 oansenliga
517 1174 100 21 områden
641 1174 69 21 blifvit
726 1174 33 20 till
775 1172 277 28 lägenhetsinnehafvarene

221 1202 159 21 öfverlemnade
398 1202 59 21 såväl
473 1205 44 18 mot
533 1202 126 27 skogsränta
682 1208 45 15 som
744 1205 46 18 mot
806 1201 122 26 förhöjning
944 1201 5 20 i
966 1201 88 20 mantal.

221 1231 84 20 Endast
328 1230 151 27 undantagsvis
503 1231 39 21 har
556 1231 101 24 inträffat,
671 1233 31 19 att
718 1229 170 28 öfverloppsjord
904 1229 101 21 utbrutits
1021 1229 32 21 för

221 1259 94 21 kronans
338 1259 96 27 räkning.
465 1260 41 25 Jag
529 1259 37 21 ber
590 1262 31 18 att
637 1260 6 20 i
660 1259 59 21 detta
739 1259 103 22 afseende
858 1258 20 21 få
894 1257 113 22 framhålla
1022 1259 31 20 ett

222 1294 38 20 par
276 1288 104 26 exempel:
398 1288 59 21 Inom
474 1288 92 21 Häkkilä
579 1287 170 28 öfverloppsjord
760 1288 8 21 i
779 1287 75 22 Keuru
866 1287 77 21 socken
955 1286 98 27 utgjorde

222 1317 40 20 den
286 1316 123 27 skattlagda
433 1317 87 20 marken
538 1317 60 25 1,985
615 1317 111 26 tunnland,
743 1317 40 20 och
800 1315 253 27 impedimentmarkerna

224 1346 75 25 12,312
323 1345 110 22 tunnland,
464 1345 44 21 Allt
532 1345 59 21 detta
606 1345 64 21 hafva
686 1345 206 26 lägenhetsegarene
907 1344 40 21 fått
962 1343 91 22 behålla.

222 1374 61 21 Inom
299 1373 108 22 Wesanko
424 1374 144 26 samfällighet
583 1375 6 20 i
605 1374 116 27 Jyväskylä
736 1373 80 22 socken
833 1379 37 15 var
881 1373 40 21 den
934 1372 120 27 skattlagda

222 1403 87 27 marken
331 1403 62 26 6,862
410 1403 103 20 tunnland
526 1402 39 21 och
580 1402 256 27 impedimentmarkerna
852 1401 75 23 21.222
943 1401 110 21 tunnland.

222 1430 68 22 Äfven
306 1431 39 22 allt
361 1432 59 20 detta
437 1431 61 21 hafva
514 1437 89 20 egarene
619 1431 40 21 fått
675 1432 31 25 sig
717 1430 133 22 tillskiftadt.
881 1430 82 21 Endast
973 1429 81 22 undan-

222 1460 81 26 tagsvis
326 1460 38 20 har
380 1460 82 20 kronan
478 1460 61 20 hållit
554 1460 27 26 på
596 1460 31 20 sin
644 1462 48 18 rätt.
723 1459 161 21 Petitionärens
899 1458 116 26 påstående
1031 1459 24 19 är

223 1488 23 20 så
270 1488 84 26 mycket
377 1494 59 15 mera
458 1488 121 26 obefogadt,
599 1494 45 15 som
661 1488 104 27 styrelsen
782 1488 34 20 för
832 1486 69 27 öfrigt,
918 1486 66 26 enligt
999 1486 56 20 hvad

222 1516 156 27 handlingarna
401 1516 56 27 gifva
473 1517 31 20 vid
522 1517 90 25 handen,
628 1517 84 20 förfarit
728 1517 49 20 med
794 1516 41 21 den
851 1517 79 20 största
946 1515 109 21 skonsam-
