1125 1811
218 135 55 21 1428
448 141 180 21 Borgareståndet
641 142 57 16 1882.
723 142 26 16 22
762 141 49 21 maj.

216 209 33 21 för
271 209 42 21 min
337 209 33 21 del
394 211 24 19 är
440 209 24 22 af
484 210 40 21 den
547 210 62 26 åsigt,
625 212 32 19 att
670 210 144 27 jernvägarne
829 210 53 20 böra
897 209 114 27 befrämjas
1025 210 25 21 så

217 237 84 27 mycket
325 244 46 15 som
395 238 90 27 möjligt.
516 238 49 22 Men
578 239 37 27 jag
632 238 34 22 vill
682 238 67 22 hellre
765 240 52 26 taga
832 244 43 21 upp
890 238 37 21 lån
942 238 32 22 för
989 238 60 22 detta

216 266 107 26 ändamål,
346 268 27 20 än
389 267 86 26 splittra
490 266 80 27 fonder,
586 273 46 15 som
649 269 36 19 äro
702 267 83 27 nyttiga
802 267 40 21 och
857 266 83 22 hvilkas
955 267 94 21 använd-

217 295 51 26 ning
283 295 27 26 på
326 296 43 20 sätt
385 295 76 22 hittills
477 296 57 21 skett
550 295 39 22 har
604 296 61 21 ländt
680 296 73 21 landet
769 296 34 20 till
819 297 55 20 stort
888 302 62 20 gagn.

286 358 56 21 Herr
383 358 150 27 Chydenius
549 358 70 22 afstod
635 358 46 22 från
698 358 71 22 ordet.

286 421 155 22 Diskussionen
457 421 116 22 afslutades
582 421 96 26 härmed,
686 421 53 22 derå
747 422 71 21 denna
827 421 222 28 omröstningspropo-

217 449 66 22 sition
298 449 154 22 framställdes:

287 513 51 26 »De,
354 512 72 22 hvilka
448 513 114 26 godkänna
586 513 118 21 utskottets
723 513 113 21 uttalande
854 513 110 27 angående
979 518 70 16 amor-

218 541 208 26 tissementsfonden,
442 543 59 20 rösta
514 541 32 27 ja;

286 604 74 21 vinner
375 604 41 26 nej,
433 604 39 21 har
487 604 85 21 ståndet
587 604 89 21 beslutit
691 606 33 19 att
732 604 80 21 sådant
823 604 110 21 uttalande
943 603 106 22 utskottet

217 632 90 22 föreslår
323 632 46 22 icke
386 632 39 22 bör
441 632 46 22 från
503 633 126 21 ständernas
645 633 47 21 sida
707 640 40 20 ega
764 635 69 19 rum."

287 696 163 27 Propositionen
466 696 127 21 besvarades
609 695 49 22 med
674 696 26 21 23
715 696 23 26 ja
753 696 41 21 och
811 696 27 20 26
854 695 42 27 nej.

287 752 81 22 Herrar
391 752 169 26 Lindblom,
576 753 168 21 Rönnbäck
760 753 42 21 och
818 752 121 28 Hoving
955 758 92 16 reserve-

218 782 51 21 rade
285 781 31 27 sig
332 784 45 19 mot
392 782 107 26 utgängen
516 781 23 21 af
553 782 168 26 omröstningen.

286 838 122 22 Utskottets
432 839 134 21 betänkande
581 838 164 21 vidkommande
762 840 22 19 2.
805 837 243 28 Undsättningsfonden

218 869 56 19 samt
289 867 161 27 afdelningarna
465 867 20 21 B
500 867 40 22 och
556 867 18 21 C
586 867 125 27 godkändes
727 869 52 19 utan
796 867 130 21 diskussion.

286 924 136 21 Beträffande
444 924 108 21 klämmen
572 924 32 28 på
626 924 43 21 sid.
692 925 31 20 29
745 926 95 25 utspann
862 924 33 27 sig
909 923 93 28 följande
1017 924 32 21 di-

217 952 108 22 skussion:

287 1010 56 21 Herr
365 1009 148 22 Grönvik:
535 1010 75 22 Denna
632 1010 57 21 kläm
713 1010 56 21 skall
793 1009 142 27 naturligtvis,
957 1016 34 15 om
1007 1010 41 21 den

217 1038 62 27 eljest
294 1040 95 25 antages,
405 1038 77 22 ändras
498 1038 24 22 så
538 1041 31 19 att
584 1039 27 21 de
626 1038 23 21 af
662 1038 164 22 statsutskottet
842 1038 76 28 gjorda
932 1038 117 27 ändringar

218 1067 40 21 och
273 1067 80 27 förslag
368 1068 86 20 komma
469 1069 33 19 att
516 1068 34 20 stå
564 1068 7 20 i
587 1067 223 21 öfverensstämmelse
826 1066 48 22 med
895 1067 27 21 de
932 1067 21 21 af
963 1067 85 21 ståndet

217 1096 81 26 gjorda.

287 1152 56 22 Herr
365 1152 191 28 Chydenius:
579 1153 40 27 Jag
635 1153 96 22 anhåller
745 1155 34 19 att
795 1153 21 21 få
832 1152 80 22 föreslå
927 1154 32 20 ett
973 1152 76 27 tillägg

217 1181 33 21 till
274 1182 69 20 denna
365 1181 65 21 kläm.
461 1182 32 20 Då
508 1182 20 20 vi
544 1182 63 21 hafva
622 1182 119 26 genomläst
757 1182 62 21 detta
834 1182 135 21 betänkande
984 1182 65 26 angå-

217 1209 55 22 ende
290 1209 234 27 regeringsrelationen,
540 1211 41 20 kan
598 1210 36 21 det
649 1210 46 21 icke
711 1217 67 20 gerna
794 1209 64 22 hafva
874 1210 90 26 undgått
979 1211 69 26 någon

217 1240 32 19 att
272 1237 63 26 finna,
351 1238 37 21 det
402 1241 82 19 statens
500 1239 216 27 bokföringsväsende
733 1239 68 21 måtte
816 1239 34 21 stå
866 1239 27 26 på
908 1245 26 15 en
949 1238 38 27 fot,
1003 1244 45 16 som

217 1267 46 21 icke
286 1269 24 19 är
332 1267 49 21 fullt
403 1267 206 26 tillfredsställande;
632 1267 130 22 åtminstone
778 1267 68 22 finnes
862 1267 36 21 det
913 1267 135 26 ingenstädes

216 1295 120 26 framlagda
359 1295 81 28 tydliga
463 1296 38 21 och
517 1296 60 21 klara
593 1295 126 28 öfversigter
734 1296 61 21 öfver
810 1298 82 19 statens
909 1295 139 27 räkenskaps-

217 1325 98 20 väsende.
346 1324 112 21 Utskottet
480 1325 95 26 påpekar
598 1325 7 20 i
625 1325 75 26 början
716 1325 22 21 af
753 1324 153 26 betänkandet,
922 1326 32 19 att
969 1324 26 21 de
1010 1330 39 15 an-

217 1353 143 27 märkningar,
376 1359 45 15 som
438 1353 56 22 förut
509 1353 73 27 gjorts,
599 1359 87 16 numera
701 1353 45 22 ledt
762 1353 34 21 till
812 1355 31 20 ett
854 1353 195 22 tillfredsställande

217 1382 97 21 resultat.
345 1382 43 21 Der
403 1381 61 22 heter
479 1381 115 28 nämligen:

288 1410 48 25 »Vvid
352 1411 57 20 tiden
426 1411 32 20 för
476 1411 54 20 1877
546 1411 35 21 års
596 1411 102 26 landtdag
713 1411 97 21 sträckte
826 1410 32 27 sig
874 1409 105 22 afslutade
989 1409 60 28 kapi-

218 1438 146 28 talräkningar
389 1439 75 21 endast
483 1439 31 21 till
530 1439 38 21 och
584 1439 48 21 med
649 1440 61 25 1873,
725 1439 34 21 för
776 1440 56 20 1874
848 1438 39 22 och
906 1439 52 20 1875
974 1438 75 21 funnos

218 1467 55 21 blott
284 1468 141 20 summariska
440 1468 122 26 räkningar;
572 1474 29 14 nu
616 1468 96 21 deremot
723 1468 91 21 omfatta
825 1467 225 27 kapitalräkningarna

217 1495 66 21 redan
305 1496 24 21 år
353 1496 61 25 1879,
437 1497 23 20 så
484 1498 31 19 att
534 1496 75 21 endast
626 1496 55 21 1880
697 1496 35 21 års
747 1496 120 26 afslutning
882 1497 57 19 ännu
955 1496 24 20 är
993 1495 56 22 blott

216 1525 149 21 summarisk.*
