1125 1811
224 132 57 32 1524
466 138 181 27 Borgareständet
661 139 56 25 1882.
741 139 32 24 25
780 138 50 24 maj.

221 205 51 25 fullt
286 206 104 27 lämpligt,
405 208 33 20 att
460 206 194 28 bankfullmäktige
677 206 60 22 skola
752 209 48 20 utse
824 207 94 21 komiten
940 206 75 28 ifråga,
1031 207 25 21 sä

222 234 72 22 kunde
309 234 103 29 förslaget
427 233 82 30 kanske
517 230 133 42 formuleras
667 234 98 28 sålunda,
787 237 33 20 att
835 236 37 21 det
888 235 167 24 öfverlemnades

221 260 25 31 åt
252 263 201 27 bankfullmäktige
468 259 34 26 att
516 264 7 21 i
538 264 85 26 samråd
639 259 48 29 med
702 264 193 27 bankdirektionen
911 266 56 20 samt
977 263 79 25 tillkal-

223 288 48 30 lade
286 291 130 27 insigtsfulle
432 292 68 21 bank-
515 288 40 25 och
570 292 115 22 affärsmän.
701 293 101 27 utarbeta
813 292 79 27 förslag
904 292 33 22 till
951 294 46 26 nytt
1007 298 49 21 reg-

222 316 92 26 lemente
330 320 35 21 för
380 320 102 23 Finlands
498 320 68 22 Bank.

293 377 56 22 Herr
371 377 185 28 Björkstén:
588 377 56 23 Herr
667 378 114 23 Lindblom
804 378 40 22 har
867 378 93 27 påpekat
975 378 81 27 olämp-

223 405 94 28 ligheten
333 405 22 22 af
369 383 34 44 ati
418 405 64 23 bland
498 401 203 33 bankfullmäktiges
717 407 128 34 äligganden
856 406 62 23 äfven
929 407 60 26 ingär
999 406 57 23 med-

223 434 102 22 delandet
339 435 24 21 af
377 435 107 26 d6charge
498 435 34 22 för
555 435 95 29 bankens
673 435 129 27 förvaltning
818 435 23 22 ät
857 435 198 26 bankdirektionen.

222 460 71 29 Jemte
309 464 36 21 det
358 463 38 28 jag
418 463 86 23 förenar
526 464 43 27 mig
592 470 34 15 om
643 463 70 23 denna
727 464 58 27 äsigt
806 463 40 22 ber
858 464 36 27 jag
918 459 54 27 dock
987 465 34 20 att
1034 463 22 22 fä

223 486 90 33 päpeka,
329 495 34 19 att
383 499 77 20 genom
483 493 120 26 antagande
625 492 25 21 af
664 492 41 22 den
727 493 63 26 äsigt,
816 499 46 15 som
878 493 50 21 herr
942 493 113 22 Lindblom

221 521 123 26 framställt,
368 521 41 22 den
425 516 141 41 olägenheten
582 521 69 22 blefve
671 521 129 27 oundviklig,
816 523 34 20 att
865 521 190 23 bankdirektionen

223 547 77 26 endast
316 537 42 34 kan
374 547 82 24 erhålla
477 550 33 21 sin
532 549 105 28 décharge
653 551 24 20 sä
692 551 45 21 ofta
752 550 122 22 Ständerna
889 550 166 33 sammanträda.

223 577 50 23 Men
289 578 91 22 oaktadt
402 578 69 22 denna
494 578 113 27 olägenhet
622 578 50 22 ville
684 579 37 27 jag
737 579 55 22 dock
816 578 73 22 förena
908 578 42 27 mig
965 584 42 20 om,
1023 580 32 20 att

223 606 61 22 detta
303 606 114 33 äliggande
438 606 69 22 skulle
529 606 109 27 fräntagas
661 607 200 27 bankfullmäktige,
884 606 112 22 hvaremot
1018 607 37 21 det

223 641 64 21 synes
302 635 43 27 mig
360 635 112 28 olämpligt
487 638 38 23 att,
542 620 70 47 såsom
627 635 103 28 förslaget
745 635 127 33 innehåller,
887 635 122 27 öfverflytta
1019 635 37 22 det

223 663 29 27 på
268 663 172 27 bankutskottet,
456 660 27 25 då
498 666 32 19 ett
546 664 142 22 bankutskott
710 664 56 23 ändå
782 664 21 33 ej
818 665 104 21 existerar
943 664 72 22 vidare
1027 666 28 21 än

224 692 41 22 den
280 692 31 22 tid
328 692 121 22 Ständerna
471 692 166 27 sammanträda,
653 692 40 22 och
709 692 69 22 skulle
795 693 37 27 jag
848 692 71 25 derför
935 699 50 15 anse
1001 692 54 27 skäl,

223 723 34 20 att
272 721 122 21 Ständerna
408 720 75 31 sjelfva
498 721 75 25 skulle,
588 721 28 27 på
631 720 80 29 förslag
733 721 24 22 af
771 721 172 26 bankutskottet,
958 720 97 24 meddela

223 750 197 23 bankdirektionen
436 748 110 29 décharge.

294 807 56 21 Herr
373 806 124 22 Heikel:
526 807 42 28 Jag
587 807 39 21 ber
641 809 32 20 att
697 807 32 21 till
744 807 45 22 alla
805 807 60 22 delar
881 806 21 22 få
918 806 137 27 understödja

224 835 51 22 herr
289 835 119 22 Wasenius'
424 835 80 28 förslag
525 835 39 22 och
587 835 69 22 skulle
679 835 46 22 icke
741 835 58 28 vilja,
823 838 33 19 att
870 836 67 26 några
953 835 102 28 detaljbe-

223 864 134 27 stämningar
373 864 67 21 måtte
452 864 50 27 ingå
516 864 7 21 i
539 865 36 20 det
597 864 104 27 uppdrag,
716 870 47 16 som
782 864 82 22 lemnas
879 864 23 21 åt
916 863 138 23 komiterade.

224 891 52 28 Man
293 893 42 21 kan
358 893 124 26 visserligen
498 893 6 21 i
520 893 193 27 décharge-frågan
728 899 59 18 anse,
807 895 33 19 att
855 893 37 21 det
907 899 50 15 vore
973 893 81 26 lämpli-

223 921 54 27 gare
299 927 34 15 om
359 920 133 29 fullmäktige
517 921 46 22 icke
586 920 70 23 skulle
681 921 98 22 meddela
808 921 111 27 décharge,
947 923 51 20 utan
1023 924 33 18 att

224 950 61 21 detta
309 949 69 22 skulle
403 949 38 22 ske
463 949 23 22 af
508 949 125 23 Ständerna.
664 950 49 22 Men
739 950 37 21 det
802 950 68 21 finnes
886 950 12 21 å
914 950 65 22 andra
994 950 61 22 sidan

225 978 77 27 många
326 978 55 26 skäl,
406 984 45 16 som
477 978 45 22 tala
546 978 33 22 för
605 980 124 24 motsatsen,
754 978 41 22 och
820 978 67 27 gifver
914 984 47 16 man
981 978 74 28 sjelfva

224 1006 351 34 bankfullmäktige-institutionen
596 1014 26 15 en
647 1008 65 26 något
737 1013 72 15 annan
834 1007 107 26 karakter,
964 1008 27 20 än
1015 1007 40 21 den

224 1041 29 15 nu
269 1035 44 24 har,
337 1038 35 19 vet
385 1036 38 27 jag
444 1035 47 22 icke
513 1033 56 25 hvad
583 1042 46 16 som
652 1036 96 24 hindrar,
764 1036 6 21 i
787 1036 117 27 synnerhet
924 1042 34 16 om
974 1035 81 25 antalet

224 1063 192 28 bankfullmäktige
442 1063 69 24 tillika
536 1064 58 27 ökas,
609 1067 32 19 att
667 1064 44 22 låta
736 1064 195 27 bankfullmäktige
955 1064 99 22 meddela

224 1091 113 29 décharge.
366 1092 42 28 Jag
422 1092 75 27 skulle,
522 1094 47 21 med
590 1096 32 19 ett
637 1093 39 22 ord
703 1093 69 28 sagdt,
788 1093 49 21 icke
862 1093 50 27 vilja
939 1093 65 22 binda
1029 1094 26 21 de

225 1121 144 26 komiterades
385 1121 87 25 händer,
496 1122 27 21 då
538 1122 26 22 de
585 1128 78 21 genom
679 1124 31 19 ett
725 1122 79 22 sådant
828 1122 111 22 uttalande
953 1122 25 22 af
991 1122 64 25 Stän-

224 1150 69 21 derna
307 1150 101 27 möjligen
424 1150 68 22 skulle
507 1157 23 15 se
545 1151 32 27 sig
592 1150 122 22 föranlåtna
729 1153 33 20 att
777 1150 78 28 frångå
870 1153 32 19 ett
912 1150 86 28 förslag,
1009 1156 46 16 som

224 1178 28 22 de
267 1178 74 28 sjelfva
357 1180 79 26 ansåge
459 1185 50 15 vara
531 1179 48 22 bäst
594 1180 40 21 och
650 1182 55 19 mest
726 1181 102 25 gynsamt
843 1179 34 21 för
893 1179 91 22 banken.
1014 1179 41 27 Jag

225 1209 53 24 tror,
293 1209 32 19 att
340 1207 94 22 Stånden
458 1207 48 22 med
522 1208 36 21 det
579 1208 111 27 högtryck,
706 1208 68 21 under
790 1207 84 22 hvilket
892 1207 21 22 vi
928 1214 28 15 nu
975 1207 81 26 arbeta,

224 1235 48 22 icke
287 1235 89 26 kunnat,
390 1235 129 22 åtminstone
533 1237 47 21 icke
596 1237 26 21 de
637 1237 223 24 ståndsmedlemmar,
876 1242 46 16 som
943 1237 38 21 äro
997 1243 59 15 mera

224 1264 133 21 främmande
368 1265 34 20 för
412 1265 62 21 dessa
484 1265 78 27 frågor,
578 1267 57 20 sätta
645 1265 33 27 sig
693 1265 20 21 in
729 1265 7 21 i
752 1265 65 22 dessa
832 1265 94 22 ärenden
941 1265 30 25 så,
987 1267 33 20 att
1035 1266 21 21 vi

223 1293 71 21 skulle
309 1293 73 21 kunna
397 1299 51 15 vara
462 1293 115 22 förvissade
594 1300 40 20 om,
655 1296 32 19 att
703 1294 26 21 de
752 1294 142 26 föreskrifter,
912 1300 44 15 som
972 1300 27 15 nu
1015 1294 40 27 gif-

225 1327 44 19 vas,
285 1323 37 20 äro
338 1321 86 22 absolut
439 1322 82 27 rigtiga.

295 1379 56 22 Herr
366 1379 176 22 Lindblom:
572 1380 42 21 Det
630 1386 37 15 var
681 1379 119 28 ingalunda
815 1380 43 20 min
874 1379 91 28 mening,
975 1381 33 20 att
1018 1380 38 21 ko-

224 1407 67 22 miten
306 1408 47 21 icke
369 1408 69 21 skulle
460 1410 50 25 taga
532 1408 67 22 under
615 1408 133 27 ompröfning
772 1408 71 27 någon
858 1414 71 15 annan
944 1410 27 19 än
994 1408 26 21 de
1035 1408 24 21 af

225 1435 44 28 mig
285 1437 128 21 omnämnda
435 1439 76 20 tvenne
532 1437 218 27 kardinalpunkterna
766 1437 7 20 i
790 1436 204 27 bankreglementet.
1015 1437 42 26 Jag

225 1464 50 22 ville
291 1465 82 25 endast,
389 1467 32 19 att
444 1465 60 21 äfven
528 1466 62 20 dessa
605 1465 23 21 af
642 1466 40 21 den
704 1465 109 21 blifvande
829 1465 95 22 komitén
940 1465 69 21 skulle
1025 1468 32 18 ta-

223 1499 40 20 gas
278 1493 7 21 i
301 1493 125 26 beaktande,
444 1500 46 15 men
506 1494 32 21 för
554 1494 63 27 öfrigt
633 1494 100 22 förenade
747 1494 39 27 jag
802 1493 43 27 mig
861 1500 34 15 om
919 1494 48 21 herr
982 1494 75 21 Wase-

225 1521 55 22 nius'
296 1521 86 28 förslag.
