<?xml version="1.0" encoding="UTF-8"?>
<alto xmlns="http://www.loc.gov/standards/alto/ns-v3#" xmlns:xlink="http://www.w3.org/1999/xlink" xmlns:xsi="http://www.w3.org/2001/XMLSchema-instance" xsi:schemaLocation="http://www.loc.gov/standards/alto/ns-v3# http://www.loc.gov/alto/v3/alto-3-0.xsd">
	<Description>
		<MeasurementUnit>pixel</MeasurementUnit>
		<sourceImageInformation>
			<fileName>/tmp/tess_vkus2pkg_input.PNG</fileName>
		</sourceImageInformation>
		<OCRProcessing ID="OCR_0">
			<ocrProcessingStep>
				<processingSoftware>
					<softwareName>tesseract 5.3.4</softwareName>
				</processingSoftware>
			</ocrProcessingStep>
		</OCRProcessing>
	</Description>
	<Layout>
		<Page WIDTH="1125" HEIGHT="1811" PHYSICAL_IMG_NR="0" ID="page_0">
			<PrintSpace HPOS="0" VPOS="0" WIDTH="1125" HEIGHT="1811">
				<ComposedBlock ID="cblock_0" HPOS="327" VPOS="146" WIDTH="607" HEIGHT="26">
					<TextBlock ID="block_0" HPOS="327" VPOS="146" WIDTH="607" HEIGHT="26">
						<TextLine ID="line_0" HPOS="327" VPOS="146" WIDTH="607" HEIGHT="26">
							<String ID="string_0" HPOS="327" VPOS="150" WIDTH="183" HEIGHT="22" WC="0.91" CONTENT="Borgareståndet"/><SP WIDTH="12" VPOS="150" HPOS="510"/>
							<String ID="string_1" HPOS="522" VPOS="150" WIDTH="59" HEIGHT="18" WC="0.96" CONTENT="1882."/><SP WIDTH="24" VPOS="150" HPOS="581"/>
							<String ID="string_2" HPOS="605" VPOS="151" WIDTH="28" HEIGHT="17" WC="0.95" CONTENT="22"/><SP WIDTH="12" VPOS="151" HPOS="633"/>
							<String ID="string_3" HPOS="645" VPOS="150" WIDTH="48" HEIGHT="22" WC="0.95" CONTENT="maj."/><SP WIDTH="186" VPOS="150" HPOS="693"/>
							<String ID="string_4" HPOS="879" VPOS="146" WIDTH="55" HEIGHT="20" WC="0.96" CONTENT="1431"/>
						</TextLine>
					</TextBlock>
				</ComposedBlock>
				<GraphicalElement ID="cblock_1" HPOS="193" VPOS="174" WIDTH="739" HEIGHT="15"></GraphicalElement >
				<ComposedBlock ID="cblock_2" HPOS="103" VPOS="218" WIDTH="834" HEIGHT="62">
					<TextBlock ID="block_1" HPOS="103" VPOS="218" WIDTH="834" HEIGHT="62">
						<TextLine ID="line_1" HPOS="103" VPOS="218" WIDTH="834" HEIGHT="29">
							<String ID="string_5" HPOS="103" VPOS="220" WIDTH="110" HEIGHT="27" WC="0.93" CONTENT="angående"/><SP WIDTH="26" VPOS="220" HPOS="213"/>
							<String ID="string_6" HPOS="239" VPOS="219" WIDTH="86" HEIGHT="27" WC="0.87" CONTENT="åtgärds"/><SP WIDTH="23" VPOS="219" HPOS="325"/>
							<String ID="string_7" HPOS="348" VPOS="219" WIDTH="130" HEIGHT="27" WC="0.91" CONTENT="vidtagande"/><SP WIDTH="23" VPOS="219" HPOS="478"/>
							<String ID="string_8" HPOS="501" VPOS="220" WIDTH="34" HEIGHT="20" WC="0.93" CONTENT="att"/><SP WIDTH="21" VPOS="220" HPOS="535"/>
							<String ID="string_9" HPOS="556" VPOS="218" WIDTH="102" HEIGHT="22" WC="0.92" CONTENT="förskaffa"/><SP WIDTH="26" VPOS="218" HPOS="658"/>
							<String ID="string_10" HPOS="684" VPOS="218" WIDTH="135" HEIGHT="28" WC="0.90" CONTENT="gängbarhet"/><SP WIDTH="20" VPOS="218" HPOS="819"/>
							<String ID="string_11" HPOS="839" VPOS="219" WIDTH="36" HEIGHT="21" WC="0.96" CONTENT="för"/><SP WIDTH="25" VPOS="219" HPOS="875"/>
							<String ID="string_12" HPOS="900" VPOS="220" WIDTH="37" HEIGHT="21" WC="0.96" CONTENT="det"/>
						</TextLine>
						<TextLine ID="line_2" HPOS="103" VPOS="247" WIDTH="734" HEIGHT="33">
							<String ID="string_13" HPOS="103" VPOS="248" WIDTH="71" HEIGHT="22" WC="0.93" CONTENT="finska"/><SP WIDTH="13" VPOS="248" HPOS="174"/>
							<String ID="string_14" HPOS="187" VPOS="248" WIDTH="134" HEIGHT="32" WC="0.91" CONTENT="guldmyntet"/><SP WIDTH="14" VPOS="248" HPOS="321"/>
							<String ID="string_15" HPOS="335" VPOS="248" WIDTH="7" HEIGHT="22" WC="0.96" CONTENT="i"/><SP WIDTH="15" VPOS="248" HPOS="342"/>
							<String ID="string_16" HPOS="357" VPOS="248" WIDTH="128" HEIGHT="27" WC="0.95" CONTENT="Frankrike,"/><SP WIDTH="17" VPOS="248" HPOS="485"/>
							<String ID="string_17" HPOS="502" VPOS="247" WIDTH="124" HEIGHT="28" WC="0.96" CONTENT="godkändes"/><SP WIDTH="15" VPOS="247" HPOS="626"/>
							<String ID="string_18" HPOS="641" VPOS="250" WIDTH="51" HEIGHT="19" WC="0.96" CONTENT="utan"/><SP WIDTH="17" VPOS="250" HPOS="692"/>
							<String ID="string_19" HPOS="709" VPOS="248" WIDTH="128" HEIGHT="22" WC="0.96" CONTENT="diskussion."/>
						</TextLine>
					</TextBlock>
				</ComposedBlock>
				<ComposedBlock ID="cblock_3" HPOS="102" VPOS="407" WIDTH="833" HEIGHT="172">
					<TextBlock ID="block_2" HPOS="102" VPOS="407" WIDTH="833" HEIGHT="172">
						<TextLine ID="line_3" HPOS="173" VPOS="407" WIDTH="762" HEIGHT="28">
							<String ID="string_20" HPOS="173" VPOS="408" WIDTH="222" HEIGHT="22" WC="0.91" CONTENT="Ekonomiutskottets"/><SP WIDTH="25" VPOS="408" HPOS="395"/>
							<String ID="string_21" HPOS="420" VPOS="407" WIDTH="138" HEIGHT="23" WC="0.96" CONTENT="betänkande"/><SP WIDTH="22" VPOS="407" HPOS="558"/>
							<String ID="string_22" HPOS="580" VPOS="408" WIDTH="39" HEIGHT="21" WC="0.96" CONTENT="N:o"/><SP WIDTH="22" VPOS="408" HPOS="619"/>
							<String ID="string_23" HPOS="641" VPOS="409" WIDTH="13" HEIGHT="21" WC="0.96" CONTENT="5"/><SP WIDTH="23" VPOS="409" HPOS="654"/>
							<String ID="string_24" HPOS="677" VPOS="408" WIDTH="7" HEIGHT="21" WC="0.95" CONTENT="i"/><SP WIDTH="24" VPOS="408" HPOS="684"/>
							<String ID="string_25" HPOS="708" VPOS="408" WIDTH="114" HEIGHT="27" WC="0.95" CONTENT="anledning"/><SP WIDTH="15" VPOS="408" HPOS="822"/>
							<String ID="string_26" HPOS="837" VPOS="408" WIDTH="24" HEIGHT="21" WC="0.95" CONTENT="af"/><SP WIDTH="12" VPOS="408" HPOS="861"/>
							<String ID="string_27" HPOS="873" VPOS="408" WIDTH="62" HEIGHT="21" WC="0.96" CONTENT="Hans"/>
						</TextLine>
						<TextLine ID="line_4" HPOS="103" VPOS="436" WIDTH="832" HEIGHT="29">
							<String ID="string_28" HPOS="103" VPOS="437" WIDTH="120" HEIGHT="28" WC="0.95" CONTENT="Kejserliga"/><SP WIDTH="15" VPOS="437" HPOS="223"/>
							<String ID="string_29" HPOS="238" VPOS="437" WIDTH="110" HEIGHT="26" WC="0.96" CONTENT="Majestäts"/><SP WIDTH="15" VPOS="437" HPOS="348"/>
							<String ID="string_30" HPOS="363" VPOS="437" WIDTH="79" HEIGHT="27" WC="0.96" CONTENT="nådiga"/><SP WIDTH="15" VPOS="437" HPOS="442"/>
							<String ID="string_31" HPOS="457" VPOS="437" WIDTH="135" HEIGHT="27" WC="0.96" CONTENT="proposition"/><SP WIDTH="11" VPOS="437" HPOS="592"/>
							<String ID="string_32" HPOS="603" VPOS="436" WIDTH="40" HEIGHT="23" WC="0.96" CONTENT="N:o"/><SP WIDTH="11" VPOS="436" HPOS="643"/>
							<String ID="string_33" HPOS="654" VPOS="437" WIDTH="34" HEIGHT="27" WC="0.94" CONTENT="25,"/><SP WIDTH="11" VPOS="437" HPOS="688"/>
							<String ID="string_34" HPOS="699" VPOS="436" WIDTH="145" HEIGHT="22" WC="0.94" CONTENT="innefattande"/><SP WIDTH="10" VPOS="436" HPOS="844"/>
							<String ID="string_35" HPOS="854" VPOS="436" WIDTH="81" HEIGHT="27" WC="0.96" CONTENT="förslag"/>
						</TextLine>
						<TextLine ID="line_5" HPOS="103" VPOS="465" WIDTH="831" HEIGHT="28">
							<String ID="string_36" HPOS="103" VPOS="466" WIDTH="33" HEIGHT="21" WC="0.96" CONTENT="till"/><SP WIDTH="17" VPOS="466" HPOS="136"/>
							<String ID="string_37" HPOS="153" VPOS="465" WIDTH="149" HEIGHT="28" WC="0.95" CONTENT="förordningar"/><SP WIDTH="21" VPOS="465" HPOS="302"/>
							<String ID="string_38" HPOS="323" VPOS="465" WIDTH="109" HEIGHT="27" WC="0.91" CONTENT="angående"/><SP WIDTH="16" VPOS="465" HPOS="432"/>
							<String ID="string_39" HPOS="448" VPOS="466" WIDTH="98" HEIGHT="21" WC="0.91" CONTENT="vilkoren"/><SP WIDTH="15" VPOS="466" HPOS="546"/>
							<String ID="string_40" HPOS="561" VPOS="465" WIDTH="33" HEIGHT="22" WC="0.96" CONTENT="för"/><SP WIDTH="15" VPOS="465" HPOS="594"/>
							<String ID="string_41" HPOS="609" VPOS="466" WIDTH="19" HEIGHT="27" WC="0.96" CONTENT="ej"/><SP WIDTH="16" VPOS="466" HPOS="628"/>
							<String ID="string_42" HPOS="644" VPOS="465" WIDTH="82" HEIGHT="22" WC="0.96" CONTENT="mindre"/><SP WIDTH="15" VPOS="465" HPOS="726"/>
							<String ID="string_43" HPOS="741" VPOS="465" WIDTH="138" HEIGHT="28" WC="0.96" CONTENT="tillverkning"/><SP WIDTH="15" VPOS="465" HPOS="879"/>
							<String ID="string_44" HPOS="894" VPOS="465" WIDTH="40" HEIGHT="22" WC="0.96" CONTENT="och"/>
						</TextLine>
						<TextLine ID="line_6" HPOS="104" VPOS="493" WIDTH="830" HEIGHT="28">
							<String ID="string_45" HPOS="104" VPOS="494" WIDTH="141" HEIGHT="27" WC="0.91" CONTENT="destillering,"/><SP WIDTH="23" VPOS="494" HPOS="245"/>
							<String ID="string_46" HPOS="268" VPOS="496" WIDTH="26" HEIGHT="19" WC="0.95" CONTENT="än"/><SP WIDTH="23" VPOS="496" HPOS="294"/>
							<String ID="string_47" HPOS="317" VPOS="494" WIDTH="133" HEIGHT="27" WC="0.93" CONTENT="försäljning,"/><SP WIDTH="24" VPOS="494" HPOS="450"/>
							<String ID="string_48" HPOS="474" VPOS="494" WIDTH="89" HEIGHT="27" WC="0.91" CONTENT="forsling"/><SP WIDTH="23" VPOS="494" HPOS="563"/>
							<String ID="string_49" HPOS="586" VPOS="493" WIDTH="39" HEIGHT="22" WC="0.96" CONTENT="och"/><SP WIDTH="16" VPOS="493" HPOS="625"/>
							<String ID="string_50" HPOS="641" VPOS="493" WIDTH="80" HEIGHT="28" WC="0.96" CONTENT="upplag"/><SP WIDTH="14" VPOS="493" HPOS="721"/>
							<String ID="string_51" HPOS="735" VPOS="494" WIDTH="23" HEIGHT="21" WC="0.96" CONTENT="af"/><SP WIDTH="14" VPOS="494" HPOS="758"/>
							<String ID="string_52" HPOS="772" VPOS="493" WIDTH="90" HEIGHT="22" WC="0.96" CONTENT="bränvin"/><SP WIDTH="15" VPOS="493" HPOS="862"/>
							<String ID="string_53" HPOS="877" VPOS="496" WIDTH="57" HEIGHT="20" WC="0.95" CONTENT="samt"/>
						</TextLine>
						<TextLine ID="line_7" HPOS="102" VPOS="522" WIDTH="832" HEIGHT="29">
							<String ID="string_54" HPOS="102" VPOS="523" WIDTH="69" HEIGHT="22" WC="0.96" CONTENT="andra"/><SP WIDTH="22" VPOS="523" HPOS="171"/>
							<String ID="string_55" HPOS="193" VPOS="523" WIDTH="81" HEIGHT="22" WC="0.95" CONTENT="brända"/><SP WIDTH="23" VPOS="523" HPOS="274"/>
							<String ID="string_56" HPOS="297" VPOS="522" WIDTH="52" HEIGHT="23" WC="0.88" CONTENT="eller"/><SP WIDTH="24" VPOS="522" HPOS="349"/>
							<String ID="string_57" HPOS="373" VPOS="523" WIDTH="139" HEIGHT="22" WC="0.88" CONTENT="destillerade"/><SP WIDTH="14" VPOS="523" HPOS="512"/>
							<String ID="string_58" HPOS="526" VPOS="523" WIDTH="151" HEIGHT="28" WC="0.93" CONTENT="spritdrycker,"/><SP WIDTH="16" VPOS="523" HPOS="677"/>
							<String ID="string_59" HPOS="693" VPOS="522" WIDTH="114" HEIGHT="23" WC="0.91" CONTENT="bordlades"/><SP WIDTH="15" VPOS="522" HPOS="807"/>
							<String ID="string_60" HPOS="822" VPOS="522" WIDTH="32" HEIGHT="22" WC="0.93" CONTENT="till"/><SP WIDTH="16" VPOS="522" HPOS="854"/>
							<String ID="string_61" HPOS="870" VPOS="523" WIDTH="64" HEIGHT="22" WC="0.92" CONTENT="Tors-"/>
						</TextLine>
						<TextLine ID="line_8" HPOS="104" VPOS="552" WIDTH="259" HEIGHT="27">
							<String ID="string_62" HPOS="104" VPOS="552" WIDTH="81" HEIGHT="27" WC="0.96" CONTENT="dagens"/><SP WIDTH="15" VPOS="552" HPOS="185"/>
							<String ID="string_63" HPOS="200" VPOS="552" WIDTH="163" HEIGHT="21" WC="0.96" CONTENT="sammanträde."/>
						</TextLine>
					</TextBlock>
				</ComposedBlock>
				<ComposedBlock ID="cblock_4" HPOS="101" VPOS="694" WIDTH="831" HEIGHT="56">
					<TextBlock ID="block_3" HPOS="101" VPOS="694" WIDTH="831" HEIGHT="56">
						<TextLine ID="line_9" HPOS="170" VPOS="694" WIDTH="762" HEIGHT="28">
							<String ID="string_64" HPOS="170" VPOS="694" WIDTH="57" HEIGHT="22" WC="0.93" CONTENT="Från"/><SP WIDTH="23" VPOS="694" HPOS="227"/>
							<String ID="string_65" HPOS="250" VPOS="694" WIDTH="140" HEIGHT="22" WC="0.90" CONTENT="medstånden"/><SP WIDTH="24" VPOS="694" HPOS="390"/>
							<String ID="string_66" HPOS="414" VPOS="694" WIDTH="56" HEIGHT="22" WC="0.96" CONTENT="hade"/><SP WIDTH="16" VPOS="694" HPOS="470"/>
							<String ID="string_67" HPOS="486" VPOS="694" WIDTH="118" HEIGHT="22" WC="0.96" CONTENT="ankommit"/><SP WIDTH="15" VPOS="694" HPOS="604"/>
							<String ID="string_68" HPOS="619" VPOS="694" WIDTH="95" HEIGHT="28" WC="0.91" CONTENT="följande"/><SP WIDTH="15" VPOS="694" HPOS="714"/>
							<String ID="string_69" HPOS="729" VPOS="694" WIDTH="203" HEIGHT="27" WC="0.91" CONTENT="protokollsutdrag,"/>
						</TextLine>
						<TextLine ID="line_10" HPOS="101" VPOS="723" WIDTH="105" HEIGHT="27">
							<String ID="string_70" HPOS="101" VPOS="723" WIDTH="105" HEIGHT="27" WC="0.96" CONTENT="nämligen"/>
						</TextLine>
					</TextBlock>
				</ComposedBlock>
				<ComposedBlock ID="cblock_5" HPOS="93" VPOS="791" WIDTH="839" HEIGHT="427">
					<TextBlock ID="block_4" HPOS="100" VPOS="791" WIDTH="832" HEIGHT="52">
						<TextLine ID="line_11" HPOS="172" VPOS="791" WIDTH="760" HEIGHT="25">
							<String ID="string_71" HPOS="172" VPOS="794" WIDTH="32" HEIGHT="20" WC="0.80" CONTENT="1:o"/><SP WIDTH="23" VPOS="794" HPOS="204"/>
							<String ID="string_72" HPOS="227" VPOS="792" WIDTH="45" HEIGHT="21" WC="0.92" CONTENT="från"/><SP WIDTH="23" VPOS="792" HPOS="272"/>
							<String ID="string_73" HPOS="295" VPOS="792" WIDTH="162" HEIGHT="22" WC="0.91" CONTENT="Presteståndet"/><SP WIDTH="23" VPOS="792" HPOS="457"/>
							<String ID="string_74" HPOS="480" VPOS="791" WIDTH="33" HEIGHT="22" WC="0.96" CONTENT="för"/><SP WIDTH="15" VPOS="791" HPOS="513"/>
							<String ID="string_75" HPOS="528" VPOS="791" WIDTH="40" HEIGHT="22" WC="0.96" CONTENT="den"/><SP WIDTH="17" VPOS="791" HPOS="568"/>
							<String ID="string_76" HPOS="585" VPOS="793" WIDTH="26" HEIGHT="20" WC="0.96" CONTENT="16"/><SP WIDTH="16" VPOS="793" HPOS="611"/>
							<String ID="string_77" HPOS="627" VPOS="791" WIDTH="40" HEIGHT="22" WC="0.96" CONTENT="och"/><SP WIDTH="18" VPOS="791" HPOS="667"/>
							<String ID="string_78" HPOS="685" VPOS="793" WIDTH="25" HEIGHT="20" WC="0.96" CONTENT="19"/><SP WIDTH="16" VPOS="793" HPOS="710"/>
							<String ID="string_79" HPOS="726" VPOS="791" WIDTH="86" HEIGHT="25" WC="0.95" CONTENT="dennes,"/><SP WIDTH="16" VPOS="791" HPOS="812"/>
							<String ID="string_80" HPOS="828" VPOS="791" WIDTH="49" HEIGHT="22" WC="0.93" CONTENT="med"/><SP WIDTH="15" VPOS="791" HPOS="877"/>
							<String ID="string_81" HPOS="892" VPOS="798" WIDTH="40" HEIGHT="15" WC="0.91" CONTENT="un-"/>
						</TextLine>
						<TextLine ID="line_12" HPOS="100" VPOS="821" WIDTH="177" HEIGHT="22">
							<String ID="string_82" HPOS="100" VPOS="821" WIDTH="128" HEIGHT="22" WC="0.91" CONTENT="derrättelse"/><SP WIDTH="15" VPOS="821" HPOS="228"/>
							<String ID="string_83" HPOS="243" VPOS="827" WIDTH="34" HEIGHT="15" WC="0.97" CONTENT="om"/>
						</TextLine>
					</TextBlock>
					<TextBlock ID="block_5" HPOS="100" VPOS="849" WIDTH="831" HEIGHT="55">
						<TextLine ID="line_13" HPOS="169" VPOS="849" WIDTH="762" HEIGHT="28">
							<String ID="string_84" HPOS="169" VPOS="850" WIDTH="22" HEIGHT="27" WC="0.93" CONTENT="a)"/><SP WIDTH="16" VPOS="850" HPOS="191"/>
							<String ID="string_85" HPOS="207" VPOS="849" WIDTH="95" HEIGHT="22" WC="0.91" CONTENT="ståndets"/><SP WIDTH="30" VPOS="849" HPOS="302"/>
							<String ID="string_86" HPOS="332" VPOS="849" WIDTH="71" HEIGHT="22" WC="0.96" CONTENT="beslut"/><SP WIDTH="21" VPOS="849" HPOS="403"/>
							<String ID="string_87" HPOS="424" VPOS="849" WIDTH="134" HEIGHT="21" WC="0.93" CONTENT="beträffande"/><SP WIDTH="24" VPOS="849" HPOS="558"/>
							<String ID="string_88" HPOS="582" VPOS="849" WIDTH="172" HEIGHT="22" WC="0.91" CONTENT="statsutskottets"/><SP WIDTH="26" VPOS="849" HPOS="754"/>
							<String ID="string_89" HPOS="780" VPOS="849" WIDTH="151" HEIGHT="21" WC="0.96" CONTENT="betänkanden"/>
						</TextLine>
						<TextLine ID="line_14" HPOS="100" VPOS="879" WIDTH="171" HEIGHT="25">
							<String ID="string_90" HPOS="100" VPOS="879" WIDTH="58" HEIGHT="21" WC="0.91" CONTENT="N:ris"/><SP WIDTH="17" VPOS="879" HPOS="158"/>
							<String ID="string_91" HPOS="175" VPOS="879" WIDTH="96" HEIGHT="25" WC="0.87" CONTENT="10—14;"/>
						</TextLine>
					</TextBlock>
					<TextBlock ID="block_6" HPOS="168" VPOS="906" WIDTH="498" HEIGHT="28">
						<TextLine ID="line_15" HPOS="168" VPOS="906" WIDTH="498" HEIGHT="28">
							<String ID="string_92" HPOS="168" VPOS="906" WIDTH="247" HEIGHT="27" WC="0.92" CONTENT="värnepligtsutskottets"/><SP WIDTH="16" VPOS="906" HPOS="415"/>
							<String ID="string_93" HPOS="431" VPOS="906" WIDTH="136" HEIGHT="21" WC="0.96" CONTENT="betänkande"/><SP WIDTH="16" VPOS="906" HPOS="567"/>
							<String ID="string_94" HPOS="583" VPOS="906" WIDTH="40" HEIGHT="21" WC="0.96" CONTENT="N:o"/><SP WIDTH="20" VPOS="906" HPOS="623"/>
							<String ID="string_95" HPOS="643" VPOS="907" WIDTH="23" HEIGHT="27" WC="0.96" CONTENT="1;"/>
						</TextLine>
					</TextBlock>
					<TextBlock ID="block_7" HPOS="168" VPOS="934" WIDTH="565" HEIGHT="28">
						<TextLine ID="line_16" HPOS="168" VPOS="934" WIDTH="565" HEIGHT="28">
							<String ID="string_96" HPOS="168" VPOS="935" WIDTH="243" HEIGHT="27" WC="0.92" CONTENT="bevillningsutskottets"/><SP WIDTH="15" VPOS="935" HPOS="411"/>
							<String ID="string_97" HPOS="426" VPOS="934" WIDTH="152" HEIGHT="22" WC="0.93" CONTENT="betänkanden"/><SP WIDTH="16" VPOS="934" HPOS="578"/>
							<String ID="string_98" HPOS="594" VPOS="934" WIDTH="57" HEIGHT="22" WC="0.92" CONTENT="N:ris"/><SP WIDTH="16" VPOS="934" HPOS="651"/>
							<String ID="string_99" HPOS="667" VPOS="935" WIDTH="66" HEIGHT="26" WC="0.90" CONTENT="2-—4;"/>
						</TextLine>
					</TextBlock>
					<TextBlock ID="block_8" HPOS="97" VPOS="962" WIDTH="832" HEIGHT="80">
						<TextLine ID="line_17" HPOS="167" VPOS="962" WIDTH="761" HEIGHT="28">
							<String ID="string_100" HPOS="167" VPOS="965" WIDTH="154" HEIGHT="21" WC="0.93" CONTENT="sammansatta"/><SP WIDTH="22" VPOS="965" HPOS="321"/>
							<String ID="string_101" HPOS="343" VPOS="964" WIDTH="46" HEIGHT="26" WC="0.92" CONTENT="lag-"/><SP WIDTH="24" VPOS="964" HPOS="389"/>
							<String ID="string_102" HPOS="413" VPOS="963" WIDTH="40" HEIGHT="22" WC="0.93" CONTENT="och"/><SP WIDTH="17" VPOS="963" HPOS="453"/>
							<String ID="string_103" HPOS="470" VPOS="962" WIDTH="217" HEIGHT="22" WC="0.91" CONTENT="ekonomiutskottets"/><SP WIDTH="16" VPOS="962" HPOS="687"/>
							<String ID="string_104" HPOS="703" VPOS="963" WIDTH="225" HEIGHT="27" WC="0.91" CONTENT="sammanjemknings-"/>
						</TextLine>
						<TextLine ID="line_18" HPOS="93" VPOS="988" WIDTH="836" HEIGHT="58">
							<String ID="string_105" HPOS="93" VPOS="988" WIDTH="86" HEIGHT="58" WC="0.5" CONTENT="varsia"/><SP WIDTH="29" VPOS="988" HPOS="179"/>
							<String ID="string_106" HPOS="208" VPOS="992" WIDTH="23" HEIGHT="22" WC="0.94" CONTENT="af"/><SP WIDTH="24" VPOS="992" HPOS="231"/>
							<String ID="string_107" HPOS="255" VPOS="992" WIDTH="96" HEIGHT="22" WC="0.94" CONTENT="besluten"/><SP WIDTH="25" VPOS="992" HPOS="351"/>
							<String ID="string_108" HPOS="376" VPOS="992" WIDTH="36" HEIGHT="22" WC="0.94" CONTENT="vid"/><SP WIDTH="26" VPOS="992" HPOS="412"/>
							<String ID="string_109" HPOS="438" VPOS="992" WIDTH="156" HEIGHT="26" WC="0.94" CONTENT="behandlingen"/><SP WIDTH="23" VPOS="992" HPOS="594"/>
							<String ID="string_110" HPOS="617" VPOS="991" WIDTH="25" HEIGHT="22" WC="0.93" CONTENT="af"/><SP WIDTH="19" VPOS="991" HPOS="642"/>
							<String ID="string_111" HPOS="661" VPOS="992" WIDTH="117" HEIGHT="22" WC="0.92" CONTENT="utskottets"/><SP WIDTH="15" VPOS="992" HPOS="778"/>
							<String ID="string_112" HPOS="793" VPOS="991" WIDTH="136" HEIGHT="22" WC="0.92" CONTENT="betänkande"/>
						</TextLine>
					</TextBlock>
					<TextBlock ID="block_9" HPOS="119" VPOS="1022" WIDTH="59" HEIGHT="26">
						<TextLine ID="line_19" HPOS="119" VPOS="1022" WIDTH="59" HEIGHT="26">
							<String ID="string_113" HPOS="119" VPOS="1027" WIDTH="19" HEIGHT="16" WC="0.86" CONTENT=":0"/><SP WIDTH="15" VPOS="1027" HPOS="138"/>
							<String ID="string_114" HPOS="153" VPOS="1022" WIDTH="25" HEIGHT="26" WC="0.95" CONTENT="4;"/>
						</TextLine>
					</TextBlock>
					<TextBlock ID="block_10" HPOS="96" VPOS="1048" WIDTH="833" HEIGHT="57">
						<TextLine ID="line_20" HPOS="167" VPOS="1048" WIDTH="762" HEIGHT="28">
							<String ID="string_115" HPOS="167" VPOS="1050" WIDTH="217" HEIGHT="21" WC="0.91" CONTENT="ekonomiutskottets"/><SP WIDTH="14" VPOS="1050" HPOS="384"/>
							<String ID="string_116" HPOS="398" VPOS="1049" WIDTH="299" HEIGHT="27" WC="0.92" CONTENT="sammanjemkningsförslag"/><SP WIDTH="14" VPOS="1049" HPOS="697"/>
							<String ID="string_117" HPOS="711" VPOS="1049" WIDTH="23" HEIGHT="21" WC="0.96" CONTENT="af"/><SP WIDTH="15" VPOS="1049" HPOS="734"/>
							<String ID="string_118" HPOS="749" VPOS="1049" WIDTH="98" HEIGHT="21" WC="0.93" CONTENT="besluten"/><SP WIDTH="16" VPOS="1049" HPOS="847"/>
							<String ID="string_119" HPOS="863" VPOS="1048" WIDTH="66" HEIGHT="27" WC="0.90" CONTENT="angä-"/>
						</TextLine>
						<TextLine ID="line_21" HPOS="96" VPOS="1077" WIDTH="832" HEIGHT="28">
							<String ID="string_120" HPOS="96" VPOS="1078" WIDTH="55" HEIGHT="22" WC="0.96" CONTENT="ende"/><SP WIDTH="15" VPOS="1078" HPOS="151"/>
							<String ID="string_121" HPOS="166" VPOS="1078" WIDTH="149" HEIGHT="27" WC="0.95" CONTENT="förordningen"/><SP WIDTH="16" VPOS="1078" HPOS="315"/>
							<String ID="string_122" HPOS="331" VPOS="1084" WIDTH="34" HEIGHT="16" WC="0.96" CONTENT="om"/><SP WIDTH="17" VPOS="1084" HPOS="365"/>
							<String ID="string_123" HPOS="382" VPOS="1078" WIDTH="127" HEIGHT="27" WC="0.94" CONTENT="försäljning"/><SP WIDTH="16" VPOS="1078" HPOS="509"/>
							<String ID="string_124" HPOS="525" VPOS="1078" WIDTH="39" HEIGHT="22" WC="0.93" CONTENT="och"/><SP WIDTH="15" VPOS="1078" HPOS="564"/>
							<String ID="string_125" HPOS="579" VPOS="1078" WIDTH="146" HEIGHT="26" WC="0.96" CONTENT="utskänkning"/><SP WIDTH="14" VPOS="1078" HPOS="725"/>
							<String ID="string_126" HPOS="739" VPOS="1078" WIDTH="24" HEIGHT="21" WC="0.93" CONTENT="af"/><SP WIDTH="14" VPOS="1078" HPOS="763"/>
							<String ID="string_127" HPOS="777" VPOS="1077" WIDTH="151" HEIGHT="27" WC="0.77" CONTENT="maltdrycker;"/>
						</TextLine>
					</TextBlock>
					<TextBlock ID="block_11" HPOS="96" VPOS="1107" WIDTH="832" HEIGHT="56">
						<TextLine ID="line_22" HPOS="166" VPOS="1107" WIDTH="762" HEIGHT="27">
							<String ID="string_128" HPOS="166" VPOS="1107" WIDTH="171" HEIGHT="21" WC="0.91" CONTENT="Bondeständets"/><SP WIDTH="22" VPOS="1107" HPOS="337"/>
							<String ID="string_129" HPOS="359" VPOS="1107" WIDTH="128" HEIGHT="27" WC="0.91" CONTENT="inbjudning"/><SP WIDTH="21" VPOS="1107" HPOS="487"/>
							<String ID="string_130" HPOS="508" VPOS="1107" WIDTH="91" HEIGHT="21" WC="0.91" CONTENT="rörande"/><SP WIDTH="23" VPOS="1107" HPOS="599"/>
							<String ID="string_131" HPOS="622" VPOS="1107" WIDTH="152" HEIGHT="27" WC="0.96" CONTENT="förordningen"/><SP WIDTH="22" VPOS="1107" HPOS="774"/>
							<String ID="string_132" HPOS="796" VPOS="1112" WIDTH="35" HEIGHT="16" WC="0.88" CONTENT="om"/><SP WIDTH="21" VPOS="1112" HPOS="831"/>
							<String ID="string_133" HPOS="852" VPOS="1108" WIDTH="76" HEIGHT="25" WC="0.88" CONTENT="vägars"/>
						</TextLine>
						<TextLine ID="line_23" HPOS="96" VPOS="1135" WIDTH="508" HEIGHT="28">
							<String ID="string_134" HPOS="96" VPOS="1135" WIDTH="41" HEIGHT="21" WC="0.93" CONTENT="och"/><SP WIDTH="16" VPOS="1135" HPOS="137"/>
							<String ID="string_135" HPOS="153" VPOS="1135" WIDTH="75" HEIGHT="22" WC="0.93" CONTENT="broars"/><SP WIDTH="15" VPOS="1135" HPOS="228"/>
							<String ID="string_136" HPOS="243" VPOS="1136" WIDTH="111" HEIGHT="27" WC="0.96" CONTENT="byggande"/><SP WIDTH="17" VPOS="1136" HPOS="354"/>
							<String ID="string_137" HPOS="371" VPOS="1136" WIDTH="39" HEIGHT="21" WC="0.93" CONTENT="och"/><SP WIDTH="16" VPOS="1136" HPOS="410"/>
							<String ID="string_138" HPOS="426" VPOS="1135" WIDTH="122" HEIGHT="25" WC="0.92" CONTENT="underhäll;"/><SP WIDTH="17" VPOS="1135" HPOS="548"/>
							<String ID="string_139" HPOS="565" VPOS="1135" WIDTH="39" HEIGHT="22" WC="0.97" CONTENT="och"/>
						</TextLine>
					</TextBlock>
					<TextBlock ID="block_12" HPOS="97" VPOS="1162" WIDTH="831" HEIGHT="56">
						<TextLine ID="line_24" HPOS="166" VPOS="1162" WIDTH="762" HEIGHT="29">
							<String ID="string_140" HPOS="166" VPOS="1164" WIDTH="191" HEIGHT="27" WC="0.92" CONTENT="Borgareständets"/><SP WIDTH="15" VPOS="1164" HPOS="357"/>
							<String ID="string_141" HPOS="372" VPOS="1164" WIDTH="127" HEIGHT="27" WC="0.89" CONTENT="inbjudning"/><SP WIDTH="15" VPOS="1164" HPOS="499"/>
							<String ID="string_142" HPOS="514" VPOS="1164" WIDTH="133" HEIGHT="22" WC="0.93" CONTENT="beträffande"/><SP WIDTH="16" VPOS="1164" HPOS="647"/>
							<String ID="string_143" HPOS="663" VPOS="1164" WIDTH="171" HEIGHT="22" WC="0.92" CONTENT="statsutskottets"/><SP WIDTH="16" VPOS="1164" HPOS="834"/>
							<String ID="string_144" HPOS="850" VPOS="1162" WIDTH="78" HEIGHT="22" WC="0.91" CONTENT="betän-"/>
						</TextLine>
						<TextLine ID="line_25" HPOS="97" VPOS="1192" WIDTH="248" HEIGHT="26">
							<String ID="string_145" HPOS="97" VPOS="1192" WIDTH="69" HEIGHT="22" WC="0.96" CONTENT="kande"/><SP WIDTH="15" VPOS="1192" HPOS="166"/>
							<String ID="string_146" HPOS="181" VPOS="1192" WIDTH="40" HEIGHT="22" WC="0.96" CONTENT="N:o"/><SP WIDTH="18" VPOS="1192" HPOS="221"/>
							<String ID="string_147" HPOS="239" VPOS="1194" WIDTH="34" HEIGHT="24" WC="0.96" CONTENT="10;"/><SP WIDTH="17" VPOS="1194" HPOS="273"/>
							<String ID="string_148" HPOS="290" VPOS="1196" WIDTH="55" HEIGHT="18" WC="0.96" CONTENT="samt"/>
						</TextLine>
					</TextBlock>
				</ComposedBlock>
				<ComposedBlock ID="cblock_6" HPOS="94" VPOS="1260" WIDTH="834" HEIGHT="171">
					<TextBlock ID="block_13" HPOS="94" VPOS="1260" WIDTH="834" HEIGHT="171">
						<TextLine ID="line_26" HPOS="166" VPOS="1260" WIDTH="760" HEIGHT="28">
							<String ID="string_149" HPOS="166" VPOS="1261" WIDTH="22" HEIGHT="26" WC="0.93" CONTENT="b)"/><SP WIDTH="16" VPOS="1261" HPOS="188"/>
							<String ID="string_150" HPOS="204" VPOS="1261" WIDTH="75" HEIGHT="22" WC="0.96" CONTENT="remiss"/><SP WIDTH="13" VPOS="1261" HPOS="279"/>
							<String ID="string_151" HPOS="292" VPOS="1261" WIDTH="22" HEIGHT="21" WC="0.97" CONTENT="af"/><SP WIDTH="10" VPOS="1261" HPOS="314"/>
							<String ID="string_152" HPOS="324" VPOS="1263" WIDTH="31" HEIGHT="20" WC="0.93" CONTENT="ett"/><SP WIDTH="15" VPOS="1263" HPOS="355"/>
							<String ID="string_153" HPOS="370" VPOS="1261" WIDTH="48" HEIGHT="22" WC="0.93" CONTENT="utaf"/><SP WIDTH="8" VPOS="1261" HPOS="418"/>
							<String ID="string_154" HPOS="426" VPOS="1261" WIDTH="208" HEIGHT="27" WC="0.93" CONTENT="kontraktsprosten"/><SP WIDTH="16" VPOS="1261" HPOS="634"/>
							<String ID="string_155" HPOS="650" VPOS="1261" WIDTH="108" HEIGHT="26" WC="0.96" CONTENT="Dahlberg"/><SP WIDTH="15" VPOS="1261" HPOS="758"/>
							<String ID="string_156" HPOS="773" VPOS="1267" WIDTH="27" HEIGHT="15" WC="0.96" CONTENT="m."/><SP WIDTH="15" VPOS="1267" HPOS="800"/>
							<String ID="string_157" HPOS="815" VPOS="1260" WIDTH="21" HEIGHT="21" WC="0.93" CONTENT="fi."/><SP WIDTH="16" VPOS="1260" HPOS="836"/>
							<String ID="string_158" HPOS="852" VPOS="1260" WIDTH="74" HEIGHT="21" WC="0.90" CONTENT="inlem-"/>
						</TextLine>
						<TextLine ID="line_27" HPOS="96" VPOS="1288" WIDTH="832" HEIGHT="29">
							<String ID="string_159" HPOS="96" VPOS="1288" WIDTH="52" HEIGHT="22" WC="0.90" CONTENT="nadt"/><SP WIDTH="20" VPOS="1288" HPOS="148"/>
							<String ID="string_160" HPOS="168" VPOS="1289" WIDTH="181" HEIGHT="28" WC="0.88" CONTENT="petitionsförslag"/><SP WIDTH="22" VPOS="1289" HPOS="349"/>
							<String ID="string_161" HPOS="371" VPOS="1290" WIDTH="111" HEIGHT="27" WC="0.95" CONTENT="angående"/><SP WIDTH="20" VPOS="1290" HPOS="482"/>
							<String ID="string_162" HPOS="502" VPOS="1290" WIDTH="97" HEIGHT="27" WC="0.95" CONTENT="petition,"/><SP WIDTH="16" VPOS="1290" HPOS="599"/>
							<String ID="string_163" HPOS="615" VPOS="1290" WIDTH="37" HEIGHT="21" WC="0.93" CONTENT="det"/><SP WIDTH="15" VPOS="1290" HPOS="652"/>
							<String ID="string_164" HPOS="667" VPOS="1289" WIDTH="83" HEIGHT="22" WC="0.96" CONTENT="täcktes"/><SP WIDTH="16" VPOS="1289" HPOS="750"/>
							<String ID="string_165" HPOS="766" VPOS="1289" WIDTH="60" HEIGHT="22" WC="0.93" CONTENT="Hans"/><SP WIDTH="15" VPOS="1289" HPOS="826"/>
							<String ID="string_166" HPOS="841" VPOS="1289" WIDTH="87" HEIGHT="27" WC="0.92" CONTENT="Kejser-"/>
						</TextLine>
						<TextLine ID="line_28" HPOS="95" VPOS="1317" WIDTH="830" HEIGHT="28">
							<String ID="string_167" HPOS="95" VPOS="1317" WIDTH="45" HEIGHT="28" WC="0.93" CONTENT="liga"/><SP WIDTH="14" VPOS="1317" HPOS="140"/>
							<String ID="string_168" HPOS="154" VPOS="1317" WIDTH="101" HEIGHT="28" WC="0.92" CONTENT="Majestät"/><SP WIDTH="15" VPOS="1317" HPOS="255"/>
							<String ID="string_169" HPOS="270" VPOS="1319" WIDTH="33" HEIGHT="21" WC="0.96" CONTENT="till"/><SP WIDTH="16" VPOS="1319" HPOS="303"/>
							<String ID="string_170" HPOS="319" VPOS="1321" WIDTH="63" HEIGHT="19" WC="0.93" CONTENT="nästa"/><SP WIDTH="15" VPOS="1321" HPOS="382"/>
							<String ID="string_171" HPOS="397" VPOS="1319" WIDTH="151" HEIGHT="22" WC="0.91" CONTENT="Ständermöte"/><SP WIDTH="14" VPOS="1319" HPOS="548"/>
							<String ID="string_172" HPOS="562" VPOS="1318" WIDTH="119" HEIGHT="27" WC="0.92" CONTENT="framlägga"/><SP WIDTH="15" VPOS="1318" HPOS="681"/>
							<String ID="string_173" HPOS="696" VPOS="1318" WIDTH="64" HEIGHT="27" WC="0.93" CONTENT="nädig"/><SP WIDTH="14" VPOS="1318" HPOS="760"/>
							<String ID="string_174" HPOS="774" VPOS="1317" WIDTH="151" HEIGHT="28" WC="0.94" CONTENT="proposition"/><SP WIDTH="-11" VPOS="1317" HPOS="925"/>
							<String ID="string_175" HPOS="914" VPOS="1313" WIDTH="13" HEIGHT="37" WC="0.94" CONTENT="i"/>
						</TextLine>
						<TextLine ID="line_29" HPOS="96" VPOS="1346" WIDTH="829" HEIGHT="29">
							<String ID="string_176" HPOS="96" VPOS="1346" WIDTH="55" HEIGHT="27" WC="0.96" CONTENT="syfte"/><SP WIDTH="23" VPOS="1346" HPOS="151"/>
							<String ID="string_177" HPOS="174" VPOS="1348" WIDTH="32" HEIGHT="20" WC="0.93" CONTENT="att"/><SP WIDTH="19" VPOS="1348" HPOS="206"/>
							<String ID="string_178" HPOS="225" VPOS="1347" WIDTH="129" HEIGHT="27" WC="0.96" CONTENT="anläggning"/><SP WIDTH="23" VPOS="1347" HPOS="354"/>
							<String ID="string_179" HPOS="377" VPOS="1347" WIDTH="23" HEIGHT="22" WC="0.96" CONTENT="af"/><SP WIDTH="15" VPOS="1347" HPOS="400"/>
							<String ID="string_180" HPOS="415" VPOS="1353" WIDTH="27" HEIGHT="22" WC="0.93" CONTENT="ny"/><SP WIDTH="16" VPOS="1353" HPOS="442"/>
							<String ID="string_181" HPOS="458" VPOS="1347" WIDTH="71" HEIGHT="22" WC="0.95" CONTENT="fabrik"/><SP WIDTH="15" VPOS="1347" HPOS="529"/>
							<String ID="string_182" HPOS="544" VPOS="1347" WIDTH="32" HEIGHT="21" WC="0.93" CONTENT="för"/><SP WIDTH="15" VPOS="1347" HPOS="576"/>
							<String ID="string_183" HPOS="591" VPOS="1346" WIDTH="138" HEIGHT="28" WC="0.96" CONTENT="tillverkning"/><SP WIDTH="14" VPOS="1346" HPOS="729"/>
							<String ID="string_184" HPOS="743" VPOS="1346" WIDTH="23" HEIGHT="22" WC="0.93" CONTENT="af"/><SP WIDTH="14" VPOS="1346" HPOS="766"/>
							<String ID="string_185" HPOS="780" VPOS="1346" WIDTH="145" HEIGHT="28" WC="0.56" CONTENT="maltdrycker"/>
						</TextLine>
						<TextLine ID="line_30" HPOS="94" VPOS="1374" WIDTH="832" HEIGHT="28">
							<String ID="string_186" HPOS="94" VPOS="1375" WIDTH="29" HEIGHT="27" WC="0.95" CONTENT="pä"/><SP WIDTH="19" VPOS="1375" HPOS="123"/>
							<String ID="string_187" HPOS="142" VPOS="1374" WIDTH="73" HEIGHT="23" WC="0.93" CONTENT="landet"/><SP WIDTH="15" VPOS="1374" HPOS="215"/>
							<String ID="string_188" HPOS="230" VPOS="1376" WIDTH="46" HEIGHT="21" WC="0.92" CONTENT="icke"/><SP WIDTH="16" VPOS="1376" HPOS="276"/>
							<String ID="string_189" HPOS="292" VPOS="1376" WIDTH="67" HEIGHT="21" WC="0.92" CONTENT="mätte"/><SP WIDTH="14" VPOS="1376" HPOS="359"/>
							<String ID="string_190" HPOS="373" VPOS="1376" WIDTH="83" HEIGHT="21" WC="0.92" CONTENT="tillätas"/><SP WIDTH="15" VPOS="1376" HPOS="456"/>
							<String ID="string_191" HPOS="471" VPOS="1378" WIDTH="51" HEIGHT="19" WC="0.96" CONTENT="utan"/><SP WIDTH="16" VPOS="1378" HPOS="522"/>
							<String ID="string_192" HPOS="538" VPOS="1375" WIDTH="141" HEIGHT="22" WC="0.96" CONTENT="kommunens"/><SP WIDTH="14" VPOS="1375" HPOS="679"/>
							<String ID="string_193" HPOS="693" VPOS="1375" WIDTH="35" HEIGHT="22" WC="0.93" CONTENT="vid"/><SP WIDTH="16" VPOS="1375" HPOS="728"/>
							<String ID="string_194" HPOS="744" VPOS="1375" WIDTH="107" HEIGHT="22" WC="0.92" CONTENT="ordinarie"/><SP WIDTH="15" VPOS="1375" HPOS="851"/>
							<String ID="string_195" HPOS="866" VPOS="1375" WIDTH="60" HEIGHT="22" WC="0.91" CONTENT="kom-"/>
						</TextLine>
						<TextLine ID="line_31" HPOS="95" VPOS="1403" WIDTH="529" HEIGHT="28">
							<String ID="string_196" HPOS="95" VPOS="1403" WIDTH="164" HEIGHT="22" WC="0.92" CONTENT="munalstämma"/><SP WIDTH="15" VPOS="1403" HPOS="259"/>
							<String ID="string_197" HPOS="274" VPOS="1404" WIDTH="108" HEIGHT="27" WC="0.92" CONTENT="medgifna"/><SP WIDTH="15" VPOS="1404" HPOS="382"/>
							<String ID="string_198" HPOS="397" VPOS="1404" WIDTH="104" HEIGHT="26" WC="0.92" CONTENT="tillständ;"/><SP WIDTH="17" VPOS="1404" HPOS="501"/>
							<String ID="string_199" HPOS="518" VPOS="1403" WIDTH="106" HEIGHT="23" WC="0.92" CONTENT="äfvensom"/>
						</TextLine>
					</TextBlock>
				</ComposedBlock>
				<ComposedBlock ID="cblock_7" HPOS="93" VPOS="1467" WIDTH="830" HEIGHT="81">
					<TextBlock ID="block_14" HPOS="93" VPOS="1467" WIDTH="830" HEIGHT="81">
						<TextLine ID="line_32" HPOS="164" VPOS="1467" WIDTH="759" HEIGHT="27">
							<String ID="string_200" HPOS="164" VPOS="1467" WIDTH="34" HEIGHT="21" WC="0.76" CONTENT="2:0"/><SP WIDTH="23" VPOS="1467" HPOS="198"/>
							<String ID="string_201" HPOS="221" VPOS="1467" WIDTH="45" HEIGHT="22" WC="0.93" CONTENT="från"/><SP WIDTH="23" VPOS="1467" HPOS="266"/>
							<String ID="string_202" HPOS="289" VPOS="1467" WIDTH="161" HEIGHT="22" WC="0.92" CONTENT="Bondeständet"/><SP WIDTH="19" VPOS="1467" HPOS="450"/>
							<String ID="string_203" HPOS="469" VPOS="1467" WIDTH="34" HEIGHT="21" WC="0.96" CONTENT="för"/><SP WIDTH="15" VPOS="1467" HPOS="503"/>
							<String ID="string_204" HPOS="518" VPOS="1467" WIDTH="40" HEIGHT="21" WC="0.96" CONTENT="den"/><SP WIDTH="17" VPOS="1467" HPOS="558"/>
							<String ID="string_205" HPOS="575" VPOS="1467" WIDTH="26" HEIGHT="21" WC="0.96" CONTENT="19"/><SP WIDTH="16" VPOS="1467" HPOS="601"/>
							<String ID="string_206" HPOS="617" VPOS="1467" WIDTH="40" HEIGHT="21" WC="0.96" CONTENT="och"/><SP WIDTH="17" VPOS="1467" HPOS="657"/>
							<String ID="string_207" HPOS="674" VPOS="1467" WIDTH="27" HEIGHT="21" WC="0.96" CONTENT="20"/><SP WIDTH="16" VPOS="1467" HPOS="701"/>
							<String ID="string_208" HPOS="717" VPOS="1467" WIDTH="50" HEIGHT="27" WC="0.93" CONTENT="Maj,"/><SP WIDTH="17" VPOS="1467" HPOS="767"/>
							<String ID="string_209" HPOS="784" VPOS="1467" WIDTH="139" HEIGHT="21" WC="0.95" CONTENT="meddelande"/>
						</TextLine>
						<TextLine ID="line_33" HPOS="93" VPOS="1495" WIDTH="289" HEIGHT="22">
							<String ID="string_210" HPOS="93" VPOS="1495" WIDTH="97" HEIGHT="22" WC="0.93" CONTENT="ständets"/><SP WIDTH="15" VPOS="1495" HPOS="190"/>
							<String ID="string_211" HPOS="205" VPOS="1495" WIDTH="70" HEIGHT="22" WC="0.93" CONTENT="beslut"/><SP WIDTH="15" VPOS="1495" HPOS="275"/>
							<String ID="string_212" HPOS="290" VPOS="1496" WIDTH="92" HEIGHT="21" WC="0.92" CONTENT="rörande"/>
						</TextLine>
						<TextLine ID="line_34" HPOS="163" VPOS="1523" WIDTH="490" HEIGHT="25">
							<String ID="string_213" HPOS="163" VPOS="1523" WIDTH="172" HEIGHT="22" WC="0.92" CONTENT="statsutskottets"/><SP WIDTH="15" VPOS="1523" HPOS="335"/>
							<String ID="string_214" HPOS="350" VPOS="1523" WIDTH="136" HEIGHT="22" WC="0.92" CONTENT="betänkande"/><SP WIDTH="16" VPOS="1523" HPOS="486"/>
							<String ID="string_215" HPOS="502" VPOS="1523" WIDTH="41" HEIGHT="22" WC="0.96" CONTENT="N:o"/><SP WIDTH="18" VPOS="1523" HPOS="543"/>
							<String ID="string_216" HPOS="561" VPOS="1524" WIDTH="35" HEIGHT="24" WC="0.96" CONTENT="14;"/><SP WIDTH="17" VPOS="1524" HPOS="596"/>
							<String ID="string_217" HPOS="613" VPOS="1523" WIDTH="40" HEIGHT="22" WC="0.96" CONTENT="och"/>
						</TextLine>
					</TextBlock>
				</ComposedBlock>
			</PrintSpace>
		</Page>
	</Layout>
</alto>
