1125 1811
206 126 55 21 1720
442 131 181 21 Borgareståndet
635 132 57 17 1882.
719 132 8 17 1
739 132 53 21 juni.

203 200 70 20 kande
288 205 51 16 vore
361 199 90 22 skrifvet
474 199 34 21 för
524 206 25 15 en
572 206 34 15 om
623 200 30 21 sin
677 206 53 21 egen
753 200 125 27 myndighet
902 200 132 28 synnerligen

204 228 89 27 ömtålig
308 228 145 27 länsstyrelse,
470 234 48 15 men
534 228 17 27 ej
568 235 51 15 vara
634 229 114 21 resultatet
772 228 24 22 af
811 230 31 20 ett
858 228 129 22 Ständernas
1003 232 32 19 ut-

203 256 70 22 skotts
288 256 81 22 arbete.
400 257 34 21 Då
450 263 47 15 man
512 256 40 22 hör
567 258 80 20 sådana
663 258 63 21 saker
741 264 53 20 som,
811 259 33 19 att
860 259 31 19 ett
906 258 129 22 länsutskott

203 285 20 26 ej
238 286 43 20 kan
297 286 87 21 komma
399 286 33 21 till
447 285 69 24 stånd,
540 286 89 21 emedan
653 303 5 8 ,
659 286 44 25 det
724 286 176 21 förtroendefulla
916 286 120 21 samarbete

204 314 90 21 emellan
310 315 64 20 stats-
398 313 39 22 och
460 314 217 27 sjelfförvaltningens
700 321 66 20 organ
788 315 59 20 inom
863 314 63 27 länet,
942 321 45 14 som
1003 321 31 15 er-

203 342 64 21 känts
282 348 51 15 vara
349 344 32 19 ett
396 342 21 21 af
432 342 165 27 grundvilkoren
612 343 33 21 för
668 345 32 19 att
715 345 53 24 göra
781 343 254 26 länstingsinstitutionen

203 370 106 26 lefvande,
331 373 83 20 ansetts
436 371 72 22 kunna
530 371 121 28 äfventyras
673 377 77 21 genom
766 371 101 22 tillvaron
882 372 23 21 af
919 379 24 14 en
960 372 75 21 förval-

203 399 65 22 tande
283 399 125 27 myndighet
429 401 66 20 sädan
518 406 45 15 som
581 400 35 21 det
639 400 120 27 föreslagna
782 400 154 22 länsutskottet
952 401 83 21 komme

203 430 33 19 att
252 427 65 22 blifva
333 429 40 21 och
388 429 36 20 det
440 429 116 26 grannlaga
572 429 31 21 uti
620 429 70 21 dettas
706 429 39 21 och
760 429 164 26 länsstyrelsens
937 429 100 22 inbördes

203 456 134 22 förhållande
362 457 34 21 till
418 457 121 22 hvarandra
561 457 40 21 lätt
624 457 71 22 kunde
715 458 12 21 å
743 459 61 20 ömse
819 457 59 21 sidor
893 458 64 21 blifva
972 458 64 21 förbi-

203 486 69 25 sedt",
289 486 67 21 måste
373 492 48 15 man
438 486 60 21 deraf
513 486 65 27 draga
601 486 40 21 den
664 486 94 25 slutsats,
776 489 33 18 att
829 486 66 26 några
910 487 78 21 sociala
1003 493 32 14 re-

203 514 80 21 former
298 513 33 22 för
347 514 152 27 sjelfstyrelsen
516 515 5 20 i
537 515 47 21 vårt
600 514 50 22 land
675 516 119 25 egentligen
812 515 19 26 ej
847 515 66 21 borde
929 521 38 21 ega
982 521 54 15 rum.

203 543 51 21 Man
270 542 54 22 hade
341 543 83 21 kunnat
438 545 52 25 göra
505 549 80 16 samma
602 543 141 27 anmärkning
766 545 46 20 mot
828 543 209 22 kommunalförvalt-

203 571 78 27 ningen
297 572 28 27 på
340 572 73 21 landet
429 572 39 21 och
484 573 6 20 i
506 572 48 21 stad
569 572 40 21 och
628 574 51 23 mot,
696 574 33 19 att
745 572 123 21 Ständerna
883 572 54 21 hade
952 573 31 21 sin
999 579 36 14 an-

203 600 35 21 del
253 600 6 20 i
275 600 162 26 lagstiftningen
460 601 39 21 och
522 601 171 25 beskattningen.
724 601 31 26 Ty
778 601 63 20 äfven
858 601 58 21 detta
931 601 41 21 kan
987 601 50 21 leda

204 628 33 21 till
253 628 125 22 kollisioner
399 629 91 21 emellan
519 629 203 27 sjelfförvaltningen
745 630 40 21 och
818 628 217 27 statsförvaltningen.

203 656 41 27 Jag
260 657 55 21 skall
331 658 18 26 ej
365 657 91 21 besvära
472 658 85 21 ståndet
576 658 47 21 med
640 664 25 14 en
682 658 49 26 lång
756 658 68 21 kritik
840 658 23 20 af
877 658 59 21 detta
950 658 86 26 förslag.

203 685 50 21 Men
267 686 37 26 jag
320 686 48 21 ville
385 686 55 21 dock
462 686 77 26 erinra,
562 688 31 20 att
617 686 26 21 då
659 692 48 16 man
731 686 27 27 på
773 686 83 22 sådana
878 687 64 21 motiv
965 687 72 21 kastat

203 714 50 21 bort
268 720 26 15 en
310 714 21 21 af
346 715 25 21 de
387 715 113 27 vigtigaste
516 715 86 21 delarna
618 714 23 22 af
655 714 109 28 förslaget,
780 715 42 21 har
831 722 48 14 man
890 716 19 26 ej
921 717 114 24 omnämnt,

203 745 33 19 att
251 744 7 20 i
273 744 76 20 nästan
365 744 99 26 samtliga
479 744 132 26 Europeiska
627 744 80 26 länder,
723 744 29 26 på
768 746 32 19 ett
816 750 39 20 par
870 744 107 27 undantag
992 746 46 24 när,

203 771 107 21 likartade
335 772 168 25 kommissioner,
526 772 107 25 nämnder,
651 772 51 21 eller
718 773 56 20 hvad
791 779 50 14 man
858 772 36 21 vill
909 773 57 20 kalla
981 772 54 26 dem,

203 799 120 22 förefinnas.
355 800 85 21 Sådana
461 800 68 21 finnas
544 801 6 20 i
565 800 127 27 Frankrike,
715 801 98 27 Belgien,
835 801 104 21 Preussen
955 801 39 21 och
1011 801 26 21 de

203 828 63 22 flesta
281 829 68 21 andra
372 829 62 27 tyska
457 832 73 24 stater,
554 829 89 22 likasom
659 829 6 21 i
681 829 26 22 de
728 830 144 21 österrikiska
888 832 99 21 staterna,
1003 829 32 21 så-

203 863 46 15 som
264 858 8 20 i
287 857 89 22 Mähren
393 858 40 21 och
448 857 102 26 Böhmen,
566 858 108 21 äfvensom
694 858 112 21 Danmark
818 858 40 21 och
868 858 110 27 Ryssland.
995 858 42 21 Det

204 887 24 20 är
244 886 81 26 endast,
341 886 70 21 såvidt
430 887 37 27 jag
489 887 86 25 känner,
590 886 72 27 Norge
686 887 39 20 och
741 887 97 26 Sverige,
854 893 44 15 som
915 887 47 21 med
977 887 59 20 kom-

203 914 222 22 munalinstitutionen
442 915 18 27 ej
476 915 133 21 kombinerat
625 915 69 21 denna
709 915 131 21 institution.
870 915 41 27 Jag
921 915 54 21 hade
986 916 51 20 äran

204 945 33 19 att
252 943 22 21 af
288 943 40 21 den
344 944 88 26 komité,
447 950 45 14 som
508 950 37 14 var
561 943 78 22 tillsatt
655 944 32 20 för
703 944 60 21 detta
780 944 92 21 ärendes
882 944 155 21 förberedande

203 972 107 26 pröfning,
327 972 82 21 erhålla
425 973 6 20 i
447 972 96 27 uppdrag
559 974 32 20 att
606 978 48 16 resa
669 972 33 22 till
719 973 89 26 Sverige
825 972 34 22 för
874 975 32 19 att
922 975 48 24 taga
985 972 53 21 reda

203 1001 28 26 på
246 1000 144 22 förhållandet
405 1001 44 25 der,
466 1001 39 21 och
521 1001 46 21 från
579 1001 82 21 erfarne
673 1002 162 26 riksdagsmäns
846 1004 55 18 samt
912 1001 125 27 landstings-

203 1031 61 19 mäns
280 1029 47 21 sida
343 1029 107 22 uttalades
466 1030 39 20 den
522 1030 109 21 bestämda
647 1030 121 26 opinionen,
785 1031 34 20 att
836 1030 40 21 den
892 1032 77 19 största
984 1030 51 20 bris-

204 1060 36 19 ten
256 1058 7 20 i
279 1058 40 21 den
336 1058 92 21 svenska
443 1058 159 27 lagstiftningen
618 1059 22 21 åt
657 1059 58 21 detta
731 1059 44 21 håll
789 1059 48 26 just
852 1064 37 16 var
905 1061 31 19 att
951 1064 48 16 man
1018 1059 19 26 ej

203 1086 57 21 hade
276 1093 26 15 en
319 1086 57 28 dylik
392 1087 121 26 delegation
529 1087 35 21 vid
582 1087 146 27 landstingens
743 1087 54 21 sida.
830 1087 50 21 Med
896 1088 39 20 den
951 1093 86 21 synner-

203 1114 43 28 liga
263 1121 91 21 omsorg,
370 1115 103 22 hvarmed
489 1116 104 21 utskottet
609 1118 43 19 sett
667 1116 39 26 till,
722 1118 32 19 att
770 1116 19 26 ej
814 1116 177 27 landsstyrelsens
1006 1116 30 20 in-

203 1142 94 29 flytande
319 1144 68 21 blefve
404 1144 6 21 i
426 1145 70 25 någon
519 1145 48 21 mån
583 1144 136 22 motverkadt
734 1145 48 21 från
807 1144 164 28 sjelfstyrelsens
986 1144 51 26 sida,

203 1172 40 21 har
259 1172 106 22 utskottet
387 1173 119 21 emellertid
528 1173 79 21 lemnat
631 1174 121 20 obeaktade
768 1174 64 21 dessa
848 1173 188 27 omständigheter,

204 1201 40 21 och
260 1202 49 20 med
325 1201 67 26 några
408 1201 68 21 fraser
492 1201 87 27 afspisat
595 1202 48 21 hela
659 1202 69 21 denna
745 1202 34 21 del
796 1202 24 21 af
834 1202 107 27 förslaget.
973 1202 64 21 Detta

204 1231 64 24 utgör
283 1229 32 22 för
330 1230 44 26 mig
390 1236 25 15 en
430 1229 124 28 ytterligare
570 1231 113 26 anledning
698 1233 32 19 att
745 1231 55 26 yrka
818 1230 27 27 på
868 1230 112 27 förslagets
995 1229 42 22 för-

203 1257 111 22 kastande.
343 1259 41 26 Jag
400 1259 82 21 tillåter
498 1259 41 26 mig
562 1259 53 27 hysa
631 1259 41 21 den
693 1259 153 27 förhoppning,
863 1261 32 19 att
910 1259 128 21 åtminstone

205 1287 17 26 ej
247 1287 182 26 Borgareståndet
454 1287 54 21 skall
532 1288 49 25 ingå
603 1288 27 26 på
646 1288 40 21 den
709 1288 132 27 stympning,
865 1294 45 15 som
926 1294 27 14 nu
969 1287 69 22 blifvit

204 1315 124 22 verkställd.
358 1316 66 21 Detta
446 1316 68 21 skulle
530 1317 45 20 åter
591 1316 114 25 föranleda,
723 1317 62 20 äfven
804 1323 35 14 om
855 1317 19 20 vi
890 1316 54 21 hade
960 1316 30 21 tid
1005 1319 33 18 att

203 1343 109 22 behandla
335 1345 89 20 ärendet
447 1345 100 26 paragraf
569 1345 32 21 för
618 1345 106 27 paragraf,
740 1345 209 26 sammanjemkning
965 1351 25 14 m.
1010 1351 27 15 m.

203 1373 42 26 Jag
261 1373 128 21 inskränker
404 1374 43 26 mig
462 1373 71 22 derför
548 1373 32 21 till
596 1376 32 19 att
651 1374 48 21 med
715 1374 60 21 detta
792 1373 64 22 liktal
884 1373 59 22 öfver
965 1373 72 22 försla-

203 1404 36 23 get
255 1403 53 25 göra
323 1408 25 15 en
372 1401 101 22 anhållan
495 1408 33 15 om
545 1402 47 21 dess
615 1401 145 23 förkastande.
793 1402 63 21 Dock
872 1402 67 21 skulle
952 1401 37 28 jag
1004 1403 33 24 be,

204 1431 32 19 att
251 1430 149 21 förkastandet
416 1431 19 26 ej
450 1430 42 21 blir
508 1431 77 24 enkelt,
601 1433 52 19 utan
669 1433 32 19 att
712 1431 94 26 ståndet,
818 1431 69 21 under
900 1431 137 26 beklagande,

204 1460 32 19 att
252 1459 42 25 det,
310 1459 7 21 i
333 1459 106 21 anseende
455 1459 31 21 till
510 1459 139 27 landtdagens
667 1466 64 15 snara
747 1459 133 25 afslutande,
896 1459 46 21 icke
957 1459 82 21 kunnat

203 1488 52 25 taga
277 1487 145 26 föreliggande
448 1488 77 21 ärende
552 1488 65 21 under
641 1488 40 21 den
705 1488 155 26 omsorgsfulla
875 1487 100 27 pröfning
991 1488 48 22 dess

204 1515 45 26 vigt
265 1515 68 21 skulle
349 1515 79 27 fordra,
444 1518 52 19 utan
512 1516 22 21 af
548 1516 65 21 sådan
636 1516 114 27 anledning
773 1517 94 26 nödgats
883 1516 95 21 förkasta
994 1516 45 22 det-
