1125 1811
299 140 183 22 Borgareståndet
496 141 57 17 1882.
579 141 22 17 16
614 141 47 21 maj.
852 137 53 21 1281

72 210 8 21 i
96 210 72 26 saken,
184 216 48 16 men
256 210 54 27 med;
329 210 77 21 sådant
424 209 113 22 förbehåll.
567 210 129 26 Derigenom
712 210 101 27 besparas
829 216 77 16 sanno-

73 238 42 22 likt
130 239 88 27 mycken
234 238 37 22 tid.

144 296 56 21 Herr
215 295 126 27 Nybom:
357 296 68 20 Äfven
440 296 37 26 jag
493 295 49 21 ville
558 296 84 20 ansluta
658 295 42 26 mig
715 296 32 20 till
764 296 40 21 den
820 296 23 21 af
857 296 50 21 herr

74 324 112 22 Wasenius
201 324 97 21 uttalade
313 324 116 27 principen,
446 326 33 19 att
494 324 21 21 vi
531 323 199 28 öfverhufvudtaget
745 323 67 22 borde
828 324 23 22 så
863 323 43 22 för-

74 353 53 26 fara,
144 355 32 19 att
192 352 19 21 vi
227 352 54 22 först
303 352 107 22 fastställa
433 352 179 27 utgiftsposterna
635 352 40 21 och
695 353 65 20 sedan
773 353 133 27 inkomstpo-
928 376 4 6 ,

74 383 79 20 sterna.
185 381 81 22 Sådant
288 381 66 26 gifver
369 387 27 15 en
412 381 86 27 mycket
518 382 69 20 större
603 381 52 21 reda
671 382 38 20 och
725 381 182 28 öfverskådlighet

74 409 41 22 och
138 411 38 25 gör
192 410 36 21 det
244 410 83 27 mycket
342 410 78 21 lättare
436 411 33 20 att
485 409 118 22 bestämma
618 409 107 27 budgeten
733 410 25 21 så
770 410 137 22 ekonomiskt

76 445 46 15 som
138 439 89 27 möjligt.

146 495 56 22 Herr
224 495 170 22 Snellman:
417 496 42 26 Jag
482 495 50 22 ville
553 497 56 20 ännu
631 495 95 27 tillägga,
743 497 31 19 att
791 496 36 21 det
839 496 25 27 ju
879 497 28 20 än

76 526 24 19 är
116 530 27 15 en
158 523 110 28 möjlighet
289 526 33 19 att
343 524 75 27 frågan
434 530 35 15 om
486 525 155 20 rotevakansen
665 524 40 21 och
723 524 183 22 rusthållsvakan-

76 559 38 14 sen
138 553 73 21 vinner
234 559 25 15 en
281 553 66 21 sådan
372 553 90 26 lösning,
478 559 47 15 som
541 554 24 20 är
580 552 101 21 förordad
703 552 22 21 af
739 553 167 26 Bondeståndet,

77 581 21 21 d.
113 587 19 15 v.
148 587 17 15 s.
180 581 7 21 i
202 581 222 22 öfverensstämmelse
444 581 49 22 med
515 581 137 27 regeringens
667 581 141 27 proposition,
824 581 39 22 och
878 581 30 22 då

77 609 62 51 jona
154 610 125 27 kalkylernä
302 610 52 21 böra
376 612 68 19 rättas
461 610 6 20 i
484 609 219 22 öfverensstämmelse
719 610 48 21 med
782 612 32 19 ett
828 610 79 22 sädant

94 640 61 20 eslut.

148 696 55 20 Herr
218 695 131 21 Kurtén:
365 695 70 22 Afven
451 695 37 22 vid
503 695 128 27 föregående
647 695 102 27 landtdag
765 696 39 21 har
820 696 36 21 det
868 702 36 15 va-

77 724 30 21 rit
130 724 66 26 fallet,
219 726 32 19 att
273 724 43 21 alla
338 724 174 22 statsutskottets
535 723 143 27 beräkningar
698 724 105 22 definitivt
817 724 89 28 afgjorts

77 752 54 22 först
154 752 33 21 vid
211 752 155 27 behandlingen
382 753 24 21 af
419 752 37 22 det
472 752 108 22 allmänna
595 752 237 27 anslagsbetänkandet.
863 752 44 22 För

77 783 33 19 att
126 782 71 20 kunna
218 781 85 21 komma
318 781 33 21 till
367 783 32 19 ett
414 782 91 20 allmänt
524 781 222 26 anslagsbetänkande
761 783 25 19 är
801 781 36 22 det
852 781 56 22 dock

78 809 137 27 nödvändigt,
232 811 32 20 att
279 816 49 15 man
343 810 7 21 i
366 809 26 22 de
408 809 70 22 skilda
494 809 227 28 bevillningsfrägorna
735 810 40 21 har
791 809 65 28 nägot
869 809 39 22 be-

78 837 43 22 slut
143 838 85 26 fattadt,
251 838 106 21 huruvida
380 844 49 15 man
444 838 127 27 godkänner
586 838 41 21 den
643 838 163 28 hufvudsakliga
821 838 87 27 utgifts-

77 869 83 24 posten.
191 867 41 26 Jag
248 867 35 21 vill
300 867 111 26 medgifva,
427 869 33 19 att
476 867 37 21 det
528 867 42 21 kan
586 873 52 15 vara
653 867 65 26 nägot
728 867 116 27 oegentligt
853 869 33 19 att
901 867 7 21 i

78 895 61 21 detta
161 895 146 22 betänkandes
330 896 57 20 kläm
403 895 73 21 blifvit
495 897 44 19 satt
554 895 75 21 endast
645 895 40 21 den
701 895 59 26 brist,
777 901 46 16 som
838 895 70 21 skulle

78 924 78 26 uppstå
171 924 7 20 i
194 924 194 27 militärbudgeten,
420 924 42 21 Det
485 924 55 21 hade
563 924 79 21 kanske
658 924 57 21 varit
729 924 131 26 egentligare
875 926 33 19 att

78 952 71 22 säsom
165 953 57 21 kläm
238 954 81 20 utsätta
334 952 47 22 hela
397 952 172 27 utgiftssumman
594 952 130 26 18,511,765:
741 954 34 20 71.
807 952 48 22 Men
872 952 38 22 nä-

77 987 43 21 gon
136 981 67 21 skada
226 987 50 15 vore
299 982 36 20 det
350 982 55 21 dock
423 981 48 21 icke
487 984 33 18 att
534 981 113 27 godkänna
663 982 106 20 klämmen
784 980 68 22 sädan
867 981 41 21 den

78 1009 24 21 af
109 1010 166 22 'statsutskottet
290 1012 25 19 är
330 1010 126 26 föreslagen.
486 1010 35 27 Ty
544 1016 33 15 om
600 1010 156 21 rotevakansen
776 1010 132 21 fortfarande

79 1038 69 22 skulle
164 1038 49 27 ingä
228 1038 32 21 till
277 1038 159 27 militiefonden,
455 1038 68 22 blefve
539 1038 141 28 besparingen
691 1038 32 21 till
739 1040 62 19 nästa
816 1038 94 27 budget-

78 1067 76 27 period
177 1068 75 20 endast
275 1067 65 25 nägot
355 1070 75 18 större.
462 1067 42 21 Det
519 1069 25 19 är
556 1066 110 28 antagligt,
683 1069 32 19 att
730 1066 179 22 nästkommande

78 1095 94 22 Ständer
187 1096 60 20 skola
262 1096 63 21 hafva
340 1096 82 26 ganska
442 1098 60 19 stora
522 1096 124 26 bekymmer
660 1098 33 19 att
708 1096 52 27 fylla
775 1095 135 21 militärbud-

78 1126 75 24 getens
176 1124 53 25 kraf,
253 1124 38 22 och
315 1124 70 22 derför
401 1125 52 21 böra
468 1126 20 19 vi
504 1124 47 22 icke
567 1124 70 21 lemna
653 1124 153 22 militiefonden
822 1123 88 22 alldeles

79 1152 85 22 uttömd
184 1159 75 21 genom
283 1155 32 19 att
337 1154 68 20 under
428 1153 72 21 denna
518 1152 102 27 landtdag
636 1153 83 21 besluta
735 1152 73 22 alltför
823 1152 87 28 knappa

78 1182 76 26 anslag
172 1182 52 20 eller
242 1182 76 21 endast
332 1182 82 21 sådana
428 1182 83 26 anslag,
528 1188 45 14 som
589 1183 36 20 äro
639 1182 69 26 jemnt
724 1180 113 28 behöfliga.
867 1181 43 26 Jag

79 1209 41 22 har
135 1210 62 21 tänkt
212 1210 43 27 mig
269 1209 66 22 saken
350 1211 7 20 i
372 1210 32 21 sin
420 1210 74 21 helhet
510 1210 96 26 sälunda,
622 1212 33 19 att
671 1210 68 21 denna
755 1209 108 27 landtdag,
878 1209 33 21 äf-

79 1244 41 15 ven
136 1244 34 15 om
186 1239 40 20 den
241 1239 69 20 skulle
325 1239 86 21 komma
426 1241 33 19 att
475 1239 73 21 anvisa
563 1239 65 26 nägot
643 1240 70 19 större
727 1239 81 26 anslag,
824 1239 27 20 än
864 1243 46 16 som

79 1272 51 15 vore
146 1267 170 27 oundgängligen
333 1267 137 27 nödvändigt,
487 1267 55 21 dock
558 1267 65 21 borde
639 1267 64 21 ställa
719 1267 23 21 sä
753 1267 39 26 till,
804 1268 32 19 att
847 1266 64 21 dessa

80 1295 139 27 besparingar
235 1296 33 21 stä
284 1296 32 21 till
331 1296 253 21 nästsammanträdande
600 1295 102 22 Ständers
722 1295 133 27 förfogande,
870 1295 40 21 och

80 1325 39 20 när
135 1323 27 22 dä
178 1330 25 15 en
219 1324 123 22 erfarenhet
357 1325 85 21 vunnits
455 1325 92 20 rörande
563 1325 26 20 de
605 1325 84 26 belopp,
705 1330 47 15 som
764 1324 26 21 de
801 1330 41 21 nya
852 1323 59 22 skat-

80 1355 62 18 terna
164 1352 86 21 komma
265 1355 33 20 att
312 1353 106 27 inbringa,
440 1353 92 22 likasom
548 1359 34 15 om
599 1353 26 21 de
640 1353 95 26 utgifter,
751 1359 46 14 som
813 1352 98 27 betingas

79 1381 25 21 af
118 1381 65 21 bland
205 1384 65 19 annat
292 1383 238 26 värnepligtsreserven,
547 1381 70 22 hvilka
633 1381 43 21 tills
692 1381 50 21 dato
759 1381 46 21 icke
820 1383 37 19 äro
874 1387 38 15 an-

80 1410 105 21 norlunda
193 1411 27 20 än
228 1411 165 26 approximativt
402 1410 130 26 beräknade,
543 1410 68 21 skulle
626 1409 178 22 nästkommande
820 1409 92 22 Ständer

79 1440 101 19 närmare
202 1438 71 22 kunna
296 1439 84 21 besluta
396 1439 105 21 huruvida
517 1439 69 26 nägon
601 1439 104 21 inkomst-
720 1438 52 21 eller
788 1438 125 27 fastighets-

80 1467 117 27 bevillning
218 1467 39 21 alls
280 1474 51 14 vore
346 1467 90 27 behöflig
452 1468 54 20 eller
521 1468 53 20 icke.
605 1467 74 21 Skulle
693 1467 36 27 jag
744 1467 48 21 icke
807 1467 53 26 hysa
875 1466 37 21 nä-

79 1501 40 20 gra
134 1496 75 21 dubier
225 1496 6 20 i
247 1496 99 21 afseende
361 1498 13 19 å
390 1496 26 21 de
432 1502 42 20 nya
496 1496 123 21 skatternas
641 1496 119 20 utfallande
778 1496 48 20 med
843 1494 69 27 möjli-

78 1529 42 21 gen
144 1524 83 26 ringare
250 1524 77 27 belopp
350 1526 27 19 än
392 1530 46 16 som
455 1526 25 19 är
496 1524 124 25 beräknadt,
641 1524 39 21 och
697 1526 32 19 att
744 1523 47 22 icke
807 1523 107 22 reservin-

845 1563 21 17 81
