1125 1811
215 131 56 20 1590
454 134 179 22 Borgareståndet
647 136 56 17 1882.
728 136 26 16 27
767 134 49 22 maj.

282 204 121 28 Föredrogs
429 206 154 19 sammansatta
608 204 45 27 lag-
669 204 40 22 och
732 203 219 22 ekonomiutskottets
971 203 75 21 betän-

213 233 70 21 kande
299 233 40 21 N:o
357 234 19 25 7,
392 233 6 21 i
414 232 114 27 anledning
544 233 21 21 af
579 232 60 22 Hans
655 232 120 27 Kejserliga
788 232 115 28 Majestäts
912 232 76 26 nådiga
999 238 48 20 pro-

213 262 92 26 position
322 268 34 15 om
381 262 90 26 ändring
487 262 23 20 af
523 261 150 27 förordningen
697 262 40 21 den
753 262 13 21 6
782 261 105 21 Februari
904 262 61 25 1865,
982 261 65 26 angå-

214 292 53 19 ende
283 290 280 27 kommunalförvaltningen
578 290 27 27 på
622 290 77 21 landet.

284 347 56 21 Herr
355 347 172 26 Wallgren:
559 347 31 21 Då
607 347 35 21 det
658 349 23 18 är
692 347 68 21 kändt
770 349 34 19 att
814 347 166 26 Bondeståndet,
993 346 52 21 hvil-

214 377 37 20 ket
267 376 60 21 detta
343 375 220 27 författningsförslag
586 377 96 20 närmast
705 377 69 25 berör,
791 375 19 27 ej
830 377 78 25 ansett,
924 378 31 19 att
970 381 76 21 propo-

215 405 90 20 sitionen
332 405 39 20 bör
396 404 110 21 föranleda
532 405 34 20 till
587 405 70 26 någon
679 405 84 26 åtgärd,
780 404 70 21 skulle
864 405 36 26 jag
915 404 84 25 föreslå,
1015 406 32 19 att

214 433 184 26 Borgareståndet
415 433 49 21 ville
480 433 69 21 uttala
565 433 31 26 sig
611 433 28 26 på
655 439 81 15 samma
751 434 51 20 sätt.

285 490 55 21 Herr
368 490 134 21 Kurtén:
537 489 40 28 Jag
593 489 97 22 anhåller
705 492 33 19 att
760 489 22 22 få
798 489 75 21 förena
890 489 42 28 mig
948 496 34 15 om
998 489 49 21 herr

215 518 122 27 Wallgrens
353 519 110 20 uttalande
486 519 47 21 med
550 519 99 20 afseende
665 518 13 21 å
694 519 35 20 det
737 518 148 27 föreliggande
901 518 146 27 författnings-

216 547 107 27 förslaget.

284 604 90 21 Talaren
392 604 82 21 afbröts
490 604 75 20 härvid
572 610 76 21 genom
659 604 127 20 ankomsten
798 603 24 21 af
829 603 91 22 Senator
930 604 24 21 L.
964 603 84 21 Meche-

216 633 37 23 lin,
269 639 45 15 som
331 632 32 22 till
387 632 182 27 Borgareståndet
592 632 162 26 öfverbringade
770 632 62 21 Hans
847 632 120 27 Kejserliga
982 632 65 26 Maje-

215 663 54 20 stäts
285 662 77 25 nådiga
378 661 72 27 påbud
473 661 109 27 angående
605 661 140 27 landtdagens
768 661 123 21 afslutande
907 661 40 21 den
963 662 12 20 6
991 662 57 20 näst-

217 690 142 21 instundande
374 690 56 21 Juni.

287 747 55 21 Herr
384 747 164 21 Talmannen
571 747 90 21 tackade
671 746 13 22 å
695 747 194 26 Borgareståndets
908 749 79 24 vägnar
997 747 50 21 herr

216 775 106 22 Senatorn
338 776 33 20 för
388 776 36 20 det
447 776 77 27 nådiga
547 776 105 26 påbudets
668 776 186 26 öfverbringande,
871 776 50 20 derå
937 776 66 21 denne
1019 776 29 20 af-

217 804 82 21 trädde.

287 861 56 22 Herr
359 861 118 21 Kurtén
493 861 112 21 fortsatte:
636 861 74 21 Ehuru
723 861 37 27 jag
776 861 35 21 väl
828 863 51 22 tror,
898 863 32 19 att
945 861 104 26 ifrågava-

217 891 68 20 rande
301 890 116 26 lagförslag
432 891 7 19 i
461 890 55 20 vissa
533 890 58 20 delar
608 889 100 27 möjligen
732 896 50 14 vore
799 896 25 13 en
841 889 128 27 förbättring
985 889 20 21 af
1021 896 27 14 nu

217 919 99 27 gällande
331 918 251 26 kommunalförfattning
597 918 28 27 på
644 918 77 24 landet,
738 918 124 27 isynnerhet
878 918 54 21 hvad
949 917 100 22 beträffar

218 948 131 26 taxeringen,
366 947 38 21 har
418 947 36 26 jag
470 946 23 21 af
508 947 137 21 medlemmar
660 947 45 20 från
729 946 163 22 Bondeståndet
913 946 67 21 blifvit
997 952 52 21 upp-

217 976 171 26 märksamgjord
411 976 72 26 derpå,
500 977 32 19 att
547 975 39 21 den
610 982 28 14 nu
653 975 99 27 gällande
771 975 277 26 kommunalförfattningen

218 1006 57 20 ännu
290 1005 82 26 knappt
388 1004 76 21 hunnit
480 1004 64 21 blifva
560 1004 135 26 fullständigt
717 1004 57 21 känd
797 1004 29 26 på
848 1004 145 26 landsbygden
1009 1004 40 20 och

218 1040 55 14 vana
287 1034 34 20 vid
338 1034 26 20 de
380 1033 136 21 kommunala
532 1034 104 20 ärendens
651 1033 167 21 handhafvande
833 1033 28 26 på
870 1033 68 26 grund
949 1032 21 21 af
980 1032 69 22 denna

217 1062 125 26 författning
358 1061 128 26 förvärfvad,
502 1061 39 21 och
558 1065 43 17 tror
617 1068 55 20 man,
682 1064 32 18 att
729 1061 123 21 införandet
865 1068 28 14 nu
916 1061 21 21 af
952 1061 97 27 partiella

217 1091 151 26 förändringar
383 1090 8 20 i
406 1090 70 21 denna
499 1090 126 26 författning
648 1096 50 15 vore
721 1093 31 18 att
775 1090 150 21 åstadkomma
941 1090 108 26 betydliga

217 1119 134 27 rubbningar
367 1118 39 22 och
423 1118 117 27 förnyande
555 1118 24 21 af
593 1119 26 21 de
635 1118 137 28 svårigheter,
789 1124 47 16 som
847 1118 104 27 uppstodo
963 1118 35 22 vid
1009 1118 40 21 den

218 1154 29 14 nu
263 1148 100 26 gällande
379 1147 165 27 författningens
559 1147 67 21 första
642 1147 103 21 trädande
761 1148 6 20 i
784 1147 81 21 verket.
896 1147 32 21 De
936 1147 113 27 olägenhe-

218 1179 40 22 ter,
274 1182 45 15 som
336 1176 98 26 möjligen
452 1176 70 21 kunna
542 1182 49 15 vara
608 1176 101 21 förenade
726 1176 48 21 med
791 1176 41 21 den
849 1182 27 14 nu
895 1175 97 27 gällande
1008 1176 41 20 för-

219 1205 127 26 fattningen,
363 1204 62 21 hafva
441 1204 170 21 Bondeståndets
628 1205 138 20 medlemmar
782 1204 120 21 emellertid
917 1207 70 18 ansett
998 1204 51 21 min-

220 1233 39 22 dre
276 1233 86 26 vigtiga,
380 1233 39 21 och
443 1236 60 23 trott,
516 1235 33 18 att
564 1233 151 26 författningen
731 1233 69 21 skulle
818 1239 41 20 nog
874 1239 50 15 vara
941 1233 109 26 tillfyllest,

219 1262 56 21 blott
302 1261 120 22 erfarenhet
447 1261 39 21 och
503 1268 53 14 vana
581 1262 34 21 vid
635 1262 47 21 dess
708 1261 165 22 handhafvande
897 1261 41 21 blir
960 1267 90 15 vunnen.

219 1291 103 26 Speciellt
337 1289 77 22 trodde
431 1297 48 14 man
495 1291 32 24 sig
543 1291 60 20 äfven
619 1291 53 20 böra
681 1292 77 19 nämna
774 1293 46 18 mot
831 1291 39 20 den
883 1290 39 21 här
932 1290 120 26 föreslagna

219 1319 227 27 pröfningsnämnden,
461 1321 32 19 att
506 1319 39 21 den
558 1319 67 20 skulle
634 1319 149 21 åstadkomma
795 1318 139 27 olägenheter
943 1319 28 26 på
981 1319 70 20 lands-

220 1348 91 27 bygden,
335 1347 37 22 der
395 1354 48 14 man
460 1347 18 27 ej
496 1349 23 19 är
534 1347 6 21 i
556 1347 84 22 tillfälle
656 1351 31 17 att
703 1348 20 20 få
739 1347 84 22 samlad
839 1353 25 15 en
888 1347 76 27 mängd
979 1353 73 21 perso-

220 1383 38 14 ner
274 1377 32 20 för
327 1376 147 27 hvarjehanda
496 1377 171 22 sammanträden
690 1377 23 20 så
739 1377 47 25 lätt,
809 1382 46 15 som
871 1375 5 21 i
893 1376 54 26 stad,
963 1376 89 21 emedan

221 1405 63 21 dessa
299 1411 103 20 personer
418 1405 45 21 ofta
480 1407 35 19 äro
532 1405 85 20 bosatta
632 1405 51 20 flere
704 1405 35 20 mil
760 1405 48 20 från
832 1404 159 21 möteslokalen.
1022 1404 31 21 På

221 1433 63 21 dessa
299 1434 46 21 skäl
361 1433 68 21 skulle
443 1433 37 27 jag
495 1433 91 25 anhälla,
601 1437 32 18 att
647 1433 184 27 Borgareständet
842 1433 48 22 ville
905 1433 50 27 följa
970 1433 82 21 Bonde-

222 1462 97 21 ståndets
335 1463 94 25 exempel
447 1462 39 21 och
502 1462 95 20 förkasta
613 1463 36 20 det
665 1468 28 14 nu
706 1462 148 26 föreliggande
873 1461 181 27 författningsför-

221 1490 72 27 slaget
308 1494 55 17 samt
380 1490 106 21 bibehålla
502 1491 40 20 den
558 1490 97 27 gällande
671 1490 164 27 författningen.
