1125 1811
318 144 183 22 Borgareståndet
514 145 57 17 1882.
597 145 27 17 20
637 144 48 22 maj.
866 139 56 26 1399

155 214 163 27 Propositionen
338 213 132 22 besvarades
486 213 49 21 med
550 213 27 22 24
591 213 23 26 ja
629 212 40 25 och
685 214 27 20 25
728 213 41 27 nej,
786 213 86 25 hvarför
886 213 36 22 sä-

85 244 59 21 Jedes
167 243 48 22 med
237 242 157 26 behandlingen
418 242 23 21 af
462 241 141 22 förevarande
625 241 135 23 betänkande
783 241 69 23 skulle
867 248 54 43 pp

84 272 85 28 skjutas
184 271 33 22 till
233 272 48 20 dess
296 271 75 26 frågan
387 277 34 14 om
438 270 41 22 den
492 270 231 27 jernvägssträckning,
738 276 45 16 som
794 270 76 22 främst
903 272 18 19 bör

84 301 56 22 efter
156 300 145 21 Wasabanans
326 299 122 21 afslutande
464 300 48 20 med
528 299 74 21 arbete
618 299 107 27 beläggas,
742 298 70 22 blifvit
827 298 25 22 af
862 300 59 20 stän-

85 330 68 21 derna
168 328 91 27 afgjord,
274 329 55 20 samt
345 327 89 22 ärendet
450 327 119 22 emellertid
583 327 121 22 remitteras
715 327 32 22 till
758 327 163 22 statsutskottet

86 358 35 21 för
135 357 138 22 inhemtande
288 357 23 21 af
325 356 48 21 dess
388 356 102 27 yttrande
505 356 109 27 angående
625 356 26 21 de
662 355 141 28 erforderliga
812 356 108 27 anslagen.

156 414 56 21 Herr
230 413 182 27 Malmgren:
444 413 50 22 Med
510 413 114 28 anledning
639 413 24 22 af
677 414 106 27 utgången
799 413 23 23 af
835 415 85 20 senaste

84 443 135 26 omröstning
241 443 38 20 ber
298 442 37 27 jag
359 445 32 18 att
412 442 22 22 få
450 442 33 21 till
499 441 131 28 protokollet
645 442 91 27 anmäla,
752 444 34 19 att
798 443 37 26 jag
850 441 47 25 icke
912 442 8 21 i

86 471 106 22 utskottet
215 471 88 27 deltagit
326 471 7 21 i
349 471 158 26 behandlingen
524 471 22 21 af
560 471 161 26 ifrågavarande
737 471 182 27 petitionsmemo-

85 501 47 24 rial,
148 500 68 21 ehuru
231 499 76 22 sådant
322 499 90 27 antydes
428 500 29 27 på
472 506 48 21 pag.
536 500 27 21 39
576 500 53 21 sista
643 500 90 26 stycket.
750 499 42 28 Jag
804 505 63 16 anser
877 499 43 27 mig

85 529 53 23 böra
160 531 52 25 göra
235 529 69 21 denna
327 528 99 22 anmälan
450 528 78 27 derför,
552 530 33 19 att
606 528 35 21 det
657 530 24 19 är
697 528 89 27 möjligt,
802 530 33 20 att
850 528 70 21 denna

85 558 62 27 fråga
169 557 46 22 icke
231 563 58 16 mera
305 557 66 22 under
387 557 132 27 landtdagen
535 557 96 22 kommer
646 557 46 22 före
707 557 6 22 i
729 557 85 22 ståndet
829 556 40 25 och
882 556 38 30 jag

84 587 21 26 ej
128 587 42 20 kan
193 586 49 22 dela
262 586 40 21 den
319 585 135 28 motivering,
470 592 46 15 som
532 585 164 27 mångenstädes
711 585 7 21 i
734 585 145 21 betänkandet
895 587 25 19 är

85 614 121 28 förebragd,
227 614 86 22 hvilken
329 614 128 27 motivering
470 614 38 27 jag
523 614 55 22 hade
593 614 33 22 för
641 614 64 27 afsigt
720 616 33 20 att
767 614 86 22 försöka
868 619 52 21 gen-

84 644 75 21 drifva.

155 700 56 22 Herr
233 700 176 21 Molander:
440 700 42 27 Jag
501 700 38 21 ber
554 702 33 20 att
602 700 21 22 få
638 706 110 16 reservera
763 700 43 28 mig
821 701 45 20 mot
881 700 38 22 be-

83 729 73 27 slutet,
178 729 89 22 emedan
290 728 36 22 det
349 728 93 27 troligen
462 729 98 21 kommer
574 730 33 20 att
622 728 63 22 hafva
700 728 32 22 till
748 728 58 28 följd,
822 730 33 20 att
870 728 49 27 hela

84 758 61 21 detta
160 756 240 29 petitionsbetänkande
415 757 49 22 icke
479 758 96 21 kommer
591 757 32 22 till
633 757 66 28 något
711 757 83 28 slutligt
802 756 116 28 afgörande

86 786 35 21 vid
136 786 70 21 denna
220 786 109 26 landtdag.

156 843 55 21 Herr
233 843 157 26 Lojander
413 842 103 22 förenade
531 843 31 26 sig
579 843 6 20 i
601 843 40 21 den
657 842 22 21 af
693 842 50 22 herr
759 842 111 23 Molander
886 843 31 21 af-

83 871 60 27 gifna
158 871 166 22 reservationen.

177 963 3 7 E

154 1014 113 22 Allmänna
289 1014 208 22 besvärsutskottets
512 1014 135 22 betänkande
666 1013 39 22 N:o
723 1016 26 20 15
765 1014 109 27 angäende
889 1020 27 16 en

83 1043 209 26 ständerdelegation
315 1043 33 21 för
370 1043 147 27 uppresandet
536 1043 22 21 af
572 1050 26 14 en
613 1045 57 25 staty
685 1043 32 21 till
733 1043 71 21 minne
819 1043 23 21 af
856 1042 60 22 Hans

84 1071 102 28 Majestät
200 1071 248 28 Kejsaren-Storfursten
465 1072 122 21 Alexander
601 1072 31 26 II;

153 1135 81 16 samma
255 1129 95 21 utskotts
371 1129 139 21 betänkande
525 1129 40 21 N:o
583 1130 25 20 16
624 1128 7 22 i
647 1128 113 27 anledning
775 1128 23 22 af
812 1130 32 20 ett
858 1128 57 22 inom

84 1158 181 26 Borgareständet
279 1157 131 22 framställdt
426 1156 185 28 petitiousförslag
628 1158 109 26 angående
753 1157 87 27 ätgärds
847 1157 70 22 vidta-

82 1182 71 57 gande
168 1189 33 19 att
215 1186 101 22 förskaffa
331 1186 138 27 gångbarhet
484 1186 33 22 för
532 1186 35 22 det
583 1186 68 22 finska
665 1186 135 27 guldmyntet
814 1186 7 21 i
834 1186 82 21 Frank-

83 1214 56 26 rike;
156 1217 55 19 samt

152 1271 175 22 bankutskottets
350 1271 139 22 betänkande
511 1271 40 22 N:o
572 1274 12 19 4
600 1271 109 28 angående
729 1271 80 27 förslag
824 1270 32 21 till
872 1270 43 22 för-

81 1299 116 28 ändringar
220 1301 6 20 i
249 1299 201 28 bankreglementet
468 1300 40 22 och
523 1300 31 21 till
571 1306 27 21 ny
614 1300 129 21 instruktion
760 1299 32 22 för
806 1299 110 22 Bankfull-

82 1329 95 26 mäktige

152 1386 119 27 bordlades,
293 1386 26 21 de
343 1388 78 20 tvenne
445 1386 148 21 förstnämnda
614 1386 33 21 till
670 1387 61 20 nästa
758 1385 158 22 sammanträde

81 1416 57 20 samt
159 1415 174 22 bankutskottets
357 1415 139 22 betänkande
511 1415 41 22 N:o
573 1417 12 19 4
601 1415 32 21 till
648 1414 67 22 andra
731 1414 85 28 plenum
831 1414 7 21 i
854 1415 62 20 nästa

82 1443 71 22 vecka.
