1125 1811
327 123 183 22 Borgareståndet
521 124 60 18 1882.
605 125 28 16 26
646 125 47 20 maj.
877 120 56 21 1543

98 193 71 25 blifvit
189 192 126 28 föreslagna,
339 192 66 27 något
428 192 95 22 särdeles
546 192 42 22 kan
611 193 81 21 vinnas.
722 194 42 25 Jag
780 193 36 21 vill
832 194 101 24 derför,
922 188 14 36 i

98 222 69 22 likhet
187 221 48 22 med
257 222 75 21 herrar
347 221 85 27 Nybom
450 222 40 21 och
506 221 121 27 Björksten,
643 222 54 26 yrka
713 222 26 26 på
756 221 140 23 förkastande
911 223 23 21 af

98 250 145 28 lagförslaget,
258 250 76 22 sådant
350 250 36 22 det
402 256 29 15 nu
447 250 122 27 föreligger.

168 313 55 22 Herr
239 313 175 21 Lindholm:
431 313 44 21 För
491 313 43 21 min
550 313 33 21 del
599 319 64 16 anser
675 313 36 28 jag
723 313 26 22 de
760 313 40 22 här
810 314 122 27 föreslagna

98 342 145 26 ändringarna
257 341 7 21 i
279 341 280 28 kommunalförfattningen
581 341 34 22 för
637 342 49 21 stad
705 348 51 15 vara
774 343 24 20 så
813 343 119 26 väsentliga

98 371 161 26 förbättringar,
282 372 32 19 att
335 370 36 27 jag
394 371 66 26 yrkar
474 370 34 27 på,
526 372 32 19 att
573 371 87 21 ståndet
676 370 66 22 måtte
758 371 87 22 försöka
860 373 34 20 att
909 371 22 22 få

97 400 50 21 dem
162 399 32 21 till
210 399 67 22 stånd.
307 399 42 21 Det
365 401 24 19 är
404 399 126 27 visserligen
545 401 54 24 sant,
610 401 33 19 att
654 399 277 28 kommunalförfattningen

98 428 35 21 för
154 427 49 22 stad
225 427 60 22 äfven
304 427 3 22 i
323 427 77 27 många
422 428 69 21 andra
514 427 87 28 stycken
625 428 70 21 skulle
711 428 44 21 tåla
770 428 161 28 förbättringar,

98 463 50 15 men
171 456 25 22 de
219 458 54 19 mest
292 456 176 27 öfverhängande
484 457 106 21 bristerna
605 458 38 20 äro
659 457 32 26 de,
708 463 46 15 som
770 457 40 22 här
824 459 37 20 äro
877 457 55 22 före-

98 485 77 28 slagna
196 487 33 19 att
250 484 103 28 afhjelpas
376 485 40 21 och
440 485 27 22 de
485 485 122 28 ändringar,
623 491 46 16 som
685 485 69 22 skulle
770 485 103 23 behöfvas
885 487 7 20 i
905 492 26 15 en

98 513 54 22 eller
174 519 69 16 annan
265 513 68 27 punkt
356 513 22 22 af
392 513 112 28 förslaget,
520 516 45 20 tror
577 514 38 27 jag
631 514 18 27 ej
666 516 37 19 äro
719 514 24 22 så
758 515 125 27 väsentliga,
899 517 33 19 att

98 543 27 21 de
140 543 19 26 ej
175 543 40 21 lätt
230 543 71 21 kunna
317 542 166 22 åstadkommas.

168 610 55 22 Herr
239 611 130 27 Hoving:
395 610 33 22 Då
451 610 41 22 här
514 611 70 21 blifvit
599 610 107 28 påyrkadt
718 610 49 22 hela
783 610 148 28 författnings-

97 639 113 27 förslagets
233 639 145 26 förkastande,
400 639 100 22 anhåller
516 640 38 27 jag
577 641 32 20 att
631 639 21 21 få
673 639 69 22 uttala
765 640 43 21 min
823 640 109 26 mening
918 635 17 37 i

98 669 62 21 detta
181 668 106 22 afseende.
317 668 125 21 Utskottets
465 668 137 22 betänkande
626 668 124 22 framhåller
765 668 28 26 på
808 668 38 22 sid.
863 669 19 26 2,
898 670 33 20 att

98 698 38 20 det
158 699 80 19 största
261 696 129 28 klagomålet
413 699 60 19 emot
491 696 278 28 kommunalförfattningen
784 697 69 27 gäller
867 703 64 21 grun-

98 726 68 21 derna
180 726 34 20 för
229 725 297 28 kommunalbeskattningen,
548 726 73 21 hvilka
643 727 37 20 äro
696 725 54 22 både
766 725 114 22 sväfvande
891 726 40 21 och

98 754 94 27 obilliga,
215 754 86 21 hvarför
323 761 25 14 en
372 754 136 22 omfattande
531 754 91 22 revision
638 755 6 21 i
660 754 76 22 sådant
759 754 55 27 syfte
835 754 97 22 föreslås.

99 782 51 22 Man
174 782 66 21 måste
259 783 55 26 gifva
329 782 109 22 utskottet
454 784 37 20 det
507 784 104 20 vitsordet
626 785 33 19 att
674 783 55 21 hvad
745 783 124 27 taxeringen
885 783 46 21 vid-

98 811 97 22 kommer
210 811 36 21 det
261 811 30 21 uti
307 811 148 22 betänkandet
470 811 84 28 lyckats
569 811 57 27 gifva
641 811 27 22 de
683 811 115 22 sväfvande
808 811 123 26 grunderna

97 840 90 27 mycken
203 839 139 22 bestämdhet.
373 840 49 21 Men
440 840 28 21 då
484 846 49 15 man
549 841 82 20 kunnat
646 840 63 26 klaga
725 839 65 27 öfver,
807 842 32 19 att
854 840 77 21 hittills

98 869 121 26 grunderna
241 869 55 20 varit
319 868 93 27 obilliga,
436 871 48 19 tror
504 869 38 26 jag
560 869 41 26 mig
617 869 47 21 icke
679 871 51 24 säga
746 868 34 21 för
796 869 90 27 mycket,
904 869 27 20 då

95 897 39 27 jag
148 897 80 27 påstår,
244 900 32 18 att
291 897 107 21 utskottet
413 897 59 27 gjort
488 897 48 21 dem
553 897 23 21 sä
592 897 94 27 obilliga,
698 903 46 15 som
760 897 26 21 de
802 897 6 21 i
825 897 65 26 något
900 897 31 21 af-

96 926 80 21 seende
198 926 71 21 kunna
291 926 82 21 tänkas.
404 925 46 22 Och
474 926 29 21 då
515 926 38 27 jag
567 926 108 26 verkligen
691 928 52 22 tror,
760 928 31 18 att
806 926 68 21 under
889 926 41 20 den

97 954 65 21 korta
184 954 37 26 tid,
245 960 44 15 som
307 955 93 21 återstår
415 954 25 22 af
454 954 137 27 landtdagen,
607 955 36 21 det
659 954 18 27 ej
693 956 25 20 är
733 954 69 27 någon
818 954 112 27 möjlighet

96 984 34 20 att
152 983 73 21 kunna
240 982 85 22 komma
340 983 33 21 till
388 989 27 15 en
431 983 215 27 sammanjemkning,
663 989 45 15 som
724 983 69 21 skulle
809 983 63 21 lända
888 982 42 22 för-

98 1011 207 27 fattningsförslaget
327 1012 33 20 till
381 1012 71 26 någon
469 1012 87 24 båtnad,
571 1012 69 21 skulle
657 1012 61 21 äfven
732 1012 37 26 jag
784 1011 50 27 vilja
849 1011 81 27 påyrka

96 1040 115 27 förslagets
233 1040 136 22 förkastande
392 1040 40 22 och
451 1043 34 19 att
500 1041 76 21 endast
592 1041 40 21 den
648 1041 53 21 sista
716 1040 107 22 klämmen
838 1040 28 27 på
881 1046 49 21 pag.

96 1068 30 21 22
142 1068 39 22 och
196 1069 27 21 23
239 1068 68 22 skulle
321 1069 127 27 godkännas
464 1069 24 21 af
502 1069 184 27 borgareståndet.

167 1137 56 21 Herr
237 1137 157 27 Ignatius:
411 1138 44 21 Det
471 1137 74 27 tyckes
560 1137 68 21 blifva
643 1143 26 15 en
685 1139 98 19 coutume
799 1137 57 21 inom
872 1137 58 21 stän-

95 1165 39 21 det
156 1168 39 22 att,
218 1166 47 21 med
281 1166 135 27 åberopande
437 1166 24 22 af
476 1167 41 21 den
532 1166 87 27 knappa
633 1166 66 27 tiden,
714 1166 33 21 för
763 1168 33 19 att
810 1166 69 26 slippa
894 1166 36 20 be-

96 1194 81 21 handla
192 1200 25 15 en
233 1194 35 21 del
289 1194 23 22 af
325 1195 26 21 de
367 1194 124 27 föreslagna
506 1195 107 26 frågorna,
628 1196 52 19 utan
696 1194 72 22 vidare
784 1194 54 21 afslå
854 1200 26 15 en
895 1194 36 21 hel

98 1223 78 26 mängd
191 1222 23 22 af
227 1223 114 21 desamma.
371 1223 42 27 Jag
428 1224 71 21 måste
514 1225 59 25 säga,
589 1225 32 19 att
637 1229 34 15 om
687 1223 36 21 det
733 1225 25 19 är
768 1223 65 26 något
844 1222 85 26 ärende,

82 1251 53 27 der
150 1257 49 15 man
214 1251 42 21 kan
272 1251 63 22 ställa
350 1251 36 22 det
402 1252 96 27 anspråk
513 1252 28 27 på
556 1251 103 22 Finlands
675 1251 160 28 borgareständ,
850 1252 33 20 att
894 1251 36 21 det

95 1279 56 21 skall
167 1285 53 21 egna
235 1280 118 21 detsamma
369 1287 25 14 en
410 1286 114 21 noggrann
540 1280 136 27 granskning,
692 1280 24 21 så
731 1282 25 19 är
771 1280 36 21 det
815 1280 44 27 just
870 1279 60 22 detta

94 1307 81 22 ärende
198 1315 33 14 om
252 1309 254 27 kommunalförfattning
522 1309 33 21 för
569 1309 55 21 stad.
654 1309 43 22 Det
712 1310 25 20 är
752 1315 26 16 en
793 1308 67 27 fråga,
876 1313 53 20 som,

94 1336 122 23 oberoende
239 1337 22 22 af
283 1337 36 22 det
342 1337 110 22 allmänna
475 1338 91 21 intresse
589 1337 40 22 den
645 1337 42 22 kan
703 1337 71 25 hafva,
789 1336 140 27 ovilkorligen

96 1365 68 22 måste
179 1372 38 21 cga
232 1366 101 21 särskildt
343 1367 91 21 intresse
445 1366 35 21 för
492 1366 60 22 detta
560 1366 73 21 ständs
644 1366 168 22 kommittenter.
842 1365 42 27 Jag
893 1365 37 21 vill

95 1393 75 22 vidare
191 1394 84 27 påpeka
297 1395 68 21 vådan
387 1395 23 21 af
430 1397 34 19 att
480 1395 71 21 lemna
565 1395 159 27 granskningen
739 1394 22 22 af
776 1395 60 20 detta
851 1394 79 21 ärende

95 1423 87 21 derhän.
213 1423 41 22 Det
269 1423 42 21 kan
326 1423 107 27 nämligen
449 1423 44 22 lätt
508 1423 91 26 inträffa,
618 1425 33 20 att
666 1424 26 21 de
707 1426 33 19 tre
756 1423 68 27 öfriga
840 1422 89 22 stånden

94 1451 48 21 icke
164 1453 37 20 äro
223 1451 24 22 så
269 1451 142 22 intresserade
434 1454 34 19 att
492 1452 102 27 paragraf
608 1452 33 21 för
653 1452 101 27 paragraf
766 1452 105 26 genomgå
886 1450 43 22 för-

93 1480 77 26 slaget,
193 1480 40 22 och
254 1480 27 21 då
303 1482 24 20 är
350 1480 36 22 det
409 1482 33 20 tre
466 1480 72 25 stånd,
554 1486 46 16 som
616 1480 88 22 beslutit
723 1480 3 21 i
742 1480 77 26 många
834 1479 72 27 frågor
922 1479 6 21 i

93 1508 75 27 saken,
184 1510 51 20 utan
251 1510 32 20 att
297 1508 181 27 borgareståndet
494 1515 38 15 ens
548 1509 45 22 haft
609 1515 25 14 en
650 1509 59 21 talan
725 1508 52 22 deri.
808 1509 41 26 Jag
864 1508 65 27 yrkar
