1125 1811
217 134 54 21 1280
447 139 180 21 Borgareständet
640 140 57 17 1882.
723 140 22 17 16
758 141 51 20 maj.

214 208 36 27 jag
265 208 119 22 emellertid
407 214 70 18 anser,
493 210 33 19 att
544 208 69 21 denna
629 208 124 27 utgiftspost
768 208 50 22 icke
834 209 42 21 kan
892 209 104 22 definitivt
1013 216 35 15 vo-

217 239 62 24 teras,
295 237 70 21 skulle
378 237 36 27 jag
430 236 139 27 understödja
584 237 103 27 förslaget
703 243 34 15 om
754 238 120 21 eventuellt
889 238 75 21 beslut.

285 294 57 21 Herr
357 293 126 28 Nybom:
500 293 40 27 Jag
556 300 63 15 anser
635 294 85 21 ståndet
735 300 53 15 vara
804 294 149 22 oförhindradt
968 298 32 19 att
1012 296 37 20 be-

217 322 56 21 sluta
296 329 34 14 om
354 323 151 26 utgiftsposten
529 322 27 27 pä
577 329 48 20 pag.
642 324 12 19 3
671 335 26 2 —
714 323 128 26 18,511,765
860 324 59 20 mark
936 325 24 20 71
977 323 71 28 penni,

217 351 84 21 hvilken
318 351 46 21 icke
380 351 96 21 kommer
492 353 33 18 att
540 351 95 26 undergä
650 352 70 25 nägon
736 358 72 14 annan
826 352 123 27 förändring
971 354 26 19 än
1013 352 35 21 be-

217 379 105 22 träffande
344 380 98 26 anslaget
464 379 34 21 för
521 385 108 20 reserven;
647 386 47 15 men
711 381 99 20 deremot
825 387 62 14 anser
900 381 37 26 jag
952 387 34 14 oss
1002 380 46 21 icke

217 408 72 21 kunna
305 409 84 20 besluta
405 415 34 14 om
455 408 162 24 inkomstsidan,
635 410 20 25 ty
673 409 60 20 detta
747 410 25 19 är
788 416 28 14 en
832 409 65 26 siffra,
913 415 44 16 som
974 411 24 19 är
1013 409 36 21 be-

216 437 79 21 roende
312 437 21 21 af
348 437 89 21 vakans-
453 437 39 21 och
509 436 178 27 reservfrägorna.
717 437 42 26 Jag
780 444 64 15 anser
860 438 36 21 det
912 438 70 21 derför
997 443 52 16 vara

218 465 112 26 sjeltfallet,
354 467 32 20 att
409 465 70 22 denna
494 465 139 22 inkomstsida
657 466 67 21 måste
741 465 65 22 blifva
822 466 113 25 beroende,
953 466 31 21 till
1001 467 47 20 dess

219 494 18 21 vi
253 496 48 19 veta
317 493 56 22 hvad
389 494 6 21 i
412 494 62 21 dessa
490 497 75 18 tvenne
582 493 71 27 frägor
670 494 100 21 beslutes.

288 551 56 21 Herr
366 551 178 21 Wasenius:
567 551 41 26 Jag
632 551 54 21 hade
709 551 76 27 begärt
809 552 62 21 ordet
894 552 32 21 för
944 554 32 19 att
991 554 58 25 yttra

219 580 41 26 mig
276 579 6 21 i
298 586 81 15 samma
402 579 62 27 syfte,
489 585 45 15 som
552 579 50 21 herr
625 579 90 27 Nybom,
732 580 39 21 och
792 580 39 21 ber
854 583 32 18 att
902 581 20 20 fä
937 581 112 21 framhälla

219 608 115 22 huruledes
357 608 36 21 det
416 608 65 20 redan
497 614 26 14 ur
538 608 171 21 statsutskottets
733 608 137 22 betänkande
887 608 39 22 N:o
944 610 25 20 14
984 609 64 21 fram-

219 636 44 26 går,
281 639 32 18 att
335 637 161 21 statsutskottet
519 636 38 21 har
573 637 62 21 tänkt
650 636 31 27 sig
697 643 24 14 en
739 643 71 15 annan
827 638 127 26 behandling
970 637 22 21 af
1006 637 42 22 frä-

219 671 41 20 gan
277 667 24 19 än
319 666 48 23 den,
384 671 44 15 som
445 670 28 16 nu
489 665 37 21 här
542 671 49 21 eger
607 671 52 15 rum.
691 665 42 21 Det
748 664 42 23 blir
810 666 87 21 alldeles
913 666 135 26 nödvändigt,

219 697 46 17 tror
285 694 44 26 jag,
345 694 33 21 för
400 696 32 18 att
455 694 85 20 komma
561 693 30 21 till
616 696 31 18 ett
667 696 60 18 snart
743 694 43 21 slut
803 696 27 25 pä
846 695 60 21 dessa
922 695 77 25 frägor,
1016 696 33 20 att

219 722 54 21 först
287 722 115 27 godkänna
418 722 101 26 beloppet
534 722 22 21 af
570 722 56 21 vissa
642 722 87 26 utgifter
745 722 40 22 och
802 723 110 21 diskutera
928 730 33 14 om
978 723 71 21 hvilka

219 756 94 16 summor
327 757 45 15 som
389 751 70 21 kunde
476 750 66 22 finnas
558 751 69 21 säsom
651 750 89 27 tillgäng
755 752 6 20 i
778 752 110 26 ätskilliga
903 752 75 21 kassor
993 754 55 19 samt

220 779 64 21 sedan
306 786 34 15 om
362 780 54 20 huru
440 780 36 19 det
498 780 123 20 resterande
644 780 100 31 beloppet
760 780 57 21 skall
833 780 111 21 anskaffas.
975 781 73 20 Redan

220 807 35 21 vid
277 808 41 21 den
342 808 129 26 föregäende
493 807 74 26 frägan
591 807 54 22 hade
659 807 37 27 jag
717 808 63 21 tänkt
797 809 26 20 be
839 811 32 18 att
886 809 21 20 fä
922 811 52 24 göra
990 809 59 21 detta

220 836 87 27 förslag,
324 843 47 14 men
389 824 55 33 ville
464 836 46 21 icke
526 824 85 33 komma
627 836 54 21 fram
698 837 89 20 dermed
805 837 72 21 förrän
891 837 37 27 jag
943 837 68 21 skulle
1027 837 21 22 få

219 871 23 14 se
257 864 54 22 huru
327 865 65 21 saken
408 865 120 26 gestaltade
543 865 38 26 sig.
612 865 40 21 Vid
668 865 73 26 hvarje
762 865 62 28 fråga
846 866 95 21 kommer
953 866 36 26 jag
1004 872 45 15 mer

220 893 39 21 och
283 900 45 14 mer
351 894 32 20 till
408 893 39 21 den
470 893 146 27 öfvertygelse,
633 896 32 18 att
689 894 36 20 det
747 900 51 15 vore
815 896 83 24 rättast,
915 901 33 14 om
964 895 85 20 ståndet

219 921 68 21 skulle
310 922 116 21 inskränka
441 922 33 26 sig
489 921 32 21 till
537 924 32 18 att
584 922 114 26 godkänna
720 911 180 38 utgiftsposterna
924 923 38 21 och
978 923 71 21 seder-

220 956 58 16 mera
293 951 7 20 i
316 953 31 19 ett
369 950 155 26 sammanhang
546 950 107 21 behandla
682 950 74 27 frågan
786 952 68 26 enligt
878 952 170 21 statsutskottets

219 978 136 22 betänkande
371 978 40 22 N:o
431 980 30 20 14.
492 979 10 21 I
517 978 76 22 sådant
609 978 99 22 afseende
725 980 61 21 torde
806 980 37 21 det
858 980 45 21 icke
920 986 49 15 vara
985 980 64 26 något

219 1009 32 19 att
267 1008 102 21 anmärka
393 1010 45 19 mot
453 1008 36 20 det
505 1007 83 27 belopp,
604 1014 45 15 som
673 1008 106 21 utskottet
795 1011 72 19 ansett
882 1015 50 14 vara
948 1008 101 27 behöfligt

219 1035 34 21 för
275 1036 69 22 finska
365 1036 114 25 militären,
503 1036 80 21 hvilket
605 1036 67 27 enligt
693 1037 161 27 propositionen
871 1036 39 22 N:o
925 1038 28 20 40
968 1038 81 26 uppgår

220 1064 32 21 till
277 1066 135 25 18,593,212:
429 1065 33 21 85.
492 1065 38 21 Att
553 1065 92 21 derifrån
669 1065 90 21 afräkna
782 1066 38 21 det
844 1066 44 20 lilla
903 1066 84 26 belopp,
1003 1072 45 15 som

219 1093 42 21 kan
277 1093 126 27 inbesparas
418 1099 76 21 genom
511 1095 31 19 att
558 1100 98 15 reserven
673 1094 100 27 möjligen
796 1094 48 22 icke
860 1094 68 22 skulle
943 1094 67 22 under
1025 1094 24 22 år

222 1122 53 21 1882
292 1122 97 25 inkallas,
405 1124 45 19 tror
463 1122 37 27 jag
516 1122 31 30 för
562 1122 43 21 min
621 1122 34 21 del
671 1122 129 22 åtminstone
817 1123 45 21 icke
880 1129 48 15 vore
941 1122 107 28 behöfligt.

290 1179 55 21 Herr
385 1178 149 22 Snellman:
558 1179 41 27 Jag
615 1179 50 21 ville
679 1179 115 27 godkänna
811 1180 25 20 de
852 1179 24 21 af
890 1180 159 22 statsutskottet

220 1207 123 22 beräknade
366 1207 116 26 utgifterna
501 1207 33 21 för
558 1207 25 21 de
599 1207 92 21 militära
707 1207 105 22 behofven
829 1208 39 21 och
884 1214 61 15 anser
961 1209 88 25 således,

220 1237 32 19 att
268 1236 41 21 den
325 1242 89 18 summa,
430 1235 33 22 till
479 1236 84 21 hvilken
587 1236 62 21 dessa
669 1237 87 20 komma
771 1239 33 19 att
820 1237 32 20 för
868 1237 25 20 de
908 1239 33 18 tre
956 1237 93 26 följande

219 1264 52 21 åren
287 1265 78 26 uppgå,
381 1271 28 14 nu
425 1265 71 20 kunde
511 1265 23 20 af
548 1265 85 20 ståndet
650 1265 105 21 definitivt
765 1265 132 26 godkännas.
929 1265 39 22 Om
979 1267 70 26 någon

219 1293 123 27 minskning
357 1293 6 21 i
380 1293 118 28 utgifterna
513 1293 42 21 kan
570 1294 85 26 uppstå,
671 1294 41 20 kan
729 1293 59 22 detta
803 1300 67 20 gerna
887 1295 79 20 lemnas
979 1295 70 21 såsom

221 1321 114 27 besparing
350 1321 34 22 till
406 1321 128 22 kommande
557 1322 195 27 landtdagsperiod.
768 1335 28 3 —
813 1322 136 22 Beträffande
964 1323 45 21 åter
1020 1323 29 21 in-

219 1350 125 21 komsterna
359 1356 63 15 anser
438 1351 61 20 äfven
512 1351 44 26 jag,
572 1352 32 19 att
620 1351 31 25 de,
667 1351 80 21 sådana
764 1351 26 21 de
806 1353 38 19 äro
860 1351 128 26 beräknade,
997 1352 52 21 böra

219 1378 132 27 godkännas,
368 1379 54 21 dock
438 1379 48 21 med
508 1379 111 25 förbehåll,
635 1382 33 18 att
684 1380 6 20 i
706 1379 102 22 händelse
827 1379 75 27 frågan
918 1386 33 15 om
968 1382 81 19 roteva-

219 1407 171 27 kansafgifterna
404 1408 47 21 icke
467 1407 58 22 leder
541 1407 31 21 till
588 1408 66 26 något
669 1408 97 26 resultat,
779 1409 65 26 nödig
855 1409 89 26 ändring
955 1409 22 20 af
987 1411 62 18 stats-

219 1436 107 21 utskottet
347 1438 62 25 göres
425 1436 6 21 i
447 1436 100 27 kalkylen
563 1436 22 21 af
600 1437 37 20 det
652 1437 84 26 belopp,
752 1443 45 15 som
815 1437 5 20 i
836 1437 107 21 klämmen
960 1439 23 19 är
998 1443 51 20 upp-

219 1466 60 25 taget
295 1465 70 21 såsom
382 1465 76 26 nödigt
473 1467 32 19 att
520 1465 81 26 årligen
618 1466 70 20 anslås
703 1465 33 21 för
752 1465 95 21 militära
863 1465 69 21 behof.
957 1465 41 26 Jag
1013 1471 37 15 an-

219 1498 35 15 ser
269 1493 48 21 med
341 1496 31 18 ett
396 1494 44 25 ord,
455 1495 32 19 att
503 1493 85 22 ståndet
603 1500 29 14 nu
648 1494 65 21 redan
732 1494 42 21 kan
789 1494 56 21 fatta
861 1494 104 21 definitivt
979 1493 71 22 beslut
