1125 1811
221 124 55 20 1648
454 128 182 22 Borgareståndet
647 130 59 16 1882.
731 130 29 16 30
773 128 48 20 maj.

221 198 146 27 fattningarna
382 197 147 27 föreskrifven,
545 198 90 21 emedan
646 198 64 21 redan
726 198 7 21 i
748 198 54 21 1865
815 197 40 21 och
866 198 120 20 sedermera
998 198 53 21 1871

221 227 35 21 års
277 226 125 28 författning
425 226 85 25 uttalas,
534 229 32 19 att
584 226 43 22 alla
642 226 136 26 tjenstemän,
796 225 72 21 hvilka
882 226 50 21 sökt
947 225 64 27 tjenst
1025 226 28 27 på

219 256 70 26 grund
312 255 24 21 af
353 262 96 17 examen,
465 254 71 27 aflagd
552 255 54 21 efter
622 255 41 21 den
680 257 8 19 1
706 255 90 21 Januari
814 255 54 21 1867
884 254 68 22 skulle
967 260 39 20 ega
1021 256 33 20 att

219 285 46 20 visa
279 284 48 26 prof
342 284 27 26 på
386 284 120 21 kännedom
522 284 6 20 i
544 283 68 21 finska
628 284 98 26 språkets
737 284 60 21 såväl
810 282 104 27 muntliga
924 289 44 15 som
980 283 73 21 skrift-

221 313 43 26 liga
286 312 135 27 behandling.
452 312 31 21 På
499 312 66 21 sådan
580 313 69 26 grund
665 312 89 21 innebär
770 312 42 21 den
828 311 113 27 kejserliga
956 311 97 28 proposi-

220 341 85 21 tionens
320 341 142 26 bestämning,
478 343 33 19 att
527 341 46 26 den,
593 347 45 15 som
654 341 63 21 söker
733 341 65 26 tjenst
814 340 70 21 såsom
900 339 153 28 borgmästare,

217 369 182 28 justitierådman,
413 369 83 22 notarie
512 370 33 20 vid
564 369 154 22 rådstufvurätt
734 369 54 21 eller
798 369 120 26 magistrat,
927 369 68 21 skulle
1006 374 47 22 pre-

219 401 58 18 stera
292 398 49 27 prof
354 398 28 27 på
397 397 121 22 kännedom
534 398 7 21 i
557 397 67 22 finska
640 398 93 27 språket,
749 398 113 27 ingenting
876 400 66 19 annat
960 399 26 19 än
997 397 56 22 hvad

219 427 58 21 förut
299 427 55 20 varit
377 426 143 22 föreskrifvet.
552 427 37 21 Att
604 427 53 26 åter,
673 427 68 20 ehuru
757 426 181 21 rådstufvurätter
953 426 40 21 och
1009 432 44 15 ma-

218 456 101 26 gistrater
335 455 18 27 ej
371 455 54 22 varit
440 455 96 28 skyldige
552 458 31 18 att
599 455 86 21 utfärda
700 455 68 22 finska
782 455 152 26 expeditioner,
946 461 25 14 en
985 455 67 21 sådan

220 484 122 27 skyldighet
357 483 66 22 likväl
440 485 38 20 bör
494 485 53 20 efter
566 484 53 21 1884
634 483 87 28 åläggas
737 484 44 21 alla
797 484 55 26 dem,
869 489 45 16 som
930 483 64 28 aflagt
1004 483 51 27 prof

220 513 28 26 på
271 513 119 21 kännedom
407 513 7 20 i
429 512 69 22 finska
520 512 87 27 språket
631 513 39 20 och
693 513 27 26 på
735 512 99 26 förmåga
849 514 32 19 att
897 511 94 28 begagna
1007 512 46 21 det-

221 547 82 16 samma
325 541 59 22 såväl
400 541 7 21 i
422 541 30 22 tal
468 547 46 16 som
535 541 67 26 skrift,
619 547 62 21 synes
696 542 43 26 mig
754 547 54 15 vara
824 539 112 28 sjelffallet,
952 541 54 21 dock
1021 541 31 24 så,

221 572 32 19 att
269 583 27 2 —
311 570 71 21 såsom
404 570 61 21 äfven
482 570 115 27 föreslaget
612 571 24 20 är
651 582 28 3 —
695 577 25 14 en
736 570 68 21 sådan
820 569 121 27 skyldighet
956 569 33 21 för
1004 569 49 21 hela

220 599 75 21 verket
317 599 46 21 icke
385 599 42 21 kan
450 599 86 20 komma
552 599 6 19 i
573 598 67 27 fråga,
663 599 63 20 innan
750 599 166 25 magistraterne
937 597 52 21 eller
1004 598 48 21 råd-

221 626 166 22 stufvurätterne
411 629 89 24 utgöras
522 627 23 21 af
564 627 76 21 endast
663 627 78 21 sädane
761 627 126 25 ledamöter,
903 626 71 21 hvilka
989 625 64 27 aflagt

220 655 55 21 finsk
299 662 87 15 examen
410 656 39 21 och
466 656 89 21 sälunda
570 656 53 20 böra
638 662 61 15 anses
715 656 72 21 känna
802 654 71 22 finska
888 655 92 26 spräket.
1011 654 42 22 Det

220 690 51 15 vore
287 684 66 27 enligt
368 684 43 21 min
428 684 56 27 äsigt
500 686 32 20 att
546 684 27 26 gä
587 684 34 22 för
636 684 59 26 längt
711 687 38 23 att,
768 684 27 22 dä
811 684 54 21 efter
881 684 40 20 den
939 685 9 20 1
962 683 90 21 Januari

223 714 54 21 1884
293 713 151 26 förordningen
467 713 22 21 af
503 714 24 20 är
544 714 54 20 1863
616 714 39 20 bör
670 713 61 21 träda
746 714 7 20 i
768 712 101 28 gällande
885 712 62 25 kraft,
963 714 31 19 ett
1009 718 44 15 em-

221 742 106 26 betsverk,
349 748 45 14 som
418 742 73 21 består
512 741 24 21 af
557 742 76 21 endast
655 748 107 20 personer,
786 741 74 21 hvilka
882 740 65 28 aflagt
962 740 50 28 prof
1025 741 28 26 pä

221 770 119 21 kännedom
356 770 5 21 i
378 770 69 21 finska
470 770 87 27 spräket
579 770 39 21 och
641 770 96 27 förmäga
753 772 31 19 att
801 770 97 26 begagna
914 770 116 20 detsamma
1045 769 7 20 i

221 799 29 20 tal
274 799 39 21 och
337 798 69 26 skrift,
426 799 46 20 icke
489 799 68 21 skulle
573 798 90 21 behöfva
679 799 85 21 utfärda
780 797 148 28 expeditioner
943 798 28 26 pä
987 797 66 27 sagda

221 827 71 27 språk.
315 840 28 3 —
365 827 73 26 Några
460 829 70 19 större
552 827 37 21 fri-
612 827 40 21 och
674 827 128 27 rättigheter
819 826 34 21 för
869 826 130 21 hofrätterne
1014 828 37 19 äro

221 856 137 27 ingalunda
349 851 12 36 i
376 857 119 20 utskottets
518 855 135 22 betänkande
676 856 128 27 föreslagna,
827 857 51 19 utan
900 857 37 19 äro
960 855 93 27 skyldig-

220 884 89 21 heterne
331 884 33 21 för
387 884 133 21 hofrätterne
544 884 101 22 baserade
666 885 43 26 just
723 885 29 26 på
767 890 85 15 samma
867 884 74 26 grund,
957 890 46 15 som
1019 883 34 21 för

220 912 207 22 rådstufvurätterne
435 912 40 22 och
484 913 168 27 magistraterne.
663 926 26 2 —
700 912 109 22 Särskildt
820 912 49 21 ville
877 912 37 26 jag
925 912 53 21 dock
989 912 62 21 fram-

221 941 62 27 hålla,
307 944 39 24 att,
369 941 67 26 enligt
458 941 56 21 hvad
528 942 37 26 jag
580 942 41 21 kan
637 941 51 26 inse,
705 941 40 21 den
762 948 29 14 nu
806 940 163 27 ifrågavarande
985 940 67 22 kläm-

221 976 48 15 men
292 970 45 22 icke
361 970 66 21 borde
450 970 77 21 beröra
546 970 74 27 frågan
637 976 33 15 om
686 970 73 21 hvilka
774 976 104 21 personer
894 970 51 20 eller
960 969 92 21 embets-

219 999 58 26 verk,
294 1005 45 15 som
355 1000 38 20 äro
409 998 97 28 skyldiga
522 1001 31 19 att
568 998 84 22 utfärda
668 999 148 27 expeditioner
832 999 27 26 på
874 997 69 22 finska
957 998 94 26 språket.

220 1027 32 21 De
275 1027 130 27 föregående
420 1028 66 20 ärade
502 1028 94 21 talarene
611 1040 28 3 —
653 1028 35 26 jag
703 1030 46 19 tror
764 1027 44 21 alla
824 1040 28 2 —
868 1026 62 22 hafva
945 1027 106 27 nämligen

220 1056 61 27 gillat
304 1057 40 21 den
367 1056 59 22 förra
449 1056 61 22 delen
527 1056 22 22 af
562 1056 115 26 klämmen;
695 1056 96 22 deremot
807 1056 65 20 hafva
888 1056 163 26 anmärkningar

219 1085 69 27 gjorts
310 1087 44 19 mot
377 1085 40 21 den
439 1090 76 16 senare
530 1085 68 26 delen,
614 1085 40 21 och
669 1084 22 22 af
705 1085 61 21 desse
782 1084 67 22 ärade
865 1084 67 21 talare
947 1084 62 21 hafva
1025 1090 26 15 en

221 1114 33 20 del
275 1114 63 26 yrkat
359 1114 35 26 på,
418 1115 32 19 att
472 1114 40 21 den
528 1113 142 22 finsktalande
685 1114 166 26 befolkningens
866 1114 44 20 rätt
924 1113 68 21 skulle
1007 1112 44 22 till-

219 1142 91 26 godoses
331 1148 76 21 genom
430 1142 145 22 translatorer.
607 1142 50 22 Men
678 1143 40 21 den
735 1148 76 16 senare
828 1142 62 20 delen
906 1141 22 21 af
944 1142 107 20 klämmen

219 1170 119 22 innehåller
353 1170 109 28 ingenting
477 1173 72 25 annat,
565 1173 27 19 än
609 1171 65 25 ,att
667 1166 14 36 i
690 1171 25 21 de
731 1170 45 27 fall,
788 1170 39 22 der
839 1170 212 27 undantagsbestäm-

219 1200 76 25 ningar
310 1199 65 21 blifva
390 1200 144 26 oundvikliga,
554 1200 100 26 antingen
670 1200 33 21 för
718 1199 149 22 rättsvårdens
882 1198 169 22 säkerställande

219 1227 52 22 eller
292 1227 27 22 då
335 1228 93 26 domare,
444 1234 46 15 som
506 1228 18 27 ej
541 1230 36 19 äro
593 1228 88 27 pligtige
696 1229 32 20 att
743 1229 28 26 på
786 1227 72 22 finska
873 1227 87 27 språket
975 1227 77 21 affatta

219 1256 152 27 expeditioner,
388 1256 46 21 icke
450 1257 63 26 åtaga
528 1257 32 26 sig
575 1257 60 21 detta
650 1256 102 27 frivilligt,
768 1257 67 21 saken
852 1256 60 21 torde
933 1256 51 21 böra
1003 1256 46 21 ord-

219 1291 39 15 nas
280 1286 30 25 så,
334 1287 32 19 att
388 1285 161 22 vederbörande
565 1285 68 22 finska
649 1287 78 25 parter,
744 1285 26 22 då
787 1285 79 21 svensk
882 1285 120 26 expedition
1018 1284 33 21 till

220 1313 47 22 dem
283 1314 98 27 utgifves,
398 1313 70 22 tillika
484 1314 80 21 erhålla
579 1313 55 22 finsk
650 1313 156 28 öfversättning
823 1313 79 22 deraf.*
932 1313 41 21 Det
989 1319 62 21 synes

219 1343 44 26 mig
285 1343 70 21 säsom
378 1349 35 14 om
436 1342 42 21 alla
501 1343 66 21 borde
589 1343 56 21 varit
665 1349 48 15 ense
729 1343 7 20 i
752 1343 72 20 denna
841 1341 40 22 del.
912 1341 82 27 Frägan
1011 1342 40 21 blir

219 1371 76 22 endast
310 1371 35 22 vid
360 1371 26 22 de
402 1371 106 22 särskilda
523 1371 160 28 paragraferna,
693 1377 34 16 om
740 1371 6 20 i
758 1371 74 21 hvilka
844 1370 37 21 fall
892 1371 159 21 vederbörande

219 1399 72 22 kunna
307 1406 50 15 vara
372 1400 97 27 skyldige
486 1402 32 19 att
533 1400 84 21 utfärda
633 1400 61 21 dessa
710 1399 188 26 öfversättningar.

287 1428 41 27 Jag
344 1429 68 21 måste
427 1429 101 27 slutligen
545 1429 103 26 bekänna,
669 1431 32 19 att
717 1429 17 26 ej
751 1429 71 20 heller
834 1428 38 27 jag
887 1427 55 22 hade
957 1427 51 22 reda
1023 1428 28 26 pä

219 1457 37 20 det
278 1457 39 21 här
340 1457 122 27 åberopade
484 1458 83 21 brefvet
589 1457 24 21 af
630 1458 61 26 1866,
707 1457 83 21 hvilket
805 1456 49 22 icke
868 1456 61 27 ingår
944 1456 7 20 i
967 1455 84 22 författ-

218 1485 187 27 ningssamlingen.
435 1486 43 27 Jag
500 1486 39 21 har
562 1486 52 21 visst
629 1486 54 21 intet
698 1488 63 24 emot,
778 1487 41 24 att,
835 1485 47 21 ifall
897 1484 69 27 nägon
982 1484 69 22 blifvit
