1125 1811
870 138 12 7 ”

293 143 181 21 Borgareståndet
487 144 57 16 1882.
569 144 23 16 19
605 144 47 20 maj.
842 138 54 20 1373

64 212 32 21 får
111 212 73 22 afsked
200 212 39 21 och
255 212 105 22 tillträder
376 218 24 15 en
418 212 106 21 olikartad
542 212 64 26 tjenst
622 214 45 19 mot
683 212 40 21 den
739 212 41 21 han
796 212 39 21 har
851 212 46 21 haft

64 241 64 24 förut,
145 241 58 21 detta
219 242 43 20 sätt
277 243 32 19 att
325 241 95 21 beräkna
436 241 78 21 kartan
530 240 19 27 ej
565 240 69 22 skulle
647 240 113 27 tillämpas.
783 241 41 21 Det
835 240 61 22 torde

64 269 34 21 väl
117 270 56 22 ändå
188 276 49 14 vara
253 270 125 25 detsamma,
396 276 33 14 om
446 270 50 25 han,
512 269 55 21 efter
581 271 34 19 att
631 269 62 21 hafva
709 269 41 21 fått
765 269 82 25 afsked,
863 269 33 21 får

64 298 86 21 hvilken
173 304 26 21 ny
222 298 65 26 tjenst
309 304 44 15 som
373 298 62 25 helst,
453 298 75 21 såvida
544 298 40 20 han
600 297 55 22 skall
671 298 111 21 betraktas
799 298 97 21 tillträda

64 327 33 20 för
120 327 67 21 första
209 326 81 27 gången
314 333 25 15 en
363 327 71 25 tjenst.
466 327 42 26 Jag
530 326 68 21 skulle
614 326 73 21 derför
702 327 53 26 yrka
772 327 124 25 förändring

65 355 87 25 derhän,
175 358 32 18 att
229 361 81 15 samma
332 355 68 26 grund
424 355 70 21 skulle
517 355 107 26 tillämpas
648 355 61 20 äfven
727 355 26 20 då
769 361 25 15 en
811 361 84 21 person,

64 390 46 15 som
133 384 41 21 fått
196 383 80 26 afsked,
292 384 106 21 tillträder
414 390 26 15 en
456 383 58 22 olika
530 383 109 22 beskaffad
655 383 66 26 tjenst
736 387 45 18 mot
797 384 41 21 den
854 384 42 21 han

65 413 58 20 förut
138 413 102 20 innehaft.

134 470 55 21 Herr
212 469 143 22 Castrén:
372 470 42 27 Jag
429 469 42 22 kan
488 469 20 27 ej
524 469 57 22 finna
597 470 36 21 det
649 469 22 21 af
686 469 49 21 herr
751 469 102 27 Federley
870 470 26 21 ci-

66 499 73 20 terade
162 499 61 21 ordet
245 499 116 24 ,likartad*
378 504 38 21 ega
432 498 67 21 sådan
517 499 90 26 mening.
639 498 9 21 I
665 501 116 18 momentet
798 499 98 26 tillägges

65 529 92 19 tvärtom
180 527 100 22 särskildt
303 527 76 27 ,tjenst
401 527 21 21 af
444 527 142 21 omförmälda
607 526 157 22 beskaffenhet"
780 527 39 21 och
835 527 62 21 dessa

66 555 89 28 tjenster
170 556 67 21 finnas
253 556 58 21 förut
326 555 146 28 uppräknade,
489 556 100 24 militära,
605 555 62 22 civila
683 562 18 14 o.
717 561 16 16 s.
751 562 17 15 v.

134 613 56 21 Herr
212 613 115 27 Nystén
351 613 52 21 sade
422 613 32 27 sig
470 619 50 15 vara
537 612 146 22 förekommen
699 612 24 21 af
737 612 49 22 herr
802 612 94 22 Castrén.

134 670 56 21 Herr
212 670 170 21 Molander:
406 670 76 22 Såsom
502 670 38 26 jag
562 669 39 22 har
617 669 65 21 fattat
697 670 159 26 propositionen
872 672 24 20 är

66 699 36 21 det
122 698 22 27 ju
168 698 83 28 tydligt,
274 700 32 20 att
321 698 44 22 ifall
379 698 37 28 jag
432 698 34 22 får
482 704 25 16 en
523 704 69 16 annan
609 698 66 27 tjenst
690 700 26 19 än
733 698 40 21 den
787 698 37 27 jag
839 698 57 22 förut

65 727 102 26 innehaft,
184 727 106 27 tillämpas
306 728 36 20 det
357 727 125 27 stadgande,
499 733 46 15 som
561 728 77 20 står
614 723 10 35 i
631 723 12 35 1
659 734 63 14 mom.
738 727 67 21 under
816 727 40 21 litt.
867 730 27 22 a).

65 756 76 26 Skiljes
154 756 37 26 jag
206 756 47 21 från
269 756 42 21 min
328 756 66 27 tjenst
409 756 39 21 och
465 756 33 21 får
514 762 69 15 annan
599 756 73 27 tjenst,
689 762 45 15 som
750 758 24 18 är
790 756 70 27 högre,
871 756 24 21 så

65 784 32 21 får
117 784 37 27 jag
176 784 71 21 betala
262 785 63 20 karta
347 784 54 22 efter
420 784 114 22 skilnaden
550 784 5 21 i
572 784 42 21 lön.
645 784 43 21 Får
709 784 36 27 jag
761 791 25 14 en
803 784 91 21 likartad

66 813 65 26 tjenst
147 813 47 21 med
211 813 39 21 den
264 813 37 27 jag
315 813 40 21 har
370 813 52 26 haft,
438 813 25 22 så
479 813 83 21 betalar
574 813 38 27 jag
627 813 47 21 icke
691 813 70 26 något.

135 871 55 21 Herr
205 871 162 27 Federley:
384 871 45 21 Min
445 871 144 27 uppfattning,
605 873 32 18 att
653 871 66 21 orden
731 871 78 26 ,tjenst
819 869 23 22 af
852 877 44 14 om-

65 899 105 21 förmälda
186 899 157 21 beskaffenhet"
360 899 68 22 skulle
444 899 92 21 hänföra
552 899 32 27 sig
600 899 32 21 till
649 899 40 21 den
704 899 70 26 tjenst,
786 899 47 20 från
844 899 52 20 hvil-

66 928 40 20 ken
130 934 25 14 en
171 934 76 20 person
263 928 41 21 fått
319 928 80 25 afsked,
415 928 40 20 har
468 928 38 26 jag
521 928 58 20 stödt
595 928 27 26 på
638 928 116 21 utskottets
770 927 127 26 motivering

65 957 14 20 å
101 962 47 21 pag.
172 958 19 24 3,
214 957 38 21 der
267 957 106 21 utskottet
388 956 110 26 föreslagit
513 956 66 27 ,huru
594 956 63 21 karta
672 956 54 21 skall
743 956 105 21 beräknas
864 956 32 21 för

66 986 40 20 den
130 991 52 19 som,
205 984 54 22 efter
274 985 116 27 undfånget
410 985 76 21 afsked
498 985 49 27 från
563 984 100 22 innehafd
679 985 65 26 tjenst
760 985 12 21 å
787 986 49 24 stat,
852 984 44 22 lika

66 1014 109 20 beskaffad
184 1014 65 26 tjenst
263 1014 54 27 ånyo
334 1014 128 21 tillträder".
492 1014 70 21 Afven
577 1013 63 21 häraf
653 1019 63 21 synes
731 1014 43 26 mig
789 1013 106 27 nämligen

65 1042 88 26 framgå,
176 1044 31 20 att
230 1042 104 22 utskottet
358 1043 108 27 uppfattat
482 1043 66 21 saken
565 1042 29 25 så,
611 1045 32 18 att
659 1042 39 21 här
713 1042 69 21 skulle
797 1042 57 26 gälla
870 1048 26 14 en

66 1070 42 22 lika
124 1070 108 22 beskaffad
248 1071 71 27 tjenst,
335 1077 45 15 som
398 1071 46 26 den,
462 1071 46 21 från
525 1071 84 21 hvilken
625 1077 26 15 en
667 1077 77 20 person
760 1070 42 22 fått
814 1070 80 22 afsked.

64 1099 72 22 Också
152 1100 49 20 herr
216 1100 111 21 Molander
343 1100 73 26 tyckes
431 1100 101 26 uppfatta
546 1100 65 21 saken
629 1100 29 26 så,
675 1100 99 20 eftersom
790 1099 50 21 herr
851 1098 45 22 Mo-

66 1128 75 21 lander
156 1130 66 25 säger,
238 1130 33 19 att
287 1135 48 14 man
350 1128 35 22 vid
399 1128 115 22 befordran
532 1128 31 21 till
579 1128 66 27 högre
661 1128 64 26 tjenst
740 1128 69 21 skulle
825 1128 71 20 betala

66 1157 63 21 karta
151 1157 76 21 endast
250 1157 32 21 för
297 1157 112 21 skilnaden
425 1158 7 20 i
447 1157 193 21 löneförmånerna.
671 1157 42 21 Det
728 1163 50 15 vore
792 1156 22 27 ju
832 1156 64 22 också

66 1191 26 15 en
115 1186 102 21 orättvisa
240 1192 35 15 om
289 1186 42 26 jag,
347 1186 57 21 efter
418 1188 33 19 att
467 1186 64 21 hafva
546 1186 41 21 fått
602 1185 74 21 afsked
693 1185 107 21 tillträder
815 1191 25 15 en
856 1184 39 22 lik-

65 1213 63 21 artad
144 1213 69 26 tjenst,
229 1214 27 21 då
271 1214 54 21 skall
341 1214 72 21 betala
428 1214 63 21 karta
507 1214 31 21 för
553 1214 48 21 hela
616 1213 70 26 lönen,
703 1220 32 15 om
753 1214 69 21 denna
832 1213 64 26 tjenst

64 1241 66 22 också
153 1243 46 21 icke
221 1245 24 18 är
268 1243 66 26 högre
356 1244 27 19 än
406 1243 39 21 den
470 1243 64 26 tjenst
548 1243 35 26 jag
599 1243 57 21 förut
672 1242 51 21 haft.
754 1242 70 26 Något
839 1242 57 27 slags

64 1270 156 27 förtydligande
236 1271 22 21 af
273 1274 116 19 momentet
404 1272 7 21 i
427 1271 61 27 fråga
503 1277 61 21 synes
580 1271 83 22 således
679 1277 49 15 vara
744 1271 108 26 behöfligt.

134 1327 57 22 Herr
231 1328 140 28 Clouberg:
387 1328 41 27 Jag
444 1330 47 20 tror
506 1328 111 27 meningen
634 1328 49 21 med
694 1328 110 27 kartering
814 1328 22 21 af
847 1327 47 22 full-

66 1357 83 21 makter
171 1355 41 23 här
233 1363 52 15 vara
308 1357 46 26 den,
377 1359 33 20 att
429 1363 26 15 en
472 1363 75 20 person
564 1357 99 26 slutligen
679 1357 54 21 skall
749 1357 63 21 hafva
827 1357 69 26 erlagt

64 1385 155 27 ståmpelafgift
241 1386 109 21 beräknad
366 1385 34 22 för
416 1386 40 21 den
472 1386 76 27 högsta
563 1386 66 27 tjenst
645 1387 46 20 med
708 1387 79 20 största
803 1385 34 21 lön
854 1385 40 21 han

66 1416 70 19 senast
152 1414 95 21 kommer
262 1417 32 18 att
310 1415 120 25 innehafva,
446 1421 48 15 men
512 1415 18 26 ej
546 1414 51 22 flere
612 1415 86 26 gånger.
720 1414 77 21 Derför
813 1413 83 22 betalar

66 1443 42 21 han
130 1443 7 20 i
153 1443 83 26 vanliga
254 1443 37 21 fall
306 1443 155 27 stämpelafgift
477 1443 108 22 beräknad
609 1443 54 21 efter
679 1443 110 20 skilnaden
806 1443 89 21 emellan

66 1471 62 21 lönen
143 1472 35 20 vid
193 1471 53 22 hans
263 1471 57 22 förra
335 1472 65 26 tjenst
416 1472 40 21 och
472 1472 40 21 den
529 1478 40 20 nya
585 1472 65 26 tjenst
665 1472 42 20 han
719 1471 111 21 tillträder.
859 1472 38 20 Att

66 1501 73 21 dervid
156 1502 52 25 göra
230 1500 89 24 skilnad,
336 1500 43 21 ifall
394 1501 42 21 han
453 1501 68 20 under
536 1500 69 27 någon
621 1500 32 21 tid
669 1500 46 20 haft
729 1500 83 23 afsked,
827 1500 23 21 så
866 1501 32 20 att

65 1529 42 21 han
130 1529 69 21 skulle
216 1529 71 21 betala
303 1529 54 26 ånyo
373 1530 70 21 såsom
460 1535 35 15 om
511 1529 41 21 han
567 1529 66 21 första
649 1529 81 26 gången
746 1528 110 21 tillträdde
871 1533 26 16 en
