1125 1811
309 132 182 20 Borgareständet
504 132 58 16 1882.
587 132 27 16 30
627 132 48 20 maj.
855 127 55 21 1655

149 201 54 21 Herr
218 200 165 27 Federley:
408 200 32 21 Då
456 200 26 21 de
498 207 28 14 nu
542 203 94 23 antagna
652 200 132 22 klämmarna
800 200 46 21 icke
862 201 50 21 stå
899 196 16 35 i

80 230 218 21 öfverensstämmelse
315 230 47 20 med
380 229 40 21 den
437 229 146 26 formulering,
595 235 45 15 som
650 229 105 21 utskottet
771 229 60 26 gifvit
842 229 22 21 åt
875 236 37 20 pa-

81 259 129 26 ragraferna,
233 259 38 21 och
295 258 61 20 äfven
370 258 38 26 jag
426 264 63 14 anser
504 258 62 20 dessa
582 258 105 21 klämmar
703 257 104 21 innefatta
822 260 32 18 ett
869 258 43 20 till-

79 287 93 26 räckligt
186 293 47 14 svar
253 288 27 25 på
295 286 108 26 förslaget,
420 286 42 21 kan
480 286 33 21 väl
528 286 47 21 icke
592 286 69 26 någon
677 287 130 25 granskning
823 287 6 19 i
846 286 65 27 detalj

80 316 86 21 komma
189 315 5 20 i
218 315 65 26 fråga,
300 317 51 18 utan
368 314 69 21 skulle
454 315 6 20 i
477 315 23 21 så
517 314 43 25 fall,
577 316 6 19 i
599 315 102 20 händelse
717 321 48 14 man
782 315 49 21 ville
846 314 66 21 hafva

80 350 26 16 en
122 344 137 26 formulering
275 343 23 21 af
312 343 73 26 hvarje
400 343 104 27 paragraf
517 343 72 27 skildt,
605 343 48 21 hela
669 343 102 27 förslaget
786 343 54 22 böra
856 343 56 22 åter-

79 373 122 22 remitteras
225 372 32 21 till
281 373 111 20 utskottet.
424 372 31 27 Ty
480 374 32 19 att
535 372 38 21 här
590 372 60 26 börja
665 372 115 21 formulera
796 372 62 22 dessa
873 379 38 20 pa-

80 401 95 28 ragrafer
185 401 6 20 i
203 401 218 21 öfverensstämmelse
438 401 48 20 med
503 401 35 20 det
554 401 75 25 beslut,
646 407 43 14 som
707 401 61 21 dessa
783 401 128 27 föregående

80 431 106 20 klämmar
204 429 110 26 innefatta,
331 430 42 20 kan
390 429 33 21 väl
440 430 18 25 ej
475 429 87 22 komma
577 430 6 19 i
599 429 69 27 fråga.
699 429 40 26 Jag
755 429 67 22 skulle
838 430 74 21 derför

80 459 137 25 understödja
233 458 101 26 förslaget
350 460 32 19 att
398 458 44 21 helt
458 459 40 20 och
515 458 68 21 hållet
599 458 69 21 lemna
684 460 50 19 utan
750 458 102 21 afseende
868 458 42 22 alla

78 487 82 27 förslag
175 487 31 21 till
223 486 132 28 ordalydelse
371 486 33 21 för
420 487 157 26 paragraferna.

151 550 54 21 Herr
229 549 172 27 Clouberg:
432 549 40 27 Jag
496 550 68 21 skulle
588 550 25 21 be
637 551 32 20 att
685 550 20 21 få
720 550 118 25 framhålla,
855 552 33 19 att
904 550 7 21 i

81 579 68 21 första
168 579 126 26 paragrafen
311 578 21 21 af
346 578 114 27 kejserliga
477 579 160 26 propositionen
656 579 112 26 föreligger
783 585 26 14 en
825 585 86 20 synner-

80 608 57 26 ligen
153 608 65 26 vigtig
233 606 61 28 fråga
309 613 34 15 om
360 607 54 21 huru
430 607 66 21 saken
513 607 54 21 skall
583 607 108 27 praktiskt
707 607 112 26 anordnas,
836 606 75 22 nämli-

80 642 40 20 gen
144 635 72 27 frågan
232 642 33 14 om
283 636 52 20 huru
351 636 162 21 vederbörande
530 636 127 26 tjenstemän
673 636 60 21 skola
749 636 119 20 bestämma
884 636 28 26 på

80 664 81 22 hvilket
184 664 63 27 språk
271 664 174 27 expeditionerna
468 664 62 21 skola
545 664 101 22 utfärdas.
678 664 39 27 Jag
733 664 70 22 skulle
818 664 34 22 för
867 664 44 21 min

81 693 34 21 del
131 692 56 22 finna
204 694 35 20 det
255 700 50 14 vara
321 693 52 25 skäl,
390 695 32 19 att
438 693 183 27 Borgareståndet
637 694 94 20 uttalade
747 694 33 26 sig
796 694 104 20 deröfver.

152 756 54 21 Herr
228 756 151 26 Procopé:
410 756 10 20 I
444 756 68 21 likhet
534 756 47 21 med
605 756 50 21 herr
670 756 106 26 Clouberg
792 762 62 15 anser
867 756 43 27 jag,

81 787 32 18 att
139 785 36 20 det
200 791 49 14 vore
272 784 45 21 skäl
333 787 32 18 att
381 784 69 21 uttala
467 785 33 26 sig
516 791 34 14 om
567 785 68 20 denna
652 786 67 25 punkt
735 785 38 21 och
790 785 70 20 tillika
876 790 35 15 om

82 813 47 25 den,
146 813 104 21 huruvida
265 813 36 20 det
317 813 53 20 skall
387 819 52 14 vara
456 813 164 22 underrätterna
636 813 78 21 tillåtet
729 815 32 19 att
776 813 28 27 på
819 813 93 21 svenska

80 841 88 27 språket
190 841 73 22 affatta
288 841 156 27 ransakningar
468 842 39 21 och
533 843 68 25 utslag
624 842 7 21 i
655 842 107 25 brottmål,
786 848 46 15 som
858 842 52 21 böra

81 871 114 20 öfverrätts
221 870 128 27 granskning
374 871 152 20 underställas.
559 871 47 20 Men
628 871 36 26 jag
687 877 68 20 anser,
779 873 32 18 att
834 871 77 21 sådant

81 899 71 21 kunde
167 899 37 21 ske
220 899 33 20 vid
270 899 154 26 behandlingen
441 899 24 21 af
480 899 66 21 andra
562 899 107 21 klämmen
685 899 27 27 på
727 900 39 20 sid.
785 901 31 19 12.

150 961 55 21 Herr
220 961 157 27 Ignatius:
409 962 41 26 Jag
466 962 70 21 skulle
551 962 52 27 yrka
619 962 34 26 på,
670 964 31 19 att
712 962 85 21 ståndet
808 962 102 21 särskildt

79 990 61 26 afgör
165 990 71 26 hvarje
260 990 23 21 af
304 990 61 21 dessa
390 990 106 22 klämmar
519 990 39 22 och
576 991 35 21 det
628 991 5 20 i
650 991 48 21 stöd
714 991 22 21 af
750 992 12 25 $
778 992 27 20 58
821 991 7 20 i
845 990 23 21 L.
886 990 24 22 O.

80 1018 43 22 Det
147 1018 60 22 heter
223 1019 50 21 der:
305 1019 132 27 ,Innefattar
453 1020 79 20 ärende
549 1019 54 21 flere
619 1020 65 23 delar,
700 1026 44 14 som
761 1019 18 27 ej
796 1019 115 26 lämpligen

80 1048 73 20 kunna
179 1047 6 21 i
213 1050 30 18 ett
269 1048 153 27 sammanhang
446 1048 92 26 afgöras,
565 1048 39 21 bör
626 1048 91 22 särskild
743 1048 132 27 proposition
898 1048 13 21 &

79 1075 75 27 hvarje
170 1076 33 20 del
219 1076 148 21 framställas*.
398 1077 41 25 Jag
456 1076 70 22 finner
541 1076 53 26 icke,
611 1079 32 19 att
659 1078 24 20 de
700 1077 76 23 beslut,
787 1076 60 21 hvari
857 1076 53 22 Bor-

79 1104 136 26 gareständet
239 1107 92 24 stannat,
355 1105 46 21 häri
424 1106 90 20 hindrar
530 1105 85 21 ständet
631 1108 32 18 att
679 1106 90 26 granska
785 1105 103 27 förslaget
903 1106 7 20 i

80 1133 48 21 dess
152 1133 76 21 helhet.
260 1134 67 20 Dessa
349 1134 126 26 paragrafer
490 1134 34 22 stä
540 1134 5 20 i
562 1134 23 21 sä
601 1134 132 21 omedelbart
749 1134 160 27 sammanhang,

80 1164 33 18 att
130 1162 25 20 de
170 1162 42 21 alla
228 1162 67 20 mäste
307 1162 91 26 afgöras.

149 1224 55 21 Herr
227 1224 150 27 Procop6:
407 1224 11 20 I
436 1225 41 20 den
494 1225 146 27 föreliggande
656 1225 77 26 nådiga
748 1225 160 26 propositionen

79 1252 40 21 har
142 1253 59 20 Hans
223 1253 118 26 Kejserliga
364 1253 102 27 Majestät
483 1248 12 36 ,
491 1254 69 24 velat
577 1254 92 20 inhemta
685 1254 130 21 Ständernas
831 1253 55 26 äsigt
902 1253 7 21 i

80 1283 71 19 ämnet
164 1281 79 26 jemväl
259 1282 108 27 angäende
383 1282 65 26 tiden,
466 1282 46 21 frän
530 1283 84 20 hvilken
631 1282 118 21 Ständerna
766 1283 78 26 ansäge
860 1282 26 21 de
902 1282 7 20 i

81 1311 18 24 1,
124 1311 11 19 3
159 1310 39 21 och
220 1313 12 19 4
255 1311 24 28 88
301 1311 24 20 af
346 1311 93 21 nämnda
466 1311 81 26 förslag
562 1311 88 26 intagna
665 1311 158 25 bestämningar
838 1311 73 20 kunna

77 1338 69 21 blifva
169 1339 119 26 gällande",
312 1339 39 21 och
375 1340 27 21 dä
418 1340 37 21 det
472 1340 83 21 således
571 1342 23 19 är
610 1339 59 28 fråga
685 1346 34 15 om
736 1342 32 19 att
784 1339 77 26 afgifva
877 1341 31 19 ett

77 1367 107 28 yttrande,
193 1369 24 20 är
233 1368 35 21 det
285 1369 87 20 alldeles
390 1368 139 27 öfverflödigt
544 1371 32 18 att
592 1369 48 26 ingä
656 1369 6 20 i
674 1371 96 18 närmare
780 1367 130 28 granskning

78 1396 24 21 af
116 1396 147 27 ordalydelsen
279 1397 22 20 af
317 1397 25 21 de
358 1397 69 21 skilda
442 1397 156 27 paragraferna
613 1397 7 21 i
636 1397 106 26 förslaget.

148 1459 55 21 Herr
225 1459 160 27 Ignatius:
416 1460 43 26 Jag
483 1460 38 20 ber
537 1462 32 19 att
584 1460 21 20 få
622 1460 55 20 fästa
692 1459 218 27 uppmärksamheten

78 1487 42 26 vid,
136 1490 32 18 att
184 1487 36 22 det
235 1489 24 20 är
274 1488 59 26 fräga
349 1488 47 21 icke
412 1488 78 21 endast
505 1495 35 14 om
556 1488 146 27 ordalydelsen
719 1488 39 21 och
774 1487 136 22 formulerin-

76 1521 50 21 gen,
141 1520 52 17 utan
205 1515 61 22 äfven
284 1523 33 14 om
333 1517 81 25 ganska
431 1517 81 26 vigtiga
528 1517 131 26 principiella
675 1517 77 26 frägor.
