<?xml version="1.0" encoding="UTF-8"?>
<alto xmlns="http://www.loc.gov/standards/alto/ns-v3#" xmlns:xlink="http://www.w3.org/1999/xlink" xmlns:xsi="http://www.w3.org/2001/XMLSchema-instance" xsi:schemaLocation="http://www.loc.gov/standards/alto/ns-v3# http://www.loc.gov/alto/v3/alto-3-0.xsd">
	<Description>
		<MeasurementUnit>pixel</MeasurementUnit>
		<sourceImageInformation>
			<fileName>/tmp/tess_fzve5u_i_input.PNG</fileName>
		</sourceImageInformation>
		<OCRProcessing ID="OCR_0">
			<ocrProcessingStep>
				<processingSoftware>
					<softwareName>tesseract 5.3.4</softwareName>
				</processingSoftware>
			</ocrProcessingStep>
		</OCRProcessing>
	</Description>
	<Layout>
		<Page WIDTH="1125" HEIGHT="1811" PHYSICAL_IMG_NR="0" ID="page_0">
			<PrintSpace HPOS="0" VPOS="0" WIDTH="1125" HEIGHT="1811">
				<ComposedBlock ID="cblock_0" HPOS="327" VPOS="128" WIDTH="589" HEIGHT="26">
					<TextBlock ID="block_0" HPOS="327" VPOS="128" WIDTH="589" HEIGHT="26">
						<TextLine ID="line_0" HPOS="327" VPOS="128" WIDTH="589" HEIGHT="26">
							<String ID="string_0" HPOS="327" VPOS="132" WIDTH="181" HEIGHT="22" WC="0.92" CONTENT="Borgareståndet"/><SP WIDTH="12" VPOS="132" HPOS="508"/>
							<String ID="string_1" HPOS="520" VPOS="134" WIDTH="58" HEIGHT="16" WC="0.96" CONTENT="1882."/><SP WIDTH="26" VPOS="134" HPOS="578"/>
							<String ID="string_2" HPOS="604" VPOS="133" WIDTH="27" HEIGHT="17" WC="0.96" CONTENT="30"/><SP WIDTH="12" VPOS="133" HPOS="631"/>
							<String ID="string_3" HPOS="643" VPOS="134" WIDTH="47" HEIGHT="19" WC="0.95" CONTENT="maj."/><SP WIDTH="175" VPOS="134" HPOS="690"/>
							<String ID="string_4" HPOS="865" VPOS="128" WIDTH="51" HEIGHT="20" WC="0.96" CONTENT="1677"/>
						</TextLine>
					</TextBlock>
				</ComposedBlock>
				<GraphicalElement ID="cblock_1" HPOS="87" VPOS="159" WIDTH="831" HEIGHT="10"></GraphicalElement >
				<ComposedBlock ID="cblock_2" HPOS="86" VPOS="201" WIDTH="833" HEIGHT="108">
					<TextBlock ID="block_1" HPOS="86" VPOS="201" WIDTH="833" HEIGHT="108">
						<TextLine ID="line_1" HPOS="87" VPOS="201" WIDTH="831" HEIGHT="28">
							<String ID="string_5" HPOS="87" VPOS="202" WIDTH="75" HEIGHT="27" WC="0.96" CONTENT="skapet"/><SP WIDTH="24" VPOS="202" HPOS="162"/>
							<String ID="string_6" HPOS="186" VPOS="202" WIDTH="39" HEIGHT="21" WC="0.93" CONTENT="och"/><SP WIDTH="19" VPOS="202" HPOS="225"/>
							<String ID="string_7" HPOS="244" VPOS="202" WIDTH="69" HEIGHT="21" WC="0.91" CONTENT="Adeln"/><SP WIDTH="16" VPOS="202" HPOS="313"/>
							<String ID="string_8" HPOS="329" VPOS="201" WIDTH="94" HEIGHT="24" WC="0.96" CONTENT="anhålla,"/><SP WIDTH="18" VPOS="201" HPOS="423"/>
							<String ID="string_9" HPOS="441" VPOS="201" WIDTH="36" HEIGHT="21" WC="0.95" CONTENT="det"/><SP WIDTH="15" VPOS="201" HPOS="477"/>
							<String ID="string_10" HPOS="492" VPOS="201" WIDTH="49" HEIGHT="21" WC="0.93" CONTENT="ville"/><SP WIDTH="16" VPOS="201" HPOS="541"/>
							<String ID="string_11" HPOS="557" VPOS="201" WIDTH="117" HEIGHT="27" WC="0.92" CONTENT="höglofliga"/><SP WIDTH="15" VPOS="201" HPOS="674"/>
							<String ID="string_12" HPOS="689" VPOS="201" WIDTH="87" HEIGHT="21" WC="0.96" CONTENT="ståndet"/><SP WIDTH="15" VPOS="201" HPOS="776"/>
							<String ID="string_13" HPOS="791" VPOS="202" WIDTH="127" HEIGHT="26" WC="0.96" CONTENT="bemyndiga"/>
						</TextLine>
						<TextLine ID="line_2" HPOS="88" VPOS="229" WIDTH="830" HEIGHT="27">
							<String ID="string_14" HPOS="88" VPOS="230" WIDTH="248" HEIGHT="22" WC="0.92" CONTENT="riddarhusdirektionen"/><SP WIDTH="17" VPOS="230" HPOS="336"/>
							<String ID="string_15" HPOS="353" VPOS="232" WIDTH="39" HEIGHT="21" WC="0.93" CONTENT="att,"/><SP WIDTH="16" VPOS="232" HPOS="392"/>
							<String ID="string_16" HPOS="408" VPOS="231" WIDTH="72" HEIGHT="20" WC="0.91" CONTENT="derest"/><SP WIDTH="15" VPOS="231" HPOS="480"/>
							<String ID="string_17" HPOS="495" VPOS="230" WIDTH="116" HEIGHT="21" WC="0.96" CONTENT="ständerna"/><SP WIDTH="15" VPOS="230" HPOS="611"/>
							<String ID="string_18" HPOS="626" VPOS="229" WIDTH="74" HEIGHT="23" WC="0.96" CONTENT="förena"/><SP WIDTH="15" VPOS="229" HPOS="700"/>
							<String ID="string_19" HPOS="715" VPOS="230" WIDTH="33" HEIGHT="26" WC="0.96" CONTENT="sig"/><SP WIDTH="16" VPOS="230" HPOS="748"/>
							<String ID="string_20" HPOS="764" VPOS="236" WIDTH="33" HEIGHT="14" WC="0.93" CONTENT="om"/><SP WIDTH="17" VPOS="236" HPOS="797"/>
							<String ID="string_21" HPOS="814" VPOS="230" WIDTH="104" HEIGHT="26" WC="0.92" CONTENT="Borgare-"/>
						</TextLine>
						<TextLine ID="line_3" HPOS="86" VPOS="258" WIDTH="833" HEIGHT="27">
							<String ID="string_22" HPOS="86" VPOS="260" WIDTH="98" HEIGHT="20" WC="0.92" CONTENT="ständets"/><SP WIDTH="15" VPOS="260" HPOS="184"/>
							<String ID="string_23" HPOS="199" VPOS="259" WIDTH="70" HEIGHT="21" WC="0.96" CONTENT="beslut"/><SP WIDTH="16" VPOS="259" HPOS="269"/>
							<String ID="string_24" HPOS="285" VPOS="259" WIDTH="5" HEIGHT="20" WC="0.96" CONTENT="i"/><SP WIDTH="21" VPOS="259" HPOS="290"/>
							<String ID="string_25" HPOS="311" VPOS="258" WIDTH="61" HEIGHT="27" WC="0.96" CONTENT="fråga"/><SP WIDTH="17" VPOS="258" HPOS="372"/>
							<String ID="string_26" HPOS="389" VPOS="264" WIDTH="33" HEIGHT="15" WC="0.93" CONTENT="om"/><SP WIDTH="17" VPOS="264" HPOS="422"/>
							<String ID="string_27" HPOS="439" VPOS="259" WIDTH="83" HEIGHT="21" WC="0.74" CONTENT="ivlösen"/><SP WIDTH="16" VPOS="259" HPOS="522"/>
							<String ID="string_28" HPOS="538" VPOS="258" WIDTH="23" HEIGHT="22" WC="0.96" CONTENT="af"/><SP WIDTH="14" VPOS="258" HPOS="561"/>
							<String ID="string_29" HPOS="575" VPOS="258" WIDTH="142" HEIGHT="26" WC="0.93" CONTENT="riddarhuset,"/><SP WIDTH="17" VPOS="258" HPOS="717"/>
							<String ID="string_30" HPOS="734" VPOS="258" WIDTH="185" HEIGHT="22" WC="0.92" CONTENT="öfverenskomma"/>
						</TextLine>
						<TextLine ID="line_4" HPOS="88" VPOS="287" WIDTH="698" HEIGHT="22">
							<String ID="string_31" HPOS="88" VPOS="294" WIDTH="34" HEIGHT="15" WC="0.93" CONTENT="om"/><SP WIDTH="16" VPOS="294" HPOS="122"/>
							<String ID="string_32" HPOS="138" VPOS="288" WIDTH="95" HEIGHT="21" WC="0.92" CONTENT="vilkoren"/><SP WIDTH="17" VPOS="288" HPOS="233"/>
							<String ID="string_33" HPOS="250" VPOS="287" WIDTH="33" HEIGHT="21" WC="0.96" CONTENT="för"/><SP WIDTH="15" VPOS="287" HPOS="283"/>
							<String ID="string_34" HPOS="298" VPOS="287" WIDTH="149" HEIGHT="21" WC="0.93" CONTENT="riddarhusets"/><SP WIDTH="16" VPOS="287" HPOS="447"/>
							<String ID="string_35" HPOS="463" VPOS="287" WIDTH="146" HEIGHT="21" WC="0.92" CONTENT="öfverlåtande"/><SP WIDTH="16" VPOS="287" HPOS="609"/>
							<String ID="string_36" HPOS="625" VPOS="288" WIDTH="23" HEIGHT="20" WC="0.96" CONTENT="åt"/><SP WIDTH="15" VPOS="288" HPOS="648"/>
							<String ID="string_37" HPOS="663" VPOS="287" WIDTH="123" HEIGHT="21" WC="0.96" CONTENT="ständerna."/>
						</TextLine>
					</TextBlock>
				</ComposedBlock>
				<ComposedBlock ID="cblock_3" HPOS="89" VPOS="344" WIDTH="831" HEIGHT="199">
					<TextBlock ID="block_2" HPOS="89" VPOS="344" WIDTH="831" HEIGHT="199">
						<TextLine ID="line_5" HPOS="158" VPOS="344" WIDTH="761" HEIGHT="27">
							<String ID="string_38" HPOS="158" VPOS="345" WIDTH="55" HEIGHT="20" WC="0.96" CONTENT="Herr"/><SP WIDTH="23" VPOS="345" HPOS="213"/>
							<String ID="string_39" HPOS="236" VPOS="345" WIDTH="132" HEIGHT="20" WC="0.96" CONTENT="Kurtén:"/><SP WIDTH="32" VPOS="345" HPOS="368"/>
							<String ID="string_40" HPOS="400" VPOS="344" WIDTH="44" HEIGHT="21" WC="0.95" CONTENT="För"/><SP WIDTH="19" VPOS="344" HPOS="444"/>
							<String ID="string_41" HPOS="463" VPOS="345" WIDTH="42" HEIGHT="20" WC="0.96" CONTENT="min"/><SP WIDTH="17" VPOS="345" HPOS="505"/>
							<String ID="string_42" HPOS="522" VPOS="344" WIDTH="34" HEIGHT="21" WC="0.96" CONTENT="del"/><SP WIDTH="17" VPOS="344" HPOS="556"/>
							<String ID="string_43" HPOS="573" VPOS="350" WIDTH="62" HEIGHT="15" WC="0.96" CONTENT="anser"/><SP WIDTH="13" VPOS="350" HPOS="635"/>
							<String ID="string_44" HPOS="648" VPOS="344" WIDTH="37" HEIGHT="27" WC="0.96" CONTENT="jag"/><SP WIDTH="16" VPOS="344" HPOS="685"/>
							<String ID="string_45" HPOS="701" VPOS="344" WIDTH="60" HEIGHT="21" WC="0.96" CONTENT="detta"/><SP WIDTH="15" VPOS="344" HPOS="761"/>
							<String ID="string_46" HPOS="776" VPOS="344" WIDTH="71" HEIGHT="22" WC="0.96" CONTENT="beslut"/><SP WIDTH="16" VPOS="344" HPOS="847"/>
							<String ID="string_47" HPOS="863" VPOS="346" WIDTH="56" HEIGHT="19" WC="0.96" CONTENT="ännu"/>
						</TextLine>
						<TextLine ID="line_6" HPOS="89" VPOS="372" WIDTH="830" HEIGHT="27">
							<String ID="string_48" HPOS="89" VPOS="379" WIDTH="51" HEIGHT="15" WC="0.96" CONTENT="vara"/><SP WIDTH="15" VPOS="379" HPOS="140"/>
							<String ID="string_49" HPOS="155" VPOS="373" WIDTH="130" HEIGHT="26" WC="0.96" CONTENT="bristfälligt,"/><SP WIDTH="17" VPOS="373" HPOS="285"/>
							<String ID="string_50" HPOS="302" VPOS="379" WIDTH="33" HEIGHT="14" WC="0.96" CONTENT="om"/><SP WIDTH="24" VPOS="379" HPOS="335"/>
							<String ID="string_51" HPOS="359" VPOS="379" WIDTH="49" HEIGHT="14" WC="0.96" CONTENT="man"/><SP WIDTH="16" VPOS="379" HPOS="408"/>
							<String ID="string_52" HPOS="424" VPOS="373" WIDTH="47" HEIGHT="20" WC="0.96" CONTENT="icke"/><SP WIDTH="17" VPOS="373" HPOS="471"/>
							<String ID="string_53" HPOS="488" VPOS="373" WIDTH="34" HEIGHT="20" WC="0.96" CONTENT="vill"/><SP WIDTH="18" VPOS="373" HPOS="522"/>
							<String ID="string_54" HPOS="540" VPOS="372" WIDTH="86" HEIGHT="27" WC="0.96" CONTENT="tillägga"/><SP WIDTH="16" VPOS="372" HPOS="626"/>
							<String ID="string_55" HPOS="642" VPOS="373" WIDTH="54" HEIGHT="20" WC="0.96" CONTENT="hvad"/><SP WIDTH="17" VPOS="373" HPOS="696"/>
							<String ID="string_56" HPOS="713" VPOS="373" WIDTH="69" HEIGHT="21" WC="0.96" CONTENT="denna"/><SP WIDTH="16" VPOS="373" HPOS="782"/>
							<String ID="string_57" HPOS="798" VPOS="372" WIDTH="121" HEIGHT="27" WC="0.96" CONTENT="delegation"/>
						</TextLine>
						<TextLine ID="line_7" HPOS="89" VPOS="401" WIDTH="830" HEIGHT="27">
							<String ID="string_58" HPOS="89" VPOS="403" WIDTH="40" HEIGHT="20" WC="0.96" CONTENT="bör"/><SP WIDTH="22" VPOS="403" HPOS="129"/>
							<String ID="string_59" HPOS="151" VPOS="401" WIDTH="21" HEIGHT="22" WC="0.96" CONTENT="få"/><SP WIDTH="23" VPOS="401" HPOS="172"/>
							<String ID="string_60" HPOS="195" VPOS="402" WIDTH="6" HEIGHT="20" WC="0.96" CONTENT="i"/><SP WIDTH="24" VPOS="402" HPOS="201"/>
							<String ID="string_61" HPOS="225" VPOS="402" WIDTH="106" HEIGHT="26" WC="0.96" CONTENT="uppdrag;"/><SP WIDTH="24" VPOS="402" HPOS="331"/>
							<String ID="string_62" HPOS="355" VPOS="401" WIDTH="40" HEIGHT="21" WC="0.96" CONTENT="och"/><SP WIDTH="15" VPOS="401" HPOS="395"/>
							<String ID="string_63" HPOS="410" VPOS="401" WIDTH="70" HEIGHT="22" WC="0.96" CONTENT="skulle"/><SP WIDTH="14" VPOS="401" HPOS="480"/>
							<String ID="string_64" HPOS="494" VPOS="401" WIDTH="36" HEIGHT="27" WC="0.96" CONTENT="jag"/><SP WIDTH="16" VPOS="401" HPOS="530"/>
							<String ID="string_65" HPOS="546" VPOS="401" WIDTH="83" HEIGHT="26" WC="0.96" CONTENT="föreslå,"/><SP WIDTH="15" VPOS="401" HPOS="629"/>
							<String ID="string_66" HPOS="644" VPOS="403" WIDTH="32" HEIGHT="19" WC="0.96" CONTENT="att"/><SP WIDTH="17" VPOS="403" HPOS="676"/>
							<String ID="string_67" HPOS="693" VPOS="401" WIDTH="40" HEIGHT="21" WC="0.96" CONTENT="den"/><SP WIDTH="16" VPOS="401" HPOS="733"/>
							<String ID="string_68" HPOS="749" VPOS="401" WIDTH="69" HEIGHT="22" WC="0.96" CONTENT="skulle"/><SP WIDTH="15" VPOS="401" HPOS="818"/>
							<String ID="string_69" HPOS="833" VPOS="402" WIDTH="86" HEIGHT="21" WC="0.96" CONTENT="komma"/>
						</TextLine>
						<TextLine ID="line_8" HPOS="90" VPOS="429" WIDTH="829" HEIGHT="27">
							<String ID="string_70" HPOS="90" VPOS="434" WIDTH="33" HEIGHT="17" WC="0.96" CONTENT="att"/><SP WIDTH="15" VPOS="434" HPOS="123"/>
							<String ID="string_71" HPOS="138" VPOS="430" WIDTH="126" HEIGHT="21" WC="0.88" CONTENT="införskaffa"/><SP WIDTH="17" VPOS="430" HPOS="264"/>
							<String ID="string_72" HPOS="281" VPOS="430" WIDTH="104" HEIGHT="26" WC="0.93" CONTENT="ritningar"/><SP WIDTH="15" VPOS="430" HPOS="385"/>
							<String ID="string_73" HPOS="400" VPOS="429" WIDTH="33" HEIGHT="22" WC="0.93" CONTENT="till"/><SP WIDTH="17" VPOS="429" HPOS="433"/>
							<String ID="string_74" HPOS="450" VPOS="429" WIDTH="151" HEIGHT="22" WC="0.91" CONTENT="ständerhuset"/><SP WIDTH="8" VPOS="429" HPOS="601"/>
							<String ID="string_75" HPOS="609" VPOS="443" WIDTH="26" HEIGHT="2" WC="0.91" CONTENT="—"/><SP WIDTH="9" VPOS="443" HPOS="635"/>
							<String ID="string_76" HPOS="644" VPOS="429" WIDTH="46" HEIGHT="22" WC="0.96" CONTENT="ifall"/><SP WIDTH="9" VPOS="429" HPOS="690"/>
							<String ID="string_77" HPOS="699" VPOS="430" WIDTH="105" HEIGHT="26" WC="0.93" CONTENT="nämligen"/><SP WIDTH="10" VPOS="430" HPOS="804"/>
							<String ID="string_78" HPOS="814" VPOS="430" WIDTH="105" HEIGHT="21" WC="0.92" CONTENT="öfverens-"/>
						</TextLine>
						<TextLine ID="line_9" HPOS="90" VPOS="458" WIDTH="830" HEIGHT="27">
							<String ID="string_79" HPOS="90" VPOS="459" WIDTH="115" HEIGHT="21" WC="0.91" CONTENT="kommelse"/><SP WIDTH="24" VPOS="459" HPOS="205"/>
							<String ID="string_80" HPOS="229" VPOS="459" WIDTH="48" HEIGHT="21" WC="0.93" CONTENT="med"/><SP WIDTH="23" VPOS="459" HPOS="277"/>
							<String ID="string_81" HPOS="300" VPOS="459" WIDTH="160" HEIGHT="26" WC="0.91" CONTENT="Ridderskapet"/><SP WIDTH="23" VPOS="459" HPOS="460"/>
							<String ID="string_82" HPOS="483" VPOS="459" WIDTH="41" HEIGHT="20" WC="0.93" CONTENT="och"/><SP WIDTH="22" VPOS="459" HPOS="524"/>
							<String ID="string_83" HPOS="546" VPOS="458" WIDTH="68" HEIGHT="22" WC="0.92" CONTENT="Adeln"/><SP WIDTH="23" VPOS="458" HPOS="614"/>
							<String ID="string_84" HPOS="637" VPOS="458" WIDTH="73" HEIGHT="21" WC="0.93" CONTENT="träffas"/><SP WIDTH="16" VPOS="458" HPOS="710"/>
							<String ID="string_85" HPOS="726" VPOS="471" WIDTH="28" HEIGHT="2" WC="0.90" CONTENT="—"/><SP WIDTH="15" VPOS="471" HPOS="754"/>
							<String ID="string_86" HPOS="769" VPOS="459" WIDTH="33" HEIGHT="21" WC="0.96" CONTENT="till"/><SP WIDTH="23" VPOS="459" HPOS="802"/>
							<String ID="string_87" HPOS="825" VPOS="461" WIDTH="31" HEIGHT="19" WC="0.96" CONTENT="ett"/><SP WIDTH="16" VPOS="461" HPOS="856"/>
							<String ID="string_88" HPOS="872" VPOS="458" WIDTH="48" HEIGHT="27" WC="0.96" CONTENT="fyra"/>
						</TextLine>
						<TextLine ID="line_10" HPOS="90" VPOS="487" WIDTH="830" HEIGHT="27">
							<String ID="string_89" HPOS="90" VPOS="487" WIDTH="75" HEIGHT="22" WC="0.92" CONTENT="stånds"/><SP WIDTH="22" VPOS="487" HPOS="165"/>
							<String ID="string_90" HPOS="187" VPOS="488" WIDTH="40" HEIGHT="21" WC="0.96" CONTENT="hus"/><SP WIDTH="23" VPOS="488" HPOS="227"/>
							<String ID="string_91" HPOS="250" VPOS="490" WIDTH="55" HEIGHT="19" WC="0.96" CONTENT="samt"/><SP WIDTH="16" VPOS="490" HPOS="305"/>
							<String ID="string_92" HPOS="321" VPOS="487" WIDTH="101" HEIGHT="21" WC="0.96" CONTENT="fullmakt"/><SP WIDTH="16" VPOS="487" HPOS="422"/>
							<String ID="string_93" HPOS="438" VPOS="489" WIDTH="32" HEIGHT="20" WC="0.96" CONTENT="att"/><SP WIDTH="16" VPOS="489" HPOS="470"/>
							<String ID="string_94" HPOS="486" VPOS="487" WIDTH="64" HEIGHT="22" WC="0.96" CONTENT="bland"/><SP WIDTH="16" VPOS="487" HPOS="550"/>
							<String ID="string_95" HPOS="566" VPOS="487" WIDTH="25" HEIGHT="21" WC="0.94" CONTENT="de"/><SP WIDTH="16" VPOS="487" HPOS="591"/>
							<String ID="string_96" HPOS="607" VPOS="487" WIDTH="121" HEIGHT="27" WC="0.96" CONTENT="föreslagna"/><SP WIDTH="14" VPOS="487" HPOS="728"/>
							<String ID="string_97" HPOS="742" VPOS="489" WIDTH="106" HEIGHT="20" WC="0.95" CONTENT="tomterna"/><SP WIDTH="16" VPOS="489" HPOS="848"/>
							<String ID="string_98" HPOS="864" VPOS="487" WIDTH="56" HEIGHT="26" WC="0.96" CONTENT="välja"/>
						</TextLine>
						<TextLine ID="line_11" HPOS="90" VPOS="516" WIDTH="790" HEIGHT="27">
							<String ID="string_99" HPOS="90" VPOS="517" WIDTH="39" HEIGHT="20" WC="0.96" CONTENT="och"/><SP WIDTH="16" VPOS="517" HPOS="129"/>
							<String ID="string_100" HPOS="145" VPOS="517" WIDTH="71" HEIGHT="20" WC="0.95" CONTENT="utföra"/><SP WIDTH="16" VPOS="517" HPOS="216"/>
							<String ID="string_101" HPOS="232" VPOS="516" WIDTH="83" HEIGHT="21" WC="0.96" CONTENT="arbetet"/><SP WIDTH="16" VPOS="516" HPOS="315"/>
							<String ID="string_102" HPOS="331" VPOS="517" WIDTH="100" HEIGHT="26" WC="0.96" CONTENT="antingen"/><SP WIDTH="17" VPOS="517" HPOS="431"/>
							<String ID="string_103" HPOS="448" VPOS="516" WIDTH="54" HEIGHT="21" WC="0.96" CONTENT="efter"/><SP WIDTH="17" VPOS="516" HPOS="502"/>
							<String ID="string_104" HPOS="519" VPOS="516" WIDTH="90" HEIGHT="27" WC="0.96" CONTENT="räkning"/><SP WIDTH="15" VPOS="516" HPOS="609"/>
							<String ID="string_105" HPOS="624" VPOS="516" WIDTH="52" HEIGHT="21" WC="0.96" CONTENT="eller"/><SP WIDTH="15" VPOS="516" HPOS="676"/>
							<String ID="string_106" HPOS="691" VPOS="517" WIDTH="27" HEIGHT="26" WC="0.96" CONTENT="på"/><SP WIDTH="16" VPOS="517" HPOS="718"/>
							<String ID="string_107" HPOS="734" VPOS="516" WIDTH="146" HEIGHT="27" WC="0.96" CONTENT="entreprenad."/>
						</TextLine>
					</TextBlock>
				</ComposedBlock>
				<ComposedBlock ID="cblock_4" HPOS="90" VPOS="573" WIDTH="831" HEIGHT="171">
					<TextBlock ID="block_3" HPOS="90" VPOS="573" WIDTH="831" HEIGHT="171">
						<TextLine ID="line_12" HPOS="160" VPOS="573" WIDTH="760" HEIGHT="27">
							<String ID="string_108" HPOS="160" VPOS="574" WIDTH="56" HEIGHT="21" WC="0.96" CONTENT="Herr"/><SP WIDTH="15" VPOS="574" HPOS="216"/>
							<String ID="string_109" HPOS="231" VPOS="573" WIDTH="178" HEIGHT="22" WC="0.95" CONTENT="Rönnbäck:"/><SP WIDTH="33" VPOS="573" HPOS="409"/>
							<String ID="string_110" HPOS="442" VPOS="573" WIDTH="34" HEIGHT="22" WC="0.94" CONTENT="Då"/><SP WIDTH="15" VPOS="573" HPOS="476"/>
							<String ID="string_111" HPOS="491" VPOS="580" WIDTH="29" HEIGHT="15" WC="0.96" CONTENT="nu"/><SP WIDTH="16" VPOS="580" HPOS="520"/>
							<String ID="string_112" HPOS="536" VPOS="580" WIDTH="25" HEIGHT="14" WC="0.96" CONTENT="en"/><SP WIDTH="16" VPOS="580" HPOS="561"/>
							<String ID="string_113" HPOS="577" VPOS="574" WIDTH="66" HEIGHT="21" WC="0.95" CONTENT="sådan"/><SP WIDTH="17" VPOS="574" HPOS="643"/>
							<String ID="string_114" HPOS="660" VPOS="573" WIDTH="122" HEIGHT="27" WC="0.96" CONTENT="delegation"/><SP WIDTH="16" VPOS="573" HPOS="782"/>
							<String ID="string_115" HPOS="798" VPOS="573" WIDTH="32" HEIGHT="21" WC="0.96" CONTENT="får"/><SP WIDTH="17" VPOS="573" HPOS="830"/>
							<String ID="string_116" HPOS="847" VPOS="574" WIDTH="7" HEIGHT="20" WC="0.93" CONTENT="i"/><SP WIDTH="12" VPOS="574" HPOS="854"/>
							<String ID="string_117" HPOS="866" VPOS="579" WIDTH="54" HEIGHT="20" WC="0.90" CONTENT="upp-"/>
						</TextLine>
						<TextLine ID="line_13" HPOS="90" VPOS="602" WIDTH="829" HEIGHT="28">
							<String ID="string_118" HPOS="90" VPOS="603" WIDTH="67" HEIGHT="27" WC="0.96" CONTENT="draga"/><SP WIDTH="22" VPOS="603" HPOS="157"/>
							<String ID="string_119" HPOS="179" VPOS="605" WIDTH="31" HEIGHT="19" WC="0.92" CONTENT="att"/><SP WIDTH="24" VPOS="605" HPOS="210"/>
							<String ID="string_120" HPOS="234" VPOS="603" WIDTH="67" HEIGHT="20" WC="0.92" CONTENT="inlösa"/><SP WIDTH="23" VPOS="603" HPOS="301"/>
							<String ID="string_121" HPOS="324" VPOS="603" WIDTH="144" HEIGHT="25" WC="0.96" CONTENT="riddarhuset,"/><SP WIDTH="17" VPOS="603" HPOS="468"/>
							<String ID="string_122" HPOS="485" VPOS="604" WIDTH="25" HEIGHT="19" WC="0.96" CONTENT="är"/><SP WIDTH="15" VPOS="604" HPOS="510"/>
							<String ID="string_123" HPOS="525" VPOS="603" WIDTH="37" HEIGHT="20" WC="0.96" CONTENT="det"/><SP WIDTH="15" VPOS="603" HPOS="562"/>
							<String ID="string_124" HPOS="577" VPOS="602" WIDTH="26" HEIGHT="21" WC="0.93" CONTENT="då"/><SP WIDTH="16" VPOS="602" HPOS="603"/>
							<String ID="string_125" HPOS="619" VPOS="602" WIDTH="193" HEIGHT="26" WC="0.91" CONTENT="Borgareståndets"/><SP WIDTH="17" VPOS="602" HPOS="812"/>
							<String ID="string_126" HPOS="829" VPOS="602" WIDTH="90" HEIGHT="26" WC="0.95" CONTENT="mening,"/>
						</TextLine>
						<TextLine ID="line_14" HPOS="91" VPOS="630" WIDTH="829" HEIGHT="27">
							<String ID="string_127" HPOS="91" VPOS="634" WIDTH="31" HEIGHT="18" WC="0.96" CONTENT="att"/><SP WIDTH="17" VPOS="634" HPOS="122"/>
							<String ID="string_128" HPOS="139" VPOS="632" WIDTH="35" HEIGHT="20" WC="0.96" CONTENT="det"/><SP WIDTH="15" VPOS="632" HPOS="174"/>
							<String ID="string_129" HPOS="189" VPOS="631" WIDTH="54" HEIGHT="21" WC="0.96" CONTENT="skall"/><SP WIDTH="16" VPOS="631" HPOS="243"/>
							<String ID="string_130" HPOS="259" VPOS="631" WIDTH="79" HEIGHT="21" WC="0.96" CONTENT="inlösas"/><SP WIDTH="16" VPOS="631" HPOS="338"/>
							<String ID="string_131" HPOS="354" VPOS="630" WIDTH="28" HEIGHT="27" WC="0.96" CONTENT="på"/><SP WIDTH="14" VPOS="630" HPOS="382"/>
							<String ID="string_132" HPOS="396" VPOS="630" WIDTH="74" HEIGHT="22" WC="0.96" CONTENT="hvilka"/><SP WIDTH="16" VPOS="630" HPOS="470"/>
							<String ID="string_133" HPOS="486" VPOS="631" WIDTH="69" HEIGHT="21" WC="0.96" CONTENT="vilkor"/><SP WIDTH="22" VPOS="631" HPOS="555"/>
							<String ID="string_134" HPOS="577" VPOS="637" WIDTH="45" HEIGHT="15" WC="0.95" CONTENT="som"/><SP WIDTH="17" VPOS="637" HPOS="622"/>
							<String ID="string_135" HPOS="639" VPOS="630" WIDTH="61" HEIGHT="22" WC="0.95" CONTENT="helst."/><SP WIDTH="17" VPOS="630" HPOS="700"/>
							<String ID="string_136" HPOS="717" VPOS="630" WIDTH="58" HEIGHT="22" WC="0.96" CONTENT="Skall"/><SP WIDTH="15" VPOS="630" HPOS="775"/>
							<String ID="string_137" HPOS="790" VPOS="630" WIDTH="34" HEIGHT="22" WC="0.96" CONTENT="det"/><SP WIDTH="12" VPOS="630" HPOS="824"/>
							<String ID="string_138" HPOS="836" VPOS="630" WIDTH="84" HEIGHT="25" WC="0.96" CONTENT="inlösas,"/>
						</TextLine>
						<TextLine ID="line_15" HPOS="91" VPOS="659" WIDTH="829" HEIGHT="27">
							<String ID="string_139" HPOS="91" VPOS="666" WIDTH="34" HEIGHT="15" WC="0.92" CONTENT="om"/><SP WIDTH="23" VPOS="666" HPOS="125"/>
							<String ID="string_140" HPOS="148" VPOS="660" WIDTH="36" HEIGHT="21" WC="0.92" CONTENT="det"/><SP WIDTH="15" VPOS="660" HPOS="184"/>
							<String ID="string_141" HPOS="199" VPOS="660" WIDTH="60" HEIGHT="21" WC="0.96" CONTENT="äfven"/><SP WIDTH="16" VPOS="660" HPOS="259"/>
							<String ID="string_142" HPOS="275" VPOS="660" WIDTH="74" HEIGHT="20" WC="0.96" CONTENT="kostar"/><SP WIDTH="16" VPOS="660" HPOS="349"/>
							<String ID="string_143" HPOS="365" VPOS="666" WIDTH="26" HEIGHT="14" WC="0.96" CONTENT="en"/><SP WIDTH="16" VPOS="666" HPOS="391"/>
							<String ID="string_144" HPOS="407" VPOS="659" WIDTH="74" HEIGHT="27" WC="0.96" CONTENT="miljon"/><SP WIDTH="16" VPOS="659" HPOS="481"/>
							<String ID="string_145" HPOS="497" VPOS="660" WIDTH="39" HEIGHT="20" WC="0.96" CONTENT="och"/><SP WIDTH="17" VPOS="660" HPOS="536"/>
							<String ID="string_146" HPOS="553" VPOS="659" WIDTH="65" HEIGHT="21" WC="0.96" CONTENT="saken"/><SP WIDTH="17" VPOS="659" HPOS="618"/>
							<String ID="string_147" HPOS="635" VPOS="659" WIDTH="73" HEIGHT="21" WC="0.96" CONTENT="ställas"/><SP WIDTH="16" VPOS="659" HPOS="708"/>
							<String ID="string_148" HPOS="724" VPOS="659" WIDTH="106" HEIGHT="21" WC="0.96" CONTENT="beroende"/><SP WIDTH="16" VPOS="659" HPOS="830"/>
							<String ID="string_149" HPOS="846" VPOS="659" WIDTH="74" HEIGHT="21" WC="0.96" CONTENT="endast"/>
						</TextLine>
						<TextLine ID="line_16" HPOS="90" VPOS="687" WIDTH="831" HEIGHT="28">
							<String ID="string_150" HPOS="90" VPOS="690" WIDTH="29" HEIGHT="25" WC="0.92" CONTENT="på"/><SP WIDTH="22" VPOS="690" HPOS="119"/>
							<String ID="string_151" HPOS="141" VPOS="689" WIDTH="158" HEIGHT="25" WC="0.92" CONTENT="Ridderskapet"/><SP WIDTH="23" VPOS="689" HPOS="299"/>
							<String ID="string_152" HPOS="322" VPOS="688" WIDTH="39" HEIGHT="21" WC="0.93" CONTENT="och"/><SP WIDTH="24" VPOS="688" HPOS="361"/>
							<String ID="string_153" HPOS="385" VPOS="688" WIDTH="81" HEIGHT="21" WC="0.92" CONTENT="Adelns"/><SP WIDTH="17" VPOS="688" HPOS="466"/>
							<String ID="string_154" HPOS="483" VPOS="688" WIDTH="59" HEIGHT="21" WC="0.93" CONTENT="bifall"/><SP WIDTH="17" VPOS="688" HPOS="542"/>
							<String ID="string_155" HPOS="559" VPOS="687" WIDTH="84" HEIGHT="22" WC="0.92" CONTENT="dertill?"/><SP WIDTH="30" VPOS="687" HPOS="643"/>
							<String ID="string_156" HPOS="673" VPOS="688" WIDTH="40" HEIGHT="26" WC="0.96" CONTENT="Jag"/><SP WIDTH="16" VPOS="688" HPOS="713"/>
							<String ID="string_157" HPOS="729" VPOS="688" WIDTH="37" HEIGHT="20" WC="0.96" CONTENT="ber"/><SP WIDTH="16" VPOS="688" HPOS="766"/>
							<String ID="string_158" HPOS="782" VPOS="688" WIDTH="55" HEIGHT="21" WC="0.96" CONTENT="blott"/><SP WIDTH="15" VPOS="688" HPOS="837"/>
							<String ID="string_159" HPOS="852" VPOS="690" WIDTH="32" HEIGHT="18" WC="0.96" CONTENT="att"/><SP WIDTH="16" VPOS="690" HPOS="884"/>
							<String ID="string_160" HPOS="900" VPOS="687" WIDTH="21" HEIGHT="21" WC="0.96" CONTENT="få"/>
						</TextLine>
						<TextLine ID="line_17" HPOS="91" VPOS="717" WIDTH="365" HEIGHT="27">
							<String ID="string_161" HPOS="91" VPOS="718" WIDTH="61" HEIGHT="26" WC="0.96" CONTENT="fråga"/><SP WIDTH="15" VPOS="718" HPOS="152"/>
							<String ID="string_162" HPOS="167" VPOS="724" WIDTH="33" HEIGHT="14" WC="0.96" CONTENT="om"/><SP WIDTH="17" VPOS="724" HPOS="200"/>
							<String ID="string_163" HPOS="217" VPOS="718" WIDTH="110" HEIGHT="25" WC="0.96" CONTENT="meningen"/><SP WIDTH="16" VPOS="718" HPOS="327"/>
							<String ID="string_164" HPOS="343" VPOS="718" WIDTH="24" HEIGHT="20" WC="0.96" CONTENT="är"/><SP WIDTH="16" VPOS="718" HPOS="367"/>
							<String ID="string_165" HPOS="383" VPOS="717" WIDTH="73" HEIGHT="21" WC="0.96" CONTENT="sådan."/>
						</TextLine>
					</TextBlock>
				</ComposedBlock>
				<ComposedBlock ID="cblock_5" HPOS="93" VPOS="774" WIDTH="828" HEIGHT="142">
					<TextBlock ID="block_4" HPOS="93" VPOS="774" WIDTH="828" HEIGHT="142">
						<TextLine ID="line_18" HPOS="161" VPOS="774" WIDTH="759" HEIGHT="27">
							<String ID="string_166" HPOS="161" VPOS="775" WIDTH="55" HEIGHT="20" WC="0.92" CONTENT="Herr"/><SP WIDTH="17" VPOS="775" HPOS="216"/>
							<String ID="string_167" HPOS="233" VPOS="774" WIDTH="121" HEIGHT="21" WC="0.91" CONTENT="Heikel:"/><SP WIDTH="31" VPOS="774" HPOS="354"/>
							<String ID="string_168" HPOS="385" VPOS="774" WIDTH="42" HEIGHT="21" WC="0.96" CONTENT="Det"/><SP WIDTH="16" VPOS="774" HPOS="427"/>
							<String ID="string_169" HPOS="443" VPOS="775" WIDTH="62" HEIGHT="20" WC="0.96" CONTENT="torde"/><SP WIDTH="16" VPOS="775" HPOS="505"/>
							<String ID="string_170" HPOS="521" VPOS="774" WIDTH="34" HEIGHT="21" WC="0.96" CONTENT="väl"/><SP WIDTH="15" VPOS="774" HPOS="555"/>
							<String ID="string_171" HPOS="570" VPOS="780" WIDTH="51" HEIGHT="15" WC="0.96" CONTENT="vara"/><SP WIDTH="16" VPOS="780" HPOS="621"/>
							<String ID="string_172" HPOS="637" VPOS="774" WIDTH="120" HEIGHT="27" WC="0.96" CONTENT="lämpligast"/><SP WIDTH="13" VPOS="774" HPOS="757"/>
							<String ID="string_173" HPOS="770" VPOS="776" WIDTH="32" HEIGHT="19" WC="0.96" CONTENT="att"/><SP WIDTH="11" VPOS="776" HPOS="802"/>
							<String ID="string_174" HPOS="813" VPOS="780" WIDTH="28" HEIGHT="14" WC="0.93" CONTENT="nu"/><SP WIDTH="11" VPOS="780" HPOS="841"/>
							<String ID="string_175" HPOS="852" VPOS="774" WIDTH="68" HEIGHT="20" WC="0.93" CONTENT="öfver-"/>
						</TextLine>
						<TextLine ID="line_19" HPOS="93" VPOS="802" WIDTH="827" HEIGHT="27">
							<String ID="string_176" HPOS="93" VPOS="803" WIDTH="69" HEIGHT="20" WC="0.96" CONTENT="lemna"/><SP WIDTH="16" VPOS="803" HPOS="162"/>
							<String ID="string_177" HPOS="178" VPOS="803" WIDTH="21" HEIGHT="20" WC="0.93" CONTENT="åt"/><SP WIDTH="15" VPOS="803" HPOS="199"/>
							<String ID="string_178" HPOS="214" VPOS="803" WIDTH="236" HEIGHT="21" WC="0.92" CONTENT="ständerhusutskottet"/><SP WIDTH="26" VPOS="803" HPOS="450"/>
							<String ID="string_179" HPOS="476" VPOS="805" WIDTH="32" HEIGHT="19" WC="0.94" CONTENT="att"/><SP WIDTH="22" VPOS="805" HPOS="508"/>
							<String ID="string_180" HPOS="530" VPOS="802" WIDTH="78" HEIGHT="22" WC="0.96" CONTENT="föreslå"/><SP WIDTH="15" VPOS="802" HPOS="608"/>
							<String ID="string_181" HPOS="623" VPOS="802" WIDTH="57" HEIGHT="21" WC="0.93" CONTENT="såväl"/><SP WIDTH="17" VPOS="802" HPOS="680"/>
							<String ID="string_182" HPOS="697" VPOS="803" WIDTH="159" HEIGHT="26" WC="0.91" CONTENT="delegationens"/><SP WIDTH="10" VPOS="803" HPOS="856"/>
							<String ID="string_183" HPOS="866" VPOS="808" WIDTH="54" HEIGHT="15" WC="0.92" CONTENT="sam-"/>
						</TextLine>
						<TextLine ID="line_20" HPOS="94" VPOS="831" WIDTH="827" HEIGHT="27">
							<String ID="string_184" HPOS="94" VPOS="832" WIDTH="143" HEIGHT="32" WC="0.90" CONTENT="mansättning"/><SP WIDTH="22" VPOS="832" HPOS="237"/>
							<String ID="string_185" HPOS="259" VPOS="837" WIDTH="45" HEIGHT="16" WC="0.92" CONTENT="som"/><SP WIDTH="17" VPOS="837" HPOS="304"/>
							<String ID="string_186" HPOS="321" VPOS="833" WIDTH="97" HEIGHT="25" WC="0.92" CONTENT="uppgöra"/><SP WIDTH="16" VPOS="833" HPOS="418"/>
							<String ID="string_187" HPOS="434" VPOS="837" WIDTH="25" HEIGHT="15" WC="0.96" CONTENT="en"/><SP WIDTH="17" VPOS="837" HPOS="459"/>
							<String ID="string_188" HPOS="476" VPOS="831" WIDTH="129" HEIGHT="22" WC="0.95" CONTENT="instruktion"/><SP WIDTH="16" VPOS="831" HPOS="605"/>
							<String ID="string_189" HPOS="621" VPOS="832" WIDTH="33" HEIGHT="20" WC="0.96" CONTENT="för"/><SP WIDTH="15" VPOS="832" HPOS="654"/>
							<String ID="string_190" HPOS="669" VPOS="831" WIDTH="128" HEIGHT="21" WC="0.96" CONTENT="densamma."/><SP WIDTH="31" VPOS="831" HPOS="797"/>
							<String ID="string_191" HPOS="828" VPOS="831" WIDTH="42" HEIGHT="26" WC="0.96" CONTENT="Jag"/><SP WIDTH="15" VPOS="831" HPOS="870"/>
							<String ID="string_192" HPOS="885" VPOS="831" WIDTH="36" HEIGHT="20" WC="0.95" CONTENT="vill"/>
						</TextLine>
						<TextLine ID="line_21" HPOS="93" VPOS="859" WIDTH="828" HEIGHT="28">
							<String ID="string_193" HPOS="93" VPOS="861" WIDTH="71" HEIGHT="20" WC="0.96" CONTENT="erinra"/><SP WIDTH="15" VPOS="861" HPOS="164"/>
							<String ID="string_194" HPOS="179" VPOS="860" WIDTH="48" HEIGHT="27" WC="0.96" CONTENT="mig,"/><SP WIDTH="18" VPOS="860" HPOS="227"/>
							<String ID="string_195" HPOS="245" VPOS="863" WIDTH="32" HEIGHT="18" WC="0.96" CONTENT="att"/><SP WIDTH="15" VPOS="863" HPOS="277"/>
							<String ID="string_196" HPOS="292" VPOS="860" WIDTH="65" HEIGHT="21" WC="0.93" CONTENT="redan"/><SP WIDTH="16" VPOS="860" HPOS="357"/>
							<String ID="string_197" HPOS="373" VPOS="860" WIDTH="237" HEIGHT="21" WC="0.92" CONTENT="ständerhusutskottet"/><SP WIDTH="15" VPOS="860" HPOS="610"/>
							<String ID="string_198" HPOS="625" VPOS="860" WIDTH="96" HEIGHT="21" WC="0.96" CONTENT="uttalade"/><SP WIDTH="16" VPOS="860" HPOS="721"/>
							<String ID="string_199" HPOS="737" VPOS="860" WIDTH="32" HEIGHT="27" WC="0.96" CONTENT="sig"/><SP WIDTH="16" VPOS="860" HPOS="769"/>
							<String ID="string_200" HPOS="785" VPOS="859" WIDTH="32" HEIGHT="22" WC="0.96" CONTENT="för"/><SP WIDTH="15" VPOS="859" HPOS="817"/>
							<String ID="string_201" HPOS="832" VPOS="862" WIDTH="32" HEIGHT="19" WC="0.93" CONTENT="att"/><SP WIDTH="12" VPOS="862" HPOS="864"/>
							<String ID="string_202" HPOS="876" VPOS="859" WIDTH="45" HEIGHT="21" WC="0.92" CONTENT="vid-"/>
						</TextLine>
						<TextLine ID="line_22" HPOS="93" VPOS="889" WIDTH="691" HEIGHT="27">
							<String ID="string_203" HPOS="93" VPOS="891" WIDTH="50" HEIGHT="23" WC="0.96" CONTENT="taga"/><SP WIDTH="15" VPOS="891" HPOS="143"/>
							<String ID="string_204" HPOS="158" VPOS="895" WIDTH="26" HEIGHT="15" WC="0.96" CONTENT="en"/><SP WIDTH="15" VPOS="895" HPOS="184"/>
							<String ID="string_205" HPOS="199" VPOS="889" WIDTH="65" HEIGHT="21" WC="0.96" CONTENT="sådan"/><SP WIDTH="17" VPOS="889" HPOS="264"/>
							<String ID="string_206" HPOS="281" VPOS="889" WIDTH="82" HEIGHT="27" WC="0.95" CONTENT="åtgärd,"/><SP WIDTH="17" VPOS="889" HPOS="363"/>
							<String ID="string_207" HPOS="380" VPOS="889" WIDTH="24" HEIGHT="20" WC="0.96" CONTENT="så"/><SP WIDTH="14" VPOS="889" HPOS="404"/>
							<String ID="string_208" HPOS="418" VPOS="891" WIDTH="62" HEIGHT="18" WC="0.96" CONTENT="snart"/><SP WIDTH="16" VPOS="891" HPOS="480"/>
							<String ID="string_209" HPOS="496" VPOS="889" WIDTH="82" HEIGHT="27" WC="0.95" CONTENT="platsen"/><SP WIDTH="17" VPOS="889" HPOS="578"/>
							<String ID="string_210" HPOS="595" VPOS="889" WIDTH="69" HEIGHT="20" WC="0.95" CONTENT="blifvit"/><SP WIDTH="16" VPOS="889" HPOS="664"/>
							<String ID="string_211" HPOS="680" VPOS="889" WIDTH="104" HEIGHT="21" WC="0.95" CONTENT="bestämd."/>
						</TextLine>
					</TextBlock>
				</ComposedBlock>
				<ComposedBlock ID="cblock_6" HPOS="92" VPOS="945" WIDTH="830" HEIGHT="56">
					<TextBlock ID="block_5" HPOS="92" VPOS="945" WIDTH="830" HEIGHT="56">
						<TextLine ID="line_23" HPOS="164" VPOS="945" WIDTH="758" HEIGHT="27">
							<String ID="string_212" HPOS="164" VPOS="946" WIDTH="55" HEIGHT="20" WC="0.95" CONTENT="Herr"/><SP WIDTH="22" VPOS="946" HPOS="219"/>
							<String ID="string_213" HPOS="241" VPOS="946" WIDTH="135" HEIGHT="20" WC="0.96" CONTENT="Kurtén:"/><SP WIDTH="31" VPOS="946" HPOS="376"/>
							<String ID="string_214" HPOS="407" VPOS="946" WIDTH="42" HEIGHT="26" WC="0.92" CONTENT="Jag"/><SP WIDTH="23" VPOS="946" HPOS="449"/>
							<String ID="string_215" HPOS="472" VPOS="946" WIDTH="67" HEIGHT="21" WC="0.90" CONTENT="afstår"/><SP WIDTH="23" VPOS="946" HPOS="539"/>
							<String ID="string_216" HPOS="562" VPOS="945" WIDTH="45" HEIGHT="21" WC="0.96" CONTENT="från"/><SP WIDTH="17" VPOS="945" HPOS="607"/>
							<String ID="string_217" HPOS="624" VPOS="946" WIDTH="47" HEIGHT="21" WC="0.96" CONTENT="mitt"/><SP WIDTH="16" VPOS="946" HPOS="671"/>
							<String ID="string_218" HPOS="687" VPOS="946" WIDTH="79" HEIGHT="26" WC="0.95" CONTENT="förslag"/><SP WIDTH="16" VPOS="946" HPOS="766"/>
							<String ID="string_219" HPOS="782" VPOS="946" WIDTH="39" HEIGHT="21" WC="0.96" CONTENT="och"/><SP WIDTH="15" VPOS="946" HPOS="821"/>
							<String ID="string_220" HPOS="836" VPOS="945" WIDTH="86" HEIGHT="21" WC="0.95" CONTENT="förenar"/>
						</TextLine>
						<TextLine ID="line_24" HPOS="92" VPOS="974" WIDTH="495" HEIGHT="27">
							<String ID="string_221" HPOS="92" VPOS="974" WIDTH="44" HEIGHT="27" WC="0.96" CONTENT="mig"/><SP WIDTH="16" VPOS="974" HPOS="136"/>
							<String ID="string_222" HPOS="152" VPOS="981" WIDTH="32" HEIGHT="14" WC="0.95" CONTENT="om"/><SP WIDTH="17" VPOS="981" HPOS="184"/>
							<String ID="string_223" HPOS="201" VPOS="974" WIDTH="36" HEIGHT="21" WC="0.95" CONTENT="det"/><SP WIDTH="16" VPOS="974" HPOS="237"/>
							<String ID="string_224" HPOS="253" VPOS="974" WIDTH="22" HEIGHT="21" WC="0.96" CONTENT="af"/><SP WIDTH="14" VPOS="974" HPOS="275"/>
							<String ID="string_225" HPOS="289" VPOS="974" WIDTH="48" HEIGHT="21" WC="0.93" CONTENT="herr"/><SP WIDTH="16" VPOS="974" HPOS="337"/>
							<String ID="string_226" HPOS="353" VPOS="974" WIDTH="77" HEIGHT="21" WC="0.93" CONTENT="Heikel"/><SP WIDTH="16" VPOS="974" HPOS="430"/>
							<String ID="string_227" HPOS="446" VPOS="974" WIDTH="141" HEIGHT="21" WC="0.96" CONTENT="framställda."/>
						</TextLine>
					</TextBlock>
				</ComposedBlock>
				<ComposedBlock ID="cblock_7" HPOS="92" VPOS="1030" WIDTH="830" HEIGHT="86">
					<TextBlock ID="block_6" HPOS="92" VPOS="1030" WIDTH="830" HEIGHT="86">
						<TextLine ID="line_25" HPOS="162" VPOS="1030" WIDTH="760" HEIGHT="28">
							<String ID="string_228" HPOS="162" VPOS="1031" WIDTH="89" HEIGHT="22" WC="0.91" CONTENT="Ståndet"/><SP WIDTH="23" VPOS="1031" HPOS="251"/>
							<String ID="string_229" HPOS="274" VPOS="1031" WIDTH="113" HEIGHT="27" WC="0.96" CONTENT="godkände"/><SP WIDTH="23" VPOS="1031" HPOS="387"/>
							<String ID="string_230" HPOS="410" VPOS="1032" WIDTH="61" HEIGHT="20" WC="0.96" CONTENT="detta"/><SP WIDTH="19" VPOS="1032" HPOS="471"/>
							<String ID="string_231" HPOS="490" VPOS="1031" WIDTH="50" HEIGHT="21" WC="0.92" CONTENT="herr"/><SP WIDTH="15" VPOS="1031" HPOS="540"/>
							<String ID="string_232" HPOS="555" VPOS="1031" WIDTH="88" HEIGHT="21" WC="0.91" CONTENT="Heikels"/><SP WIDTH="12" VPOS="1031" HPOS="643"/>
							<String ID="string_233" HPOS="655" VPOS="1031" WIDTH="86" HEIGHT="27" WC="0.96" CONTENT="förslag,"/><SP WIDTH="17" VPOS="1031" HPOS="741"/>
							<String ID="string_234" HPOS="758" VPOS="1031" WIDTH="38" HEIGHT="21" WC="0.93" CONTENT="och"/><SP WIDTH="17" VPOS="1031" HPOS="796"/>
							<String ID="string_235" HPOS="813" VPOS="1030" WIDTH="109" HEIGHT="22" WC="0.91" CONTENT="öfverlem-"/>
						</TextLine>
						<TextLine ID="line_26" HPOS="92" VPOS="1059" WIDTH="830" HEIGHT="27">
							<String ID="string_236" HPOS="92" VPOS="1060" WIDTH="66" HEIGHT="21" WC="0.90" CONTENT="nades"/><SP WIDTH="22" VPOS="1060" HPOS="158"/>
							<String ID="string_237" HPOS="180" VPOS="1060" WIDTH="83" HEIGHT="21" WC="0.96" CONTENT="således"/><SP WIDTH="24" VPOS="1060" HPOS="263"/>
							<String ID="string_238" HPOS="287" VPOS="1060" WIDTH="21" HEIGHT="21" WC="0.95" CONTENT="åt"/><SP WIDTH="23" VPOS="1060" HPOS="308"/>
							<String ID="string_239" HPOS="331" VPOS="1060" WIDTH="107" HEIGHT="21" WC="0.95" CONTENT="utskottet"/><SP WIDTH="17" VPOS="1060" HPOS="438"/>
							<String ID="string_240" HPOS="455" VPOS="1062" WIDTH="33" HEIGHT="19" WC="0.96" CONTENT="att"/><SP WIDTH="15" VPOS="1062" HPOS="488"/>
							<String ID="string_241" HPOS="503" VPOS="1060" WIDTH="108" HEIGHT="21" WC="0.94" CONTENT="inkomma"/><SP WIDTH="16" VPOS="1060" HPOS="611"/>
							<String ID="string_242" HPOS="627" VPOS="1060" WIDTH="47" HEIGHT="21" WC="0.94" CONTENT="med"/><SP WIDTH="17" VPOS="1060" HPOS="674"/>
							<String ID="string_243" HPOS="691" VPOS="1060" WIDTH="79" HEIGHT="26" WC="0.94" CONTENT="förslag"/><SP WIDTH="16" VPOS="1060" HPOS="770"/>
							<String ID="string_244" HPOS="786" VPOS="1066" WIDTH="34" HEIGHT="15" WC="0.92" CONTENT="om"/><SP WIDTH="17" VPOS="1066" HPOS="820"/>
							<String ID="string_245" HPOS="837" VPOS="1059" WIDTH="85" HEIGHT="27" WC="0.90" CONTENT="delega-"/>
						</TextLine>
						<TextLine ID="line_27" HPOS="92" VPOS="1089" WIDTH="692" HEIGHT="27">
							<String ID="string_246" HPOS="92" VPOS="1089" WIDTH="84" HEIGHT="21" WC="0.90" CONTENT="tionens"/><SP WIDTH="16" VPOS="1089" HPOS="176"/>
							<String ID="string_247" HPOS="192" VPOS="1089" WIDTH="192" HEIGHT="27" WC="0.96" CONTENT="sammansättning"/><SP WIDTH="14" VPOS="1089" HPOS="384"/>
							<String ID="string_248" HPOS="398" VPOS="1091" WIDTH="56" HEIGHT="19" WC="0.96" CONTENT="samt"/><SP WIDTH="16" VPOS="1091" HPOS="454"/>
							<String ID="string_249" HPOS="470" VPOS="1089" WIDTH="131" HEIGHT="21" WC="0.96" CONTENT="instruktion"/><SP WIDTH="11" VPOS="1089" HPOS="601"/>
							<String ID="string_250" HPOS="612" VPOS="1089" WIDTH="33" HEIGHT="21" WC="0.96" CONTENT="för"/><SP WIDTH="11" VPOS="1089" HPOS="645"/>
							<String ID="string_251" HPOS="656" VPOS="1089" WIDTH="128" HEIGHT="21" WC="0.95" CONTENT="densamma."/>
						</TextLine>
					</TextBlock>
				</ComposedBlock>
				<ComposedBlock ID="cblock_8" HPOS="92" VPOS="1219" WIDTH="831" HEIGHT="51">
					<TextBlock ID="block_7" HPOS="92" VPOS="1219" WIDTH="831" HEIGHT="51">
						<TextLine ID="line_28" HPOS="162" VPOS="1219" WIDTH="761" HEIGHT="28">
							<String ID="string_252" HPOS="162" VPOS="1219" WIDTH="40" HEIGHT="22" WC="0.96" CONTENT="Till"/><SP WIDTH="20" VPOS="1219" HPOS="202"/>
							<String ID="string_253" HPOS="222" VPOS="1220" WIDTH="106" HEIGHT="27" WC="0.93" CONTENT="justering"/><SP WIDTH="25" VPOS="1220" HPOS="328"/>
							<String ID="string_254" HPOS="353" VPOS="1220" WIDTH="111" HEIGHT="27" WC="0.92" CONTENT="upplästes"/><SP WIDTH="23" VPOS="1220" HPOS="464"/>
							<String ID="string_255" HPOS="487" VPOS="1220" WIDTH="198" HEIGHT="27" WC="0.92" CONTENT="protokollsutdrag"/><SP WIDTH="22" VPOS="1220" HPOS="685"/>
							<String ID="string_256" HPOS="707" VPOS="1220" WIDTH="33" HEIGHT="21" WC="0.93" CONTENT="för"/><SP WIDTH="24" VPOS="1220" HPOS="740"/>
							<String ID="string_257" HPOS="764" VPOS="1219" WIDTH="159" HEIGHT="27" WC="0.90" CONTENT="förmiddagens"/>
						</TextLine>
						<TextLine ID="line_29" HPOS="92" VPOS="1249" WIDTH="165" HEIGHT="21">
							<String ID="string_258" HPOS="92" VPOS="1249" WIDTH="165" HEIGHT="21" WC="0.95" CONTENT="sammanträde."/>
						</TextLine>
					</TextBlock>
				</ComposedBlock>
				<ComposedBlock ID="cblock_9" HPOS="93" VPOS="1379" WIDTH="832" HEIGHT="86">
					<TextBlock ID="block_8" HPOS="93" VPOS="1379" WIDTH="832" HEIGHT="86">
						<TextLine ID="line_30" HPOS="163" VPOS="1379" WIDTH="762" HEIGHT="29">
							<String ID="string_259" HPOS="163" VPOS="1381" WIDTH="136" HEIGHT="26" WC="0.95" CONTENT="Justeringen"/><SP WIDTH="24" VPOS="1381" HPOS="299"/>
							<String ID="string_260" HPOS="323" VPOS="1381" WIDTH="21" HEIGHT="21" WC="0.93" CONTENT="af"/><SP WIDTH="23" VPOS="1381" HPOS="344"/>
							<String ID="string_261" HPOS="367" VPOS="1381" WIDTH="227" HEIGHT="27" WC="0.92" CONTENT="protokollsutdragen"/><SP WIDTH="24" VPOS="1381" HPOS="594"/>
							<String ID="string_262" HPOS="618" VPOS="1381" WIDTH="33" HEIGHT="21" WC="0.95" CONTENT="för"/><SP WIDTH="23" VPOS="1381" HPOS="651"/>
							<String ID="string_263" HPOS="674" VPOS="1381" WIDTH="59" HEIGHT="21" WC="0.96" CONTENT="detta"/><SP WIDTH="23" VPOS="1381" HPOS="733"/>
							<String ID="string_264" HPOS="756" VPOS="1381" WIDTH="85" HEIGHT="26" WC="0.96" CONTENT="plenum"/><SP WIDTH="16" VPOS="1381" HPOS="841"/>
							<String ID="string_265" HPOS="857" VPOS="1379" WIDTH="68" HEIGHT="22" WC="0.96" CONTENT="skulle"/>
						</TextLine>
						<TextLine ID="line_31" HPOS="93" VPOS="1409" WIDTH="832" HEIGHT="27">
							<String ID="string_266" HPOS="93" VPOS="1415" WIDTH="41" HEIGHT="21" WC="0.91" CONTENT="ega"/><SP WIDTH="16" VPOS="1415" HPOS="134"/>
							<String ID="string_267" HPOS="150" VPOS="1415" WIDTH="45" HEIGHT="15" WC="0.96" CONTENT="rum"/><SP WIDTH="16" VPOS="1415" HPOS="195"/>
							<String ID="string_268" HPOS="211" VPOS="1410" WIDTH="28" HEIGHT="26" WC="0.96" CONTENT="på"/><SP WIDTH="15" VPOS="1410" HPOS="239"/>
							<String ID="string_269" HPOS="254" VPOS="1416" WIDTH="80" HEIGHT="15" WC="0.96" CONTENT="samma"/><SP WIDTH="16" VPOS="1416" HPOS="334"/>
							<String ID="string_270" HPOS="350" VPOS="1412" WIDTH="44" HEIGHT="19" WC="0.96" CONTENT="sätt"/><SP WIDTH="15" VPOS="1412" HPOS="394"/>
							<String ID="string_271" HPOS="409" VPOS="1416" WIDTH="46" HEIGHT="15" WC="0.95" CONTENT="som"/><SP WIDTH="18" VPOS="1416" HPOS="455"/>
							<String ID="string_272" HPOS="473" VPOS="1410" WIDTH="34" HEIGHT="21" WC="0.95" CONTENT="vid"/><SP WIDTH="17" VPOS="1410" HPOS="507"/>
							<String ID="string_273" HPOS="524" VPOS="1413" WIDTH="83" HEIGHT="18" WC="0.96" CONTENT="senaste"/><SP WIDTH="16" VPOS="1413" HPOS="607"/>
							<String ID="string_274" HPOS="623" VPOS="1411" WIDTH="158" HEIGHT="20" WC="0.94" CONTENT="sammanträde"/><SP WIDTH="17" VPOS="1411" HPOS="781"/>
							<String ID="string_275" HPOS="798" VPOS="1409" WIDTH="80" HEIGHT="21" WC="0.92" CONTENT="beslöts"/><SP WIDTH="11" VPOS="1409" HPOS="878"/>
							<String ID="string_276" HPOS="889" VPOS="1409" WIDTH="36" HEIGHT="20" WC="0.92" CONTENT="be-"/>
						</TextLine>
						<TextLine ID="line_32" HPOS="95" VPOS="1437" WIDTH="588" HEIGHT="28">
							<String ID="string_277" HPOS="95" VPOS="1437" WIDTH="104" HEIGHT="22" WC="0.93" CONTENT="träffande"/><SP WIDTH="16" VPOS="1437" HPOS="199"/>
							<String ID="string_278" HPOS="215" VPOS="1445" WIDTH="25" HEIGHT="14" WC="0.96" CONTENT="en"/><SP WIDTH="17" VPOS="1445" HPOS="240"/>
							<String ID="string_279" HPOS="257" VPOS="1438" WIDTH="33" HEIGHT="22" WC="0.96" CONTENT="del"/><SP WIDTH="16" VPOS="1438" HPOS="290"/>
							<String ID="string_280" HPOS="306" VPOS="1438" WIDTH="27" HEIGHT="21" WC="0.96" CONTENT="då"/><SP WIDTH="16" VPOS="1438" HPOS="333"/>
							<String ID="string_281" HPOS="349" VPOS="1439" WIDTH="114" HEIGHT="21" WC="0.93" CONTENT="tillkomna"/><SP WIDTH="16" VPOS="1439" HPOS="463"/>
							<String ID="string_282" HPOS="479" VPOS="1439" WIDTH="204" HEIGHT="26" WC="0.91" CONTENT="protokollsutdrag."/>
						</TextLine>
					</TextBlock>
				</ComposedBlock>
			</PrintSpace>
		</Page>
	</Layout>
</alto>
