1125 1811
321 122 183 22 Borgareståndet
517 124 58 17 1882.
601 124 25 17 27
638 124 48 20 maj.
864 119 54 21 1603

85 193 67 23 mark,
168 194 69 20 säsom
252 193 37 27 jag
305 192 65 26 enligt
387 193 55 20 1880
458 193 36 20 ärs
510 192 117 26 beräkning
643 192 36 21 vill
690 192 101 27 päminna
802 192 48 27 mig.
878 194 39 20 Om

85 221 131 27 Björneborg
231 234 28 2 —
273 221 81 21 hvilket
367 221 37 27 jag
420 227 64 15 anser
500 221 40 21 den
556 224 51 18 utan
623 221 108 25 svärighet
747 221 70 21 kunde
828 223 51 24 göra
890 234 26 2 —

86 250 68 22 skulle
169 250 60 21 anslå
246 251 9 19 1
268 250 28 26 9%/,
312 250 23 20 af
348 250 70 20 denna
434 256 84 14 summa
533 250 32 20 till
582 249 137 22 anskaftande
735 249 25 21 af
768 249 103 27 behöfligt
880 256 38 14 an-

86 278 200 27 läggningskapital,
302 278 69 22 skulle
384 278 92 22 sälunda
491 278 72 21 kunna
579 278 160 22 ästadkommas
758 279 88 25 115,000
858 278 59 21 mark

86 313 34 15 om
144 307 51 25 äret,
219 307 85 21 hvilken
326 313 82 15 summa
425 307 39 20 har
481 313 25 14 en
522 307 60 20 stark
597 307 89 20 tendens
703 309 32 18 att
750 307 61 26 stiga,
828 307 38 21 och
882 313 35 20 ge-

87 342 48 15 nom
164 335 200 22 ästadkommandet
389 335 22 21 af
430 335 231 27 jernvägsförbindelse
685 335 68 21 skulle
776 337 50 24 göra
850 336 36 21 det
911 335 6 21 i

86 365 84 26 mycket
190 364 43 27 hög
255 364 59 27 grad.
345 364 39 21 Att
407 365 47 20 med
473 370 25 14 en
516 363 180 22 statssubvention
713 364 22 21 af
749 364 28 27 1/,
794 364 22 21 af
830 365 88 25 anlägg-

87 393 180 26 ningskostnaden
284 392 38 21 och
339 393 47 20 med
402 393 57 20 hvad
476 392 122 21 landsorten
615 392 97 27 möjligen
725 393 70 20 kunde
807 393 110 26 tillskjuta,

86 421 80 22 hvilket
186 422 36 26 jag
245 422 18 26 ej
280 421 41 21 kan
337 421 98 24 bedöma,
452 421 150 21 åstadkomma
617 427 24 14 en
656 421 97 26 jernväg,
769 428 62 14 anser
844 422 37 27 jag
896 421 20 27 ej

88 451 56 26 ligga
167 450 56 21 inom
245 449 161 28 omöjlighetens
428 449 96 22 omräde.
555 449 48 21 Men
624 450 37 26 jag
682 449 34 21 vill
733 450 53 21 dock
803 450 115 26 ingalunda

88 480 101 19 motsätta
209 479 42 26 mig
267 481 31 19 ett
313 478 65 27 högre
394 479 82 26 anslag,
491 478 45 21 ifall
552 479 181 26 Borgareständet
749 479 67 21 skulle
832 479 86 21 förorda

88 509 31 19 ett
141 507 81 22 sådant.
254 507 115 26 Företaget
392 507 40 20 blir
448 507 123 24 derigenom
588 507 23 21 sä
627 507 84 26 mycket
726 507 86 21 säkrare
829 507 39 21 och
881 508 37 26 jag

88 542 62 15 anser
166 536 58 21 detta
239 542 50 15 vara
305 535 22 21 af
341 539 45 18 stor
401 536 51 26 vigt.
484 535 88 22 Utöfver
588 536 79 21 hälften
685 536 23 20 af
717 536 199 27 anläggningskost-

88 565 93 21 naderna
203 564 67 22 skulle
296 565 34 26 jag
353 565 54 20 dock
428 565 19 26 ej
471 564 51 27 vilja
540 564 85 21 förorda
641 565 101 25 anslaget,
760 567 22 24 ty
798 565 68 20 skuile
882 564 36 21 det

88 593 100 21 behöfvas
211 600 58 14 mera
291 599 62 15 anser
373 593 36 26 jag
432 593 37 21 det
485 599 51 15 vara
551 593 94 26 klokare,
663 595 32 19 att
711 596 70 18 staten
798 593 26 21 dä
839 593 79 27 bygger

88 621 69 22 banan
174 622 54 26 sjelf.

158 679 55 21 Herr
229 679 172 21 Snellman:
415 678 76 22 Säsom
506 678 39 22 den
558 681 84 19 senaste
653 679 84 21 talaren
750 679 65 21 redan
827 679 92 21 nämnde

88 708 55 20 hade
167 708 105 21 utskottet
293 707 68 26 tänkt,
383 709 32 19 att
438 707 123 26 byggandet
583 707 22 21 af
622 708 25 20 de
664 708 96 26 bibanor,
776 714 44 14 som
837 714 28 14 nu
881 709 37 19 äro

88 736 120 26 föreslagna
231 736 58 21 såväl
312 736 31 21 till
366 736 72 21 Kotka
462 742 45 14 som
531 736 46 20 från
600 736 133 26 Björneborg
748 736 31 21 till
796 736 121 26 Loimijoki,

88 764 93 22 särdeles
205 765 47 21 med
275 764 80 22 fästadt
379 764 99 21 afseende
502 765 27 26 pä
544 765 254 26 terrängförhällandena,
815 765 17 26 ej
849 765 69 21 skulle

90 793 70 26 uppgä
176 793 30 20 till
223 800 58 14 mera
298 795 25 19 än
339 793 79 24 45,000
434 793 61 20 mark
508 799 38 20 per
562 796 61 18 verst.
655 793 32 21 Dä
703 793 167 26 petitionärerne
886 793 34 21 för

88 822 151 26 Björneborg—
250 821 182 27 Loimijokibanan
448 821 20 27 ej
484 824 74 18 nämnt
574 822 53 21 huru
643 824 56 19 stort
715 821 75 27 belopp
802 822 26 21 de
839 822 79 25 ansägo

88 850 129 27 nödvändigt
241 851 32 20 för
296 853 32 18 att
351 850 20 21 fä
396 850 70 21 banan
490 850 32 21 till
546 851 69 23 ständ,
638 857 46 14 men
710 851 96 20 deremot
822 857 47 14 man
885 851 33 20 för

88 879 143 21 Kotkabanan
246 879 55 21 hade
316 879 75 26 begärt
407 881 31 19 ett
455 879 77 27 belopp
549 880 149 20 motsvarande
717 880 75 24 15,000
808 879 60 21 mark
880 885 38 21 per

89 910 63 22 verst,
168 910 75 24 antogs
259 908 6 20 i
281 908 106 20 utskottet
402 909 40 23 att,
459 908 5 20 i
482 908 141 20 betraktande
639 907 24 21 af
672 908 25 20 de
707 908 153 26 jemförelsevis
872 908 45 21 rika

89 936 39 21 och
144 936 89 26 bördiga
248 936 82 21 trakter
338 936 349 27 Björneborg-—-Loimijokibanan
707 936 67 21 skulle
784 936 133 26 genomlöpa,

89 964 59 21 äfven
173 965 68 21 denna
265 965 55 21 bana
339 964 71 21 kunde
426 964 84 21 utföras
526 965 47 20 med
589 971 25 14 en
631 965 58 27 dylik
706 966 131 20 subvention.
868 965 50 21 Men

89 993 27 21 dä
139 993 23 21 af
183 996 174 24 representanten
377 993 33 21 för
426 993 133 27 Björneborg
574 994 89 25 anförts,
680 996 32 18 att
729 994 68 20 banan
814 994 18 26 ej
849 994 69 20 skulle

89 1022 85 20 komma
189 1022 33 20 till
245 1022 61 21 ständ
327 1022 49 21 med
391 1024 30 18 ett
437 1023 23 19 sä
477 1022 60 26 ringa
553 1022 74 27 anslag
642 1022 38 21 och
695 1022 36 28 jag
747 1024 25 19 är
787 1022 130 27 öfvertygad,

90 1052 32 19 att
136 1053 70 19 staten
223 1051 52 21 skall
292 1050 63 22 hafva
371 1053 44 18 stor
430 1050 59 21 säväl
507 1051 69 20 direkt
591 1056 44 16 som
660 1051 94 21 indirekt
770 1053 60 25 nyttä
845 1051 23 21 af
883 1051 34 21 ba-

89 1085 41 14 nan
154 1079 60 21 äfven
239 1086 33 14 om
295 1082 69 18 staten
387 1079 118 26 medgifver
528 1081 30 19 ett
575 1079 64 24 högre
656 1080 79 26 anslag,
752 1079 34 21 vill
804 1080 64 20 också
881 1080 37 26 jag

89 1108 86 20 förorda
191 1114 24 14 en
231 1108 126 21 subvention
373 1108 23 20 af
410 1108 82 20 hälften
508 1108 46 20 utaf
568 1108 264 27 anläggningskostnaden.

158 1164 55 22 Herr
229 1165 125 21 Heikel:
377 1164 41 28 Jag
440 1164 38 22 ber
494 1165 45 21 helt
555 1166 71 20 enkelt
643 1168 32 18 att
691 1166 21 20 fä
728 1166 138 26 understödja
882 1172 35 14 an-

88 1194 101 23 tagandet
212 1193 21 21 af
255 1194 68 20 denna
346 1193 64 20 kläm.
441 1194 62 20 Dock
522 1194 39 21 har
573 1194 38 26 jag
626 1194 53 21 intet
695 1198 63 21 emot,
775 1197 31 18 att
822 1194 96 26 anslaget

88 1221 99 26 förhöjes,
211 1221 27 27 pä
261 1224 43 19 sätt
327 1222 21 21 af
368 1222 107 21 särskilde
499 1222 67 21 talare
589 1222 125 27 föreslagits.
747 1223 48 21 Men
816 1223 37 26 jag
868 1222 49 21 ville

88 1249 54 22 fästa
160 1250 216 27 uppmärksamheten
397 1251 34 20 vid
449 1251 65 26 några
530 1251 44 25 ord,
590 1257 44 14 som
652 1251 39 21 här
707 1251 139 21 förekomma.
876 1251 42 20 Det

87 1278 61 21 heter
163 1279 105 26 nämligen
285 1282 45 23 ,att
346 1279 122 21 Ständerna
483 1280 66 20 måtte
558 1280 47 20 med
621 1280 68 21 vilkor
700 1280 39 21 och
749 1279 111 25 förbehåll,
871 1286 45 14 som

87 1306 63 22 ofvan
175 1307 113 22 förefinnas
308 1308 104 26 angifna%.
445 1308 65 21 Detta
526 1309 37 20 ord
581 1308 136 24 ,ofvanföre*
735 1309 67 26 syftar
817 1309 38 20 här
870 1308 47 21 icke

87 1335 56 21 blott
166 1336 27 25 pä
215 1339 47 19 näst
283 1336 129 27 föregående
434 1339 80 24 stycke,
532 1340 50 18 utan
599 1337 60 21 äfven
676 1338 27 25 pä
719 1337 47 22 hela
782 1337 134 25 inledningen

87 1364 32 21 tili
143 1364 59 21 detta
225 1365 140 25 betänkande,
390 1365 63 21 hvars
470 1365 173 22 hufvudinnehäll
659 1365 67 22 finnes
743 1365 175 22 sammanfattadt

87 1393 6 20 i
110 1393 67 21 första
199 1394 82 26 stycket
304 1395 27 26 på
353 1400 46 20 pag.
418 1395 34 20 94.
485 1394 45 21 Mot
552 1394 55 21 hvad
631 1395 38 20 der
684 1397 60 23 säges
760 1394 39 21 har
811 1394 38 27 jag
864 1395 54 20 intet

88 1424 32 19 att
143 1423 108 26 anmärka,
270 1429 48 14 men
333 1429 70 18 anser,
420 1425 32 18 att
469 1429 25 14 en
510 1423 124 26 ytterligare
650 1423 133 27 bestämning
798 1423 68 21 skulle
882 1423 35 20 be-

86 1450 75 21 höfvas
177 1451 5 19 i
199 1451 36 21 det
250 1451 60 27 syfte,
335 1457 44 15 som
395 1451 107 21 utskottet
518 1451 106 27 föreslagit
643 1452 132 20 beträffande
791 1451 126 21 subvention

86 1478 32 22 till
140 1478 148 22 Kotkabanan.
319 1480 31 20 På
372 1486 48 20 pag.
437 1480 27 20 36
488 1482 62 24 säger
564 1480 105 25 nämligen
686 1480 115 21 utskottet:
834 1496 4 9 ,
839 1480 78 25 Sedan

86 1507 73 21 Kotka
181 1508 47 21 stad
252 1508 51 21 eller
326 1510 31 19 ett
382 1508 70 26 privat
477 1508 63 26 bolag
562 1508 112 21 förskaffat
697 1509 32 26 sig
745 1509 123 20 koncession
885 1509 33 20 för
