<?xml version="1.0" encoding="UTF-8"?>
<alto xmlns="http://www.loc.gov/standards/alto/ns-v3#" xmlns:xlink="http://www.w3.org/1999/xlink" xmlns:xsi="http://www.w3.org/2001/XMLSchema-instance" xsi:schemaLocation="http://www.loc.gov/standards/alto/ns-v3# http://www.loc.gov/alto/v3/alto-3-0.xsd">
	<Description>
		<MeasurementUnit>pixel</MeasurementUnit>
		<sourceImageInformation>
			<fileName>/tmp/tess_2fe0x6oa_input.PNG</fileName>
		</sourceImageInformation>
		<OCRProcessing ID="OCR_0">
			<ocrProcessingStep>
				<processingSoftware>
					<softwareName>tesseract 5.3.4</softwareName>
				</processingSoftware>
			</ocrProcessingStep>
		</OCRProcessing>
	</Description>
	<Layout>
		<Page WIDTH="1125" HEIGHT="1811" PHYSICAL_IMG_NR="0" ID="page_0">
			<PrintSpace HPOS="0" VPOS="0" WIDTH="1125" HEIGHT="1811">
				<ComposedBlock ID="cblock_0" HPOS="311" VPOS="134" WIDTH="600" HEIGHT="26">
					<TextBlock ID="block_0" HPOS="311" VPOS="134" WIDTH="600" HEIGHT="26">
						<TextLine ID="line_0" HPOS="311" VPOS="134" WIDTH="600" HEIGHT="26">
							<String ID="string_0" HPOS="311" VPOS="138" WIDTH="181" HEIGHT="22" WC="0.91" CONTENT="Borgareständet"/><SP WIDTH="14" VPOS="138" HPOS="492"/>
							<String ID="string_1" HPOS="506" VPOS="140" WIDTH="57" HEIGHT="16" WC="0.96" CONTENT="1882."/><SP WIDTH="25" VPOS="140" HPOS="563"/>
							<String ID="string_2" HPOS="588" VPOS="139" WIDTH="24" HEIGHT="17" WC="0.96" CONTENT="27"/><SP WIDTH="15" VPOS="139" HPOS="612"/>
							<String ID="string_3" HPOS="627" VPOS="139" WIDTH="48" HEIGHT="21" WC="0.92" CONTENT="maj."/><SP WIDTH="181" VPOS="139" HPOS="675"/>
							<String ID="string_4" HPOS="856" VPOS="134" WIDTH="55" HEIGHT="21" WC="0.96" CONTENT="1617"/>
						</TextLine>
					</TextBlock>
				</ComposedBlock>
				<GraphicalElement ID="cblock_1" HPOS="78" VPOS="165" WIDTH="834" HEIGHT="7"></GraphicalElement >
				<ComposedBlock ID="cblock_2" HPOS="79" VPOS="207" WIDTH="833" HEIGHT="198">
					<TextBlock ID="block_1" HPOS="79" VPOS="207" WIDTH="833" HEIGHT="198">
						<TextLine ID="line_1" HPOS="79" VPOS="207" WIDTH="833" HEIGHT="28">
							<String ID="string_5" HPOS="79" VPOS="213" WIDTH="47" HEIGHT="15" WC="0.93" CONTENT="som"/><SP WIDTH="22" VPOS="213" HPOS="126"/>
							<String ID="string_6" HPOS="148" VPOS="207" WIDTH="107" HEIGHT="22" WC="0.90" CONTENT="tillförene"/><SP WIDTH="24" VPOS="207" HPOS="255"/>
							<String ID="string_7" HPOS="279" VPOS="208" WIDTH="22" HEIGHT="21" WC="0.96" CONTENT="af"/><SP WIDTH="19" VPOS="208" HPOS="301"/>
							<String ID="string_8" HPOS="320" VPOS="208" WIDTH="86" HEIGHT="20" WC="0.96" CONTENT="ståndet"/><SP WIDTH="21" VPOS="208" HPOS="406"/>
							<String ID="string_9" HPOS="427" VPOS="208" WIDTH="83" HEIGHT="25" WC="0.96" CONTENT="fattats,"/><SP WIDTH="24" VPOS="208" HPOS="510"/>
							<String ID="string_10" HPOS="534" VPOS="208" WIDTH="87" HEIGHT="20" WC="0.96" CONTENT="hvarför"/><SP WIDTH="20" VPOS="208" HPOS="621"/>
							<String ID="string_11" HPOS="641" VPOS="208" WIDTH="36" HEIGHT="27" WC="0.96" CONTENT="jag"/><SP WIDTH="23" VPOS="208" HPOS="677"/>
							<String ID="string_12" HPOS="700" VPOS="208" WIDTH="38" HEIGHT="21" WC="0.94" CONTENT="ber"/><SP WIDTH="15" VPOS="208" HPOS="738"/>
							<String ID="string_13" HPOS="753" VPOS="209" WIDTH="32" HEIGHT="20" WC="0.96" CONTENT="att"/><SP WIDTH="16" VPOS="209" HPOS="785"/>
							<String ID="string_14" HPOS="801" VPOS="207" WIDTH="22" HEIGHT="21" WC="0.96" CONTENT="få"/><SP WIDTH="15" VPOS="207" HPOS="823"/>
							<String ID="string_15" HPOS="838" VPOS="208" WIDTH="74" HEIGHT="22" WC="0.96" CONTENT="förena"/>
						</TextLine>
						<TextLine ID="line_2" HPOS="80" VPOS="236" WIDTH="832" HEIGHT="27">
							<String ID="string_16" HPOS="80" VPOS="236" WIDTH="44" HEIGHT="26" WC="0.96" CONTENT="mig"/><SP WIDTH="22" VPOS="236" HPOS="124"/>
							<String ID="string_17" HPOS="146" VPOS="243" WIDTH="33" HEIGHT="14" WC="0.94" CONTENT="om"/><SP WIDTH="24" VPOS="243" HPOS="179"/>
							<String ID="string_18" HPOS="203" VPOS="236" WIDTH="40" HEIGHT="21" WC="0.94" CONTENT="den"/><SP WIDTH="22" VPOS="236" HPOS="243"/>
							<String ID="string_19" HPOS="265" VPOS="236" WIDTH="125" HEIGHT="26" WC="0.93" CONTENT="resolution,"/><SP WIDTH="24" VPOS="236" HPOS="390"/>
							<String ID="string_20" HPOS="414" VPOS="242" WIDTH="46" HEIGHT="15" WC="0.95" CONTENT="som"/><SP WIDTH="23" VPOS="242" HPOS="460"/>
							<String ID="string_21" HPOS="483" VPOS="236" WIDTH="24" HEIGHT="21" WC="0.95" CONTENT="af"/><SP WIDTH="14" VPOS="236" HPOS="507"/>
							<String ID="string_22" HPOS="521" VPOS="236" WIDTH="49" HEIGHT="21" WC="0.93" CONTENT="herr"/><SP WIDTH="16" VPOS="236" HPOS="570"/>
							<String ID="string_23" HPOS="586" VPOS="236" WIDTH="89" HEIGHT="27" WC="0.92" CONTENT="Ingman"/><SP WIDTH="15" VPOS="236" HPOS="675"/>
							<String ID="string_24" HPOS="690" VPOS="236" WIDTH="104" HEIGHT="27" WC="0.96" CONTENT="föreslogs"/><SP WIDTH="16" VPOS="236" HPOS="794"/>
							<String ID="string_25" HPOS="810" VPOS="236" WIDTH="39" HEIGHT="21" WC="0.96" CONTENT="och"/><SP WIDTH="16" VPOS="236" HPOS="849"/>
							<String ID="string_26" HPOS="865" VPOS="242" WIDTH="47" HEIGHT="16" WC="0.96" CONTENT="som"/>
						</TextLine>
						<TextLine ID="line_3" HPOS="80" VPOS="264" WIDTH="832" HEIGHT="27">
							<String ID="string_27" HPOS="80" VPOS="265" WIDTH="88" HEIGHT="26" WC="0.96" CONTENT="ungefär"/><SP WIDTH="16" VPOS="265" HPOS="168"/>
							<String ID="string_28" HPOS="184" VPOS="264" WIDTH="67" HEIGHT="22" WC="0.96" CONTENT="skulle"/><SP WIDTH="17" VPOS="264" HPOS="251"/>
							<String ID="string_29" HPOS="268" VPOS="264" WIDTH="49" HEIGHT="27" WC="0.96" CONTENT="lyda"/><SP WIDTH="16" VPOS="264" HPOS="317"/>
							<String ID="string_30" HPOS="333" VPOS="264" WIDTH="99" HEIGHT="22" WC="0.92" CONTENT="sålunda:"/><SP WIDTH="17" VPOS="264" HPOS="432"/>
							<String ID="string_31" HPOS="449" VPOS="266" WIDTH="65" HEIGHT="25" WC="0.90" CONTENT=",enär"/><SP WIDTH="14" VPOS="266" HPOS="514"/>
							<String ID="string_32" HPOS="528" VPOS="264" WIDTH="181" HEIGHT="27" WC="0.92" CONTENT="Borgareståndet"/><SP WIDTH="16" VPOS="264" HPOS="709"/>
							<String ID="string_33" HPOS="725" VPOS="264" WIDTH="34" HEIGHT="22" WC="0.96" CONTENT="för"/><SP WIDTH="15" VPOS="264" HPOS="759"/>
							<String ID="string_34" HPOS="774" VPOS="266" WIDTH="32" HEIGHT="20" WC="0.96" CONTENT="sin"/><SP WIDTH="17" VPOS="266" HPOS="806"/>
							<String ID="string_35" HPOS="823" VPOS="265" WIDTH="34" HEIGHT="21" WC="0.91" CONTENT="del"/><SP WIDTH="11" VPOS="265" HPOS="857"/>
							<String ID="string_36" HPOS="868" VPOS="265" WIDTH="44" HEIGHT="21" WC="0.91" CONTENT="till-"/>
						</TextLine>
						<TextLine ID="line_4" HPOS="80" VPOS="293" WIDTH="832" HEIGHT="27">
							<String ID="string_37" HPOS="80" VPOS="293" WIDTH="73" HEIGHT="21" WC="0.92" CONTENT="förene"/><SP WIDTH="17" VPOS="293" HPOS="153"/>
							<String ID="string_38" HPOS="170" VPOS="293" WIDTH="87" HEIGHT="21" WC="0.91" CONTENT="beslutit"/><SP WIDTH="15" VPOS="293" HPOS="257"/>
							<String ID="string_39" HPOS="272" VPOS="294" WIDTH="32" HEIGHT="26" WC="0.96" CONTENT="sig"/><SP WIDTH="16" VPOS="294" HPOS="304"/>
							<String ID="string_40" HPOS="320" VPOS="293" WIDTH="32" HEIGHT="21" WC="0.96" CONTENT="för"/><SP WIDTH="15" VPOS="293" HPOS="352"/>
							<String ID="string_41" HPOS="367" VPOS="293" WIDTH="41" HEIGHT="21" WC="0.97" CONTENT="den"/><SP WIDTH="17" VPOS="293" HPOS="408"/>
							<String ID="string_42" HPOS="425" VPOS="293" WIDTH="170" HEIGHT="21" WC="0.96" CONTENT="österbottniska"/><SP WIDTH="16" VPOS="293" HPOS="595"/>
							<String ID="string_43" HPOS="611" VPOS="294" WIDTH="82" HEIGHT="21" WC="0.95" CONTENT="banans"/><SP WIDTH="16" VPOS="294" HPOS="693"/>
							<String ID="string_44" HPOS="709" VPOS="294" WIDTH="111" HEIGHT="26" WC="0.93" CONTENT="byggande"/><SP WIDTH="11" VPOS="294" HPOS="820"/>
							<String ID="string_45" HPOS="831" VPOS="294" WIDTH="7" HEIGHT="20" WC="0.89" CONTENT="i"/><SP WIDTH="10" VPOS="294" HPOS="838"/>
							<String ID="string_46" HPOS="848" VPOS="293" WIDTH="64" HEIGHT="21" WC="0.89" CONTENT="främ-"/>
						</TextLine>
						<TextLine ID="line_5" HPOS="80" VPOS="321" WIDTH="832" HEIGHT="27">
							<String ID="string_47" HPOS="80" VPOS="324" WIDTH="34" HEIGHT="19" WC="0.96" CONTENT="sta"/><SP WIDTH="21" VPOS="324" HPOS="114"/>
							<String ID="string_48" HPOS="135" VPOS="323" WIDTH="91" HEIGHT="20" WC="0.96" CONTENT="rummet"/><SP WIDTH="15" VPOS="323" HPOS="226"/>
							<String ID="string_49" HPOS="241" VPOS="321" WIDTH="39" HEIGHT="22" WC="0.96" CONTENT="och"/><SP WIDTH="16" VPOS="321" HPOS="280"/>
							<String ID="string_50" HPOS="296" VPOS="323" WIDTH="6" HEIGHT="20" WC="0.96" CONTENT="i"/><SP WIDTH="17" VPOS="323" HPOS="302"/>
							<String ID="string_51" HPOS="319" VPOS="321" WIDTH="39" HEIGHT="22" WC="0.96" CONTENT="den"/><SP WIDTH="17" VPOS="321" HPOS="358"/>
							<String ID="string_52" HPOS="375" VPOS="321" WIDTH="135" HEIGHT="27" WC="0.96" CONTENT="ungefärliga"/><SP WIDTH="15" VPOS="321" HPOS="510"/>
							<String ID="string_53" HPOS="525" VPOS="322" WIDTH="94" HEIGHT="26" WC="0.93" CONTENT="riktning"/><SP WIDTH="16" VPOS="322" HPOS="619"/>
							<String ID="string_54" HPOS="635" VPOS="322" WIDTH="203" HEIGHT="26" WC="0.91" CONTENT="petitionsförslaget"/><SP WIDTH="15" VPOS="322" HPOS="838"/>
							<String ID="string_55" HPOS="853" VPOS="322" WIDTH="59" HEIGHT="21" WC="0.92" CONTENT="inne-"/>
						</TextLine>
						<TextLine ID="line_6" HPOS="80" VPOS="350" WIDTH="832" HEIGHT="27">
							<String ID="string_56" HPOS="80" VPOS="350" WIDTH="75" HEIGHT="26" WC="0.96" CONTENT="håller,"/><SP WIDTH="23" VPOS="350" HPOS="155"/>
							<String ID="string_57" HPOS="178" VPOS="356" WIDTH="62" HEIGHT="15" WC="0.96" CONTENT="anser"/><SP WIDTH="22" VPOS="356" HPOS="240"/>
							<String ID="string_58" HPOS="262" VPOS="350" WIDTH="85" HEIGHT="21" WC="0.96" CONTENT="ståndet"/><SP WIDTH="23" VPOS="350" HPOS="347"/>
							<String ID="string_59" HPOS="370" VPOS="351" WIDTH="41" HEIGHT="20" WC="0.96" CONTENT="den"/><SP WIDTH="24" VPOS="351" HPOS="411"/>
							<String ID="string_60" HPOS="435" VPOS="351" WIDTH="162" HEIGHT="26" WC="0.88" CONTENT="ifrågavarande"/><SP WIDTH="23" VPOS="351" HPOS="597"/>
							<String ID="string_61" HPOS="620" VPOS="351" WIDTH="117" HEIGHT="26" WC="0.88" CONTENT="petitionen"/><SP WIDTH="21" VPOS="351" HPOS="737"/>
							<String ID="string_62" HPOS="758" VPOS="351" WIDTH="46" HEIGHT="21" WC="0.93" CONTENT="icke"/><SP WIDTH="17" VPOS="351" HPOS="804"/>
							<String ID="string_63" HPOS="821" VPOS="350" WIDTH="91" HEIGHT="22" WC="0.92" CONTENT="behöfva"/>
						</TextLine>
						<TextLine ID="line_7" HPOS="80" VPOS="378" WIDTH="595" HEIGHT="27">
							<String ID="string_64" HPOS="80" VPOS="379" WIDTH="110" HEIGHT="21" WC="0.96" CONTENT="föranleda"/><SP WIDTH="15" VPOS="379" HPOS="190"/>
							<String ID="string_65" HPOS="205" VPOS="378" WIDTH="33" HEIGHT="22" WC="0.95" CONTENT="till"/><SP WIDTH="15" VPOS="378" HPOS="238"/>
							<String ID="string_66" HPOS="253" VPOS="380" WIDTH="69" HEIGHT="25" WC="0.96" CONTENT="någon"/><SP WIDTH="17" VPOS="380" HPOS="322"/>
							<String ID="string_67" HPOS="339" VPOS="379" WIDTH="75" HEIGHT="26" WC="0.96" CONTENT="åtgärd"/><SP WIDTH="16" VPOS="379" HPOS="414"/>
							<String ID="string_68" HPOS="430" VPOS="379" WIDTH="48" HEIGHT="21" WC="0.93" CONTENT="från"/><SP WIDTH="15" VPOS="379" HPOS="478"/>
							<String ID="string_69" HPOS="493" VPOS="379" WIDTH="97" HEIGHT="21" WC="0.92" CONTENT="ståndets"/><SP WIDTH="16" VPOS="379" HPOS="590"/>
							<String ID="string_70" HPOS="606" VPOS="379" WIDTH="69" HEIGHT="21" WC="0.93" CONTENT="sida&quot;."/>
						</TextLine>
					</TextBlock>
				</ComposedBlock>
				<ComposedBlock ID="cblock_3" HPOS="80" VPOS="435" WIDTH="832" HEIGHT="56">
					<TextBlock ID="block_2" HPOS="80" VPOS="435" WIDTH="832" HEIGHT="56">
						<TextLine ID="line_8" HPOS="149" VPOS="435" WIDTH="763" HEIGHT="28">
							<String ID="string_71" HPOS="149" VPOS="435" WIDTH="90" HEIGHT="23" WC="0.91" CONTENT="Ståndet"/><SP WIDTH="14" VPOS="435" HPOS="239"/>
							<String ID="string_72" HPOS="253" VPOS="436" WIDTH="114" HEIGHT="26" WC="0.93" CONTENT="godkände"/><SP WIDTH="16" VPOS="436" HPOS="367"/>
							<String ID="string_73" HPOS="383" VPOS="436" WIDTH="51" HEIGHT="21" WC="0.92" CONTENT="derå"/><SP WIDTH="14" VPOS="436" HPOS="434"/>
							<String ID="string_74" HPOS="448" VPOS="437" WIDTH="48" HEIGHT="20" WC="0.93" CONTENT="med"/><SP WIDTH="14" VPOS="437" HPOS="496"/>
							<String ID="string_75" HPOS="510" VPOS="436" WIDTH="156" HEIGHT="27" WC="0.91" CONTENT="öfvervägande"/><SP WIDTH="10" VPOS="436" HPOS="666"/>
							<String ID="string_76" HPOS="676" VPOS="436" WIDTH="110" HEIGHT="27" WC="0.92" CONTENT="pluralitet"/><SP WIDTH="8" VPOS="436" HPOS="786"/>
							<String ID="string_77" HPOS="794" VPOS="437" WIDTH="118" HEIGHT="21" WC="0.96" CONTENT="utskottets"/>
						</TextLine>
						<TextLine ID="line_9" HPOS="80" VPOS="464" WIDTH="387" HEIGHT="27">
							<String ID="string_78" HPOS="80" VPOS="464" WIDTH="161" HEIGHT="27" WC="0.95" CONTENT="ifrågavarande"/><SP WIDTH="16" VPOS="464" HPOS="241"/>
							<String ID="string_79" HPOS="257" VPOS="465" WIDTH="57" HEIGHT="21" WC="0.96" CONTENT="kläm"/><SP WIDTH="17" VPOS="465" HPOS="314"/>
							<String ID="string_80" HPOS="331" VPOS="465" WIDTH="136" HEIGHT="21" WC="0.96" CONTENT="oförändrad."/>
						</TextLine>
					</TextBlock>
				</ComposedBlock>
				<ComposedBlock ID="cblock_4" HPOS="80" VPOS="522" WIDTH="832" HEIGHT="50">
					<TextBlock ID="block_3" HPOS="80" VPOS="522" WIDTH="832" HEIGHT="50">
						<TextLine ID="line_10" HPOS="148" VPOS="522" WIDTH="764" HEIGHT="27">
							<String ID="string_81" HPOS="148" VPOS="523" WIDTH="33" HEIGHT="20" WC="0.96" CONTENT="De"/><SP WIDTH="16" VPOS="523" HPOS="181"/>
							<String ID="string_82" HPOS="197" VPOS="522" WIDTH="67" HEIGHT="27" WC="0.96" CONTENT="öfriga"/><SP WIDTH="15" VPOS="522" HPOS="264"/>
							<String ID="string_83" HPOS="279" VPOS="522" WIDTH="6" HEIGHT="21" WC="0.96" CONTENT="i"/><SP WIDTH="16" VPOS="522" HPOS="285"/>
							<String ID="string_84" HPOS="301" VPOS="522" WIDTH="148" HEIGHT="22" WC="0.96" CONTENT="betänkandet"/><SP WIDTH="15" VPOS="522" HPOS="449"/>
							<String ID="string_85" HPOS="464" VPOS="523" WIDTH="105" HEIGHT="26" WC="0.93" CONTENT="ingående"/><SP WIDTH="10" VPOS="523" HPOS="569"/>
							<String ID="string_86" HPOS="579" VPOS="522" WIDTH="134" HEIGHT="21" WC="0.91" CONTENT="klämmarne"/><SP WIDTH="11" VPOS="522" HPOS="713"/>
							<String ID="string_87" HPOS="724" VPOS="522" WIDTH="124" HEIGHT="27" WC="0.95" CONTENT="godkändes"/><SP WIDTH="11" VPOS="522" HPOS="848"/>
							<String ID="string_88" HPOS="859" VPOS="523" WIDTH="53" HEIGHT="20" WC="0.96" CONTENT="utan"/>
						</TextLine>
						<TextLine ID="line_11" HPOS="80" VPOS="551" WIDTH="127" HEIGHT="21">
							<String ID="string_89" HPOS="80" VPOS="551" WIDTH="127" HEIGHT="21" WC="0.96" CONTENT="diskussion."/>
						</TextLine>
					</TextBlock>
				</ComposedBlock>
				<ComposedBlock ID="cblock_5" HPOS="80" VPOS="688" WIDTH="832" HEIGHT="84">
					<TextBlock ID="block_4" HPOS="80" VPOS="688" WIDTH="832" HEIGHT="84">
						<TextLine ID="line_12" HPOS="149" VPOS="688" WIDTH="763" HEIGHT="26">
							<String ID="string_90" HPOS="149" VPOS="688" WIDTH="120" HEIGHT="26" WC="0.93" CONTENT="Föredrogs"/><SP WIDTH="23" VPOS="688" HPOS="269"/>
							<String ID="string_91" HPOS="292" VPOS="688" WIDTH="153" HEIGHT="26" WC="0.92" CONTENT="lagutskottets"/><SP WIDTH="20" VPOS="688" HPOS="445"/>
							<String ID="string_92" HPOS="465" VPOS="688" WIDTH="118" HEIGHT="26" WC="0.93" CONTENT="bordlagda"/><SP WIDTH="21" VPOS="688" HPOS="583"/>
							<String ID="string_93" HPOS="604" VPOS="688" WIDTH="133" HEIGHT="21" WC="0.96" CONTENT="betänkande"/><SP WIDTH="16" VPOS="688" HPOS="737"/>
							<String ID="string_94" HPOS="753" VPOS="688" WIDTH="41" HEIGHT="21" WC="0.96" CONTENT="N:o"/><SP WIDTH="17" VPOS="688" HPOS="794"/>
							<String ID="string_95" HPOS="811" VPOS="688" WIDTH="27" HEIGHT="22" WC="0.96" CONTENT="10"/><SP WIDTH="16" VPOS="688" HPOS="838"/>
							<String ID="string_96" HPOS="854" VPOS="688" WIDTH="6" HEIGHT="21" WC="0.93" CONTENT="i"/><SP WIDTH="16" VPOS="688" HPOS="860"/>
							<String ID="string_97" HPOS="876" VPOS="694" WIDTH="36" HEIGHT="15" WC="0.92" CONTENT="an-"/>
						</TextLine>
						<TextLine ID="line_13" HPOS="80" VPOS="716" WIDTH="832" HEIGHT="28">
							<String ID="string_98" HPOS="80" VPOS="716" WIDTH="88" HEIGHT="27" WC="0.95" CONTENT="ledning"/><SP WIDTH="21" VPOS="716" HPOS="168"/>
							<String ID="string_99" HPOS="189" VPOS="716" WIDTH="22" HEIGHT="21" WC="0.96" CONTENT="af"/><SP WIDTH="22" VPOS="716" HPOS="211"/>
							<String ID="string_100" HPOS="233" VPOS="719" WIDTH="75" HEIGHT="19" WC="0.96" CONTENT="tvenne"/><SP WIDTH="15" VPOS="719" HPOS="308"/>
							<String ID="string_101" HPOS="323" VPOS="716" WIDTH="39" HEIGHT="22" WC="0.96" CONTENT="hos"/><SP WIDTH="16" VPOS="716" HPOS="362"/>
							<String ID="string_102" HPOS="378" VPOS="716" WIDTH="105" HEIGHT="22" WC="0.93" CONTENT="Finlands"/><SP WIDTH="15" VPOS="716" HPOS="483"/>
							<String ID="string_103" HPOS="498" VPOS="716" WIDTH="93" HEIGHT="22" WC="0.91" CONTENT="Ständer"/><SP WIDTH="15" VPOS="716" HPOS="591"/>
							<String ID="string_104" HPOS="606" VPOS="717" WIDTH="77" HEIGHT="21" WC="0.96" CONTENT="väckta"/><SP WIDTH="16" VPOS="717" HPOS="683"/>
							<String ID="string_105" HPOS="699" VPOS="716" WIDTH="87" HEIGHT="28" WC="0.96" CONTENT="förslag,"/><SP WIDTH="16" VPOS="716" HPOS="786"/>
							<String ID="string_106" HPOS="802" VPOS="717" WIDTH="110" HEIGHT="27" WC="0.96" CONTENT="angående"/>
						</TextLine>
						<TextLine ID="line_14" HPOS="80" VPOS="745" WIDTH="764" HEIGHT="27">
							<String ID="string_107" HPOS="80" VPOS="745" WIDTH="135" HEIGHT="27" WC="0.92" CONTENT="underdånig"/><SP WIDTH="15" VPOS="745" HPOS="215"/>
							<String ID="string_108" HPOS="230" VPOS="745" WIDTH="89" HEIGHT="27" WC="0.96" CONTENT="petition"/><SP WIDTH="17" VPOS="745" HPOS="319"/>
							<String ID="string_109" HPOS="336" VPOS="752" WIDTH="34" HEIGHT="14" WC="0.93" CONTENT="om"/><SP WIDTH="16" VPOS="752" HPOS="370"/>
							<String ID="string_110" HPOS="386" VPOS="745" WIDTH="104" HEIGHT="21" WC="0.90" CONTENT="stiftande"/><SP WIDTH="16" VPOS="745" HPOS="490"/>
							<String ID="string_111" HPOS="506" VPOS="745" WIDTH="24" HEIGHT="21" WC="0.91" CONTENT="af"/><SP WIDTH="14" VPOS="745" HPOS="530"/>
							<String ID="string_112" HPOS="544" VPOS="746" WIDTH="141" HEIGHT="26" WC="0.91" CONTENT="dissenterlag"/><SP WIDTH="15" VPOS="746" HPOS="685"/>
							<String ID="string_113" HPOS="700" VPOS="746" WIDTH="32" HEIGHT="20" WC="0.96" CONTENT="för"/><SP WIDTH="15" VPOS="746" HPOS="732"/>
							<String ID="string_114" HPOS="747" VPOS="746" WIDTH="97" HEIGHT="21" WC="0.95" CONTENT="Finland."/>
						</TextLine>
					</TextBlock>
				</ComposedBlock>
				<ComposedBlock ID="cblock_6" HPOS="79" VPOS="802" WIDTH="835" HEIGHT="571">
					<TextBlock ID="block_5" HPOS="79" VPOS="802" WIDTH="835" HEIGHT="571">
						<TextLine ID="line_15" HPOS="150" VPOS="802" WIDTH="762" HEIGHT="27">
							<String ID="string_115" HPOS="150" VPOS="802" WIDTH="56" HEIGHT="21" WC="0.96" CONTENT="Herr"/><SP WIDTH="15" VPOS="802" HPOS="206"/>
							<String ID="string_116" HPOS="221" VPOS="802" WIDTH="170" HEIGHT="27" WC="0.95" CONTENT="Wallgren:"/><SP WIDTH="25" VPOS="802" HPOS="391"/>
							<String ID="string_117" HPOS="416" VPOS="802" WIDTH="43" HEIGHT="21" WC="0.95" CONTENT="Det"/><SP WIDTH="16" VPOS="802" HPOS="459"/>
							<String ID="string_118" HPOS="475" VPOS="804" WIDTH="24" HEIGHT="19" WC="0.96" CONTENT="är"/><SP WIDTH="16" VPOS="804" HPOS="499"/>
							<String ID="string_119" HPOS="515" VPOS="803" WIDTH="19" HEIGHT="26" WC="0.96" CONTENT="ej"/><SP WIDTH="16" VPOS="803" HPOS="534"/>
							<String ID="string_120" HPOS="550" VPOS="805" WIDTH="51" HEIGHT="19" WC="0.96" CONTENT="utan"/><SP WIDTH="16" VPOS="805" HPOS="601"/>
							<String ID="string_121" HPOS="617" VPOS="809" WIDTH="26" HEIGHT="15" WC="0.96" CONTENT="en"/><SP WIDTH="16" VPOS="809" HPOS="643"/>
							<String ID="string_122" HPOS="659" VPOS="803" WIDTH="73" HEIGHT="21" WC="0.96" CONTENT="känsla"/><SP WIDTH="17" VPOS="803" HPOS="732"/>
							<String ID="string_123" HPOS="749" VPOS="802" WIDTH="23" HEIGHT="21" WC="0.95" CONTENT="af"/><SP WIDTH="14" VPOS="802" HPOS="772"/>
							<String ID="string_124" HPOS="786" VPOS="802" WIDTH="74" HEIGHT="21" WC="0.96" CONTENT="vemod"/><SP WIDTH="15" VPOS="802" HPOS="860"/>
							<String ID="string_125" HPOS="875" VPOS="802" WIDTH="37" HEIGHT="27" WC="0.96" CONTENT="jag"/>
						</TextLine>
						<TextLine ID="line_16" HPOS="81" VPOS="831" WIDTH="831" HEIGHT="27">
							<String ID="string_126" HPOS="81" VPOS="831" WIDTH="40" HEIGHT="21" WC="0.96" CONTENT="och"/><SP WIDTH="15" VPOS="831" HPOS="121"/>
							<String ID="string_127" HPOS="136" VPOS="831" WIDTH="81" HEIGHT="21" WC="0.96" CONTENT="kanske"/><SP WIDTH="15" VPOS="831" HPOS="217"/>
							<String ID="string_128" HPOS="232" VPOS="837" WIDTH="26" HEIGHT="15" WC="0.96" CONTENT="en"/><SP WIDTH="16" VPOS="837" HPOS="258"/>
							<String ID="string_129" HPOS="274" VPOS="831" WIDTH="38" HEIGHT="21" WC="0.96" CONTENT="och"/><SP WIDTH="16" VPOS="831" HPOS="312"/>
							<String ID="string_130" HPOS="328" VPOS="837" WIDTH="70" HEIGHT="16" WC="0.96" CONTENT="annan"/><SP WIDTH="14" VPOS="837" HPOS="398"/>
							<String ID="string_131" HPOS="412" VPOS="831" WIDTH="69" HEIGHT="26" WC="0.96" CONTENT="jemte"/><SP WIDTH="15" VPOS="831" HPOS="481"/>
							<String ID="string_132" HPOS="496" VPOS="832" WIDTH="44" HEIGHT="26" WC="0.96" CONTENT="mig"/><SP WIDTH="16" VPOS="832" HPOS="540"/>
							<String ID="string_133" HPOS="556" VPOS="832" WIDTH="69" HEIGHT="21" WC="0.96" CONTENT="erinra"/><SP WIDTH="16" VPOS="832" HPOS="625"/>
							<String ID="string_134" HPOS="641" VPOS="837" WIDTH="35" HEIGHT="16" WC="0.96" CONTENT="oss"/><SP WIDTH="15" VPOS="837" HPOS="676"/>
							<String ID="string_135" HPOS="691" VPOS="831" WIDTH="40" HEIGHT="21" WC="0.96" CONTENT="den"/><SP WIDTH="14" VPOS="831" HPOS="731"/>
							<String ID="string_136" HPOS="745" VPOS="831" WIDTH="79" HEIGHT="27" WC="0.93" CONTENT="utgång"/><SP WIDTH="12" VPOS="831" HPOS="824"/>
							<String ID="string_137" HPOS="836" VPOS="831" WIDTH="76" HEIGHT="27" WC="0.92" CONTENT="ifråga-"/>
						</TextLine>
						<TextLine ID="line_17" HPOS="82" VPOS="859" WIDTH="830" HEIGHT="27">
							<String ID="string_138" HPOS="82" VPOS="859" WIDTH="92" HEIGHT="22" WC="0.96" CONTENT="varande"/><SP WIDTH="15" VPOS="859" HPOS="174"/>
							<String ID="string_139" HPOS="189" VPOS="860" WIDTH="78" HEIGHT="21" WC="0.96" CONTENT="ärende"/><SP WIDTH="17" VPOS="860" HPOS="267"/>
							<String ID="string_140" HPOS="284" VPOS="860" WIDTH="66" HEIGHT="21" WC="0.96" CONTENT="erhöll"/><SP WIDTH="18" VPOS="860" HPOS="350"/>
							<String ID="string_141" HPOS="368" VPOS="860" WIDTH="34" HEIGHT="21" WC="0.93" CONTENT="vid"/><SP WIDTH="19" VPOS="860" HPOS="402"/>
							<String ID="string_142" HPOS="421" VPOS="861" WIDTH="143" HEIGHT="20" WC="0.92" CONTENT="1877—1878"/><SP WIDTH="16" VPOS="861" HPOS="564"/>
							<String ID="string_143" HPOS="580" VPOS="861" WIDTH="35" HEIGHT="20" WC="0.93" CONTENT="års"/><SP WIDTH="16" VPOS="861" HPOS="615"/>
							<String ID="string_144" HPOS="631" VPOS="860" WIDTH="156" HEIGHT="26" WC="0.92" CONTENT="Ständermöte,"/><SP WIDTH="19" VPOS="860" HPOS="787"/>
							<String ID="string_145" HPOS="806" VPOS="859" WIDTH="106" HEIGHT="27" WC="0.96" CONTENT="nämligen"/>
						</TextLine>
						<TextLine ID="line_18" HPOS="81" VPOS="888" WIDTH="831" HEIGHT="27">
							<String ID="string_146" HPOS="81" VPOS="890" WIDTH="33" HEIGHT="19" WC="0.96" CONTENT="att"/><SP WIDTH="15" VPOS="890" HPOS="114"/>
							<String ID="string_147" HPOS="129" VPOS="888" WIDTH="60" HEIGHT="21" WC="0.96" CONTENT="detta"/><SP WIDTH="15" VPOS="888" HPOS="189"/>
							<String ID="string_148" HPOS="204" VPOS="889" WIDTH="78" HEIGHT="20" WC="0.96" CONTENT="ärende"/><SP WIDTH="16" VPOS="889" HPOS="282"/>
							<String ID="string_149" HPOS="298" VPOS="889" WIDTH="18" HEIGHT="25" WC="0.96" CONTENT="ej"/><SP WIDTH="17" VPOS="889" HPOS="316"/>
							<String ID="string_150" HPOS="333" VPOS="888" WIDTH="68" HEIGHT="21" WC="0.96" CONTENT="skulle"/><SP WIDTH="16" VPOS="888" HPOS="401"/>
							<String ID="string_151" HPOS="417" VPOS="888" WIDTH="87" HEIGHT="22" WC="0.96" CONTENT="komma"/><SP WIDTH="17" VPOS="888" HPOS="504"/>
							<String ID="string_152" HPOS="521" VPOS="891" WIDTH="98" HEIGHT="19" WC="0.95" CONTENT="närmare"/><SP WIDTH="10" VPOS="891" HPOS="619"/>
							<String ID="string_153" HPOS="629" VPOS="889" WIDTH="32" HEIGHT="21" WC="0.96" CONTENT="sin"/><SP WIDTH="12" VPOS="889" HPOS="661"/>
							<String ID="string_154" HPOS="673" VPOS="889" WIDTH="88" HEIGHT="26" WC="0.93" CONTENT="lösning."/><SP WIDTH="30" VPOS="889" HPOS="761"/>
							<String ID="string_155" HPOS="791" VPOS="889" WIDTH="121" HEIGHT="25" WC="0.91" CONTENT="Egendom-"/>
						</TextLine>
						<TextLine ID="line_19" HPOS="81" VPOS="916" WIDTH="831" HEIGHT="28">
							<String ID="string_156" HPOS="81" VPOS="916" WIDTH="39" HEIGHT="26" WC="0.96" CONTENT="ligt"/><SP WIDTH="15" VPOS="916" HPOS="120"/>
							<String ID="string_157" HPOS="135" VPOS="918" WIDTH="30" HEIGHT="24" WC="0.96" CONTENT="är,"/><SP WIDTH="15" VPOS="918" HPOS="165"/>
							<String ID="string_158" HPOS="180" VPOS="918" WIDTH="32" HEIGHT="20" WC="0.96" CONTENT="att"/><SP WIDTH="16" VPOS="918" HPOS="212"/>
							<String ID="string_159" HPOS="228" VPOS="917" WIDTH="27" HEIGHT="21" WC="0.97" CONTENT="då"/><SP WIDTH="15" VPOS="917" HPOS="255"/>
							<String ID="string_160" HPOS="270" VPOS="923" WIDTH="49" HEIGHT="15" WC="0.96" CONTENT="man"/><SP WIDTH="15" VPOS="923" HPOS="319"/>
							<String ID="string_161" HPOS="334" VPOS="917" WIDTH="56" HEIGHT="21" WC="0.96" CONTENT="läser"/><SP WIDTH="15" VPOS="917" HPOS="390"/>
							<String ID="string_162" HPOS="405" VPOS="917" WIDTH="86" HEIGHT="26" WC="0.96" CONTENT="igenom"/><SP WIDTH="16" VPOS="917" HPOS="491"/>
							<String ID="string_163" HPOS="507" VPOS="917" WIDTH="118" HEIGHT="21" WC="0.96" CONTENT="historiken"/><SP WIDTH="16" VPOS="917" HPOS="625"/>
							<String ID="string_164" HPOS="641" VPOS="918" WIDTH="6" HEIGHT="20" WC="0.96" CONTENT="i"/><SP WIDTH="13" VPOS="918" HPOS="647"/>
							<String ID="string_165" HPOS="660" VPOS="917" WIDTH="40" HEIGHT="21" WC="0.96" CONTENT="den"/><SP WIDTH="11" VPOS="917" HPOS="700"/>
							<String ID="string_166" HPOS="711" VPOS="917" WIDTH="67" HEIGHT="21" WC="0.93" CONTENT="första"/><SP WIDTH="10" VPOS="917" HPOS="778"/>
							<String ID="string_167" HPOS="788" VPOS="918" WIDTH="124" HEIGHT="26" WC="0.91" CONTENT="petitionen,"/>
						</TextLine>
						<TextLine ID="line_20" HPOS="80" VPOS="945" WIDTH="833" HEIGHT="28">
							<String ID="string_168" HPOS="80" VPOS="945" WIDTH="68" HEIGHT="21" WC="0.96" CONTENT="finner"/><SP WIDTH="16" VPOS="945" HPOS="148"/>
							<String ID="string_169" HPOS="164" VPOS="952" WIDTH="47" HEIGHT="14" WC="0.93" CONTENT="man"/><SP WIDTH="16" VPOS="952" HPOS="211"/>
							<String ID="string_170" HPOS="227" VPOS="945" WIDTH="101" HEIGHT="21" WC="0.92" CONTENT="hurusom"/><SP WIDTH="16" VPOS="945" HPOS="328"/>
							<String ID="string_171" HPOS="344" VPOS="945" WIDTH="65" HEIGHT="21" WC="0.96" CONTENT="redan"/><SP WIDTH="17" VPOS="945" HPOS="409"/>
							<String ID="string_172" HPOS="426" VPOS="946" WIDTH="68" HEIGHT="20" WC="0.96" CONTENT="sedan"/><SP WIDTH="16" VPOS="946" HPOS="494"/>
							<String ID="string_173" HPOS="510" VPOS="946" WIDTH="61" HEIGHT="27" WC="0.96" CONTENT="långa"/><SP WIDTH="18" VPOS="946" HPOS="571"/>
							<String ID="string_174" HPOS="589" VPOS="946" WIDTH="55" HEIGHT="21" WC="0.96" CONTENT="tider"/><SP WIDTH="15" VPOS="946" HPOS="644"/>
							<String ID="string_175" HPOS="659" VPOS="946" WIDTH="90" HEIGHT="21" WC="0.96" CONTENT="tillbaka"/><SP WIDTH="16" VPOS="946" HPOS="749"/>
							<String ID="string_176" HPOS="765" VPOS="946" WIDTH="49" HEIGHT="26" WC="0.95" CONTENT="alla,"/><SP WIDTH="16" VPOS="946" HPOS="814"/>
							<String ID="string_177" HPOS="830" VPOS="948" WIDTH="33" HEIGHT="18" WC="0.96" CONTENT="att"/><SP WIDTH="12" VPOS="948" HPOS="863"/>
							<String ID="string_178" HPOS="875" VPOS="946" WIDTH="38" HEIGHT="26" WC="0.96" CONTENT="jag"/>
						</TextLine>
						<TextLine ID="line_21" HPOS="79" VPOS="974" WIDTH="834" HEIGHT="28">
							<String ID="string_179" HPOS="79" VPOS="974" WIDTH="25" HEIGHT="21" WC="0.96" CONTENT="så"/><SP WIDTH="16" VPOS="974" HPOS="104"/>
							<String ID="string_180" HPOS="120" VPOS="974" WIDTH="34" HEIGHT="21" WC="0.95" CONTENT="må"/><SP WIDTH="16" VPOS="974" HPOS="154"/>
							<String ID="string_181" HPOS="170" VPOS="976" WIDTH="56" HEIGHT="25" WC="0.95" CONTENT="säga,"/><SP WIDTH="13" VPOS="976" HPOS="226"/>
							<String ID="string_182" HPOS="239" VPOS="974" WIDTH="111" HEIGHT="25" WC="0.96" CONTENT="instanser,"/><SP WIDTH="17" VPOS="974" HPOS="350"/>
							<String ID="string_183" HPOS="367" VPOS="974" WIDTH="37" HEIGHT="21" WC="0.96" CONTENT="der"/><SP WIDTH="16" VPOS="974" HPOS="404"/>
							<String ID="string_184" HPOS="420" VPOS="974" WIDTH="77" HEIGHT="27" WC="0.96" CONTENT="frågan"/><SP WIDTH="16" VPOS="974" HPOS="497"/>
							<String ID="string_185" HPOS="513" VPOS="976" WIDTH="54" HEIGHT="20" WC="0.96" CONTENT="varit"/><SP WIDTH="17" VPOS="976" HPOS="567"/>
							<String ID="string_186" HPOS="584" VPOS="974" WIDTH="51" HEIGHT="26" WC="0.93" CONTENT="före,"/><SP WIDTH="15" VPOS="974" HPOS="635"/>
							<String ID="string_187" HPOS="650" VPOS="974" WIDTH="148" HEIGHT="28" WC="0.91" CONTENT="kyrkomöten,"/><SP WIDTH="14" VPOS="974" HPOS="798"/>
							<String ID="string_188" HPOS="812" VPOS="974" WIDTH="101" HEIGHT="22" WC="0.92" CONTENT="Ständer-"/>
						</TextLine>
						<TextLine ID="line_22" HPOS="80" VPOS="1002" WIDTH="832" HEIGHT="28">
							<String ID="string_189" HPOS="80" VPOS="1004" WIDTH="72" HEIGHT="19" WC="0.96" CONTENT="möten"/><SP WIDTH="24" VPOS="1004" HPOS="152"/>
							<String ID="string_190" HPOS="176" VPOS="1009" WIDTH="18" HEIGHT="15" WC="0.96" CONTENT="o."/><SP WIDTH="17" VPOS="1009" HPOS="194"/>
							<String ID="string_191" HPOS="211" VPOS="1008" WIDTH="16" HEIGHT="16" WC="0.96" CONTENT="s."/><SP WIDTH="16" VPOS="1008" HPOS="227"/>
							<String ID="string_192" HPOS="243" VPOS="1009" WIDTH="19" HEIGHT="15" WC="0.93" CONTENT="v."/><SP WIDTH="23" VPOS="1009" HPOS="262"/>
							<String ID="string_193" HPOS="285" VPOS="1005" WIDTH="71" HEIGHT="19" WC="0.96" CONTENT="ansett"/><SP WIDTH="22" VPOS="1005" HPOS="356"/>
							<String ID="string_194" HPOS="378" VPOS="1009" WIDTH="26" HEIGHT="15" WC="0.93" CONTENT="en"/><SP WIDTH="19" VPOS="1009" HPOS="404"/>
							<String ID="string_195" HPOS="423" VPOS="1003" WIDTH="143" HEIGHT="27" WC="0.91" CONTENT="dissenterlag"/><SP WIDTH="15" VPOS="1003" HPOS="566"/>
							<String ID="string_196" HPOS="581" VPOS="1010" WIDTH="51" HEIGHT="14" WC="0.96" CONTENT="vara"/><SP WIDTH="16" VPOS="1010" HPOS="632"/>
							<String ID="string_197" HPOS="648" VPOS="1003" WIDTH="63" HEIGHT="27" WC="0.93" CONTENT="högst"/><SP WIDTH="15" VPOS="1003" HPOS="711"/>
							<String ID="string_198" HPOS="726" VPOS="1003" WIDTH="99" HEIGHT="27" WC="0.92" CONTENT="behöflig."/><SP WIDTH="31" VPOS="1003" HPOS="825"/>
							<String ID="string_199" HPOS="856" VPOS="1002" WIDTH="56" HEIGHT="22" WC="0.95" CONTENT="Från"/>
						</TextLine>
						<TextLine ID="line_23" HPOS="79" VPOS="1031" WIDTH="834" HEIGHT="27">
							<String ID="string_200" HPOS="79" VPOS="1032" WIDTH="52" HEIGHT="20" WC="0.93" CONTENT="åren"/><SP WIDTH="17" VPOS="1032" HPOS="131"/>
							<String ID="string_201" HPOS="148" VPOS="1032" WIDTH="112" HEIGHT="20" WC="0.91" CONTENT="1877—78"/><SP WIDTH="16" VPOS="1032" HPOS="260"/>
							<String ID="string_202" HPOS="276" VPOS="1032" WIDTH="72" HEIGHT="26" WC="0.96" CONTENT="tyckes"/><SP WIDTH="15" VPOS="1032" HPOS="348"/>
							<String ID="string_203" HPOS="363" VPOS="1031" WIDTH="66" HEIGHT="21" WC="0.96" CONTENT="saken"/><SP WIDTH="16" VPOS="1031" HPOS="429"/>
							<String ID="string_204" HPOS="445" VPOS="1032" WIDTH="66" HEIGHT="21" WC="0.96" CONTENT="hafva"/><SP WIDTH="16" VPOS="1032" HPOS="511"/>
							<String ID="string_205" HPOS="527" VPOS="1032" WIDTH="41" HEIGHT="21" WC="0.96" CONTENT="fått"/><SP WIDTH="16" VPOS="1032" HPOS="568"/>
							<String ID="string_206" HPOS="584" VPOS="1038" WIDTH="26" HEIGHT="15" WC="0.96" CONTENT="en"/><SP WIDTH="15" VPOS="1038" HPOS="610"/>
							<String ID="string_207" HPOS="625" VPOS="1032" WIDTH="117" HEIGHT="21" WC="0.96" CONTENT="retroaktiv"/><SP WIDTH="16" VPOS="1032" HPOS="742"/>
							<String ID="string_208" HPOS="758" VPOS="1032" WIDTH="61" HEIGHT="26" WC="0.96" CONTENT="gång."/><SP WIDTH="28" VPOS="1032" HPOS="819"/>
							<String ID="string_209" HPOS="847" VPOS="1031" WIDTH="66" HEIGHT="21" WC="0.91" CONTENT="Detta"/>
						</TextLine>
						<TextLine ID="line_24" HPOS="80" VPOS="1059" WIDTH="832" HEIGHT="27">
							<String ID="string_210" HPOS="80" VPOS="1059" WIDTH="66" HEIGHT="21" WC="0.92" CONTENT="behof"/><SP WIDTH="24" VPOS="1059" HPOS="146"/>
							<String ID="string_211" HPOS="170" VPOS="1060" WIDTH="73" HEIGHT="26" WC="0.96" CONTENT="tyckes"/><SP WIDTH="25" VPOS="1060" HPOS="243"/>
							<String ID="string_212" HPOS="268" VPOS="1060" WIDTH="17" HEIGHT="26" WC="0.96" CONTENT="ej"/><SP WIDTH="26" VPOS="1060" HPOS="285"/>
							<String ID="string_213" HPOS="311" VPOS="1066" WIDTH="87" HEIGHT="15" WC="0.96" CONTENT="numera"/><SP WIDTH="23" VPOS="1066" HPOS="398"/>
							<String ID="string_214" HPOS="421" VPOS="1066" WIDTH="60" HEIGHT="20" WC="0.96" CONTENT="vara,"/><SP WIDTH="24" VPOS="1066" HPOS="481"/>
							<String ID="string_215" HPOS="505" VPOS="1061" WIDTH="128" HEIGHT="21" WC="0.96" CONTENT="åtminstone"/><SP WIDTH="24" VPOS="1061" HPOS="633"/>
							<String ID="string_216" HPOS="657" VPOS="1060" WIDTH="123" HEIGHT="25" WC="0.95" CONTENT="tillsvidare,"/><SP WIDTH="23" VPOS="1060" HPOS="780"/>
							<String ID="string_217" HPOS="803" VPOS="1060" WIDTH="24" HEIGHT="21" WC="0.96" CONTENT="så"/><SP WIDTH="23" VPOS="1060" HPOS="827"/>
							<String ID="string_218" HPOS="850" VPOS="1062" WIDTH="62" HEIGHT="19" WC="0.96" CONTENT="stort."/>
						</TextLine>
						<TextLine ID="line_25" HPOS="80" VPOS="1088" WIDTH="833" HEIGHT="28">
							<String ID="string_219" HPOS="80" VPOS="1088" WIDTH="88" HEIGHT="27" WC="0.92" CONTENT="Hvarpä"/><SP WIDTH="24" VPOS="1088" HPOS="168"/>
							<String ID="string_220" HPOS="192" VPOS="1089" WIDTH="60" HEIGHT="21" WC="0.96" CONTENT="detta"/><SP WIDTH="22" VPOS="1089" HPOS="252"/>
							<String ID="string_221" HPOS="274" VPOS="1089" WIDTH="76" HEIGHT="21" WC="0.96" CONTENT="månde"/><SP WIDTH="23" VPOS="1089" HPOS="350"/>
							<String ID="string_222" HPOS="373" VPOS="1088" WIDTH="52" HEIGHT="22" WC="0.93" CONTENT="bero"/><SP WIDTH="25" VPOS="1088" HPOS="425"/>
							<String ID="string_223" HPOS="450" VPOS="1090" WIDTH="75" HEIGHT="26" WC="0.92" CONTENT="åtager"/><SP WIDTH="21" VPOS="1090" HPOS="525"/>
							<String ID="string_224" HPOS="546" VPOS="1090" WIDTH="37" HEIGHT="26" WC="0.97" CONTENT="jag"/><SP WIDTH="15" VPOS="1090" HPOS="583"/>
							<String ID="string_225" HPOS="598" VPOS="1090" WIDTH="43" HEIGHT="26" WC="0.96" CONTENT="mig"/><SP WIDTH="16" VPOS="1090" HPOS="641"/>
							<String ID="string_226" HPOS="657" VPOS="1090" WIDTH="18" HEIGHT="26" WC="0.95" CONTENT="ej"/><SP WIDTH="17" VPOS="1090" HPOS="675"/>
							<String ID="string_227" HPOS="692" VPOS="1092" WIDTH="32" HEIGHT="18" WC="0.96" CONTENT="att"/><SP WIDTH="16" VPOS="1092" HPOS="724"/>
							<String ID="string_228" HPOS="740" VPOS="1089" WIDTH="96" HEIGHT="21" WC="0.93" CONTENT="bedöma."/><SP WIDTH="31" VPOS="1089" HPOS="836"/>
							<String ID="string_229" HPOS="867" VPOS="1088" WIDTH="46" HEIGHT="22" WC="0.87" CONTENT="Må-"/>
						</TextLine>
						<TextLine ID="line_26" HPOS="80" VPOS="1116" WIDTH="833" HEIGHT="29">
							<String ID="string_230" HPOS="80" VPOS="1116" WIDTH="72" HEIGHT="22" WC="0.93" CONTENT="hända"/><SP WIDTH="15" VPOS="1116" HPOS="152"/>
							<String ID="string_231" HPOS="167" VPOS="1117" WIDTH="143" HEIGHT="23" WC="0.91" CONTENT="intoleransen"/><SP WIDTH="21" VPOS="1117" HPOS="310"/>
							<String ID="string_232" HPOS="331" VPOS="1117" WIDTH="38" HEIGHT="22" WC="0.96" CONTENT="och"/><SP WIDTH="17" VPOS="1117" HPOS="369"/>
							<String ID="string_233" HPOS="386" VPOS="1120" WIDTH="48" HEIGHT="18" WC="0.96" CONTENT="tron"/><SP WIDTH="16" VPOS="1120" HPOS="434"/>
							<String ID="string_234" HPOS="450" VPOS="1118" WIDTH="30" HEIGHT="26" WC="0.96" CONTENT="på"/><SP WIDTH="16" VPOS="1118" HPOS="480"/>
							<String ID="string_235" HPOS="496" VPOS="1124" WIDTH="25" HEIGHT="15" WC="0.96" CONTENT="en"/><SP WIDTH="17" VPOS="1124" HPOS="521"/>
							<String ID="string_236" HPOS="538" VPOS="1118" WIDTH="54" HEIGHT="21" WC="0.96" CONTENT="enda"/><SP WIDTH="16" VPOS="1118" HPOS="592"/>
							<String ID="string_237" HPOS="608" VPOS="1118" WIDTH="79" HEIGHT="27" WC="0.91" CONTENT="kyrkas"/><SP WIDTH="15" VPOS="1118" HPOS="687"/>
							<String ID="string_238" HPOS="702" VPOS="1117" WIDTH="148" HEIGHT="27" WC="0.91" CONTENT="saliggörande"/><SP WIDTH="15" VPOS="1117" HPOS="850"/>
							<String ID="string_239" HPOS="865" VPOS="1123" WIDTH="48" HEIGHT="15" WC="0.92" CONTENT="ver-"/>
						</TextLine>
						<TextLine ID="line_27" HPOS="79" VPOS="1145" WIDTH="835" HEIGHT="28">
							<String ID="string_240" HPOS="79" VPOS="1145" WIDTH="43" HEIGHT="21" WC="0.96" CONTENT="kan"/><SP WIDTH="24" VPOS="1145" HPOS="122"/>
							<String ID="string_241" HPOS="146" VPOS="1146" WIDTH="38" HEIGHT="21" WC="0.96" CONTENT="här"/><SP WIDTH="21" VPOS="1146" HPOS="184"/>
							<String ID="string_242" HPOS="205" VPOS="1146" WIDTH="71" HEIGHT="21" WC="0.96" CONTENT="kunna"/><SP WIDTH="16" VPOS="1146" HPOS="276"/>
							<String ID="string_243" HPOS="292" VPOS="1152" WIDTH="51" HEIGHT="15" WC="0.96" CONTENT="vara"/><SP WIDTH="15" VPOS="1152" HPOS="343"/>
							<String ID="string_244" HPOS="358" VPOS="1146" WIDTH="48" HEIGHT="21" WC="0.95" CONTENT="med"/><SP WIDTH="16" VPOS="1146" HPOS="406"/>
							<String ID="string_245" HPOS="422" VPOS="1146" WIDTH="6" HEIGHT="20" WC="0.95" CONTENT="i"/><SP WIDTH="16" VPOS="1146" HPOS="428"/>
							<String ID="string_246" HPOS="444" VPOS="1147" WIDTH="82" HEIGHT="26" WC="0.96" CONTENT="spelet;"/><SP WIDTH="17" VPOS="1147" HPOS="526"/>
							<String ID="string_247" HPOS="543" VPOS="1146" WIDTH="79" HEIGHT="22" WC="0.96" CONTENT="kanske"/><SP WIDTH="17" VPOS="1146" HPOS="622"/>
							<String ID="string_248" HPOS="639" VPOS="1146" WIDTH="64" HEIGHT="22" WC="0.96" CONTENT="också"/><SP WIDTH="15" VPOS="1146" HPOS="703"/>
							<String ID="string_249" HPOS="718" VPOS="1146" WIDTH="25" HEIGHT="27" WC="0.96" CONTENT="ej."/><SP WIDTH="31" VPOS="1146" HPOS="743"/>
							<String ID="string_250" HPOS="774" VPOS="1146" WIDTH="100" HEIGHT="21" WC="0.96" CONTENT="Faktiskt"/><SP WIDTH="15" VPOS="1146" HPOS="874"/>
							<String ID="string_251" HPOS="889" VPOS="1148" WIDTH="25" HEIGHT="19" WC="0.96" CONTENT="är"/>
						</TextLine>
						<TextLine ID="line_28" HPOS="80" VPOS="1174" WIDTH="833" HEIGHT="28">
							<String ID="string_252" HPOS="80" VPOS="1174" WIDTH="62" HEIGHT="26" WC="0.96" CONTENT="dock,"/><SP WIDTH="24" VPOS="1174" HPOS="142"/>
							<String ID="string_253" HPOS="166" VPOS="1177" WIDTH="31" HEIGHT="19" WC="0.96" CONTENT="att"/><SP WIDTH="22" VPOS="1177" HPOS="197"/>
							<String ID="string_254" HPOS="219" VPOS="1175" WIDTH="118" HEIGHT="21" WC="0.93" CONTENT="utskottets"/><SP WIDTH="22" VPOS="1175" HPOS="337"/>
							<String ID="string_255" HPOS="359" VPOS="1175" WIDTH="113" HEIGHT="26" WC="0.91" CONTENT="pluralitet"/><SP WIDTH="24" VPOS="1175" HPOS="472"/>
							<String ID="string_256" HPOS="496" VPOS="1176" WIDTH="89" HEIGHT="20" WC="0.93" CONTENT="kommit"/><SP WIDTH="20" VPOS="1176" HPOS="585"/>
							<String ID="string_257" HPOS="605" VPOS="1176" WIDTH="87" HEIGHT="24" WC="0.90" CONTENT="derhän,"/><SP WIDTH="16" VPOS="1176" HPOS="692"/>
							<String ID="string_258" HPOS="708" VPOS="1178" WIDTH="32" HEIGHT="18" WC="0.96" CONTENT="att"/><SP WIDTH="15" VPOS="1178" HPOS="740"/>
							<String ID="string_259" HPOS="755" VPOS="1174" WIDTH="74" HEIGHT="28" WC="0.95" CONTENT="frågan"/><SP WIDTH="16" VPOS="1174" HPOS="829"/>
							<String ID="string_260" HPOS="845" VPOS="1175" WIDTH="19" HEIGHT="27" WC="0.96" CONTENT="ej"/><SP WIDTH="16" VPOS="1175" HPOS="864"/>
							<String ID="string_261" HPOS="880" VPOS="1174" WIDTH="33" HEIGHT="21" WC="0.96" CONTENT="för"/>
						</TextLine>
						<TextLine ID="line_29" HPOS="80" VPOS="1202" WIDTH="834" HEIGHT="28">
							<String ID="string_262" HPOS="80" VPOS="1202" WIDTH="94" HEIGHT="22" WC="0.87" CONTENT="tillfället"/><SP WIDTH="23" VPOS="1202" HPOS="174"/>
							<String ID="string_263" HPOS="197" VPOS="1203" WIDTH="90" HEIGHT="21" WC="0.87" CONTENT="behöfde"/><SP WIDTH="16" VPOS="1203" HPOS="287"/>
							<String ID="string_264" HPOS="303" VPOS="1204" WIDTH="110" HEIGHT="20" WC="0.96" CONTENT="föranleda"/><SP WIDTH="16" VPOS="1204" HPOS="413"/>
							<String ID="string_265" HPOS="429" VPOS="1204" WIDTH="33" HEIGHT="20" WC="0.96" CONTENT="till"/><SP WIDTH="17" VPOS="1204" HPOS="462"/>
							<String ID="string_266" HPOS="479" VPOS="1204" WIDTH="70" HEIGHT="26" WC="0.96" CONTENT="någon"/><SP WIDTH="16" VPOS="1204" HPOS="549"/>
							<String ID="string_267" HPOS="565" VPOS="1204" WIDTH="83" HEIGHT="26" WC="0.96" CONTENT="åtgärd."/><SP WIDTH="30" VPOS="1204" HPOS="648"/>
							<String ID="string_268" HPOS="678" VPOS="1204" WIDTH="34" HEIGHT="21" WC="0.95" CONTENT="Då"/><SP WIDTH="12" VPOS="1204" HPOS="712"/>
							<String ID="string_269" HPOS="724" VPOS="1204" WIDTH="37" HEIGHT="26" WC="0.96" CONTENT="jag"/><SP WIDTH="15" VPOS="1204" HPOS="761"/>
							<String ID="string_270" HPOS="776" VPOS="1209" WIDTH="62" HEIGHT="16" WC="0.96" CONTENT="anser"/><SP WIDTH="16" VPOS="1209" HPOS="838"/>
							<String ID="string_271" HPOS="854" VPOS="1203" WIDTH="60" HEIGHT="21" WC="0.96" CONTENT="detta"/>
						</TextLine>
						<TextLine ID="line_30" HPOS="80" VPOS="1231" WIDTH="833" HEIGHT="28">
							<String ID="string_272" HPOS="80" VPOS="1231" WIDTH="79" HEIGHT="21" WC="0.96" CONTENT="ärende"/><SP WIDTH="15" VPOS="1231" HPOS="159"/>
							<String ID="string_273" HPOS="174" VPOS="1238" WIDTH="52" HEIGHT="15" WC="0.96" CONTENT="vara"/><SP WIDTH="15" VPOS="1238" HPOS="226"/>
							<String ID="string_274" HPOS="241" VPOS="1232" WIDTH="24" HEIGHT="21" WC="0.96" CONTENT="af"/><SP WIDTH="14" VPOS="1232" HPOS="265"/>
							<String ID="string_275" HPOS="279" VPOS="1232" WIDTH="76" HEIGHT="27" WC="0.96" CONTENT="högsta"/><SP WIDTH="16" VPOS="1232" HPOS="355"/>
							<String ID="string_276" HPOS="371" VPOS="1233" WIDTH="44" HEIGHT="26" WC="0.96" CONTENT="vigt"/><SP WIDTH="16" VPOS="1233" HPOS="415"/>
							<String ID="string_277" HPOS="431" VPOS="1232" WIDTH="42" HEIGHT="21" WC="0.96" CONTENT="och"/><SP WIDTH="16" VPOS="1232" HPOS="473"/>
							<String ID="string_278" HPOS="489" VPOS="1233" WIDTH="87" HEIGHT="25" WC="0.96" CONTENT="önskar,"/><SP WIDTH="16" VPOS="1233" HPOS="576"/>
							<String ID="string_279" HPOS="592" VPOS="1235" WIDTH="32" HEIGHT="18" WC="0.96" CONTENT="att"/><SP WIDTH="16" VPOS="1235" HPOS="624"/>
							<String ID="string_280" HPOS="640" VPOS="1232" WIDTH="36" HEIGHT="21" WC="0.96" CONTENT="det"/><SP WIDTH="13" VPOS="1232" HPOS="676"/>
							<String ID="string_281" HPOS="689" VPOS="1233" WIDTH="24" HEIGHT="26" WC="0.96" CONTENT="ju"/><SP WIDTH="15" VPOS="1233" HPOS="713"/>
							<String ID="string_282" HPOS="728" VPOS="1233" WIDTH="44" HEIGHT="20" WC="0.96" CONTENT="förr"/><SP WIDTH="16" VPOS="1233" HPOS="772"/>
							<String ID="string_283" HPOS="788" VPOS="1232" WIDTH="48" HEIGHT="21" WC="0.96" CONTENT="dess"/><SP WIDTH="10" VPOS="1232" HPOS="836"/>
							<String ID="string_284" HPOS="846" VPOS="1231" WIDTH="67" HEIGHT="21" WC="0.96" CONTENT="hellre"/>
						</TextLine>
						<TextLine ID="line_31" HPOS="80" VPOS="1259" WIDTH="833" HEIGHT="29">
							<String ID="string_285" HPOS="80" VPOS="1259" WIDTH="67" HEIGHT="22" WC="0.96" CONTENT="måtte"/><SP WIDTH="23" VPOS="1259" HPOS="147"/>
							<String ID="string_286" HPOS="170" VPOS="1260" WIDTH="48" HEIGHT="21" WC="0.96" CONTENT="leda"/><SP WIDTH="17" VPOS="1260" HPOS="218"/>
							<String ID="string_287" HPOS="235" VPOS="1261" WIDTH="33" HEIGHT="20" WC="0.96" CONTENT="till"/><SP WIDTH="15" VPOS="1261" HPOS="268"/>
							<String ID="string_288" HPOS="283" VPOS="1267" WIDTH="26" HEIGHT="15" WC="0.96" CONTENT="en"/><SP WIDTH="17" VPOS="1267" HPOS="309"/>
							<String ID="string_289" HPOS="326" VPOS="1261" WIDTH="78" HEIGHT="26" WC="0.95" CONTENT="lycklig"/><SP WIDTH="15" VPOS="1261" HPOS="404"/>
							<String ID="string_290" HPOS="419" VPOS="1261" WIDTH="92" HEIGHT="26" WC="0.95" CONTENT="lösning,"/><SP WIDTH="17" VPOS="1261" HPOS="511"/>
							<String ID="string_291" HPOS="528" VPOS="1261" WIDTH="38" HEIGHT="21" WC="0.96" CONTENT="ber"/><SP WIDTH="13" VPOS="1261" HPOS="566"/>
							<String ID="string_292" HPOS="579" VPOS="1262" WIDTH="37" HEIGHT="26" WC="0.96" CONTENT="jag"/><SP WIDTH="15" VPOS="1262" HPOS="616"/>
							<String ID="string_293" HPOS="631" VPOS="1263" WIDTH="32" HEIGHT="19" WC="0.96" CONTENT="att"/><SP WIDTH="12" VPOS="1263" HPOS="663"/>
							<String ID="string_294" HPOS="675" VPOS="1262" WIDTH="28" HEIGHT="26" WC="0.96" CONTENT="på"/><SP WIDTH="15" VPOS="1262" HPOS="703"/>
							<String ID="string_295" HPOS="718" VPOS="1261" WIDTH="36" HEIGHT="21" WC="0.96" CONTENT="det"/><SP WIDTH="16" VPOS="1261" HPOS="754"/>
							<String ID="string_296" HPOS="770" VPOS="1262" WIDTH="105" HEIGHT="20" WC="0.96" CONTENT="varmaste"/><SP WIDTH="16" VPOS="1262" HPOS="875"/>
							<String ID="string_297" HPOS="891" VPOS="1259" WIDTH="22" HEIGHT="22" WC="0.97" CONTENT="få"/>
						</TextLine>
						<TextLine ID="line_32" HPOS="79" VPOS="1288" WIDTH="835" HEIGHT="29">
							<String ID="string_298" HPOS="79" VPOS="1288" WIDTH="140" HEIGHT="27" WC="0.95" CONTENT="understödja"/><SP WIDTH="16" VPOS="1288" HPOS="219"/>
							<String ID="string_299" HPOS="235" VPOS="1289" WIDTH="40" HEIGHT="22" WC="0.96" CONTENT="den"/><SP WIDTH="16" VPOS="1289" HPOS="275"/>
							<String ID="string_300" HPOS="291" VPOS="1289" WIDTH="137" HEIGHT="26" WC="0.96" CONTENT="reservation,"/><SP WIDTH="18" VPOS="1289" HPOS="428"/>
							<String ID="string_301" HPOS="446" VPOS="1295" WIDTH="47" HEIGHT="16" WC="0.96" CONTENT="som"/><SP WIDTH="16" VPOS="1295" HPOS="493"/>
							<String ID="string_302" HPOS="509" VPOS="1289" WIDTH="67" HEIGHT="22" WC="0.96" CONTENT="finnes"/><SP WIDTH="15" VPOS="1289" HPOS="576"/>
							<String ID="string_303" HPOS="591" VPOS="1290" WIDTH="28" HEIGHT="27" WC="0.93" CONTENT="på"/><SP WIDTH="16" VPOS="1290" HPOS="619"/>
							<String ID="string_304" HPOS="635" VPOS="1296" WIDTH="48" HEIGHT="21" WC="0.90" CONTENT="pag."/><SP WIDTH="17" VPOS="1296" HPOS="683"/>
							<String ID="string_305" HPOS="700" VPOS="1291" WIDTH="32" HEIGHT="25" WC="0.96" CONTENT="12,"/><SP WIDTH="18" VPOS="1291" HPOS="732"/>
							<String ID="string_306" HPOS="750" VPOS="1289" WIDTH="38" HEIGHT="22" WC="0.96" CONTENT="och"/><SP WIDTH="14" VPOS="1289" HPOS="788"/>
							<String ID="string_307" HPOS="802" VPOS="1289" WIDTH="66" HEIGHT="26" WC="0.96" CONTENT="vågar"/><SP WIDTH="8" VPOS="1289" HPOS="868"/>
							<String ID="string_308" HPOS="876" VPOS="1288" WIDTH="38" HEIGHT="27" WC="0.96" CONTENT="jag"/>
						</TextLine>
						<TextLine ID="line_33" HPOS="80" VPOS="1317" WIDTH="834" HEIGHT="28">
							<String ID="string_309" HPOS="80" VPOS="1317" WIDTH="88" HEIGHT="27" WC="0.96" CONTENT="hoppas,"/><SP WIDTH="23" VPOS="1317" HPOS="168"/>
							<String ID="string_310" HPOS="191" VPOS="1320" WIDTH="32" HEIGHT="19" WC="0.93" CONTENT="att"/><SP WIDTH="23" VPOS="1320" HPOS="223"/>
							<String ID="string_311" HPOS="246" VPOS="1318" WIDTH="181" HEIGHT="27" WC="0.91" CONTENT="Borgareståndet"/><SP WIDTH="16" VPOS="1318" HPOS="427"/>
							<String ID="string_312" HPOS="443" VPOS="1320" WIDTH="25" HEIGHT="19" WC="0.96" CONTENT="är"/><SP WIDTH="17" VPOS="1320" HPOS="468"/>
							<String ID="string_313" HPOS="485" VPOS="1325" WIDTH="42" HEIGHT="20" WC="0.93" CONTENT="nog"/><SP WIDTH="15" VPOS="1325" HPOS="527"/>
							<String ID="string_314" HPOS="542" VPOS="1318" WIDTH="113" HEIGHT="23" WC="0.90" CONTENT="frisinnadt"/><SP WIDTH="15" VPOS="1318" HPOS="655"/>
							<String ID="string_315" HPOS="670" VPOS="1321" WIDTH="32" HEIGHT="19" WC="0.96" CONTENT="att"/><SP WIDTH="15" VPOS="1321" HPOS="702"/>
							<String ID="string_316" HPOS="717" VPOS="1319" WIDTH="45" HEIGHT="21" WC="0.93" CONTENT="inse"/><SP WIDTH="15" VPOS="1319" HPOS="762"/>
							<String ID="string_317" HPOS="777" VPOS="1317" WIDTH="100" HEIGHT="22" WC="0.90" CONTENT="behofvet"/><SP WIDTH="15" VPOS="1317" HPOS="877"/>
							<String ID="string_318" HPOS="892" VPOS="1317" WIDTH="22" HEIGHT="22" WC="0.96" CONTENT="af"/>
						</TextLine>
						<TextLine ID="line_34" HPOS="80" VPOS="1345" WIDTH="281" HEIGHT="28">
							<String ID="string_319" HPOS="80" VPOS="1352" WIDTH="26" HEIGHT="15" WC="0.96" CONTENT="en"/><SP WIDTH="17" VPOS="1352" HPOS="106"/>
							<String ID="string_320" HPOS="123" VPOS="1345" WIDTH="58" HEIGHT="28" WC="0.93" CONTENT="dylik"/><SP WIDTH="16" VPOS="1345" HPOS="181"/>
							<String ID="string_321" HPOS="197" VPOS="1347" WIDTH="164" HEIGHT="21" WC="0.92" CONTENT="samvetsfrihet."/>
						</TextLine>
					</TextBlock>
				</ComposedBlock>
				<ComposedBlock ID="cblock_7" HPOS="79" VPOS="1403" WIDTH="837" HEIGHT="143">
					<TextBlock ID="block_6" HPOS="79" VPOS="1403" WIDTH="837" HEIGHT="143">
						<TextLine ID="line_35" HPOS="149" VPOS="1403" WIDTH="764" HEIGHT="28">
							<String ID="string_322" HPOS="149" VPOS="1403" WIDTH="56" HEIGHT="22" WC="0.93" CONTENT="Herr"/><SP WIDTH="23" VPOS="1403" HPOS="205"/>
							<String ID="string_323" HPOS="228" VPOS="1404" WIDTH="219" HEIGHT="22" WC="0.91" CONTENT="Hasselblatt:"/><SP WIDTH="26" VPOS="1404" HPOS="447"/>
							<String ID="string_324" HPOS="473" VPOS="1405" WIDTH="34" HEIGHT="21" WC="0.96" CONTENT="Då"/><SP WIDTH="23" VPOS="1405" HPOS="507"/>
							<String ID="string_325" HPOS="530" VPOS="1405" WIDTH="18" HEIGHT="26" WC="0.96" CONTENT="ej"/><SP WIDTH="23" VPOS="1405" HPOS="548"/>
							<String ID="string_326" HPOS="571" VPOS="1404" WIDTH="68" HEIGHT="22" WC="0.96" CONTENT="heller"/><SP WIDTH="20" VPOS="1404" HPOS="639"/>
							<String ID="string_327" HPOS="659" VPOS="1405" WIDTH="36" HEIGHT="26" WC="0.96" CONTENT="jag"/><SP WIDTH="22" VPOS="1405" HPOS="695"/>
							<String ID="string_328" HPOS="717" VPOS="1404" WIDTH="41" HEIGHT="21" WC="0.96" CONTENT="kan"/><SP WIDTH="22" VPOS="1404" HPOS="758"/>
							<String ID="string_329" HPOS="780" VPOS="1403" WIDTH="92" HEIGHT="22" WC="0.96" CONTENT="omfatta"/><SP WIDTH="15" VPOS="1403" HPOS="872"/>
							<String ID="string_330" HPOS="887" VPOS="1403" WIDTH="26" HEIGHT="22" WC="0.96" CONTENT="de"/>
						</TextLine>
						<TextLine ID="line_36" HPOS="79" VPOS="1432" WIDTH="837" HEIGHT="29">
							<String ID="string_331" HPOS="79" VPOS="1432" WIDTH="53" HEIGHT="25" WC="0.96" CONTENT="skäl,"/><SP WIDTH="23" VPOS="1432" HPOS="132"/>
							<String ID="string_332" HPOS="155" VPOS="1438" WIDTH="45" HEIGHT="15" WC="0.96" CONTENT="som"/><SP WIDTH="24" VPOS="1438" HPOS="200"/>
							<String ID="string_333" HPOS="224" VPOS="1433" WIDTH="105" HEIGHT="22" WC="0.93" CONTENT="utskottet"/><SP WIDTH="23" VPOS="1433" HPOS="329"/>
							<String ID="string_334" HPOS="352" VPOS="1433" WIDTH="97" HEIGHT="28" WC="0.92" CONTENT="angifver"/><SP WIDTH="20" VPOS="1433" HPOS="449"/>
							<String ID="string_335" HPOS="469" VPOS="1434" WIDTH="71" HEIGHT="21" WC="0.96" CONTENT="såsom"/><SP WIDTH="17" VPOS="1434" HPOS="540"/>
							<String ID="string_336" HPOS="557" VPOS="1433" WIDTH="64" HEIGHT="22" WC="0.96" CONTENT="motiv"/><SP WIDTH="16" VPOS="1433" HPOS="621"/>
							<String ID="string_337" HPOS="637" VPOS="1433" WIDTH="32" HEIGHT="22" WC="0.96" CONTENT="för"/><SP WIDTH="15" VPOS="1433" HPOS="669"/>
							<String ID="string_338" HPOS="684" VPOS="1433" WIDTH="37" HEIGHT="21" WC="0.93" CONTENT="sitt"/><SP WIDTH="15" VPOS="1433" HPOS="721"/>
							<String ID="string_339" HPOS="736" VPOS="1432" WIDTH="140" HEIGHT="28" WC="0.91" CONTENT="afstyrkande"/><SP WIDTH="15" VPOS="1432" HPOS="876"/>
							<String ID="string_340" HPOS="891" VPOS="1432" WIDTH="25" HEIGHT="21" WC="0.96" CONTENT="af"/>
						</TextLine>
						<TextLine ID="line_37" HPOS="80" VPOS="1461" WIDTH="836" HEIGHT="27">
							<String ID="string_341" HPOS="80" VPOS="1461" WIDTH="123" HEIGHT="27" WC="0.92" CONTENT="petitionen,"/><SP WIDTH="22" VPOS="1461" HPOS="203"/>
							<String ID="string_342" HPOS="225" VPOS="1464" WIDTH="51" HEIGHT="18" WC="0.92" CONTENT="utan"/><SP WIDTH="24" VPOS="1464" HPOS="276"/>
							<String ID="string_343" HPOS="300" VPOS="1461" WIDTH="108" HEIGHT="22" WC="0.77" CONTENT="fasthellre"/><SP WIDTH="23" VPOS="1461" HPOS="408"/>
							<String ID="string_344" HPOS="431" VPOS="1468" WIDTH="66" HEIGHT="16" WC="0.96" CONTENT="anser"/><SP WIDTH="22" VPOS="1468" HPOS="497"/>
							<String ID="string_345" HPOS="519" VPOS="1468" WIDTH="26" HEIGHT="15" WC="0.93" CONTENT="en"/><SP WIDTH="16" VPOS="1468" HPOS="545"/>
							<String ID="string_346" HPOS="561" VPOS="1462" WIDTH="139" HEIGHT="26" WC="0.92" CONTENT="dissenterlag"/><SP WIDTH="16" VPOS="1462" HPOS="700"/>
							<String ID="string_347" HPOS="716" VPOS="1461" WIDTH="33" HEIGHT="21" WC="0.96" CONTENT="för"/><SP WIDTH="15" VPOS="1461" HPOS="749"/>
							<String ID="string_348" HPOS="764" VPOS="1462" WIDTH="46" HEIGHT="20" WC="0.96" CONTENT="vårt"/><SP WIDTH="16" VPOS="1462" HPOS="810"/>
							<String ID="string_349" HPOS="826" VPOS="1461" WIDTH="49" HEIGHT="21" WC="0.96" CONTENT="land"/><SP WIDTH="16" VPOS="1461" HPOS="875"/>
							<String ID="string_350" HPOS="891" VPOS="1461" WIDTH="25" HEIGHT="21" WC="0.97" CONTENT="af"/>
						</TextLine>
						<TextLine ID="line_38" HPOS="79" VPOS="1490" WIDTH="835" HEIGHT="27">
							<String ID="string_351" HPOS="79" VPOS="1491" WIDTH="81" HEIGHT="19" WC="0.91" CONTENT="största"/><SP WIDTH="22" VPOS="1491" HPOS="160"/>
							<String ID="string_352" HPOS="182" VPOS="1490" WIDTH="67" HEIGHT="21" WC="0.91" CONTENT="behof"/><SP WIDTH="20" VPOS="1490" HPOS="249"/>
							<String ID="string_353" HPOS="269" VPOS="1490" WIDTH="107" HEIGHT="27" WC="0.96" CONTENT="påkallad,"/><SP WIDTH="22" VPOS="1490" HPOS="376"/>
							<String ID="string_354" HPOS="398" VPOS="1490" WIDTH="38" HEIGHT="21" WC="0.96" CONTENT="ber"/><SP WIDTH="22" VPOS="1490" HPOS="436"/>
							<String ID="string_355" HPOS="458" VPOS="1491" WIDTH="38" HEIGHT="26" WC="0.96" CONTENT="jag"/><SP WIDTH="15" VPOS="1491" HPOS="496"/>
							<String ID="string_356" HPOS="511" VPOS="1492" WIDTH="38" HEIGHT="24" WC="0.95" CONTENT="att,"/><SP WIDTH="15" VPOS="1492" HPOS="549"/>
							<String ID="string_357" HPOS="564" VPOS="1490" WIDTH="7" HEIGHT="21" WC="0.96" CONTENT="i"/><SP WIDTH="16" VPOS="1490" HPOS="571"/>
							<String ID="string_358" HPOS="587" VPOS="1490" WIDTH="68" HEIGHT="21" WC="0.96" CONTENT="likhet"/><SP WIDTH="16" VPOS="1490" HPOS="655"/>
							<String ID="string_359" HPOS="671" VPOS="1490" WIDTH="48" HEIGHT="21" WC="0.96" CONTENT="med"/><SP WIDTH="16" VPOS="1490" HPOS="719"/>
							<String ID="string_360" HPOS="735" VPOS="1490" WIDTH="49" HEIGHT="21" WC="0.95" CONTENT="herr"/><SP WIDTH="16" VPOS="1490" HPOS="784"/>
							<String ID="string_361" HPOS="800" VPOS="1490" WIDTH="114" HEIGHT="25" WC="0.95" CONTENT="Wallgren,"/>
						</TextLine>
						<TextLine ID="line_39" HPOS="81" VPOS="1517" WIDTH="833" HEIGHT="29">
							<String ID="string_362" HPOS="81" VPOS="1517" WIDTH="21" HEIGHT="22" WC="0.96" CONTENT="få"/><SP WIDTH="23" VPOS="1517" HPOS="102"/>
							<String ID="string_363" HPOS="125" VPOS="1517" WIDTH="74" HEIGHT="22" WC="0.96" CONTENT="förena"/><SP WIDTH="22" VPOS="1517" HPOS="199"/>
							<String ID="string_364" HPOS="221" VPOS="1518" WIDTH="44" HEIGHT="27" WC="0.96" CONTENT="mig"/><SP WIDTH="21" VPOS="1518" HPOS="265"/>
							<String ID="string_365" HPOS="286" VPOS="1525" WIDTH="33" HEIGHT="14" WC="0.95" CONTENT="om"/><SP WIDTH="20" VPOS="1525" HPOS="319"/>
							<String ID="string_366" HPOS="339" VPOS="1518" WIDTH="41" HEIGHT="21" WC="0.96" CONTENT="den"/><SP WIDTH="16" VPOS="1518" HPOS="380"/>
							<String ID="string_367" HPOS="396" VPOS="1519" WIDTH="142" HEIGHT="27" WC="0.96" CONTENT="reservation,"/><SP WIDTH="16" VPOS="1519" HPOS="538"/>
							<String ID="string_368" HPOS="554" VPOS="1525" WIDTH="46" HEIGHT="16" WC="0.96" CONTENT="som"/><SP WIDTH="15" VPOS="1525" HPOS="600"/>
							<String ID="string_369" HPOS="615" VPOS="1519" WIDTH="68" HEIGHT="22" WC="0.96" CONTENT="finnes"/><SP WIDTH="15" VPOS="1519" HPOS="683"/>
							<String ID="string_370" HPOS="698" VPOS="1518" WIDTH="24" HEIGHT="21" WC="0.96" CONTENT="af"/><SP WIDTH="14" VPOS="1518" HPOS="722"/>
							<String ID="string_371" HPOS="736" VPOS="1519" WIDTH="116" HEIGHT="21" WC="0.96" CONTENT="utskottets"/><SP WIDTH="16" VPOS="1519" HPOS="852"/>
							<String ID="string_372" HPOS="868" VPOS="1519" WIDTH="46" HEIGHT="20" WC="0.96" CONTENT="åtta"/>
						</TextLine>
					</TextBlock>
				</ComposedBlock>
				<ComposedBlock ID="cblock_8" HPOS="810" VPOS="1558" WIDTH="34" HEIGHT="18">
					<TextBlock ID="block_7" HPOS="810" VPOS="1558" WIDTH="34" HEIGHT="18">
						<TextLine ID="line_40" HPOS="810" VPOS="1558" WIDTH="34" HEIGHT="18">
							<String ID="string_373" HPOS="810" VPOS="1558" WIDTH="34" HEIGHT="18" WC="0.95" CONTENT="102"/>
						</TextLine>
					</TextBlock>
				</ComposedBlock>
			</PrintSpace>
		</Page>
	</Layout>
</alto>
