1125 1811
311 127 182 21 Borgareständet
507 128 58 16 1882.
591 128 7 16 1
609 128 54 20 juni.
848 123 54 22 1681

141 195 126 27 inbjudning
281 194 46 22 från
343 195 159 27 Ridderskapet
519 195 39 22 och
575 196 69 21 Adeln
659 196 90 22 rörande
760 196 144 23 tillsättandet

72 224 22 21 af
108 230 26 16 en
149 224 80 22 komité
245 224 34 21 för
294 226 31 19 att
342 226 96 25 uppgöra
455 224 81 27 förslag
551 224 32 22 till
601 226 46 26 nytt
663 225 130 27 reglemente
809 225 34 21 för
853 226 50 21 Fin-

72 253 60 21 lands
148 253 67 21 Bank.

141 355 115 28 Upplästes
273 362 25 15 en
313 348 113 29 skrifvelse
442 355 48 22 från
503 356 209 27 jernvägsutskottet
728 356 34 22 för
772 357 70 22 denna
853 357 50 28 dag,

72 385 24 21 så
111 385 102 27 lydande:

209 441 41 22 Till
265 441 113 27 Vällofliga
394 442 191 27 Borgareståndet.

142 499 69 22 Sedan
234 499 156 26 Ridderskapet
414 499 40 21 och
478 499 70 21 Adeln
571 500 56 20 samt
642 499 85 21 Preste-
743 499 40 22 och
798 500 104 27 Borgare-

74 528 88 27 stånden
179 528 81 26 antagit
271 528 115 21 utskottets
398 527 300 28 sammanjemkningsförslag
713 528 6 21 i
735 527 60 27 fråga
810 534 35 15 om
860 529 42 21 den

75 556 172 23 Österbottniska
269 557 81 21 banans
372 556 132 27 sträckning,
521 557 54 20 dock
591 557 90 20 sålunda
697 559 32 18 att
745 557 158 27 Ridderskapet

74 585 38 21 och
135 585 70 21 Adeln
227 585 104 21 förkastat
353 585 94 21 bibanan
463 585 34 21 till
512 585 120 21 Brahestad
648 585 39 21 och
709 585 70 27 någon
796 585 58 27 dylik
870 586 33 21 bi-

74 614 56 21 bana
153 614 19 26 ej
194 614 67 20 heller
283 614 60 26 ingår
365 614 6 20 i
387 613 174 22 Bondeståndets
577 613 113 22 afvikande
706 614 76 26 beslut,
799 614 32 21 får
844 614 58 27 jern-

73 643 158 27 vägsutskottet
251 642 33 22 för
307 642 105 22 ernående
434 642 24 21 af
480 642 61 22 äfven
557 642 83 22 formell
657 642 220 23 öfverensstämmelse
893 644 7 20 i

73 671 105 22 Ståndens
200 671 76 25 beslut,
299 671 109 21 vördsamt
430 671 82 21 föreslå
534 673 33 19 att
589 670 137 27 Högvördiga
741 671 161 22 Presteståndet

74 700 39 21 och
135 699 112 27 Vällofliga
269 700 182 26 Borgareståndet
474 700 50 20 ville
547 699 55 22 afstå
624 699 47 22 från
687 700 47 21 sina
749 700 57 21 förut
820 700 82 22 fattade

73 728 71 22 beslut
158 729 8 20 i
181 728 60 27 fråga
256 734 33 16 om
306 728 77 22 bibana
398 729 33 21 till
447 728 128 22 Brahestad.

142 785 89 22 Ståndet
254 785 68 22 beslöt
345 787 32 20 att
399 786 135 21 omedelbart
550 787 93 25 upptaga
659 785 68 22 denna
742 786 112 21 skrifvelse
869 786 33 21 till

72 813 136 28 behandling.

141 871 56 21 Herr
218 871 128 27 Nystén:
368 871 34 22 Då
418 871 171 24 Bondeståndet,
605 872 66 27 enligt
687 871 56 22 hvad
754 871 35 22 det
799 872 35 21 vid
843 872 59 21 detta

72 899 86 27 plenum
175 899 98 27 upplästa
288 900 222 27 protokollsutdraget
524 900 67 26 gifver
602 901 34 20 vid
647 901 90 23 handen,
749 900 87 27 afslagit
843 900 59 26 jern-

72 928 169 26 vägsutskottets
257 928 30 21 till
303 928 162 22 Bondeståndet
480 928 82 22 aflåtna
576 928 157 28 framställning
749 931 32 19 att
796 930 59 26 yttra
870 929 32 27 sig

73 962 34 15 om
131 957 84 21 ståndet
231 957 100 25 önskade,
347 959 32 19 att
395 957 40 21 den
452 957 24 21 af
490 958 26 20 de
532 958 68 26 öfriga
616 958 90 21 stånden
721 958 99 21 beslutna
836 959 66 19 öster-

72 985 110 21 bottniska
207 985 278 28 hufvudbansträckningen
501 986 70 21 skulle
587 986 68 22 förses
671 986 48 22 med
734 993 26 15 en
775 986 79 21 bibana
869 986 33 20 till

71 1014 119 22 Brahestad
213 1014 52 22 eller
286 1014 25 27 ej,
335 1014 39 22 har
394 1014 184 28 jernvägsfrågan,
599 1015 71 21 såsom
686 1015 84 26 bekant,
786 1015 37 21 det
838 1014 63 27 läget,

72 1045 32 19 att
120 1043 36 21 två
171 1043 62 21 stånd
249 1043 83 27 antagit
347 1050 26 14 en
389 1043 170 27 bansträckning
573 1043 190 22 Nurmo—Gamla
777 1043 124 27 Karleby—

72 1071 108 27 Uleåborg
195 1072 48 21 med
259 1071 77 22 bibana
351 1072 34 21 till
395 1072 129 26 Brahestad,
536 1074 30 19 ett
577 1072 63 21 stånd
656 1072 68 22 denna
735 1072 167 26 bansträckning

72 1102 51 18 utan
146 1100 67 26 sagda
228 1100 78 22 bibana
321 1100 40 22 och
378 1100 35 22 det
428 1100 70 27 fjerde
514 1100 91 24 ståndet,
621 1101 166 26 Bondeståndet,
804 1106 26 16 en
846 1100 56 22 bana

71 1128 72 26 längre
166 1129 21 21 in
203 1129 6 21 i
224 1129 79 26 landet,
319 1129 42 21 fem
377 1129 13 21 å
405 1135 37 15 sex
458 1129 38 21 mil
513 1129 47 21 från
575 1130 84 20 kusten.
689 1130 42 21 Vid
748 1130 58 21 detta
822 1129 80 21 förhål-

71 1157 62 21 lande
149 1158 41 20 kan
203 1158 38 27 jag
256 1158 17 26 ej
291 1158 64 26 finna,
371 1160 32 19 att
419 1158 165 21 Ständerbeslut
600 1164 34 15 om
650 1159 70 26 någon
735 1158 167 26 bansträckning

72 1187 56 20 ännu
151 1186 68 22 skulle
241 1186 108 27 föreligga,
366 1186 40 22 och
422 1186 24 22 så
462 1192 64 21 synes
542 1186 61 22 äfven
618 1187 206 27 jernvägsutskottet
839 1186 63 21 hafva

71 1214 109 27 uppfattat
200 1215 72 26 saken,
297 1215 100 22 eftersom
421 1215 37 21 det
482 1215 113 22 inkommit
619 1216 32 21 till
666 1215 181 28 Borgareståndet
862 1214 40 22 och

71 1242 161 23 Presteståndet
247 1244 48 20 med
311 1243 158 28 framställning
486 1250 42 20 om,
544 1246 31 19 att
592 1244 62 21 dessa
669 1245 63 20 stånd
747 1244 68 21 skulle
826 1243 76 27 frångå

71 1271 47 21 sina
143 1272 69 21 beslut
228 1272 131 22 beträffande
375 1272 94 21 bibanan
486 1272 33 21 till
535 1272 125 22 Brahestad.
691 1273 42 22 Det
748 1275 24 18 är
787 1272 62 21 äfven
866 1278 36 15 en-

71 1299 39 28 ligt
125 1301 43 20 min
183 1301 64 21 tanke
263 1301 65 24 fallet,
345 1303 31 20 att
390 1301 177 27 jernvägsfrågan
583 1303 24 19 är
623 1301 21 22 af
660 1301 40 22 den
715 1303 69 24 natur,
800 1303 33 19 att
843 1300 59 22 stån-

72 1328 50 21 dens
139 1329 69 21 beslut
223 1336 34 15 om
274 1330 61 21 dessa
350 1330 196 26 bansträckningar
562 1330 18 27 ej
597 1330 72 21 kunna
684 1330 63 21 bitvis
758 1329 143 27 bortplockas,

71 1359 51 19 utan
137 1360 33 19 att
186 1359 30 20 ett
231 1358 74 22 stånds
320 1359 70 21 beslut
406 1365 34 15 om
456 1365 28 15 en
500 1359 66 21 sådan
582 1358 164 27 bansträckning
762 1359 66 20 måste
841 1357 61 22 inne-

71 1385 52 22 bära
142 1387 101 21 sträckan
258 1387 7 21 i
281 1387 47 22 dess
344 1387 79 22 helhet.
455 1387 52 22 Med
523 1387 115 26 anledning
654 1388 61 21 deraf
729 1387 73 28 tyckes
818 1386 36 21 det
869 1386 33 21 åt-

71 1415 105 22 minstone
200 1415 43 26 mig
258 1416 69 21 såsom
343 1422 35 15 om
391 1416 212 27 jernvägsutskottet
618 1416 49 21 bort
683 1423 49 14 anse
747 1416 74 26 frågan
837 1415 64 21 hafva

72 1443 53 22 varit
150 1444 6 21 i
173 1444 35 21 det
224 1444 53 27 läge,
292 1446 32 19 att
340 1445 92 25 lagenlig
448 1445 114 25 pluralitet
577 1445 23 21 af
614 1445 26 21 de
656 1445 57 21 olika
729 1445 138 25 meningarna
883 1443 18 27 ej

71 1471 81 22 kunnat
168 1473 73 21 vinnas
257 1473 39 21 och
311 1473 89 21 ärendet
416 1473 92 21 sålunda
524 1474 26 26 gå
559 1473 31 21 till
601 1473 101 22 förstärkt
712 1467 191 38 jernvägsutskott.

71 1499 49 22 Men
143 1501 68 21 skulle
233 1501 62 22 äfven
317 1508 26 14 en
359 1501 160 26 framställning
534 1502 33 21 för
591 1502 106 21 vinnande
719 1502 23 21 af
756 1501 145 27 ståndsplura-

799 1540 33 19 106
