1125 1811
327 136 187 23 Borgareståndet
525 138 60 17 1882.
610 138 27 17 25
649 138 49 21 maj.
873 134 56 20 1477

167 207 56 21 Herr
245 207 130 21 Kurtén:
406 206 40 22 Om
470 206 40 22 det
532 206 70 22 skulle
625 212 51 16 vara
699 208 32 20 ett
752 206 24 22 så
791 206 75 28 vigtigt
881 207 47 22 skäl

99 236 33 21 för
146 236 118 26 åläggande
279 235 24 21 af
317 235 177 27 egendomsskatt
510 236 70 21 såsom
603 235 122 28 ersättning
747 235 33 21 för
802 236 126 21 rotevakan-

98 270 44 20 sen,
158 266 33 20 att
205 264 35 22 vid
255 264 143 22 instundande
413 264 48 26 krig
478 264 28 21 de
528 263 109 22 indirekta
659 264 113 22 skatterna
790 264 138 26 ovilkorligen

98 293 85 21 komme
198 295 33 19 att
245 292 94 21 minskas
354 292 39 21 och
408 294 33 19 att
456 292 28 21 de
506 292 95 21 militära
617 292 104 21 behofven
743 293 46 21 icke
804 292 72 22 kunde
890 293 40 27 fyl-

99 321 37 26 las,
152 321 24 21 så
190 321 65 21 framt
269 320 19 27 ej
311 327 26 15 en
353 321 67 20 sådan
442 321 179 26 egendomsskatt
643 321 110 26 existerar,
777 321 27 21 då
824 321 69 22 måste
907 321 21 21 vi

98 349 79 22 bereda
192 355 35 16 oss
242 349 28 28 på
292 351 32 20 att
339 351 75 20 votera
436 355 27 16 en
480 349 86 27 rundlig
582 349 181 28 egendomsskatt,
783 349 49 23 icke
854 356 73 15 ensam

98 377 149 23 motsvarande
263 377 40 22 den
318 378 129 21 rotevakans
463 377 20 22 vi
500 377 84 28 aflyfta.
613 377 32 28 Ty
660 380 32 19 ett
711 378 77 27 belopp
804 378 22 21 af
840 378 89 27 ungefär

98 413 27 16 en
140 407 46 22 half
199 406 72 27 miljon
294 408 24 19 är
339 407 73 21 alltför
437 406 51 22 litet
504 406 34 22 för
553 408 33 20 att
601 407 28 21 då
644 408 54 25 väga
712 407 134 28 synnerligen
862 407 6 21 i
879 407 49 26 våg-

98 435 81 22 skålen.
209 435 40 22 Vid
265 435 74 27 frågan
355 441 35 16 om
405 435 105 22 Finlands
526 435 112 27 möjlighet
652 437 33 20 att
696 435 96 22 försvara
802 436 30 27 sig
842 435 7 22 i
857 435 71 28 krigs-

98 465 32 21 tid
144 463 67 28 gäller
226 464 77 27 många
318 464 102 27 miljoner.
590 483 7 8 .

168 521 153 22 Diskussionen
336 521 124 27 afslutades,
470 521 53 22 derå
531 521 50 22 herr
620 521 164 22 Talmannen
800 521 30 22 lät
838 521 90 28 uppläsa

100 550 95 28 följande
211 550 289 28 omröstningsproposition:

168 607 53 27 »De,
236 606 73 22 hvilka
323 607 114 27 godkänna
452 594 329 45 sammanjemkningsförslaget,
792 608 59 20 rösta
864 606 34 28 ja;

166 664 75 21 vinner
255 664 41 27 nej,
312 663 39 22 har
367 664 88 22 ståndet
470 664 49 22 med
536 664 140 22 förkastande
691 664 23 22 af
727 664 102 28 förslaget
844 664 85 22 vidblif-

97 693 32 21 vit
144 692 39 22 sitt
197 692 91 28 tidigare
304 692 71 22 beslut
390 692 6 22 i
412 692 96 28 frågan".

167 750 164 27 Propositionen
347 749 131 23 besvarades
495 750 48 22 med
562 752 25 20 16
600 750 24 27 ja
639 750 40 22 och
695 752 27 20 33
737 750 41 27 nej.

167 807 56 21 Herr
246 807 126 22 Berner:
403 807 42 27 Jag
461 807 39 22 ber
516 809 33 20 att
564 807 21 22 få
595 807 33 22 till
636 807 130 28 protokollet
774 807 153 22 reservations-

98 836 31 21 vis
144 835 137 27 antecknadt,
294 837 32 20 att
338 835 38 28 jag
391 836 47 21 icke
454 835 96 28 bidragit
565 835 34 22 till
615 836 60 22 detta
690 835 77 22 beslut.

167 893 56 21 Herr
238 892 186 22 Liukkonen
440 892 104 22 förenade
561 893 32 27 sig
607 893 8 21 i
631 893 70 21 denna
715 893 138 21 reservation.

166 1006 121 28 Föredrogs
302 1007 227 21 Ekonomiutskottets
544 1007 119 27 bordlagda
679 1007 135 22 betänkande
834 1007 40 22 N:o
890 1008 12 20 5
920 1008 7 20 i

98 1035 114 27 anledning
227 1035 23 22 af
263 1036 59 21 Hans
337 1036 122 27 Kejserliga
475 1036 111 26 Majestäts
601 1036 78 28 nådiga
694 1036 132 27 proposition
834 1036 40 21 N:o
890 1036 36 26 25,

97 1063 147 22 innefattande
260 1064 79 26 förslag
355 1065 32 21 till
404 1064 152 27 förordningar
571 1065 110 27 angående
696 1065 95 21 vilkoren
802 1064 33 22 för
845 1064 19 27 ej
873 1064 55 22 min-

97 1092 38 21 dre
150 1092 137 27 tillverkning
302 1093 39 21 och
364 1092 141 28 destillering,
521 1095 27 19 än
567 1093 130 27 försäljning,
713 1093 90 27 forsling
818 1093 40 21 och
872 1099 54 21 upp-

98 1120 35 29 lag
148 1120 24 22 af
185 1121 87 21 bränvin
287 1124 56 19 samt
359 1122 67 21 andra
443 1122 83 21 brända
541 1122 52 22 eller
616 1122 136 22 destillerade
774 1122 152 27 spritdrycker.

166 1178 56 22 Herr
244 1179 243 27 Neppenström:
517 1179 43 27 Jag
574 1179 39 21 ber
635 1183 32 17 att
688 1179 21 21 få
731 1179 91 26 anmäla,
842 1181 33 19 att
887 1179 40 27 jag

96 1206 47 21 icke
166 1207 89 26 deltagit
269 1207 7 21 i
291 1207 201 27 slutbehandlingen
515 1207 25 21 af
560 1207 69 22 denna
651 1207 67 28 fråga,
741 1213 48 15 men
806 1207 33 22 väl
854 1207 72 21 såsom

96 1234 113 27 suppleant
224 1235 6 21 i
246 1235 208 22 ekonomiutskottet
469 1237 57 20 varit
540 1236 95 21 inkallad
651 1236 32 21 till
699 1237 67 26 några
780 1235 23 22 af
809 1236 118 22 utskottets

96 1264 180 21 sammanträden.

165 1315 56 22 Herr
237 1316 112 21 Hårdh:
380 1316 42 27 Jag
437 1316 69 21 skulle
521 1316 64 27 bedja
599 1318 39 25 att,
653 1315 71 22 förrän
739 1316 87 21 ståndet
840 1316 39 27 går
892 1316 34 22 till

95 1343 132 28 granskning
241 1345 24 21 af
279 1345 108 26 förslaget,
403 1345 22 21 få
441 1344 79 22 föreslå
535 1345 129 21 detsammas
684 1345 138 21 förkastande
837 1345 40 21 och
892 1347 33 20 att

96 1372 86 22 ståndet
196 1373 50 22 ville
261 1374 113 26 godkänna
390 1373 37 22 det
443 1373 87 26 förslag,
546 1373 81 22 hvilket
646 1373 175 22 reservationsvis
836 1373 24 22 af
876 1373 49 22 her-

95 1407 37 16 rar
145 1401 107 22 Andersin
267 1402 39 21 och
322 1402 113 21 Molander
450 1403 25 20 är
490 1402 130 21 framställdt
635 1401 40 22 och
691 1408 45 15 som
752 1402 68 27 lyder:

165 1432 46 23 »att
225 1430 58 27 Kejs.
307 1430 164 27 Förordningen
492 1431 112 26 angående
627 1430 143 27 tillverkning,
794 1431 78 27 upplag
884 1430 40 22 och

95 1459 88 27 forsling
197 1459 24 21 af
233 1459 98 27 bränvin,
346 1459 72 27 gifven
439 1459 41 21 den
496 1460 12 20 9
522 1459 46 27 juni
584 1459 55 21 1873
653 1459 66 27 jemte
734 1459 73 21 dertill
822 1459 103 26 hörande,

96 1487 78 21 efteråt
196 1487 113 21 tillkomna
331 1487 143 27 öfverhetliga
497 1488 132 25 stadganden
650 1488 66 21 måtte
731 1488 6 20 i
754 1488 98 25 gällande
867 1488 59 21 kraft

95 1515 118 22 bibehållas
228 1515 55 22 intill
299 1517 108 26 utgången
423 1515 24 22 af
461 1516 24 21 år
502 1517 61 25 1885,
580 1518 56 19 samt
