1125 1811
307 125 182 21 Borgareständet
502 126 58 17 1882.
584 126 29 17 30
625 126 47 20 maj.
851 121 56 21 1653

142 196 56 21 Herr
213 194 179 22 Molander:
408 194 41 27 Jag
464 194 50 22 ville
530 194 55 22 blott
601 194 103 22 anmärka
719 196 46 19 mot
781 194 49 21 herr
843 194 65 22 Clou-

74 224 58 26 berg,
155 226 32 19 att
207 223 36 27 jag
259 229 43 21 nog
317 223 56 27 tagit
388 222 52 22 reda
456 223 28 27 pä
499 223 116 21 utskottets
631 223 141 25 betänkande,
790 223 66 21 ehuru
869 223 38 27 jag

73 252 69 22 måste
165 254 57 25 säga,
247 254 32 19 att
299 252 37 26 jag
360 251 19 27 ej
402 251 56 27 gjort
481 252 36 20 det
532 252 46 20 med
592 252 45 26 just
653 253 65 25 några
733 252 64 26 glada
812 252 94 21 känslor.

73 281 33 21 Då
129 282 105 21 utskottet
250 280 7 21 i
273 280 38 21 sitt
333 280 137 21 betänkande
493 280 123 26 godkänner
639 281 129 26 stadgandet
791 280 7 21 i
822 282 12 20 7
852 280 10 27 8
885 280 25 21 af

75 310 53 21 1881
145 310 34 21 ärs
203 308 129 27 förordning,
357 309 38 20 der
418 308 36 21 det
476 309 84 21 fordras
575 309 59 21 bevis
650 309 65 26 öfver,
730 311 33 18 att
778 309 128 26 tjensteman

74 338 54 21 skall
150 339 71 20 kunna
245 337 69 21 finska
329 337 39 21 och
384 337 92 21 svenska
492 337 92 27 spräken
600 337 32 21 för
648 340 32 18 att
695 337 82 21 erhälla
792 344 26 15 en
834 337 71 27 tjenst,

73 368 71 21 mäste
167 373 47 15 man
238 366 66 21 tänka
325 366 38 26 sig,
388 368 32 19 att
445 366 37 21 det
502 366 60 21 äfven
579 366 5 21 i
600 366 31 21 sin
647 366 149 27 utsträckning
810 366 96 27 godkänt

74 396 66 21 detta
162 395 123 26 stadgande,
309 395 27 20 dä
359 394 37 21 det
417 394 68 27 gäller
511 395 67 21 andra
605 394 236 27 domarebefattningar.
873 395 34 21 Då

76 425 104 20 utskottet
196 423 33 21 till
245 423 39 21 och
301 423 47 21 med
365 423 134 22 beträffande
515 423 208 21 rädstufvurätterne
739 423 39 21 och
795 424 111 26 magistra-

75 455 63 19 terne
153 452 6 21 i
174 452 107 25 städerna,
304 451 74 22 hvilka
396 451 45 22 icke
458 451 76 22 hittills
550 452 64 21 hafva
630 452 55 21 varit
700 451 158 22 underkastade
873 452 33 21 sä-

74 481 42 21 dan
133 487 94 20 examen,
244 480 95 27 godkänt
354 480 135 27 stadgandet,
504 483 38 25 tog
554 481 36 26 jag
606 481 33 21 för
654 480 72 27 gifvet,
743 483 31 18 att
791 481 35 21 det
842 481 64 21 ocksä

74 509 96 27 godkänt
186 511 35 20 det
236 509 33 21 för
285 509 86 21 domare
386 510 28 26 pä
429 509 81 21 landet.

142 567 54 21 Herr
212 566 172 26 Clouberg:
407 567 42 26 Jag
472 566 50 21 ville
544 566 123 27 ytterligare
690 566 113 21 framhälla
825 568 38 24 att,
879 566 27 21 dä

73 596 144 20 ledamöterne
233 595 6 21 i
255 595 209 21 rädstufvurätterne
486 595 38 21 och
541 595 162 26 magistraterne
719 595 5 21 i
741 595 100 21 städerne
858 595 48 21 allt-

73 624 64 22 sedan
158 625 25 21 är
207 624 54 22 1865
286 624 54 20 varit
362 623 99 27 skyldiga
477 626 32 18 att
525 626 95 24 prestera
636 624 59 26 intyg
711 624 58 20 öfver
785 624 97 26 kunskap
899 623 6 21 i

72 652 68 28 begge
162 653 99 27 språken,
287 652 66 22 borde
378 653 26 20 de
426 652 35 21 väl
484 652 100 27 slutligen
607 652 46 22 icke
676 659 28 14 nu
727 652 67 22 blifva
809 652 98 22 befriade

74 681 101 22 derifrån.

143 739 56 21 Herr
233 738 30 21 Öh
278 744 68 15 man:
371 738 49 21 Med
444 738 116 27 anledning
583 738 65 27 deraf,
670 740 32 19 att
725 738 49 22 herr
797 738 109 27 Clouberg

73 767 124 27 upprepade
219 767 80 26 gånger
316 766 93 27 förmält,
426 767 36 21 det
478 767 111 21 städernas
605 767 126 26 tjenstemän
747 767 75 26 skulle,
839 766 67 27 enligt

73 796 59 21 förut
154 795 99 22 utfärdad
276 795 130 26 förordning,
430 801 52 16 vara
497 795 96 27 skyldige
609 798 32 18 att
657 795 64 21 aflåta
736 795 68 22 finska
820 795 86 26 expedi-

72 825 76 24 tioner,
164 824 39 21 och
219 824 24 21 af
257 824 40 21 den
314 823 124 27 förklaring,
456 830 45 15 som
518 827 76 18 tvenne
610 824 23 21 af
643 824 115 21 utskottets
769 824 65 21 ärade
846 824 60 21 med-

72 853 89 21 lemmar
176 853 68 27 gifvit,
261 855 32 19 att
309 853 25 21 de
350 853 46 20 icke
412 852 46 21 haft
474 853 32 26 sig
523 853 79 21 bekant
617 853 78 26 nådiga
705 853 117 26 reskriptet
833 851 22 22 af
864 852 41 21 den

75 883 25 20 19
116 881 58 22 Mars
190 882 62 25 1866,
269 881 41 21 kan
325 882 36 26 jag
377 881 46 21 icke
439 881 114 22 underlåta
568 884 33 18 att
618 882 108 25 anmärka,
737 883 31 19 att
780 882 59 21 detta
850 881 55 21 hade

72 910 50 21 bort
144 910 82 26 framgå
249 910 64 21 redan
337 910 23 21 af
375 909 144 27 stiliseringen
536 910 7 20 i
558 910 77 26 nådiga
651 910 169 26 propositionens
837 911 11 19 3
866 909 39 21 och

72 940 14 20 4
101 939 32 27 88,
156 938 24 22 af
201 938 72 22 hvilka
288 938 7 21 i
311 939 38 21 den
374 938 149 22 förstnämnda
539 939 12 26 $
567 939 69 21 heter:
662 938 37 27 ,Ej
723 938 35 21 mä
773 939 69 26 någon
859 938 46 21 från

73 967 39 22 och
136 967 48 21 med
205 967 24 21 är
253 968 49 20 188-
324 967 32 21 till
373 967 215 27 borgmästaretjenst
604 967 99 21 föresläs*
719 974 18 14 o.
754 974 16 14 s.
786 974 18 14 v.
835 966 71 22 Alltsä

73 996 124 27 regeringen
213 995 96 26 föreslär,
325 998 32 18 att
373 996 69 20 denna
460 996 77 20 termin
548 996 69 21 skulle
629 996 127 21 bestämmas
767 996 68 21 under
846 995 58 21 inne-

73 1025 93 21 varande
182 1025 131 21 decennium.
344 1024 113 21 Utskottet
474 1024 68 22 skulle
558 1024 61 21 deraf
633 1024 60 22 hafva
710 1024 82 21 kunnat
808 1026 50 24 taga
873 1024 34 26 sig

74 1053 114 27 anledning
211 1056 32 18 att
259 1053 129 21 efterforska
403 1052 107 22 huruvida
526 1053 109 27 angäende
651 1054 110 20 städernas
777 1052 128 27 tjenstemän

74 1081 64 27 något
161 1082 58 21 förut
242 1088 37 15 var
294 1082 106 26 stadgadt,
416 1082 41 21 och
474 1082 105 21 utskottet
595 1082 54 21 hade
666 1082 26 21 dä
708 1081 45 21 haft
768 1081 81 27 ganska
865 1080 42 22 lätt

74 1112 32 20 att
128 1111 85 21 komma
236 1110 32 22 till
291 1110 64 28 insigt
373 1110 138 22 härutinnan.
542 1110 29 27 Ty
587 1110 66 22 bland
669 1111 24 21 de
709 1110 133 26 handlingar,
860 1116 45 14 som

73 1139 106 21 utskottet
194 1139 67 21 erhöll
277 1139 47 21 frän
339 1138 120 28 Kejserliga
476 1139 99 26 Senaten,
592 1139 61 21 fanns
668 1139 125 21 utlätanden
810 1139 47 21 frän
873 1138 32 21 ät-

73 1168 85 26 skilliga
180 1168 84 21 städers
286 1168 90 27 styrelse
399 1168 40 21 och
466 1168 123 25 domstolar,
609 1168 63 21 bland
689 1168 71 21 hvilka
776 1168 130 20 ätminstone

73 1196 33 21 till
128 1203 26 14 en
178 1196 33 21 del
235 1196 132 27 äberopades
381 1196 45 27 just
443 1196 61 21 detta
520 1196 76 26 nädiga
612 1196 97 27 reskript.
740 1196 42 21 Det
798 1195 108 21 förefaller

73 1225 42 26 mig
138 1225 71 21 derför
231 1227 91 24 säreget,
346 1228 32 18 att
397 1225 131 21 ätminstone
545 1225 46 21 icke
607 1225 109 20 städernes
733 1226 173 25 representanter

74 1255 63 22 egnat
160 1253 23 22 sä
206 1254 89 26 mycken
317 1253 194 27 uppmärksamhet
526 1254 23 21 ät
565 1254 25 20 de
607 1253 130 27 handlingar,
754 1259 46 16 som
816 1253 26 21 de
857 1252 48 21 haft

73 1282 32 21 till
121 1282 75 21 hands.

142 1339 153 21 Diskussionen
312 1339 124 26 afslutades,
453 1339 41 22 och
509 1339 87 22 ständet
611 1339 70 22 beslöt
697 1339 102 27 enhälligt
809 1340 33 19 att
852 1338 53 27 god-

72 1367 72 21 känna
166 1367 67 22 första
257 1367 60 22 delen
341 1367 22 22 af
382 1370 120 19 momentet
525 1368 32 21 till
581 1368 39 21 och
636 1369 47 20 med
700 1368 64 21 orden
782 1367 70 28 ,förut
867 1367 38 21 be-

73 1395 83 22 stämda
172 1396 79 21 tiden*.
282 1396 78 21 Vidare
377 1396 81 21 beslöts
476 1397 48 21 med
540 1397 154 26 öfvervägande
705 1384 110 39 pluralitet
826 1397 80 26 antaga

74 1424 39 22 den
137 1424 68 21 första
223 1425 21 21 af
261 1425 25 22 de
302 1425 49 21 utaf
364 1425 50 21 herr
430 1425 98 28 Procop6
544 1425 120 27 föreslagna
680 1425 227 27 tilläggsklämmarne.

141 1481 138 22 Beträftande
303 1482 35 21 det
361 1482 67 21 andra
451 1482 25 21 af
493 1482 49 22 herr
557 1482 97 28 Procop6
669 1482 119 27 föreslagna
811 1481 95 27 tilläggs-

72 1511 117 20 momentet
204 1510 109 27 upplästes
328 1509 93 28 följande
436 1511 146 26 proposition:
