1125 1811
223 122 56 21 1614
460 127 179 21 Borgareständet
652 127 57 17 1882.
734 127 26 17 27
772 127 48 21 maj.

222 196 46 26 vigt
291 196 32 22 till
346 196 118 22 förökande
486 196 23 21 af
530 196 146 21 inkomsterna
700 195 46 22 från
763 195 178 22 stambanenätet.
973 195 32 21 Då
1019 196 37 27 jag

223 224 90 22 sälunda
334 225 69 21 skulle
419 231 55 19 anse,
490 226 32 20 att
538 224 69 22 denna
622 224 7 21 i
644 224 89 22 främsta
749 226 93 19 rummet
858 224 48 21 bort
922 224 85 21 komma
1023 224 32 22 till

223 253 122 26 utförande,
362 260 48 14 men
427 254 59 20 detta
502 254 18 26 ei
537 254 54 20 varit
607 252 90 27 möjligt,
713 253 69 21 skulle
796 253 36 26 jag
848 252 63 22 äfven
927 252 74 21 förena
1012 253 43 27 mig

223 282 49 21 med
296 283 54 24 dem,
369 282 71 21 hvilka
464 284 59 19 rösta
546 282 32 21 för
593 284 31 18 ett
639 281 129 21 förordande
782 281 22 21 af
818 282 70 20 denna
904 282 95 25 petition,
1016 282 39 20 och

223 313 40 24 gör
282 311 37 26 jag
339 311 37 21 det
399 311 23 20 sä
445 310 85 27 mycket
552 317 63 19 mera,
639 316 44 15 som
704 310 38 27 jag
765 309 19 27 ej
800 315 69 18 anser,
886 311 32 20 att
932 310 7 20 i
954 309 103 22 händelse

223 339 63 21 äfven
310 339 70 21 denna
402 339 63 21 korta
488 339 56 20 bana
565 339 95 21 kommer
679 339 32 20 till
727 338 71 24 ständ,
814 338 40 21 den
871 338 41 21 blir
927 337 128 28 fullkomligt

223 367 144 27 betydelselös
383 367 7 21 i
406 367 120 26 framtiden,
536 368 63 21 sedan
617 367 68 21 banan
703 367 46 21 frän
767 367 88 26 Wiborg
871 366 32 21 till
918 367 81 21 Imatra
1010 367 45 20 blif-

223 397 30 20 vit
269 396 76 21 utförd.
378 397 42 26 Jag
434 399 46 18 tror
495 398 103 23 tvärtom,
614 397 33 19 att
663 396 68 21 denna
748 395 45 22 lilla
809 395 80 26 banbit,
901 402 44 14 som
957 395 18 28 ej
987 395 69 21 skulle

224 425 63 21 kosta
309 427 72 19 staten
403 431 58 14 mera
482 427 26 18 än
528 425 57 21 cirka
601 425 92 25 800,000
709 425 67 25 mark,
794 423 68 22 skulle
879 423 40 22 öka
935 426 120 24 persontra-

224 453 56 21 fiken
295 453 28 27 pä
340 454 40 21 den
397 453 76 27 östliga
489 453 60 21 delen
565 453 23 21 af
602 453 179 21 stambanenätet.
813 453 49 20 Man
879 459 34 14 ser
924 452 84 21 hvilken
1021 452 34 21 be-

224 482 82 26 tydelse
322 482 168 27 persontrafiken
507 481 39 22 har
561 482 6 20 i
579 482 26 20 de
621 483 107 20 närmaste
739 481 138 28 omnejderna
888 481 24 21 af
920 481 135 26 Petersburg.

224 511 41 25 Jag
288 513 53 23 tror,
365 513 32 18 att
420 511 68 21 skulle
512 511 60 20 äfven
596 511 68 20 banan
688 510 91 21 emellan
803 508 89 28 Wiborg
916 509 39 22 och
976 509 79 22 Imatra

225 539 87 22 komma
336 540 32 21 till
391 540 70 24 ständ,
484 539 68 22 skulle
571 538 168 28 persontrafiken
756 539 28 27 pä
800 538 49 21 hela
865 538 39 21 den
921 540 58 19 östra
995 539 61 20 delen

225 568 22 21 af
264 568 172 21 stambanenätet
459 568 95 21 särdeles
577 567 57 23 ökas,
659 567 40 22 och
722 568 70 21 skulle
808 567 62 21 äfven
886 567 68 21 denna
969 573 86 20 person-

225 597 64 20 trafik
309 597 32 20 till
357 603 26 15 en
398 600 45 18 stor
459 596 33 21 del
509 597 85 20 komma
609 599 32 18 att
657 597 97 25 begagna
770 597 31 25 sig
817 595 23 22 af
855 595 40 21 den
911 596 83 25 bibana,
1011 602 44 14 som

225 624 72 22 fördes
322 625 89 21 emellan
435 624 175 22 Willmanstrand
631 624 39 22 och
687 624 86 22 Simola.
805 624 62 22 Dock
883 624 116 26 medgifver
1012 624 43 27 jag,

225 655 32 19 att
273 660 25 14 en
315 654 69 26 tredje
400 653 136 23 bana,sädan
554 653 39 21 den
609 653 70 21 blifvit
695 653 120 27 föreslagen
833 652 47 21 från
896 653 117 21 Davidstad
1024 652 32 21 till

226 682 32 22 S:t
273 682 84 26 Michel,
383 688 50 16 vore
450 685 30 18 ett
496 682 135 26 öfvertlödigt
645 681 141 22 användande
801 681 24 21 af
838 681 52 21 vära
906 682 59 25 ringa
981 681 75 21 medel.

224 711 31 26 Ty
271 714 32 18 tre
319 712 66 20 banor
400 712 27 26 pä
443 711 69 21 denna
527 711 58 21 trakt
601 710 60 22 torde
677 717 50 14 vara
743 711 33 20 för
792 710 91 27 mycket.

295 768 56 21 Herr
369 768 159 26 Ignatius:
554 767 55 21 Herr
632 767 107 21 Snellman
765 766 105 27 upplyste,
895 768 32 19 att
952 766 105 22 utskottet

225 796 62 21 tänkt
303 796 32 27 sig
351 798 33 19 att
399 796 72 21 Saima
486 795 127 28 vattendrag
628 796 5 20 i
650 796 47 21 dess
714 796 64 20 södra
795 795 34 21 del
846 795 67 21 skulle
930 795 84 21 komma
1025 798 32 18 att

225 825 88 20 beröras
335 825 22 20 af
380 825 39 20 den
442 824 106 21 mellersta
571 825 132 25 stambanan,
719 824 45 21 ifall
781 824 71 21 denna
868 823 104 26 nämligen
988 824 69 21 skulle

225 853 87 21 komma
335 855 32 20 att
383 854 76 25 dragas
475 853 45 21 frän
537 853 80 21 Simola
632 853 60 26 längs
708 853 84 21 Saimas
809 852 111 27 sydvestra
936 852 73 21 strand
1025 852 31 21 till

225 882 34 21 S:t
274 882 76 21 Michel
372 888 19 15 o.
407 888 16 15 s.
440 888 18 15 v.
490 882 40 21 Det
553 884 24 18 är
591 882 83 21 säledes
690 881 18 27 ej
725 887 82 16 samma
824 881 101 26 riktning,
941 887 44 15 som
1002 881 55 21 före-

225 910 98 21 kommer
338 911 27 25 pä
382 910 40 21 den
438 910 68 25 karta,
522 910 84 21 hvilken
621 910 211 26 jernvägsutskottet
848 909 47 21 lätit
910 910 79 24 utdela,
1005 912 52 18 utan

225 946 26 14 en
277 942 56 18 ännu
353 939 107 26 ostligare.
491 939 41 26 Jag
548 938 65 21 mäste
630 938 109 26 anmärka,
757 941 33 19 att
805 938 67 20 redan
889 940 43 19 mot
948 938 39 21 den
1004 938 53 26 rigt-

225 968 50 26 ning
299 968 21 20 af
342 968 108 21 mellersta
472 967 131 25 stambanan,
628 973 45 15 som
697 967 38 21 här
758 967 150 24 förekommer,
932 967 68 20 skulle
1021 967 37 26 jag

226 996 64 21 hafva
313 996 56 27 gjort
392 996 144 26 anmärkning.
567 996 41 27 Jag
631 996 54 21 hade
709 995 57 21 velat
790 996 68 26 draga
878 995 67 21 banan
963 995 45 21 från
1026 996 31 20 S:t

226 1025 77 21 Michel
326 1025 47 21 litet
389 1031 57 15 mera
462 1027 100 22 vesterut,
577 1026 27 19 än
621 1024 55 21 hvad
692 1025 107 21 utskottet
816 1023 116 27 föreslagit.
963 1024 49 20 Men
1028 1024 27 27 pä

225 1054 50 26 inga
298 1053 68 21 vilkor
388 1054 69 20 skulle
478 1053 36 27 jag
535 1059 49 15 anse
601 1054 38 20 den
657 1053 52 21 böra
725 1053 77 26 dragas
819 1053 30 25 sä,
866 1055 32 18 att
914 1058 46 15 man
977 1052 33 21 för
1025 1055 32 19 att

225 1082 86 21 komma
327 1082 45 21 frän
389 1082 83 26 Kuopio
489 1082 39 21 och
544 1082 29 21 St.
591 1081 77 22 Michel
685 1084 95 19 vesterut
797 1083 15 19 t.
830 1088 32 14 ex.
874 1080 32 22 till
918 1081 138 26 Helsingfors,

225 1111 69 21 skulle
317 1111 21 21 få
357 1112 53 26 göra
426 1118 25 14 en
466 1111 47 26 lång
529 1112 74 24 omväg
619 1111 6 20 i
642 1116 25 15 en
683 1110 52 21 sned
751 1110 81 22 vinkel.
863 1110 40 26 Jag
919 1112 45 18 tror
979 1110 77 25 derför,

226 1141 33 19 att
282 1140 40 20 den
345 1140 62 25 bana,
423 1146 44 15 som
484 1146 28 14 nu
527 1141 23 19 är
565 1140 6 20 i
587 1139 66 27 fråga,
669 1139 18 26 ej
705 1139 98 21 kommer
820 1141 32 18 att
867 1138 63 22 hafva
945 1138 65 26 något
1025 1141 32 19 att

226 1168 67 21 skaffa
309 1168 47 21 med
373 1168 40 21 den
429 1168 108 21 mellersta
553 1168 133 21 stambanan.

296 1225 55 21 Herr
367 1225 181 26 Malmgren:
570 1225 55 21 Herr
647 1224 95 27 Ignatius
767 1225 41 20 har
832 1224 66 21 delvis
922 1224 135 21 förekommit

226 1254 48 27 mig.
305 1255 41 25 Jag
369 1254 90 21 ämnade
481 1253 101 21 anmärka
598 1253 131 22 beträffande
747 1254 41 20 den
806 1253 108 20 mellersta
931 1253 126 21 stambanan

227 1283 124 25 detsamma,
375 1289 45 14 som
442 1283 40 20 han
503 1282 64 21 redan
590 1282 61 26 gjort.
671 1295 27 2 —
715 1282 62 21 Hvad
794 1281 48 21 åter
858 1283 58 19 östra
932 1281 125 22 stambanan

226 1311 101 21 beträffar
350 1317 62 15 anser
433 1311 36 26 jag
490 1311 39 20 den
545 1317 51 14 vara
611 1310 88 21 alldeles
715 1311 92 26 felaktig
824 1309 129 28 derigenom,
969 1312 32 19 att
1017 1310 39 21 den

227 1340 18 26 ej
269 1339 40 22 alls
332 1341 99 25 tangerar
454 1339 85 26 Ladoga
562 1339 132 27 vattendrag.
726 1339 50 21 Man
802 1339 97 21 kommer
920 1338 89 21 sålunda
1025 1341 32 18 att

226 1368 56 27 begå
303 1371 30 19 ett
355 1368 68 27 dylikt
446 1368 34 25 fel,
496 1375 44 14 som
553 1368 33 21 vid
603 1367 120 27 byggandet
739 1367 23 22 af
777 1367 280 26 Petersburg—Riihimäki

223 1397 96 26 jernväg,
336 1397 27 21 då
378 1403 49 15 man
443 1397 19 26 ej
478 1397 52 26 drog
546 1396 67 22 denna
629 1396 56 21 bana
697 1396 56 21 ända
770 1396 55 21 fram
842 1395 32 22 till
890 1395 77 22 Saima.
992 1395 66 22 Utom

227 1426 36 20 det
279 1432 61 15 anser
353 1426 37 27 jag
406 1425 102 21 Harakka
523 1425 138 27 lastageplats
677 1425 18 26 ej
711 1425 65 21 hafva
793 1425 70 26 någon
879 1424 86 21 framtid
975 1425 33 20 för
1018 1425 39 25 sig.

225 1454 77 21 Denna
325 1457 33 18 ort
381 1455 67 25 ligger
470 1454 87 26 ungefär
572 1456 13 18 4
601 1454 36 20 mil
660 1453 47 21 från
732 1454 75 21 Saima
823 1453 76 21 kanals
918 1452 86 27 utlopp;
1021 1453 37 21 der

225 1482 68 23 finnes
315 1482 63 26 ingen
401 1482 79 22 rörelse
502 1482 33 22 för
556 1482 138 26 närvarande,
711 1482 38 21 och
768 1482 115 21 trakterna
898 1481 37 21 der
951 1483 36 19 äro
1003 1483 54 19 tem-

226 1511 56 26 ligen
297 1510 54 27 glest
366 1511 118 21 befolkade.
515 1511 101 21 Deremot
631 1511 7 20 i
654 1510 104 22 närheten
776 1509 24 22 af
814 1509 121 22 Lauritsala
946 1509 39 22 och
997 1509 60 22 Will-
