1125 1811
311 131 182 22 Borgareståndet
505 133 58 17 1882.
588 133 27 16 26
628 132 47 21 maj.
860 127 54 21 1585

154 202 88 22 Ständet
264 201 70 22 beslöt
357 200 49 21 med
430 201 27 19 28
473 202 70 20 röster
559 203 57 19 emot
631 202 35 23 20,
684 200 72 22 hvilka
772 201 94 26 afgäfvos
882 201 33 21 för

84 230 108 28 förslaget,
215 232 32 19 att
270 230 117 21 utskottets
410 228 141 22 förevarande
575 229 127 21 hemställan
718 229 70 21 skulle
803 230 111 24 uteslutas,

84 259 33 21 till
133 259 209 27 kontraproposition
359 260 80 24 antaga
455 258 67 26 sagda
538 258 127 21 hemställan
683 258 46 21 med
746 258 53 21 eller
810 260 50 18 utan
868 258 45 21 deri

84 288 120 26 föreslagna
220 286 273 27 redaktionsförändringar
504 289 54 18 samt
567 287 120 20 sedermera
700 287 46 20 med
759 287 156 26 öfvervägande

84 316 150 25 röstöfvervigt
257 318 31 18 att
312 315 45 20 från
383 315 108 20 klämmen
515 315 94 21 utesluta
634 315 72 21 orden:
736 315 178 26 ,välgrundade*,

86 345 159 23 »omfattande*
269 344 38 21 och
331 344 128 25 ,nämnda",
484 343 135 27 hvarigenom
642 344 122 21 densamma
780 344 80 21 erhölle
876 344 38 21 föl-

82 373 65 26 jande
163 373 88 26 lydelse:
268 375 43 25 ,att
327 372 127 26 Ständerna,
471 373 48 20 med
535 373 98 20 afseende
649 373 12 20 å
679 372 25 21 de
720 373 78 26 många
813 372 100 22 anmärk-

85 402 83 25 ningar,
184 408 44 14 som
243 401 66 27 gjorts
325 403 58 19 emot
399 407 27 14 nu
442 400 99 27 gällande
557 401 123 26 förordning
693 401 110 26 angående
819 402 95 21 kommu-

84 430 165 25 nalförvaltning
271 430 8 21 i
302 430 47 20 stad
373 429 21 21 af
416 429 40 20 den
474 430 12 20 8
503 429 116 22 December
637 430 62 23 1873,
715 429 67 21 mätte
799 430 38 21 hos
854 431 59 20 Hans

85 459 118 26 Kejserliga
226 459 98 26 Majestät
348 459 6 20 i
377 458 171 27 underdänighet
573 458 91 25 anhälla,
688 461 32 18 att
737 459 59 20 Hans
812 459 102 27 Majestät

86 488 48 21 ville
158 488 29 20 till
211 489 62 19 nästa
289 487 50 20 eller
355 486 65 27 derpä
436 486 96 27 följande
548 487 101 26 landtdag
665 487 44 21 läta
724 486 108 28 förelägga
848 488 65 21 Stän-

85 517 66 20 derna
173 517 131 26 proposition
328 516 6 20 i
356 515 56 27 syfte
435 517 33 19 att
491 515 134 27 undanrödja
641 516 31 21 uti
688 515 166 27 ifrägavarande
871 516 43 21 för-

84 546 91 26 ordning
191 545 172 21 förekommande
379 543 197 28 bristfälligheter.*

154 676 102 27 Följande
271 676 149 20 betänkanden
437 675 125 27 föredrogos
579 676 38 21 och
634 676 113 21 bordlades
763 676 32 21 för
810 679 32 19 att
858 676 6 21 i
876 676 36 21 be-

85 706 62 26 hörig
162 705 90 27 ordning
267 704 115 27 företagas:

156 763 42 25 1:0)
223 762 248 26 Bevillningsutskottets
502 762 79 26 förslag
611 762 33 20 till
667 762 204 27 sammanjemkning
894 762 23 21 af

86 791 106 21 Ständens
215 791 66 21 delvis
303 791 123 26 skiljaktiga
448 790 71 21 beslut
535 791 7 20 i
557 790 116 27 anledning
689 791 21 20 af
724 791 78 26 nädiga
817 791 95 26 proposi-

85 820 73 21 tionen
175 826 33 14 om
225 820 112 26 bevillning
353 819 33 21 för
402 819 137 26 tillverkning
555 819 23 21 af
593 819 154 27 maltdrycker
734 815 15 35 ;

155 878 45 25 2:0)
216 883 80 16 samma
312 877 94 21 utskotts
423 877 136 20 betänkande
575 875 39 22 N:o
631 877 12 20 5
659 877 6 20 i
682 876 113 26 anledning
804 877 23 20 af
836 876 78 28 nädiga

85 906 159 26 propositionen
261 912 33 14 om
312 905 114 27 bevillning
443 905 34 21 för
493 905 41 21 fast
545 905 101 26 egendom
658 905 39 21 och
708 905 102 26 inkomst;

155 963 42 26 3:0)
224 963 222 21 Ekonomiutskottets
473 963 135 21 betänkande
633 964 40 20 N:o
699 964 13 20 6
735 964 6 20 i
765 964 113 26 anledning
894 963 23 21 af

86 992 77 26 nädiga
186 992 158 26 propositionen
367 998 34 14 om
426 992 121 26 antagande
567 992 24 21 af
605 998 25 15 en
646 992 139 27 inmutnings-
802 992 39 21 och
856 991 58 28 gruf-

86 1016 111 36 vestadga;
810 1022 2 2 |

155 1079 41 25 4:0)
213 1084 80 16 samma
309 1079 92 21 utskotts
418 1078 136 22 betänkande
569 1078 39 21 N:o
625 1079 12 21 8
653 1078 7 20 i
677 1078 113 26 anledning
805 1078 23 20 af
837 1078 77 26 nådiga

86 1107 158 26 propositionen
260 1108 108 26 angående
384 1108 91 26 ändring
491 1107 6 21 i
512 1107 98 27 gällande
622 1107 132 26 stadganden
766 1107 90 20 rörande
868 1106 44 21 för-

86 1135 121 26 valtningen
224 1136 21 20 af
260 1136 178 25 kronohemman;

155 1194 44 25 5:0)
215 1193 177 21 Bankutskottets
408 1193 136 21 betänkande
560 1194 39 20 N:o
616 1194 12 20 5
645 1194 6 19 i
662 1193 113 26 anledning
785 1192 22 22 af
816 1195 31 18 ett
858 1192 56 21 inom

88 1221 180 26 Borgareståndet
284 1223 62 20 väckt
361 1221 181 28 petitionsförslag
559 1228 33 15 om
609 1222 90 21 revision
716 1221 21 22 af
752 1222 39 21 den
808 1221 107 21 allmänna

86 1249 131 28 banklagen
205 1245 15 36 ;

156 1307 43 25 6:0)
216 1307 222 22 Ekonomiutskottets
459 1307 137 22 betänkande
612 1308 40 21 N:o
669 1309 12 18 9
697 1307 6 21 i
720 1308 112 26 anledning
848 1307 22 21 af
884 1309 31 19 ett

86 1335 56 21 inom
169 1335 178 26 Borgareständet
372 1337 64 20 väckt
458 1337 183 26 petitionsförslag
665 1343 34 14 om
722 1336 110 27 byggande
851 1336 23 21 af
889 1343 25 14 en

86 1364 42 21 fast
144 1364 38 21 bro
199 1365 58 20 öfver
274 1366 66 20 Kumo
357 1365 37 26 elf;
410 1368 56 18 samt

156 1423 40 24 7:0)
220 1423 156 21 Sammansatta
400 1423 55 26 Lag-
480 1423 40 20 och
543 1423 221 21 Ekonomiutskottets
780 1422 135 22 betänkande

86 1451 40 21 N:o
142 1453 12 19 9
171 1452 6 19 i
193 1452 113 26 anledning
322 1451 22 21 af
358 1453 31 19 ett
404 1451 58 21 inom
479 1451 162 21 Presteständet
657 1452 62 20 väckt
735 1451 181 27 petitionsförslag

87 1479 130 21 beträffande
234 1479 126 22 förändrade
377 1480 196 26 lagbestämningar
588 1480 111 26 angäende
715 1480 128 26 kungsädra.

859 1553 33 18 100
