1125 1811
313 139 182 22 Borgareståndet
508 140 56 18 1882.
591 141 27 17 25
630 141 47 21 maj.
857 135 55 21 1473

80 208 40 23 och
134 209 85 21 hvilken
242 209 89 21 sålunda
347 208 6 22 i
369 208 33 27 sig
416 208 50 27 sjelf
487 208 90 22 innebär
592 215 26 15 en
641 209 155 27 inkonseqvens
811 209 6 21 i
833 209 78 27 högsta

80 237 53 27 grad
148 239 55 20 samt
217 237 78 22 strider
310 239 52 24 mot,
382 237 38 27 jag
435 237 50 21 ville
501 239 77 19 nästan
593 239 58 25 säga,
660 238 65 21 sundt
735 237 86 25 förnuft,
837 238 7 22 i
859 238 54 21 stäl-

80 266 31 22 let
126 266 33 21 för
175 266 61 21 dessa
251 266 92 26 afgifter,
359 267 63 26 säger
436 265 43 28 jag,
501 266 70 22 skulle
588 268 72 20 staten
675 266 62 22 träda
752 266 22 22 in
790 267 6 21 i
812 266 31 22 sin
859 266 53 22 fulla

81 294 173 27 besittningsrätt
268 294 33 21 till
313 294 164 27 jordskatterna
493 294 35 21 för
542 294 52 21 flere
617 297 61 19 tusen
693 294 131 27 lägenheter,
840 295 72 22 hvilka

81 323 77 22 hittills
173 323 46 22 icke
237 323 54 21 varit
313 323 121 26 skattefria,
458 329 50 15 men
531 323 40 21 fått
587 323 72 21 betala
683 323 69 22 denna
764 323 110 26 jordskatt
889 324 24 21 åt

81 351 125 22 rusthållen.
236 351 34 22 Då
292 351 73 22 härtill
388 351 105 25 kommer,
526 353 32 20 att
587 351 119 22 rusthållen
737 351 69 22 skulle
832 352 21 22 få
876 358 35 19 en,

81 387 36 15 om
132 381 65 22 också
210 380 81 27 ganska
306 380 85 27 lindrig,
406 380 60 22 skatt
482 379 32 22 till
531 383 56 19 samt
602 380 107 27 slutligen,
726 381 36 21 det
772 381 46 21 står
833 381 6 21 i
852 381 60 22 detta

82 409 155 22 ständermötes
253 409 52 21 skön
321 411 33 19 att
371 421 28 3 —
413 409 92 21 oaktadt
520 409 21 21 vi
556 409 87 22 erhållit
659 409 40 22 den
715 409 127 28 upplysning
859 409 49 22 från

80 438 167 26 statsutskottet,
259 439 33 20 att
310 433 74 36 sådant
393 437 45 22 icke
448 437 236 28 behöfves
568 433 12 36 —
593 437 86 28 pålägga
693 437 115 28 bevillning
822 439 34 21 för
870 439 43 21 fas-

82 467 76 26 tighet,
172 466 24 22 så
210 466 69 22 skulle
294 466 39 21 allt
348 466 61 21 detta
424 466 176 22 sammanräknat
615 466 129 22 åtminstone
760 467 49 21 fullt
823 469 25 20 ut
860 473 52 21 upp-

83 494 53 23 bära
150 495 26 22 de
191 495 76 22 hittills
290 495 96 21 varande
408 494 205 28 vakansafgifterna.
643 495 42 27 Jag
706 495 70 22 skulle
787 495 126 27 ytterligare

82 525 55 26 våga
152 523 67 28 påstå,
241 525 33 20 att
289 523 19 28 ej
324 523 68 22 heller
415 523 71 27 någon
510 524 135 27 synnerligen
667 526 47 19 stor
729 523 105 28 rubbning
849 524 22 21 af
885 524 27 21 de

82 552 116 22 bestående
213 552 323 27 förmögenhetsförhållandena
552 559 75 20 genom
644 552 40 21 den
699 552 25 22 af
736 553 107 21 utskottet
858 552 56 22 före-

81 581 77 27 slagna
170 581 153 27 indragningen
339 581 24 21 af
378 581 62 21 dessa
455 583 76 20 räntor
545 581 102 22 särskildt
663 581 33 21 för
711 581 117 22 rusthållen
844 580 70 23 skulle

84 610 84 27 uppstå.
196 610 47 21 Den
258 609 113 27 rubbning,
387 615 45 16 som
448 615 50 16 man
514 609 80 27 påstår,
609 612 34 19 att
657 609 64 22 häraf
735 610 105 27 uppstode
850 610 6 20 i
867 611 46 20 sär-

83 638 67 22 skildt
163 638 168 22 rusthällarenes
346 638 141 22 ekonomiska
502 638 154 26 förhållanden,
679 638 104 22 existerar
797 638 66 22 redan
878 644 36 16 nu.

82 666 32 28 Ty
128 667 67 21 redan
210 666 70 22 blotta
295 666 105 28 farhågan
416 667 39 26 för,
472 668 34 20 att
522 667 62 21 dessa
599 666 167 28 vakansafgifter
781 667 85 22 komme
881 668 33 21 att

83 695 69 27 höjas,
176 695 67 22 måste
265 695 132 22 åtminstone
409 695 38 27 jag
470 701 52 16 anse
544 695 135 27 synnerligen
701 696 104 27 grundad.
842 695 72 27 Borgå

83 724 103 27 landtdag
201 724 110 22 bestämde
333 724 107 27 nämligen
462 724 200 27 vakansafgifterna
677 724 34 22 för
725 725 28 21 50
768 725 30 21 år.
828 724 87 28 Mycket

82 753 109 21 sannolikt
206 754 24 20 är
242 753 37 21 det
301 752 79 27 derför,
403 755 39 22 att,
465 752 47 22 ifall
528 752 18 28 ej
562 752 196 28 indelningsverket
772 759 29 16 nu
816 753 99 22 fullstän-

82 781 48 26 digt
144 781 124 27 upphäfves,
290 781 198 26 vakansafgifterna
511 781 114 22 framdeles
647 781 86 22 komma
748 783 34 20 att
796 782 7 21 i
819 781 95 28 betydlig

84 809 49 22 mån
148 809 65 28 höjas.
243 809 50 22 Men
308 816 34 15 om
359 810 65 21 också
438 810 62 22 detta
514 809 48 22 icke
577 816 50 15 vore
643 809 67 27 fallet,
725 812 24 19 är
764 809 66 22 likväl
845 809 71 22 farhå-

84 844 42 22 gan
141 844 52 21 qvar
207 838 40 22 och
270 839 69 21 denna
354 839 68 21 måste
437 840 54 20 utan
506 839 73 21 tvifvel
602 838 117 27 nedtrycka
734 838 68 27 priset
816 839 28 26 på
858 840 58 20 rust-

84 866 77 23 hållen.
191 867 76 22 Denna
282 867 89 27 farhåga
386 867 42 22 kan
444 868 79 27 uppstå
538 867 35 21 vid
589 867 73 28 hvarje
672 867 130 22 kommande
812 867 103 26 landtdag

83 895 35 22 till
133 895 49 22 dess
197 896 60 21 detta
271 896 81 27 vigtiga
367 896 79 21 ärende
462 895 98 27 afgjorts.
589 896 42 27 Jag
647 896 68 21 skulle
731 895 73 22 derför
830 898 40 24 tro,
880 897 34 19 att

83 924 39 22 det
136 923 61 23 äfven
214 924 68 22 skulle
297 930 52 16 vara
363 925 8 21 i
384 924 169 22 rusthållarenes
562 924 91 22 intresse
661 926 32 20 att
701 924 22 22 få
733 925 70 21 denna
814 924 59 27 fråga
883 924 32 21 af-

84 952 64 28 gjord
173 952 39 22 och
227 952 83 28 afgjord
326 953 68 21 under
409 959 26 15 en
448 953 40 26 tid,
504 953 28 21 då
548 952 25 22 de
597 953 140 21 ekonomiska
752 952 163 22 förhållandena

84 982 9 20 i
108 981 48 21 vårt
171 981 49 22 land
235 983 38 20 äro
289 982 24 21 så
327 982 63 26 goda,
404 983 32 19 att
452 982 20 27 ej
489 988 26 15 en
531 982 114 27 tvingande
660 982 159 26 nödvändighet
836 981 80 22 drifver

82 1016 39 16 oss
136 1009 32 22 till
184 1012 32 20 att
230 1010 7 22 i
253 1010 29 22 all
289 1010 32 21 sin
329 1010 112 28 stränghet
452 1010 102 22 utkräfva
561 1010 56 22 hvad
632 1012 71 20 staten
718 1010 40 22 här
772 1010 69 22 skulle
851 1009 64 23 hafva

84 1040 46 20 rätt
145 1040 33 20 att
191 1039 78 21 fordra.

155 1067 42 21 Det
211 1069 25 20 är
257 1068 28 26 pä
300 1067 69 27 grund
392 1066 21 23 af
430 1067 65 22 dessa
518 1067 182 27 omständigheter
720 1068 38 27 jag
780 1067 69 22 skulle
864 1067 52 27 vilja

84 1095 86 26 föreslä,
186 1098 32 19 att
233 1096 37 22 det
285 1096 109 26 vällofliga
408 1096 183 26 Borgareständet
606 1096 49 22 ville
670 1096 73 22 förena
758 1096 33 27 sig
803 1102 34 16 om
852 1098 65 20 stats-

83 1124 118 22 utskottets
216 1124 139 22 förevarande
371 1124 304 28 sammanjemkningsförslag.

155 1182 55 21 Herr
234 1182 149 22 Grönvik:
413 1182 41 26 Jag
470 1181 41 23 har
526 1182 32 21 för
573 1182 43 22 min
633 1182 34 21 del
689 1182 95 27 bidragit
804 1182 32 22 till
852 1182 64 22 afslä-

84 1209 56 23 ende
153 1209 25 22 af
190 1211 171 21 statsutskottets
378 1210 138 22 betänkande
530 1210 8 21 i
553 1210 74 27 frägan
643 1210 28 28 pä
687 1210 54 22 bäda
758 1211 26 21 de
800 1210 53 26 skäl,
868 1217 48 15 som

82 1239 53 21 herr
150 1238 95 27 Ignatius
260 1239 124 26 framhållit,
400 1238 39 22 och
455 1245 64 16 anser
533 1239 37 27 jag
585 1239 63 22 dessa
658 1239 47 22 skäl
721 1245 51 16 vara
788 1240 24 21 sä
827 1239 89 27 vigtiga,

84 1269 34 19 att
130 1267 38 26 jag
182 1267 131 22 fortfarande
328 1267 69 22 häller
412 1267 53 27 före,
482 1267 37 22 det
534 1267 85 22 ständet
635 1267 46 22 icke
690 1267 67 22 borde
769 1270 78 25 antaga
855 1267 61 22 detta

84 1295 306 28 sammanjemkningsförslag,
405 1298 51 19 utan
473 1296 94 22 vidhälla
585 1296 38 22 sitt
638 1296 57 22 förut
711 1297 6 20 i
733 1297 71 21 denna
818 1296 39 22 sak
873 1295 41 23 fat-

84 1324 52 22 tade
150 1324 76 23 beslut.

155 1381 56 22 Herr
235 1382 144 22 Neovius:
409 1381 69 23 Äfven
503 1383 37 26 jag
562 1383 47 21 ville
633 1382 88 22 förorda
737 1389 83 15 samma
836 1382 82 22 besluts

83 1410 144 22 vidhällande.
256 1411 41 28 Jag
319 1417 71 19 anser,
413 1413 33 19 att
462 1411 67 22 saken
545 1417 28 16 nu
595 1411 46 22 icke
660 1411 27 28 pä
703 1411 66 28 något
784 1413 44 20 sätt
844 1411 74 27 skiljer

85 1439 33 28 sig
133 1439 47 22 frän
188 1439 41 22 den
244 1440 133 27 ständpunkt
392 1439 40 22 den
449 1439 114 25 innehade,
579 1440 28 21 dä
621 1440 42 21 den
679 1440 33 21 vid
725 1440 27 21 de
768 1442 78 19 tvenne
862 1439 56 22 före-

85 1468 82 26 gäende
182 1468 186 22 sammanträdena
383 1468 86 22 förevar
485 1468 33 22 till
534 1468 135 26 behandling.
701 1468 101 22 Hvarken
825 1468 39 22 har
880 1468 38 21 nä-

85 1498 38 25 got
138 1496 68 21 blifvit
221 1497 23 21 af
257 1496 121 22 Ständerna
394 1496 112 27 tillgjordt,
518 1503 45 15 som
571 1496 70 21 skulle
649 1496 33 21 för
690 1497 114 21 framtiden
814 1497 104 26 betrygga

86 1524 40 22 den
142 1525 99 24 inkomst,
256 1524 85 22 hvilken
357 1531 29 15 nu
401 1531 79 20 genom
496 1525 194 28 vakansafgifterna
705 1525 70 22 skulle
796 1525 123 22 undandra-

828 1565 22 17 93
