1125 1811
219 148 55 21 1274
384 160 2 2 :
449 152 180 22 Borgareståndet
641 154 60 17 1882.
727 154 23 16 16
762 154 49 20 maj.

216 223 72 26 stödja
311 222 117 22 utskottets
450 222 135 21 betänkande
608 224 56 19 samt
687 222 86 21 anhålla
792 222 35 20 det
842 222 125 27 regeringen
983 222 66 22 måtte

217 251 110 22 inkomma
343 250 48 22 med
406 252 98 20 närmare
520 251 115 27 utredning
651 250 6 22 i
673 250 80 26 frågan.

287 308 57 21 Herr
359 307 172 22 Lindblom:
564 307 32 21 Dä
609 307 38 27 jag
661 307 57 21 förra
733 308 84 25 gången
828 307 55 21 hade
894 307 61 22 ordet
964 307 85 26 glömde

215 337 37 26 jag
268 338 33 19 att
316 338 84 23 nämna,
416 336 36 21 det
465 336 37 27 jag
517 336 17 25 ej
551 336 57 21 inom
624 336 162 21 statsutskottet
802 335 90 29 deltagit
907 336 5 21 i
925 336 36 21 det
972 335 76 26 beslut,

216 371 46 15 som
278 365 7 20 i
301 365 60 21 detta
376 364 100 22 afseende
493 364 68 21 blifvit
576 364 87 25 fattadt,
675 364 39 22 och
726 365 66 20 sedan
804 364 50 21 herr
866 364 85 26 Öhberg
962 370 87 15 numera

217 393 93 27 upplyst,
328 395 32 19 att
376 393 19 26 ej
411 393 66 27 något
492 393 135 21 betänkande
642 393 6 20 i
664 393 90 21 ärendet
769 393 47 21 från
832 393 106 21 allmänna
953 393 96 21 besvärs-

217 423 108 20 utskottet
348 423 24 20 är
394 424 33 19 att
449 421 102 27 förvänta,
574 422 130 21 åtminstone
726 422 6 21 i
756 421 56 24 hast,
834 422 24 21 så
879 422 37 21 ber
929 422 36 27 jag
981 423 32 19 att
1028 421 20 22 få

216 451 99 26 återtaga
331 450 44 21 min
392 450 98 22 anhållan
506 457 33 14 om
556 450 157 27 bordläggning
729 450 24 21 af
766 450 74 21 saken.

288 508 56 21 Herr
367 503 134 31 Öhberg:
532 508 32 21 De
587 507 171 27 skiljaktigheter
775 507 91 22 emellan
882 507 145 22 folkskolorna
1042 508 6 20 i

217 537 49 21 stad
289 536 39 21 och
346 537 27 26 på
389 536 79 26 landet,
484 543 44 14 som
545 536 49 21 herr
610 536 76 21 Heikel
702 535 124 26 framhållit,
843 536 114 21 förefinnas
973 536 75 21 visser-

218 566 56 25 ligen
295 565 46 21 med
359 565 110 27 undantag
484 565 65 24 deraf,
565 566 33 19 att
613 564 28 27 på
657 564 73 21 landet
745 564 61 21 äfven
823 564 26 22 de
865 564 57 27 lägre
937 565 111 21 skolornas

218 594 70 20 lärare
309 593 81 21 aflönas
406 594 22 20 af
441 596 75 18 staten.
533 593 59 21 Både
608 593 69 21 lärare
693 593 40 21 och
748 593 121 21 lärarinnor
884 593 28 27 på
927 593 72 21 landet
1014 593 34 21 vid

218 622 26 21 de
268 622 65 27 högre
357 622 146 21 folkskolorna
521 624 37 19 äro
574 621 106 26 nämligen
696 621 122 21 förbundna
834 624 32 18 att
880 624 58 18 utom
955 622 41 20 viss
1011 621 38 26 tid,

217 650 112 22 hvarinom
346 650 25 22 de
387 650 61 22 skola
462 650 57 22 hålla
534 650 46 21 sina
596 650 65 26 högre
677 650 79 25 skolor,
772 650 114 21 undervisa
897 650 81 21 mindre
989 650 58 26 barn,

218 678 88 22 hvarför
327 679 62 21 äfven
412 681 69 19 staten
505 679 37 21 der
564 679 100 26 bidrager
684 679 32 20 till
733 678 157 27 befrämjandet
905 678 22 22 af
941 678 107 22 undervis-

219 708 78 26 ningen
320 708 23 20 af
363 707 83 21 mindre
462 708 58 20 barn.
536 707 48 21 Men
601 714 34 14 om
651 707 65 21 också
732 707 61 21 dessa
809 707 170 27 skiljaktigheter
994 707 55 21 före-

219 736 74 26 finnas,
318 738 37 19 äro
378 736 54 21 dock
448 736 5 20 i
470 736 35 21 det
520 739 59 18 stora
594 736 49 21 hela
659 736 68 21 lärare
743 736 40 21 och
801 736 118 21 lärarinnor
934 736 27 26 på
976 736 73 21 landet

219 764 40 22 och
282 766 6 20 i
305 765 48 21 stad
375 765 35 21 vid
428 764 145 22 folkskolorna
588 764 100 26 tämligen
705 764 116 22 likställda.
852 765 32 20 De
900 764 79 22 aflönas
995 764 54 22 både

219 793 24 21 af
265 793 129 21 kommunen
417 793 39 21 och
479 793 47 21 med
546 793 125 21 statsmedel
686 793 59 21 såväl
759 794 27 25 på
804 793 35 21 det
854 799 40 15 ena
910 799 44 15 som
970 793 27 26 på
1013 793 35 20 det

219 821 67 22 andra
296 821 79 25 stället,
386 821 67 22 ehuru
464 821 121 27 visserligen
597 821 28 26 på
635 821 72 22 landet
718 821 84 22 betalas
813 821 22 21 åt
845 821 73 26 hvarje
929 821 68 21 lärare
1008 821 40 21 och

219 851 109 20 lärarinna
349 857 26 14 en
398 851 42 21 viss
462 857 88 18 summa,
566 856 48 15 men
630 851 6 20 i
652 850 47 21 stad
716 851 27 26 på
759 851 66 20 annat
841 852 49 19 sätt.
921 850 104 21 Likheten
1041 850 6 20 i

219 879 63 21 deras
303 878 93 28 aflöning
419 879 67 25 ligger
508 879 29 21 till
562 880 79 19 största
665 879 61 20 delen
749 879 53 26 deri,
824 881 32 19 att
876 879 34 21 det
926 881 23 18 är
965 879 47 20 med
1028 878 22 21 af

219 907 121 21 Ständerna
356 907 102 27 beviljade
475 906 73 26 medel,
564 912 46 16 som
626 906 58 22 såväl
695 906 40 22 den
747 913 40 15 ena
803 913 45 15 som
865 907 40 21 den
918 907 65 21 andra
995 906 53 22 folk-

218 936 75 21 skolan
318 935 141 22 underhålles.
492 936 75 21 Derför
590 936 67 20 borde
680 936 64 20 också
767 942 83 14 samma
870 937 43 19 rätt
928 936 119 20 tillkomma

217 964 71 22 lärare
304 964 38 22 och
359 964 119 21 lärarinnor
492 965 6 20 i
514 964 111 22 städernas
641 964 124 26 folkskolor,
782 966 32 19 att
830 964 20 21 få
861 964 82 27 åtnjuta
954 964 93 27 pension,

217 999 47 15 som
281 1000 28 14 nu
325 993 129 21 tillkommer
470 993 68 21 lärare
554 993 39 21 och
610 992 119 22 lärarinnor
744 993 6 21 i
767 992 119 22 folkskolor
902 994 26 26 på
944 992 80 22 landet.

288 1050 57 21 Herr
366 1050 144 21 Neovius:
541 1050 42 27 Jag
603 1050 49 20 ville
668 1050 47 21 med
731 1050 116 26 anledning
862 1050 22 20 af
898 1050 48 21 herr
962 1049 87 22 Heikels

218 1079 149 26 anmärkning,
384 1080 32 20 att
434 1078 103 26 ätskilligt
553 1080 56 20 ännu
625 1078 92 21 äterstär
733 1079 33 21 för
780 1078 78 22 sakens
874 1078 118 26 utredning,
1009 1078 40 22 och

218 1108 123 26 isynnerhet
363 1107 40 21 den
419 1107 72 27 frägan
508 1109 24 19 är
548 1107 97 25 outredd,
662 1107 105 21 huruvida
783 1113 27 15 en
826 1107 54 21 skild
896 1107 49 21 fond
961 1106 52 22 eller
1029 1113 19 19 ej

217 1136 56 21 skall
296 1136 70 21 bildas
389 1136 33 20 för
444 1136 147 26 pensionering
614 1135 23 21 af
657 1135 198 27 lärarepersonalen
879 1136 34 20 vid
937 1136 112 20 städernas

219 1164 125 26 folkskolor,
367 1164 90 28 päpeka,
480 1167 32 19 att
532 1164 37 27 jag
591 1170 68 18 anser,
676 1164 35 21 det
728 1165 70 20 denna
813 1164 59 27 fräga
888 1164 18 26 ej
922 1164 61 21 torde
999 1170 50 15 vara

218 1193 89 27 lämplig
329 1195 32 18 att
385 1199 87 14 numera
494 1194 13 22 i,
529 1194 24 19 sä
576 1195 31 18 att
631 1194 57 25 säga,
710 1193 271 21 Ständersammanträdets
996 1192 53 21 sista

219 1221 86 22 timmar
320 1221 93 26 afgöras.
444 1221 76 21 Derför
534 1221 39 21 har
587 1221 37 26 jag
639 1221 61 21 äfven
716 1221 6 20 i
739 1221 48 21 mitt
804 1221 79 26 förslag
894 1221 18 26 ej
925 1220 122 26 framhällit,

219 1252 32 19 att
274 1252 31 19 ett
327 1250 75 27 anslag
425 1249 21 21 af
469 1250 91 24 200,000
583 1249 61 22 mark
664 1250 130 26 nödvändigt
810 1250 39 21 bör
864 1249 83 21 anvisas
963 1249 31 21 till
1011 1249 38 21 bil-

219 1279 70 20 dande
304 1278 24 21 af
342 1285 25 14 en
384 1285 26 19 ny
427 1278 55 25 fond,
500 1281 50 18 utan
566 1280 32 19 att
615 1278 58 21 detta
689 1279 74 26 anslag
778 1285 52 14 vore
846 1277 75 24 medel,
932 1284 45 15 som
988 1277 61 22 Stän-

219 1307 66 21 derna
306 1307 78 26 bevilja
399 1307 32 21 för
446 1306 190 22 ästadkommande
651 1307 24 21 af
689 1307 39 21 den
744 1307 126 26 utvidgning
885 1307 7 20 i
908 1307 141 26 pensionsrät-

218 1338 43 23 ten,
276 1335 88 21 hvarom
382 1335 38 21 här
436 1336 53 21 varit
504 1335 65 27 fräga.
600 1335 42 21 Det
657 1335 68 21 skulle
741 1335 84 22 säledes
844 1335 121 26 lämpligast
981 1335 68 21 öfver-

218 1364 83 21 lemnas
316 1364 23 21 ät
354 1364 124 27 regeringen
494 1366 38 22 att,
548 1363 54 22 efter
618 1370 75 20 mogen
710 1363 131 27 behandling
856 1364 22 21 af
889 1363 72 27 frägan
973 1363 6 21 i
990 1363 60 22 detta

218 1392 128 26 hänseende,
362 1392 54 22 fatta
427 1393 35 20 det
478 1392 85 27 slutliga
579 1393 132 26 afgörandet.

290 1449 55 21 Herr
361 1449 177 27 Malmgren:
558 1449 43 27 Mig
616 1455 62 21 synes
694 1449 35 21 det
745 1456 53 14 vara
814 1449 83 27 obilligt
912 1451 32 19 att
959 1451 52 24 göra
1026 1449 24 20 sä

218 1479 75 25 sträng
307 1478 83 21 skilnad
408 1478 88 21 emellan
506 1478 64 21 stads-
584 1478 39 21 och
636 1478 144 26 landsbygden
793 1478 31 20 uti
835 1477 160 27 ifrågavarande
1006 1476 42 22 fall.

219 1506 42 21 Det
277 1506 38 21 bör
331 1506 106 26 nämligen
453 1506 152 27 ihågkommas,
621 1509 33 18 att
667 1507 101 20 städerna
780 1506 40 21 och
833 1506 61 21 deras
906 1506 127 20 innevånare
1044 1506 5 19 i

218 1534 134 21 förhållande
368 1535 32 21 till
412 1535 143 27 landsbygden
567 1535 39 21 och
617 1535 48 21 dess
677 1535 129 21 innevånare
818 1534 137 21 kontribuera
966 1535 5 20 i
984 1533 66 27 ojem-
