1125 1811
317 138 183 23 Borgareståndet
511 140 59 17 1882.
594 140 24 16 19
631 140 48 20 maj.
856 134 55 20 1385

149 210 55 21 Herr
227 209 197 27 Borgström:
455 208 42 27 Jag
513 208 38 22 ber
565 210 33 20 att
613 208 22 22 få
651 208 85 21 biträda
751 208 51 21 herr
817 208 95 21 Kurténs

80 238 87 28 förslag,
183 238 39 22 och
237 239 39 25 gör
288 238 37 26 jag
341 237 37 21 det
392 237 25 22 så
432 237 86 27 mycket
534 236 67 22 hellre
617 243 46 15 som
676 237 37 27 jag
728 236 7 21 i
753 236 108 22 utskottet
871 236 41 21 för-

81 267 80 22 ordade
178 266 124 26 detsamma,
316 265 68 22 ehuru
396 266 38 27 jag
449 266 48 21 icke
512 265 100 27 lyckades
627 266 64 20 vinna
707 265 71 27 gehör.

151 341 55 22 Herr
229 340 132 21 Kurtén:
392 340 77 22 Redan
485 340 35 21 vid
536 340 102 21 remissen
654 346 37 15 var
705 339 36 27 jag
757 339 6 21 i
779 339 85 22 tillfälle
880 341 34 19 att

81 376 75 21 genom
181 369 130 27 uppläsande
332 369 23 21 af
369 368 150 28 ordalydelsen
535 369 6 20 i
557 368 128 27 paragrafen
702 367 110 28 öfvertyga
826 368 88 21 ståndet

73 399 89 26 .derom,
187 400 32 19 att
235 397 126 28 paragrafen
378 397 111 27 verkligen
506 397 39 22 har
561 397 39 21 den
617 397 86 27 lydelse,
719 398 33 19 att
767 397 147 27 penningarne

81 427 61 22 skola
164 426 127 22 inlevereras
315 426 32 21 till
369 426 104 21 ränteriet
495 426 64 21 innan
581 425 135 28 provisionen
732 425 33 22 får
780 425 72 28 lyftas.
882 425 32 27 Ty

82 456 36 21 det
140 455 61 22 heter
225 471 4 8 ,
231 455 94 24 hvilken
347 455 117 27 provision,
488 454 56 22 efter
565 455 96 21 medlens
677 454 141 27 inleverering
833 453 40 23 och
887 454 28 27 på

81 484 69 27 grund
174 483 21 22 af
215 483 98 22 deröfver
327 483 113 22 företedda
457 483 207 27 ränteriqvittanser,
679 482 25 22 af
717 483 149 26 Länestyrelse
882 482 33 21 till

83 513 47 21 dem
153 512 151 22 utanordnas*.
334 512 173 27 Inlevereringen
530 513 24 20 af
567 512 69 21 medel
653 512 68 21 måste
736 511 84 22 således
835 511 80 21 verkli-

82 548 40 21 gen
141 541 65 22 hafva
228 541 58 22 skett
307 541 33 21 för
355 543 33 19 att
402 541 155 27 länestyrelsen
573 540 53 22 skall
642 540 73 21 kunna
729 540 122 21 utanordna
866 545 48 21 pro-

82 570 186 27 visionsbeloppet.
298 570 46 21 Här
374 569 40 22 har
438 569 99 28 upplysts
562 576 41 19 om,
626 571 33 20 att
673 569 29 27 pä
717 575 25 15 en
759 568 34 22 del
809 570 59 20 orter
883 570 32 19 ett

83 601 89 19 motsatt
194 598 133 22 förhällande
350 604 50 20 eger
421 604 55 20 rum,
490 598 20 21 d.
526 604 19 15 v.
561 604 16 15 s.
593 597 170 27 tjenstemännen
779 597 65 21 hafva
859 596 57 22 varit

84 627 140 27 förnuftigare
247 629 27 19 än
300 627 69 26 lagen.
400 626 30 22 På
457 627 69 21 andra
551 629 59 19 orter
625 626 40 22 har
679 626 60 21 detta
754 625 54 22 dock
824 625 19 27 ej
859 626 57 20 varit

84 656 66 26 fallet,
173 658 52 19 utan
251 656 38 21 der
303 655 64 21 hafva
382 655 171 27 tjenstemännen
569 654 62 22 hällit
644 654 32 27 sig
691 654 32 22 till
739 654 73 28 lagens
828 653 90 23 bokstaf

84 685 40 21 och
140 685 123 26 derigenom
278 684 63 21 äfven
357 684 155 21 ästadkommit
528 684 93 27 onödiga
635 684 123 26 omgängar.
789 684 41 26 Jag
845 682 73 23 skulle

84 713 56 27 vilja,
156 716 33 18 att
204 713 61 27 lagen
281 719 50 15 vore
346 713 45 21 lika
405 712 34 22 för
455 712 49 22 hela
520 712 79 26 landet,
615 714 33 19 att
663 712 40 21 den
719 718 51 15 vore
780 712 24 21 sä
814 711 102 27 skrifven,

84 745 34 18 att
132 742 44 21 alla
191 742 125 26 tjenstemän
332 741 68 21 skulle
416 741 99 27 tillämpa
531 741 40 21 den
587 741 28 27 pä
630 747 83 15 samma
727 742 49 20 sätt.

155 815 153 22 Diskussionen
331 815 126 26 afslutades,
474 815 66 22 hvarä
556 815 69 21 denna
641 814 275 28 omröstningsproposition

85 844 23 21 af
122 844 50 22 herr
213 844 160 22 Talmannen
390 843 159 22 framställdes:

156 919 53 26 »De,
225 918 71 22 hvilka
318 918 115 28 godkänna
449 919 14 26 &
480 920 24 20 31
524 917 130 23 oförändrad
669 916 66 28 enligt
749 917 117 22 utskottets
881 916 36 22 be-

86 947 115 25 tänkande,
217 949 58 19 rösta
288 947 33 27 ja;

156 976 75 22 vinner
246 976 41 27 nej,
302 976 39 21 har
356 975 92 22 Ständet
465 975 89 22 beslutit
568 975 159 21 återremittera
743 974 34 28 8:n
794 974 32 21 till
834 974 82 21 utskot-

86 1007 32 19 tet
135 1004 33 22 för
184 1004 156 28 omredigering
355 1005 6 20 i
378 1004 36 22 det
430 1004 58 27 syfte
503 1004 49 22 herr
566 1004 84 21 Kurtén
666 1002 130 28 föreslagit".

161 1079 163 27 Propositionen
339 1079 132 21 besvarades
486 1079 48 21 med
550 1080 12 20 5
577 1078 22 27 ja
615 1078 40 22 och
671 1080 26 19 42
713 1078 41 26 nej,
763 1077 87 21 hvarför
861 1077 57 21 stän-

86 1108 37 21 det
145 1107 83 22 säledes
247 1108 88 21 beslutit
358 1107 162 22 äterremittera
542 1107 126 27 paragrafen
685 1106 34 22 till
733 1106 106 22 utskottet
855 1106 7 20 i
878 1105 40 22 och

86 1136 34 21 för
140 1136 155 27 omredigering
309 1136 6 21 i
332 1136 35 21 det
391 1136 64 27 syfte,
480 1138 33 19 att
528 1135 175 27 kartaförsäljare
719 1135 82 21 erhölle
816 1134 103 26 rättighet

86 1167 34 19 att
139 1164 50 28 sjelf
208 1165 92 21 uträkna
323 1165 31 21 sin
370 1165 117 27 provision,
503 1167 61 25 samt,
580 1164 150 21 innehällande
745 1164 123 21 densamma
884 1162 35 22 vid

86 1193 150 27 försiggäende
251 1194 72 26 ligvid,
340 1193 57 27 förty
413 1194 34 20 till
464 1193 165 22 landtränteriet
643 1193 119 20 inleverera
777 1192 75 21 endast
868 1191 51 21 skil

86 1221 69 22 naden
183 1221 90 22 emellan
289 1221 239 28 försäljningsbeloppet
544 1221 39 22 och
600 1221 40 22 den
656 1221 104 27 afdragna
775 1220 143 27 provisionen.

156 1250 46 21 Och
229 1251 68 20 skulle
312 1250 141 22 medständen
468 1257 76 20 genom
560 1249 196 28 protokollsutdrag
771 1248 100 27 inbjudas
886 1250 32 19 att

86 1278 74 22 förena
175 1280 32 25 sig
222 1285 33 15 om
272 1279 59 21 detta
347 1279 77 21 beslut.

100 1380 2 2 =
156 1353 57 21 Herr
227 1353 186 22 Talmannen
429 1353 150 28 tillkännagaf,
594 1355 33 20 att
642 1353 51 21 herr
708 1352 106 22 Snellman
828 1352 91 26 nödgats

87 1381 97 28 aflägsna
198 1382 31 27 sig
245 1382 32 21 för
293 1382 133 21 illamäende.

156 1456 25 28 $$
197 1457 84 21 32—40
296 1456 124 27 godkändes
437 1458 53 19 utan
506 1456 126 21 diskussion.
