1125 1811
327 133 181 23 Borgareståndet
521 135 57 17 1882.
604 135 23 17 16
639 135 49 21 maj.
860 130 56 21 1259

226 307 62 26 Den
306 305 32 27 16
356 305 56 35 Maj
432 305 40 26 kl.
490 305 27 26 11
535 305 60 26 före
613 305 161 34 middagen.

154 387 41 22 Vid
210 386 118 22 verkstäldt
343 392 84 21 upprop
450 385 106 22 befunnos
570 386 99 27 samtlige
684 386 138 22 medlemmar
837 387 77 22 tillstä-

86 417 115 22 deskomne
216 415 93 22 förutom
325 415 75 22 herrar
423 414 111 22 Molander
549 414 40 22 och
605 415 98 27 Krogius,
720 414 33 22 för
768 415 73 22 hvilka
856 415 60 28 sjuk-

86 444 131 24 domsförfall
232 444 111 22 anmältes.

153 576 56 22 Från
232 575 140 23 medstånden
396 575 56 22 hade
467 575 118 22 ankommit
601 575 93 28 följande
710 575 202 28 protokollsutdrag,

85 605 106 27 nämligen

156 635 31 20 1:o
203 633 47 22 från
264 633 158 27 Ridderskapet
446 632 40 22 och
502 632 68 22 Adeln
587 632 32 22 för
635 632 40 22 den
692 633 12 21 9
720 632 7 22 i
743 633 69 21 denna
827 633 85 26 månad,

85 662 48 22 med
154 662 157 21 underrättelse
333 668 35 15 om
391 661 97 21 ståndets
511 661 70 21 beslut
604 660 131 23 beträffande
754 660 159 24 Sammansatta

84 691 45 27 lag-
144 690 40 22 och
199 690 219 22 ekonomiutskottets
433 690 135 21 betänkande
584 690 41 21 N:o
641 690 12 20 5
671 690 39 21 och
727 690 185 22 ekonomiutskot-

84 722 43 19 tets
142 719 134 22 betänkande
291 719 41 21 N:o
348 720 20 24 4;
384 720 58 20 samt
465 718 205 27 tillkännagifvande
685 720 107 25 utgången
807 719 23 21 af
844 722 32 18 ett
890 718 24 23 af

85 748 95 22 ståndets
195 747 108 22 elektorer
324 747 128 22 verkställdt
467 747 33 21 val
516 747 22 21 af
552 753 25 15 en
593 747 95 21 ledamot
703 748 38 20 och
758 750 76 19 tvenne
850 754 64 21 supp-

84 776 83 22 leanter
181 776 6 21 i
203 776 107 21 allmänna
332 776 195 21 besvärsutskottet
546 776 109 21 äfvensom
671 782 25 15 en
713 776 111 27 suppleant
840 777 6 20 i
862 777 53 20 eko-

84 805 165 22 nomiutskottet
257 811 5 20 ;

154 835 33 20 2:0
204 833 47 22 från
267 833 161 22 Presteståndet
443 833 33 21 för
491 839 82 16 samma
595 832 48 26 dag,
659 832 140 23 meddelande
814 833 98 22 ståndets

85 862 69 22 beslut
177 862 90 21 rörande
291 864 155 19 sammansatta
471 861 45 27 lag-
543 861 40 22 och
605 861 217 22 ekonomiutskottets
838 862 77 22 betän-

85 890 70 22 kande
170 891 40 21 N:o
226 891 19 21 5.

155 1004 113 28 Upplästes
284 1006 31 20 ett
329 1005 25 21 så
369 1004 93 28 lydande
478 1004 106 27 protokoll
595 1003 46 22 från
652 1004 191 28 Borgareståndets
853 1004 59 23 elek-

84 1035 70 21 torers
169 1033 157 22 sammanträde
342 1033 41 22 den
400 1034 26 20 13
442 1033 89 21 dennes:

153 1062 104 27 Företogs
272 1062 34 22 val
322 1062 90 21 medelst
426 1062 72 21 slutna
514 1061 70 21 sedlar
599 1060 24 22 af
636 1067 27 21 ny
674 1061 94 22 ledamot
783 1062 6 21 i
806 1062 108 22 allmänna

84 1090 197 22 Besvärsutskottet
295 1091 6 21 i
317 1090 73 22 stället
412 1090 33 22 för
468 1090 50 21 herr
534 1090 79 26 Fiorin,
629 1090 85 22 hvilken
731 1090 22 22 af
768 1090 92 26 ståndet,
877 1090 35 22 vid

85 1119 91 27 tidigare
191 1119 70 22 denna
276 1120 42 27 dag
333 1118 65 22 hållet
413 1119 165 24 sammanträde,
594 1119 27 27 på
636 1119 69 26 grund
721 1119 22 21 af
756 1119 108 21 helsoskäl
875 1118 39 23 be-

85 1148 62 22 friats
156 1148 45 21 från
211 1148 62 22 ofvan
280 1147 142 23 omförmälda
430 1147 78 21 honom
517 1147 124 27 uppdragna
649 1147 155 28 ledamotskap,
812 1148 40 21 och
868 1148 45 21 till-

83 1176 51 22 föllo
150 1176 75 22 härvid
247 1177 43 21 alla
313 1178 70 20 röster
405 1176 140 27 suppleanten
561 1176 6 20 i
582 1182 83 15 samma
685 1176 83 22 utskott
783 1176 50 22 herr
848 1176 64 22 Lind-

84 1205 58 27 berg,
157 1205 85 22 hvilken
258 1205 55 27 förty
328 1204 69 22 blifvit
412 1205 78 21 utsedd
506 1204 32 21 till
553 1204 94 21 ledamot
663 1205 6 20 i
685 1205 113 21 utskottet.

151 1233 41 22 Till
215 1233 112 28 suppleant
342 1233 7 22 i
365 1233 72 22 stället
458 1233 32 21 för
505 1233 50 20 herr
577 1233 108 27 Lindberg
704 1233 72 28 utsågs
792 1233 54 22 härå
861 1233 52 22 herr

83 1261 103 28 Hallberg
200 1263 48 21 med
263 1263 80 21 femton
359 1263 69 20 röster
443 1261 25 22 af
481 1261 76 22 inalles
572 1261 81 27 afgifna
669 1265 80 18 sexton.

154 1364 55 22 Herr
229 1365 136 22 Grönvik
386 1365 72 22 anhöll
482 1365 52 21 härå
556 1371 35 15 om
612 1365 62 22 ordet
689 1365 40 22 och
744 1365 95 27 yttrade:
869 1365 43 28 Jag

82 1392 70 23 skulle
167 1393 86 22 anhålla
267 1396 32 19 att
315 1393 22 22 få
352 1393 34 22 för
400 1393 86 22 ståndet
501 1393 92 26 anmäla,
609 1394 36 21 det
661 1394 40 21 den
718 1394 130 26 deputation,
864 1400 46 16 som

83 1422 55 21 hade
154 1422 32 27 sig
200 1422 119 27 uppdraget
341 1424 32 20 att
389 1422 33 21 till
446 1422 137 21 medstånden
601 1422 102 21 framföra
719 1422 192 28 Borgareståndets

82 1450 126 28 inbjudning
223 1451 6 21 i
242 1451 180 26 jernvägsfrågan,
439 1450 95 27 fullgjort
549 1451 60 21 detta
623 1454 56 18 samt
695 1451 40 21 fått
753 1452 4 20 i
769 1451 97 27 uppdrag
877 1453 33 19 att

84 1478 32 22 till
131 1479 180 27 Borgareståndet
326 1478 103 23 framföra
445 1479 150 22 medståndens
611 1479 104 27 helsning.
