1125 1811
320 143 182 22 Borgareståndet
516 144 55 17 1882.
598 144 22 17 16
633 144 48 21 maj.
877 140 56 21 1285

168 213 90 23 Ståndet
281 213 69 21 beslöt
372 213 51 21 derå
446 213 50 21 med
518 212 156 28 öfvervägande
695 213 109 27 pluralitet
820 215 32 19 att
868 213 64 22 bord-

99 242 63 28 lägga
184 243 59 21 detta
265 241 136 22 betänkande
424 241 32 21 till
473 242 49 21 dess
538 241 74 27 frågan
629 248 34 15 om
680 242 40 21 den
733 243 101 26 jernvägs
850 242 82 21 sträck-

99 271 57 27 ning,
172 277 45 16 som
240 272 95 20 närmast
357 270 70 22 skulle
449 270 87 22 komma
560 270 33 22 till
612 270 119 26 utförande,
747 270 70 22 blifvit
833 270 22 22 af
869 270 63 22 Stän-

99 299 67 22 derna
182 299 88 27 afgjord.

168 356 56 21 Herr
247 355 177 22 Wasenius:
446 356 44 26 Jag
512 355 70 22 skulle
597 355 27 22 be
645 357 34 19 att
700 355 21 22 få
744 355 32 22 till
800 356 132 27 protokollet

99 385 138 26 antecknadt,
253 386 33 19 att
299 384 36 27 jag
351 384 33 21 för
399 384 43 21 min
458 384 36 22 del
510 383 48 22 icke
573 384 125 22 instämmer
713 384 6 21 i
735 384 61 21 detta
811 384 77 23 beslut.

168 527 57 22 Från
241 527 161 22 Bondeståndet
416 527 55 22 hade
488 527 119 22 ankommit
626 527 198 28 protokollsutdrag
840 527 34 22 för
889 528 43 21 den

99 557 21 25 4,
136 557 20 26 5,
172 557 20 26 8,
208 557 12 20 9
236 556 40 21 och
293 557 26 20 13
334 556 50 27 Maj,
400 555 142 23 meddelande
557 556 96 22 ståndets
669 556 70 22 beslut
754 556 132 22 beträffande

166 613 216 27 jernvägsutskottets
398 612 138 22 betänkande
552 614 40 20 N:o
609 614 22 25 1;

168 642 216 21 ekonomiutskottets
398 642 138 21 betänkande
551 641 40 22 N:o
608 629 23 38 4!

170 672 152 20 sammansatta
337 670 44 27 lag-
397 670 39 22 och
458 654 220 47 ekonomiutskottets
699 670 135 22 betänkande
850 670 39 22 N:o
904 672 25 25 5;

100 700 56 21 samt

168 728 107 21 allmänna
290 727 206 22 besvärsutskottets
511 727 136 22 betänkande
668 727 41 22 N:o
726 728 26 21 14
768 728 39 21 och
822 734 109 16 samman-

98 756 200 27 jemkningsförslag
313 756 23 21 af
349 756 101 22 ständens
474 756 72 22 beslut
569 756 131 22 beträffande
720 756 118 22 utskottets
853 756 75 22 betän-

100 785 70 21 kande
185 784 40 22 N:o
242 785 22 26 3;
280 785 93 21 varande
396 785 223 27 protokollsutdraget
641 785 92 22 rörande
756 784 92 22 beslutet
862 786 67 26 angä-

100 813 54 22 ende
176 815 154 20 sammansatta
352 813 44 26 lag-
412 813 39 22 och
468 813 219 22 ekonomiutskottets
708 813 135 22 betänkande
858 814 41 21 N:o
915 815 13 20 5

100 841 33 23 hit
148 841 109 23 afskrifvet
272 842 23 21 sä
311 841 97 28 lydande:

374 898 83 28 Utdrag
474 899 22 21 af
509 899 173 21 Bondeständets
703 899 115 27 protokoll,
841 899 59 21 fördt
915 899 13 21 ä

305 926 139 28 Landtdagen
461 928 7 20 i
484 927 135 28 Helsingfors
643 928 40 21 den
706 929 20 25 8,
749 928 13 20 9
785 928 39 21 och
842 928 26 21 13
884 927 44 27 Maj

307 956 62 21 1882.

168 1012 119 27 Föredrogs
308 1015 158 19 sammansatta
488 1013 56 27 Lag-
562 1012 38 22 och
616 1012 221 22 Ekonomiutskottets
853 1014 75 21 betän-

100 1041 70 22 kande
185 1041 40 21 N:o
241 1042 12 21 5
269 1042 6 20 i
290 1041 114 27 anledning
420 1042 22 20 af
457 1041 60 22 Hans
532 1042 121 26 Kejserliga
668 1042 112 27 Majestäts
790 1042 78 27 nädiga
878 1048 50 21 pro-

99 1070 92 27 position
213 1069 40 23 N:o
271 1072 26 19 10
311 1070 109 27 angäende
444 1076 26 16 en
494 1070 126 28 förordning
641 1077 34 15 om
698 1072 76 26 vägars
797 1070 39 22 och
852 1071 76 21 broars

99 1099 111 27 byggande
226 1098 39 22 och
281 1098 117 22 underhäll.

168 1126 121 22 Utskottets
312 1126 218 28 författningsförslag
552 1127 131 27 granskades
702 1128 102 27 paragraf
817 1127 33 22 för
864 1134 62 21 para-

98 1155 53 28 graf,
160 1155 86 22 hvarvid
262 1156 91 26 ständet,
369 1156 46 21 dels
430 1158 52 19 utan
495 1156 180 28 meningsolikhet
691 1157 44 21 dels
751 1156 55 22 efter
821 1156 107 22 anställda

99 1184 128 27 voteringar,
243 1184 102 22 stannade
361 1184 6 21 i
384 1184 94 27 följande
494 1184 79 22 beslut:

168 1213 10 20 1
197 1213 39 21 och
251 1213 13 20 2
280 1213 25 27 $$
320 1214 89 25 antogos
428 1213 153 26 oförändrade;

167 1241 13 21 3
195 1242 13 25 8&
224 1241 124 27 godkändes
363 1241 6 21 i
386 1241 71 27 öfrigt,
475 1237 50 36 utom
542 1243 31 20 att
589 1241 66 22 andra
679 1248 62 15 mom.
758 1241 68 22 skulle
845 1241 81 22 erhålla

97 1269 33 22 sin
140 1270 58 26 plats
213 1271 6 20 i
235 1270 30 27 8:s
281 1270 52 21 sista
348 1276 68 20 mom.;

167 1299 13 19 4
196 1298 39 21 och
251 1299 12 20 5
279 1299 26 27 $$
321 1298 99 27 gillades;

166 1326 7 21 i
189 1327 12 20 6
217 1327 12 27 $
244 1327 85 27 gjordes
345 1327 39 21 den
400 1327 92 28 ändring
507 1329 32 20 att
555 1327 113 27 landsvägs
687 1327 75 27 högsta
778 1327 67 22 bredd
861 1327 65 21 emel-

97 1355 35 22 lan
148 1355 78 22 dikena
241 1356 46 21 icke
302 1355 101 22 behöfver
418 1355 116 28 öfverstiga
550 1356 29 21 tio
595 1356 70 26 alnar;

168 1385 10 20 7
195 1384 40 21 och
251 1386 13 19 8
279 1384 24 28 $$
318 1384 100 28 gillades;

166 1414 13 20 9
195 1413 12 27 8
222 1415 82 24 antogs,
321 1413 65 21 likväl
407 1413 90 22 sålunda
520 1415 33 19 att
568 1413 67 22 andra
650 1413 112 27 meningen
778 1412 68 22 skulle
861 1413 7 20 i
884 1412 40 22 den

96 1442 92 22 svenska
211 1444 72 19 texten
306 1441 81 22 erhålla
410 1441 93 27 följande
527 1442 90 27 lydelse:
642 1441 85 27 ,Yppas
743 1441 33 21 för
792 1441 134 27 vägbyggare

96 1470 53 22 brist
164 1471 13 21 &
192 1470 199 27 väglagningsämne
406 1470 29 27 pä
450 1470 100 22 anvisadt
571 1470 62 22 ställe
649 1470 39 21 och
704 1470 68 21 finnes
787 1470 77 20 sädant
878 1469 47 21 icke

96 1498 68 22 heller
178 1498 28 27 pä
222 1505 69 14 annan
314 1498 87 27 lämplig
424 1499 57 26 plats
497 1499 12 20 &
524 1499 53 26 skog
601 1499 52 21 eller
675 1499 98 21 utmark*
790 1504 18 15 o.
824 1504 16 15 s.
857 1504 19 15 v.
890 1504 34 15 en-

96 1527 39 27 ligt
150 1527 117 22 utskottets
282 1527 144 27 formulering;
