<?xml version="1.0" encoding="UTF-8"?>
<alto xmlns="http://www.loc.gov/standards/alto/ns-v3#" xmlns:xlink="http://www.w3.org/1999/xlink" xmlns:xsi="http://www.w3.org/2001/XMLSchema-instance" xsi:schemaLocation="http://www.loc.gov/standards/alto/ns-v3# http://www.loc.gov/alto/v3/alto-3-0.xsd">
	<Description>
		<MeasurementUnit>pixel</MeasurementUnit>
		<sourceImageInformation>
			<fileName>/tmp/tess_hhi7r1dv_input.PNG</fileName>
		</sourceImageInformation>
		<OCRProcessing ID="OCR_0">
			<ocrProcessingStep>
				<processingSoftware>
					<softwareName>tesseract 5.3.4</softwareName>
				</processingSoftware>
			</ocrProcessingStep>
		</OCRProcessing>
	</Description>
	<Layout>
		<Page WIDTH="1125" HEIGHT="1811" PHYSICAL_IMG_NR="0" ID="page_0">
			<PrintSpace HPOS="0" VPOS="0" WIDTH="1125" HEIGHT="1811">
				<ComposedBlock ID="cblock_0" HPOS="217" VPOS="141" WIDTH="603" HEIGHT="34">
					<TextBlock ID="block_0" HPOS="217" VPOS="141" WIDTH="603" HEIGHT="34">
						<TextLine ID="line_0" HPOS="217" VPOS="141" WIDTH="603" HEIGHT="34">
							<String ID="string_0" HPOS="217" VPOS="141" WIDTH="56" HEIGHT="34" WC="0.96" CONTENT="1404"/><SP WIDTH="181" VPOS="141" HPOS="273"/>
							<String ID="string_1" HPOS="454" VPOS="150" WIDTH="182" HEIGHT="22" WC="0.91" CONTENT="Borgareståndet"/><SP WIDTH="10" VPOS="150" HPOS="636"/>
							<String ID="string_2" HPOS="646" VPOS="151" WIDTH="60" HEIGHT="17" WC="0.96" CONTENT="1882."/><SP WIDTH="25" VPOS="151" HPOS="706"/>
							<String ID="string_3" HPOS="731" VPOS="151" WIDTH="41" HEIGHT="21" WC="0.96" CONTENT="maj"/><SP WIDTH="13" VPOS="151" HPOS="772"/>
							<String ID="string_4" HPOS="785" VPOS="150" WIDTH="35" HEIGHT="18" WC="0.88" CONTENT="22."/>
						</TextLine>
					</TextBlock>
				</ComposedBlock>
				<GraphicalElement ID="cblock_1" HPOS="217" VPOS="179" WIDTH="813" HEIGHT="5"></GraphicalElement >
				<ComposedBlock ID="cblock_2" HPOS="218" VPOS="219" WIDTH="837" HEIGHT="170">
					<TextBlock ID="block_1" HPOS="218" VPOS="219" WIDTH="837" HEIGHT="170">
						<TextLine ID="line_1" HPOS="218" VPOS="219" WIDTH="836" HEIGHT="28">
							<String ID="string_5" HPOS="218" VPOS="219" WIDTH="98" HEIGHT="28" WC="0.90" CONTENT="låmpligt"/><SP WIDTH="23" VPOS="219" HPOS="316"/>
							<String ID="string_6" HPOS="339" VPOS="220" WIDTH="37" HEIGHT="21" WC="0.96" CONTENT="det"/><SP WIDTH="23" VPOS="220" HPOS="376"/>
							<String ID="string_7" HPOS="399" VPOS="222" WIDTH="30" HEIGHT="24" WC="0.96" CONTENT="är,"/><SP WIDTH="17" VPOS="222" HPOS="429"/>
							<String ID="string_8" HPOS="446" VPOS="221" WIDTH="32" HEIGHT="20" WC="0.96" CONTENT="att"/><SP WIDTH="16" VPOS="221" HPOS="478"/>
							<String ID="string_9" HPOS="494" VPOS="226" WIDTH="49" HEIGHT="15" WC="0.93" CONTENT="man"/><SP WIDTH="15" VPOS="226" HPOS="543"/>
							<String ID="string_10" HPOS="558" VPOS="220" WIDTH="69" HEIGHT="21" WC="0.92" CONTENT="turvis"/><SP WIDTH="14" VPOS="220" HPOS="627"/>
							<String ID="string_11" HPOS="641" VPOS="220" WIDTH="92" HEIGHT="21" WC="0.90" CONTENT="afhåller"/><SP WIDTH="16" VPOS="220" HPOS="733"/>
							<String ID="string_12" HPOS="749" VPOS="220" WIDTH="32" HEIGHT="27" WC="0.96" CONTENT="sig"/><SP WIDTH="15" VPOS="220" HPOS="781"/>
							<String ID="string_13" HPOS="796" VPOS="219" WIDTH="48" HEIGHT="22" WC="0.96" CONTENT="från"/><SP WIDTH="16" VPOS="219" HPOS="844"/>
							<String ID="string_14" HPOS="860" VPOS="220" WIDTH="194" HEIGHT="23" WC="0.95" CONTENT="sammanträdena."/>
						</TextLine>
						<TextLine ID="line_2" HPOS="218" VPOS="248" WIDTH="837" HEIGHT="28">
							<String ID="string_15" HPOS="218" VPOS="248" WIDTH="34" HEIGHT="21" WC="0.93" CONTENT="Då"/><SP WIDTH="21" VPOS="248" HPOS="252"/>
							<String ID="string_16" HPOS="273" VPOS="248" WIDTH="37" HEIGHT="27" WC="0.96" CONTENT="jag"/><SP WIDTH="23" VPOS="248" HPOS="310"/>
							<String ID="string_17" HPOS="333" VPOS="248" WIDTH="18" HEIGHT="27" WC="0.96" CONTENT="ej"/><SP WIDTH="21" VPOS="248" HPOS="351"/>
							<String ID="string_18" HPOS="372" VPOS="250" WIDTH="33" HEIGHT="20" WC="0.94" CONTENT="tre"/><SP WIDTH="15" VPOS="250" HPOS="405"/>
							<String ID="string_19" HPOS="420" VPOS="248" WIDTH="82" HEIGHT="28" WC="0.96" CONTENT="gånger"/><SP WIDTH="16" VPOS="248" HPOS="502"/>
							<String ID="string_20" HPOS="518" VPOS="249" WIDTH="54" HEIGHT="21" WC="0.96" CONTENT="varit"/><SP WIDTH="15" VPOS="249" HPOS="572"/>
							<String ID="string_21" HPOS="587" VPOS="249" WIDTH="70" HEIGHT="26" WC="0.96" CONTENT="borta,"/><SP WIDTH="15" VPOS="249" HPOS="657"/>
							<String ID="string_22" HPOS="672" VPOS="251" WIDTH="53" HEIGHT="19" WC="0.96" CONTENT="utan"/><SP WIDTH="16" VPOS="251" HPOS="725"/>
							<String ID="string_23" HPOS="741" VPOS="248" WIDTH="77" HEIGHT="22" WC="0.96" CONTENT="endast"/><SP WIDTH="15" VPOS="248" HPOS="818"/>
							<String ID="string_24" HPOS="833" VPOS="250" WIDTH="78" HEIGHT="20" WC="0.93" CONTENT="tvenne"/><SP WIDTH="14" VPOS="250" HPOS="911"/>
							<String ID="string_25" HPOS="925" VPOS="249" WIDTH="86" HEIGHT="27" WC="0.91" CONTENT="gänger,"/><SP WIDTH="16" VPOS="249" HPOS="1011"/>
							<String ID="string_26" HPOS="1027" VPOS="248" WIDTH="28" HEIGHT="21" WC="0.96" CONTENT="då"/>
						</TextLine>
						<TextLine ID="line_3" HPOS="219" VPOS="273" WIDTH="836" HEIGHT="31">
							<String ID="string_27" HPOS="219" VPOS="277" WIDTH="42" HEIGHT="21" WC="0.96" CONTENT="kan"/><SP WIDTH="26" VPOS="277" HPOS="261"/>
							<String ID="string_28" HPOS="287" VPOS="277" WIDTH="18" HEIGHT="27" WC="0.96" CONTENT="ej"/><SP WIDTH="17" VPOS="277" HPOS="305"/>
							<String ID="string_29" HPOS="322" VPOS="276" WIDTH="37" HEIGHT="22" WC="0.96" CONTENT="det"/><SP WIDTH="14" VPOS="276" HPOS="359"/>
							<String ID="string_30" HPOS="373" VPOS="277" WIDTH="94" HEIGHT="21" WC="0.93" CONTENT="nämnda"/><SP WIDTH="14" VPOS="277" HPOS="467"/>
							<String ID="string_31" HPOS="481" VPOS="273" WIDTH="134" HEIGHT="26" WC="0.91" CONTENT="korrektivet"/><SP WIDTH="14" VPOS="273" HPOS="615"/>
							<String ID="string_32" HPOS="629" VPOS="277" WIDTH="114" HEIGHT="21" WC="0.95" CONTENT="användas."/><SP WIDTH="31" VPOS="277" HPOS="743"/>
							<String ID="string_33" HPOS="774" VPOS="277" WIDTH="43" HEIGHT="27" WC="0.96" CONTENT="Jag"/><SP WIDTH="15" VPOS="277" HPOS="817"/>
							<String ID="string_34" HPOS="832" VPOS="278" WIDTH="36" HEIGHT="20" WC="0.96" CONTENT="vet"/><SP WIDTH="15" VPOS="278" HPOS="868"/>
							<String ID="string_35" HPOS="883" VPOS="276" WIDTH="19" HEIGHT="28" WC="0.96" CONTENT="ej"/><SP WIDTH="16" VPOS="276" HPOS="902"/>
							<String ID="string_36" HPOS="918" VPOS="276" WIDTH="67" HEIGHT="22" WC="0.96" CONTENT="heller"/><SP WIDTH="14" VPOS="276" HPOS="985"/>
							<String ID="string_37" HPOS="999" VPOS="276" WIDTH="56" HEIGHT="22" WC="0.96" CONTENT="hvad"/>
						</TextLine>
						<TextLine ID="line_4" HPOS="219" VPOS="305" WIDTH="835" HEIGHT="27">
							<String ID="string_38" HPOS="219" VPOS="311" WIDTH="46" HEIGHT="15" WC="0.96" CONTENT="som"/><SP WIDTH="21" VPOS="311" HPOS="265"/>
							<String ID="string_39" HPOS="286" VPOS="305" WIDTH="55" HEIGHT="21" WC="0.96" CONTENT="skall"/><SP WIDTH="16" VPOS="305" HPOS="341"/>
							<String ID="string_40" HPOS="357" VPOS="305" WIDTH="74" HEIGHT="27" WC="0.96" CONTENT="tvinga"/><SP WIDTH="16" VPOS="305" HPOS="431"/>
							<String ID="string_41" HPOS="447" VPOS="305" WIDTH="138" HEIGHT="22" WC="0.96" CONTENT="medlemmar"/><SP WIDTH="15" VPOS="305" HPOS="585"/>
							<String ID="string_42" HPOS="600" VPOS="308" WIDTH="33" HEIGHT="19" WC="0.96" CONTENT="att"/><SP WIDTH="15" VPOS="308" HPOS="633"/>
							<String ID="string_43" HPOS="648" VPOS="307" WIDTH="59" HEIGHT="20" WC="0.96" CONTENT="rösta"/><SP WIDTH="15" VPOS="307" HPOS="707"/>
							<String ID="string_44" HPOS="722" VPOS="306" WIDTH="58" HEIGHT="21" WC="0.96" CONTENT="inom"/><SP WIDTH="16" VPOS="306" HPOS="780"/>
							<String ID="string_45" HPOS="796" VPOS="305" WIDTH="92" HEIGHT="22" WC="0.96" CONTENT="stånden"/><SP WIDTH="16" VPOS="305" HPOS="888"/>
							<String ID="string_46" HPOS="904" VPOS="305" WIDTH="52" HEIGHT="22" WC="0.93" CONTENT="eller"/><SP WIDTH="15" VPOS="305" HPOS="956"/>
							<String ID="string_47" HPOS="971" VPOS="305" WIDTH="83" HEIGHT="22" WC="0.92" CONTENT="utskot-"/>
						</TextLine>
						<TextLine ID="line_5" HPOS="219" VPOS="333" WIDTH="835" HEIGHT="28">
							<String ID="string_48" HPOS="219" VPOS="336" WIDTH="43" HEIGHT="23" WC="0.96" CONTENT="ten,"/><SP WIDTH="16" VPOS="336" HPOS="262"/>
							<String ID="string_49" HPOS="278" VPOS="333" WIDTH="40" HEIGHT="22" WC="0.96" CONTENT="och"/><SP WIDTH="16" VPOS="333" HPOS="318"/>
							<String ID="string_50" HPOS="334" VPOS="333" WIDTH="56" HEIGHT="22" WC="0.96" CONTENT="huru"/><SP WIDTH="16" VPOS="333" HPOS="390"/>
							<String ID="string_51" HPOS="406" VPOS="333" WIDTH="54" HEIGHT="22" WC="0.96" CONTENT="skall"/><SP WIDTH="16" VPOS="333" HPOS="460"/>
							<String ID="string_52" HPOS="476" VPOS="334" WIDTH="36" HEIGHT="21" WC="0.96" CONTENT="det"/><SP WIDTH="16" VPOS="334" HPOS="512"/>
							<String ID="string_53" HPOS="528" VPOS="334" WIDTH="27" HEIGHT="22" WC="0.96" CONTENT="då"/><SP WIDTH="14" VPOS="334" HPOS="555"/>
							<String ID="string_54" HPOS="569" VPOS="334" WIDTH="61" HEIGHT="27" WC="0.96" CONTENT="tillgå"/><SP WIDTH="16" VPOS="334" HPOS="630"/>
							<String ID="string_55" HPOS="646" VPOS="340" WIDTH="34" HEIGHT="15" WC="0.96" CONTENT="om"/><SP WIDTH="16" VPOS="340" HPOS="680"/>
							<String ID="string_56" HPOS="696" VPOS="340" WIDTH="48" HEIGHT="15" WC="0.96" CONTENT="man"/><SP WIDTH="16" VPOS="340" HPOS="744"/>
							<String ID="string_57" HPOS="760" VPOS="334" WIDTH="48" HEIGHT="22" WC="0.93" CONTENT="icke"/><SP WIDTH="10" VPOS="334" HPOS="808"/>
							<String ID="string_58" HPOS="818" VPOS="333" WIDTH="91" HEIGHT="27" WC="0.91" CONTENT="afgifver"/><SP WIDTH="11" VPOS="333" HPOS="909"/>
							<String ID="string_59" HPOS="920" VPOS="333" WIDTH="46" HEIGHT="22" WC="0.96" CONTENT="sina"/><SP WIDTH="11" VPOS="333" HPOS="966"/>
							<String ID="string_60" HPOS="977" VPOS="335" WIDTH="77" HEIGHT="24" WC="0.96" CONTENT="röster,"/>
						</TextLine>
						<TextLine ID="line_6" HPOS="219" VPOS="361" WIDTH="836" HEIGHT="28">
							<String ID="string_61" HPOS="219" VPOS="361" WIDTH="45" HEIGHT="22" WC="0.84" CONTENT="ifall"/><SP WIDTH="20" VPOS="361" HPOS="264"/>
							<String ID="string_62" HPOS="284" VPOS="362" WIDTH="35" HEIGHT="21" WC="0.96" CONTENT="det"/><SP WIDTH="16" VPOS="362" HPOS="319"/>
							<String ID="string_63" HPOS="335" VPOS="364" WIDTH="25" HEIGHT="19" WC="0.96" CONTENT="är"/><SP WIDTH="15" VPOS="364" HPOS="360"/>
							<String ID="string_64" HPOS="375" VPOS="363" WIDTH="37" HEIGHT="21" WC="0.96" CONTENT="det"/><SP WIDTH="15" VPOS="363" HPOS="412"/>
							<String ID="string_65" HPOS="427" VPOS="362" WIDTH="51" HEIGHT="22" WC="0.96" CONTENT="fulla"/><SP WIDTH="16" VPOS="362" HPOS="478"/>
							<String ID="string_66" HPOS="494" VPOS="363" WIDTH="80" HEIGHT="21" WC="0.96" CONTENT="antalet"/><SP WIDTH="15" VPOS="363" HPOS="574"/>
							<String ID="string_67" HPOS="589" VPOS="365" WIDTH="76" HEIGHT="24" WC="0.96" CONTENT="röster,"/><SP WIDTH="15" VPOS="365" HPOS="665"/>
							<String ID="string_68" HPOS="680" VPOS="369" WIDTH="45" HEIGHT="15" WC="0.95" CONTENT="som"/><SP WIDTH="16" VPOS="369" HPOS="725"/>
							<String ID="string_69" HPOS="741" VPOS="362" WIDTH="54" HEIGHT="22" WC="0.96" CONTENT="skall"/><SP WIDTH="17" VPOS="362" HPOS="795"/>
							<String ID="string_70" HPOS="812" VPOS="369" WIDTH="53" HEIGHT="15" WC="0.96" CONTENT="vara"/><SP WIDTH="15" VPOS="369" HPOS="865"/>
							<String ID="string_71" HPOS="880" VPOS="361" WIDTH="175" HEIGHT="23" WC="0.96" CONTENT="bestämmande?"/>
						</TextLine>
					</TextBlock>
				</ComposedBlock>
				<ComposedBlock ID="cblock_3" HPOS="219" VPOS="419" WIDTH="837" HEIGHT="256">
					<TextBlock ID="block_2" HPOS="219" VPOS="419" WIDTH="837" HEIGHT="256">
						<TextLine ID="line_7" HPOS="291" VPOS="419" WIDTH="765" HEIGHT="30">
							<String ID="string_72" HPOS="291" VPOS="419" WIDTH="57" HEIGHT="22" WC="0.96" CONTENT="Herr"/><SP WIDTH="15" VPOS="419" HPOS="348"/>
							<String ID="string_73" HPOS="363" VPOS="419" WIDTH="187" HEIGHT="30" WC="0.93" CONTENT="Björkstén:"/><SP WIDTH="16" VPOS="419" HPOS="550"/>
							<String ID="string_74" HPOS="566" VPOS="419" WIDTH="71" HEIGHT="22" WC="0.93" CONTENT="Jemte"/><SP WIDTH="15" VPOS="419" HPOS="637"/>
							<String ID="string_75" HPOS="652" VPOS="419" WIDTH="36" HEIGHT="22" WC="0.96" CONTENT="det"/><SP WIDTH="13" VPOS="419" HPOS="688"/>
							<String ID="string_76" HPOS="701" VPOS="420" WIDTH="43" HEIGHT="27" WC="0.96" CONTENT="jag,"/><SP WIDTH="16" VPOS="420" HPOS="744"/>
							<String ID="string_77" HPOS="760" VPOS="420" WIDTH="7" HEIGHT="21" WC="0.96" CONTENT="i"/><SP WIDTH="17" VPOS="420" HPOS="767"/>
							<String ID="string_78" HPOS="784" VPOS="420" WIDTH="69" HEIGHT="21" WC="0.96" CONTENT="likhet"/><SP WIDTH="15" VPOS="420" HPOS="853"/>
							<String ID="string_79" HPOS="868" VPOS="420" WIDTH="48" HEIGHT="21" WC="0.95" CONTENT="med"/><SP WIDTH="12" VPOS="420" HPOS="916"/>
							<String ID="string_80" HPOS="928" VPOS="419" WIDTH="128" HEIGHT="28" WC="0.96" CONTENT="föregående"/>
						</TextLine>
						<TextLine ID="line_8" HPOS="221" VPOS="448" WIDTH="833" HEIGHT="28">
							<String ID="string_81" HPOS="221" VPOS="448" WIDTH="67" HEIGHT="21" WC="0.96" CONTENT="ärade"/><SP WIDTH="23" VPOS="448" HPOS="288"/>
							<String ID="string_82" HPOS="311" VPOS="448" WIDTH="74" HEIGHT="27" WC="0.96" CONTENT="talare,"/><SP WIDTH="21" VPOS="448" HPOS="385"/>
							<String ID="string_83" HPOS="406" VPOS="448" WIDTH="69" HEIGHT="28" WC="0.95" CONTENT="hyllar"/><SP WIDTH="15" VPOS="448" HPOS="475"/>
							<String ID="string_84" HPOS="490" VPOS="455" WIDTH="25" HEIGHT="14" WC="0.97" CONTENT="en"/><SP WIDTH="17" VPOS="455" HPOS="515"/>
							<String ID="string_85" HPOS="532" VPOS="450" WIDTH="89" HEIGHT="20" WC="0.92" CONTENT="motsatt"/><SP WIDTH="14" VPOS="450" HPOS="621"/>
							<String ID="string_86" HPOS="635" VPOS="448" WIDTH="55" HEIGHT="27" WC="0.92" CONTENT="åsigt"/><SP WIDTH="15" VPOS="448" HPOS="690"/>
							<String ID="string_87" HPOS="705" VPOS="450" WIDTH="46" HEIGHT="20" WC="0.96" CONTENT="mot"/><SP WIDTH="16" VPOS="450" HPOS="751"/>
							<String ID="string_88" HPOS="767" VPOS="449" WIDTH="41" HEIGHT="21" WC="0.97" CONTENT="den"/><SP WIDTH="16" VPOS="449" HPOS="808"/>
							<String ID="string_89" HPOS="824" VPOS="449" WIDTH="24" HEIGHT="20" WC="0.96" CONTENT="af"/><SP WIDTH="12" VPOS="449" HPOS="848"/>
							<String ID="string_90" HPOS="860" VPOS="448" WIDTH="52" HEIGHT="21" WC="0.96" CONTENT="herr"/><SP WIDTH="14" VPOS="448" HPOS="912"/>
							<String ID="string_91" HPOS="926" VPOS="448" WIDTH="81" HEIGHT="22" WC="0.92" CONTENT="Berner"/><SP WIDTH="14" VPOS="448" HPOS="1007"/>
							<String ID="string_92" HPOS="1021" VPOS="450" WIDTH="33" HEIGHT="19" WC="0.92" CONTENT="ut-"/>
						</TextLine>
						<TextLine ID="line_9" HPOS="219" VPOS="476" WIDTH="836" HEIGHT="28">
							<String ID="string_93" HPOS="219" VPOS="477" WIDTH="80" HEIGHT="26" WC="0.95" CONTENT="talade,"/><SP WIDTH="16" VPOS="477" HPOS="299"/>
							<String ID="string_94" HPOS="315" VPOS="477" WIDTH="36" HEIGHT="20" WC="0.96" CONTENT="vill"/><SP WIDTH="14" VPOS="477" HPOS="351"/>
							<String ID="string_95" HPOS="365" VPOS="477" WIDTH="37" HEIGHT="26" WC="0.96" CONTENT="jag"/><SP WIDTH="16" VPOS="477" HPOS="402"/>
							<String ID="string_96" HPOS="418" VPOS="476" WIDTH="102" HEIGHT="22" WC="0.95" CONTENT="särskildt"/><SP WIDTH="14" VPOS="476" HPOS="520"/>
							<String ID="string_97" HPOS="534" VPOS="477" WIDTH="89" HEIGHT="27" WC="0.96" CONTENT="påpeka,"/><SP WIDTH="12" VPOS="477" HPOS="623"/>
							<String ID="string_98" HPOS="635" VPOS="480" WIDTH="38" HEIGHT="23" WC="0.96" CONTENT="att,"/><SP WIDTH="11" VPOS="480" HPOS="673"/>
							<String ID="string_99" HPOS="684" VPOS="477" WIDTH="67" HEIGHT="26" WC="0.96" CONTENT="enligt"/><SP WIDTH="9" VPOS="477" HPOS="751"/>
							<String ID="string_100" HPOS="760" VPOS="477" WIDTH="45" HEIGHT="21" WC="0.96" CONTENT="min"/><SP WIDTH="12" VPOS="477" HPOS="805"/>
							<String ID="string_101" HPOS="817" VPOS="477" WIDTH="143" HEIGHT="27" WC="0.93" CONTENT="uppfattning,"/><SP WIDTH="11" VPOS="477" HPOS="960"/>
							<String ID="string_102" HPOS="971" VPOS="476" WIDTH="84" HEIGHT="28" WC="0.92" CONTENT="supple-"/>
						</TextLine>
						<TextLine ID="line_10" HPOS="220" VPOS="505" WIDTH="834" HEIGHT="28">
							<String ID="string_103" HPOS="220" VPOS="507" WIDTH="101" HEIGHT="20" WC="0.91" CONTENT="anternes"/><SP WIDTH="22" VPOS="507" HPOS="321"/>
							<String ID="string_104" HPOS="343" VPOS="506" WIDTH="113" HEIGHT="26" WC="0.91" CONTENT="åliggande"/><SP WIDTH="24" VPOS="506" HPOS="456"/>
							<String ID="string_105" HPOS="480" VPOS="507" WIDTH="23" HEIGHT="20" WC="0.96" CONTENT="är"/><SP WIDTH="22" VPOS="507" HPOS="503"/>
							<String ID="string_106" HPOS="525" VPOS="508" WIDTH="33" HEIGHT="19" WC="0.96" CONTENT="att"/><SP WIDTH="22" VPOS="508" HPOS="558"/>
							<String ID="string_107" HPOS="580" VPOS="505" WIDTH="88" HEIGHT="28" WC="0.96" CONTENT="fungera"/><SP WIDTH="16" VPOS="505" HPOS="668"/>
							<String ID="string_108" HPOS="684" VPOS="507" WIDTH="7" HEIGHT="20" WC="0.96" CONTENT="i"/><SP WIDTH="15" VPOS="507" HPOS="691"/>
							<String ID="string_109" HPOS="706" VPOS="506" WIDTH="108" HEIGHT="21" WC="0.96" CONTENT="utskottet"/><SP WIDTH="16" VPOS="506" HPOS="814"/>
							<String ID="string_110" HPOS="830" VPOS="505" WIDTH="28" HEIGHT="22" WC="0.96" CONTENT="då"/><SP WIDTH="15" VPOS="505" HPOS="858"/>
							<String ID="string_111" HPOS="873" VPOS="505" WIDTH="107" HEIGHT="22" WC="0.93" CONTENT="ordinarie"/><SP WIDTH="15" VPOS="505" HPOS="980"/>
							<String ID="string_112" HPOS="995" VPOS="505" WIDTH="59" HEIGHT="22" WC="0.90" CONTENT="leda-"/>
						</TextLine>
						<TextLine ID="line_11" HPOS="220" VPOS="534" WIDTH="834" HEIGHT="27">
							<String ID="string_113" HPOS="220" VPOS="535" WIDTH="98" HEIGHT="20" WC="0.92" CONTENT="möterne"/><SP WIDTH="15" VPOS="535" HPOS="318"/>
							<String ID="string_114" HPOS="333" VPOS="536" WIDTH="38" HEIGHT="19" WC="0.96" CONTENT="äro"/><SP WIDTH="17" VPOS="536" HPOS="371"/>
							<String ID="string_115" HPOS="388" VPOS="534" WIDTH="104" HEIGHT="22" WC="0.96" CONTENT="hindrade"/><SP WIDTH="15" VPOS="534" HPOS="492"/>
							<String ID="string_116" HPOS="507" VPOS="537" WIDTH="32" HEIGHT="19" WC="0.96" CONTENT="att"/><SP WIDTH="15" VPOS="537" HPOS="539"/>
							<String ID="string_117" HPOS="554" VPOS="534" WIDTH="86" HEIGHT="27" WC="0.96" CONTENT="deltaga"/><SP WIDTH="15" VPOS="534" HPOS="640"/>
							<String ID="string_118" HPOS="655" VPOS="535" WIDTH="5" HEIGHT="20" WC="0.96" CONTENT="i"/><SP WIDTH="17" VPOS="535" HPOS="660"/>
							<String ID="string_119" HPOS="677" VPOS="534" WIDTH="90" HEIGHT="22" WC="0.93" CONTENT="arbetet."/><SP WIDTH="27" VPOS="534" HPOS="767"/>
							<String ID="string_120" HPOS="794" VPOS="534" WIDTH="76" HEIGHT="21" WC="0.91" CONTENT="Sävidt"/><SP WIDTH="16" VPOS="534" HPOS="870"/>
							<String ID="string_121" HPOS="886" VPOS="534" WIDTH="36" HEIGHT="21" WC="0.96" CONTENT="det"/><SP WIDTH="14" VPOS="534" HPOS="922"/>
							<String ID="string_122" HPOS="936" VPOS="534" WIDTH="39" HEIGHT="21" WC="0.93" CONTENT="har"/><SP WIDTH="15" VPOS="534" HPOS="975"/>
							<String ID="string_123" HPOS="990" VPOS="534" WIDTH="64" HEIGHT="21" WC="0.92" CONTENT="fram-"/>
						</TextLine>
						<TextLine ID="line_12" HPOS="220" VPOS="562" WIDTH="835" HEIGHT="27">
							<String ID="string_124" HPOS="220" VPOS="562" WIDTH="48" HEIGHT="27" WC="0.96" CONTENT="gått"/><SP WIDTH="22" VPOS="562" HPOS="268"/>
							<String ID="string_125" HPOS="290" VPOS="563" WIDTH="24" HEIGHT="20" WC="0.96" CONTENT="af"/><SP WIDTH="21" VPOS="563" HPOS="314"/>
							<String ID="string_126" HPOS="335" VPOS="563" WIDTH="50" HEIGHT="21" WC="0.93" CONTENT="herr"/><SP WIDTH="16" VPOS="563" HPOS="385"/>
							<String ID="string_127" HPOS="401" VPOS="563" WIDTH="119" HEIGHT="22" WC="0.91" CONTENT="Snellmans"/><SP WIDTH="22" VPOS="563" HPOS="520"/>
							<String ID="string_128" HPOS="542" VPOS="563" WIDTH="123" HEIGHT="26" WC="0.95" CONTENT="anförande,"/><SP WIDTH="16" VPOS="563" HPOS="665"/>
							<String ID="string_129" HPOS="681" VPOS="563" WIDTH="64" HEIGHT="22" WC="0.93" CONTENT="hafva"/><SP WIDTH="15" VPOS="563" HPOS="745"/>
							<String ID="string_130" HPOS="760" VPOS="562" WIDTH="100" HEIGHT="27" WC="0.92" CONTENT="samtlige"/><SP WIDTH="15" VPOS="562" HPOS="860"/>
							<String ID="string_131" HPOS="875" VPOS="562" WIDTH="118" HEIGHT="22" WC="0.96" CONTENT="ledamöter"/><SP WIDTH="15" VPOS="562" HPOS="993"/>
							<String ID="string_132" HPOS="1008" VPOS="563" WIDTH="47" HEIGHT="21" WC="0.96" CONTENT="icke"/>
						</TextLine>
						<TextLine ID="line_13" HPOS="221" VPOS="591" WIDTH="833" HEIGHT="24">
							<String ID="string_133" HPOS="221" VPOS="591" WIDTH="93" HEIGHT="21" WC="0.91" CONTENT="allenast"/><SP WIDTH="22" VPOS="591" HPOS="314"/>
							<String ID="string_134" HPOS="336" VPOS="591" WIDTH="47" HEIGHT="21" WC="0.96" CONTENT="icke"/><SP WIDTH="23" VPOS="591" HPOS="383"/>
							<String ID="string_135" HPOS="406" VPOS="591" WIDTH="54" HEIGHT="21" WC="0.96" CONTENT="varit"/><SP WIDTH="25" VPOS="591" HPOS="460"/>
							<String ID="string_136" HPOS="485" VPOS="591" WIDTH="109" HEIGHT="24" WC="0.96" CONTENT="hindrade,"/><SP WIDTH="15" VPOS="591" HPOS="594"/>
							<String ID="string_137" HPOS="609" VPOS="594" WIDTH="52" HEIGHT="18" WC="0.96" CONTENT="utan"/><SP WIDTH="16" VPOS="594" HPOS="661"/>
							<String ID="string_138" HPOS="677" VPOS="594" WIDTH="91" HEIGHT="19" WC="0.96" CONTENT="tvärtom"/><SP WIDTH="17" VPOS="594" HPOS="768"/>
							<String ID="string_139" HPOS="785" VPOS="591" WIDTH="44" HEIGHT="21" WC="0.96" CONTENT="alla"/><SP WIDTH="15" VPOS="591" HPOS="829"/>
							<String ID="string_140" HPOS="844" VPOS="591" WIDTH="56" HEIGHT="21" WC="0.96" CONTENT="varit"/><SP WIDTH="15" VPOS="591" HPOS="900"/>
							<String ID="string_141" HPOS="915" VPOS="591" WIDTH="139" HEIGHT="23" WC="0.96" CONTENT="närvarande,"/>
						</TextLine>
						<TextLine ID="line_14" HPOS="221" VPOS="619" WIDTH="834" HEIGHT="29">
							<String ID="string_142" HPOS="221" VPOS="619" WIDTH="40" HEIGHT="22" WC="0.96" CONTENT="och"/><SP WIDTH="16" VPOS="619" HPOS="261"/>
							<String ID="string_143" HPOS="277" VPOS="620" WIDTH="67" HEIGHT="21" WC="0.96" CONTENT="under"/><SP WIDTH="15" VPOS="620" HPOS="344"/>
							<String ID="string_144" HPOS="359" VPOS="620" WIDTH="81" HEIGHT="21" WC="0.96" CONTENT="sådana"/><SP WIDTH="16" VPOS="620" HPOS="440"/>
							<String ID="string_145" HPOS="456" VPOS="620" WIDTH="147" HEIGHT="21" WC="0.96" CONTENT="förhållanden"/><SP WIDTH="16" VPOS="620" HPOS="603"/>
							<String ID="string_146" HPOS="619" VPOS="626" WIDTH="62" HEIGHT="15" WC="0.96" CONTENT="anser"/><SP WIDTH="13" VPOS="626" HPOS="681"/>
							<String ID="string_147" HPOS="694" VPOS="620" WIDTH="37" HEIGHT="28" WC="0.93" CONTENT="jag"/><SP WIDTH="15" VPOS="620" HPOS="731"/>
							<String ID="string_148" HPOS="746" VPOS="620" WIDTH="128" HEIGHT="27" WC="0.91" CONTENT="suppleants"/><SP WIDTH="15" VPOS="620" HPOS="874"/>
							<String ID="string_149" HPOS="889" VPOS="619" WIDTH="133" HEIGHT="22" WC="0.93" CONTENT="tillkallande"/><SP WIDTH="13" VPOS="619" HPOS="1022"/>
							<String ID="string_150" HPOS="1035" VPOS="619" WIDTH="20" HEIGHT="27" WC="0.96" CONTENT="ej"/>
						</TextLine>
						<TextLine ID="line_15" HPOS="219" VPOS="648" WIDTH="286" HEIGHT="27">
							<String ID="string_151" HPOS="219" VPOS="648" WIDTH="82" HEIGHT="22" WC="0.96" CONTENT="kunnat"/><SP WIDTH="15" VPOS="648" HPOS="301"/>
							<String ID="string_152" HPOS="316" VPOS="648" WIDTH="86" HEIGHT="22" WC="0.95" CONTENT="komma"/><SP WIDTH="16" VPOS="648" HPOS="402"/>
							<String ID="string_153" HPOS="418" VPOS="648" WIDTH="6" HEIGHT="21" WC="0.94" CONTENT="i"/><SP WIDTH="15" VPOS="648" HPOS="424"/>
							<String ID="string_154" HPOS="439" VPOS="648" WIDTH="66" HEIGHT="27" WC="0.96" CONTENT="fråga."/>
						</TextLine>
					</TextBlock>
				</ComposedBlock>
				<ComposedBlock ID="cblock_4" HPOS="220" VPOS="704" WIDTH="838" HEIGHT="256">
					<TextBlock ID="block_3" HPOS="220" VPOS="704" WIDTH="838" HEIGHT="256">
						<TextLine ID="line_16" HPOS="292" VPOS="704" WIDTH="764" HEIGHT="28">
							<String ID="string_155" HPOS="292" VPOS="705" WIDTH="57" HEIGHT="21" WC="0.95" CONTENT="Herr"/><SP WIDTH="22" VPOS="705" HPOS="349"/>
							<String ID="string_156" HPOS="371" VPOS="705" WIDTH="181" HEIGHT="21" WC="0.96" CONTENT="Rönnbäck:"/><SP WIDTH="30" VPOS="705" HPOS="552"/>
							<String ID="string_157" HPOS="582" VPOS="706" WIDTH="41" HEIGHT="26" WC="0.96" CONTENT="Jag"/><SP WIDTH="23" VPOS="706" HPOS="623"/>
							<String ID="string_158" HPOS="646" VPOS="706" WIDTH="36" HEIGHT="21" WC="0.95" CONTENT="vill"/><SP WIDTH="23" VPOS="706" HPOS="682"/>
							<String ID="string_159" HPOS="705" VPOS="706" WIDTH="76" HEIGHT="21" WC="0.96" CONTENT="endast"/><SP WIDTH="19" VPOS="706" HPOS="781"/>
							<String ID="string_160" HPOS="800" VPOS="705" WIDTH="71" HEIGHT="22" WC="0.96" CONTENT="uttala"/><SP WIDTH="16" VPOS="705" HPOS="871"/>
							<String ID="string_161" HPOS="887" VPOS="706" WIDTH="43" HEIGHT="20" WC="0.96" CONTENT="min"/><SP WIDTH="15" VPOS="706" HPOS="930"/>
							<String ID="string_162" HPOS="945" VPOS="704" WIDTH="111" HEIGHT="28" WC="0.96" CONTENT="förvåning"/>
						</TextLine>
						<TextLine ID="line_17" HPOS="221" VPOS="733" WIDTH="834" HEIGHT="28">
							<String ID="string_163" HPOS="221" VPOS="733" WIDTH="65" HEIGHT="24" WC="0.96" CONTENT="öfver,"/><SP WIDTH="16" VPOS="733" HPOS="286"/>
							<String ID="string_164" HPOS="302" VPOS="736" WIDTH="33" HEIGHT="19" WC="0.96" CONTENT="att"/><SP WIDTH="16" VPOS="736" HPOS="335"/>
							<String ID="string_165" HPOS="351" VPOS="734" WIDTH="49" HEIGHT="21" WC="0.96" CONTENT="herr"/><SP WIDTH="15" VPOS="734" HPOS="400"/>
							<String ID="string_166" HPOS="415" VPOS="734" WIDTH="81" HEIGHT="21" WC="0.96" CONTENT="Berner"/><SP WIDTH="15" VPOS="734" HPOS="496"/>
							<String ID="string_167" HPOS="511" VPOS="734" WIDTH="25" HEIGHT="27" WC="0.96" CONTENT="ej,"/><SP WIDTH="20" VPOS="734" HPOS="536"/>
							<String ID="string_168" HPOS="556" VPOS="729" WIDTH="27" HEIGHT="37" WC="0.96" CONTENT="då"/><SP WIDTH="4" VPOS="729" HPOS="583"/>
							<String ID="string_169" HPOS="587" VPOS="734" WIDTH="155" HEIGHT="22" WC="0.93" CONTENT="sammansatta"/><SP WIDTH="15" VPOS="734" HPOS="742"/>
							<String ID="string_170" HPOS="757" VPOS="734" WIDTH="44" HEIGHT="27" WC="0.92" CONTENT="lag-"/><SP WIDTH="17" VPOS="734" HPOS="801"/>
							<String ID="string_171" HPOS="818" VPOS="734" WIDTH="40" HEIGHT="22" WC="0.93" CONTENT="och"/><SP WIDTH="16" VPOS="734" HPOS="858"/>
							<String ID="string_172" HPOS="874" VPOS="733" WIDTH="181" HEIGHT="23" WC="0.92" CONTENT="ekonomiutskot-"/>
						</TextLine>
						<TextLine ID="line_18" HPOS="221" VPOS="762" WIDTH="835" HEIGHT="27">
							<String ID="string_173" HPOS="221" VPOS="764" WIDTH="43" HEIGHT="20" WC="0.91" CONTENT="tets"/><SP WIDTH="23" VPOS="764" HPOS="264"/>
							<String ID="string_174" HPOS="287" VPOS="762" WIDTH="136" HEIGHT="22" WC="0.96" CONTENT="betänkande"/><SP WIDTH="23" VPOS="762" HPOS="423"/>
							<String ID="string_175" HPOS="446" VPOS="762" WIDTH="6" HEIGHT="21" WC="0.92" CONTENT="i"/><SP WIDTH="22" VPOS="762" HPOS="452"/>
							<String ID="string_176" HPOS="474" VPOS="762" WIDTH="250" HEIGHT="27" WC="0.90" CONTENT="hållskjutsningsfrågan"/><SP WIDTH="16" VPOS="762" HPOS="724"/>
							<String ID="string_177" HPOS="740" VPOS="762" WIDTH="92" HEIGHT="25" WC="0.92" CONTENT="förevar,"/><SP WIDTH="16" VPOS="762" HPOS="832"/>
							<String ID="string_178" HPOS="848" VPOS="762" WIDTH="93" HEIGHT="27" WC="0.96" CONTENT="föreslog"/><SP WIDTH="15" VPOS="762" HPOS="941"/>
							<String ID="string_179" HPOS="956" VPOS="762" WIDTH="100" HEIGHT="22" WC="0.96" CONTENT="ärendets"/>
						</TextLine>
						<TextLine ID="line_19" HPOS="221" VPOS="790" WIDTH="835" HEIGHT="28">
							<String ID="string_180" HPOS="221" VPOS="791" WIDTH="125" HEIGHT="21" WC="0.96" CONTENT="återremiss"/><SP WIDTH="16" VPOS="791" HPOS="346"/>
							<String ID="string_181" HPOS="362" VPOS="790" WIDTH="32" HEIGHT="21" WC="0.96" CONTENT="till"/><SP WIDTH="16" VPOS="790" HPOS="394"/>
							<String ID="string_182" HPOS="410" VPOS="791" WIDTH="107" HEIGHT="21" WC="0.96" CONTENT="utskottet"/><SP WIDTH="16" VPOS="791" HPOS="517"/>
							<String ID="string_183" HPOS="533" VPOS="791" WIDTH="32" HEIGHT="21" WC="0.96" CONTENT="för"/><SP WIDTH="15" VPOS="791" HPOS="565"/>
							<String ID="string_184" HPOS="580" VPOS="793" WIDTH="33" HEIGHT="19" WC="0.93" CONTENT="att"/><SP WIDTH="16" VPOS="793" HPOS="613"/>
							<String ID="string_185" HPOS="629" VPOS="791" WIDTH="101" HEIGHT="27" WC="0.91" CONTENT="lagenligt"/><SP WIDTH="15" VPOS="791" HPOS="730"/>
							<String ID="string_186" HPOS="745" VPOS="791" WIDTH="127" HEIGHT="26" WC="0.95" CONTENT="behandlas,"/><SP WIDTH="16" VPOS="791" HPOS="872"/>
							<String ID="string_187" HPOS="888" VPOS="793" WIDTH="23" HEIGHT="25" WC="0.96" CONTENT="ty"/><SP WIDTH="15" VPOS="793" HPOS="911"/>
							<String ID="string_188" HPOS="926" VPOS="791" WIDTH="130" HEIGHT="21" WC="0.95" CONTENT="åtminstone"/>
						</TextLine>
						<TextLine ID="line_20" HPOS="221" VPOS="819" WIDTH="837" HEIGHT="28">
							<String ID="string_189" HPOS="221" VPOS="825" WIDTH="27" HEIGHT="15" WC="0.95" CONTENT="en"/><SP WIDTH="24" VPOS="825" HPOS="248"/>
							<String ID="string_190" HPOS="272" VPOS="819" WIDTH="41" HEIGHT="27" WC="0.93" CONTENT="dag"/><SP WIDTH="23" VPOS="819" HPOS="313"/>
							<String ID="string_191" HPOS="336" VPOS="820" WIDTH="133" HEIGHT="21" WC="0.92" CONTENT="omröstades"/><SP WIDTH="22" VPOS="820" HPOS="469"/>
							<String ID="string_192" HPOS="491" VPOS="820" WIDTH="6" HEIGHT="20" WC="0.97" CONTENT="i"/><SP WIDTH="23" VPOS="820" HPOS="497"/>
							<String ID="string_193" HPOS="520" VPOS="819" WIDTH="107" HEIGHT="22" WC="0.95" CONTENT="utskottet"/><SP WIDTH="22" VPOS="819" HPOS="627"/>
							<String ID="string_194" HPOS="649" VPOS="819" WIDTH="47" HEIGHT="22" WC="0.96" CONTENT="med"/><SP WIDTH="25" VPOS="819" HPOS="696"/>
							<String ID="string_195" HPOS="721" VPOS="821" WIDTH="25" HEIGHT="20" WC="0.96" CONTENT="15"/><SP WIDTH="21" VPOS="821" HPOS="746"/>
							<String ID="string_196" HPOS="767" VPOS="825" WIDTH="110" HEIGHT="22" WC="0.96" CONTENT="personer,"/><SP WIDTH="16" VPOS="825" HPOS="877"/>
							<String ID="string_197" HPOS="893" VPOS="819" WIDTH="27" HEIGHT="22" WC="0.96" CONTENT="då"/><SP WIDTH="15" VPOS="819" HPOS="920"/>
							<String ID="string_198" HPOS="935" VPOS="821" WIDTH="31" HEIGHT="20" WC="0.96" CONTENT="ett"/><SP WIDTH="15" VPOS="821" HPOS="966"/>
							<String ID="string_199" HPOS="981" VPOS="825" WIDTH="38" HEIGHT="22" WC="0.96" CONTENT="par"/><SP WIDTH="15" VPOS="825" HPOS="1019"/>
							<String ID="string_200" HPOS="1034" VPOS="819" WIDTH="24" HEIGHT="22" WC="0.96" CONTENT="af"/>
						</TextLine>
						<TextLine ID="line_21" HPOS="220" VPOS="847" WIDTH="835" HEIGHT="28">
							<String ID="string_201" HPOS="220" VPOS="847" WIDTH="169" HEIGHT="28" WC="0.91" CONTENT="Ridderskapets"/><SP WIDTH="16" VPOS="847" HPOS="389"/>
							<String ID="string_202" HPOS="405" VPOS="848" WIDTH="39" HEIGHT="21" WC="0.93" CONTENT="och"/><SP WIDTH="16" VPOS="848" HPOS="444"/>
							<String ID="string_203" HPOS="460" VPOS="848" WIDTH="81" HEIGHT="21" WC="0.92" CONTENT="Adelns"/><SP WIDTH="16" VPOS="848" HPOS="541"/>
							<String ID="string_204" HPOS="557" VPOS="848" WIDTH="137" HEIGHT="22" WC="0.96" CONTENT="medlemmar"/><SP WIDTH="11" VPOS="848" HPOS="694"/>
							<String ID="string_205" HPOS="705" VPOS="855" WIDTH="51" HEIGHT="15" WC="0.96" CONTENT="voro"/><SP WIDTH="11" VPOS="855" HPOS="756"/>
							<String ID="string_206" HPOS="767" VPOS="849" WIDTH="143" HEIGHT="21" WC="0.96" CONTENT="frånvarande"/><SP WIDTH="12" VPOS="849" HPOS="910"/>
							<String ID="string_207" HPOS="922" VPOS="848" WIDTH="38" HEIGHT="21" WC="0.93" CONTENT="och"/><SP WIDTH="11" VPOS="848" HPOS="960"/>
							<String ID="string_208" HPOS="971" VPOS="848" WIDTH="84" HEIGHT="27" WC="0.91" CONTENT="supple-"/>
						</TextLine>
						<TextLine ID="line_22" HPOS="221" VPOS="876" WIDTH="834" HEIGHT="28">
							<String ID="string_209" HPOS="221" VPOS="879" WIDTH="61" HEIGHT="19" WC="0.92" CONTENT="anter"/><SP WIDTH="23" VPOS="879" HPOS="282"/>
							<String ID="string_210" HPOS="305" VPOS="876" WIDTH="18" HEIGHT="27" WC="0.96" CONTENT="ej"/><SP WIDTH="16" VPOS="876" HPOS="323"/>
							<String ID="string_211" HPOS="339" VPOS="877" WIDTH="71" HEIGHT="21" WC="0.96" CONTENT="kunde"/><SP WIDTH="16" VPOS="877" HPOS="410"/>
							<String ID="string_212" HPOS="426" VPOS="876" WIDTH="98" HEIGHT="22" WC="0.87" CONTENT="erhållas."/><SP WIDTH="30" VPOS="876" HPOS="524"/>
							<String ID="string_213" HPOS="554" VPOS="877" WIDTH="33" HEIGHT="21" WC="0.96" CONTENT="Då"/><SP WIDTH="15" VPOS="877" HPOS="587"/>
							<String ID="string_214" HPOS="602" VPOS="878" WIDTH="102" HEIGHT="26" WC="0.96" CONTENT="röstades,"/><SP WIDTH="17" VPOS="878" HPOS="704"/>
							<String ID="string_215" HPOS="721" VPOS="878" WIDTH="71" HEIGHT="21" WC="0.91" CONTENT="såsom"/><SP WIDTH="16" VPOS="878" HPOS="792"/>
							<String ID="string_216" HPOS="808" VPOS="877" WIDTH="69" HEIGHT="27" WC="0.90" CONTENT="sagdt,"/><SP WIDTH="17" VPOS="877" HPOS="877"/>
							<String ID="string_217" HPOS="894" VPOS="877" WIDTH="47" HEIGHT="21" WC="0.96" CONTENT="med"/><SP WIDTH="16" VPOS="877" HPOS="941"/>
							<String ID="string_218" HPOS="957" VPOS="878" WIDTH="26" HEIGHT="21" WC="0.93" CONTENT="15"/><SP WIDTH="16" VPOS="878" HPOS="983"/>
							<String ID="string_219" HPOS="999" VPOS="877" WIDTH="56" HEIGHT="21" WC="0.93" CONTENT="leda-"/>
						</TextLine>
						<TextLine ID="line_23" HPOS="222" VPOS="905" WIDTH="835" HEIGHT="25">
							<String ID="string_220" HPOS="222" VPOS="906" WIDTH="75" HEIGHT="24" WC="0.96" CONTENT="möter,"/><SP WIDTH="24" VPOS="906" HPOS="297"/>
							<String ID="string_221" HPOS="321" VPOS="907" WIDTH="51" HEIGHT="19" WC="0.96" CONTENT="utan"/><SP WIDTH="23" VPOS="907" HPOS="372"/>
							<String ID="string_222" HPOS="395" VPOS="907" WIDTH="32" HEIGHT="19" WC="0.95" CONTENT="att"/><SP WIDTH="23" VPOS="907" HPOS="427"/>
							<String ID="string_223" HPOS="450" VPOS="905" WIDTH="49" HEIGHT="21" WC="0.95" CONTENT="herr"/><SP WIDTH="22" VPOS="905" HPOS="499"/>
							<String ID="string_224" HPOS="521" VPOS="905" WIDTH="81" HEIGHT="21" WC="0.95" CONTENT="Berner"/><SP WIDTH="23" VPOS="905" HPOS="602"/>
							<String ID="string_225" HPOS="625" VPOS="906" WIDTH="33" HEIGHT="21" WC="0.95" CONTENT="vid"/><SP WIDTH="17" VPOS="906" HPOS="658"/>
							<String ID="string_226" HPOS="675" VPOS="906" WIDTH="35" HEIGHT="21" WC="0.96" CONTENT="det"/><SP WIDTH="16" VPOS="906" HPOS="710"/>
							<String ID="string_227" HPOS="726" VPOS="906" WIDTH="95" HEIGHT="21" WC="0.96" CONTENT="tillfället"/><SP WIDTH="16" VPOS="906" HPOS="821"/>
							<String ID="string_228" HPOS="837" VPOS="905" WIDTH="54" HEIGHT="21" WC="0.96" CONTENT="eller"/><SP WIDTH="14" VPOS="905" HPOS="891"/>
							<String ID="string_229" HPOS="905" VPOS="905" WIDTH="35" HEIGHT="21" WC="0.96" CONTENT="vid"/><SP WIDTH="16" VPOS="905" HPOS="940"/>
							<String ID="string_230" HPOS="956" VPOS="905" WIDTH="101" HEIGHT="21" WC="0.95" CONTENT="ärendets"/>
						</TextLine>
						<TextLine ID="line_24" HPOS="223" VPOS="932" WIDTH="543" HEIGHT="28">
							<String ID="string_231" HPOS="223" VPOS="932" WIDTH="152" HEIGHT="28" WC="0.96" CONTENT="föredragning"/><SP WIDTH="15" VPOS="932" HPOS="375"/>
							<String ID="string_232" HPOS="390" VPOS="934" WIDTH="55" HEIGHT="20" WC="0.96" CONTENT="inför"/><SP WIDTH="15" VPOS="934" HPOS="445"/>
							<String ID="string_233" HPOS="460" VPOS="934" WIDTH="86" HEIGHT="21" WC="0.96" CONTENT="ståndet"/><SP WIDTH="15" VPOS="934" HPOS="546"/>
							<String ID="string_234" HPOS="561" VPOS="934" WIDTH="71" HEIGHT="22" WC="0.96" CONTENT="derom"/><SP WIDTH="17" VPOS="934" HPOS="632"/>
							<String ID="string_235" HPOS="649" VPOS="934" WIDTH="117" HEIGHT="22" WC="0.95" CONTENT="anmärkte."/>
						</TextLine>
					</TextBlock>
				</ComposedBlock>
				<ComposedBlock ID="cblock_5" HPOS="220" VPOS="990" WIDTH="837" HEIGHT="371">
					<TextBlock ID="block_4" HPOS="220" VPOS="990" WIDTH="837" HEIGHT="371">
						<TextLine ID="line_25" HPOS="292" VPOS="990" WIDTH="765" HEIGHT="28">
							<String ID="string_236" HPOS="292" VPOS="990" WIDTH="57" HEIGHT="22" WC="0.95" CONTENT="Herr"/><SP WIDTH="18" VPOS="990" HPOS="349"/>
							<String ID="string_237" HPOS="367" VPOS="990" WIDTH="132" HEIGHT="22" WC="0.94" CONTENT="Berner:"/><SP WIDTH="31" VPOS="990" HPOS="499"/>
							<String ID="string_238" HPOS="530" VPOS="991" WIDTH="10" HEIGHT="21" WC="0.95" CONTENT="I"/><SP WIDTH="15" VPOS="991" HPOS="540"/>
							<String ID="string_239" HPOS="555" VPOS="991" WIDTH="114" HEIGHT="27" WC="0.96" CONTENT="anledning"/><SP WIDTH="16" VPOS="991" HPOS="669"/>
							<String ID="string_240" HPOS="685" VPOS="992" WIDTH="22" HEIGHT="20" WC="0.96" CONTENT="af"/><SP WIDTH="14" VPOS="992" HPOS="707"/>
							<String ID="string_241" HPOS="721" VPOS="992" WIDTH="36" HEIGHT="21" WC="0.96" CONTENT="det"/><SP WIDTH="15" VPOS="992" HPOS="757"/>
							<String ID="string_242" HPOS="772" VPOS="992" WIDTH="55" HEIGHT="21" WC="0.96" CONTENT="sista"/><SP WIDTH="15" VPOS="992" HPOS="827"/>
							<String ID="string_243" HPOS="842" VPOS="991" WIDTH="111" HEIGHT="27" WC="0.95" CONTENT="yttrandet"/><SP WIDTH="16" VPOS="991" HPOS="953"/>
							<String ID="string_244" HPOS="969" VPOS="991" WIDTH="36" HEIGHT="21" WC="0.96" CONTENT="vill"/><SP WIDTH="13" VPOS="991" HPOS="1005"/>
							<String ID="string_245" HPOS="1018" VPOS="990" WIDTH="39" HEIGHT="28" WC="0.96" CONTENT="jag"/>
						</TextLine>
						<TextLine ID="line_26" HPOS="223" VPOS="1017" WIDTH="834" HEIGHT="30">
							<String ID="string_246" HPOS="223" VPOS="1017" WIDTH="71" HEIGHT="23" WC="0.96" CONTENT="erinra"/><SP WIDTH="20" VPOS="1017" HPOS="294"/>
							<String ID="string_247" HPOS="314" VPOS="1019" WIDTH="50" HEIGHT="21" WC="0.96" CONTENT="herr"/><SP WIDTH="18" VPOS="1019" HPOS="364"/>
							<String ID="string_248" HPOS="382" VPOS="1019" WIDTH="118" HEIGHT="22" WC="0.96" CONTENT="Rönnbäck"/><SP WIDTH="15" VPOS="1019" HPOS="500"/>
							<String ID="string_249" HPOS="515" VPOS="1026" WIDTH="41" HEIGHT="18" WC="0.96" CONTENT="om,"/><SP WIDTH="15" VPOS="1026" HPOS="556"/>
							<String ID="string_250" HPOS="571" VPOS="1022" WIDTH="33" HEIGHT="19" WC="0.96" CONTENT="att"/><SP WIDTH="16" VPOS="1022" HPOS="604"/>
							<String ID="string_251" HPOS="620" VPOS="1020" WIDTH="25" HEIGHT="21" WC="0.96" CONTENT="de"/><SP WIDTH="16" VPOS="1020" HPOS="645"/>
							<String ID="string_252" HPOS="661" VPOS="1020" WIDTH="76" HEIGHT="27" WC="0.95" CONTENT="beslut,"/><SP WIDTH="17" VPOS="1020" HPOS="737"/>
							<String ID="string_253" HPOS="754" VPOS="1026" WIDTH="45" HEIGHT="16" WC="0.96" CONTENT="som"/><SP WIDTH="17" VPOS="1026" HPOS="799"/>
							<String ID="string_254" HPOS="816" VPOS="1020" WIDTH="29" HEIGHT="22" WC="0.96" CONTENT="då"/><SP WIDTH="15" VPOS="1020" HPOS="845"/>
							<String ID="string_255" HPOS="860" VPOS="1019" WIDTH="94" HEIGHT="22" WC="0.96" CONTENT="fattades"/><SP WIDTH="16" VPOS="1019" HPOS="954"/>
							<String ID="string_256" HPOS="970" VPOS="1020" WIDTH="18" HEIGHT="26" WC="0.96" CONTENT="ej"/><SP WIDTH="16" VPOS="1020" HPOS="988"/>
							<String ID="string_257" HPOS="1004" VPOS="1026" WIDTH="53" HEIGHT="15" WC="0.96" CONTENT="voro"/>
						</TextLine>
						<TextLine ID="line_27" HPOS="222" VPOS="1047" WIDTH="834" HEIGHT="27">
							<String ID="string_258" HPOS="222" VPOS="1047" WIDTH="110" HEIGHT="22" WC="0.96" CONTENT="definitiva"/><SP WIDTH="23" VPOS="1047" HPOS="332"/>
							<String ID="string_259" HPOS="355" VPOS="1048" WIDTH="77" HEIGHT="21" WC="0.96" CONTENT="beslut."/><SP WIDTH="31" VPOS="1048" HPOS="432"/>
							<String ID="string_260" HPOS="463" VPOS="1048" WIDTH="41" HEIGHT="21" WC="0.96" CONTENT="Det"/><SP WIDTH="22" VPOS="1048" HPOS="504"/>
							<String ID="string_261" HPOS="526" VPOS="1055" WIDTH="37" HEIGHT="15" WC="0.96" CONTENT="var"/><SP WIDTH="22" VPOS="1055" HPOS="563"/>
							<String ID="string_262" HPOS="585" VPOS="1049" WIDTH="120" HEIGHT="21" WC="0.96" CONTENT="diskussion"/><SP WIDTH="24" VPOS="1049" HPOS="705"/>
							<String ID="string_263" HPOS="729" VPOS="1049" WIDTH="40" HEIGHT="21" WC="0.96" CONTENT="och"/><SP WIDTH="20" VPOS="1049" HPOS="769"/>
							<String ID="string_264" HPOS="789" VPOS="1048" WIDTH="159" HEIGHT="26" WC="0.95" CONTENT="omröstningar"/><SP WIDTH="15" VPOS="1048" HPOS="948"/>
							<String ID="string_265" HPOS="963" VPOS="1048" WIDTH="33" HEIGHT="21" WC="0.93" CONTENT="till"/><SP WIDTH="15" VPOS="1048" HPOS="996"/>
							<String ID="string_266" HPOS="1011" VPOS="1047" WIDTH="45" HEIGHT="23" WC="0.90" CONTENT="led-"/>
						</TextLine>
						<TextLine ID="line_28" HPOS="221" VPOS="1076" WIDTH="834" HEIGHT="29">
							<String ID="string_267" HPOS="221" VPOS="1076" WIDTH="52" HEIGHT="27" WC="0.93" CONTENT="ving"/><SP WIDTH="22" VPOS="1076" HPOS="273"/>
							<String ID="string_268" HPOS="295" VPOS="1076" WIDTH="33" HEIGHT="22" WC="0.96" CONTENT="för"/><SP WIDTH="14" VPOS="1076" HPOS="328"/>
							<String ID="string_269" HPOS="342" VPOS="1076" WIDTH="173" HEIGHT="28" WC="0.96" CONTENT="uppställningen"/><SP WIDTH="16" VPOS="1076" HPOS="515"/>
							<String ID="string_270" HPOS="531" VPOS="1077" WIDTH="23" HEIGHT="21" WC="0.96" CONTENT="af"/><SP WIDTH="13" VPOS="1077" HPOS="554"/>
							<String ID="string_271" HPOS="567" VPOS="1077" WIDTH="143" HEIGHT="28" WC="0.92" CONTENT="lagförslaget."/><SP WIDTH="16" VPOS="1077" HPOS="710"/>
							<String ID="string_272" HPOS="726" VPOS="1090" WIDTH="28" HEIGHT="3" WC="0.92" CONTENT="—"/><SP WIDTH="15" VPOS="1090" HPOS="754"/>
							<String ID="string_273" HPOS="769" VPOS="1077" WIDTH="81" HEIGHT="22" WC="0.96" CONTENT="Vidare"/><SP WIDTH="16" VPOS="1077" HPOS="850"/>
							<String ID="string_274" HPOS="866" VPOS="1076" WIDTH="36" HEIGHT="22" WC="0.96" CONTENT="vill"/><SP WIDTH="12" VPOS="1076" HPOS="902"/>
							<String ID="string_275" HPOS="914" VPOS="1077" WIDTH="37" HEIGHT="27" WC="0.96" CONTENT="jag"/><SP WIDTH="15" VPOS="1077" HPOS="951"/>
							<String ID="string_276" HPOS="966" VPOS="1077" WIDTH="89" HEIGHT="27" WC="0.96" CONTENT="påpeka,"/>
						</TextLine>
						<TextLine ID="line_29" HPOS="221" VPOS="1105" WIDTH="835" HEIGHT="29">
							<String ID="string_277" HPOS="221" VPOS="1107" WIDTH="33" HEIGHT="19" WC="0.96" CONTENT="att"/><SP WIDTH="22" VPOS="1107" HPOS="254"/>
							<String ID="string_278" HPOS="276" VPOS="1105" WIDTH="36" HEIGHT="21" WC="0.95" CONTENT="det"/><SP WIDTH="23" VPOS="1105" HPOS="312"/>
							<String ID="string_279" HPOS="335" VPOS="1105" WIDTH="133" HEIGHT="22" WC="0.92" CONTENT="förhällande"/><SP WIDTH="23" VPOS="1105" HPOS="468"/>
							<String ID="string_280" HPOS="491" VPOS="1106" WIDTH="61" HEIGHT="21" WC="0.96" CONTENT="äfven"/><SP WIDTH="23" VPOS="1106" HPOS="552"/>
							<String ID="string_281" HPOS="575" VPOS="1106" WIDTH="93" HEIGHT="27" WC="0.96" CONTENT="iakttogs"/><SP WIDTH="24" VPOS="1106" HPOS="668"/>
							<String ID="string_282" HPOS="692" VPOS="1109" WIDTH="129" HEIGHT="25" WC="0.95" CONTENT="noggrannt,"/><SP WIDTH="24" VPOS="1109" HPOS="821"/>
							<String ID="string_283" HPOS="845" VPOS="1108" WIDTH="33" HEIGHT="19" WC="0.93" CONTENT="att"/><SP WIDTH="16" VPOS="1108" HPOS="878"/>
							<String ID="string_284" HPOS="894" VPOS="1106" WIDTH="71" HEIGHT="21" WC="0.92" CONTENT="derest"/><SP WIDTH="15" VPOS="1106" HPOS="965"/>
							<String ID="string_285" HPOS="980" VPOS="1106" WIDTH="34" HEIGHT="20" WC="0.96" CONTENT="vid"/><SP WIDTH="15" VPOS="1106" HPOS="1014"/>
							<String ID="string_286" HPOS="1029" VPOS="1112" WIDTH="27" HEIGHT="15" WC="0.97" CONTENT="en"/>
						</TextLine>
						<TextLine ID="line_30" HPOS="220" VPOS="1134" WIDTH="837" HEIGHT="27">
							<String ID="string_287" HPOS="220" VPOS="1134" WIDTH="68" HEIGHT="21" WC="0.96" CONTENT="sådan"/><SP WIDTH="23" VPOS="1134" HPOS="288"/>
							<String ID="string_288" HPOS="311" VPOS="1134" WIDTH="134" HEIGHT="26" WC="0.96" CONTENT="omröstning"/><SP WIDTH="16" VPOS="1134" HPOS="445"/>
							<String ID="string_289" HPOS="461" VPOS="1134" WIDTH="46" HEIGHT="22" WC="0.96" CONTENT="icke"/><SP WIDTH="16" VPOS="1134" HPOS="507"/>
							<String ID="string_290" HPOS="523" VPOS="1141" WIDTH="26" HEIGHT="15" WC="0.96" CONTENT="en"/><SP WIDTH="14" VPOS="1141" HPOS="549"/>
							<String ID="string_291" HPOS="563" VPOS="1134" WIDTH="86" HEIGHT="22" WC="0.96" CONTENT="absolut"/><SP WIDTH="15" VPOS="1134" HPOS="649"/>
							<String ID="string_292" HPOS="664" VPOS="1135" WIDTH="108" HEIGHT="26" WC="0.93" CONTENT="majoritet"/><SP WIDTH="15" VPOS="1135" HPOS="772"/>
							<String ID="string_293" HPOS="787" VPOS="1135" WIDTH="117" HEIGHT="24" WC="0.91" CONTENT="förefanns,"/><SP WIDTH="16" VPOS="1135" HPOS="904"/>
							<String ID="string_294" HPOS="920" VPOS="1134" WIDTH="20" HEIGHT="21" WC="0.92" CONTENT="d."/><SP WIDTH="17" VPOS="1134" HPOS="940"/>
							<String ID="string_295" HPOS="957" VPOS="1140" WIDTH="17" HEIGHT="14" WC="0.91" CONTENT="v."/><SP WIDTH="17" VPOS="1140" HPOS="974"/>
							<String ID="string_296" HPOS="991" VPOS="1140" WIDTH="16" HEIGHT="15" WC="0.90" CONTENT="s."/><SP WIDTH="16" VPOS="1140" HPOS="1007"/>
							<String ID="string_297" HPOS="1023" VPOS="1136" WIDTH="34" HEIGHT="19" WC="0.96" CONTENT="att"/>
						</TextLine>
						<TextLine ID="line_31" HPOS="221" VPOS="1162" WIDTH="836" HEIGHT="28">
							<String ID="string_298" HPOS="221" VPOS="1163" WIDTH="67" HEIGHT="21" WC="0.96" CONTENT="minst"/><SP WIDTH="21" VPOS="1163" HPOS="288"/>
							<String ID="string_299" HPOS="309" VPOS="1163" WIDTH="13" HEIGHT="21" WC="0.93" CONTENT="9"/><SP WIDTH="23" VPOS="1163" HPOS="322"/>
							<String ID="string_300" HPOS="345" VPOS="1163" WIDTH="119" HEIGHT="21" WC="0.96" CONTENT="ledamöter"/><SP WIDTH="22" VPOS="1163" HPOS="464"/>
							<String ID="string_301" HPOS="486" VPOS="1169" WIDTH="52" HEIGHT="15" WC="0.96" CONTENT="voro"/><SP WIDTH="23" VPOS="1169" HPOS="538"/>
							<String ID="string_302" HPOS="561" VPOS="1170" WIDTH="49" HEIGHT="14" WC="0.96" CONTENT="ense"/><SP WIDTH="23" VPOS="1170" HPOS="610"/>
							<String ID="string_303" HPOS="633" VPOS="1170" WIDTH="35" HEIGHT="15" WC="0.96" CONTENT="om"/><SP WIDTH="23" VPOS="1170" HPOS="668"/>
							<String ID="string_304" HPOS="691" VPOS="1170" WIDTH="26" HEIGHT="15" WC="0.96" CONTENT="en"/><SP WIDTH="18" VPOS="1170" HPOS="717"/>
							<String ID="string_305" HPOS="735" VPOS="1164" WIDTH="94" HEIGHT="26" WC="0.96" CONTENT="mening,"/><SP WIDTH="17" VPOS="1164" HPOS="829"/>
							<String ID="string_306" HPOS="846" VPOS="1165" WIDTH="50" HEIGHT="25" WC="0.97" CONTENT="togs"/><SP WIDTH="15" VPOS="1165" HPOS="896"/>
							<String ID="string_307" HPOS="911" VPOS="1163" WIDTH="59" HEIGHT="21" WC="0.96" CONTENT="detta"/><SP WIDTH="15" VPOS="1163" HPOS="970"/>
							<String ID="string_308" HPOS="985" VPOS="1162" WIDTH="72" HEIGHT="22" WC="0.96" CONTENT="beslut"/>
						</TextLine>
						<TextLine ID="line_32" HPOS="220" VPOS="1190" WIDTH="836" HEIGHT="30">
							<String ID="string_309" HPOS="220" VPOS="1190" WIDTH="48" HEIGHT="22" WC="0.96" CONTENT="icke"/><SP WIDTH="16" VPOS="1190" HPOS="268"/>
							<String ID="string_310" HPOS="284" VPOS="1197" WIDTH="37" HEIGHT="15" WC="0.96" CONTENT="ens"/><SP WIDTH="15" VPOS="1197" HPOS="321"/>
							<String ID="string_311" HPOS="336" VPOS="1191" WIDTH="33" HEIGHT="21" WC="0.96" CONTENT="för"/><SP WIDTH="16" VPOS="1191" HPOS="369"/>
							<String ID="string_312" HPOS="385" VPOS="1194" WIDTH="31" HEIGHT="18" WC="0.96" CONTENT="ett"/><SP WIDTH="14" VPOS="1194" HPOS="416"/>
							<String ID="string_313" HPOS="430" VPOS="1191" WIDTH="134" HEIGHT="27" WC="0.96" CONTENT="preliminärt"/><SP WIDTH="15" VPOS="1191" HPOS="564"/>
							<String ID="string_314" HPOS="579" VPOS="1192" WIDTH="77" HEIGHT="21" WC="0.93" CONTENT="beslut."/><SP WIDTH="18" VPOS="1192" HPOS="656"/>
							<String ID="string_315" HPOS="674" VPOS="1204" WIDTH="23" HEIGHT="3" WC="0.92" CONTENT="—"/><SP WIDTH="18" VPOS="1204" HPOS="697"/>
							<String ID="string_316" HPOS="715" VPOS="1192" WIDTH="46" HEIGHT="21" WC="0.96" CONTENT="Mot"/><SP WIDTH="15" VPOS="1192" HPOS="761"/>
							<String ID="string_317" HPOS="776" VPOS="1192" WIDTH="51" HEIGHT="21" WC="0.96" CONTENT="herr"/><SP WIDTH="16" VPOS="1192" HPOS="827"/>
							<String ID="string_318" HPOS="843" VPOS="1191" WIDTH="112" HEIGHT="22" WC="0.96" CONTENT="Molander"/><SP WIDTH="11" VPOS="1191" HPOS="955"/>
							<String ID="string_319" HPOS="966" VPOS="1190" WIDTH="36" HEIGHT="30" WC="0.96" CONTENT="vill"/><SP WIDTH="16" VPOS="1190" HPOS="1002"/>
							<String ID="string_320" HPOS="1018" VPOS="1191" WIDTH="38" HEIGHT="27" WC="0.95" CONTENT="jag"/>
						</TextLine>
						<TextLine ID="line_33" HPOS="223" VPOS="1219" WIDTH="833" HEIGHT="28">
							<String ID="string_321" HPOS="223" VPOS="1219" WIDTH="110" HEIGHT="25" WC="0.95" CONTENT="anmärka,"/><SP WIDTH="16" VPOS="1219" HPOS="333"/>
							<String ID="string_322" HPOS="349" VPOS="1221" WIDTH="32" HEIGHT="20" WC="0.96" CONTENT="att"/><SP WIDTH="16" VPOS="1221" HPOS="381"/>
							<String ID="string_323" HPOS="397" VPOS="1220" WIDTH="27" HEIGHT="21" WC="0.92" CONTENT="30"/><SP WIDTH="15" VPOS="1220" HPOS="424"/>
							<String ID="string_324" HPOS="439" VPOS="1220" WIDTH="19" HEIGHT="25" WC="0.91" CONTENT="$,"/><SP WIDTH="16" VPOS="1220" HPOS="458"/>
							<String ID="string_325" HPOS="474" VPOS="1226" WIDTH="46" HEIGHT="15" WC="0.96" CONTENT="som"/><SP WIDTH="16" VPOS="1226" HPOS="520"/>
							<String ID="string_326" HPOS="536" VPOS="1220" WIDTH="22" HEIGHT="21" WC="0.96" CONTENT="af"/><SP WIDTH="13" VPOS="1220" HPOS="558"/>
							<String ID="string_327" HPOS="571" VPOS="1220" WIDTH="79" HEIGHT="21" WC="0.93" CONTENT="honom"/><SP WIDTH="16" VPOS="1220" HPOS="650"/>
							<String ID="string_328" HPOS="666" VPOS="1221" WIDTH="140" HEIGHT="26" WC="0.90" CONTENT="åberopades,"/><SP WIDTH="12" VPOS="1221" HPOS="806"/>
							<String ID="string_329" HPOS="818" VPOS="1220" WIDTH="41" HEIGHT="21" WC="0.96" CONTENT="har"/><SP WIDTH="10" VPOS="1220" HPOS="859"/>
							<String ID="string_330" HPOS="869" VPOS="1220" WIDTH="99" HEIGHT="21" WC="0.96" CONTENT="afseende"/><SP WIDTH="11" VPOS="1220" HPOS="968"/>
							<String ID="string_331" HPOS="979" VPOS="1219" WIDTH="77" HEIGHT="22" WC="0.96" CONTENT="endast"/>
						</TextLine>
						<TextLine ID="line_34" HPOS="222" VPOS="1247" WIDTH="833" HEIGHT="29">
							<String ID="string_332" HPOS="222" VPOS="1249" WIDTH="27" HEIGHT="26" WC="0.95" CONTENT="på"/><SP WIDTH="20" VPOS="1249" HPOS="249"/>
							<String ID="string_333" HPOS="269" VPOS="1248" WIDTH="35" HEIGHT="21" WC="0.96" CONTENT="det"/><SP WIDTH="15" VPOS="1248" HPOS="304"/>
							<String ID="string_334" HPOS="319" VPOS="1247" WIDTH="44" HEIGHT="27" WC="0.96" CONTENT="fall,"/><SP WIDTH="16" VPOS="1247" HPOS="363"/>
							<String ID="string_335" HPOS="379" VPOS="1248" WIDTH="27" HEIGHT="21" WC="0.93" CONTENT="då"/><SP WIDTH="14" VPOS="1248" HPOS="406"/>
							<String ID="string_336" HPOS="420" VPOS="1249" WIDTH="124" HEIGHT="26" WC="0.91" CONTENT="göromålen"/><SP WIDTH="16" VPOS="1249" HPOS="544"/>
							<String ID="string_337" HPOS="560" VPOS="1249" WIDTH="6" HEIGHT="21" WC="0.96" CONTENT="i"/><SP WIDTH="15" VPOS="1249" HPOS="566"/>
							<String ID="string_338" HPOS="581" VPOS="1251" WIDTH="32" HEIGHT="19" WC="0.96" CONTENT="ett"/><SP WIDTH="15" VPOS="1251" HPOS="613"/>
							<String ID="string_339" HPOS="628" VPOS="1249" WIDTH="82" HEIGHT="22" WC="0.96" CONTENT="utskott"/><SP WIDTH="17" VPOS="1249" HPOS="710"/>
							<String ID="string_340" HPOS="727" VPOS="1249" WIDTH="53" HEIGHT="22" WC="0.96" CONTENT="ökas"/><SP WIDTH="16" VPOS="1249" HPOS="780"/>
							<String ID="string_341" HPOS="796" VPOS="1249" WIDTH="30" HEIGHT="27" WC="0.96" CONTENT="så,"/><SP WIDTH="17" VPOS="1249" HPOS="826"/>
							<String ID="string_342" HPOS="843" VPOS="1250" WIDTH="33" HEIGHT="20" WC="0.96" CONTENT="att"/><SP WIDTH="15" VPOS="1250" HPOS="876"/>
							<String ID="string_343" HPOS="891" VPOS="1247" WIDTH="106" HEIGHT="22" WC="0.93" CONTENT="utskottet"/><SP WIDTH="15" VPOS="1247" HPOS="997"/>
							<String ID="string_344" HPOS="1012" VPOS="1248" WIDTH="43" HEIGHT="21" WC="0.92" CONTENT="för-"/>
						</TextLine>
						<TextLine ID="line_35" HPOS="222" VPOS="1276" WIDTH="835" HEIGHT="29">
							<String ID="string_345" HPOS="222" VPOS="1276" WIDTH="60" HEIGHT="22" WC="0.96" CONTENT="delar"/><SP WIDTH="21" VPOS="1276" HPOS="282"/>
							<String ID="string_346" HPOS="303" VPOS="1277" WIDTH="31" HEIGHT="26" WC="0.96" CONTENT="sig"/><SP WIDTH="16" VPOS="1277" HPOS="334"/>
							<String ID="string_347" HPOS="350" VPOS="1277" WIDTH="28" HEIGHT="27" WC="0.96" CONTENT="på"/><SP WIDTH="15" VPOS="1277" HPOS="378"/>
							<String ID="string_348" HPOS="393" VPOS="1277" WIDTH="35" HEIGHT="21" WC="0.91" CONTENT="två"/><SP WIDTH="16" VPOS="1277" HPOS="428"/>
							<String ID="string_349" HPOS="444" VPOS="1277" WIDTH="139" HEIGHT="28" WC="0.91" CONTENT="afdelningar."/><SP WIDTH="31" VPOS="1277" HPOS="583"/>
							<String ID="string_350" HPOS="614" VPOS="1277" WIDTH="33" HEIGHT="22" WC="0.92" CONTENT="Då"/><SP WIDTH="15" VPOS="1277" HPOS="647"/>
							<String ID="string_351" HPOS="662" VPOS="1277" WIDTH="41" HEIGHT="22" WC="0.96" CONTENT="blir"/><SP WIDTH="16" VPOS="1277" HPOS="703"/>
							<String ID="string_352" HPOS="719" VPOS="1277" WIDTH="147" HEIGHT="22" WC="0.96" CONTENT="förhållandet"/><SP WIDTH="14" VPOS="1277" HPOS="866"/>
							<String ID="string_353" HPOS="880" VPOS="1277" WIDTH="47" HEIGHT="21" WC="0.96" CONTENT="helt"/><SP WIDTH="15" VPOS="1277" HPOS="927"/>
							<String ID="string_354" HPOS="942" VPOS="1280" WIDTH="71" HEIGHT="23" WC="0.96" CONTENT="annat,"/><SP WIDTH="16" VPOS="1280" HPOS="1013"/>
							<String ID="string_355" HPOS="1029" VPOS="1276" WIDTH="28" HEIGHT="22" WC="0.96" CONTENT="då"/>
						</TextLine>
						<TextLine ID="line_36" HPOS="220" VPOS="1305" WIDTH="836" HEIGHT="27">
							<String ID="string_356" HPOS="220" VPOS="1305" WIDTH="85" HEIGHT="22" WC="0.96" CONTENT="fordras"/><SP WIDTH="24" VPOS="1305" HPOS="305"/>
							<String ID="string_357" HPOS="329" VPOS="1305" WIDTH="141" HEIGHT="27" WC="0.96" CONTENT="naturligtvis,"/><SP WIDTH="24" VPOS="1305" HPOS="470"/>
							<String ID="string_358" HPOS="494" VPOS="1308" WIDTH="33" HEIGHT="19" WC="0.96" CONTENT="att"/><SP WIDTH="22" VPOS="1308" HPOS="527"/>
							<String ID="string_359" HPOS="549" VPOS="1305" WIDTH="103" HEIGHT="23" WC="0.96" CONTENT="hvardera"/><SP WIDTH="23" VPOS="1305" HPOS="652"/>
							<String ID="string_360" HPOS="675" VPOS="1307" WIDTH="22" HEIGHT="20" WC="0.96" CONTENT="af"/><SP WIDTH="22" VPOS="1307" HPOS="697"/>
							<String ID="string_361" HPOS="719" VPOS="1307" WIDTH="62" HEIGHT="21" WC="0.96" CONTENT="dessa"/><SP WIDTH="18" VPOS="1307" HPOS="781"/>
							<String ID="string_362" HPOS="799" VPOS="1306" WIDTH="87" HEIGHT="21" WC="0.95" CONTENT="utskott"/><SP WIDTH="22" VPOS="1306" HPOS="886"/>
							<String ID="string_363" HPOS="908" VPOS="1305" WIDTH="61" HEIGHT="22" WC="0.96" CONTENT="skola"/><SP WIDTH="19" VPOS="1305" HPOS="969"/>
							<String ID="string_364" HPOS="988" VPOS="1305" WIDTH="68" HEIGHT="21" WC="0.95" CONTENT="räkna"/>
						</TextLine>
						<TextLine ID="line_37" HPOS="221" VPOS="1333" WIDTH="603" HEIGHT="28">
							<String ID="string_365" HPOS="221" VPOS="1334" WIDTH="24" HEIGHT="21" WC="0.96" CONTENT="så"/><SP WIDTH="16" VPOS="1334" HPOS="245"/>
							<String ID="string_366" HPOS="261" VPOS="1333" WIDTH="78" HEIGHT="28" WC="0.96" CONTENT="många"/><SP WIDTH="16" VPOS="1333" HPOS="339"/>
							<String ID="string_367" HPOS="355" VPOS="1334" WIDTH="125" HEIGHT="26" WC="0.95" CONTENT="ledamöter,"/><SP WIDTH="16" VPOS="1334" HPOS="480"/>
							<String ID="string_368" HPOS="496" VPOS="1341" WIDTH="44" HEIGHT="15" WC="0.96" CONTENT="som"/><SP WIDTH="17" VPOS="1341" HPOS="540"/>
							<String ID="string_369" HPOS="557" VPOS="1335" WIDTH="31" HEIGHT="20" WC="0.96" CONTENT="till"/><SP WIDTH="16" VPOS="1335" HPOS="588"/>
							<String ID="string_370" HPOS="604" VPOS="1335" WIDTH="61" HEIGHT="21" WC="0.96" CONTENT="detta"/><SP WIDTH="14" VPOS="1335" HPOS="665"/>
							<String ID="string_371" HPOS="679" VPOS="1335" WIDTH="84" HEIGHT="22" WC="0.96" CONTENT="utskott"/><SP WIDTH="15" VPOS="1335" HPOS="763"/>
							<String ID="string_372" HPOS="778" VPOS="1335" WIDTH="46" HEIGHT="22" WC="0.96" CONTENT="hör."/>
						</TextLine>
					</TextBlock>
				</ComposedBlock>
				<ComposedBlock ID="cblock_6" HPOS="220" VPOS="1391" WIDTH="837" HEIGHT="172">
					<TextBlock ID="block_5" HPOS="220" VPOS="1391" WIDTH="837" HEIGHT="172">
						<TextLine ID="line_38" HPOS="291" VPOS="1391" WIDTH="765" HEIGHT="28">
							<String ID="string_373" HPOS="291" VPOS="1391" WIDTH="57" HEIGHT="22" WC="0.96" CONTENT="Herr"/><SP WIDTH="21" VPOS="1391" HPOS="348"/>
							<String ID="string_374" HPOS="369" VPOS="1391" WIDTH="181" HEIGHT="22" WC="0.96" CONTENT="Rönnbäck:"/><SP WIDTH="29" VPOS="1391" HPOS="550"/>
							<String ID="string_375" HPOS="579" VPOS="1392" WIDTH="41" HEIGHT="27" WC="0.96" CONTENT="Jag"/><SP WIDTH="15" VPOS="1392" HPOS="620"/>
							<String ID="string_376" HPOS="635" VPOS="1392" WIDTH="36" HEIGHT="21" WC="0.96" CONTENT="vill"/><SP WIDTH="16" VPOS="1392" HPOS="671"/>
							<String ID="string_377" HPOS="687" VPOS="1393" WIDTH="76" HEIGHT="21" WC="0.96" CONTENT="endast"/><SP WIDTH="15" VPOS="1393" HPOS="763"/>
							<String ID="string_378" HPOS="778" VPOS="1399" WIDTH="64" HEIGHT="15" WC="0.95" CONTENT="svara"/><SP WIDTH="15" VPOS="1399" HPOS="842"/>
							<String ID="string_379" HPOS="857" VPOS="1392" WIDTH="51" HEIGHT="21" WC="0.95" CONTENT="herr"/><SP WIDTH="14" VPOS="1392" HPOS="908"/>
							<String ID="string_380" HPOS="922" VPOS="1392" WIDTH="86" HEIGHT="27" WC="0.95" CONTENT="Berner,"/><SP WIDTH="15" VPOS="1392" HPOS="1008"/>
							<String ID="string_381" HPOS="1023" VPOS="1394" WIDTH="33" HEIGHT="19" WC="0.96" CONTENT="att"/>
						</TextLine>
						<TextLine ID="line_39" HPOS="221" VPOS="1419" WIDTH="836" HEIGHT="30">
							<String ID="string_382" HPOS="221" VPOS="1419" WIDTH="38" HEIGHT="22" WC="0.96" CONTENT="det"/><SP WIDTH="22" VPOS="1419" HPOS="259"/>
							<String ID="string_383" HPOS="281" VPOS="1426" WIDTH="38" HEIGHT="15" WC="0.96" CONTENT="var"/><SP WIDTH="22" VPOS="1426" HPOS="319"/>
							<String ID="string_384" HPOS="341" VPOS="1421" WIDTH="35" HEIGHT="20" WC="0.96" CONTENT="vid"/><SP WIDTH="22" VPOS="1421" HPOS="376"/>
							<String ID="string_385" HPOS="398" VPOS="1420" WIDTH="67" HEIGHT="22" WC="0.96" CONTENT="andra"/><SP WIDTH="15" VPOS="1420" HPOS="465"/>
							<String ID="string_386" HPOS="480" VPOS="1421" WIDTH="109" HEIGHT="26" WC="0.95" CONTENT="läsningen"/><SP WIDTH="16" VPOS="1421" HPOS="589"/>
							<String ID="string_387" HPOS="605" VPOS="1421" WIDTH="24" HEIGHT="21" WC="0.93" CONTENT="af"/><SP WIDTH="13" VPOS="1421" HPOS="629"/>
							<String ID="string_388" HPOS="642" VPOS="1421" WIDTH="264" HEIGHT="28" WC="0.91" CONTENT="hållskjutningsärendet,"/><SP WIDTH="16" VPOS="1421" HPOS="906"/>
							<String ID="string_389" HPOS="922" VPOS="1427" WIDTH="46" HEIGHT="15" WC="0.96" CONTENT="som"/><SP WIDTH="16" VPOS="1427" HPOS="968"/>
							<String ID="string_390" HPOS="984" VPOS="1421" WIDTH="36" HEIGHT="21" WC="0.96" CONTENT="det"/><SP WIDTH="15" VPOS="1421" HPOS="1020"/>
							<String ID="string_391" HPOS="1035" VPOS="1420" WIDTH="22" HEIGHT="21" WC="0.96" CONTENT="af"/>
						</TextLine>
						<TextLine ID="line_40" HPOS="222" VPOS="1448" WIDTH="833" HEIGHT="28">
							<String ID="string_392" HPOS="222" VPOS="1449" WIDTH="45" HEIGHT="26" WC="0.96" CONTENT="mig"/><SP WIDTH="15" VPOS="1449" HPOS="267"/>
							<String ID="string_393" HPOS="282" VPOS="1448" WIDTH="90" HEIGHT="22" WC="0.96" CONTENT="anförda"/><SP WIDTH="16" VPOS="1448" HPOS="372"/>
							<String ID="string_394" HPOS="388" VPOS="1449" WIDTH="120" HEIGHT="27" WC="0.94" CONTENT="passerade,"/><SP WIDTH="16" VPOS="1449" HPOS="508"/>
							<String ID="string_395" HPOS="524" VPOS="1449" WIDTH="40" HEIGHT="22" WC="0.96" CONTENT="och"/><SP WIDTH="15" VPOS="1449" HPOS="564"/>
							<String ID="string_396" HPOS="579" VPOS="1452" WIDTH="33" HEIGHT="18" WC="0.96" CONTENT="att"/><SP WIDTH="15" VPOS="1452" HPOS="612"/>
							<String ID="string_397" HPOS="627" VPOS="1450" WIDTH="37" HEIGHT="21" WC="0.96" CONTENT="det"/><SP WIDTH="15" VPOS="1450" HPOS="664"/>
							<String ID="string_398" HPOS="679" VPOS="1450" WIDTH="71" HEIGHT="21" WC="0.96" CONTENT="derför"/><SP WIDTH="16" VPOS="1450" HPOS="750"/>
							<String ID="string_399" HPOS="766" VPOS="1451" WIDTH="82" HEIGHT="21" WC="0.96" CONTENT="beslöts"/><SP WIDTH="16" VPOS="1451" HPOS="848"/>
							<String ID="string_400" HPOS="864" VPOS="1452" WIDTH="33" HEIGHT="18" WC="0.96" CONTENT="att"/><SP WIDTH="15" VPOS="1452" HPOS="897"/>
							<String ID="string_401" HPOS="912" VPOS="1449" WIDTH="65" HEIGHT="21" WC="0.96" CONTENT="hafva"/><SP WIDTH="12" VPOS="1449" HPOS="977"/>
							<String ID="string_402" HPOS="989" VPOS="1449" WIDTH="66" HEIGHT="21" WC="0.96" CONTENT="sådan"/>
						</TextLine>
						<TextLine ID="line_41" HPOS="221" VPOS="1476" WIDTH="835" HEIGHT="29">
							<String ID="string_403" HPOS="221" VPOS="1476" WIDTH="118" HEIGHT="28" WC="0.91" CONTENT="pluralitet,"/><SP WIDTH="12" VPOS="1476" HPOS="339"/>
							<String ID="string_404" HPOS="351" VPOS="1477" WIDTH="87" HEIGHT="22" WC="0.96" CONTENT="emedan"/><SP WIDTH="18" VPOS="1477" HPOS="438"/>
							<String ID="string_405" HPOS="456" VPOS="1478" WIDTH="36" HEIGHT="21" WC="0.96" CONTENT="det"/><SP WIDTH="14" VPOS="1478" HPOS="492"/>
							<String ID="string_406" HPOS="506" VPOS="1478" WIDTH="70" HEIGHT="27" WC="0.96" CONTENT="gällde"/><SP WIDTH="16" VPOS="1478" HPOS="576"/>
							<String ID="string_407" HPOS="592" VPOS="1480" WIDTH="32" HEIGHT="20" WC="0.96" CONTENT="att"/><SP WIDTH="16" VPOS="1480" HPOS="624"/>
							<String ID="string_408" HPOS="640" VPOS="1478" WIDTH="65" HEIGHT="22" WC="0.96" CONTENT="ändra"/><SP WIDTH="18" VPOS="1478" HPOS="705"/>
							<String ID="string_409" HPOS="723" VPOS="1479" WIDTH="87" HEIGHT="26" WC="0.96" CONTENT="förslag,"/><SP WIDTH="17" VPOS="1479" HPOS="810"/>
							<String ID="string_410" HPOS="827" VPOS="1484" WIDTH="47" HEIGHT="16" WC="0.96" CONTENT="som"/><SP WIDTH="16" VPOS="1484" HPOS="874"/>
							<String ID="string_411" HPOS="890" VPOS="1477" WIDTH="36" HEIGHT="22" WC="0.96" CONTENT="vid"/><SP WIDTH="15" VPOS="1477" HPOS="926"/>
							<String ID="string_412" HPOS="941" VPOS="1472" WIDTH="63" HEIGHT="38" WC="0.91" CONTENT="första"/><SP WIDTH="10" VPOS="1472" HPOS="1004"/>
							<String ID="string_413" HPOS="1014" VPOS="1476" WIDTH="42" HEIGHT="23" WC="0.91" CONTENT="läs-"/>
						</TextLine>
						<TextLine ID="line_42" HPOS="220" VPOS="1505" WIDTH="836" HEIGHT="29">
							<String ID="string_414" HPOS="220" VPOS="1505" WIDTH="78" HEIGHT="27" WC="0.95" CONTENT="ningen"/><SP WIDTH="24" VPOS="1505" HPOS="298"/>
							<String ID="string_415" HPOS="322" VPOS="1505" WIDTH="55" HEIGHT="22" WC="0.96" CONTENT="hade"/><SP WIDTH="22" VPOS="1505" HPOS="377"/>
							<String ID="string_416" HPOS="399" VPOS="1506" WIDTH="112" HEIGHT="27" WC="0.95" CONTENT="godkänts."/><SP WIDTH="31" VPOS="1506" HPOS="511"/>
							<String ID="string_417" HPOS="542" VPOS="1506" WIDTH="125" HEIGHT="22" WC="0.95" CONTENT="Emellertid"/><SP WIDTH="20" VPOS="1506" HPOS="667"/>
							<String ID="string_418" HPOS="687" VPOS="1509" WIDTH="24" HEIGHT="19" WC="0.97" CONTENT="är"/><SP WIDTH="14" VPOS="1509" HPOS="711"/>
							<String ID="string_419" HPOS="725" VPOS="1508" WIDTH="24" HEIGHT="26" WC="0.93" CONTENT="ju"/><SP WIDTH="16" VPOS="1508" HPOS="749"/>
							<String ID="string_420" HPOS="765" VPOS="1507" WIDTH="174" HEIGHT="27" WC="0.91" CONTENT="omröstningens"/><SP WIDTH="16" VPOS="1507" HPOS="939"/>
							<String ID="string_421" HPOS="955" VPOS="1505" WIDTH="101" HEIGHT="28" WC="0.96" CONTENT="laglighet"/>
						</TextLine>
						<TextLine ID="line_43" HPOS="220" VPOS="1533" WIDTH="836" HEIGHT="30">
							<String ID="string_422" HPOS="220" VPOS="1533" WIDTH="20" HEIGHT="27" WC="0.96" CONTENT="ej"/><SP WIDTH="17" VPOS="1533" HPOS="240"/>
							<String ID="string_423" HPOS="257" VPOS="1534" WIDTH="107" HEIGHT="22" WC="0.96" CONTENT="beroende"/><SP WIDTH="16" VPOS="1534" HPOS="364"/>
							<String ID="string_424" HPOS="380" VPOS="1534" WIDTH="23" HEIGHT="21" WC="0.96" CONTENT="af"/><SP WIDTH="13" VPOS="1534" HPOS="403"/>
							<String ID="string_425" HPOS="416" VPOS="1541" WIDTH="34" HEIGHT="15" WC="0.96" CONTENT="om"/><SP WIDTH="18" VPOS="1541" HPOS="450"/>
							<String ID="string_426" HPOS="468" VPOS="1535" WIDTH="36" HEIGHT="22" WC="0.96" CONTENT="det"/><SP WIDTH="16" VPOS="1535" HPOS="504"/>
							<String ID="string_427" HPOS="520" VPOS="1535" WIDTH="41" HEIGHT="21" WC="0.93" CONTENT="blir"/><SP WIDTH="14" VPOS="1535" HPOS="561"/>
							<String ID="string_428" HPOS="575" VPOS="1535" WIDTH="110" HEIGHT="27" WC="0.92" CONTENT="pluralitet"/><SP WIDTH="16" VPOS="1535" HPOS="685"/>
							<String ID="string_429" HPOS="701" VPOS="1536" WIDTH="52" HEIGHT="21" WC="0.96" CONTENT="eller"/><SP WIDTH="16" VPOS="1536" HPOS="753"/>
							<String ID="string_430" HPOS="769" VPOS="1535" WIDTH="25" HEIGHT="28" WC="0.95" CONTENT="ej."/><SP WIDTH="24" VPOS="1535" HPOS="794"/>
							<String ID="string_431" HPOS="818" VPOS="1536" WIDTH="71" HEIGHT="21" WC="0.95" CONTENT="Anser"/><SP WIDTH="15" VPOS="1536" HPOS="889"/>
							<String ID="string_432" HPOS="904" VPOS="1541" WIDTH="49" HEIGHT="15" WC="0.95" CONTENT="man"/><SP WIDTH="16" VPOS="1541" HPOS="953"/>
							<String ID="string_433" HPOS="969" VPOS="1535" WIDTH="36" HEIGHT="21" WC="0.93" CONTENT="det"/><SP WIDTH="14" VPOS="1535" HPOS="1005"/>
							<String ID="string_434" HPOS="1019" VPOS="1541" WIDTH="37" HEIGHT="16" WC="0.92" CONTENT="en-"/>
						</TextLine>
					</TextBlock>
				</ComposedBlock>
			</PrintSpace>
		</Page>
	</Layout>
</alto>
