1125 1811
307 140 181 22 Borgareståndet
502 141 51 17 1882
584 141 23 17 19
619 141 48 21 maj,
858 136 54 22 1335

81 209 50 21 fälle
146 212 32 19 att
193 212 50 25 taga
258 210 68 21 under
337 209 144 27 ompröfning,
492 209 60 21 hvari
563 209 199 27 skiljaktigheterna
773 210 67 21 bestå.
861 210 50 21 Men

80 238 29 22 då
122 238 36 27 jag
181 238 32 22 för
236 238 42 21 min
302 238 32 21 del
351 238 47 21 icke
414 245 37 14 var
474 238 114 22 förberedd
612 238 27 27 på
663 238 59 21 detta
741 238 79 22 ärende
836 238 39 22 och
891 239 19 29 ej

81 266 67 23 heller
163 267 38 21 har
216 266 147 22 betänkandet
387 267 47 21 med
456 267 44 26 mig
516 266 39 22 och
570 266 90 22 sålunda
675 266 47 22 icke
737 268 25 20 är
777 267 7 21 i
799 267 63 22 stånd
876 270 35 18 att

81 295 106 22 behandla
202 296 69 20 denna
287 295 65 26 fråga,
369 295 68 21 skulle
450 296 39 26 jag
505 295 33 21 för
553 296 42 20 min
612 295 33 21 del
661 295 93 26 anhålla,
770 298 33 19 att
821 296 90 22 ärendet

79 324 126 27 ytterligare
221 323 127 28 bordlägges
364 323 32 22 till
412 325 63 25 nästa
491 324 92 27 plenum.

149 381 49 20 Med
214 380 155 28 öfvervägande
386 380 110 27 pluralitet
512 381 81 21 beslöts
606 381 51 21 derå
668 381 32 21 att
711 381 125 27 ytterligare
846 381 64 22 bord-

79 409 63 27 lägga
157 409 152 28 inbjudningen
325 409 32 22 till
373 411 62 20 nästa
450 409 166 23 sammanträde.

147 541 120 27 Föredrogs
283 541 219 22 ekonomiutskottets
525 541 117 27 bordlagda
660 541 79 28 förslag
755 541 33 22 till
802 547 107 17 samman-

74 569 112 28 jemkning
201 570 22 21 af
237 570 102 21 ståndens
361 570 127 27 skiljaktiga
510 570 71 21 beslut
603 570 110 27 angående
733 577 25 14 en
774 570 135 27 Förordning

77 604 41 16 om:
130 598 125 28 försäljning
271 599 39 21 och
326 599 146 26 utskänkning
485 598 23 22 af
521 599 150 28 maltdrycker.

121 648 3 2 |
147 661 28 27 88
192 662 54 20 1—3
262 661 124 27 godkändes
402 663 51 20 utan
470 661 127 21 diskussion.

470 718 13 26 $
498 720 21 20 4.

148 780 56 21 Herr
226 780 122 21 Heikel:
379 780 41 27 Jag
443 780 97 25 föreslår,
564 783 32 18 att
618 780 182 25 Borgareståndet
815 781 6 20 i
838 780 69 21 denna

78 809 76 26 punkt,
169 808 91 22 likasom
276 809 7 20 i
298 808 94 21 flertalet
407 809 22 21 af
445 809 27 21 de
487 808 93 27 följande
597 809 126 26 punkterna,
736 809 66 21 måtte
813 809 94 21 vidhålla

79 837 38 21 sitt
132 837 57 21 förut
204 837 82 21 fattade
301 837 77 22 beslut.
409 837 72 22 Fallet
496 839 24 19 är
534 837 113 26 nämligen,
663 839 33 20 att
715 837 192 26 Borgareståndets

78 866 77 25 beslut,
171 866 82 21 hvilket
268 866 6 21 i
291 866 69 21 denna
375 867 69 26 punkt
460 867 201 20 öfverensstämmer
676 866 47 21 med
739 865 168 28 Ridderskapets

78 895 40 21 och
144 894 85 25 Adelns,
246 894 45 21 står
313 897 98 19 närmare
434 895 38 21 det
487 894 123 22 nuvarande
625 895 97 26 sakläget
738 894 40 22 och
794 896 24 19 är
833 895 74 21 lindri-

76 929 53 21 gare
144 922 33 22 för
192 922 54 24 dem,
259 929 46 15 som
320 922 39 22 här
374 925 38 19 äro
428 924 6 20 i
451 923 61 27 fråga
527 925 33 19 att
575 923 140 21 underkastas
727 929 25 15 en
764 923 98 21 bestämd
873 923 31 21 be

78 952 116 26 skattning.
224 951 42 21 Vid
287 952 76 21 sådant
384 952 135 21 förhållande
542 952 55 20 hade
618 952 37 26 jag
671 954 70 18 ansett
756 952 36 20 det
807 952 101 26 riktigast

78 980 22 21 af
113 980 106 22 utskottet
233 982 33 19 att
281 981 69 21 såsom
367 980 299 28 sammanjemkningsförslag
682 980 78 21 föreslå
776 980 45 22 icke
832 980 74 21 betän-

78 1008 86 27 kandet,
180 1011 52 19 utan
248 1008 40 22 den
303 1009 33 21 för
352 1009 26 21 de
394 1009 169 27 skattdragande
578 1009 115 27 lindrigare
709 1010 97 26 utvägen,
818 1008 40 24 och
868 1008 39 22 ber

76 1036 80 27 derför,
172 1039 32 19 att
219 1037 181 27 Borgareståndet
416 1038 68 21 måtte
500 1038 93 21 vidhålla
608 1038 38 21 sitt
661 1038 57 20 förra
734 1037 75 21 beslut.

145 1100 56 21 Herr
223 1100 126 27 Nystén:
380 1100 42 26 Jag
437 1100 97 21 anhåller
557 1102 32 19 att
605 1100 21 21 få
641 1100 115 26 tillstyrka,
772 1100 36 21 det
823 1100 82 26 Borga-

76 1128 110 22 reståndet
200 1128 8 22 i
224 1129 68 21 denna
317 1129 69 27 punkt
410 1128 105 22 vidblefve
538 1129 37 21 sitt
597 1128 59 22 förra
674 1128 76 22 beslut.
780 1128 42 26 Jag
836 1134 70 21 anser,

75 1156 91 22 likasom
182 1157 49 21 herr
247 1157 82 25 Heikel,
345 1160 33 18 att
392 1157 235 27 sammanjemkningen
642 1158 6 20 i
665 1157 69 21 denna
750 1156 102 28 paragraf
866 1158 40 20 och

75 1185 107 22 särskilda
197 1186 66 21 andra
278 1186 123 26 paragrafer
422 1186 48 21 icke
493 1188 24 19 är
540 1186 105 27 uppgjord
661 1185 6 21 i
683 1186 94 26 enlighet
793 1186 47 20 med
856 1192 50 15 van-

76 1213 43 27 liga
144 1213 39 22 och
206 1214 69 21 såsom
298 1213 75 28 giltiga
397 1214 97 22 erkända
517 1213 314 28 sammanjemkningsgrunder.
863 1213 43 22 Det

74 1242 69 26 gäller
158 1242 28 28 88
201 1245 20 23 4,
238 1245 19 24 7,
274 1243 13 21 8
303 1243 38 21 och
360 1243 32 26 10,
408 1243 6 21 i
430 1243 118 21 allmänhet
563 1243 26 21 de
604 1243 131 27 paragrafer,
747 1243 38 21 der
797 1242 36 21 två
843 1242 63 22 stånd

75 1273 87 18 stannat
178 1273 44 20 mot
237 1271 42 21 två.
309 1271 11 22 I
335 1273 62 20 dessa
413 1271 37 22 fall
466 1271 39 22 har
520 1271 107 22 utskottet
642 1271 69 22 såsom
722 1272 68 26 grund
807 1271 33 21 för
850 1277 55 16 sam-

76 1299 272 28 manjemkningsförslaget
363 1302 45 20 satt
423 1301 38 20 sitt
484 1300 58 21 förra
557 1299 86 28 förslag,
660 1300 67 21 ehuru
747 1300 40 21 den
803 1302 103 21 motsatta

73 1327 85 28 åsigten
174 1329 55 20 varit
251 1330 98 20 närmare
371 1329 33 21 till
427 1329 37 21 det
479 1335 28 15 nu
522 1328 99 27 gällande
645 1328 138 27 lagförslaget
802 1329 6 20 i
824 1330 81 20 ämnet.

75 1356 44 21 För
134 1356 42 21 min
193 1357 33 21 del
242 1357 42 21 kan
297 1358 38 27 jag
349 1357 48 22 icke
412 1357 116 27 godkänna
544 1357 39 22 den
595 1357 170 27 uppfattningen,
778 1360 33 18 att
822 1357 83 22 utskot-

74 1387 44 20 tets
133 1385 136 22 betänkande
285 1385 66 22 borde
366 1385 64 22 hafva
446 1386 66 27 något
528 1385 114 28 inflytande
658 1385 27 28 på
701 1385 202 22 sammanjemknin-

74 1420 74 21 garna,
164 1417 51 18 utan
231 1415 6 20 i
253 1415 43 25 fall,
319 1415 82 21 sådana
424 1421 45 15 som
486 1415 68 26 dessa,
573 1414 70 21 skulle
658 1415 65 26 enligt
739 1415 43 20 min
824 1415 29 26 åsigt
868 1414 37 22 det

74 1443 112 25 riktigaste
199 1449 56 20 vara,
271 1445 33 19 att
319 1443 27 21 de
362 1443 75 22 stånds
461 1443 76 26 beslut,
561 1443 72 21 hvilka
649 1443 50 26 vilja
715 1443 64 21 hafva
795 1443 39 21 den
851 1443 54 22 min-

74 1473 34 19 sta
123 1471 90 27 ändring
227 1472 6 20 i
249 1471 99 27 gällande
371 1472 41 27 lag,
437 1472 67 21 borde
526 1472 69 21 såsom
618 1471 286 27 sammanjemkningsgrund

74 1499 126 27 uppställas.
229 1499 40 26 Jag
292 1500 98 21 anhåller
413 1502 33 19 att
469 1500 122 21 sedermera
614 1500 22 20 få
659 1500 133 21 återkomma
808 1500 32 21 till
856 1500 50 21 mitt

74 1528 79 27 förslag
176 1527 131 22 beträffande
329 1528 26 21 de
378 1528 68 27 öfriga
469 1528 157 27 paragraferna,
643 1530 38 19 när
696 1529 62 20 dessa
773 1528 131 27 föredragas.
