1125 1811
215 140 56 20 1460
459 145 180 21 Borgareståndet
651 147 58 17 1882.
734 147 27 17 23
774 146 49 22 maj.

213 214 60 21 svårt
293 216 32 19 att
347 214 63 22 sköta
432 214 70 22 denna
525 214 63 22 bank.
618 215 26 21 Vi
661 215 52 21 söka
736 215 55 21 efter
812 215 37 21 det
871 221 40 15 ena
931 215 118 27 palliativet

215 243 54 21 efter
291 244 37 20 det
350 243 68 21 andra
440 243 33 21 för
496 245 32 19 att
550 243 86 22 komma
658 243 32 22 till
713 245 32 20 ett
773 244 67 26 något
861 244 71 21 bättre
951 244 97 22 resultat.

214 271 27 21 Vi
262 274 49 18 veta
334 272 42 20 alla
399 272 48 20 med
469 278 42 18 oss,
527 274 33 19 att
574 272 20 20 vi
610 272 59 25 söka,
685 274 33 19 att
731 272 37 27 jag
785 273 24 20 så
826 272 34 21 må
876 274 57 25 säga,
948 273 49 21 med
1013 273 34 21 nål

215 300 40 21 och
270 299 49 22 tråd
335 300 55 21 efter
404 306 108 20 personer,
528 306 44 15 som
588 300 19 21 vi
624 300 61 21 skola
700 301 73 20 kunna
788 302 60 20 sätta
862 303 33 19 att
910 301 62 21 sköta
982 301 66 21 bank-

214 327 238 28 fullmäktigplatserna.
484 329 26 20 Vi
533 331 48 19 veta
603 329 44 21 alla
667 329 48 21 med
732 335 42 18 oss,
791 331 33 19 att
839 329 28 21 då
883 329 36 21 det
934 329 67 26 gäller
1016 332 32 19 att

215 357 116 21 verkställa
346 357 64 21 dessa
424 357 42 26 val,
481 357 68 22 sakna
564 357 19 21 vi
599 364 45 15 mer
659 358 53 21 eller
728 358 84 21 mindre
823 357 97 28 förmåga
932 360 31 19 att
974 358 75 26 riktigt

216 385 90 22 bedöma
328 391 131 22 personerna
474 386 6 21 i
496 386 66 27 fråga.
592 386 26 21 Vi
642 388 37 19 äro
699 386 113 21 hitkomne
828 386 34 21 för
877 389 32 18 att
924 386 74 27 afgöra
1013 393 34 15 om

215 414 45 21 helt
275 415 68 20 andra
358 414 78 22 affärer
450 417 27 18 än
493 415 85 25 sådana,
594 421 45 15 som
655 415 73 21 fordra
744 415 24 21 så
783 415 102 27 speciella
896 414 152 22 affärsmanna-

201 463 6 4 .
217 439 93 40 insigter,
325 449 46 15 som
388 443 46 22 den,
454 445 33 19 att
502 445 47 19 utse
565 445 57 20 rätta
636 449 102 22 personer
754 444 40 21 och
810 443 58 27 gifva
884 445 56 20 rätta
955 443 93 22 instruk-

215 470 77 27 tioner,
308 471 103 27 impulser
427 467 34 26 för
476 472 115 21 skötandet
607 472 22 21 af
643 474 32 19 ett
689 473 71 26 privat
776 472 92 27 företag.
898 471 41 28 Jag
955 472 37 22 ber
1002 473 46 21 der-

215 499 34 22 för
271 502 40 22 att,
334 501 48 21 med
406 500 137 22 förkastande
565 500 23 22 af
609 501 101 26 förslaget
725 507 35 15 om
776 500 139 27 fördubbling
930 501 23 21 af
967 501 83 22 antalet

215 522 201 34 bankfullmäktige,
432 529 21 22 få
469 529 120 22 framställa
603 529 94 27 följande
713 529 162 22 amendement:

285 560 47 22 »att
354 558 86 21 ståndet
463 557 33 22 för
514 558 32 21 sin
562 558 33 21 del
611 558 49 21 ville
677 557 113 22 hemställa
806 558 33 21 till
854 557 195 28 Bankfullmäktige

215 588 32 19 att
263 588 51 24 taga
328 586 7 22 i
350 586 148 22 betraktande;
513 587 152 26 lämpligheten
680 586 23 22 af
717 589 32 18 att
764 587 56 21 söka
835 586 21 21 få
871 586 102 22 Finlands
988 586 61 21 Bank

215 614 124 28 öfvertagen
362 614 24 22 af
400 616 32 20 ett
446 614 93 22 enskildt
554 614 129 27 aktiebolag,
700 614 60 22 hvari
776 614 82 22 Finska
873 617 71 19 staten
960 614 43 22 tills
1019 615 30 20 vi-

216 642 51 22 dare
283 643 71 21 kunde
369 643 87 21 inträda
470 644 70 21 såsom
556 643 98 27 delegare
670 644 48 21 med
735 646 31 19 ett
778 644 60 21 antal
849 643 75 26 aktier,
936 649 45 15 som
995 643 54 21 dock

215 671 68 22 borde
294 672 125 27 understiga
429 672 81 21 hälften
520 672 24 21 af
552 672 169 27 aktiekapitalet,
733 674 56 20 samt
800 674 40 24 att,
856 672 1 21 i
869 672 101 22 händelse
980 672 71 21 Bank-

215 700 136 27 fullmäktige
373 701 115 26 godkänna
506 701 150 27 lämpligheten
672 700 22 22 af
708 707 26 15 en
750 700 62 28 dylik
828 700 115 28 föryttring
959 700 23 22 af
995 700 54 22 Ban-

215 729 50 24 ken,
282 729 25 21 de
323 729 50 21 ville
390 729 117 27 framlägga
522 729 49 27 plan
587 730 73 21 derom
673 729 34 21 för
722 729 180 21 nästkommande
918 730 106 20 ständer”.

285 786 56 21 Herr
356 786 127 27 Nybom:
508 786 32 21 De
562 786 60 21 fleste
645 787 23 20 af
689 787 26 20 de
737 786 67 26 ärade
820 786 76 26 talare,
913 792 45 15 som
973 786 77 21 hittills

216 815 109 27 uppträdt,
349 815 64 21 hafva
434 815 80 21 uttalat
536 815 32 26 sig
591 817 46 19 mot
659 815 179 21 bankutskottets
860 821 29 15 nu
905 815 147 27 föreliggande

215 843 66 22 kläm.
312 843 46 22 Den
381 843 67 22 förste
470 843 24 22 af
507 843 27 22 de
549 843 64 22 ärade
629 843 84 26 herrar,
729 850 47 15 som
793 843 99 22 uttalade
908 843 38 28 sig,
961 843 40 27 gaf,
1017 843 34 21 så-

215 872 46 21 vidt
283 872 36 27 jag
341 871 72 22 kunde
435 872 74 26 förstå,
532 872 53 21 intet
601 875 66 18 annat
681 872 47 22 skäl
744 872 33 21 för
792 872 35 21 sin
843 872 58 21 olika
917 873 90 26 mening,
1023 874 28 19 än

215 902 34 20 att
272 901 42 21 han
338 900 79 28 tyckte,
440 903 33 19 att
488 901 41 21 fem
546 901 65 21 borde
627 907 51 15 vara
694 901 36 21 det
745 901 107 27 lämpliga
867 901 54 21 talet
936 901 33 20 för
984 900 67 21 bank-

216 928 141 27 fullmäktige.
389 929 45 21 Den
450 929 73 26 andre,
538 935 45 15 som
599 929 6 21 i
621 929 66 21 saken
702 929 98 22 uttalade
817 930 39 26 sig,
872 928 36 27 gaf
918 929 82 27 knappt
1010 935 42 20 nog

216 964 60 15 mera
291 958 53 21 skäl.
376 958 47 21 Han
439 957 91 22 nämnde
546 958 36 21 det
597 958 70 22 såsom
683 958 54 26 skäl,
753 960 33 19 att
802 958 116 26 slitningar
928 957 122 27 derigenom

216 986 71 22 skulle
302 986 111 22 undvikas.
444 986 39 22 Om
499 986 42 22 han
558 987 88 21 menade
661 986 113 28 slitningar
790 986 93 22 emellan
895 986 156 22 bankfullmäk-

216 1015 44 27 tige
275 1015 40 21 och
331 1014 141 25 direktionen,
493 1017 45 19 tror
550 1015 44 27 jag,
610 1018 33 19 att
658 1016 41 20 den
715 1015 127 26 auktoritet,
858 1015 40 21 den
915 1014 136 28 betydenhet,

215 1042 103 23 hvarmed
341 1043 192 27 bankfullmäktige
551 1043 68 22 skulle
635 1044 44 21 tala
694 1044 32 21 till
742 1044 144 26 direktionen,
902 1043 68 21 skulle
986 1044 62 21 hafva

216 1078 60 16 mera
299 1073 79 21 verkan
394 1078 34 16 om
445 1072 203 28 bankfullmäktiges
663 1072 59 22 antal
738 1078 52 16 vore
807 1074 20 24 8,
842 1074 27 19 än
886 1078 33 15 om
936 1072 25 21 de
976 1074 37 20 äro
1029 1074 20 19 4.

217 1100 62 22 Hvad
302 1101 142 27 slitningarna
466 1100 100 22 beträffar
588 1101 57 22 inom
669 1101 72 27 sjelfve
768 1100 195 27 bankfullmäktige
988 1101 62 21 torde

217 1130 63 21 dessa
303 1130 18 27 ej
345 1130 63 21 hafva
430 1130 55 20 varit
506 1130 25 21 så
553 1129 87 23 alldeles
655 1130 69 21 svåra.
755 1129 96 27 Enighet
866 1129 39 21 har
921 1129 128 27 visserligen,

216 1158 69 27 enligt
307 1158 54 22 hvad
385 1164 47 16 man
455 1162 45 18 tror
519 1158 33 28 sig
571 1161 54 23 veta,
641 1159 37 21 der
693 1158 47 22 icke
755 1158 65 22 alltid
836 1158 88 26 funnits,
938 1161 51 18 utan
1005 1158 45 22 lära

216 1188 109 21 ärendena
341 1187 44 21 ofta
400 1186 88 28 afgjorts
504 1187 29 26 så,
549 1189 32 19 att
596 1188 36 21 två
647 1189 69 19 röster
731 1189 89 19 stannat
836 1189 45 19 mot
896 1186 36 22 två
947 1188 39 20 och
1001 1187 48 21 ord-

216 1215 114 22 förandens
352 1217 45 20 röst
419 1215 27 22 då
467 1215 94 27 afgjordt
583 1215 72 22 saken.
685 1215 41 27 Jag
749 1215 71 22 skulle
839 1221 57 19 anse,
912 1217 32 19 att
959 1215 90 22 sakerna

216 1243 72 23 blefve
312 1245 84 26 mycket
418 1250 58 15 mera
499 1247 70 24 moget
592 1244 129 27 öfverlagda,
739 1250 35 15 om
792 1243 192 27 bankfullmäktige
999 1250 50 15 vore

216 1272 53 22 flere
291 1275 27 19 än
334 1273 26 21 de
376 1279 28 14 pu
420 1275 44 18 äro.
494 1272 135 27 Majoriteten
645 1272 69 22 skulle
726 1272 66 22 blifva
803 1272 136 22 bestämdare
951 1272 38 21 och
1003 1272 47 22 der-

217 1301 34 21 för
273 1302 62 21 äfven
358 1301 202 27 bankfullmäktiges
581 1301 69 22 beslut
673 1302 22 21 af
717 1307 58 16 mera
799 1301 117 27 betydelse.
946 1301 33 21 En
998 1301 51 22 ärad

217 1329 70 22 talare
309 1330 39 21 har
371 1330 61 21 äfven
456 1331 80 25 nämnt,
559 1332 32 19 att
609 1330 70 21 denna
693 1326 58 25 bank
767 1330 69 21 borde
852 1331 50 25 taga
918 1330 95 27 exempel
1028 1330 23 21 af

217 1358 97 22 enskilde
337 1359 105 21 bankirer.
474 1359 41 21 Det
531 1346 62 33 "lärer
615 1359 42 21 han
681 1359 34 21 väl
737 1359 19 26 ej
779 1358 66 22 hafva
860 1361 78 22 menat,
954 1361 32 18 att
1001 1364 49 15 man

216 1387 70 21 skulle
301 1387 95 22 likställa
411 1387 40 22 den
467 1387 47 21 med
531 1387 97 22 enskilda
643 1394 109 21 personer,
768 1387 38 22 det
822 1389 25 19 är
862 1386 64 22 hafva
937 1393 25 15 en
973 1393 77 20 person

217 1417 33 20 att
265 1416 92 21 förvalta
372 1415 49 22 hela
436 1416 151 27 inrättningen,
604 1419 50 18 utan
671 1416 52 21 hans
739 1416 89 27 mening
844 1421 38 16 var
896 1415 40 28 väl,
951 1418 32 19 att
995 1415 54 27 jäm-

217 1443 48 22 föra
281 1444 101 21 Finlands
398 1444 61 22 Bank
475 1445 48 21 med
534 1445 105 21 likartade
650 1447 69 19 större
732 1444 202 27 penningeinstitut,
943 1451 46 14 som
1000 1450 50 15 van-

218 1472 57 28 ligen
299 1475 36 19 äro
359 1473 83 27 byggda
463 1473 27 27 på
508 1473 75 27 aktier,
599 1474 26 20 de
641 1480 16 14 s.
674 1474 20 20 k.
711 1473 174 21 aktiebankerna
900 1472 39 22 och
955 1472 38 22 der
1007 1473 42 21 för-

217 1500 111 23 hållandet
343 1503 24 19 är
382 1502 138 21 annorlunda.
550 1501 41 27 Jag
606 1504 45 19 tror
667 1502 46 21 icke
729 1508 50 15 man
796 1501 56 22 skall
868 1501 72 21 kunna
950 1501 100 27 uppgifva

217 1530 71 27 någon
311 1529 121 28 aktiebank,
457 1536 49 15 vare
528 1530 31 27 sig
581 1530 44 21 helt
648 1531 39 20 och
703 1529 67 22 hållet
787 1531 72 26 privat
874 1530 52 21 eller
941 1529 26 22 de
982 1530 68 21 aktie-
