1125 1811
321 132 181 22 Borgareständet
515 133 56 17 1882.
596 132 27 17 30
635 131 48 21 maj.
861 124 55 21 1637

156 204 73 22 vinner
251 203 40 27 nej,
313 202 40 22 har
369 202 85 21 ståndet
472 201 89 22 beslutit
577 203 38 23 att,
631 199 135 23 vidhållande
781 199 38 21 sitt
835 199 58 21 förut
908 198 7 21 i

88 233 64 22 saken
168 232 81 22 fattade
264 232 77 25 beslut,
351 231 91 21 anmoda
457 229 236 27 bevillningsutskottet
708 231 31 18 att
747 228 110 20 inkomma
867 227 49 21 med

88 264 47 25 nytt
160 259 295 29 sammanjemkningsförslag
480 258 107 28 grundadt
609 258 28 26 på
662 256 193 28 Borgareståndets
880 255 37 21 be-

87 291 61 21 slut".

157 346 162 28 Propositionen
335 344 131 22 besvarades
482 344 48 21 med
548 344 25 21 13
587 343 22 27 ja
625 343 39 21 och
681 343 26 20 32
723 342 41 27 nej.

157 404 56 21 Herr
228 403 154 26 Ignatius:
413 402 41 26 Jag
476 401 95 22 anhåller
587 402 32 19 att
635 399 21 22 få
671 399 31 21 till
719 399 131 27 protokollet
865 398 51 21 ned-

88 435 63 25 lägga
174 432 42 22 min
240 431 130 22 reservation
391 433 45 18 mot
453 431 60 20 detta
528 429 76 24 beslut,
620 429 63 20 hvars
700 428 110 21 sannolika
825 427 51 27 följd
892 428 25 19 är

89 463 48 24 den,
160 463 32 19 att
214 462 53 20 intet
282 459 298 27 sammanjemkningsförslag
595 464 58 15 mera
668 457 124 21 inkommer.
822 457 41 26 Jag
878 455 38 22 ber

89 493 32 19 att
136 490 21 22 få
172 490 55 21 fästa
243 488 216 28 uppmärksamheten
476 487 41 26 vid,
534 490 31 18 att
581 487 35 20 det
633 488 23 19 är
671 486 107 26 knappast
794 485 82 27 möjligt
884 486 32 19 att

88 519 22 22 få
122 521 32 20 ett
169 519 102 21 förstärkt
286 517 213 27 bevillningsutskott
515 516 31 21 till
562 515 68 22 stånd.

158 576 55 21 Herr
245 575 25 21 Tal
280 581 42 15 man
343 566 15 37 on
374 580 32 15 en
418 573 101 26 anmälte,
528 575 32 19 att
568 573 6 20 i
583 574 83 19 senaste
675 571 97 26 votering
778 571 76 20 herrar
862 570 54 25 Berg

89 605 39 21 och
156 604 100 22 Hedlund
271 604 46 20 icke
334 602 95 26 deltagit,
446 602 24 21 af
485 602 70 24 orsak,
571 603 32 19 att
619 601 60 20 desse
695 599 90 21 anhållit
800 601 33 19 att
849 598 21 21 få
885 598 31 20 af-

89 634 73 26 lägsna
178 634 31 26 sig
224 632 46 22 från
285 631 175 26 sammanträdet,
476 630 50 22 herr
541 630 55 26 Berg
612 629 102 27 derjemte
725 630 32 20 att
764 628 22 21 få
794 634 50 14 vara
855 626 63 22 borta

89 662 122 22 återstoden
227 662 23 20 af
263 662 74 26 dagen.

159 719 90 22 Ståndet
270 718 113 27 godkände
406 718 63 20 dessa
492 715 222 23 förfallsanmälanden
736 714 39 21 och
796 712 120 23 lemnade
900 708 19 41 i

90 748 152 26 sammanhang
257 747 88 21 härmed
361 746 22 22 åt
398 746 50 21 herr
464 745 111 21 Wasenius
591 744 96 21 tillstånd
702 745 31 19 att
752 743 20 21 få
788 748 50 16 vara
855 742 63 20 borta

88 776 46 22 från
151 776 177 27 eftermiddagens
343 776 95 26 plenum.

158 833 42 21 Det
215 833 69 26 öfriga
299 832 24 21 af
337 830 318 29 sammanjemkningsförslaget
671 828 129 28 godkändes.

158 976 119 26 Föredrogs
299 976 155 26 lagutskottets
477 975 118 27 bordlagda
617 974 136 22 betänkande
774 976 40 21 N:o
831 976 12 21 9
859 976 6 20 i
881 982 36 14 an-

89 1005 85 26 ledning
189 1004 22 21 af
226 1004 59 22 Hans
300 1004 119 27 Kejserliga
435 1004 113 26 Majestäts
563 1004 78 26 nådiga
656 1004 138 27 proposition,
809 1004 108 27 angående

88 1034 90 20 svenska
201 1033 40 21 och
264 1033 67 21 finska
354 1033 105 26 språkens
475 1033 139 27 begagnande
629 1032 36 22 vid
680 1033 104 21 särskilda
801 1033 118 21 domstolar

89 1062 39 21 och
144 1062 147 27 myndigheter
306 1062 6 20 i
328 1061 79 21 landet.

157 1119 112 21 Klämmen
285 1119 38 21 sid.
341 1120 18 20 7.

158 1176 56 21 Herr
229 1176 146 26 Procopé:
406 1176 10 20 I
440 1176 68 20 likhet
530 1176 47 20 med
593 1176 56 20 hvad
665 1176 105 20 utskottet
786 1175 79 21 uttalat
886 1181 33 15 er-

88 1205 82 20 känner
189 1205 37 26 jag
248 1204 130 27 fullkomligt
394 1204 35 21 det
446 1204 134 27 berättigade
597 1206 4 19 i
617 1204 137 21 utfärdandet
770 1204 22 21 af
806 1204 113 26 kejserliga

88 1233 150 26 förordningen
263 1233 23 21 af
305 1233 40 21 den
370 1234 9 19 1
408 1233 92 26 Augusti
520 1233 59 24 1863,
595 1233 135 26 bvarigenom
748 1233 40 20 den
804 1231 68 22 finska
888 1234 31 19 ta-

88 1261 62 21 lande
173 1261 149 27 befolkningen
338 1262 42 21 fått
395 1261 31 26 sig
443 1261 147 22 tillförsäkrad
605 1261 103 26 rättighet
723 1264 33 18 att
771 1261 22 21 få
806 1261 46 20 icke
867 1261 51 20 alle-

88 1293 48 18 nast
162 1290 32 21 till
214 1291 116 21 domstolar
345 1290 39 21 och
401 1290 149 27 myndigheter
565 1290 93 21 inlemna
674 1290 86 21 skrifter
775 1290 28 27 på
818 1290 38 20 sitt
871 1291 49 24 eget

88 1319 135 26 modersmål,
246 1321 51 20 utan
321 1319 60 21 äfven
405 1319 47 20 från
469 1319 62 22 dessa
546 1319 149 26 myndigheter
712 1321 95 23 mottaga
823 1317 97 21 handlin-

88 1353 38 21 gar
149 1347 114 22 utfärdade
286 1348 27 27 på
336 1354 81 15 samma
441 1348 72 26 språk,
538 1348 38 21 och
593 1353 62 16 anser
668 1347 36 27 jag
720 1348 70 20 derför
806 1346 60 21 äfven
883 1345 37 22 det

88 1382 52 15 vara
162 1375 88 22 alldeles
272 1379 49 23 rätt,
345 1378 32 19 att
400 1376 41 21 den
465 1377 39 26 tid,
521 1383 44 14 som
581 1376 7 21 i
605 1376 68 21 denna
690 1375 124 26 förordning
828 1377 24 19 är
867 1374 53 21 fast-

88 1405 71 26 ställd,
176 1405 57 21 inom
250 1405 83 21 hvilken
350 1406 60 20 detta
426 1405 55 21 skall
498 1411 50 14 vara
563 1405 90 23 utfördt,
669 1405 68 21 såvidt
746 1403 82 28 möjligt
839 1405 31 24 är,
881 1403 39 21 bör

88 1433 127 28 bibehållas,
229 1434 38 21 och
283 1434 32 21 får
329 1434 28 26 på
373 1434 41 21 den
430 1434 70 26 grund
516 1433 61 22 äfven
593 1434 87 20 förorda
695 1433 130 27 antagandet
841 1432 23 21 af
878 1432 41 21 den

88 1463 67 20 första
178 1463 62 21 delen
263 1463 22 21 af
306 1463 69 20 denna
400 1463 59 20 kläm
476 1463 56 20 ända
548 1463 32 20 till
596 1462 65 21 orden
679 1468 60 18 ,men
756 1463 32 19 att
803 1461 7 21 i
826 1461 26 21 de
867 1461 51 21 fall"

89 1497 19 15 0.
131 1497 16 14 s.
164 1497 18 14 v.
199 1504 27 2 —
243 1491 48 20 Men
308 1491 37 26 jag
361 1490 67 21 måste
445 1490 34 21 för
495 1491 43 20 min
554 1490 34 21 del
604 1490 97 26 beklaga,
717 1492 32 19 att
764 1490 112 24 utskottet,
893 1489 28 21 dä

89 1519 36 21 det
140 1519 103 26 granskat
259 1519 25 21 de
299 1519 7 20 i
322 1518 148 23 betänkandet
486 1519 127 22 omnämnda
629 1518 185 27 författningarna,
831 1518 18 27 ej
866 1517 56 27 tagit
