1125 1811
219 125 55 21 1552
458 130 181 22 Borgareståndet
649 132 59 18 1882.
733 132 28 17 26
773 132 49 20 maj.
847 126 4 6 '

218 198 68 22 håller
308 200 13 20 2
337 200 127 20 momentet:
488 199 131 27 ,Enahanda
641 200 129 28 skyldighet,
794 206 48 16 som
866 200 63 23 ofvan
945 201 63 27 sagdt
1023 203 32 24 är,

217 227 82 28 äligger
321 228 63 22 äfven
407 228 65 28 bolag
495 228 33 22 för
550 229 40 21 deu
611 229 76 27 näring
702 230 52 21 eller
770 229 84 22 rörelse
870 229 26 22 de
910 230 58 22 inom
984 230 70 22 stads-

218 256 129 22 kommunen
370 256 72 22 idka*.
471 256 42 28 Jag
532 257 69 22 skulle
615 264 52 15 anse
683 258 36 21 det
734 264 53 15 vara
802 258 91 28 oriktigt
908 260 33 20 att
956 258 39 22 här
1009 258 44 22 till-

218 284 64 28 lägga
304 285 62 21 dessa
387 285 40 21 ord
442 285 49 24 ,för
506 285 40 22 den
562 286 75 27 näring
651 286 52 21 eller
718 286 82 22 rörelse
817 287 27 21 de
860 287 56 21 inom
932 287 121 22 stadskom-

218 319 78 16 munen
319 313 72 26 idka",
414 313 74 22 hvilka
503 314 38 21 ord
556 314 95 22 hvarken
667 314 116 22 återfinnas
799 315 6 21 i
821 316 20 25 &,
856 315 66 22 sådan
937 315 41 22 den
994 316 59 27 lyder

218 342 6 21 i
242 342 55 21 1873
313 342 35 21 års
369 342 133 27 förordning,
521 343 52 22 eller
587 345 38 20 äro
641 343 88 28 intagna
744 343 7 22 i
767 343 42 22 den
826 343 114 28 kejserliga
955 345 98 26 proposi-

218 370 80 22 tionen.
329 370 115 22 Dessutom
467 373 26 20 är
516 371 42 27 det,
581 371 66 28 enligt
668 372 43 21 min
734 372 147 27 uppfattning,
896 379 26 15 en
935 373 118 27 oriktighet

219 401 33 20 att
273 399 74 27 intaga
362 399 70 22 denna
448 399 140 28 bestämning.
619 400 31 28 Ty
665 400 64 27 bolag
745 401 53 21 böra
814 401 42 26 väl,
873 401 90 22 likasom
978 402 73 26 andra,

219 428 72 21 skatta
313 427 48 22 från
385 429 40 20 den
448 428 103 27 fastighet
573 429 26 22 de
622 435 39 21 ega
683 429 57 22 inom
759 429 138 22 kommunen.
927 429 75 23 Sävidt
1015 431 37 26 jag

217 456 84 22 kunnat
315 455 64 27 finna,
396 456 68 22 skulle
480 457 58 22 detta
554 457 74 28 tillägg
643 457 94 22 utesluta
753 458 125 27 skyldighet
892 459 33 21 för
940 458 63 27 bolag
1019 462 32 19 att

219 485 72 22 skatta
313 485 34 22 för
369 485 107 27 fastighet.
502 498 24 3 —
543 485 61 22 Hvad
621 486 40 22 den
677 493 75 15 senare
768 487 64 21 delen
848 486 22 23 af
884 490 116 19 momentet
1015 487 36 22 be-

218 513 81 27 träffar,
323 520 64 15 anser
406 514 44 27 jag,
466 517 33 19 att
515 515 25 21 de
556 515 6 20 i
577 515 28 21 55
620 515 15 28 &
651 515 129 22 omnämnda
796 521 131 22 personerna
941 516 110 27 verkligen

219 542 53 22 böra
292 543 73 21 skatta
381 543 31 21 till
428 543 135 22 kommunen.
594 543 49 22 Men
659 550 77 21 genom
752 544 62 22 detta
830 547 94 19 moment
939 546 24 19 är
979 544 36 21 det
1027 545 24 27 ju

218 571 18 27 ej
253 571 94 22 uttaladt
362 571 33 22 för
410 571 87 22 hvilken
513 571 93 22 inkomst
621 573 27 21 de
663 572 61 22 skola
739 572 81 22 skatta.
850 573 79 22 Derom
945 572 41 23 blir
997 573 54 22 först

218 599 8 21 i
242 600 27 21 55
285 600 13 27 &
313 600 67 26 fråga.
412 601 56 20 Herr
484 601 111 21 Wasenius
609 601 40 21 har
663 601 67 21 redan
746 601 120 27 föreslagit,
881 603 33 19 att
922 602 27 20 53
960 602 11 26 $
983 601 67 22 skulle

212 628 93 22 "komma
320 629 7 21 i
343 628 62 28 fråga
427 628 55 22 först
504 628 55 22 efter
581 629 156 27 behandlingen
761 630 23 21 af
806 630 13 27 &
836 631 34 20 55.
900 630 49 21 Men
965 630 27 21 dä
1007 630 44 21 för-

218 656 69 28 slaget
302 656 18 28 ej
337 660 77 24 antogs
429 657 23 22 af
465 657 91 27 ståndet,
572 661 89 24 antager
673 658 44 27 jag,
733 660 33 20 att
782 658 26 22 de
824 658 53 22 sista
892 658 66 22 orden
973 658 5 22 i
986 658 65 22 detta

219 688 95 19 moment
336 686 74 21 kunna
425 686 93 27 gvarstä,
534 686 89 22 emedan
635 686 46 22 helt
695 687 73 21 säkert
785 687 27 21 de
829 688 6 20 i
852 688 26 20 55
894 688 13 25 $
923 688 128 21 omnämnda

219 720 130 21 personerna
364 714 54 22 dock
434 715 86 21 komma
534 717 33 19 att
582 715 87 27 erlägga
685 715 69 27 nägon
770 716 61 21 skatt
847 716 32 21 till
894 716 135 22 kommunen.

288 772 57 21 Herr
359 771 166 28 Lindberg:
548 773 41 26 Jag
613 772 63 22 utber
693 772 44 27 mig
753 772 22 22 fä
791 772 57 22 fästa
863 773 187 27 borgareständets

219 800 189 27 uppmärksamhet
424 801 42 26 vid,
481 802 33 20 att
529 801 36 21 det
580 800 67 23 finnes
662 807 25 15 en
698 801 83 26 ganska
798 801 67 28 vigtig
884 801 165 26 aflärsbranche,

219 828 63 22 hvars
304 828 261 28 kommunalbeskattning
586 829 69 22 hvilar
675 829 28 28 pä
725 836 27 15 en
776 829 64 27 högst
863 830 76 21 osäker
961 829 32 22 fot
1009 830 40 21 och

218 857 60 21 hvari
293 857 109 27 äsigterna
417 859 37 20 äro
470 858 62 25 högst
548 858 64 26 olika,
624 858 37 27 jag
677 865 75 14 menar
767 858 209 22 assuransväsendet.
1007 859 42 21 Det

218 887 25 19 är
257 885 90 22 alldeles
362 886 46 21 icke
424 887 64 23 klart,
504 886 104 22 huruvida
623 887 62 21 dessa
700 887 93 27 lagligen
809 887 61 21 skola
885 887 23 21 af
921 887 128 21 kommunen

219 913 110 23 beskattas
344 914 52 22 eller
411 914 53 22 icke.
495 914 39 22 Om
550 921 49 15 man
615 915 48 21 med
678 915 121 22 hvarandra
813 915 79 27 jemför
908 916 13 21 3
936 915 40 22 och
989 916 25 21 10
1025 916 24 27 S$

218 942 7 21 i
240 942 286 29 kommunalförfattningen,
545 944 58 27 gälla
618 944 27 22 de
659 944 76 22 endast
751 944 40 21 här
807 944 85 21 bosatta
907 944 142 28 utländingar.

218 970 42 22 Det
283 973 24 19 är
329 972 34 21 väl
387 972 19 26 ej
424 972 61 22 fallet
500 972 48 22 med
563 972 63 22 dessa
641 972 172 28 assuransbolag.
845 973 32 21 De
893 975 156 25 representeras

218 1000 98 27 vanligen
332 1000 24 22 af
364 1000 69 22 finska
444 1002 54 24 män,
510 1001 72 27 hvarje
593 1002 64 26 bolag
667 1001 33 22 för
714 1002 39 26 sig.
779 1002 43 21 Det
833 1001 67 22 finnes
910 1001 61 22 äfven
982 1002 67 21 andra

217 1028 177 26 affärsbrancher,
415 1030 38 21 der
468 1031 69 20 större
552 1030 115 22 utländska
682 1030 40 21 hus
737 1032 168 25 representeras,
921 1030 128 27 exempelvis

217 1056 137 28 handelshus,
377 1058 33 21 för
433 1056 72 23 hvilka
528 1059 69 26 nägon
612 1058 265 28 kommunalbeskattning
891 1058 47 22 icke
953 1058 96 22 kommer

217 1085 8 21 i
241 1085 66 29 fråga.
337 1087 98 27 Agenten
458 1086 109 23 beskattas
589 1088 33 21 för
644 1088 41 21 den
707 1088 97 21 inkomst
827 1088 42 21 han
887 1093 76 22 genom
979 1088 70 21 denna

217 1113 54 22 affär
292 1114 113 23 förskaffar
420 1116 39 26 sig,
478 1122 47 15 men
540 1116 19 27 ej
575 1116 37 22 det
627 1116 114 22 utländska
757 1116 65 22 huset
836 1116 33 22 för
884 1116 56 22 hvad
955 1116 36 22 det
1006 1116 42 22 för-

217 1143 76 26 tjenar.
323 1144 51 21 Man
390 1144 79 27 tycker,
480 1146 31 20 att
522 1144 115 22 utländska
647 1145 168 27 assuransbolag
826 1145 66 21 borde
902 1145 33 21 stä
949 1145 8 21 i
967 1150 82 16 samma

217 1172 102 27 ställning
341 1172 32 22 till
396 1172 293 28 kommunalbeskattningen,
710 1175 32 20 att
758 1174 109 28 nämligen
883 1174 62 20 deras
960 1176 89 24 agenter

217 1200 112 23 beskattas
351 1201 34 21 för
407 1202 40 20 den
470 1202 92 21 inkomst
585 1203 26 20 de
633 1202 65 27 draga
720 1202 24 21 af
765 1202 88 26 affären,
876 1202 81 26 men.ej
972 1202 76 27 sjelfva

217 1227 92 29 bolaget.
340 1229 98 28 Afsigten
453 1230 49 21 med
517 1231 48 21 mitt
580 1231 149 27 uppträdande
745 1237 29 15 nu
790 1233 25 19 är
831 1231 54 22 dock
896 1229 46 22 icke
953 1233 32 18 att
995 1231 53 22 söka

217 1258 97 26 speciellt
330 1258 138 27 undandraga
484 1259 62 21 dessa
561 1259 62 27 bolag
639 1259 46 22 frän
696 1259 146 28 beskattning.
865 1259 49 22 Men
925 1259 54 21 skall
990 1260 58 21 skatt

216 1286 6 21 i
239 1286 60 22 detta
319 1287 99 22 afseende
437 1287 106 28 'erläggas,
566 1288 24 21 sä
611 1288 65 21 borde
700 1289 36 20 det
751 1288 131 22 åtminstone
898 1287 79 22 uttalas
992 1288 54 21 huru

217 1314 40 22 och
273 1316 54 21 efter
341 1315 86 22 hvilken
443 1317 69 26 grund
527 1317 77 21 sädant
619 1317 56 22 skall
690 1317 44 21 ske.
765 1317 33 27 Ty
814 1317 74 26 riktigt
903 1318 24 19 är
942 1316 36 22 det
988 1317 59 28 inga-

216 1343 67 22 lunda
305 1345 70 21 säsom
398 1345 36 20 det
452 1351 29 15 nu
496 1345 78 26 tillgär.
605 1345 23 22 T.
644 1352 32 15 ex.
693 1345 27 28 pä
736 1352 27 15 en
778 1348 42 23 ort,
836 1347 38 20 der
889 1348 31 19 ett
936 1351 111 16 assurans-

216 1371 65 29 bolag
304 1373 39 21 har
365 1373 32 21 sin
420 1373 182 27 generalagentur,
626 1374 33 21 fär
677 1374 88 27 bolaget
781 1374 73 22 derför
869 1374 67 26 enligt
951 1373 25 22 de
992 1377 55 18 mest

216 1401 138 27 sangviniska
376 1402 142 27 beräkningar
541 1403 32 26 sig
597 1403 73 26 älagdt
685 1403 7 20 i
707 1403 114 21 skattören
836 1403 40 21 allt
890 1402 55 22 hvad
961 1402 86 27 bolaget

216 1429 39 21 bär
278 1436 42 21 upp
336 1431 7 20 i
359 1431 98 26 premier.
488 1431 49 22 Men
560 1431 47 22 icke
629 1438 42 21 nog
694 1431 96 22 härmed.
822 1432 30 21 På
872 1434 58 19 orter
945 1431 6 20 i
967 1431 78 26 landet,

215 1459 40 19 der
276 1459 86 26 bolaget
384 1465 51 20 eger
457 1460 134 27 subagenter,
609 1460 108 22 beskattas
733 1461 49 20 icke
797 1461 77 21 endast
889 1462 90 24 agenten
994 1463 52 17 utan

215 1486 63 22 äfven
294 1487 86 27 bolaget
395 1488 34 21 för
444 1488 55 22 hvad
514 1488 36 22 det
565 1488 108 27 uppburit,
689 1488 85 22 oafsedt
791 1495 35 15 om
841 1489 28 27 på
882 1491 59 19 orten
953 1486 6 22 i
971 1488 74 21 brand-

215 1515 68 22 skada
306 1515 123 28 utbetalats,
453 1523 45 15 mer
520 1518 26 20 än
568 1517 94 22 dubbelt.
691 1517 41 27 Jag
754 1517 71 22 skulle
850 1517 73 22 derför
937 1516 108 22 vördsamt
