1125 1811
292 134 181 21 Borgareståndet
486 134 57 18 1882.
568 134 9 16 1
588 134 51 21 juni.
838 128 54 21 1727

60 202 180 27 Borgareståndet
255 204 63 20 väckt
333 202 185 28 petitionsförslag
534 202 108 27 angående
657 202 150 28 upphäfvande
824 202 22 21 af
857 202 35 27 18

60 233 13 20 6
89 232 48 26 kap.
160 232 26 21 H.
202 231 23 21 B.
248 234 56 19 samt
327 232 90 27 ändring
440 232 22 20 af
484 231 98 27 gällande
605 231 121 27 näringslag
749 230 87 26 derhän,
860 232 32 20 att

60 260 174 26 gärdfarihandel
249 260 70 22 blefve
334 260 68 21 under
418 260 58 22 vissa
492 260 69 22 vilkor
577 260 90 21 tillåten.

129 329 56 21 Herr
227 328 165 26 Chydenius:
414 329 43 25 Jag
480 328 82 21 tillåter
577 327 43 27 mig
635 327 94 24 förorda,
745 329 34 19 att
795 333 96 16 reserva-

59 357 73 21 tionen
149 357 66 21 måtte
231 357 21 20 af
266 357 85 21 ståndet
367 359 96 24 antagas.
495 357 43 20 Det
553 358 24 19 är
593 356 75 22 endast
683 363 26 14 en
725 356 167 27 komplettering

60 385 22 21 af
103 386 93 25 närings-
213 385 39 22 och
268 385 190 26 handelsfriheten,
475 388 32 18 att
523 391 48 15 man
587 385 80 21 tillåter
683 385 91 26 säljaren
791 387 33 19 att
839 385 53 21 söka

60 420 42 20 upp
117 414 102 26 köparen,
239 414 90 21 likasom
345 421 49 14 man
410 414 82 21 tillåter
508 415 94 26 köparen
618 415 32 20 att
666 414 52 21 söka
733 420 43 20 upp
792 413 99 27 säljaren.

59 442 41 27 Jag
123 445 45 18 tror
190 443 43 26 mig
251 443 18 27 ej
285 443 6 20 i
308 443 133 21 närvarande
457 443 114 26 ögonblick
587 442 91 22 behöfva
693 444 52 25 göra
760 442 71 28 någon
847 442 45 21 vid-

60 471 60 26 lyftig
136 471 125 27 motivering
277 472 6 21 i
299 472 72 21 saken.

129 540 55 21 Herr
200 541 126 20 Ervast:
349 541 42 20 Det
407 540 53 26 skäl,
477 541 28 26 på
521 541 67 27 grund
605 540 22 21 af
641 539 81 22 hvilket
737 541 155 20 sammansatta

61 569 41 26 lag-
128 569 38 21 och
189 569 205 21 ekonomiutskottet
418 572 78 23 ansett,
513 571 32 20 att
560 569 117 27 petitionen
693 575 34 14 om
743 568 148 27 gärdfarihan-

60 597 60 21 delns
143 597 134 27 legalisering
302 597 65 21 borde
392 598 82 20 lemnas
496 600 51 19 utan
571 597 106 26 afseende,
700 603 62 21 synes
785 597 42 27 mig
845 597 47 20 icke

60 626 98 21 hällbart.
189 626 110 21 Utskottet
314 628 69 25 säger,
399 628 32 19 att
447 632 83 16 samma
545 626 59 26 fräga
619 626 56 21 varit
685 625 89 22 föremäl
786 625 32 21 för
829 625 62 22 Stän-

60 654 76 22 dernas
158 655 185 27 öfverläggningar
358 655 66 21 redan
441 655 35 21 vid
492 657 85 19 senaste
592 654 109 28 landtdag,
718 661 48 14 men
782 656 32 20 att
830 654 61 21 Stän-

61 683 65 21 derna
148 684 28 20 dä
198 684 46 20 icke
267 684 113 26 godkände
404 684 36 20 det
458 684 88 26 förslag,
562 690 45 14 som
623 686 153 18 sammansatta
792 683 44 26 lag-
852 682 39 22 och

60 712 205 21 ekonomiutskottet
288 712 34 21 vid
346 712 40 21 den
410 712 130 28 landtdagen
564 712 81 28 gjorde,
668 714 33 19 att
723 712 101 21 förbudet
847 714 45 18 mot

60 740 188 27 gärdfarihandeln
267 741 68 21 skulle
351 740 126 28 upphäfvas.
508 742 43 21 Det
566 743 24 19 är
605 741 159 25 hufvudskälet,
780 740 27 27 pä
822 740 69 27 grund

60 768 76 22 hvaraf
149 772 153 18 sammansatta
317 769 45 26 lag-
378 769 39 21 och
434 770 209 21 ekonomiutskottet
658 770 35 20 vid
709 770 69 20 denna
789 769 103 25 landtdag

60 797 105 22 förkastat
180 798 123 26 petitionen.
333 798 40 27 Jag
390 804 69 20 anser,
476 801 33 18 att
525 799 60 21 detta
599 798 47 21 skäl
662 798 18 27 ej
697 798 42 21 kan
750 798 141 21 tillerkännas

60 827 69 26 nägon
146 827 106 26 synnerlig
267 827 115 26 betydelse.
415 827 43 21 Det
474 829 24 19 är
513 827 107 26 nämligen
636 827 65 24 fallet,
717 829 32 19 att
760 826 36 21 vid
807 828 84 19 senaste

60 855 102 26 landtdag
183 855 62 26 ingen
268 855 134 27 proposition
420 855 84 28 föreläg
519 856 40 21 och
574 858 32 19 att
622 855 59 21 detta
697 855 61 22 torde
773 855 56 21 varit
844 854 47 21 huf-

61 884 133 21 vudorsaken
210 884 85 21 hvarför
311 884 120 21 Ständerna
448 885 28 20 dä
492 885 18 26 ej
527 885 49 20 ville
591 886 78 24 antaga
683 886 154 19 sammansatta
847 883 43 27 lag-

61 912 38 21 och
123 912 216 22 ekonomiutskottets
362 912 86 27 förslag.
485 913 10 21 I
518 913 81 27 princip
623 913 61 21 torde
707 912 120 22 Ständerna
850 918 42 20 nog

61 940 63 22 hafva
138 941 97 27 godkänt
249 941 201 26 gärdfarihandelns
468 941 155 27 berättigande,
639 948 48 14 men
703 942 78 25 ansägo
798 941 32 26 sig
844 940 47 22 icke

60 970 77 26 kunna,
160 970 70 20 säsom
246 970 62 21 äfven
323 970 6 21 i
345 970 161 22 reservationen
522 970 96 27 antydes,
633 970 82 21 riskera
730 970 49 21 hela
794 970 41 20 den
850 975 42 21 nya

60 998 161 27 näringslagens
237 998 177 22 sanktionerande
430 1005 79 20 genom
526 1000 39 20 den
581 999 92 21 nämnda
684 998 161 27 bestämningen
857 1004 33 14 om

60 1026 150 27 upphäfvande
225 1027 24 21 af
262 1027 100 21 förbudet
378 1030 44 18 mot
438 1028 182 26 gärdfarihandel.
636 1040 28 2 —
680 1028 42 20 Det
737 1027 68 21 andra
816 1026 75 27 skälet,

61 1061 44 15 som
128 1058 88 19 nämnes
239 1056 23 21 af
283 1056 111 26 utskottet,
414 1056 79 22 hänför
508 1057 33 26 sig
556 1056 33 21 till
605 1056 25 21 de
645 1056 94 22 sanitära
755 1056 72 24 vädor,
846 1061 44 15 som

60 1084 72 21 städse
147 1084 55 21 visat
217 1084 32 27 sig
264 1084 51 27 följa
330 1085 190 26 gärdfarihandeln
537 1085 6 21 i
556 1086 81 26 spären.
667 1085 68 21 Dessa
745 1084 67 22 vädor
822 1084 70 20 skulle

61 1112 64 27 enligt
148 1113 43 21 min
214 1114 55 26 äsigt
291 1115 93 19 tvärtom
408 1114 86 26 mycket
513 1113 134 22 förminskas.
677 1113 30 27 Ty
722 1114 7 20 i
745 1113 146 27 petitionsme-

60 1142 98 21 morialet
181 1142 122 21 framhälles
325 1142 153 28 uttryckligen,
501 1144 33 20 att
557 1142 43 22 ifall
619 1142 187 26 gärdfarihandeln
822 1141 68 21 skulle

59 1170 130 26 legaliseras,
213 1170 68 22 skulle
303 1171 47 21 dess
373 1171 142 21 bedrifvande
538 1172 108 20 ombetros
669 1172 75 20 endast
760 1169 131 27 välfrejdade

59 1198 39 21 och
122 1199 60 26 eljest
205 1199 119 26 oförvitliga
345 1206 109 19 personer.
488 1200 72 27 Lagen
583 1200 70 21 kunde
674 1200 23 26 ju
719 1200 103 26 stipulera
837 1198 54 21 huru

59 1229 87 24 stränga
168 1227 69 21 vilkor
259 1234 44 15 som
326 1228 56 21 helst
404 1229 66 20 innan
487 1228 97 21 tillständ
607 1228 31 21 till
654 1227 186 28 gärdfarihandels
856 1227 35 20 be-

59 1255 108 22 drifvande
190 1256 129 21 utfärdades.
350 1257 42 26 Jag
415 1257 43 20 kan
480 1257 18 26 ej
522 1260 65 18 annat
604 1256 64 26 finna,
685 1259 26 18 än
727 1258 33 20 att
775 1263 26 14 en
817 1255 75 28 legali-

58 1285 70 26 sering
152 1284 22 21 af
191 1285 186 26 gärdfarihandeln
395 1285 70 22 skulle
482 1286 64 21 lända
561 1285 72 22 landet
648 1286 6 20 i
670 1285 42 21 alla
728 1285 115 21 afseenden
859 1284 32 21 till

58 1312 74 22 fördel.
164 1313 49 21 Man
238 1316 34 19 vet
293 1313 30 27 ju,
347 1316 33 19 att
402 1314 65 21 äfven
492 1314 33 22 för
541 1315 131 20 närvarande
688 1321 25 14 en
729 1314 81 27 ganska
826 1312 65 22 talrik

58 1341 77 27 mängd
158 1342 64 27 ryska
244 1343 97 20 karelare
364 1343 67 21 vistas
447 1343 7 21 i
471 1343 80 26 landet,
576 1343 39 20 och
637 1343 26 20 de
687 1345 50 24 göra
758 1343 36 20 det
810 1342 6 20 i
832 1347 60 20 smyg

57 1373 51 18 utan
124 1369 102 27 tillständ,
242 1371 39 21 och
297 1371 27 22 dä
339 1373 24 19 är
379 1371 139 28 naturligtvis
534 1372 59 21 faran
610 1372 83 26 mycket
706 1371 83 22 störrei
800 1370 92 22 sanitärt

56 1398 127 26 hänseende,
200 1401 27 19 än
243 1406 33 15 om
293 1400 61 27 lagen
369 1400 121 27 uppställer
506 1401 56 20 vissa
576 1400 56 21 huru
647 1402 88 25 stränga
751 1399 69 22 vilkor
846 1404 45 15 som

56 1427 61 26 helst,
140 1428 65 21 innan
227 1429 80 21 sådana
329 1435 103 20 personer
456 1429 70 21 skulle
548 1429 39 21 här
610 1429 21 21 få
653 1429 114 27 uppehålla
782 1428 39 27 sig.
847 1439 16 4 —
882 1427 10 21 I

57 1456 42 22 alla
122 1456 38 21 fall
184 1463 62 20 synes
267 1457 41 26 mig
324 1459 31 19 ett
371 1457 68 27 afslag
454 1458 30 26 pä
500 1458 60 21 detta
575 1457 181 27 petitionsförslag
771 1463 52 14 vara
839 1459 53 19 tem-

56 1484 56 27 ligen
129 1485 130 22 förvänande
273 1485 47 21 frän
336 1486 119 21 utskottets
472 1486 54 25 sida,
543 1486 26 21 dä
585 1486 36 21 det
633 1486 24 27 ju
674 1486 45 21 icke
735 1485 67 27 gäller
818 1489 74 20 annat,

56 1515 27 19 än
106 1515 32 19 att
157 1513 32 22 till
205 1515 62 20 nästa
283 1513 91 22 Ständer
390 1514 70 22 skulle
477 1515 130 21 framställas
622 1514 134 28 proposition
772 1514 7 21 i
796 1513 94 22 ärendet.
