1125 1811
235 117 54 21 1770
464 121 181 22 Borgareståndet
657 122 58 18 1882.
740 122 13 17 2
763 122 53 20 juni.

231 191 103 27 vidgning
357 191 149 21 åstadkomma
528 193 31 19 ett
582 191 132 21 Ständerhus
736 191 34 21 för
793 190 43 22 alla
857 190 45 28 fyra
918 190 97 27 stånden,
1032 190 31 20 får

233 220 109 22 utskottet
366 220 39 21 hos
420 219 157 27 Ridderskapet
593 220 40 21 och
648 220 68 21 Adeln
727 220 111 20 vördsamt
848 219 113 22 hemställa

510 284 34 13 om
565 276 38 21 och
623 276 32 28 på
670 276 75 22 hvilka
761 276 73 22 vilkor
848 276 161 26 Ridderskapet
1025 275 38 22 och

442 305 102 26 Adeln,
536 301 14 35 i
565 305 102 21 händelse
691 305 127 21 Ständerna
842 305 51 20 eller
916 305 148 26 delegationen

443 333 76 21 beslöte
534 334 33 27 sig
581 333 39 26 för
636 333 168 22 Ständerhusets
827 333 192 21 åstadkommande
1031 333 33 27 på

442 368 52 21 nyss
509 362 78 28 antydt
609 364 49 23 sätt,
683 369 48 14 vore
747 362 64 27 villig
827 364 32 19 att
876 363 34 20 till
928 361 135 22 Ständernas

442 390 131 27 disposition
588 391 67 21 ställa
670 391 156 21 Riddarhuset.

303 447 10 21 I
337 447 59 21 detta
419 448 90 21 ärendes
533 447 129 27 behandling
684 448 64 21 hafva
772 448 101 26 deltagit:
896 448 75 21 herrar
993 447 22 22 C.
1039 448 24 21 G.

233 476 122 25 Estlander,
378 476 136 26 ordförande,
537 477 26 20 K.
579 477 24 20 F.
619 477 19 21 J.
655 477 125 24 Schauman,
802 476 20 22 S.
840 476 136 28 Segersträle,
993 477 22 20 F.
1031 477 32 20 W.

232 505 149 26 Fredriksson,
396 505 25 21 A.
435 505 33 22 W.
485 505 61 27 Lyra,
561 505 24 22 L.
601 505 132 27 Borgström,
744 505 24 22 F.
780 505 103 25 Neovius,
894 505 24 22 V.
932 505 91 28 Öhberg,
1040 505 23 21 B.

233 533 26 22 E.
276 533 129 25 Hollmerus,
421 533 26 21 N.
464 533 120 22 Colliander
600 534 39 21 och
654 534 17 21 I.
687 535 25 22 E.
728 534 131 27 Rosenberg.

304 561 134 27 Helsingfors
454 563 40 21 den
510 563 50 21 Juni
577 563 61 21 1882.

302 618 150 22 Betänkandet
468 619 111 22 bordlades
595 619 44 21 tills
658 620 3 20 i
677 626 95 20 morgon.

302 710 119 22 Bordlades
436 713 33 19 att
484 711 6 21 i
506 711 134 27 vederbörlig
656 711 90 27 ordning
762 711 135 27 föredragas:

305 770 38 19 1:0.
375 768 164 27 Lagutskottets
562 768 80 27 förslag
658 768 32 21 till
706 768 206 27 sammanjemkning
927 768 22 21 af
963 768 26 21 de
1005 768 60 26 skilj-

234 797 73 27 aktiga
329 796 77 25 beslut,
430 797 6 20 i
452 796 71 21 hvilka
538 797 90 21 ständen
644 799 87 19 stannat
746 797 36 21 vid
799 797 155 26 behandlingen
970 796 21 21 af
1005 797 60 20 Hans

234 825 119 27 Kejserliga
376 825 111 27 Majestäts
503 825 77 27 nädiga
596 826 132 27 proposition
745 832 35 15 om
797 825 120 28 antagande
932 825 23 21 af
969 824 96 28 strafflag

233 855 35 20 för
283 854 68 22 finska
366 854 112 21 militären.

303 911 41 21 2:0.
372 910 178 22 Bankutskottets
566 911 80 27 förslag
661 911 33 21 till
710 911 205 27 sammanjemkning
931 911 22 21 af
962 910 26 22 de
999 910 65 22 delvis

233 939 122 27 skiljaktiga
378 939 76 26 beslut,
476 940 59 20 hvari
558 940 89 21 ständen
663 942 86 19 stannat
764 940 37 20 vid
817 939 156 27 behandlingen
995 939 22 21 af
1031 942 33 18 ut-

233 968 92 22 skottets
349 968 134 21 betänkande
506 968 40 21 N:o
569 970 19 25 4,
611 968 110 27 angäende
744 968 84 27 förslag
844 968 32 21 till
892 968 171 27 förändringar
1051 964 15 36 i

234 997 197 27 bankreglementet
447 996 39 22 och
502 997 32 21 till
549 1003 26 21 ny
591 997 130 21 instruktion
737 997 32 21 för
785 996 202 28 Bankfullmäktige.

303 1056 41 20 3:0.
375 1054 222 22 Ekonomiutskottets
620 1054 135 22 betänkande
779 1054 41 21 N:o
845 1055 26 20 12
892 1054 7 20 i
914 1054 114 26 anledning
1043 1054 22 20 af

234 1085 31 19 ett
286 1083 6 21 i
313 1082 183 27 Borgareständet
515 1082 120 22 framstäldt
650 1083 184 27 petitionsförslag
850 1089 34 15 om
900 1082 127 28 vidtagande
1043 1082 23 22 af

233 1111 101 27 åtgärder
357 1112 5 20 i
385 1111 77 21 sådant
484 1112 61 26 syfte,
568 1114 33 18 att
624 1112 25 21 de
672 1112 82 25 hinder,
779 1117 47 15 som
842 1110 78 22 hittills
936 1111 59 21 ställt
1011 1111 53 27 sig
1052 1106 16 37 i

233 1142 67 25 vägen
324 1140 32 21 för
379 1140 170 27 förverkligande
572 1140 22 22 af
616 1141 36 21 det
675 1141 5 20 i
696 1140 150 27 Kungörelsen
863 1140 40 21 den
920 1140 25 21 15
961 1139 103 22 Februari

236 1170 54 20 1864
313 1168 97 28 inrymda
433 1169 117 27 stadgande
568 1176 34 14 om
619 1169 128 27 upplätande
763 1170 23 21 ät
803 1168 103 22 Finlands
921 1168 142 28 innebyggare

233 1197 23 21 af
278 1199 31 19 ett
332 1198 86 20 omräde
442 1198 34 20 vid
498 1198 64 26 ryska
576 1198 147 21 Ishafskusten
746 1200 60 19 öster
822 1203 35 15 om
869 1197 81 22 Jakobs
966 1197 34 26 elf,
1016 1197 48 21 med

234 1226 37 21 det
287 1228 95 19 snaraste
398 1226 68 21 varda
481 1226 165 27 undanrödjade.

302 1283 42 21 4:0.
375 1282 158 22 Sammansatta
552 1283 56 26 Lag-
631 1283 38 22 och
687 1283 227 21 Ekonomiutskottets
929 1283 135 21 betänkande

233 1311 41 22 N:o
299 1312 26 21 14
346 1311 7 21 i
368 1311 114 27 anledning
498 1311 22 22 af
534 1311 103 22 särskilda
653 1311 31 22 till
700 1311 162 22 Bondeständet
878 1311 118 22 inlemnade
1010 1312 55 27 peti-

233 1340 77 26 tioner,
327 1340 132 21 beträffande
476 1340 92 27 eftergift
583 1340 33 21 för
631 1341 55 21 vissa
702 1341 123 21 landsorter
841 1340 31 21 uti
882 1340 73 27 lagens
965 1341 98 26 stadgan-

233 1369 40 20 den
290 1369 108 27 angäende
414 1369 133 26 svedjebruk;
563 1369 40 21 och

303 1427 40 20 5:0.
374 1425 222 22 Ekonomiutskottets
620 1426 134 21 betänkande
780 1425 43 22 N:o
849 1427 25 20 14
893 1426 7 21 i
916 1426 112 26 anledning
1043 1425 24 22 af

233 1456 32 19 ett
289 1455 6 20 i
311 1455 156 25 Ridderskapet
483 1455 38 20 och
538 1455 67 20 Adeln
621 1454 120 22 framstäldt
756 1454 184 28 petitionsförslag
955 1454 110 27 angäende

233 1482 110 22 ordnande
359 1482 25 22 af
397 1483 84 21 arbetet
496 1484 6 20 i
518 1482 83 22 landets
617 1482 112 28 fängelser.
