1125 1811
190 121 54 34 1438
427 130 179 22 Borgareståndet
619 131 56 17 1882.
700 132 26 16 23
738 131 50 21 maj.

257 200 13 26 8
287 200 19 21 9.

259 257 58 21 Herr
340 256 151 27 Procop6:
514 256 11 22 I
552 256 69 22 denna
645 256 103 27 paragraf
773 258 39 20 äro
835 257 138 27 uppräknade
996 257 28 21 de

189 285 69 25 straff,
275 291 44 16 som
336 284 54 22 böra
405 285 107 27 tillämpas
527 285 35 21 vid
577 284 59 22 brott
651 287 45 19 mot
711 285 70 27 lagen,
798 285 40 21 och
854 286 62 21 dessa
925 288 37 19 äro
970 292 53 21 upp-

189 313 98 22 räknade
301 314 7 21 i
325 313 39 22 den
382 313 59 28 följä,
457 319 45 16 som
517 320 48 15 man
581 316 71 19 ansett
668 313 48 22 dem
732 313 55 22 böra
803 313 63 22 hafva
881 314 7 21 i
904 313 118 23 afseendeä

190 342 147 27 strängheten,
359 343 25 20 sä
399 342 106 27 nämligen
521 344 31 19 att
567 341 138 23 dödsstraffet
721 342 55 21 först
792 344 25 20 är
833 342 135 27 uppräknadt
983 343 40 21 och

189 370 192 28 ordningsstraffen
398 371 45 22 sist.
474 371 33 21 Dä
522 370 67 22 skulle
605 377 49 15 man
669 371 63 21 äfven
749 371 66 21 hafva
830 373 76 19 väntat
920 373 33 19 att
960 371 28 27 pä
995 370 29 23 de

189 399 59 22 olika
268 399 84 27 ställen,
368 399 38 22 der
422 400 61 21 dessa
498 399 224 22 straffbestämmelser
737 401 38 20 äro
792 399 92 27 införda,
899 399 54 22 hade
969 399 54 22 iakt-

189 429 66 25 tagits
270 434 83 15 samma
368 427 160 28 ordningsföljd.
559 427 125 22 Emellertid
701 428 137 22 förekomma
852 429 25 21 de
890 428 133 27 omkastade,

188 459 79 19 nästan
291 456 28 27 på
342 457 74 26 hvarje
439 457 62 21 ställe
524 457 62 21 olika.
616 457 41 26 Jag
673 457 36 20 vill
727 457 73 21 derför
816 458 76 21 endast
906 457 65 22 hafva
985 463 39 15 an-

188 485 79 26 märkt,
282 488 33 18 att
328 485 37 27 jag
381 491 70 20 anser,
467 488 32 19 att
515 485 105 22 utskottet
635 485 50 22 bort
701 485 51 27 följa
769 485 41 22 den
826 485 89 28 princip,
926 491 45 16 som
982 485 42 22 här

189 516 24 19 är
229 514 92 21 uttalad.
351 515 42 26 Jag
408 514 39 21 har
462 514 50 21 hört
526 513 24 22 af
563 513 139 22 medlemmar
717 514 6 21 i
740 513 116 28 utskottet,
872 518 32 17 att
919 515 26 20 de
960 514 62 21 äfven

189 542 48 22 haft
259 549 82 17 samma
356 543 62 26 åsigt,
435 549 48 15 men
499 545 32 19 att
546 543 26 20 de
588 545 77 24 ansett,
682 543 37 21 det
734 549 26 15 en
776 543 159 27 omredigering
949 543 25 21 af
987 543 35 21 be-

189 571 119 22 tänkandet
331 571 69 21 skulle
421 571 63 22 hafva
499 572 53 25 tagit
567 571 24 21 så
606 571 90 28 mycken
713 571 30 21 tid
760 571 6 21 i
782 571 101 28 anspråk,
899 574 32 19 att
945 571 77 22 sådant

189 600 36 21 vid
247 601 71 20 denna
340 600 104 26 landtdag
465 600 18 27 ej
507 600 81 20 kunnat
609 601 70 25 göras,
703 599 40 22 och
767 599 37 22 vill
818 601 38 26 jag
871 600 18 26 ej
904 600 74 26 heller,
994 600 28 20 då

189 628 254 22 straffbestämmelserna
458 628 113 22 framdeles
586 628 139 24 förekomma,
741 631 59 24 yttra
808 628 45 27 mig
860 629 73 21 vidare
941 628 81 26 derom,

189 659 52 19 utan
257 657 38 21 vill
311 663 28 15 nu
355 656 57 22 blott
426 656 62 22 hafva
504 657 42 21 min
562 657 142 27 anmärkning
719 657 33 21 till
768 657 139 27 protokollet.

257 714 133 27 Paragrafen
398 714 132 27 -godkändes
545 714 51 21 derå
612 714 138 22 oförändrad.

257 800 12 27 S
288 801 31 20 10.

260 857 57 21 Herr
339 857 131 22 Berner:
494 857 10 21 I
526 857 126 28 paragrafen
667 857 75 21 heter:
768 873 11 12 ,
782 856 123 29 Dödsstraff
919 857 32 21 för
966 856 56 22 mili-

189 887 48 20 tära
263 885 59 22 brott
337 887 34 20 mä
387 886 75 21 endast
478 886 6 21 i
500 886 89 26 krigstid
606 885 128 27 tillämpas.*
766 885 45 26 Mig
828 891 69 21 synes,
912 888 33 18 att
959 885 61 22 ordet

188 914 137 27 ntillämpas*
341 914 67 21 borde
424 914 86 28 utbytas
526 916 44 19 mot
586 914 117 28 ,ädömas.*
732 914 30 26 Ty
776 913 38 27 jag
829 914 42 21 kan
887 913 105 27 nämligen
1001 913 19 26 ej

187 942 59 22 finna
261 942 56 22 huru
332 942 92 22 förfaras
438 942 62 26 skall,
516 943 70 21 derest
601 945 32 19 ett
649 942 115 22 dödsstraff
778 944 25 19 är
818 948 76 21 genom
906 942 47 27 laga
963 942 58 22 kraft

188 974 81 18 vunnet
291 972 72 26 utslag
382 971 95 27 ädömdt,
493 978 46 14 men
555 971 45 22 fred
617 970 118 23 emellertid
752 970 77 22 hinner
845 971 94 26 afslutas,
955 971 65 21 innan

188 1000 83 21 straffet
287 1000 70 21 blifvit
373 1000 134 27 exeqveradt.

257 1057 50 21 Med
331 1057 156 27 öfvervägande
509 1057 109 27 pluralitet
641 1057 45 21 blef
699 1056 131 28 paragrafen
846 1056 99 28 godkänd
961 1056 59 22 oför-

186 1086 88 21 ändrad.

255 1144 13 27 $&
288 1145 20 19 11
327 1143 131 27 godkändes.

254 1230 12 27 g
284 1231 31 20 12.

256 1287 57 21 Herr
334 1287 130 27 Nystén:
488 1287 41 27 Jag
544 1286 80 22 tillåter
640 1286 43 27 mig
698 1286 56 21 fästa
762 1286 195 26 Borgareståndets
964 1292 55 21 upp-

184 1315 148 22 märksamhet
348 1316 35 21 vid
400 1315 40 22 den
456 1315 130 22 reservation
600 1315 37 27 jag
653 1315 55 26 tagit
723 1315 42 26 mig
782 1315 93 21 friheten
886 1314 77 28 afgifva
973 1317 45 18 mot

184 1344 130 26 stadgandet
337 1344 6 21 i
367 1345 68 20 andra
457 1346 116 19 momentet
596 1343 22 22 af
639 1343 70 22 denna
732 1343 110 27 paragraf.
873 1344 43 21 Der
931 1343 86 26 stadgas

184 1372 116 27 nämligen,
324 1375 32 19 att
379 1379 34 15 om
430 1373 68 26 någon
515 1373 23 20 af
551 1373 126 26 manskapet
693 1371 61 22 fälles
769 1372 33 21 till
819 1371 151 22 tukthusstrafi
984 1371 35 22 för

184 1401 78 26 nesligt
287 1401 59 22 brott
362 1401 55 22 skall
433 1401 49 26 han,
498 1402 91 21 förutom
606 1401 41 21 den
663 1401 108 27 egentliga
786 1400 176 28 straffpäföljden,
978 1406 38 15 un-

184 1430 39 21 der
245 1430 32 21 sin
294 1430 136 21 äterstäende
446 1430 72 21 aktiva
534 1430 116 27 tjenstetid,
668 1429 54 22 dock
738 1429 19 27 ej
774 1429 60 22 öfver
850 1430 36 21 tvä
902 1429 30 26 är,
948 1429 69 21 hällas

183 1458 33 21 till
237 1459 91 21 allmänt
343 1459 81 21 arbete.
455 1459 10 21 I
480 1459 159 26 propositionen
656 1458 67 21 finnes
739 1459 110 20 dessutom
866 1458 36 21 det
917 1458 101 26 stadgan-

183 1487 34 26 de,
241 1489 33 19 att
297 1487 42 21 han
356 1486 69 22 skulle
440 1487 112 21 försändas
567 1486 32 22 till
615 1486 80 22 allmän
711 1486 258 27 korrektionsinrättning
983 1485 35 21 för

182 1517 32 20 att
240 1516 39 21 der
294 1516 69 21 under
378 1515 33 22 sin
428 1516 135 21 äterstäende
578 1515 73 22 aktiva
667 1515 117 27 tjenstetid,
801 1515 55 21 dock
872 1515 18 26 ej
908 1514 56 21 öfver
980 1515 38 20 tvä
