1125 1811
217 136 56 20 1714
458 140 182 22 Borgareståndet
653 142 60 17 1882.
738 142 10 17 1
758 142 54 20 juni.

216 208 103 28 landtdag
334 209 114 21 föreskrefs
464 211 32 19 ett
510 210 89 27 ungefär
614 210 45 22 lika
674 210 91 28 lydande
780 209 77 27 vilkor,
873 216 48 14 men
936 209 69 22 såvidt
1013 210 37 27 jag

216 237 46 22 från
277 238 137 26 föreningens
429 237 152 23 årsberättelse
597 238 82 22 kunnat
695 239 102 26 inhemta,
814 238 40 22 har
869 238 122 27 föreningen
1002 239 47 21 icke

215 266 91 27 tillgjort
328 267 66 26 något
419 266 33 22 för
474 268 32 20 att
528 267 97 27 aflägsna
647 268 26 20 de
696 267 152 26 felaktigheter
864 267 5 21 i
886 266 162 28 förvaltningen,

217 301 44 14 som
285 295 139 21 derförinnan
447 298 36 24 egt
506 302 52 15 rum.
589 296 245 27 Hufvudfelaktigheten
859 296 67 25 ligger
950 295 50 25 deri,
1015 298 34 19 att

215 329 49 15 man
288 323 65 21 redan
378 323 47 22 från
448 324 74 27 början
538 324 101 27 uppburit
655 325 33 20 för
704 324 49 27 låga
768 323 217 28 förvaltningsbidrag
1001 324 46 25 och,

215 352 7 20 i
245 351 72 22 stället
339 351 33 22 för
395 355 32 19 att
449 355 99 19 uttaxera
570 353 26 22 de
620 353 108 27 behöfliga
759 353 244 26 förvaltningsbidragen
1026 353 24 21 af

215 379 132 29 låntagaren,
380 381 94 21 användt
511 381 23 22 af
562 382 119 27 inflytande
704 381 138 22 straffräntor
864 381 32 21 till
919 381 92 28 fyllande
1026 381 24 21 af

215 409 88 22 bristen.
335 409 73 22 Skulle
432 410 17 27 ej
472 410 24 21 så
518 410 65 21 hafva
606 411 64 24 skett,
696 411 56 20 hade
776 410 50 21 hela
842 410 99 27 beloppet
956 410 92 21 influtna

215 438 135 21 straffräntor
376 439 82 20 kunnat
481 439 108 22 användas
611 439 33 21 till
661 439 121 26 minskning
797 439 24 20 af
836 439 26 20 de
877 438 108 26 förluster,
1001 445 45 16 som

214 467 97 26 uppstått
327 467 33 21 till
375 467 53 27 följd
444 467 21 21 af
479 467 128 27 utläningar,
624 468 39 21 och
679 468 62 21 dessa
757 467 101 21 förluster
874 467 88 21 sålunda
975 467 73 28 hvarje

215 495 23 21 år
261 495 55 21 varit
332 496 66 26 något
413 496 89 27 mindre,
518 498 27 19 än
562 497 25 20 de
603 503 28 14 nu
647 498 44 20 äro.
722 497 56 20 Från
795 496 134 26 föreningens
944 496 102 21 berättel-

214 529 40 20 ser,
279 530 45 15 som
349 525 55 20 varit
426 525 44 26 mig
493 525 132 27 tillgängliga
641 525 34 21 för
690 531 36 15 sex
742 525 30 25 år,
790 525 40 20 har
843 524 37 27 jag
895 525 56 26 gjort
967 528 29 18 ett
1013 527 32 19 ut-

214 553 53 26 drag
289 553 6 20 i
320 553 110 21 skilnaden
452 553 91 22 emellan
566 554 113 27 uppburna
695 553 219 27 förvaltningsbidrag
930 553 38 21 och
985 553 60 22 utbe-

214 581 71 22 talade
307 582 159 24 omkostnader,
490 582 39 21 och
552 583 68 20 denna
643 582 84 22 skilnad
750 584 64 24 utgör
837 581 33 22 för
894 582 60 21 dessa
969 588 37 15 sex
1021 583 25 20 år

213 610 156 26 sammanlagdt
397 610 90 26 109,307
514 610 59 22 mark
598 612 27 20 47
651 611 68 27 penni
751 610 47 22 Har
821 610 142 21 förhållandet
978 610 69 22 under

213 637 129 28 föregående
369 639 24 21 är
416 639 55 21 varit
494 639 64 27 vägot
581 640 63 20 sånär
667 640 119 20 detsamma
802 651 28 3 —
846 638 81 22 hvilket
939 639 36 27 jag
991 639 53 21 dock

213 667 47 21 icke
284 667 41 21 kan
349 667 48 21 med
414 667 79 22 visshet
508 670 54 24 veta,
580 674 47 15 men
639 668 36 26 jag
691 668 39 20 har
746 668 50 20 hört
812 668 24 20 sä
852 668 111 26 uppgifvas
978 680 27 2 —
1021 668 25 21 sä

213 696 40 20 har
269 696 68 21 under
353 696 47 20 hela
417 696 57 21 tiden
491 696 243 28 förvaltningsbidragen
749 696 59 22 varit
823 696 33 21 för
865 696 54 27 låga,
929 696 38 21 och
976 696 69 21 skulle

213 730 48 15 man
285 727 56 19 ännu
361 724 96 22 beräkna
481 727 62 19 ränta
566 726 27 26 pä
617 725 62 21 dessa
701 725 112 21 bristande
830 724 216 28 förvaltningsbidrag

213 753 48 21 med
277 755 61 19 ränta
354 754 27 26 pä
396 755 68 24 ränta,
482 754 68 21 såsom
567 754 36 21 det
617 754 47 26 gått
680 754 47 21 med
744 754 131 21 förlusterna
891 754 6 20 i
914 753 68 27 öfrigt,
991 754 53 21 deri-

212 788 76 19 genom
311 782 108 26 nämligen
442 784 32 19 att
497 782 230 27 hypoteksföreningen
744 782 33 21 till
794 782 95 26 fyllande
905 782 23 20 af
942 782 79 21 bristen
1037 783 7 20 i

212 810 122 21 annuiteter
359 811 27 26 pä
411 810 47 21 sina
481 811 33 20 län
543 811 85 25 utgifvit
651 817 40 20 nya
711 811 150 27 obligationer,
878 810 24 21 sä
917 810 67 21 skulle
999 811 46 20 helt

211 838 73 22 säkert
315 839 69 21 denna
412 839 54 21 brist
490 839 48 22 med
564 840 47 20 sina
634 841 74 20 räntor
731 839 149 26 sammanlagd
903 839 70 21 kunna
995 839 50 22 vida

212 867 115 27 Ofverstiga
342 867 36 22 det
392 867 138 28 belopp,som
546 869 68 20 skulle
630 868 108 21 erfordras
754 869 33 21 för
804 870 32 19 att
851 868 94 27 utjemna
960 867 43 22 alla
1019 868 25 21 de

211 896 108 24 förluster,
341 902 46 15 som
403 896 95 21 inträffat
514 897 5 20 i
536 897 24 21 de
577 897 98 26 nordliga
690 897 69 25 länen,
776 897 29 20 dä
821 903 48 14 man
886 896 70 21 dertill
971 896 73 27 lägger

211 924 26 22 de
254 924 75 27 bidrag
346 924 125 28 föreningen
487 925 40 21 fätt
543 925 20 21 af
578 925 136 24 statsverket,
731 926 68 20 delvis
816 925 66 21 redan
899 924 85 27 lyftade,
1000 925 44 21 del-

211 954 31 20 vis
258 953 48 21 icke
321 953 82 27 lyftade
420 954 39 20 och
476 954 62 20 dessa
554 954 92 26 600,000
663 954 67 26 mark,
747 960 47 15 som
812 953 115 21 ständerna
939 953 104 21 förklarat

211 982 32 27 sig
259 982 50 26 vilja
325 982 101 21 afskrifva
442 983 7 20 i
462 982 101 22 händelse
579 982 124 27 föreningen
719 983 64 25 visar,
798 984 34 19 att
848 982 39 21 den
903 982 89 26 vidtagit
1007 984 36 19 nö-

212 1010 49 27 diga
276 1010 102 28 ätgärder
393 1010 33 22 för
442 1013 33 19 att
491 1011 80 27 skydda
587 1012 26 20 de
629 1011 24 21 af
667 1012 48 20 dess
732 1011 142 21 medlemmar
888 1011 7 21 i
911 1011 26 21 de
947 1011 97 26 nordliga

211 1039 69 26 länen,
304 1046 45 14 som
373 1046 28 14 nu
425 1040 77 21 främst
518 1040 51 20 böra
585 1040 90 26 bidraga
692 1040 33 20 till
741 1040 143 21 förlusternas
901 1039 141 27 utjemnande.

210 1068 31 20 Pä
264 1068 69 21 denna
349 1068 70 26 grund
434 1068 68 22 skulle
516 1068 36 27 jag
569 1068 94 22 vidhälla
678 1071 86 19 senaste
781 1068 99 21 ständers
896 1068 74 21 beslut.
1002 1068 41 22 Det

210 1102 63 21 synes
290 1097 42 26 mig
348 1096 23 22 af
386 1096 274 28 bolagsstämmoprotokoll
679 1097 39 21 och
735 1097 70 26 öfriga
822 1097 110 21 tillkomna
947 1097 96 21 handlin-

209 1131 46 20 gar,
283 1127 32 19 att
341 1125 228 27 hypoteksföreningen
595 1126 47 21 med
666 1126 85 28 mycket
776 1126 51 26 lugn
850 1126 56 21 äsett
922 1126 64 20 saken
1003 1126 39 21 och

209 1155 81 25 väntat,
317 1156 32 19 att
376 1154 117 22 ständerna
518 1154 45 22 förr
588 1154 51 22 eller
667 1161 75 15 senare
770 1154 72 21 blefve
858 1157 92 23 tvungna
965 1157 32 18 att
1013 1154 30 22 bi-

208 1183 87 26 springa
317 1182 123 27 föreningen
457 1185 51 19 utan
524 1186 31 18 att
571 1183 125 26 delegarene
711 1185 53 25 göra
781 1182 67 27 nägot
863 1182 33 22 till
911 1182 70 22 saken.

282 1239 53 22 Herr
358 1239 150 22 Grönvik:
539 1240 32 21 De
586 1240 65 21 bland
667 1240 103 21 ständens
787 1239 139 22 medlemmar
941 1239 101 22 utdelade

208 1268 128 27 handlingar
351 1268 6 20 i
375 1267 69 22 denna
459 1268 60 27 fräga
535 1269 45 20 visa
595 1269 102 21 hurusom
713 1271 32 19 ett
762 1269 101 26 enskildt,
880 1268 26 27 pä
922 1273 63 21 svaga
1000 1268 41 21 föt-

208 1299 33 18 ter
255 1297 106 26 grundadt
376 1297 65 27 bolag
456 1303 44 16 mer
516 1297 39 22 och
571 1304 44 15 mer
631 1297 62 22 råkat
709 1298 26 26 på
744 1297 114 24 obestånd,
870 1296 89 22 oaktadt
966 1303 75 15 ansen-

208 1325 43 27 liga
273 1325 124 22 statsmedel
420 1326 32 20 till
476 1326 96 27 bolagets
595 1326 117 21 understöd
735 1327 68 20 redan
820 1325 111 22 användts.
961 1325 79 27 Hvarje

207 1357 66 18 annat
299 1354 92 21 enskildt
416 1354 64 27 bolag
505 1355 67 21 skulle
600 1355 35 21 vid
651 1355 76 21 sådant
743 1355 138 21 förhållande
896 1355 61 26 länge
975 1355 65 20 sedan

207 1382 63 22 hafva
292 1383 53 21 varit
367 1385 89 25 tvunget
479 1386 32 19 att
535 1383 108 27 ligvidera.
675 1383 42 22 Det
732 1383 44 22 kan
794 1383 54 22 dock
864 1383 47 21 med
928 1383 113 26 anledning

207 1411 66 26 deraf,
296 1414 32 19 att
350 1411 242 28 hypoteksföreningens
615 1412 125 27 ligvidation
766 1412 63 27 djupt
851 1411 69 22 skulle
935 1411 105 27 ingripa
1028 1407 15 36 i

204 1440 222 27 jordbruksnäringen
449 1441 6 20 i
473 1441 46 21 värt
535 1441 56 25 land,
607 1441 18 26 ej
641 1441 86 21 komma
743 1442 6 20 i
767 1441 69 26 fräga,
852 1443 33 18 att
900 1440 87 27 päyrka,
1003 1440 37 21 det

207 1468 70 21 denna
298 1468 97 27 förening
412 1469 68 21 skulle
496 1469 109 27 ligvidera,
621 1469 28 27 pä
665 1471 43 19 sätt
724 1469 73 27 öfriga
812 1469 64 27 bolag
892 1469 6 21 i
914 1468 71 28 dylika
1001 1468 38 21 fall

206 1498 37 19 äro
270 1497 122 21 nödsakade
419 1500 32 19 att
475 1500 57 24 göra.
564 1498 49 21 Men
629 1498 12 21 &
657 1498 66 21 andra
739 1498 63 21 sidan
819 1504 62 20 synes
898 1498 36 20 det
949 1498 42 25 mig
1005 1498 33 20 sä-

205 1531 45 16 som
279 1531 33 16 om
339 1527 37 20 det
402 1531 51 16 vore
476 1526 53 26 skäl,
552 1529 33 19 att
607 1528 70 20 staten
693 1526 70 21 skulle
778 1528 78 19 stanna
872 1526 34 21 vid
922 1527 31 20 att
969 1525 70 22 lemna
