<?xml version="1.0" encoding="UTF-8"?>
<alto xmlns="http://www.loc.gov/standards/alto/ns-v3#" xmlns:xlink="http://www.w3.org/1999/xlink" xmlns:xsi="http://www.w3.org/2001/XMLSchema-instance" xsi:schemaLocation="http://www.loc.gov/standards/alto/ns-v3# http://www.loc.gov/alto/v3/alto-3-0.xsd">
	<Description>
		<MeasurementUnit>pixel</MeasurementUnit>
		<sourceImageInformation>
			<fileName>/tmp/tess_cr92j_oj_input.PNG</fileName>
		</sourceImageInformation>
		<OCRProcessing ID="OCR_0">
			<ocrProcessingStep>
				<processingSoftware>
					<softwareName>tesseract 5.3.4</softwareName>
				</processingSoftware>
			</ocrProcessingStep>
		</OCRProcessing>
	</Description>
	<Layout>
		<Page WIDTH="1125" HEIGHT="1811" PHYSICAL_IMG_NR="0" ID="page_0">
			<PrintSpace HPOS="0" VPOS="0" WIDTH="1125" HEIGHT="1811">
				<ComposedBlock ID="cblock_0" HPOS="320" VPOS="131" WIDTH="598" HEIGHT="25">
					<TextBlock ID="block_0" HPOS="320" VPOS="131" WIDTH="598" HEIGHT="25">
						<TextLine ID="line_0" HPOS="320" VPOS="131" WIDTH="598" HEIGHT="25">
							<String ID="string_0" HPOS="320" VPOS="134" WIDTH="183" HEIGHT="22" WC="0.92" CONTENT="Borgareståndet"/><SP WIDTH="12" VPOS="134" HPOS="503"/>
							<String ID="string_1" HPOS="515" VPOS="136" WIDTH="59" HEIGHT="16" WC="0.95" CONTENT="1882."/><SP WIDTH="24" VPOS="136" HPOS="574"/>
							<String ID="string_2" HPOS="598" VPOS="136" WIDTH="26" HEIGHT="17" WC="0.96" CONTENT="27"/><SP WIDTH="12" VPOS="136" HPOS="624"/>
							<String ID="string_3" HPOS="636" VPOS="136" WIDTH="49" HEIGHT="20" WC="0.90" CONTENT="maj."/><SP WIDTH="177" VPOS="136" HPOS="685"/>
							<String ID="string_4" HPOS="862" VPOS="131" WIDTH="56" HEIGHT="21" WC="0.94" CONTENT="1605"/>
						</TextLine>
					</TextBlock>
				</ComposedBlock>
				<GraphicalElement ID="cblock_1" HPOS="84" VPOS="164" WIDTH="826" HEIGHT="4"></GraphicalElement >
				<ComposedBlock ID="cblock_2" HPOS="83" VPOS="204" WIDTH="835" HEIGHT="858">
					<TextBlock ID="block_1" HPOS="83" VPOS="204" WIDTH="835" HEIGHT="858">
						<TextLine ID="line_1" HPOS="83" VPOS="204" WIDTH="834" HEIGHT="26">
							<String ID="string_5" HPOS="83" VPOS="204" WIDTH="7" HEIGHT="21" WC="0.96" CONTENT="i"/><SP WIDTH="16" VPOS="204" HPOS="90"/>
							<String ID="string_6" HPOS="106" VPOS="204" WIDTH="88" HEIGHT="22" WC="0.95" CONTENT="främsta"/><SP WIDTH="15" VPOS="204" HPOS="194"/>
							<String ID="string_7" HPOS="209" VPOS="207" WIDTH="92" HEIGHT="19" WC="0.96" CONTENT="rummet"/><SP WIDTH="16" VPOS="207" HPOS="301"/>
							<String ID="string_8" HPOS="317" VPOS="206" WIDTH="31" HEIGHT="19" WC="0.93" CONTENT="att"/><SP WIDTH="15" VPOS="206" HPOS="348"/>
							<String ID="string_9" HPOS="363" VPOS="204" WIDTH="75" HEIGHT="26" WC="0.91" CONTENT="afgöra"/><SP WIDTH="17" VPOS="204" HPOS="438"/>
							<String ID="string_10" HPOS="455" VPOS="204" WIDTH="41" HEIGHT="21" WC="0.96" CONTENT="den"/><SP WIDTH="16" VPOS="204" HPOS="496"/>
							<String ID="string_11" HPOS="512" VPOS="204" WIDTH="169" HEIGHT="22" WC="0.96" CONTENT="österbottniska"/><SP WIDTH="12" VPOS="204" HPOS="681"/>
							<String ID="string_12" HPOS="693" VPOS="204" WIDTH="52" HEIGHT="21" WC="0.96" CONTENT="eller"/><SP WIDTH="12" VPOS="204" HPOS="745"/>
							<String ID="string_13" HPOS="757" VPOS="204" WIDTH="39" HEIGHT="21" WC="0.96" CONTENT="den"/><SP WIDTH="12" VPOS="204" HPOS="796"/>
							<String ID="string_14" HPOS="808" VPOS="204" WIDTH="109" HEIGHT="22" WC="0.96" CONTENT="mellersta"/>
						</TextLine>
						<TextLine ID="line_2" HPOS="84" VPOS="232" WIDTH="833" HEIGHT="28">
							<String ID="string_15" HPOS="84" VPOS="233" WIDTH="131" HEIGHT="21" WC="0.95" CONTENT="stambanan."/><SP WIDTH="30" VPOS="233" HPOS="215"/>
							<String ID="string_16" HPOS="245" VPOS="233" WIDTH="46" HEIGHT="21" WC="0.96" CONTENT="Den"/><SP WIDTH="16" VPOS="233" HPOS="291"/>
							<String ID="string_17" HPOS="307" VPOS="233" WIDTH="109" HEIGHT="21" WC="0.94" CONTENT="mellersta"/><SP WIDTH="16" VPOS="233" HPOS="416"/>
							<String ID="string_18" HPOS="432" VPOS="233" WIDTH="127" HEIGHT="21" WC="0.96" CONTENT="stambanan"/><SP WIDTH="17" VPOS="233" HPOS="559"/>
							<String ID="string_19" HPOS="576" VPOS="232" WIDTH="45" HEIGHT="22" WC="0.96" CONTENT="blef"/><SP WIDTH="14" VPOS="232" HPOS="621"/>
							<String ID="string_20" HPOS="635" VPOS="233" WIDTH="18" HEIGHT="27" WC="0.96" CONTENT="ej"/><SP WIDTH="15" VPOS="233" HPOS="653"/>
							<String ID="string_21" HPOS="668" VPOS="233" WIDTH="22" HEIGHT="21" WC="0.96" CONTENT="af"/><SP WIDTH="9" VPOS="233" HPOS="690"/>
							<String ID="string_22" HPOS="699" VPOS="232" WIDTH="115" HEIGHT="22" WC="0.95" CONTENT="ständerna"/><SP WIDTH="11" VPOS="232" HPOS="814"/>
							<String ID="string_23" HPOS="825" VPOS="239" WIDTH="28" HEIGHT="15" WC="0.92" CONTENT="nu"/><SP WIDTH="11" VPOS="239" HPOS="853"/>
							<String ID="string_24" HPOS="864" VPOS="234" WIDTH="53" HEIGHT="26" WC="0.92" CONTENT="god-"/>
						</TextLine>
						<TextLine ID="line_3" HPOS="84" VPOS="261" WIDTH="832" HEIGHT="27">
							<String ID="string_25" HPOS="84" VPOS="261" WIDTH="64" HEIGHT="25" WC="0.96" CONTENT="känd,"/><SP WIDTH="23" VPOS="261" HPOS="148"/>
							<String ID="string_26" HPOS="171" VPOS="268" WIDTH="47" HEIGHT="14" WC="0.96" CONTENT="men"/><SP WIDTH="17" VPOS="268" HPOS="218"/>
							<String ID="string_27" HPOS="235" VPOS="262" WIDTH="38" HEIGHT="26" WC="0.96" CONTENT="jag"/><SP WIDTH="16" VPOS="262" HPOS="273"/>
							<String ID="string_28" HPOS="289" VPOS="264" WIDTH="50" HEIGHT="23" WC="0.96" CONTENT="tror,"/><SP WIDTH="17" VPOS="264" HPOS="339"/>
							<String ID="string_29" HPOS="356" VPOS="264" WIDTH="32" HEIGHT="18" WC="0.96" CONTENT="att"/><SP WIDTH="16" VPOS="264" HPOS="388"/>
							<String ID="string_30" HPOS="404" VPOS="263" WIDTH="80" HEIGHT="19" WC="0.96" CONTENT="största"/><SP WIDTH="17" VPOS="263" HPOS="484"/>
							<String ID="string_31" HPOS="501" VPOS="261" WIDTH="61" HEIGHT="21" WC="0.96" CONTENT="delen"/><SP WIDTH="17" VPOS="261" HPOS="562"/>
							<String ID="string_32" HPOS="579" VPOS="261" WIDTH="21" HEIGHT="21" WC="0.96" CONTENT="af"/><SP WIDTH="15" VPOS="261" HPOS="600"/>
							<String ID="string_33" HPOS="615" VPOS="262" WIDTH="54" HEIGHT="25" WC="0.95" CONTENT="dem,"/><SP WIDTH="16" VPOS="262" HPOS="669"/>
							<String ID="string_34" HPOS="685" VPOS="268" WIDTH="45" HEIGHT="14" WC="0.93" CONTENT="som"/><SP WIDTH="17" VPOS="268" HPOS="730"/>
							<String ID="string_35" HPOS="747" VPOS="261" WIDTH="112" HEIGHT="27" WC="0.92" CONTENT="föredrogo"/><SP WIDTH="17" VPOS="261" HPOS="859"/>
							<String ID="string_36" HPOS="876" VPOS="262" WIDTH="40" HEIGHT="20" WC="0.97" CONTENT="den"/>
						</TextLine>
						<TextLine ID="line_4" HPOS="84" VPOS="290" WIDTH="833" HEIGHT="25">
							<String ID="string_37" HPOS="84" VPOS="290" WIDTH="168" HEIGHT="21" WC="0.96" CONTENT="österbottniska"/><SP WIDTH="15" VPOS="290" HPOS="252"/>
							<String ID="string_38" HPOS="267" VPOS="290" WIDTH="77" HEIGHT="24" WC="0.96" CONTENT="banan,"/><SP WIDTH="17" VPOS="290" HPOS="344"/>
							<String ID="string_39" HPOS="361" VPOS="290" WIDTH="54" HEIGHT="20" WC="0.93" CONTENT="dock"/><SP WIDTH="15" VPOS="290" HPOS="415"/>
							<String ID="string_40" HPOS="430" VPOS="291" WIDTH="81" HEIGHT="24" WC="0.91" CONTENT="ansågo"/><SP WIDTH="18" VPOS="291" HPOS="511"/>
							<String ID="string_41" HPOS="529" VPOS="290" WIDTH="68" HEIGHT="21" WC="0.96" CONTENT="denna"/><SP WIDTH="16" VPOS="290" HPOS="597"/>
							<String ID="string_42" HPOS="613" VPOS="290" WIDTH="108" HEIGHT="21" WC="0.93" CONTENT="mellersta"/><SP WIDTH="16" VPOS="290" HPOS="721"/>
							<String ID="string_43" HPOS="737" VPOS="290" WIDTH="113" HEIGHT="21" WC="0.92" CONTENT="stambana"/><SP WIDTH="15" VPOS="290" HPOS="850"/>
							<String ID="string_44" HPOS="865" VPOS="296" WIDTH="52" HEIGHT="15" WC="0.96" CONTENT="vara"/>
						</TextLine>
						<TextLine ID="line_5" HPOS="84" VPOS="318" WIDTH="833" HEIGHT="27">
							<String ID="string_45" HPOS="84" VPOS="319" WIDTH="22" HEIGHT="20" WC="0.95" CONTENT="af"/><SP WIDTH="14" VPOS="319" HPOS="106"/>
							<String ID="string_46" HPOS="120" VPOS="319" WIDTH="40" HEIGHT="21" WC="0.96" CONTENT="den"/><SP WIDTH="16" VPOS="319" HPOS="160"/>
							<String ID="string_47" HPOS="176" VPOS="319" WIDTH="43" HEIGHT="26" WC="0.96" CONTENT="vigt"/><SP WIDTH="16" VPOS="319" HPOS="219"/>
							<String ID="string_48" HPOS="235" VPOS="318" WIDTH="39" HEIGHT="21" WC="0.96" CONTENT="och"/><SP WIDTH="16" VPOS="318" HPOS="274"/>
							<String ID="string_49" HPOS="290" VPOS="318" WIDTH="115" HEIGHT="27" WC="0.95" CONTENT="betydelse,"/><SP WIDTH="18" VPOS="318" HPOS="405"/>
							<String ID="string_50" HPOS="423" VPOS="321" WIDTH="32" HEIGHT="18" WC="0.96" CONTENT="att"/><SP WIDTH="17" VPOS="321" HPOS="455"/>
							<String ID="string_51" HPOS="472" VPOS="319" WIDTH="40" HEIGHT="20" WC="0.96" CONTENT="den"/><SP WIDTH="17" VPOS="319" HPOS="512"/>
							<String ID="string_52" HPOS="529" VPOS="318" WIDTH="66" HEIGHT="21" WC="0.96" CONTENT="borde"/><SP WIDTH="16" VPOS="318" HPOS="595"/>
							<String ID="string_53" HPOS="611" VPOS="319" WIDTH="132" HEIGHT="20" WC="0.96" CONTENT="omedelbart"/><SP WIDTH="17" VPOS="319" HPOS="743"/>
							<String ID="string_54" HPOS="760" VPOS="319" WIDTH="5" HEIGHT="20" WC="0.96" CONTENT="i"/><SP WIDTH="17" VPOS="319" HPOS="765"/>
							<String ID="string_55" HPOS="782" VPOS="319" WIDTH="67" HEIGHT="21" WC="0.93" CONTENT="andra"/><SP WIDTH="11" VPOS="319" HPOS="849"/>
							<String ID="string_56" HPOS="860" VPOS="325" WIDTH="57" HEIGHT="14" WC="0.92" CONTENT="rum-"/>
						</TextLine>
						<TextLine ID="line_6" HPOS="85" VPOS="347" WIDTH="831" HEIGHT="28">
							<String ID="string_57" HPOS="85" VPOS="350" WIDTH="43" HEIGHT="19" WC="0.96" CONTENT="met"/><SP WIDTH="23" VPOS="350" HPOS="128"/>
							<String ID="string_58" HPOS="151" VPOS="348" WIDTH="86" HEIGHT="27" WC="0.94" CONTENT="byggas."/><SP WIDTH="31" VPOS="348" HPOS="237"/>
							<String ID="string_59" HPOS="268" VPOS="347" WIDTH="73" HEIGHT="21" WC="0.95" CONTENT="Under"/><SP WIDTH="24" VPOS="347" HPOS="341"/>
							<String ID="string_60" HPOS="365" VPOS="347" WIDTH="81" HEIGHT="21" WC="0.96" CONTENT="sådana"/><SP WIDTH="19" VPOS="347" HPOS="446"/>
							<String ID="string_61" HPOS="465" VPOS="347" WIDTH="147" HEIGHT="21" WC="0.30" CONTENT="förhållanden"/><SP WIDTH="17" VPOS="347" HPOS="612"/>
							<String ID="string_62" HPOS="629" VPOS="347" WIDTH="42" HEIGHT="21" WC="0.96" CONTENT="kan"/><SP WIDTH="14" VPOS="347" HPOS="671"/>
							<String ID="string_63" HPOS="685" VPOS="347" WIDTH="37" HEIGHT="27" WC="0.96" CONTENT="jag"/><SP WIDTH="16" VPOS="347" HPOS="722"/>
							<String ID="string_64" HPOS="738" VPOS="347" WIDTH="18" HEIGHT="26" WC="0.96" CONTENT="ej"/><SP WIDTH="17" VPOS="347" HPOS="756"/>
							<String ID="string_65" HPOS="773" VPOS="347" WIDTH="34" HEIGHT="22" WC="0.96" CONTENT="för"/><SP WIDTH="16" VPOS="347" HPOS="807"/>
							<String ID="string_66" HPOS="823" VPOS="347" WIDTH="42" HEIGHT="21" WC="0.96" CONTENT="min"/><SP WIDTH="17" VPOS="347" HPOS="865"/>
							<String ID="string_67" HPOS="882" VPOS="347" WIDTH="34" HEIGHT="21" WC="0.96" CONTENT="del"/>
						</TextLine>
						<TextLine ID="line_7" HPOS="84" VPOS="375" WIDTH="832" HEIGHT="27">
							<String ID="string_68" HPOS="84" VPOS="376" WIDTH="66" HEIGHT="21" WC="0.96" CONTENT="tänka"/><SP WIDTH="22" VPOS="376" HPOS="150"/>
							<String ID="string_69" HPOS="172" VPOS="375" WIDTH="139" HEIGHT="26" WC="0.96" CONTENT="annorlunda,"/><SP WIDTH="24" VPOS="375" HPOS="311"/>
							<String ID="string_70" HPOS="335" VPOS="377" WIDTH="26" HEIGHT="19" WC="0.96" CONTENT="än"/><SP WIDTH="20" VPOS="377" HPOS="361"/>
							<String ID="string_71" HPOS="381" VPOS="377" WIDTH="33" HEIGHT="19" WC="0.96" CONTENT="att"/><SP WIDTH="16" VPOS="377" HPOS="414"/>
							<String ID="string_72" HPOS="430" VPOS="375" WIDTH="63" HEIGHT="22" WC="0.93" CONTENT="dessa"/><SP WIDTH="16" VPOS="375" HPOS="493"/>
							<String ID="string_73" HPOS="509" VPOS="376" WIDTH="115" HEIGHT="26" WC="0.89" CONTENT="petitioner"/><SP WIDTH="17" VPOS="376" HPOS="624"/>
							<String ID="string_74" HPOS="641" VPOS="375" WIDTH="68" HEIGHT="22" WC="0.96" CONTENT="skulle"/><SP WIDTH="16" VPOS="375" HPOS="709"/>
							<String ID="string_75" HPOS="725" VPOS="375" WIDTH="85" HEIGHT="22" WC="0.96" CONTENT="komma"/><SP WIDTH="16" VPOS="375" HPOS="810"/>
							<String ID="string_76" HPOS="826" VPOS="376" WIDTH="90" HEIGHT="21" WC="0.95" CONTENT="emellan"/>
						</TextLine>
						<TextLine ID="line_8" HPOS="84" VPOS="404" WIDTH="833" HEIGHT="27">
							<String ID="string_77" HPOS="84" VPOS="405" WIDTH="119" HEIGHT="26" WC="0.95" CONTENT="byggandet"/><SP WIDTH="22" VPOS="405" HPOS="203"/>
							<String ID="string_78" HPOS="225" VPOS="404" WIDTH="22" HEIGHT="21" WC="0.96" CONTENT="af"/><SP WIDTH="22" VPOS="404" HPOS="247"/>
							<String ID="string_79" HPOS="269" VPOS="405" WIDTH="40" HEIGHT="20" WC="0.96" CONTENT="den"/><SP WIDTH="23" VPOS="405" HPOS="309"/>
							<String ID="string_80" HPOS="332" VPOS="404" WIDTH="108" HEIGHT="21" WC="0.96" CONTENT="mellersta"/><SP WIDTH="24" VPOS="404" HPOS="440"/>
							<String ID="string_81" HPOS="464" VPOS="404" WIDTH="127" HEIGHT="21" WC="0.96" CONTENT="stambanan"/><SP WIDTH="24" VPOS="404" HPOS="591"/>
							<String ID="string_82" HPOS="615" VPOS="404" WIDTH="39" HEIGHT="21" WC="0.94" CONTENT="och"/><SP WIDTH="23" VPOS="404" HPOS="654"/>
							<String ID="string_83" HPOS="677" VPOS="404" WIDTH="91" HEIGHT="21" WC="0.94" CONTENT="sålunda"/><SP WIDTH="21" VPOS="404" HPOS="768"/>
							<String ID="string_84" HPOS="789" VPOS="405" WIDTH="6" HEIGHT="20" WC="0.96" CONTENT="i"/><SP WIDTH="16" VPOS="405" HPOS="795"/>
							<String ID="string_85" HPOS="811" VPOS="405" WIDTH="106" HEIGHT="26" WC="0.96" CONTENT="väsentlig"/>
						</TextLine>
						<TextLine ID="line_9" HPOS="84" VPOS="433" WIDTH="832" HEIGHT="27">
							<String ID="string_86" HPOS="84" VPOS="433" WIDTH="52" HEIGHT="27" WC="0.96" CONTENT="grad"/><SP WIDTH="24" VPOS="433" HPOS="136"/>
							<String ID="string_87" HPOS="160" VPOS="433" WIDTH="85" HEIGHT="21" WC="0.96" CONTENT="hämma"/><SP WIDTH="22" VPOS="433" HPOS="245"/>
							<String ID="string_88" HPOS="267" VPOS="433" WIDTH="48" HEIGHT="21" WC="0.96" CONTENT="dess"/><SP WIDTH="21" VPOS="433" HPOS="315"/>
							<String ID="string_89" HPOS="336" VPOS="433" WIDTH="118" HEIGHT="26" WC="0.96" CONTENT="byggande."/><SP WIDTH="32" VPOS="433" HPOS="454"/>
							<String ID="string_90" HPOS="486" VPOS="433" WIDTH="60" HEIGHT="21" WC="0.96" CONTENT="Mina"/><SP WIDTH="25" VPOS="433" HPOS="546"/>
							<String ID="string_91" HPOS="571" VPOS="433" WIDTH="172" HEIGHT="26" WC="0.92" CONTENT="betänkligheter"/><SP WIDTH="25" VPOS="433" HPOS="743"/>
							<String ID="string_92" HPOS="768" VPOS="433" WIDTH="97" HEIGHT="22" WC="0.91" CONTENT="tillväxte"/><SP WIDTH="27" VPOS="433" HPOS="865"/>
							<String ID="string_93" HPOS="892" VPOS="434" WIDTH="24" HEIGHT="21" WC="0.96" CONTENT="så"/>
						</TextLine>
						<TextLine ID="line_10" HPOS="86" VPOS="461" WIDTH="830" HEIGHT="28">
							<String ID="string_94" HPOS="86" VPOS="462" WIDTH="84" HEIGHT="27" WC="0.96" CONTENT="mycket"/><SP WIDTH="15" VPOS="462" HPOS="170"/>
							<String ID="string_95" HPOS="185" VPOS="468" WIDTH="58" HEIGHT="15" WC="0.96" CONTENT="mera"/><SP WIDTH="16" VPOS="468" HPOS="243"/>
							<String ID="string_96" HPOS="259" VPOS="467" WIDTH="44" HEIGHT="16" WC="0.96" CONTENT="som"/><SP WIDTH="15" VPOS="467" HPOS="303"/>
							<String ID="string_97" HPOS="318" VPOS="462" WIDTH="42" HEIGHT="27" WC="0.96" CONTENT="jag,"/><SP WIDTH="18" VPOS="462" HPOS="360"/>
							<String ID="string_98" HPOS="378" VPOS="462" WIDTH="5" HEIGHT="19" WC="0.96" CONTENT="i"/><SP WIDTH="17" VPOS="462" HPOS="383"/>
							<String ID="string_99" HPOS="400" VPOS="461" WIDTH="66" HEIGHT="21" WC="0.95" CONTENT="likhet"/><SP WIDTH="19" VPOS="461" HPOS="466"/>
							<String ID="string_100" HPOS="485" VPOS="462" WIDTH="48" HEIGHT="21" WC="0.96" CONTENT="med"/><SP WIDTH="17" VPOS="462" HPOS="533"/>
							<String ID="string_101" HPOS="550" VPOS="461" WIDTH="49" HEIGHT="21" WC="0.93" CONTENT="herr"/><SP WIDTH="16" VPOS="461" HPOS="599"/>
							<String ID="string_102" HPOS="615" VPOS="461" WIDTH="102" HEIGHT="25" WC="0.91" CONTENT="Grönvik,"/><SP WIDTH="16" VPOS="461" HPOS="717"/>
							<String ID="string_103" HPOS="733" VPOS="463" WIDTH="56" HEIGHT="20" WC="0.96" CONTENT="ännu"/><SP WIDTH="16" VPOS="463" HPOS="789"/>
							<String ID="string_104" HPOS="805" VPOS="464" WIDTH="23" HEIGHT="19" WC="0.96" CONTENT="är"/><SP WIDTH="11" VPOS="464" HPOS="828"/>
							<String ID="string_105" HPOS="839" VPOS="462" WIDTH="77" HEIGHT="21" WC="0.96" CONTENT="osäker"/>
						</TextLine>
						<TextLine ID="line_11" HPOS="84" VPOS="490" WIDTH="832" HEIGHT="27">
							<String ID="string_106" HPOS="84" VPOS="497" WIDTH="34" HEIGHT="15" WC="0.96" CONTENT="om"/><SP WIDTH="16" VPOS="497" HPOS="118"/>
							<String ID="string_107" HPOS="134" VPOS="490" WIDTH="106" HEIGHT="21" WC="0.96" CONTENT="hvarifrån"/><SP WIDTH="17" VPOS="490" HPOS="240"/>
							<String ID="string_108" HPOS="257" VPOS="490" WIDTH="60" HEIGHT="21" WC="0.96" CONTENT="dessa"/><SP WIDTH="17" VPOS="490" HPOS="317"/>
							<String ID="string_109" HPOS="334" VPOS="490" WIDTH="67" HEIGHT="21" WC="0.96" CONTENT="medel"/><SP WIDTH="17" VPOS="490" HPOS="401"/>
							<String ID="string_110" HPOS="418" VPOS="491" WIDTH="62" HEIGHT="20" WC="0.95" CONTENT="skola"/><SP WIDTH="16" VPOS="491" HPOS="480"/>
							<String ID="string_111" HPOS="496" VPOS="493" WIDTH="61" HEIGHT="24" WC="0.96" CONTENT="tagas"/><SP WIDTH="16" VPOS="493" HPOS="557"/>
							<String ID="string_112" HPOS="573" VPOS="490" WIDTH="34" HEIGHT="21" WC="0.96" CONTENT="för"/><SP WIDTH="15" VPOS="490" HPOS="607"/>
							<String ID="string_113" HPOS="622" VPOS="493" WIDTH="31" HEIGHT="18" WC="0.96" CONTENT="att"/><SP WIDTH="12" VPOS="493" HPOS="653"/>
							<String ID="string_114" HPOS="665" VPOS="491" WIDTH="165" HEIGHT="20" WC="0.93" CONTENT="subventionera"/><SP WIDTH="9" VPOS="491" HPOS="830"/>
							<String ID="string_115" HPOS="839" VPOS="491" WIDTH="77" HEIGHT="26" WC="0.91" CONTENT="ifråga-"/>
						</TextLine>
						<TextLine ID="line_12" HPOS="84" VPOS="519" WIDTH="832" HEIGHT="27">
							<String ID="string_116" HPOS="84" VPOS="519" WIDTH="92" HEIGHT="21" WC="0.96" CONTENT="varande"/><SP WIDTH="24" VPOS="519" HPOS="176"/>
							<String ID="string_117" HPOS="200" VPOS="519" WIDTH="73" HEIGHT="21" WC="0.95" CONTENT="banor."/><SP WIDTH="31" VPOS="519" HPOS="273"/>
							<String ID="string_118" HPOS="304" VPOS="519" WIDTH="38" HEIGHT="21" WC="0.94" CONTENT="Att"/><SP WIDTH="23" VPOS="519" HPOS="342"/>
							<String ID="string_119" HPOS="365" VPOS="519" WIDTH="27" HEIGHT="21" WC="0.96" CONTENT="de"/><SP WIDTH="22" VPOS="519" HPOS="392"/>
							<String ID="string_120" HPOS="414" VPOS="519" WIDTH="56" HEIGHT="21" WC="0.96" CONTENT="dock"/><SP WIDTH="24" VPOS="519" HPOS="470"/>
							<String ID="string_121" HPOS="494" VPOS="519" WIDTH="18" HEIGHT="27" WC="0.96" CONTENT="ej"/><SP WIDTH="23" VPOS="519" HPOS="512"/>
							<String ID="string_122" HPOS="535" VPOS="519" WIDTH="85" HEIGHT="21" WC="0.96" CONTENT="komma"/><SP WIDTH="16" VPOS="519" HPOS="620"/>
							<String ID="string_123" HPOS="636" VPOS="521" WIDTH="31" HEIGHT="18" WC="0.96" CONTENT="att"/><SP WIDTH="16" VPOS="521" HPOS="667"/>
							<String ID="string_124" HPOS="683" VPOS="522" WIDTH="60" HEIGHT="23" WC="0.96" CONTENT="tagas"/><SP WIDTH="15" VPOS="522" HPOS="743"/>
							<String ID="string_125" HPOS="758" VPOS="519" WIDTH="46" HEIGHT="21" WC="0.93" CONTENT="från"/><SP WIDTH="16" VPOS="519" HPOS="804"/>
							<String ID="string_126" HPOS="820" VPOS="519" WIDTH="96" HEIGHT="21" WC="0.93" CONTENT="kommu-"/>
						</TextLine>
						<TextLine ID="line_13" HPOS="84" VPOS="547" WIDTH="833" HEIGHT="28">
							<String ID="string_127" HPOS="84" VPOS="548" WIDTH="193" HEIGHT="25" WC="0.91" CONTENT="nikationsfonden,"/><SP WIDTH="17" VPOS="548" HPOS="277"/>
							<String ID="string_128" HPOS="294" VPOS="554" WIDTH="62" HEIGHT="15" WC="0.95" CONTENT="anser"/><SP WIDTH="13" VPOS="554" HPOS="356"/>
							<String ID="string_129" HPOS="369" VPOS="547" WIDTH="37" HEIGHT="26" WC="0.96" CONTENT="jag"/><SP WIDTH="15" VPOS="547" HPOS="406"/>
							<String ID="string_130" HPOS="421" VPOS="547" WIDTH="33" HEIGHT="22" WC="0.92" CONTENT="för"/><SP WIDTH="16" VPOS="547" HPOS="454"/>
							<String ID="string_131" HPOS="470" VPOS="548" WIDTH="72" HEIGHT="27" WC="0.91" CONTENT="gifvet."/><SP WIDTH="32" VPOS="548" HPOS="542"/>
							<String ID="string_132" HPOS="574" VPOS="548" WIDTH="42" HEIGHT="21" WC="0.91" CONTENT="Det"/><SP WIDTH="17" VPOS="548" HPOS="616"/>
							<String ID="string_133" HPOS="633" VPOS="554" WIDTH="50" HEIGHT="15" WC="0.96" CONTENT="vore"/><SP WIDTH="16" VPOS="554" HPOS="683"/>
							<String ID="string_134" HPOS="699" VPOS="547" WIDTH="27" HEIGHT="21" WC="0.96" CONTENT="då"/><SP WIDTH="15" VPOS="547" HPOS="726"/>
							<String ID="string_135" HPOS="741" VPOS="550" WIDTH="33" HEIGHT="19" WC="0.96" CONTENT="att"/><SP WIDTH="11" VPOS="550" HPOS="774"/>
							<String ID="string_136" HPOS="785" VPOS="547" WIDTH="33" HEIGHT="22" WC="0.96" CONTENT="för"/><SP WIDTH="12" VPOS="547" HPOS="818"/>
							<String ID="string_137" HPOS="830" VPOS="554" WIDTH="25" HEIGHT="14" WC="0.96" CONTENT="en"/><SP WIDTH="12" VPOS="554" HPOS="855"/>
							<String ID="string_138" HPOS="867" VPOS="547" WIDTH="50" HEIGHT="27" WC="0.96" CONTENT="lång"/>
						</TextLine>
						<TextLine ID="line_14" HPOS="84" VPOS="575" WIDTH="832" HEIGHT="28">
							<String ID="string_139" HPOS="84" VPOS="577" WIDTH="31" HEIGHT="21" WC="0.95" CONTENT="tid"/><SP WIDTH="23" VPOS="577" HPOS="115"/>
							<String ID="string_140" HPOS="138" VPOS="577" WIDTH="93" HEIGHT="26" WC="0.95" CONTENT="fördröja"/><SP WIDTH="21" VPOS="577" HPOS="231"/>
							<String ID="string_141" HPOS="252" VPOS="576" WIDTH="120" HEIGHT="27" WC="0.96" CONTENT="byggandet"/><SP WIDTH="16" VPOS="576" HPOS="372"/>
							<String ID="string_142" HPOS="388" VPOS="575" WIDTH="23" HEIGHT="22" WC="0.96" CONTENT="af"/><SP WIDTH="14" VPOS="575" HPOS="411"/>
							<String ID="string_143" HPOS="425" VPOS="577" WIDTH="154" HEIGHT="20" WC="0.95" CONTENT="stambanorna"/><SP WIDTH="15" VPOS="577" HPOS="579"/>
							<String ID="string_144" HPOS="594" VPOS="577" WIDTH="7" HEIGHT="20" WC="0.96" CONTENT="i"/><SP WIDTH="16" VPOS="577" HPOS="601"/>
							<String ID="string_145" HPOS="617" VPOS="576" WIDTH="79" HEIGHT="21" WC="0.95" CONTENT="landet."/><SP WIDTH="31" VPOS="576" HPOS="696"/>
							<String ID="string_146" HPOS="727" VPOS="576" WIDTH="73" HEIGHT="21" WC="0.81" CONTENT="Under"/><SP WIDTH="16" VPOS="576" HPOS="800"/>
							<String ID="string_147" HPOS="816" VPOS="576" WIDTH="40" HEIGHT="21" WC="0.92" CONTENT="den"/><SP WIDTH="17" VPOS="576" HPOS="856"/>
							<String ID="string_148" HPOS="873" VPOS="577" WIDTH="43" HEIGHT="20" WC="0.90" CONTENT="för-"/>
						</TextLine>
						<TextLine ID="line_15" HPOS="84" VPOS="604" WIDTH="833" HEIGHT="28">
							<String ID="string_149" HPOS="84" VPOS="605" WIDTH="119" HEIGHT="27" WC="0.95" CONTENT="utsättning"/><SP WIDTH="16" VPOS="605" HPOS="203"/>
							<String ID="string_150" HPOS="219" VPOS="605" WIDTH="52" HEIGHT="26" WC="0.96" CONTENT="åter,"/><SP WIDTH="15" VPOS="605" HPOS="271"/>
							<String ID="string_151" HPOS="286" VPOS="607" WIDTH="33" HEIGHT="19" WC="0.96" CONTENT="att"/><SP WIDTH="15" VPOS="607" HPOS="319"/>
							<String ID="string_152" HPOS="334" VPOS="604" WIDTH="70" HEIGHT="21" WC="0.96" CONTENT="medel"/><SP WIDTH="16" VPOS="604" HPOS="404"/>
							<String ID="string_153" HPOS="420" VPOS="607" WIDTH="62" HEIGHT="24" WC="0.96" CONTENT="tagas"/><SP WIDTH="17" VPOS="607" HPOS="482"/>
							<String ID="string_154" HPOS="499" VPOS="605" WIDTH="46" HEIGHT="21" WC="0.95" CONTENT="från"/><SP WIDTH="17" VPOS="605" HPOS="545"/>
							<String ID="string_155" HPOS="562" VPOS="606" WIDTH="66" HEIGHT="20" WC="0.93" CONTENT="andra"/><SP WIDTH="17" VPOS="606" HPOS="628"/>
							<String ID="string_156" HPOS="645" VPOS="605" WIDTH="117" HEIGHT="26" WC="0.91" CONTENT="besparade"/><SP WIDTH="16" VPOS="605" HPOS="762"/>
							<String ID="string_157" HPOS="778" VPOS="605" WIDTH="74" HEIGHT="25" WC="0.96" CONTENT="medel,"/><SP WIDTH="12" VPOS="605" HPOS="852"/>
							<String ID="string_158" HPOS="864" VPOS="604" WIDTH="53" HEIGHT="22" WC="0.96" CONTENT="eller"/>
						</TextLine>
						<TextLine ID="line_16" HPOS="84" VPOS="633" WIDTH="834" HEIGHT="27">
							<String ID="string_159" HPOS="84" VPOS="633" WIDTH="30" HEIGHT="21" WC="0.96" CONTENT="låt"/><SP WIDTH="16" VPOS="633" HPOS="114"/>
							<String ID="string_160" HPOS="130" VPOS="640" WIDTH="50" HEIGHT="14" WC="0.95" CONTENT="vara"/><SP WIDTH="15" VPOS="640" HPOS="180"/>
							<String ID="string_161" HPOS="195" VPOS="633" WIDTH="106" HEIGHT="22" WC="0.96" CONTENT="anskaffas"/><SP WIDTH="16" VPOS="633" HPOS="301"/>
							<String ID="string_162" HPOS="317" VPOS="639" WIDTH="76" HEIGHT="21" WC="0.96" CONTENT="genom"/><SP WIDTH="17" VPOS="639" HPOS="393"/>
							<String ID="string_163" HPOS="410" VPOS="633" WIDTH="42" HEIGHT="27" WC="0.95" CONTENT="lån,"/><SP WIDTH="20" VPOS="633" HPOS="452"/>
							<String ID="string_164" HPOS="472" VPOS="633" WIDTH="36" HEIGHT="21" WC="0.96" CONTENT="vill"/><SP WIDTH="14" VPOS="633" HPOS="508"/>
							<String ID="string_165" HPOS="522" VPOS="634" WIDTH="38" HEIGHT="26" WC="0.96" CONTENT="jag"/><SP WIDTH="15" VPOS="634" HPOS="560"/>
							<String ID="string_166" HPOS="575" VPOS="634" WIDTH="18" HEIGHT="26" WC="0.96" CONTENT="ej"/><SP WIDTH="18" VPOS="634" HPOS="593"/>
							<String ID="string_167" HPOS="611" VPOS="635" WIDTH="101" HEIGHT="19" WC="0.96" CONTENT="motsätta"/><SP WIDTH="16" VPOS="635" HPOS="712"/>
							<String ID="string_168" HPOS="728" VPOS="634" WIDTH="42" HEIGHT="26" WC="0.96" CONTENT="mig"/><SP WIDTH="16" VPOS="634" HPOS="770"/>
							<String ID="string_169" HPOS="786" VPOS="633" WIDTH="70" HEIGHT="21" WC="0.94" CONTENT="saken."/><SP WIDTH="32" VPOS="633" HPOS="856"/>
							<String ID="string_170" HPOS="888" VPOS="633" WIDTH="30" HEIGHT="21" WC="0.95" CONTENT="Af"/>
						</TextLine>
						<TextLine ID="line_17" HPOS="84" VPOS="661" WIDTH="831" HEIGHT="28">
							<String ID="string_171" HPOS="84" VPOS="662" WIDTH="26" HEIGHT="21" WC="0.96" CONTENT="de"/><SP WIDTH="16" VPOS="662" HPOS="110"/>
							<String ID="string_172" HPOS="126" VPOS="662" WIDTH="73" HEIGHT="26" WC="0.96" CONTENT="banor,"/><SP WIDTH="23" VPOS="662" HPOS="199"/>
							<String ID="string_173" HPOS="222" VPOS="668" WIDTH="44" HEIGHT="15" WC="0.96" CONTENT="som"/><SP WIDTH="16" VPOS="668" HPOS="266"/>
							<String ID="string_174" HPOS="282" VPOS="662" WIDTH="6" HEIGHT="20" WC="0.96" CONTENT="i"/><SP WIDTH="17" VPOS="662" HPOS="288"/>
							<String ID="string_175" HPOS="305" VPOS="662" WIDTH="68" HEIGHT="21" WC="0.96" CONTENT="denna"/><SP WIDTH="21" VPOS="662" HPOS="373"/>
							<String ID="string_176" HPOS="394" VPOS="661" WIDTH="53" HEIGHT="22" WC="0.96" CONTENT="form"/><SP WIDTH="18" VPOS="661" HPOS="447"/>
							<String ID="string_177" HPOS="465" VPOS="662" WIDTH="67" HEIGHT="21" WC="0.96" CONTENT="borde"/><SP WIDTH="17" VPOS="662" HPOS="532"/>
							<String ID="string_178" HPOS="549" VPOS="662" WIDTH="84" HEIGHT="27" WC="0.96" CONTENT="byggas,"/><SP WIDTH="17" VPOS="662" HPOS="633"/>
							<String ID="string_179" HPOS="650" VPOS="662" WIDTH="105" HEIGHT="21" WC="0.96" CONTENT="erkänner"/><SP WIDTH="12" VPOS="662" HPOS="755"/>
							<String ID="string_180" HPOS="767" VPOS="662" WIDTH="43" HEIGHT="27" WC="0.96" CONTENT="jag,"/><SP WIDTH="17" VPOS="662" HPOS="810"/>
							<String ID="string_181" HPOS="827" VPOS="664" WIDTH="33" HEIGHT="19" WC="0.96" CONTENT="att"/><SP WIDTH="15" VPOS="664" HPOS="860"/>
							<String ID="string_182" HPOS="875" VPOS="662" WIDTH="40" HEIGHT="21" WC="0.96" CONTENT="den"/>
						</TextLine>
						<TextLine ID="line_18" HPOS="84" VPOS="690" WIDTH="832" HEIGHT="27">
							<String ID="string_183" HPOS="84" VPOS="698" WIDTH="28" HEIGHT="14" WC="0.95" CONTENT="nu"/><SP WIDTH="16" VPOS="698" HPOS="112"/>
							<String ID="string_184" HPOS="128" VPOS="691" WIDTH="120" HEIGHT="26" WC="0.96" CONTENT="föreslagna"/><SP WIDTH="15" VPOS="691" HPOS="248"/>
							<String ID="string_185" HPOS="263" VPOS="691" WIDTH="32" HEIGHT="21" WC="0.95" CONTENT="till"/><SP WIDTH="16" VPOS="691" HPOS="295"/>
							<String ID="string_186" HPOS="311" VPOS="690" WIDTH="132" HEIGHT="27" WC="0.96" CONTENT="Björneborg"/><SP WIDTH="16" VPOS="690" HPOS="443"/>
							<String ID="string_187" HPOS="459" VPOS="693" WIDTH="25" HEIGHT="19" WC="0.96" CONTENT="är"/><SP WIDTH="16" VPOS="693" HPOS="484"/>
							<String ID="string_188" HPOS="500" VPOS="691" WIDTH="46" HEIGHT="25" WC="0.96" CONTENT="den,"/><SP WIDTH="17" VPOS="691" HPOS="546"/>
							<String ID="string_189" HPOS="563" VPOS="697" WIDTH="45" HEIGHT="15" WC="0.96" CONTENT="som"/><SP WIDTH="17" VPOS="697" HPOS="608"/>
							<String ID="string_190" HPOS="625" VPOS="691" WIDTH="6" HEIGHT="20" WC="0.96" CONTENT="i"/><SP WIDTH="16" VPOS="691" HPOS="631"/>
							<String ID="string_191" HPOS="647" VPOS="690" WIDTH="90" HEIGHT="22" WC="0.96" CONTENT="främsta"/><SP WIDTH="10" VPOS="690" HPOS="737"/>
							<String ID="string_192" HPOS="747" VPOS="693" WIDTH="92" HEIGHT="19" WC="0.96" CONTENT="rummet"/><SP WIDTH="11" VPOS="693" HPOS="839"/>
							<String ID="string_193" HPOS="850" VPOS="691" WIDTH="66" HEIGHT="21" WC="0.96" CONTENT="borde"/>
						</TextLine>
						<TextLine ID="line_19" HPOS="84" VPOS="719" WIDTH="832" HEIGHT="27">
							<String ID="string_194" HPOS="84" VPOS="720" WIDTH="88" HEIGHT="20" WC="0.93" CONTENT="utföras."/><SP WIDTH="31" VPOS="720" HPOS="172"/>
							<String ID="string_195" HPOS="203" VPOS="719" WIDTH="72" HEIGHT="21" WC="0.95" CONTENT="Under"/><SP WIDTH="24" VPOS="719" HPOS="275"/>
							<String ID="string_196" HPOS="299" VPOS="719" WIDTH="160" HEIGHT="27" WC="0.95" CONTENT="förutsättning,"/><SP WIDTH="22" VPOS="719" HPOS="459"/>
							<String ID="string_197" HPOS="481" VPOS="722" WIDTH="31" HEIGHT="18" WC="0.96" CONTENT="att"/><SP WIDTH="17" VPOS="722" HPOS="512"/>
							<String ID="string_198" HPOS="529" VPOS="720" WIDTH="68" HEIGHT="20" WC="0.92" CONTENT="denna"/><SP WIDTH="16" VPOS="720" HPOS="597"/>
							<String ID="string_199" HPOS="613" VPOS="720" WIDTH="67" HEIGHT="21" WC="0.91" CONTENT="banas"/><SP WIDTH="16" VPOS="720" HPOS="680"/>
							<String ID="string_200" HPOS="696" VPOS="719" WIDTH="110" HEIGHT="27" WC="0.95" CONTENT="byggande"/><SP WIDTH="16" VPOS="719" HPOS="806"/>
							<String ID="string_201" HPOS="822" VPOS="719" WIDTH="18" HEIGHT="27" WC="0.93" CONTENT="ej"/><SP WIDTH="16" VPOS="719" HPOS="840"/>
							<String ID="string_202" HPOS="856" VPOS="719" WIDTH="60" HEIGHT="21" WC="0.93" CONTENT="kom-"/>
						</TextLine>
						<TextLine ID="line_20" HPOS="85" VPOS="748" WIDTH="831" HEIGHT="27">
							<String ID="string_203" HPOS="85" VPOS="754" WIDTH="45" HEIGHT="15" WC="0.95" CONTENT="mer"/><SP WIDTH="16" VPOS="754" HPOS="130"/>
							<String ID="string_204" HPOS="146" VPOS="750" WIDTH="31" HEIGHT="19" WC="0.96" CONTENT="att"/><SP WIDTH="14" VPOS="750" HPOS="177"/>
							<String ID="string_205" HPOS="191" VPOS="748" WIDTH="89" HEIGHT="21" WC="0.96" CONTENT="inverka"/><SP WIDTH="16" VPOS="748" HPOS="280"/>
							<String ID="string_206" HPOS="296" VPOS="749" WIDTH="27" HEIGHT="26" WC="0.96" CONTENT="på"/><SP WIDTH="23" VPOS="749" HPOS="323"/>
							<String ID="string_207" HPOS="346" VPOS="748" WIDTH="100" HEIGHT="21" WC="0.93" CONTENT="framtida"/><SP WIDTH="26" VPOS="748" HPOS="446"/>
							<String ID="string_208" HPOS="472" VPOS="748" WIDTH="135" HEIGHT="22" WC="0.91" CONTENT="stambanors"/><SP WIDTH="17" VPOS="748" HPOS="607"/>
							<String ID="string_209" HPOS="624" VPOS="748" WIDTH="117" HEIGHT="27" WC="0.95" CONTENT="byggande,"/><SP WIDTH="17" VPOS="748" HPOS="741"/>
							<String ID="string_210" HPOS="758" VPOS="748" WIDTH="38" HEIGHT="21" WC="0.96" CONTENT="har"/><SP WIDTH="14" VPOS="748" HPOS="796"/>
							<String ID="string_211" HPOS="810" VPOS="748" WIDTH="36" HEIGHT="27" WC="0.96" CONTENT="jag"/><SP WIDTH="16" VPOS="748" HPOS="846"/>
							<String ID="string_212" HPOS="862" VPOS="748" WIDTH="54" HEIGHT="21" WC="0.96" CONTENT="intet"/>
						</TextLine>
						<TextLine ID="line_21" HPOS="84" VPOS="776" WIDTH="832" HEIGHT="27">
							<String ID="string_213" HPOS="84" VPOS="779" WIDTH="64" HEIGHT="24" WC="0.96" CONTENT="emot,"/><SP WIDTH="25" VPOS="779" HPOS="148"/>
							<String ID="string_214" HPOS="173" VPOS="779" WIDTH="32" HEIGHT="18" WC="0.96" CONTENT="att"/><SP WIDTH="24" VPOS="779" HPOS="205"/>
							<String ID="string_215" HPOS="229" VPOS="778" WIDTH="68" HEIGHT="19" WC="0.93" CONTENT="staten"/><SP WIDTH="24" VPOS="778" HPOS="297"/>
							<String ID="string_216" HPOS="321" VPOS="776" WIDTH="178" HEIGHT="22" WC="0.91" CONTENT="subventionerar"/><SP WIDTH="16" VPOS="776" HPOS="499"/>
							<String ID="string_217" HPOS="515" VPOS="778" WIDTH="128" HEIGHT="20" WC="0.95" CONTENT="densamma."/><SP WIDTH="33" VPOS="778" HPOS="643"/>
							<String ID="string_218" HPOS="676" VPOS="777" WIDTH="47" HEIGHT="21" WC="0.94" CONTENT="Men"/><SP WIDTH="14" VPOS="777" HPOS="723"/>
							<String ID="string_219" HPOS="737" VPOS="777" WIDTH="37" HEIGHT="26" WC="0.92" CONTENT="jag"/><SP WIDTH="16" VPOS="777" HPOS="774"/>
							<String ID="string_220" HPOS="790" VPOS="778" WIDTH="78" HEIGHT="25" WC="0.90" CONTENT="ansåge"/><SP WIDTH="16" VPOS="778" HPOS="868"/>
							<String ID="string_221" HPOS="884" VPOS="778" WIDTH="32" HEIGHT="19" WC="0.95" CONTENT="att"/>
						</TextLine>
						<TextLine ID="line_22" HPOS="84" VPOS="805" WIDTH="831" HEIGHT="27">
							<String ID="string_222" HPOS="84" VPOS="805" WIDTH="40" HEIGHT="21" WC="0.96" CONTENT="den"/><SP WIDTH="16" VPOS="805" HPOS="124"/>
							<String ID="string_223" HPOS="140" VPOS="811" WIDTH="87" HEIGHT="20" WC="0.96" CONTENT="summa,"/><SP WIDTH="16" VPOS="811" HPOS="227"/>
							<String ID="string_224" HPOS="243" VPOS="811" WIDTH="46" HEIGHT="15" WC="0.95" CONTENT="som"/><SP WIDTH="16" VPOS="811" HPOS="289"/>
							<String ID="string_225" HPOS="305" VPOS="805" WIDTH="39" HEIGHT="21" WC="0.96" CONTENT="här"/><SP WIDTH="17" VPOS="805" HPOS="344"/>
							<String ID="string_226" HPOS="361" VPOS="805" WIDTH="88" HEIGHT="21" WC="0.95" CONTENT="föreslås"/><SP WIDTH="18" VPOS="805" HPOS="449"/>
							<String ID="string_227" HPOS="467" VPOS="805" WIDTH="33" HEIGHT="21" WC="0.95" CONTENT="till"/><SP WIDTH="16" VPOS="805" HPOS="500"/>
							<String ID="string_228" HPOS="516" VPOS="806" WIDTH="133" HEIGHT="25" WC="0.96" CONTENT="subvention,"/><SP WIDTH="17" VPOS="806" HPOS="649"/>
							<String ID="string_229" HPOS="666" VPOS="807" WIDTH="23" HEIGHT="19" WC="0.96" CONTENT="är"/><SP WIDTH="16" VPOS="807" HPOS="689"/>
							<String ID="string_230" HPOS="705" VPOS="805" WIDTH="23" HEIGHT="21" WC="0.96" CONTENT="så"/><SP WIDTH="15" VPOS="805" HPOS="728"/>
							<String ID="string_231" HPOS="743" VPOS="805" WIDTH="67" HEIGHT="27" WC="0.96" CONTENT="ringa,"/><SP WIDTH="16" VPOS="805" HPOS="810"/>
							<String ID="string_232" HPOS="826" VPOS="807" WIDTH="32" HEIGHT="19" WC="0.96" CONTENT="att"/><SP WIDTH="13" VPOS="807" HPOS="858"/>
							<String ID="string_233" HPOS="871" VPOS="805" WIDTH="44" HEIGHT="27" WC="0.96" CONTENT="jag,"/>
						</TextLine>
						<TextLine ID="line_23" HPOS="83" VPOS="833" WIDTH="833" HEIGHT="28">
							<String ID="string_234" HPOS="83" VPOS="834" WIDTH="117" HEIGHT="27" WC="0.92" CONTENT="upprigtigt"/><SP WIDTH="23" VPOS="834" HPOS="200"/>
							<String ID="string_235" HPOS="223" VPOS="834" WIDTH="68" HEIGHT="27" WC="0.92" CONTENT="sagdt,"/><SP WIDTH="24" VPOS="834" HPOS="291"/>
							<String ID="string_236" HPOS="315" VPOS="833" WIDTH="18" HEIGHT="27" WC="0.96" CONTENT="ej"/><SP WIDTH="21" VPOS="833" HPOS="333"/>
							<String ID="string_237" HPOS="354" VPOS="834" WIDTH="39" HEIGHT="21" WC="0.97" CONTENT="har"/><SP WIDTH="15" VPOS="834" HPOS="393"/>
							<String ID="string_238" HPOS="408" VPOS="834" WIDTH="83" HEIGHT="21" WC="0.96" CONTENT="kunnat"/><SP WIDTH="16" VPOS="834" HPOS="491"/>
							<String ID="string_239" HPOS="507" VPOS="835" WIDTH="72" HEIGHT="24" WC="0.96" CONTENT="tänka,"/><SP WIDTH="16" VPOS="835" HPOS="579"/>
							<String ID="string_240" HPOS="595" VPOS="837" WIDTH="31" HEIGHT="18" WC="0.96" CONTENT="att"/><SP WIDTH="17" VPOS="837" HPOS="626"/>
							<String ID="string_241" HPOS="643" VPOS="835" WIDTH="63" HEIGHT="25" WC="0.93" CONTENT="något"/><SP WIDTH="16" VPOS="835" HPOS="706"/>
							<String ID="string_242" HPOS="722" VPOS="833" WIDTH="194" HEIGHT="28" WC="0.68" CONTENT="byggnadsföretag"/>
						</TextLine>
						<TextLine ID="line_24" HPOS="84" VPOS="862" WIDTH="832" HEIGHT="28">
							<String ID="string_243" HPOS="84" VPOS="863" WIDTH="85" HEIGHT="21" WC="0.96" CONTENT="dermed"/><SP WIDTH="24" VPOS="863" HPOS="169"/>
							<String ID="string_244" HPOS="193" VPOS="863" WIDTH="71" HEIGHT="20" WC="0.96" CONTENT="kunde"/><SP WIDTH="24" VPOS="863" HPOS="264"/>
							<String ID="string_245" HPOS="288" VPOS="863" WIDTH="85" HEIGHT="21" WC="0.95" CONTENT="komma"/><SP WIDTH="23" VPOS="863" HPOS="373"/>
							<String ID="string_246" HPOS="396" VPOS="863" WIDTH="32" HEIGHT="20" WC="0.95" CONTENT="till"/><SP WIDTH="22" VPOS="863" HPOS="428"/>
							<String ID="string_247" HPOS="450" VPOS="863" WIDTH="69" HEIGHT="21" WC="0.95" CONTENT="stånd."/><SP WIDTH="31" VPOS="863" HPOS="519"/>
							<String ID="string_248" HPOS="550" VPOS="863" WIDTH="40" HEIGHT="26" WC="0.96" CONTENT="Jag"/><SP WIDTH="16" VPOS="863" HPOS="590"/>
							<String ID="string_249" HPOS="606" VPOS="862" WIDTH="39" HEIGHT="21" WC="0.96" CONTENT="har"/><SP WIDTH="16" VPOS="862" HPOS="645"/>
							<String ID="string_250" HPOS="661" VPOS="863" WIDTH="61" HEIGHT="20" WC="0.96" CONTENT="äfven"/><SP WIDTH="16" VPOS="863" HPOS="722"/>
							<String ID="string_251" HPOS="738" VPOS="863" WIDTH="60" HEIGHT="27" WC="0.96" CONTENT="tyckt"/><SP WIDTH="15" VPOS="863" HPOS="798"/>
							<String ID="string_252" HPOS="813" VPOS="863" WIDTH="36" HEIGHT="20" WC="0.96" CONTENT="det"/><SP WIDTH="15" VPOS="863" HPOS="849"/>
							<String ID="string_253" HPOS="864" VPOS="869" WIDTH="52" HEIGHT="14" WC="0.96" CONTENT="vara"/>
						</TextLine>
						<TextLine ID="line_25" HPOS="83" VPOS="891" WIDTH="833" HEIGHT="27">
							<String ID="string_254" HPOS="83" VPOS="891" WIDTH="136" HEIGHT="27" WC="0.96" CONTENT="naturligare,"/><SP WIDTH="17" VPOS="891" HPOS="219"/>
							<String ID="string_255" HPOS="236" VPOS="893" WIDTH="33" HEIGHT="19" WC="0.96" CONTENT="att"/><SP WIDTH="15" VPOS="893" HPOS="269"/>
							<String ID="string_256" HPOS="284" VPOS="897" WIDTH="25" HEIGHT="15" WC="0.96" CONTENT="en"/><SP WIDTH="16" VPOS="897" HPOS="309"/>
							<String ID="string_257" HPOS="325" VPOS="891" WIDTH="78" HEIGHT="21" WC="0.96" CONTENT="bibana"/><SP WIDTH="15" VPOS="891" HPOS="403"/>
							<String ID="string_258" HPOS="418" VPOS="891" WIDTH="34" HEIGHT="21" WC="0.96" CONTENT="till"/><SP WIDTH="17" VPOS="891" HPOS="452"/>
							<String ID="string_259" HPOS="469" VPOS="891" WIDTH="134" HEIGHT="27" WC="0.95" CONTENT="Björneborg"/><SP WIDTH="20" VPOS="891" HPOS="603"/>
							<String ID="string_260" HPOS="623" VPOS="891" WIDTH="68" HEIGHT="21" WC="0.96" CONTENT="skulle"/><SP WIDTH="17" VPOS="891" HPOS="691"/>
							<String ID="string_261" HPOS="708" VPOS="891" WIDTH="58" HEIGHT="21" WC="0.96" CONTENT="bilda"/><SP WIDTH="16" VPOS="891" HPOS="766"/>
							<String ID="string_262" HPOS="782" VPOS="897" WIDTH="25" HEIGHT="15" WC="0.93" CONTENT="en"/><SP WIDTH="16" VPOS="897" HPOS="807"/>
							<String ID="string_263" HPOS="823" VPOS="891" WIDTH="93" HEIGHT="26" WC="0.91" CONTENT="integre-"/>
						</TextLine>
						<TextLine ID="line_26" HPOS="84" VPOS="919" WIDTH="832" HEIGHT="27">
							<String ID="string_264" HPOS="84" VPOS="920" WIDTH="64" HEIGHT="21" WC="0.96" CONTENT="rande"/><SP WIDTH="17" VPOS="920" HPOS="148"/>
							<String ID="string_265" HPOS="165" VPOS="920" WIDTH="33" HEIGHT="21" WC="0.95" CONTENT="del"/><SP WIDTH="16" VPOS="920" HPOS="198"/>
							<String ID="string_266" HPOS="214" VPOS="920" WIDTH="22" HEIGHT="20" WC="0.93" CONTENT="af"/><SP WIDTH="14" VPOS="920" HPOS="236"/>
							<String ID="string_267" HPOS="250" VPOS="920" WIDTH="177" HEIGHT="21" WC="0.91" CONTENT="stambanenätet."/><SP WIDTH="31" VPOS="920" HPOS="427"/>
							<String ID="string_268" HPOS="458" VPOS="920" WIDTH="50" HEIGHT="21" WC="0.96" CONTENT="Men"/><SP WIDTH="16" VPOS="920" HPOS="508"/>
							<String ID="string_269" HPOS="524" VPOS="920" WIDTH="28" HEIGHT="21" WC="0.96" CONTENT="då"/><SP WIDTH="15" VPOS="920" HPOS="552"/>
							<String ID="string_270" HPOS="567" VPOS="926" WIDTH="26" HEIGHT="14" WC="0.96" CONTENT="en"/><SP WIDTH="16" VPOS="926" HPOS="593"/>
							<String ID="string_271" HPOS="609" VPOS="919" WIDTH="24" HEIGHT="21" WC="0.96" CONTENT="af"/><SP WIDTH="14" VPOS="919" HPOS="633"/>
							<String ID="string_272" HPOS="647" VPOS="920" WIDTH="143" HEIGHT="26" WC="0.93" CONTENT="Björneborgs"/><SP WIDTH="16" VPOS="920" HPOS="790"/>
							<String ID="string_273" HPOS="806" VPOS="926" WIDTH="110" HEIGHT="20" WC="0.91" CONTENT="represen-"/>
						</TextLine>
						<TextLine ID="line_27" HPOS="84" VPOS="948" WIDTH="832" HEIGHT="27">
							<String ID="string_274" HPOS="84" VPOS="950" WIDTH="70" HEIGHT="20" WC="0.96" CONTENT="tanter"/><SP WIDTH="24" VPOS="950" HPOS="154"/>
							<String ID="string_275" HPOS="178" VPOS="948" WIDTH="118" HEIGHT="27" WC="0.94" CONTENT="tillstyrker"/><SP WIDTH="23" VPOS="948" HPOS="296"/>
							<String ID="string_276" HPOS="319" VPOS="948" WIDTH="69" HEIGHT="21" WC="0.94" CONTENT="denna"/><SP WIDTH="16" VPOS="948" HPOS="388"/>
							<String ID="string_277" HPOS="404" VPOS="948" WIDTH="134" HEIGHT="26" WC="0.96" CONTENT="subvention,"/><SP WIDTH="18" VPOS="948" HPOS="538"/>
							<String ID="string_278" HPOS="556" VPOS="948" WIDTH="53" HEIGHT="22" WC="0.96" CONTENT="dock"/><SP WIDTH="16" VPOS="948" HPOS="609"/>
							<String ID="string_279" HPOS="625" VPOS="949" WIDTH="48" HEIGHT="20" WC="0.96" CONTENT="med"/><SP WIDTH="16" VPOS="949" HPOS="673"/>
							<String ID="string_280" HPOS="689" VPOS="948" WIDTH="76" HEIGHT="26" WC="0.96" CONTENT="vilkor,"/><SP WIDTH="17" VPOS="948" HPOS="765"/>
							<String ID="string_281" HPOS="782" VPOS="950" WIDTH="32" HEIGHT="19" WC="0.96" CONTENT="att"/><SP WIDTH="15" VPOS="950" HPOS="814"/>
							<String ID="string_282" HPOS="829" VPOS="954" WIDTH="28" HEIGHT="15" WC="0.92" CONTENT="nu"/><SP WIDTH="17" VPOS="954" HPOS="857"/>
							<String ID="string_283" HPOS="874" VPOS="948" WIDTH="42" HEIGHT="21" WC="0.92" CONTENT="för-"/>
						</TextLine>
						<TextLine ID="line_28" HPOS="83" VPOS="976" WIDTH="832" HEIGHT="28">
							<String ID="string_284" HPOS="83" VPOS="977" WIDTH="49" HEIGHT="27" WC="0.92" CONTENT="höja"/><SP WIDTH="16" VPOS="977" HPOS="132"/>
							<String ID="string_285" HPOS="148" VPOS="977" WIDTH="159" HEIGHT="25" WC="0.92" CONTENT="subventionen,"/><SP WIDTH="21" VPOS="977" HPOS="307"/>
							<String ID="string_286" HPOS="328" VPOS="977" WIDTH="19" HEIGHT="21" WC="0.92" CONTENT="d."/><SP WIDTH="17" VPOS="977" HPOS="347"/>
							<String ID="string_287" HPOS="364" VPOS="983" WIDTH="18" HEIGHT="14" WC="0.90" CONTENT="v."/><SP WIDTH="17" VPOS="983" HPOS="382"/>
							<String ID="string_288" HPOS="399" VPOS="983" WIDTH="15" HEIGHT="15" WC="0.91" CONTENT="s."/><SP WIDTH="18" VPOS="983" HPOS="414"/>
							<String ID="string_289" HPOS="432" VPOS="980" WIDTH="33" HEIGHT="18" WC="0.96" CONTENT="att"/><SP WIDTH="16" VPOS="980" HPOS="465"/>
							<String ID="string_290" HPOS="481" VPOS="977" WIDTH="36" HEIGHT="21" WC="0.96" CONTENT="det"/><SP WIDTH="16" VPOS="977" HPOS="517"/>
							<String ID="string_291" HPOS="533" VPOS="978" WIDTH="34" HEIGHT="20" WC="0.96" CONTENT="må"/><SP WIDTH="16" VPOS="978" HPOS="567"/>
							<String ID="string_292" HPOS="583" VPOS="977" WIDTH="50" HEIGHT="21" WC="0.96" CONTENT="bero"/><SP WIDTH="16" VPOS="977" HPOS="633"/>
							<String ID="string_293" HPOS="649" VPOS="977" WIDTH="28" HEIGHT="27" WC="0.97" CONTENT="på"/><SP WIDTH="15" VPOS="977" HPOS="677"/>
							<String ID="string_294" HPOS="692" VPOS="978" WIDTH="123" HEIGHT="26" WC="0.96" CONTENT="regeringen"/><SP WIDTH="17" VPOS="978" HPOS="815"/>
							<String ID="string_295" HPOS="832" VPOS="979" WIDTH="31" HEIGHT="19" WC="0.93" CONTENT="att"/><SP WIDTH="16" VPOS="979" HPOS="863"/>
							<String ID="string_296" HPOS="879" VPOS="976" WIDTH="36" HEIGHT="21" WC="0.92" CONTENT="be-"/>
						</TextLine>
						<TextLine ID="line_29" HPOS="83" VPOS="1005" WIDTH="833" HEIGHT="27">
							<String ID="string_297" HPOS="83" VPOS="1006" WIDTH="49" HEIGHT="26" WC="0.96" CONTENT="vilja"/><SP WIDTH="22" VPOS="1006" HPOS="132"/>
							<String ID="string_298" HPOS="154" VPOS="1012" WIDTH="26" HEIGHT="14" WC="0.95" CONTENT="en"/><SP WIDTH="23" VPOS="1012" HPOS="180"/>
							<String ID="string_299" HPOS="203" VPOS="1006" WIDTH="125" HEIGHT="20" WC="0.95" CONTENT="subvention"/><SP WIDTH="23" VPOS="1006" HPOS="328"/>
							<String ID="string_300" HPOS="351" VPOS="1005" WIDTH="22" HEIGHT="21" WC="0.96" CONTENT="af"/><SP WIDTH="21" VPOS="1005" HPOS="373"/>
							<String ID="string_301" HPOS="394" VPOS="1006" WIDTH="78" HEIGHT="21" WC="0.93" CONTENT="mellan"/><SP WIDTH="26" VPOS="1006" HPOS="472"/>
							<String ID="string_302" HPOS="498" VPOS="1006" WIDTH="112" HEIGHT="26" WC="0.91" CONTENT="1,500,900"/><SP WIDTH="17" VPOS="1006" HPOS="610"/>
							<String ID="string_303" HPOS="627" VPOS="1006" WIDTH="39" HEIGHT="21" WC="0.96" CONTENT="och"/><SP WIDTH="17" VPOS="1006" HPOS="666"/>
							<String ID="string_304" HPOS="683" VPOS="1006" WIDTH="12" HEIGHT="20" WC="0.96" CONTENT="3"/><SP WIDTH="16" VPOS="1006" HPOS="695"/>
							<String ID="string_305" HPOS="711" VPOS="1006" WIDTH="102" HEIGHT="26" WC="0.96" CONTENT="miljoner,"/><SP WIDTH="16" VPOS="1006" HPOS="813"/>
							<String ID="string_306" HPOS="829" VPOS="1005" WIDTH="35" HEIGHT="21" WC="0.96" CONTENT="vill"/><SP WIDTH="14" VPOS="1005" HPOS="864"/>
							<String ID="string_307" HPOS="878" VPOS="1005" WIDTH="38" HEIGHT="27" WC="0.96" CONTENT="jag"/>
						</TextLine>
						<TextLine ID="line_30" HPOS="84" VPOS="1034" WIDTH="305" HEIGHT="28">
							<String ID="string_308" HPOS="84" VPOS="1034" WIDTH="61" HEIGHT="21" WC="0.92" CONTENT="äfven"/><SP WIDTH="17" VPOS="1034" HPOS="145"/>
							<String ID="string_309" HPOS="162" VPOS="1034" WIDTH="73" HEIGHT="22" WC="0.92" CONTENT="förena"/><SP WIDTH="14" VPOS="1034" HPOS="235"/>
							<String ID="string_310" HPOS="249" VPOS="1034" WIDTH="44" HEIGHT="28" WC="0.93" CONTENT="mig"/><SP WIDTH="15" VPOS="1034" HPOS="293"/>
							<String ID="string_311" HPOS="308" VPOS="1034" WIDTH="81" HEIGHT="21" WC="0.91" CONTENT="härom."/>
						</TextLine>
					</TextBlock>
				</ComposedBlock>
				<ComposedBlock ID="cblock_3" HPOS="153" VPOS="1097" WIDTH="442" HEIGHT="27">
					<TextBlock ID="block_2" HPOS="153" VPOS="1097" WIDTH="442" HEIGHT="27">
						<TextLine ID="line_31" HPOS="153" VPOS="1097" WIDTH="442" HEIGHT="27">
							<String ID="string_312" HPOS="153" VPOS="1097" WIDTH="55" HEIGHT="21" WC="0.93" CONTENT="Herr"/><SP WIDTH="16" VPOS="1097" HPOS="208"/>
							<String ID="string_313" HPOS="224" VPOS="1097" WIDTH="82" HEIGHT="27" WC="0.92" CONTENT="Nybom"/><SP WIDTH="47" VPOS="1097" HPOS="306"/>
							<String ID="string_314" HPOS="353" VPOS="1097" WIDTH="85" HEIGHT="27" WC="0.91" CONTENT="ätertog"/><SP WIDTH="16" VPOS="1097" HPOS="438"/>
							<String ID="string_315" HPOS="454" VPOS="1098" WIDTH="39" HEIGHT="20" WC="0.96" CONTENT="sitt"/><SP WIDTH="16" VPOS="1098" HPOS="493"/>
							<String ID="string_316" HPOS="509" VPOS="1097" WIDTH="86" HEIGHT="27" WC="0.96" CONTENT="förslag."/>
						</TextLine>
					</TextBlock>
				</ComposedBlock>
				<ComposedBlock ID="cblock_4" HPOS="84" VPOS="1160" WIDTH="832" HEIGHT="49">
					<TextBlock ID="block_3" HPOS="84" VPOS="1160" WIDTH="832" HEIGHT="49">
						<TextLine ID="line_32" HPOS="152" VPOS="1160" WIDTH="764" HEIGHT="27">
							<String ID="string_317" HPOS="152" VPOS="1160" WIDTH="55" HEIGHT="22" WC="0.96" CONTENT="Herr"/><SP WIDTH="16" VPOS="1160" HPOS="207"/>
							<String ID="string_318" HPOS="223" VPOS="1160" WIDTH="153" HEIGHT="27" WC="0.93" CONTENT="Federley"/><SP WIDTH="23" VPOS="1160" HPOS="376"/>
							<String ID="string_319" HPOS="399" VPOS="1160" WIDTH="98" HEIGHT="27" WC="0.92" CONTENT="frängick"/><SP WIDTH="22" VPOS="1160" HPOS="497"/>
							<String ID="string_320" HPOS="519" VPOS="1160" WIDTH="39" HEIGHT="21" WC="0.96" CONTENT="sitt"/><SP WIDTH="22" VPOS="1160" HPOS="558"/>
							<String ID="string_321" HPOS="580" VPOS="1160" WIDTH="80" HEIGHT="27" WC="0.93" CONTENT="förslag"/><SP WIDTH="22" VPOS="1160" HPOS="660"/>
							<String ID="string_322" HPOS="682" VPOS="1161" WIDTH="69" HEIGHT="20" WC="0.92" CONTENT="säsom"/><SP WIDTH="24" VPOS="1161" HPOS="751"/>
							<String ID="string_323" HPOS="775" VPOS="1160" WIDTH="46" HEIGHT="21" WC="0.91" CONTENT="icke"/><SP WIDTH="17" VPOS="1160" HPOS="821"/>
							<String ID="string_324" HPOS="838" VPOS="1160" WIDTH="78" HEIGHT="21" WC="0.92" CONTENT="under-"/>
						</TextLine>
						<TextLine ID="line_33" HPOS="84" VPOS="1188" WIDTH="64" HEIGHT="21">
							<String ID="string_325" HPOS="84" VPOS="1188" WIDTH="64" HEIGHT="21" WC="0.93" CONTENT="stödt."/>
						</TextLine>
					</TextBlock>
				</ComposedBlock>
				<ComposedBlock ID="cblock_5" HPOS="83" VPOS="1251" WIDTH="833" HEIGHT="50">
					<TextBlock ID="block_4" HPOS="83" VPOS="1251" WIDTH="833" HEIGHT="50">
						<TextLine ID="line_34" HPOS="153" VPOS="1251" WIDTH="763" HEIGHT="27">
							<String ID="string_326" HPOS="153" VPOS="1251" WIDTH="80" HEIGHT="21" WC="0.92" CONTENT="Herrar"/><SP WIDTH="46" VPOS="1251" HPOS="233"/>
							<String ID="string_327" HPOS="279" VPOS="1251" WIDTH="133" HEIGHT="22" WC="0.95" CONTENT="Molander"/><SP WIDTH="15" VPOS="1251" HPOS="412"/>
							<String ID="string_328" HPOS="427" VPOS="1251" WIDTH="40" HEIGHT="22" WC="0.96" CONTENT="och"/><SP WIDTH="17" VPOS="1251" HPOS="467"/>
							<String ID="string_329" HPOS="484" VPOS="1251" WIDTH="128" HEIGHT="26" WC="0.92" CONTENT="Ignatius"/><SP WIDTH="35" VPOS="1251" HPOS="612"/>
							<String ID="string_330" HPOS="647" VPOS="1251" WIDTH="101" HEIGHT="22" WC="0.92" CONTENT="förenade"/><SP WIDTH="16" VPOS="1251" HPOS="748"/>
							<String ID="string_331" HPOS="764" VPOS="1252" WIDTH="32" HEIGHT="26" WC="0.96" CONTENT="sig"/><SP WIDTH="11" VPOS="1252" HPOS="796"/>
							<String ID="string_332" HPOS="807" VPOS="1251" WIDTH="47" HEIGHT="21" WC="0.93" CONTENT="med"/><SP WIDTH="12" VPOS="1251" HPOS="854"/>
							<String ID="string_333" HPOS="866" VPOS="1251" WIDTH="50" HEIGHT="21" WC="0.92" CONTENT="herr"/>
						</TextLine>
						<TextLine ID="line_35" HPOS="83" VPOS="1279" WIDTH="98" HEIGHT="22">
							<String ID="string_334" HPOS="83" VPOS="1279" WIDTH="98" HEIGHT="22" WC="0.96" CONTENT="Neovius."/>
						</TextLine>
					</TextBlock>
				</ComposedBlock>
				<ComposedBlock ID="cblock_6" HPOS="82" VPOS="1343" WIDTH="834" HEIGHT="84">
					<TextBlock ID="block_5" HPOS="82" VPOS="1343" WIDTH="834" HEIGHT="84">
						<TextLine ID="line_36" HPOS="152" VPOS="1343" WIDTH="763" HEIGHT="26">
							<String ID="string_335" HPOS="152" VPOS="1343" WIDTH="90" HEIGHT="21" WC="0.91" CONTENT="Ständet"/><SP WIDTH="23" VPOS="1343" HPOS="242"/>
							<String ID="string_336" HPOS="265" VPOS="1343" WIDTH="68" HEIGHT="21" WC="0.93" CONTENT="beslöt"/><SP WIDTH="24" VPOS="1343" HPOS="333"/>
							<String ID="string_337" HPOS="357" VPOS="1343" WIDTH="51" HEIGHT="21" WC="0.91" CONTENT="derä"/><SP WIDTH="22" VPOS="1343" HPOS="408"/>
							<String ID="string_338" HPOS="430" VPOS="1343" WIDTH="49" HEIGHT="21" WC="0.93" CONTENT="med"/><SP WIDTH="24" VPOS="1343" HPOS="479"/>
							<String ID="string_339" HPOS="503" VPOS="1343" WIDTH="156" HEIGHT="26" WC="0.91" CONTENT="öfvervägande"/><SP WIDTH="25" VPOS="1343" HPOS="659"/>
							<String ID="string_340" HPOS="684" VPOS="1343" WIDTH="108" HEIGHT="26" WC="0.91" CONTENT="pluralitet"/><SP WIDTH="24" VPOS="1343" HPOS="792"/>
							<String ID="string_341" HPOS="816" VPOS="1345" WIDTH="32" HEIGHT="18" WC="0.93" CONTENT="att"/><SP WIDTH="15" VPOS="1345" HPOS="848"/>
							<String ID="string_342" HPOS="863" VPOS="1343" WIDTH="52" HEIGHT="26" WC="0.92" CONTENT="god-"/>
						</TextLine>
						<TextLine ID="line_37" HPOS="82" VPOS="1371" WIDTH="834" HEIGHT="28">
							<String ID="string_343" HPOS="82" VPOS="1371" WIDTH="70" HEIGHT="22" WC="0.93" CONTENT="känna"/><SP WIDTH="21" VPOS="1371" HPOS="152"/>
							<String ID="string_344" HPOS="173" VPOS="1372" WIDTH="112" HEIGHT="26" WC="0.92" CONTENT="klämmen,"/><SP WIDTH="23" VPOS="1372" HPOS="285"/>
							<String ID="string_345" HPOS="308" VPOS="1371" WIDTH="53" HEIGHT="22" WC="0.96" CONTENT="dock"/><SP WIDTH="25" VPOS="1371" HPOS="361"/>
							<String ID="string_346" HPOS="386" VPOS="1371" WIDTH="47" HEIGHT="22" WC="0.96" CONTENT="med"/><SP WIDTH="24" VPOS="1371" HPOS="433"/>
							<String ID="string_347" HPOS="457" VPOS="1372" WIDTH="41" HEIGHT="21" WC="0.95" CONTENT="den"/><SP WIDTH="22" VPOS="1372" HPOS="498"/>
							<String ID="string_348" HPOS="520" VPOS="1372" WIDTH="96" HEIGHT="27" WC="0.95" CONTENT="ändring,"/><SP WIDTH="16" VPOS="1372" HPOS="616"/>
							<String ID="string_349" HPOS="632" VPOS="1374" WIDTH="31" HEIGHT="19" WC="0.93" CONTENT="att"/><SP WIDTH="16" VPOS="1374" HPOS="663"/>
							<String ID="string_350" HPOS="679" VPOS="1372" WIDTH="153" HEIGHT="21" WC="0.91" CONTENT="subventionen"/><SP WIDTH="17" VPOS="1372" HPOS="832"/>
							<String ID="string_351" HPOS="849" VPOS="1371" WIDTH="67" HEIGHT="22" WC="0.96" CONTENT="borde"/>
						</TextLine>
						<TextLine ID="line_38" HPOS="82" VPOS="1400" WIDTH="678" HEIGHT="27">
							<String ID="string_352" HPOS="82" VPOS="1400" WIDTH="51" HEIGHT="27" WC="0.89" CONTENT="utgä"/><SP WIDTH="16" VPOS="1400" HPOS="133"/>
							<String ID="string_353" HPOS="149" VPOS="1400" WIDTH="48" HEIGHT="21" WC="0.93" CONTENT="med"/><SP WIDTH="15" VPOS="1400" HPOS="197"/>
							<String ID="string_354" HPOS="212" VPOS="1401" WIDTH="56" HEIGHT="20" WC="0.92" CONTENT="ända"/><SP WIDTH="15" VPOS="1401" HPOS="268"/>
							<String ID="string_355" HPOS="283" VPOS="1400" WIDTH="32" HEIGHT="21" WC="0.96" CONTENT="till"/><SP WIDTH="17" VPOS="1400" HPOS="315"/>
							<String ID="string_356" HPOS="332" VPOS="1400" WIDTH="82" HEIGHT="21" WC="0.96" CONTENT="hälften"/><SP WIDTH="17" VPOS="1400" HPOS="414"/>
							<String ID="string_357" HPOS="431" VPOS="1400" WIDTH="23" HEIGHT="21" WC="0.93" CONTENT="af"/><SP WIDTH="14" VPOS="1400" HPOS="454"/>
							<String ID="string_358" HPOS="468" VPOS="1400" WIDTH="292" HEIGHT="27" WC="0.91" CONTENT="anläggningskostnaderna."/>
						</TextLine>
					</TextBlock>
				</ComposedBlock>
				<ComposedBlock ID="cblock_7" HPOS="82" VPOS="1463" WIDTH="834" HEIGHT="84">
					<TextBlock ID="block_6" HPOS="82" VPOS="1463" WIDTH="834" HEIGHT="84">
						<TextLine ID="line_39" HPOS="151" VPOS="1463" WIDTH="765" HEIGHT="21">
							<String ID="string_359" HPOS="151" VPOS="1463" WIDTH="56" HEIGHT="21" WC="0.96" CONTENT="Herr"/><SP WIDTH="22" VPOS="1463" HPOS="207"/>
							<String ID="string_360" HPOS="229" VPOS="1463" WIDTH="172" HEIGHT="21" WC="0.93" CONTENT="Molander:"/><SP WIDTH="24" VPOS="1463" HPOS="401"/>
							<String ID="string_361" HPOS="425" VPOS="1463" WIDTH="34" HEIGHT="21" WC="0.92" CONTENT="Dä"/><SP WIDTH="24" VPOS="1463" HPOS="459"/>
							<String ID="string_362" HPOS="483" VPOS="1463" WIDTH="160" HEIGHT="21" WC="0.88" CONTENT="Bondeständet"/><SP WIDTH="22" VPOS="1463" HPOS="643"/>
							<String ID="string_363" HPOS="665" VPOS="1464" WIDTH="47" HEIGHT="20" WC="0.93" CONTENT="med"/><SP WIDTH="23" VPOS="1464" HPOS="712"/>
							<String ID="string_364" HPOS="735" VPOS="1466" WIDTH="78" HEIGHT="18" WC="0.93" CONTENT="tvenne"/><SP WIDTH="22" VPOS="1466" HPOS="813"/>
							<String ID="string_365" HPOS="835" VPOS="1464" WIDTH="81" HEIGHT="20" WC="0.92" CONTENT="rösters"/>
						</TextLine>
						<TextLine ID="line_40" HPOS="82" VPOS="1491" WIDTH="834" HEIGHT="27">
							<String ID="string_366" HPOS="82" VPOS="1491" WIDTH="109" HEIGHT="27" WC="0.92" CONTENT="majoritet"/><SP WIDTH="15" VPOS="1491" HPOS="191"/>
							<String ID="string_367" HPOS="206" VPOS="1492" WIDTH="107" HEIGHT="20" WC="0.92" CONTENT="förkastat"/><SP WIDTH="23" VPOS="1492" HPOS="313"/>
							<String ID="string_368" HPOS="336" VPOS="1491" WIDTH="117" HEIGHT="21" WC="0.92" CONTENT="utskottets"/><SP WIDTH="16" VPOS="1491" HPOS="453"/>
							<String ID="string_369" HPOS="469" VPOS="1492" WIDTH="136" HEIGHT="20" WC="0.92" CONTENT="betänkande"/><SP WIDTH="16" VPOS="1492" HPOS="605"/>
							<String ID="string_370" HPOS="621" VPOS="1492" WIDTH="6" HEIGHT="20" WC="0.96" CONTENT="i"/><SP WIDTH="17" VPOS="1492" HPOS="627"/>
							<String ID="string_371" HPOS="644" VPOS="1492" WIDTH="59" HEIGHT="20" WC="0.93" CONTENT="detta"/><SP WIDTH="15" VPOS="1492" HPOS="703"/>
							<String ID="string_372" HPOS="718" VPOS="1491" WIDTH="100" HEIGHT="21" WC="0.92" CONTENT="afseende"/><SP WIDTH="15" VPOS="1491" HPOS="818"/>
							<String ID="string_373" HPOS="833" VPOS="1491" WIDTH="40" HEIGHT="21" WC="0.96" CONTENT="och"/><SP WIDTH="16" VPOS="1491" HPOS="873"/>
							<String ID="string_374" HPOS="889" VPOS="1491" WIDTH="27" HEIGHT="21" WC="0.96" CONTENT="de"/>
						</TextLine>
						<TextLine ID="line_41" HPOS="82" VPOS="1519" WIDTH="833" HEIGHT="28">
							<String ID="string_375" HPOS="82" VPOS="1521" WIDTH="78" HEIGHT="20" WC="0.91" CONTENT="tvenne"/><SP WIDTH="16" VPOS="1521" HPOS="160"/>
							<String ID="string_376" HPOS="176" VPOS="1520" WIDTH="67" HEIGHT="27" WC="0.92" CONTENT="öfriga"/><SP WIDTH="15" VPOS="1520" HPOS="243"/>
							<String ID="string_377" HPOS="258" VPOS="1519" WIDTH="90" HEIGHT="22" WC="0.93" CONTENT="ständen"/><SP WIDTH="17" VPOS="1519" HPOS="348"/>
							<String ID="string_378" HPOS="365" VPOS="1520" WIDTH="82" HEIGHT="26" WC="0.92" CONTENT="antagit"/><SP WIDTH="17" VPOS="1520" HPOS="447"/>
							<String ID="string_379" HPOS="464" VPOS="1520" WIDTH="43" HEIGHT="26" WC="0.96" CONTENT="det,"/><SP WIDTH="17" VPOS="1520" HPOS="507"/>
							<String ID="string_380" HPOS="524" VPOS="1520" WIDTH="68" HEIGHT="21" WC="0.96" CONTENT="skulle"/><SP WIDTH="13" VPOS="1520" HPOS="592"/>
							<String ID="string_381" HPOS="605" VPOS="1520" WIDTH="37" HEIGHT="27" WC="0.93" CONTENT="jag"/><SP WIDTH="16" VPOS="1520" HPOS="642"/>
							<String ID="string_382" HPOS="658" VPOS="1519" WIDTH="91" HEIGHT="28" WC="0.92" CONTENT="anhälla,"/><SP WIDTH="17" VPOS="1519" HPOS="749"/>
							<String ID="string_383" HPOS="766" VPOS="1522" WIDTH="32" HEIGHT="19" WC="0.93" CONTENT="att"/><SP WIDTH="11" VPOS="1522" HPOS="798"/>
							<String ID="string_384" HPOS="809" VPOS="1519" WIDTH="106" HEIGHT="27" WC="0.92" CONTENT="Borgare-"/>
						</TextLine>
					</TextBlock>
				</ComposedBlock>
			</PrintSpace>
		</Page>
	</Layout>
</alto>
