<?xml version="1.0" encoding="UTF-8"?>
<alto xmlns="http://www.loc.gov/standards/alto/ns-v3#" xmlns:xlink="http://www.w3.org/1999/xlink" xmlns:xsi="http://www.w3.org/2001/XMLSchema-instance" xsi:schemaLocation="http://www.loc.gov/standards/alto/ns-v3# http://www.loc.gov/alto/v3/alto-3-0.xsd">
	<Description>
		<MeasurementUnit>pixel</MeasurementUnit>
		<sourceImageInformation>
			<fileName>/tmp/tess_sl3xg_b5_input.PNG</fileName>
		</sourceImageInformation>
		<OCRProcessing ID="OCR_0">
			<ocrProcessingStep>
				<processingSoftware>
					<softwareName>tesseract 5.3.4</softwareName>
				</processingSoftware>
			</ocrProcessingStep>
		</OCRProcessing>
	</Description>
	<Layout>
		<Page WIDTH="1125" HEIGHT="1811" PHYSICAL_IMG_NR="0" ID="page_0">
			<PrintSpace HPOS="0" VPOS="0" WIDTH="1125" HEIGHT="1811">
				<ComposedBlock ID="cblock_0" HPOS="305" VPOS="118" WIDTH="600" HEIGHT="28">
					<TextBlock ID="block_0" HPOS="305" VPOS="118" WIDTH="600" HEIGHT="28">
						<TextLine ID="line_0" HPOS="305" VPOS="118" WIDTH="600" HEIGHT="28">
							<String ID="string_0" HPOS="305" VPOS="124" WIDTH="180" HEIGHT="22" WC="0.92" CONTENT="Borgareståndet"/><SP WIDTH="13" VPOS="124" HPOS="485"/>
							<String ID="string_1" HPOS="498" VPOS="125" WIDTH="56" HEIGHT="17" WC="0.96" CONTENT="1882."/><SP WIDTH="26" VPOS="125" HPOS="554"/>
							<String ID="string_2" HPOS="580" VPOS="125" WIDTH="8" HEIGHT="15" WC="0.96" CONTENT="1"/><SP WIDTH="15" VPOS="125" HPOS="588"/>
							<String ID="string_3" HPOS="603" VPOS="124" WIDTH="51" HEIGHT="21" WC="0.96" CONTENT="juni."/><SP WIDTH="197" VPOS="124" HPOS="654"/>
							<String ID="string_4" HPOS="851" VPOS="118" WIDTH="54" HEIGHT="22" WC="0.96" CONTENT="1693"/>
						</TextLine>
					</TextBlock>
				</ComposedBlock>
				<GraphicalElement ID="cblock_1" HPOS="75" VPOS="151" WIDTH="832" HEIGHT="8"></GraphicalElement >
				<ComposedBlock ID="cblock_2" HPOS="74" VPOS="192" WIDTH="832" HEIGHT="59">
					<TextBlock ID="block_1" HPOS="74" VPOS="192" WIDTH="832" HEIGHT="59">
						<TextLine ID="line_1" HPOS="76" VPOS="192" WIDTH="830" HEIGHT="28">
							<String ID="string_5" HPOS="76" VPOS="196" WIDTH="72" HEIGHT="24" WC="0.96" CONTENT="annat,"/><SP WIDTH="24" VPOS="196" HPOS="148"/>
							<String ID="string_6" HPOS="172" VPOS="196" WIDTH="28" HEIGHT="20" WC="0.95" CONTENT="än"/><SP WIDTH="22" VPOS="196" HPOS="200"/>
							<String ID="string_7" HPOS="222" VPOS="195" WIDTH="33" HEIGHT="20" WC="0.95" CONTENT="att"/><SP WIDTH="22" VPOS="195" HPOS="255"/>
							<String ID="string_8" HPOS="277" VPOS="195" WIDTH="79" HEIGHT="25" WC="0.96" CONTENT="antaga"/><SP WIDTH="24" VPOS="195" HPOS="356"/>
							<String ID="string_9" HPOS="380" VPOS="193" WIDTH="41" HEIGHT="21" WC="0.96" CONTENT="den"/><SP WIDTH="23" VPOS="193" HPOS="421"/>
							<String ID="string_10" HPOS="444" VPOS="193" WIDTH="70" HEIGHT="27" WC="0.92" CONTENT="gamla"/><SP WIDTH="24" VPOS="193" HPOS="514"/>
							<String ID="string_11" HPOS="538" VPOS="192" WIDTH="225" HEIGHT="28" WC="0.88" CONTENT="bevillningsstadgan,"/><SP WIDTH="16" VPOS="192" HPOS="763"/>
							<String ID="string_12" HPOS="779" VPOS="192" WIDTH="71" HEIGHT="22" WC="0.92" CONTENT="såvidt"/><SP WIDTH="15" VPOS="192" HPOS="850"/>
							<String ID="string_13" HPOS="865" VPOS="193" WIDTH="41" HEIGHT="21" WC="0.96" CONTENT="den"/>
						</TextLine>
						<TextLine ID="line_2" HPOS="74" VPOS="221" WIDTH="456" HEIGHT="30">
							<String ID="string_14" HPOS="74" VPOS="225" WIDTH="64" HEIGHT="25" WC="0.96" CONTENT="utgör"/><SP WIDTH="16" VPOS="225" HPOS="138"/>
							<String ID="string_15" HPOS="154" VPOS="223" WIDTH="67" HEIGHT="28" WC="0.96" CONTENT="grund"/><SP WIDTH="16" VPOS="223" HPOS="221"/>
							<String ID="string_16" HPOS="237" VPOS="222" WIDTH="34" HEIGHT="21" WC="0.93" CONTENT="för"/><SP WIDTH="14" VPOS="222" HPOS="271"/>
							<String ID="string_17" HPOS="285" VPOS="221" WIDTH="245" HEIGHT="28" WC="0.90" CONTENT="inkomstbevillningen."/>
						</TextLine>
					</TextBlock>
				</ComposedBlock>
				<ComposedBlock ID="cblock_3" HPOS="76" VPOS="284" WIDTH="831" HEIGHT="115">
					<TextBlock ID="block_2" HPOS="76" VPOS="284" WIDTH="831" HEIGHT="115">
						<TextLine ID="line_3" HPOS="145" VPOS="284" WIDTH="761" HEIGHT="28">
							<String ID="string_18" HPOS="145" VPOS="286" WIDTH="56" HEIGHT="21" WC="0.96" CONTENT="Herr"/><SP WIDTH="15" VPOS="286" HPOS="201"/>
							<String ID="string_19" HPOS="216" VPOS="285" WIDTH="144" HEIGHT="21" WC="0.80" CONTENT="Castrén:"/><SP WIDTH="16" VPOS="285" HPOS="360"/>
							<String ID="string_20" HPOS="376" VPOS="284" WIDTH="76" HEIGHT="22" WC="0.91" CONTENT="Såvidt"/><SP WIDTH="12" VPOS="284" HPOS="452"/>
							<String ID="string_21" HPOS="464" VPOS="285" WIDTH="38" HEIGHT="27" WC="0.95" CONTENT="jag"/><SP WIDTH="14" VPOS="285" HPOS="502"/>
							<String ID="string_22" HPOS="516" VPOS="284" WIDTH="43" HEIGHT="21" WC="0.96" CONTENT="kan"/><SP WIDTH="16" VPOS="284" HPOS="559"/>
							<String ID="string_23" HPOS="575" VPOS="284" WIDTH="71" HEIGHT="21" WC="0.96" CONTENT="erinra"/><SP WIDTH="15" VPOS="284" HPOS="646"/>
							<String ID="string_24" HPOS="661" VPOS="284" WIDTH="42" HEIGHT="27" WC="0.93" CONTENT="mig"/><SP WIDTH="16" VPOS="284" HPOS="703"/>
							<String ID="string_25" HPOS="719" VPOS="284" WIDTH="97" HEIGHT="22" WC="0.92" CONTENT="ståndets"/><SP WIDTH="13" VPOS="284" HPOS="816"/>
							<String ID="string_26" HPOS="829" VPOS="284" WIDTH="77" HEIGHT="25" WC="0.96" CONTENT="beslut,"/>
						</TextLine>
						<TextLine ID="line_4" HPOS="77" VPOS="313" WIDTH="829" HEIGHT="28">
							<String ID="string_27" HPOS="77" VPOS="321" WIDTH="37" HEIGHT="14" WC="0.96" CONTENT="var"/><SP WIDTH="23" VPOS="321" HPOS="114"/>
							<String ID="string_28" HPOS="137" VPOS="315" WIDTH="36" HEIGHT="21" WC="0.95" CONTENT="det"/><SP WIDTH="15" VPOS="315" HPOS="173"/>
							<String ID="string_29" HPOS="188" VPOS="316" WIDTH="32" HEIGHT="19" WC="0.95" CONTENT="att"/><SP WIDTH="15" VPOS="316" HPOS="220"/>
							<String ID="string_30" HPOS="235" VPOS="316" WIDTH="52" HEIGHT="18" WC="0.96" CONTENT="utan"/><SP WIDTH="16" VPOS="316" HPOS="287"/>
							<String ID="string_31" HPOS="303" VPOS="313" WIDTH="73" HEIGHT="21" WC="0.96" CONTENT="vidare"/><SP WIDTH="16" VPOS="313" HPOS="376"/>
							<String ID="string_32" HPOS="392" VPOS="315" WIDTH="79" HEIGHT="25" WC="0.96" CONTENT="antaga"/><SP WIDTH="17" VPOS="315" HPOS="471"/>
							<String ID="string_33" HPOS="488" VPOS="313" WIDTH="40" HEIGHT="21" WC="0.96" CONTENT="den"/><SP WIDTH="11" VPOS="313" HPOS="528"/>
							<String ID="string_34" HPOS="539" VPOS="313" WIDTH="70" HEIGHT="28" WC="0.93" CONTENT="gamla"/><SP WIDTH="14" VPOS="313" HPOS="609"/>
							<String ID="string_35" HPOS="623" VPOS="313" WIDTH="283" HEIGHT="26" WC="0.91" CONTENT="bevillningsförordningen,"/>
						</TextLine>
						<TextLine ID="line_5" HPOS="77" VPOS="341" WIDTH="830" HEIGHT="27">
							<String ID="string_36" HPOS="77" VPOS="343" WIDTH="40" HEIGHT="21" WC="0.96" CONTENT="och"/><SP WIDTH="15" VPOS="343" HPOS="117"/>
							<String ID="string_37" HPOS="132" VPOS="343" WIDTH="88" HEIGHT="22" WC="0.96" CONTENT="sålunda"/><SP WIDTH="15" VPOS="343" HPOS="220"/>
							<String ID="string_38" HPOS="235" VPOS="342" WIDTH="69" HEIGHT="21" WC="0.96" CONTENT="skulle"/><SP WIDTH="15" VPOS="342" HPOS="304"/>
							<String ID="string_39" HPOS="319" VPOS="348" WIDTH="50" HEIGHT="15" WC="0.96" CONTENT="man"/><SP WIDTH="16" VPOS="348" HPOS="369"/>
							<String ID="string_40" HPOS="385" VPOS="341" WIDTH="62" HEIGHT="22" WC="0.96" CONTENT="äfven"/><SP WIDTH="16" VPOS="341" HPOS="447"/>
							<String ID="string_41" HPOS="463" VPOS="341" WIDTH="63" HEIGHT="22" WC="0.95" CONTENT="hafva"/><SP WIDTH="16" VPOS="341" HPOS="526"/>
							<String ID="string_42" HPOS="542" VPOS="341" WIDTH="81" HEIGHT="27" WC="0.96" CONTENT="antagit"/><SP WIDTH="13" VPOS="341" HPOS="623"/>
							<String ID="string_43" HPOS="636" VPOS="348" WIDTH="26" HEIGHT="15" WC="0.96" CONTENT="en"/><SP WIDTH="16" VPOS="348" HPOS="662"/>
							<String ID="string_44" HPOS="678" VPOS="341" WIDTH="79" HEIGHT="22" WC="0.96" CONTENT="dubbel"/><SP WIDTH="10" VPOS="341" HPOS="757"/>
							<String ID="string_45" HPOS="767" VPOS="341" WIDTH="140" HEIGHT="27" WC="0.96" CONTENT="beskattning"/>
						</TextLine>
						<TextLine ID="line_6" HPOS="76" VPOS="371" WIDTH="236" HEIGHT="28">
							<String ID="string_46" HPOS="76" VPOS="372" WIDTH="28" HEIGHT="27" WC="0.96" CONTENT="på"/><SP WIDTH="16" VPOS="372" HPOS="104"/>
							<String ID="string_47" HPOS="120" VPOS="371" WIDTH="20" HEIGHT="22" WC="0.95" CONTENT="öl"/><SP WIDTH="16" VPOS="371" HPOS="140"/>
							<String ID="string_48" HPOS="156" VPOS="371" WIDTH="39" HEIGHT="22" WC="0.96" CONTENT="och"/><SP WIDTH="16" VPOS="371" HPOS="195"/>
							<String ID="string_49" HPOS="211" VPOS="371" WIDTH="101" HEIGHT="26" WC="0.96" CONTENT="spelkort."/>
						</TextLine>
					</TextBlock>
				</ComposedBlock>
				<ComposedBlock ID="cblock_4" HPOS="74" VPOS="433" WIDTH="833" HEIGHT="56">
					<TextBlock ID="block_3" HPOS="74" VPOS="433" WIDTH="833" HEIGHT="56">
						<TextLine ID="line_7" HPOS="147" VPOS="433" WIDTH="760" HEIGHT="26">
							<String ID="string_50" HPOS="147" VPOS="435" WIDTH="54" HEIGHT="20" WC="0.93" CONTENT="Herr"/><SP WIDTH="24" VPOS="435" HPOS="201"/>
							<String ID="string_51" HPOS="225" VPOS="433" WIDTH="149" HEIGHT="22" WC="0.91" CONTENT="Neovius:"/><SP WIDTH="30" VPOS="433" HPOS="374"/>
							<String ID="string_52" HPOS="404" VPOS="433" WIDTH="42" HEIGHT="26" WC="0.96" CONTENT="Jag"/><SP WIDTH="25" VPOS="433" HPOS="446"/>
							<String ID="string_53" HPOS="471" VPOS="433" WIDTH="33" HEIGHT="22" WC="0.92" CONTENT="får"/><SP WIDTH="24" VPOS="433" HPOS="504"/>
							<String ID="string_54" HPOS="528" VPOS="433" WIDTH="109" HEIGHT="22" WC="0.91" CONTENT="vördsamt"/><SP WIDTH="23" VPOS="433" HPOS="637"/>
							<String ID="string_55" HPOS="660" VPOS="433" WIDTH="84" HEIGHT="26" WC="0.96" CONTENT="föreslå,"/><SP WIDTH="23" VPOS="433" HPOS="744"/>
							<String ID="string_56" HPOS="767" VPOS="435" WIDTH="33" HEIGHT="20" WC="0.96" CONTENT="att"/><SP WIDTH="22" VPOS="435" HPOS="800"/>
							<String ID="string_57" HPOS="822" VPOS="434" WIDTH="85" HEIGHT="21" WC="0.96" CONTENT="ståndet"/>
						</TextLine>
						<TextLine ID="line_8" HPOS="74" VPOS="462" WIDTH="595" HEIGHT="27">
							<String ID="string_58" HPOS="74" VPOS="463" WIDTH="52" HEIGHT="22" WC="0.94" CONTENT="ville"/><SP WIDTH="15" VPOS="463" HPOS="126"/>
							<String ID="string_59" HPOS="141" VPOS="462" WIDTH="74" HEIGHT="22" WC="0.96" CONTENT="förena"/><SP WIDTH="14" VPOS="462" HPOS="215"/>
							<String ID="string_60" HPOS="229" VPOS="463" WIDTH="32" HEIGHT="26" WC="0.96" CONTENT="sig"/><SP WIDTH="16" VPOS="463" HPOS="261"/>
							<String ID="string_61" HPOS="277" VPOS="469" WIDTH="34" HEIGHT="15" WC="0.96" CONTENT="om"/><SP WIDTH="16" VPOS="469" HPOS="311"/>
							<String ID="string_62" HPOS="327" VPOS="463" WIDTH="132" HEIGHT="26" WC="0.95" CONTENT="antagandet"/><SP WIDTH="16" VPOS="463" HPOS="459"/>
							<String ID="string_63" HPOS="475" VPOS="462" WIDTH="21" HEIGHT="22" WC="0.93" CONTENT="af"/><SP WIDTH="14" VPOS="462" HPOS="496"/>
							<String ID="string_64" HPOS="510" VPOS="462" WIDTH="159" HEIGHT="27" WC="0.91" CONTENT="inbjudningen."/>
						</TextLine>
					</TextBlock>
				</ComposedBlock>
				<ComposedBlock ID="cblock_5" HPOS="74" VPOS="525" WIDTH="834" HEIGHT="171">
					<TextBlock ID="block_4" HPOS="74" VPOS="525" WIDTH="834" HEIGHT="171">
						<TextLine ID="line_9" HPOS="147" VPOS="525" WIDTH="759" HEIGHT="27">
							<String ID="string_65" HPOS="147" VPOS="526" WIDTH="55" HEIGHT="21" WC="0.93" CONTENT="Herr"/><SP WIDTH="42" VPOS="526" HPOS="202"/>
							<String ID="string_66" HPOS="244" VPOS="525" WIDTH="125" HEIGHT="27" WC="0.89" CONTENT="Procopé:"/><SP WIDTH="23" VPOS="525" HPOS="369"/>
							<String ID="string_67" HPOS="392" VPOS="525" WIDTH="41" HEIGHT="21" WC="0.96" CONTENT="Det"/><SP WIDTH="17" VPOS="525" HPOS="433"/>
							<String ID="string_68" HPOS="450" VPOS="531" WIDTH="37" HEIGHT="16" WC="0.96" CONTENT="var"/><SP WIDTH="15" VPOS="531" HPOS="487"/>
							<String ID="string_69" HPOS="502" VPOS="527" WIDTH="73" HEIGHT="20" WC="0.96" CONTENT="senast"/><SP WIDTH="14" VPOS="527" HPOS="575"/>
							<String ID="string_70" HPOS="589" VPOS="525" WIDTH="62" HEIGHT="27" WC="0.96" CONTENT="fråga"/><SP WIDTH="15" VPOS="525" HPOS="651"/>
							<String ID="string_71" HPOS="666" VPOS="525" WIDTH="75" HEIGHT="21" WC="0.97" CONTENT="endast"/><SP WIDTH="17" VPOS="525" HPOS="741"/>
							<String ID="string_72" HPOS="758" VPOS="531" WIDTH="34" HEIGHT="15" WC="0.93" CONTENT="om"/><SP WIDTH="12" VPOS="531" HPOS="792"/>
							<String ID="string_73" HPOS="804" VPOS="525" WIDTH="102" HEIGHT="22" WC="0.91" CONTENT="inkomst-"/>
						</TextLine>
						<TextLine ID="line_10" HPOS="74" VPOS="553" WIDTH="832" HEIGHT="29">
							<String ID="string_74" HPOS="74" VPOS="554" WIDTH="145" HEIGHT="28" WC="0.90" CONTENT="bevillningen"/><SP WIDTH="24" VPOS="554" HPOS="219"/>
							<String ID="string_75" HPOS="243" VPOS="555" WIDTH="39" HEIGHT="21" WC="0.96" CONTENT="och"/><SP WIDTH="16" VPOS="555" HPOS="282"/>
							<String ID="string_76" HPOS="298" VPOS="554" WIDTH="49" HEIGHT="21" WC="0.96" CONTENT="med"/><SP WIDTH="16" VPOS="554" HPOS="347"/>
							<String ID="string_77" HPOS="363" VPOS="553" WIDTH="116" HEIGHT="28" WC="0.96" CONTENT="anledning"/><SP WIDTH="17" VPOS="553" HPOS="479"/>
							<String ID="string_78" HPOS="496" VPOS="554" WIDTH="61" HEIGHT="21" WC="0.96" CONTENT="deraf"/><SP WIDTH="14" VPOS="554" HPOS="557"/>
							<String ID="string_79" HPOS="571" VPOS="555" WIDTH="76" HEIGHT="25" WC="0.96" CONTENT="antogs"/><SP WIDTH="16" VPOS="555" HPOS="647"/>
							<String ID="string_80" HPOS="663" VPOS="554" WIDTH="40" HEIGHT="21" WC="0.93" CONTENT="den"/><SP WIDTH="17" VPOS="554" HPOS="703"/>
							<String ID="string_81" HPOS="720" VPOS="553" WIDTH="128" HEIGHT="27" WC="0.91" CONTENT="nugällande"/><SP WIDTH="15" VPOS="553" HPOS="848"/>
							<String ID="string_82" HPOS="863" VPOS="554" WIDTH="43" HEIGHT="21" WC="0.93" CONTENT="för-"/>
						</TextLine>
						<TextLine ID="line_11" HPOS="79" VPOS="582" WIDTH="829" HEIGHT="28">
							<String ID="string_83" HPOS="79" VPOS="583" WIDTH="118" HEIGHT="27" WC="0.96" CONTENT="ordningen"/><SP WIDTH="22" VPOS="583" HPOS="197"/>
							<String ID="string_84" HPOS="219" VPOS="583" WIDTH="109" HEIGHT="27" WC="0.93" CONTENT="angående"/><SP WIDTH="23" VPOS="583" HPOS="328"/>
							<String ID="string_85" HPOS="351" VPOS="582" WIDTH="212" HEIGHT="27" WC="0.90" CONTENT="inkomstbevillning"/><SP WIDTH="16" VPOS="582" HPOS="563"/>
							<String ID="string_86" HPOS="579" VPOS="584" WIDTH="32" HEIGHT="20" WC="0.96" CONTENT="att"/><SP WIDTH="15" VPOS="584" HPOS="611"/>
							<String ID="string_87" HPOS="626" VPOS="583" WIDTH="57" HEIGHT="26" WC="0.96" CONTENT="gälla"/><SP WIDTH="15" VPOS="583" HPOS="683"/>
							<String ID="string_88" HPOS="698" VPOS="582" WIDTH="33" HEIGHT="21" WC="0.96" CONTENT="för"/><SP WIDTH="16" VPOS="582" HPOS="731"/>
							<String ID="string_89" HPOS="747" VPOS="583" WIDTH="61" HEIGHT="21" WC="0.96" CONTENT="dessa"/><SP WIDTH="16" VPOS="583" HPOS="808"/>
							<String ID="string_90" HPOS="824" VPOS="585" WIDTH="32" HEIGHT="18" WC="0.93" CONTENT="tre"/><SP WIDTH="12" VPOS="585" HPOS="856"/>
							<String ID="string_91" HPOS="868" VPOS="583" WIDTH="40" HEIGHT="20" WC="0.93" CONTENT="föl-"/>
						</TextLine>
						<TextLine ID="line_12" HPOS="76" VPOS="610" WIDTH="831" HEIGHT="28">
							<String ID="string_92" HPOS="76" VPOS="611" WIDTH="64" HEIGHT="27" WC="0.91" CONTENT="jande"/><SP WIDTH="23" VPOS="611" HPOS="140"/>
							<String ID="string_93" HPOS="163" VPOS="612" WIDTH="30" HEIGHT="21" WC="0.93" CONTENT="år."/><SP WIDTH="30" VPOS="612" HPOS="193"/>
							<String ID="string_94" HPOS="223" VPOS="612" WIDTH="10" HEIGHT="21" WC="0.96" CONTENT="I"/><SP WIDTH="22" VPOS="612" HPOS="233"/>
							<String ID="string_95" HPOS="255" VPOS="610" WIDTH="94" HEIGHT="28" WC="0.95" CONTENT="enlighet"/><SP WIDTH="22" VPOS="610" HPOS="349"/>
							<String ID="string_96" HPOS="371" VPOS="611" WIDTH="49" HEIGHT="21" WC="0.95" CONTENT="med"/><SP WIDTH="24" VPOS="611" HPOS="420"/>
							<String ID="string_97" HPOS="444" VPOS="611" WIDTH="60" HEIGHT="21" WC="0.96" CONTENT="detta"/><SP WIDTH="23" VPOS="611" HPOS="504"/>
							<String ID="string_98" HPOS="527" VPOS="611" WIDTH="70" HEIGHT="21" WC="0.96" CONTENT="beslut"/><SP WIDTH="15" VPOS="611" HPOS="597"/>
							<String ID="string_99" HPOS="612" VPOS="610" WIDTH="40" HEIGHT="22" WC="0.96" CONTENT="har"/><SP WIDTH="17" VPOS="610" HPOS="652"/>
							<String ID="string_100" HPOS="669" VPOS="610" WIDTH="60" HEIGHT="22" WC="0.93" CONTENT="äfven"/><SP WIDTH="19" VPOS="610" HPOS="729"/>
							<String ID="string_101" HPOS="748" VPOS="610" WIDTH="159" HEIGHT="28" WC="0.91" CONTENT="bevillningsut-"/>
						</TextLine>
						<TextLine ID="line_13" HPOS="78" VPOS="639" WIDTH="830" HEIGHT="28">
							<String ID="string_102" HPOS="78" VPOS="640" WIDTH="81" HEIGHT="22" WC="0.96" CONTENT="skottet"/><SP WIDTH="15" VPOS="640" HPOS="159"/>
							<String ID="string_103" HPOS="174" VPOS="640" WIDTH="125" HEIGHT="22" WC="0.96" CONTENT="formulerat"/><SP WIDTH="16" VPOS="640" HPOS="299"/>
							<String ID="string_104" HPOS="315" VPOS="640" WIDTH="69" HEIGHT="21" WC="0.93" CONTENT="denna"/><SP WIDTH="16" VPOS="640" HPOS="384"/>
							<String ID="string_105" HPOS="400" VPOS="639" WIDTH="134" HEIGHT="28" WC="0.89" CONTENT="inbjudning,"/><SP WIDTH="18" VPOS="639" HPOS="534"/>
							<String ID="string_106" HPOS="552" VPOS="640" WIDTH="39" HEIGHT="21" WC="0.96" CONTENT="och"/><SP WIDTH="14" VPOS="640" HPOS="591"/>
							<String ID="string_107" HPOS="605" VPOS="640" WIDTH="37" HEIGHT="27" WC="0.96" CONTENT="jag"/><SP WIDTH="15" VPOS="640" HPOS="642"/>
							<String ID="string_108" HPOS="657" VPOS="640" WIDTH="32" HEIGHT="21" WC="0.96" CONTENT="får"/><SP WIDTH="15" VPOS="640" HPOS="689"/>
							<String ID="string_109" HPOS="704" VPOS="639" WIDTH="86" HEIGHT="22" WC="0.96" CONTENT="förorda"/><SP WIDTH="16" VPOS="639" HPOS="790"/>
							<String ID="string_110" HPOS="806" VPOS="640" WIDTH="48" HEIGHT="21" WC="0.93" CONTENT="dess"/><SP WIDTH="16" VPOS="640" HPOS="854"/>
							<String ID="string_111" HPOS="870" VPOS="646" WIDTH="38" HEIGHT="14" WC="0.92" CONTENT="an-"/>
						</TextLine>
						<TextLine ID="line_14" HPOS="79" VPOS="669" WIDTH="98" HEIGHT="27">
							<String ID="string_112" HPOS="79" VPOS="669" WIDTH="98" HEIGHT="27" WC="0.95" CONTENT="tagande."/>
						</TextLine>
					</TextBlock>
				</ComposedBlock>
				<ComposedBlock ID="cblock_6" HPOS="75" VPOS="727" WIDTH="827" HEIGHT="61">
					<TextBlock ID="block_5" HPOS="75" VPOS="727" WIDTH="827" HEIGHT="61">
						<TextLine ID="line_15" HPOS="144" VPOS="727" WIDTH="758" HEIGHT="31">
							<String ID="string_113" HPOS="144" VPOS="727" WIDTH="67" HEIGHT="26" WC="0.95" CONTENT="Äfven"/><SP WIDTH="23" VPOS="727" HPOS="211"/>
							<String ID="string_114" HPOS="234" VPOS="732" WIDTH="69" HEIGHT="21" WC="0.92" CONTENT="denna"/><SP WIDTH="12" VPOS="732" HPOS="303"/>
							<String ID="string_115" HPOS="315" VPOS="731" WIDTH="246" HEIGHT="27" WC="0.89" CONTENT="bevillningsutskottets"/><SP WIDTH="15" VPOS="731" HPOS="561"/>
							<String ID="string_116" HPOS="576" VPOS="731" WIDTH="159" HEIGHT="27" WC="0.96" CONTENT="framställning"/><SP WIDTH="16" VPOS="731" HPOS="735"/>
							<String ID="string_117" HPOS="751" VPOS="732" WIDTH="45" HEIGHT="21" WC="0.93" CONTENT="blef"/><SP WIDTH="16" VPOS="732" HPOS="796"/>
							<String ID="string_118" HPOS="812" VPOS="732" WIDTH="52" HEIGHT="21" WC="0.91" CONTENT="derå"/><SP WIDTH="16" VPOS="732" HPOS="864"/>
							<String ID="string_119" HPOS="880" VPOS="732" WIDTH="22" HEIGHT="20" WC="0.96" CONTENT="af"/>
						</TextLine>
						<TextLine ID="line_16" HPOS="75" VPOS="760" WIDTH="208" HEIGHT="28">
							<String ID="string_120" HPOS="75" VPOS="760" WIDTH="88" HEIGHT="22" WC="0.96" CONTENT="ståndet"/><SP WIDTH="15" VPOS="760" HPOS="163"/>
							<String ID="string_121" HPOS="178" VPOS="760" WIDTH="105" HEIGHT="28" WC="0.96" CONTENT="godkänd."/>
						</TextLine>
					</TextBlock>
				</ComposedBlock>
				<ComposedBlock ID="cblock_7" HPOS="77" VPOS="903" WIDTH="836" HEIGHT="428">
					<TextBlock ID="block_6" HPOS="77" VPOS="903" WIDTH="836" HEIGHT="428">
						<TextLine ID="line_17" HPOS="148" VPOS="903" WIDTH="761" HEIGHT="27">
							<String ID="string_122" HPOS="148" VPOS="903" WIDTH="57" HEIGHT="21" WC="0.93" CONTENT="Herr"/><SP WIDTH="21" VPOS="903" HPOS="205"/>
							<String ID="string_123" HPOS="226" VPOS="903" WIDTH="154" HEIGHT="27" WC="0.91" CONTENT="Procopé:"/><SP WIDTH="31" VPOS="903" HPOS="380"/>
							<String ID="string_124" HPOS="411" VPOS="903" WIDTH="75" HEIGHT="27" WC="0.95" CONTENT="Enligt"/><SP WIDTH="23" VPOS="903" HPOS="486"/>
							<String ID="string_125" HPOS="509" VPOS="903" WIDTH="55" HEIGHT="21" WC="0.96" CONTENT="hvad"/><SP WIDTH="21" VPOS="903" HPOS="564"/>
							<String ID="string_126" HPOS="585" VPOS="903" WIDTH="37" HEIGHT="27" WC="0.96" CONTENT="jag"/><SP WIDTH="16" VPOS="903" HPOS="622"/>
							<String ID="string_127" HPOS="638" VPOS="903" WIDTH="72" HEIGHT="21" WC="0.96" CONTENT="erfarit"/><SP WIDTH="15" VPOS="903" HPOS="710"/>
							<String ID="string_128" HPOS="725" VPOS="903" WIDTH="24" HEIGHT="21" WC="0.96" CONTENT="af"/><SP WIDTH="14" VPOS="903" HPOS="749"/>
							<String ID="string_129" HPOS="763" VPOS="909" WIDTH="25" HEIGHT="15" WC="0.96" CONTENT="en"/><SP WIDTH="16" VPOS="909" HPOS="788"/>
							<String ID="string_130" HPOS="804" VPOS="903" WIDTH="22" HEIGHT="21" WC="0.93" CONTENT="af"/><SP WIDTH="15" VPOS="903" HPOS="826"/>
							<String ID="string_131" HPOS="841" VPOS="903" WIDTH="68" HEIGHT="26" WC="0.92" CONTENT="lagut-"/>
						</TextLine>
						<TextLine ID="line_18" HPOS="78" VPOS="931" WIDTH="830" HEIGHT="27">
							<String ID="string_132" HPOS="78" VPOS="932" WIDTH="95" HEIGHT="21" WC="0.92" CONTENT="skottets"/><SP WIDTH="22" VPOS="932" HPOS="173"/>
							<String ID="string_133" HPOS="195" VPOS="932" WIDTH="145" HEIGHT="26" WC="0.96" CONTENT="medlemmar,"/><SP WIDTH="23" VPOS="932" HPOS="340"/>
							<String ID="string_134" HPOS="363" VPOS="932" WIDTH="41" HEIGHT="20" WC="0.96" CONTENT="har"/><SP WIDTH="22" VPOS="932" HPOS="404"/>
							<String ID="string_135" HPOS="426" VPOS="932" WIDTH="56" HEIGHT="21" WC="0.95" CONTENT="intet"/><SP WIDTH="16" VPOS="932" HPOS="482"/>
							<String ID="string_136" HPOS="498" VPOS="934" WIDTH="65" HEIGHT="19" WC="0.96" CONTENT="annat"/><SP WIDTH="16" VPOS="934" HPOS="563"/>
							<String ID="string_137" HPOS="579" VPOS="932" WIDTH="63" HEIGHT="21" WC="0.93" CONTENT="stånd"/><SP WIDTH="15" VPOS="932" HPOS="642"/>
							<String ID="string_138" HPOS="657" VPOS="931" WIDTH="167" HEIGHT="22" WC="0.92" CONTENT="återremitterat"/><SP WIDTH="15" VPOS="931" HPOS="824"/>
							<String ID="string_139" HPOS="839" VPOS="931" WIDTH="69" HEIGHT="26" WC="0.91" CONTENT="lagut-"/>
						</TextLine>
						<TextLine ID="line_19" HPOS="80" VPOS="959" WIDTH="830" HEIGHT="28">
							<String ID="string_140" HPOS="80" VPOS="961" WIDTH="92" HEIGHT="21" WC="0.93" CONTENT="skottets"/><SP WIDTH="15" VPOS="961" HPOS="172"/>
							<String ID="string_141" HPOS="187" VPOS="960" WIDTH="136" HEIGHT="22" WC="0.96" CONTENT="betänkande"/><SP WIDTH="15" VPOS="960" HPOS="323"/>
							<String ID="string_142" HPOS="338" VPOS="959" WIDTH="40" HEIGHT="23" WC="0.96" CONTENT="N:o"/><SP WIDTH="16" VPOS="959" HPOS="378"/>
							<String ID="string_143" HPOS="394" VPOS="960" WIDTH="12" HEIGHT="21" WC="0.96" CONTENT="9"/><SP WIDTH="16" VPOS="960" HPOS="406"/>
							<String ID="string_144" HPOS="422" VPOS="960" WIDTH="8" HEIGHT="21" WC="0.96" CONTENT="i"/><SP WIDTH="16" VPOS="960" HPOS="430"/>
							<String ID="string_145" HPOS="446" VPOS="960" WIDTH="116" HEIGHT="27" WC="0.96" CONTENT="anledning"/><SP WIDTH="15" VPOS="960" HPOS="562"/>
							<String ID="string_146" HPOS="577" VPOS="960" WIDTH="24" HEIGHT="21" WC="0.96" CONTENT="af"/><SP WIDTH="14" VPOS="960" HPOS="601"/>
							<String ID="string_147" HPOS="615" VPOS="960" WIDTH="77" HEIGHT="27" WC="0.96" CONTENT="nådiga"/><SP WIDTH="11" VPOS="960" HPOS="692"/>
							<String ID="string_148" HPOS="703" VPOS="960" WIDTH="160" HEIGHT="27" WC="0.96" CONTENT="propositionen"/><SP WIDTH="11" VPOS="960" HPOS="863"/>
							<String ID="string_149" HPOS="874" VPOS="966" WIDTH="36" HEIGHT="15" WC="0.97" CONTENT="om"/>
						</TextLine>
						<TextLine ID="line_20" HPOS="78" VPOS="988" WIDTH="832" HEIGHT="28">
							<String ID="string_150" HPOS="78" VPOS="989" WIDTH="93" HEIGHT="21" WC="0.96" CONTENT="svenska"/><SP WIDTH="22" VPOS="989" HPOS="171"/>
							<String ID="string_151" HPOS="193" VPOS="989" WIDTH="40" HEIGHT="21" WC="0.96" CONTENT="och"/><SP WIDTH="24" VPOS="989" HPOS="233"/>
							<String ID="string_152" HPOS="257" VPOS="989" WIDTH="68" HEIGHT="21" WC="0.95" CONTENT="finska"/><SP WIDTH="22" VPOS="989" HPOS="325"/>
							<String ID="string_153" HPOS="347" VPOS="988" WIDTH="104" HEIGHT="28" WC="0.93" CONTENT="språkens"/><SP WIDTH="17" VPOS="988" HPOS="451"/>
							<String ID="string_154" HPOS="468" VPOS="989" WIDTH="139" HEIGHT="27" WC="0.91" CONTENT="begagnande"/><SP WIDTH="15" VPOS="989" HPOS="607"/>
							<String ID="string_155" HPOS="622" VPOS="989" WIDTH="35" HEIGHT="21" WC="0.96" CONTENT="vid"/><SP WIDTH="16" VPOS="989" HPOS="657"/>
							<String ID="string_156" HPOS="673" VPOS="988" WIDTH="104" HEIGHT="22" WC="0.96" CONTENT="särskilda"/><SP WIDTH="16" VPOS="988" HPOS="777"/>
							<String ID="string_157" HPOS="793" VPOS="988" WIDTH="117" HEIGHT="22" WC="0.96" CONTENT="domstolar"/>
						</TextLine>
						<TextLine ID="line_21" HPOS="80" VPOS="1017" WIDTH="830" HEIGHT="28">
							<String ID="string_158" HPOS="80" VPOS="1017" WIDTH="40" HEIGHT="21" WC="0.96" CONTENT="och"/><SP WIDTH="15" VPOS="1017" HPOS="120"/>
							<String ID="string_159" HPOS="135" VPOS="1017" WIDTH="148" HEIGHT="27" WC="0.96" CONTENT="myndigheter"/><SP WIDTH="14" VPOS="1017" HPOS="283"/>
							<String ID="string_160" HPOS="297" VPOS="1018" WIDTH="7" HEIGHT="20" WC="0.96" CONTENT="i"/><SP WIDTH="15" VPOS="1018" HPOS="304"/>
							<String ID="string_161" HPOS="319" VPOS="1018" WIDTH="79" HEIGHT="26" WC="0.95" CONTENT="landet,"/><SP WIDTH="17" VPOS="1018" HPOS="398"/>
							<String ID="string_162" HPOS="415" VPOS="1020" WIDTH="27" HEIGHT="19" WC="0.93" CONTENT="än"/><SP WIDTH="17" VPOS="1020" HPOS="442"/>
							<String ID="string_163" HPOS="459" VPOS="1018" WIDTH="191" HEIGHT="27" WC="0.89" CONTENT="Borgareståndet."/><SP WIDTH="30" VPOS="1018" HPOS="650"/>
							<String ID="string_164" HPOS="680" VPOS="1018" WIDTH="33" HEIGHT="20" WC="0.92" CONTENT="Då"/><SP WIDTH="15" VPOS="1018" HPOS="713"/>
							<String ID="string_165" HPOS="728" VPOS="1017" WIDTH="182" HEIGHT="27" WC="0.90" CONTENT="Borgareståndet"/>
						</TextLine>
						<TextLine ID="line_22" HPOS="80" VPOS="1046" WIDTH="830" HEIGHT="27">
							<String ID="string_166" HPOS="80" VPOS="1048" WIDTH="24" HEIGHT="19" WC="0.96" CONTENT="är"/><SP WIDTH="16" VPOS="1048" HPOS="104"/>
							<String ID="string_167" HPOS="120" VPOS="1048" WIDTH="82" HEIGHT="20" WC="0.96" CONTENT="ensamt"/><SP WIDTH="15" VPOS="1048" HPOS="202"/>
							<String ID="string_168" HPOS="217" VPOS="1052" WIDTH="35" HEIGHT="15" WC="0.96" CONTENT="om"/><SP WIDTH="16" VPOS="1052" HPOS="252"/>
							<String ID="string_169" HPOS="268" VPOS="1046" WIDTH="59" HEIGHT="22" WC="0.96" CONTENT="detta"/><SP WIDTH="15" VPOS="1046" HPOS="327"/>
							<String ID="string_170" HPOS="342" VPOS="1046" WIDTH="71" HEIGHT="21" WC="0.96" CONTENT="beslut"/><SP WIDTH="16" VPOS="1046" HPOS="413"/>
							<String ID="string_171" HPOS="429" VPOS="1046" WIDTH="41" HEIGHT="22" WC="0.96" CONTENT="och"/><SP WIDTH="16" VPOS="1046" HPOS="470"/>
							<String ID="string_172" HPOS="486" VPOS="1046" WIDTH="125" HEIGHT="27" WC="0.96" CONTENT="regeringen"/><SP WIDTH="16" VPOS="1046" HPOS="611"/>
							<String ID="string_173" HPOS="627" VPOS="1046" WIDTH="76" HEIGHT="22" WC="0.96" CONTENT="endast"/><SP WIDTH="16" VPOS="1046" HPOS="703"/>
							<String ID="string_174" HPOS="719" VPOS="1046" WIDTH="75" HEIGHT="26" WC="0.96" CONTENT="begärt"/><SP WIDTH="14" VPOS="1046" HPOS="794"/>
							<String ID="string_175" HPOS="808" VPOS="1046" WIDTH="102" HEIGHT="27" WC="0.96" CONTENT="yttrande"/>
						</TextLine>
						<TextLine ID="line_23" HPOS="79" VPOS="1074" WIDTH="831" HEIGHT="28">
							<String ID="string_176" HPOS="79" VPOS="1075" WIDTH="7" HEIGHT="21" WC="0.96" CONTENT="i"/><SP WIDTH="24" VPOS="1075" HPOS="86"/>
							<String ID="string_177" HPOS="110" VPOS="1074" WIDTH="113" HEIGHT="27" WC="0.96" CONTENT="anledning"/><SP WIDTH="15" VPOS="1074" HPOS="223"/>
							<String ID="string_178" HPOS="238" VPOS="1074" WIDTH="23" HEIGHT="22" WC="0.91" CONTENT="af"/><SP WIDTH="12" VPOS="1074" HPOS="261"/>
							<String ID="string_179" HPOS="273" VPOS="1074" WIDTH="248" HEIGHT="28" WC="0.91" CONTENT="författningsförslaget,"/><SP WIDTH="16" VPOS="1074" HPOS="521"/>
							<String ID="string_180" HPOS="537" VPOS="1081" WIDTH="45" HEIGHT="15" WC="0.96" CONTENT="som"/><SP WIDTH="17" VPOS="1081" HPOS="582"/>
							<String ID="string_181" HPOS="599" VPOS="1075" WIDTH="60" HEIGHT="27" WC="0.96" CONTENT="ingår"/><SP WIDTH="14" VPOS="1075" HPOS="659"/>
							<String ID="string_182" HPOS="673" VPOS="1075" WIDTH="7" HEIGHT="21" WC="0.96" CONTENT="i"/><SP WIDTH="15" VPOS="1075" HPOS="680"/>
							<String ID="string_183" HPOS="695" VPOS="1074" WIDTH="167" HEIGHT="28" WC="0.96" CONTENT="propositionen,"/><SP WIDTH="16" VPOS="1074" HPOS="862"/>
							<String ID="string_184" HPOS="878" VPOS="1074" WIDTH="32" HEIGHT="22" WC="0.96" CONTENT="får"/>
						</TextLine>
						<TextLine ID="line_24" HPOS="77" VPOS="1102" WIDTH="833" HEIGHT="28">
							<String ID="string_185" HPOS="77" VPOS="1103" WIDTH="37" HEIGHT="27" WC="0.93" CONTENT="jag"/><SP WIDTH="21" VPOS="1103" HPOS="114"/>
							<String ID="string_186" HPOS="135" VPOS="1103" WIDTH="113" HEIGHT="22" WC="0.90" CONTENT="hemställa"/><SP WIDTH="23" VPOS="1103" HPOS="248"/>
							<String ID="string_187" HPOS="271" VPOS="1103" WIDTH="103" HEIGHT="22" WC="0.96" CONTENT="huruvida"/><SP WIDTH="23" VPOS="1103" HPOS="374"/>
							<String ID="string_188" HPOS="397" VPOS="1104" WIDTH="19" HEIGHT="26" WC="0.93" CONTENT="ej"/><SP WIDTH="24" VPOS="1104" HPOS="416"/>
							<String ID="string_189" HPOS="440" VPOS="1103" WIDTH="184" HEIGHT="27" WC="0.92" CONTENT="Borgareståndet"/><SP WIDTH="23" VPOS="1103" HPOS="624"/>
							<String ID="string_190" HPOS="647" VPOS="1103" WIDTH="49" HEIGHT="21" WC="0.96" CONTENT="ville"/><SP WIDTH="15" VPOS="1103" HPOS="696"/>
							<String ID="string_191" HPOS="711" VPOS="1102" WIDTH="95" HEIGHT="22" WC="0.96" CONTENT="förklara"/><SP WIDTH="15" VPOS="1102" HPOS="806"/>
							<String ID="string_192" HPOS="821" VPOS="1103" WIDTH="38" HEIGHT="21" WC="0.93" CONTENT="sitt"/><SP WIDTH="16" VPOS="1103" HPOS="859"/>
							<String ID="string_193" HPOS="875" VPOS="1106" WIDTH="35" HEIGHT="18" WC="0.93" CONTENT="ut-"/>
						</TextLine>
						<TextLine ID="line_25" HPOS="80" VPOS="1131" WIDTH="830" HEIGHT="27">
							<String ID="string_194" HPOS="80" VPOS="1132" WIDTH="86" HEIGHT="21" WC="0.91" CONTENT="talande"/><SP WIDTH="22" VPOS="1132" HPOS="166"/>
							<String ID="string_195" HPOS="188" VPOS="1132" WIDTH="87" HEIGHT="26" WC="0.91" CONTENT="derhän,"/><SP WIDTH="17" VPOS="1132" HPOS="275"/>
							<String ID="string_196" HPOS="292" VPOS="1134" WIDTH="33" HEIGHT="20" WC="0.96" CONTENT="att"/><SP WIDTH="15" VPOS="1134" HPOS="325"/>
							<String ID="string_197" HPOS="340" VPOS="1132" WIDTH="36" HEIGHT="22" WC="0.96" CONTENT="det"/><SP WIDTH="16" VPOS="1132" HPOS="376"/>
							<String ID="string_198" HPOS="392" VPOS="1132" WIDTH="78" HEIGHT="25" WC="0.93" CONTENT="beslut,"/><SP WIDTH="17" VPOS="1132" HPOS="470"/>
							<String ID="string_199" HPOS="487" VPOS="1133" WIDTH="61" HEIGHT="21" WC="0.92" CONTENT="hvari"/><SP WIDTH="15" VPOS="1133" HPOS="548"/>
							<String ID="string_200" HPOS="563" VPOS="1132" WIDTH="85" HEIGHT="22" WC="0.96" CONTENT="ståndet"/><SP WIDTH="16" VPOS="1132" HPOS="648"/>
							<String ID="string_201" HPOS="664" VPOS="1134" WIDTH="85" HEIGHT="19" WC="0.96" CONTENT="stannat"/><SP WIDTH="16" VPOS="1134" HPOS="749"/>
							<String ID="string_202" HPOS="765" VPOS="1132" WIDTH="34" HEIGHT="20" WC="0.96" CONTENT="vid"/><SP WIDTH="16" VPOS="1132" HPOS="799"/>
							<String ID="string_203" HPOS="815" VPOS="1132" WIDTH="41" HEIGHT="20" WC="0.92" CONTENT="den"/><SP WIDTH="15" VPOS="1132" HPOS="856"/>
							<String ID="string_204" HPOS="871" VPOS="1131" WIDTH="39" HEIGHT="21" WC="0.90" CONTENT="all-"/>
						</TextLine>
						<TextLine ID="line_26" HPOS="79" VPOS="1160" WIDTH="831" HEIGHT="28">
							<String ID="string_205" HPOS="79" VPOS="1162" WIDTH="79" HEIGHT="20" WC="0.92" CONTENT="männa"/><SP WIDTH="20" VPOS="1162" HPOS="158"/>
							<String ID="string_206" HPOS="178" VPOS="1160" WIDTH="147" HEIGHT="22" WC="0.94" CONTENT="diskussionen"/><SP WIDTH="13" VPOS="1160" HPOS="325"/>
							<String ID="string_207" HPOS="338" VPOS="1160" WIDTH="67" HEIGHT="28" WC="0.96" CONTENT="jemte"/><SP WIDTH="15" VPOS="1160" HPOS="405"/>
							<String ID="string_208" HPOS="420" VPOS="1160" WIDTH="28" HEIGHT="22" WC="0.95" CONTENT="de"/><SP WIDTH="16" VPOS="1160" HPOS="448"/>
							<String ID="string_209" HPOS="464" VPOS="1162" WIDTH="7" HEIGHT="20" WC="0.93" CONTENT="i"/><SP WIDTH="16" VPOS="1162" HPOS="471"/>
							<String ID="string_210" HPOS="487" VPOS="1160" WIDTH="239" HEIGHT="28" WC="0.91" CONTENT="författningsförslaget"/><SP WIDTH="15" VPOS="1160" HPOS="726"/>
							<String ID="string_211" HPOS="741" VPOS="1160" WIDTH="97" HEIGHT="22" WC="0.93" CONTENT="uttalade"/><SP WIDTH="15" VPOS="1160" HPOS="838"/>
							<String ID="string_212" HPOS="853" VPOS="1160" WIDTH="57" HEIGHT="27" WC="0.92" CONTENT="prin-"/>
						</TextLine>
						<TextLine ID="line_27" HPOS="78" VPOS="1188" WIDTH="832" HEIGHT="28">
							<String ID="string_213" HPOS="78" VPOS="1190" WIDTH="66" HEIGHT="26" WC="0.89" CONTENT="ciper,"/><SP WIDTH="23" VPOS="1190" HPOS="144"/>
							<String ID="string_214" HPOS="167" VPOS="1190" WIDTH="69" HEIGHT="21" WC="0.92" CONTENT="såvidt"/><SP WIDTH="22" VPOS="1190" HPOS="236"/>
							<String ID="string_215" HPOS="258" VPOS="1190" WIDTH="26" HEIGHT="20" WC="0.97" CONTENT="de"/><SP WIDTH="23" VPOS="1190" HPOS="284"/>
							<String ID="string_216" HPOS="307" VPOS="1189" WIDTH="18" HEIGHT="27" WC="0.96" CONTENT="ej"/><SP WIDTH="24" VPOS="1189" HPOS="325"/>
							<String ID="string_217" HPOS="349" VPOS="1190" WIDTH="34" HEIGHT="20" WC="0.96" CONTENT="stå"/><SP WIDTH="22" VPOS="1190" HPOS="383"/>
							<String ID="string_218" HPOS="405" VPOS="1189" WIDTH="7" HEIGHT="21" WC="0.96" CONTENT="i"/><SP WIDTH="16" VPOS="1189" HPOS="412"/>
							<String ID="string_219" HPOS="428" VPOS="1190" WIDTH="57" HEIGHT="20" WC="0.96" CONTENT="strid"/><SP WIDTH="16" VPOS="1190" HPOS="485"/>
							<String ID="string_220" HPOS="501" VPOS="1190" WIDTH="49" HEIGHT="21" WC="0.96" CONTENT="med"/><SP WIDTH="15" VPOS="1190" HPOS="550"/>
							<String ID="string_221" HPOS="565" VPOS="1190" WIDTH="36" HEIGHT="21" WC="0.96" CONTENT="det"/><SP WIDTH="15" VPOS="1190" HPOS="601"/>
							<String ID="string_222" HPOS="616" VPOS="1189" WIDTH="93" HEIGHT="22" WC="0.96" CONTENT="nämnda"/><SP WIDTH="15" VPOS="1189" HPOS="709"/>
							<String ID="string_223" HPOS="724" VPOS="1188" WIDTH="99" HEIGHT="27" WC="0.96" CONTENT="beslutet,"/><SP WIDTH="17" VPOS="1188" HPOS="823"/>
							<String ID="string_224" HPOS="840" VPOS="1189" WIDTH="70" HEIGHT="21" WC="0.96" CONTENT="skulle"/>
						</TextLine>
						<TextLine ID="line_28" HPOS="78" VPOS="1217" WIDTH="832" HEIGHT="28">
							<String ID="string_225" HPOS="78" VPOS="1219" WIDTH="78" HEIGHT="25" WC="0.96" CONTENT="utgöra"/><SP WIDTH="15" VPOS="1219" HPOS="156"/>
							<String ID="string_226" HPOS="171" VPOS="1224" WIDTH="48" HEIGHT="15" WC="0.96" CONTENT="svar"/><SP WIDTH="15" VPOS="1224" HPOS="219"/>
							<String ID="string_227" HPOS="234" VPOS="1218" WIDTH="27" HEIGHT="27" WC="0.96" CONTENT="på"/><SP WIDTH="15" VPOS="1218" HPOS="261"/>
							<String ID="string_228" HPOS="276" VPOS="1218" WIDTH="136" HEIGHT="27" WC="0.96" CONTENT="regeringens"/><SP WIDTH="16" VPOS="1218" HPOS="412"/>
							<String ID="string_229" HPOS="428" VPOS="1217" WIDTH="110" HEIGHT="28" WC="0.96" CONTENT="förfrågan"/><SP WIDTH="17" VPOS="1217" HPOS="538"/>
							<String ID="string_230" HPOS="555" VPOS="1218" WIDTH="39" HEIGHT="21" WC="0.95" CONTENT="och"/><SP WIDTH="11" VPOS="1218" HPOS="594"/>
							<String ID="string_231" HPOS="605" VPOS="1218" WIDTH="105" HEIGHT="21" WC="0.93" CONTENT="innefatta"/><SP WIDTH="7" VPOS="1218" HPOS="710"/>
							<String ID="string_232" HPOS="717" VPOS="1217" WIDTH="193" HEIGHT="27" WC="0.91" CONTENT="Borgareståndets"/>
						</TextLine>
						<TextLine ID="line_29" HPOS="77" VPOS="1245" WIDTH="836" HEIGHT="28">
							<String ID="string_233" HPOS="77" VPOS="1246" WIDTH="110" HEIGHT="27" WC="0.93" CONTENT="yttrande,"/><SP WIDTH="22" VPOS="1246" HPOS="187"/>
							<String ID="string_234" HPOS="209" VPOS="1246" WIDTH="45" HEIGHT="21" WC="0.93" CONTENT="deri"/><SP WIDTH="23" VPOS="1246" HPOS="254"/>
							<String ID="string_235" HPOS="277" VPOS="1247" WIDTH="55" HEIGHT="21" WC="0.96" CONTENT="dock"/><SP WIDTH="23" VPOS="1247" HPOS="332"/>
							<String ID="string_236" HPOS="355" VPOS="1247" WIDTH="122" HEIGHT="26" WC="0.93" CONTENT="inbegripet"/><SP WIDTH="23" VPOS="1247" HPOS="477"/>
							<String ID="string_237" HPOS="500" VPOS="1247" WIDTH="191" HEIGHT="26" WC="0.92" CONTENT="Borgareståndets"/><SP WIDTH="22" VPOS="1247" HPOS="691"/>
							<String ID="string_238" HPOS="713" VPOS="1246" WIDTH="156" HEIGHT="27" WC="0.95" CONTENT="godkännande"/><SP WIDTH="21" VPOS="1246" HPOS="869"/>
							<String ID="string_239" HPOS="890" VPOS="1245" WIDTH="23" HEIGHT="22" WC="0.96" CONTENT="af"/>
						</TextLine>
						<TextLine ID="line_30" HPOS="79" VPOS="1274" WIDTH="832" HEIGHT="28">
							<String ID="string_240" HPOS="79" VPOS="1275" WIDTH="108" HEIGHT="21" WC="0.92" CONTENT="klämmen"/><SP WIDTH="23" VPOS="1275" HPOS="187"/>
							<String ID="string_241" HPOS="210" VPOS="1275" WIDTH="27" HEIGHT="26" WC="0.93" CONTENT="på"/><SP WIDTH="15" VPOS="1275" HPOS="237"/>
							<String ID="string_242" HPOS="252" VPOS="1281" WIDTH="49" HEIGHT="21" WC="0.92" CONTENT="pag."/><SP WIDTH="18" VPOS="1281" HPOS="301"/>
							<String ID="string_243" HPOS="319" VPOS="1276" WIDTH="25" HEIGHT="21" WC="0.96" CONTENT="12"/><SP WIDTH="17" VPOS="1276" HPOS="344"/>
							<String ID="string_244" HPOS="361" VPOS="1275" WIDTH="40" HEIGHT="22" WC="0.96" CONTENT="och"/><SP WIDTH="16" VPOS="1275" HPOS="401"/>
							<String ID="string_245" HPOS="417" VPOS="1275" WIDTH="27" HEIGHT="21" WC="0.96" CONTENT="13"/><SP WIDTH="17" VPOS="1275" HPOS="444"/>
							<String ID="string_246" HPOS="461" VPOS="1275" WIDTH="7" HEIGHT="21" WC="0.96" CONTENT="i"/><SP WIDTH="16" VPOS="1275" HPOS="468"/>
							<String ID="string_247" HPOS="484" VPOS="1275" WIDTH="153" HEIGHT="22" WC="0.94" CONTENT="betänkandet."/><SP WIDTH="30" VPOS="1275" HPOS="637"/>
							<String ID="string_248" HPOS="667" VPOS="1275" WIDTH="42" HEIGHT="27" WC="0.96" CONTENT="Jag"/><SP WIDTH="15" VPOS="1275" HPOS="709"/>
							<String ID="string_249" HPOS="724" VPOS="1275" WIDTH="94" HEIGHT="21" WC="0.95" CONTENT="önskade"/><SP WIDTH="16" VPOS="1275" HPOS="818"/>
							<String ID="string_250" HPOS="834" VPOS="1274" WIDTH="77" HEIGHT="26" WC="0.95" CONTENT="derför,"/>
						</TextLine>
						<TextLine ID="line_31" HPOS="78" VPOS="1303" WIDTH="670" HEIGHT="28">
							<String ID="string_251" HPOS="78" VPOS="1305" WIDTH="33" HEIGHT="19" WC="0.93" CONTENT="att"/><SP WIDTH="15" VPOS="1305" HPOS="111"/>
							<String ID="string_252" HPOS="126" VPOS="1303" WIDTH="182" HEIGHT="28" WC="0.91" CONTENT="Borgareståndet"/><SP WIDTH="16" VPOS="1303" HPOS="308"/>
							<String ID="string_253" HPOS="324" VPOS="1304" WIDTH="75" HEIGHT="21" WC="0.96" CONTENT="endast"/><SP WIDTH="15" VPOS="1304" HPOS="399"/>
							<String ID="string_254" HPOS="414" VPOS="1304" WIDTH="73" HEIGHT="21" WC="0.96" CONTENT="skulle"/><SP WIDTH="16" VPOS="1304" HPOS="487"/>
							<String ID="string_255" HPOS="503" VPOS="1304" WIDTH="75" HEIGHT="27" WC="0.93" CONTENT="frångå"/><SP WIDTH="15" VPOS="1304" HPOS="578"/>
							<String ID="string_256" HPOS="593" VPOS="1304" WIDTH="155" HEIGHT="21" WC="0.91" CONTENT="återremissen."/>
						</TextLine>
					</TextBlock>
				</ComposedBlock>
				<ComposedBlock ID="cblock_8" HPOS="76" VPOS="1365" WIDTH="836" HEIGHT="172">
					<TextBlock ID="block_7" HPOS="76" VPOS="1365" WIDTH="836" HEIGHT="172">
						<TextLine ID="line_32" HPOS="148" VPOS="1365" WIDTH="763" HEIGHT="29">
							<String ID="string_257" HPOS="148" VPOS="1366" WIDTH="57" HEIGHT="21" WC="0.95" CONTENT="Herr"/><SP WIDTH="15" VPOS="1366" HPOS="205"/>
							<String ID="string_258" HPOS="220" VPOS="1366" WIDTH="132" HEIGHT="22" WC="0.96" CONTENT="Kurtén:"/><SP WIDTH="31" VPOS="1366" HPOS="352"/>
							<String ID="string_259" HPOS="383" VPOS="1367" WIDTH="43" HEIGHT="21" WC="0.95" CONTENT="För"/><SP WIDTH="16" VPOS="1367" HPOS="426"/>
							<String ID="string_260" HPOS="442" VPOS="1367" WIDTH="46" HEIGHT="21" WC="0.96" CONTENT="min"/><SP WIDTH="17" VPOS="1367" HPOS="488"/>
							<String ID="string_261" HPOS="505" VPOS="1367" WIDTH="34" HEIGHT="21" WC="0.96" CONTENT="del"/><SP WIDTH="16" VPOS="1367" HPOS="539"/>
							<String ID="string_262" HPOS="555" VPOS="1373" WIDTH="61" HEIGHT="15" WC="0.96" CONTENT="anser"/><SP WIDTH="13" VPOS="1373" HPOS="616"/>
							<String ID="string_263" HPOS="629" VPOS="1367" WIDTH="44" HEIGHT="27" WC="0.95" CONTENT="jag,"/><SP WIDTH="16" VPOS="1367" HPOS="673"/>
							<String ID="string_264" HPOS="689" VPOS="1368" WIDTH="30" HEIGHT="20" WC="0.93" CONTENT="att"/><SP WIDTH="11" VPOS="1368" HPOS="719"/>
							<String ID="string_265" HPOS="730" VPOS="1365" WIDTH="181" HEIGHT="28" WC="0.92" CONTENT="Borgareståndet"/>
						</TextLine>
						<TextLine ID="line_33" HPOS="76" VPOS="1394" WIDTH="835" HEIGHT="29">
							<String ID="string_266" HPOS="76" VPOS="1395" WIDTH="22" HEIGHT="27" WC="0.95" CONTENT="ej"/><SP WIDTH="24" VPOS="1395" HPOS="98"/>
							<String ID="string_267" HPOS="122" VPOS="1395" WIDTH="43" HEIGHT="21" WC="0.95" CONTENT="kan"/><SP WIDTH="22" VPOS="1395" HPOS="165"/>
							<String ID="string_268" HPOS="187" VPOS="1395" WIDTH="49" HEIGHT="27" WC="0.96" CONTENT="ingå"/><SP WIDTH="16" VPOS="1395" HPOS="236"/>
							<String ID="string_269" HPOS="252" VPOS="1396" WIDTH="7" HEIGHT="21" WC="0.92" CONTENT="i"/><SP WIDTH="15" VPOS="1396" HPOS="259"/>
							<String ID="string_270" HPOS="274" VPOS="1395" WIDTH="99" HEIGHT="27" WC="0.91" CONTENT="pröfning"/><SP WIDTH="15" VPOS="1395" HPOS="373"/>
							<String ID="string_271" HPOS="388" VPOS="1395" WIDTH="24" HEIGHT="22" WC="0.96" CONTENT="af"/><SP WIDTH="13" VPOS="1395" HPOS="412"/>
							<String ID="string_272" HPOS="425" VPOS="1395" WIDTH="53" HEIGHT="22" WC="0.93" CONTENT="herr"/><SP WIDTH="16" VPOS="1395" HPOS="478"/>
							<String ID="string_273" HPOS="494" VPOS="1395" WIDTH="107" HEIGHT="28" WC="0.92" CONTENT="Procopés"/><SP WIDTH="15" VPOS="1395" HPOS="601"/>
							<String ID="string_274" HPOS="616" VPOS="1395" WIDTH="85" HEIGHT="27" WC="0.96" CONTENT="förslag,"/><SP WIDTH="17" VPOS="1395" HPOS="701"/>
							<String ID="string_275" HPOS="718" VPOS="1401" WIDTH="45" HEIGHT="16" WC="0.96" CONTENT="som"/><SP WIDTH="15" VPOS="1401" HPOS="763"/>
							<String ID="string_276" HPOS="778" VPOS="1395" WIDTH="45" HEIGHT="21" WC="0.96" CONTENT="helt"/><SP WIDTH="17" VPOS="1395" HPOS="823"/>
							<String ID="string_277" HPOS="840" VPOS="1394" WIDTH="71" HEIGHT="21" WC="0.96" CONTENT="enkelt"/>
						</TextLine>
						<TextLine ID="line_34" HPOS="78" VPOS="1423" WIDTH="834" HEIGHT="28">
							<String ID="string_278" HPOS="78" VPOS="1424" WIDTH="69" HEIGHT="27" WC="0.96" CONTENT="gäller"/><SP WIDTH="25" VPOS="1424" HPOS="147"/>
							<String ID="string_279" HPOS="172" VPOS="1425" WIDTH="32" HEIGHT="20" WC="0.93" CONTENT="att"/><SP WIDTH="25" VPOS="1425" HPOS="204"/>
							<String ID="string_280" HPOS="229" VPOS="1424" WIDTH="98" HEIGHT="27" WC="0.92" CONTENT="upprifva"/><SP WIDTH="26" VPOS="1424" HPOS="327"/>
							<String ID="string_281" HPOS="353" VPOS="1425" WIDTH="31" HEIGHT="20" WC="0.96" CONTENT="ett"/><SP WIDTH="25" VPOS="1425" HPOS="384"/>
							<String ID="string_282" HPOS="409" VPOS="1424" WIDTH="132" HEIGHT="27" WC="0.96" CONTENT="föregående"/><SP WIDTH="25" VPOS="1424" HPOS="541"/>
							<String ID="string_283" HPOS="566" VPOS="1425" WIDTH="75" HEIGHT="20" WC="0.89" CONTENT="beslut."/><SP WIDTH="32" VPOS="1425" HPOS="641"/>
							<String ID="string_284" HPOS="673" VPOS="1424" WIDTH="72" HEIGHT="21" WC="0.94" CONTENT="Skulle"/><SP WIDTH="25" VPOS="1424" HPOS="745"/>
							<String ID="string_285" HPOS="770" VPOS="1423" WIDTH="142" HEIGHT="27" WC="0.96" CONTENT="lagutskottet"/>
						</TextLine>
						<TextLine ID="line_35" HPOS="80" VPOS="1451" WIDTH="832" HEIGHT="29">
							<String ID="string_286" HPOS="80" VPOS="1452" WIDTH="67" HEIGHT="21" WC="0.96" CONTENT="önska"/><SP WIDTH="15" VPOS="1452" HPOS="147"/>
							<String ID="string_287" HPOS="162" VPOS="1453" WIDTH="70" HEIGHT="26" WC="0.96" CONTENT="någon"/><SP WIDTH="17" VPOS="1453" HPOS="232"/>
							<String ID="string_288" HPOS="249" VPOS="1453" WIDTH="117" HEIGHT="26" WC="0.94" CONTENT="förklaring."/><SP WIDTH="16" VPOS="1453" HPOS="366"/>
							<String ID="string_289" HPOS="382" VPOS="1453" WIDTH="23" HEIGHT="20" WC="0.92" CONTENT="af"/><SP WIDTH="13" VPOS="1453" HPOS="405"/>
							<String ID="string_290" HPOS="418" VPOS="1453" WIDTH="190" HEIGHT="26" WC="0.92" CONTENT="Borgareståndet,"/><SP WIDTH="17" VPOS="1453" HPOS="608"/>
							<String ID="string_291" HPOS="625" VPOS="1456" WIDTH="60" HEIGHT="24" WC="0.96" CONTENT="tager"/><SP WIDTH="13" VPOS="1456" HPOS="685"/>
							<String ID="string_292" HPOS="698" VPOS="1453" WIDTH="36" HEIGHT="27" WC="0.96" CONTENT="jag"/><SP WIDTH="15" VPOS="1453" HPOS="734"/>
							<String ID="string_293" HPOS="749" VPOS="1452" WIDTH="32" HEIGHT="21" WC="0.93" CONTENT="för"/><SP WIDTH="15" VPOS="1452" HPOS="781"/>
							<String ID="string_294" HPOS="796" VPOS="1451" WIDTH="72" HEIGHT="28" WC="0.90" CONTENT="gifvet,"/><SP WIDTH="12" VPOS="1451" HPOS="868"/>
							<String ID="string_295" HPOS="880" VPOS="1453" WIDTH="32" HEIGHT="19" WC="0.96" CONTENT="att"/>
						</TextLine>
						<TextLine ID="line_36" HPOS="78" VPOS="1480" WIDTH="834" HEIGHT="27">
							<String ID="string_296" HPOS="78" VPOS="1481" WIDTH="108" HEIGHT="21" WC="0.96" CONTENT="utskottet"/><SP WIDTH="15" VPOS="1481" HPOS="186"/>
							<String ID="string_297" HPOS="201" VPOS="1481" WIDTH="68" HEIGHT="21" WC="0.96" CONTENT="skulle"/><SP WIDTH="16" VPOS="1481" HPOS="269"/>
							<String ID="string_298" HPOS="285" VPOS="1481" WIDTH="120" HEIGHT="26" WC="0.96" CONTENT="skriftligen"/><SP WIDTH="16" VPOS="1481" HPOS="405"/>
							<String ID="string_299" HPOS="421" VPOS="1482" WIDTH="112" HEIGHT="21" WC="0.96" CONTENT="inkomma"/><SP WIDTH="15" VPOS="1482" HPOS="533"/>
							<String ID="string_300" HPOS="548" VPOS="1481" WIDTH="48" HEIGHT="22" WC="0.96" CONTENT="med"/><SP WIDTH="23" VPOS="1481" HPOS="596"/>
							<String ID="string_301" HPOS="619" VPOS="1488" WIDTH="26" HEIGHT="14" WC="0.96" CONTENT="en"/><SP WIDTH="16" VPOS="1488" HPOS="645"/>
							<String ID="string_302" HPOS="661" VPOS="1481" WIDTH="98" HEIGHT="21" WC="0.96" CONTENT="anhållan"/><SP WIDTH="11" VPOS="1481" HPOS="759"/>
							<String ID="string_303" HPOS="770" VPOS="1480" WIDTH="80" HEIGHT="22" WC="0.95" CONTENT="derom."/><SP WIDTH="16" VPOS="1480" HPOS="850"/>
							<String ID="string_304" HPOS="866" VPOS="1480" WIDTH="46" HEIGHT="21" WC="0.96" CONTENT="Har"/>
						</TextLine>
						<TextLine ID="line_37" HPOS="79" VPOS="1509" WIDTH="832" HEIGHT="28">
							<String ID="string_305" HPOS="79" VPOS="1509" WIDTH="182" HEIGHT="27" WC="0.91" CONTENT="Borgareståndet"/><SP WIDTH="25" VPOS="1509" HPOS="261"/>
							<String ID="string_306" HPOS="286" VPOS="1510" WIDTH="46" HEIGHT="21" WC="0.96" CONTENT="åter"/><SP WIDTH="25" VPOS="1510" HPOS="332"/>
							<String ID="string_307" HPOS="357" VPOS="1511" WIDTH="88" HEIGHT="20" WC="0.96" CONTENT="stannat"/><SP WIDTH="27" VPOS="1511" HPOS="445"/>
							<String ID="string_308" HPOS="472" VPOS="1511" WIDTH="7" HEIGHT="20" WC="0.96" CONTENT="i"/><SP WIDTH="25" VPOS="1511" HPOS="479"/>
							<String ID="string_309" HPOS="504" VPOS="1512" WIDTH="32" HEIGHT="20" WC="0.96" CONTENT="ett"/><SP WIDTH="23" VPOS="1512" HPOS="536"/>
							<String ID="string_310" HPOS="559" VPOS="1510" WIDTH="92" HEIGHT="27" WC="0.96" CONTENT="otydligt"/><SP WIDTH="22" VPOS="1510" HPOS="651"/>
							<String ID="string_311" HPOS="673" VPOS="1509" WIDTH="70" HEIGHT="22" WC="0.96" CONTENT="beslut"/><SP WIDTH="22" VPOS="1509" HPOS="743"/>
							<String ID="string_312" HPOS="765" VPOS="1510" WIDTH="7" HEIGHT="20" WC="0.96" CONTENT="i"/><SP WIDTH="15" VPOS="1510" HPOS="772"/>
							<String ID="string_313" HPOS="787" VPOS="1509" WIDTH="75" HEIGHT="27" WC="0.96" CONTENT="frågan"/><SP WIDTH="16" VPOS="1509" HPOS="862"/>
							<String ID="string_314" HPOS="878" VPOS="1515" WIDTH="33" HEIGHT="14" WC="0.96" CONTENT="om"/>
						</TextLine>
					</TextBlock>
				</ComposedBlock>
			</PrintSpace>
		</Page>
	</Layout>
</alto>
