1125 1811
320 137 182 22 Borgareståndet
515 138 57 16 1882.
597 138 26 17 27
635 138 48 20 maj.
862 132 56 21 1593

85 207 202 22 Kouvola—Kotka
303 207 78 24 banan,
398 207 19 20 d.
434 213 19 15 v.
469 213 16 14 s.
501 206 49 21 med
575 206 90 26 ungefär
681 206 27 26 !/;
725 206 21 21 af
769 206 148 27 anläggnings-

84 236 127 22 kostnaden.
241 236 42 26 Jag
298 236 69 20 skulle
383 235 72 21 derför
468 235 84 26 föreslå,
569 237 32 19 att
616 235 101 25 antingen
734 234 118 26 Uleåborgs
868 236 48 20 stad

67 264 2 3 *
85 265 53 21 eller
162 267 31 20 ett
209 264 92 22 enskildt
326 264 64 26 bolag
405 264 33 20 för
460 264 143 26 anläggandet
618 263 21 21 af
653 263 161 27 ifrågavarande
830 263 87 27 jernväg

84 294 68 21 skulle
168 293 92 21 tilldelas
276 299 25 14 en
317 292 125 21 subvention
460 292 22 21 af
500 293 109 24 1,400,000
625 292 67 21 mark.

154 351 55 21 Herr
233 349 121 22 Heikel:
385 346 41 29 Jdg
448 349 67 21 nekar
538 349 32 21 för
593 349 62 26 ingen
677 349 40 24 del,
735 351 32 19 att
783 349 18 27 ej
818 355 25 15 en
860 349 56 26 jern-

84 378 181 27 vägsförbindelse
280 378 90 21 emellan
386 377 116 22 Uleäträsk
518 377 39 22 och
573 377 110 28 Uleäborg
698 377 52 22 eller
768 381 66 18 annat
849 378 66 27 lämp-

84 408 40 26 ligt
139 407 61 22 ställe
217 407 34 21 vid
268 407 39 21 den
324 413 26 14 nu
367 407 122 26 föreslagna
502 406 252 26 jernvägssträckningen
769 407 67 26 uppåt
852 407 64 21 Uleä-

84 437 54 26 borg
153 437 41 20 kan
210 435 63 22 hafva
288 436 77 25 mänga
380 435 46 21 skäl
442 435 34 21 för
491 436 31 25 sig
538 435 39 21 och
588 436 57 20 inom
657 441 25 15 en
694 435 106 21 mähända
811 435 45 22 icke
868 435 46 21 allt-

83 465 33 21 för
132 471 49 15 snar
205 464 86 21 framtid
314 464 54 21 både
392 464 41 21 kan
450 464 40 21 och
513 463 39 22 bör
567 464 86 21 komma
670 463 30 22 till
717 464 117 21 utförande.
865 464 50 21 Men

81 493 38 27 jag
134 493 42 22 kan
192 493 54 22 dock
261 493 47 21 icke
323 499 51 15 anse
391 493 69 20 denna
476 492 56 21 bana
548 493 65 20 redan
622 499 29 14 nu
662 492 52 21 böra
725 493 85 20 komma
825 493 7 20 i
849 493 65 26 fräga,

84 522 27 21 dä
127 523 84 26 mycket
229 523 69 20 tätare
321 521 99 21 bebodda
443 521 40 22 och
507 521 70 21 rikare
601 521 83 21 trakter
700 521 5 20 i
722 521 48 21 vårt
786 521 48 21 land
848 522 68 21 sakna

82 551 234 27 jernvägstörbindelse.
348 550 28 21 Af
393 551 40 20 den
457 550 78 27 bilaga,
559 557 44 14 som
627 552 24 19 är
671 549 63 27 fogad
751 550 31 20 till
798 550 117 22 utskottets

84 579 67 22 första
167 579 139 25 betänkande,
323 575 93 41 framgår
432 579 68 25 äfven,
512 581 32 18 att
556 579 69 21 denna
637 579 54 20 bana
707 579 4 20 i
729 579 98 20 afseende
838 579 12 20 å
862 578 53 21 folk-

84 607 231 28 mängdsförhållandet
338 609 23 19 är
386 608 40 20 den
449 610 56 18 mest
528 613 139 27 ogynsamma
691 606 22 22 af
733 607 49 26 alla,
799 613 45 15 som
860 608 6 20 i
883 610 31 18 ta-

83 636 70 22 bellen
169 636 67 22 finnas
251 638 115 25 upptagna.
397 636 116 28 Dessutom
534 642 61 20 synes
617 636 44 26 mig
676 636 40 20 den
737 636 113 21 förordade
865 636 49 21 sub-

82 666 113 21 ventionen
212 671 50 15 vara
278 664 71 22 alltför
365 664 49 26 hög.
444 660 31 26 Är
491 664 37 22 det
542 664 83 27 privata
641 665 100 21 intresset
758 664 18 27 ej
795 666 75 24 större,
887 666 27 20 än

82 696 33 19 att
130 694 36 21 det
182 694 95 20 enskilda
293 693 70 27 bolag,
379 699 45 15 som
441 693 86 21 komme
538 696 31 18 att
581 693 110 27 öfvertaga
702 693 82 21 banans
795 693 117 27 byggande,

82 722 47 22 icke
144 722 69 22 skulle
229 722 104 27 tillskjuta
356 728 58 15 mera
430 724 26 19 än
473 728 25 15 en
516 721 102 27 fjerdedel
635 722 23 20 af
663 706 133 46 "kostnaden,
806 722 61 21 torde
878 722 36 21 det

82 757 52 15 vara
153 751 148 26 förmånligare
324 751 33 21 för
382 753 76 23 staten,
482 750 44 22 ifall
542 751 68 20 denna
633 750 55 22 bana
708 751 55 21 skall
778 752 88 26 utföras,
881 753 35 19 att

82 780 70 26 bygga
168 780 39 20 den
223 780 32 20 för
271 786 51 20 egen
339 780 97 26 räkning.
467 779 30 27 Ty
514 781 69 19 staten
609 778 39 22 har
663 779 19 26 ej
699 780 46 20 med
768 782 31 18 ett
815 780 23 20 så
854 780 60 25 ringa

82 808 71 27 privat
168 809 89 20 intresse
273 808 37 21 full
326 808 102 27 säkerhet
444 807 40 27 för,
501 810 32 19 att
557 808 69 21 banan
642 808 96 21 kommer
754 810 32 19 att
802 808 112 26 tillbörligt

83 837 39 21 och
139 837 32 21 väl
187 837 107 20 förvaltas.
324 837 68 20 Afven
415 837 33 20 för
465 837 37 20 det
525 836 83 27 privata
625 836 85 27 bolaget
725 837 72 21 kunde
812 836 36 22 det
863 843 51 15 vara

83 865 129 22 åtminstone
228 865 6 21 i
251 867 30 19 ett
297 865 121 21 hänseende
433 865 82 26 ganska
532 865 88 26 olägligt
641 867 31 19 att
688 865 64 22 hafva
768 866 23 21 så
806 868 45 19 stor
866 865 48 21 sub-

82 894 92 20 vention.
205 894 30 26 Ty
251 893 48 21 med
311 894 23 26 ju
351 896 69 18 större
435 894 76 26 anslag
526 896 69 18 staten
613 893 96 27 deltager
724 895 6 20 i
746 901 20 14 en
779 894 61 22 bana,
853 894 60 20 desto

82 924 68 20 större
166 922 93 21 kontroll
275 922 67 21 måste
358 923 40 21 den
415 922 73 21 utöfva
504 922 28 27 på
542 922 69 21 denna
622 922 67 21 banas
701 922 136 27 förvaltning.
853 922 61 21 Deri-

82 957 76 20 genom
174 952 69 20 kunde
259 951 80 27 ganska
354 951 128 21 hämmande
497 951 56 21 band
568 951 74 26 läggas
657 952 27 25 på
707 952 35 20 det
758 952 81 26 privata
855 951 59 21 bola-

81 982 36 23 get
130 980 38 20 och
186 980 57 20 detta
260 980 18 26 ej
295 980 72 20 kunna
382 980 62 20 sköta
461 979 112 25 affärerna,
589 980 68 21 såsom
675 980 36 21 det
727 980 67 21 skulle
803 980 49 26 vilja
870 980 42 20 det.

81 1008 80 21 Vidare
177 1014 61 22 synes
253 1008 43 26 mig
312 1008 70 24 äfven,
398 1010 32 19 att
447 1009 41 20 den
505 1008 117 26 beräkning
637 1009 23 20 af
675 1009 39 21 den
731 1009 107 21 blifvande
854 1008 59 21 trafi-

82 1036 48 25 ken,
146 1043 45 15 som
215 1036 66 22 finnes
303 1038 105 26 uppgjord
417 1037 13 27 i
446 1038 119 26 petitionen
581 1037 40 21 och
639 1038 84 26 intagen
740 1038 5 21 i
762 1036 150 27 betänkandet,

82 1067 24 19 är
128 1065 99 27 temligen
255 1066 127 26 sangvinisk.
412 1066 69 20 Afven
498 1066 112 21 utskottet,
627 1072 45 14 som
689 1066 53 22 dock
758 1068 68 19 varmt
842 1066 68 20 föror-

82 1094 39 20 dar
136 1094 69 21 denna
221 1094 62 25 bana,
308 1094 105 21 erkänner
436 1094 60 21 detta
518 1094 128 21 åtminstone
670 1094 32 21 till
725 1095 80 21 hälften
821 1095 6 20 i
843 1094 70 21 första

82 1122 82 27 stycket
190 1123 27 26 på
241 1129 48 21 pag.
305 1124 33 20 30.
369 1123 136 27 Exempelvis
531 1122 33 21 må
581 1122 55 22 blott
661 1123 92 27 anföras,
770 1126 31 18 att
817 1123 5 21 i
839 1122 73 21 betän-

81 1151 81 21 kandet
186 1154 67 24 säges,
282 1152 35 20 det
341 1152 34 20 för
390 1152 133 20 närvarande
549 1152 97 26 omkring
669 1153 77 23 40,000
762 1155 78 18 tunnor
856 1151 56 27 tjära

81 1182 156 25 transporteras
259 1180 58 21 utför
341 1180 53 22 Uleå
417 1180 33 21 elf.
482 1180 42 21 Det
539 1182 24 18 är
587 1180 124 24 beräknadt,
733 1183 32 19 att
780 1180 47 22 hela
844 1180 69 21 denna

80 1207 65 22 trafik
161 1209 131 20 omedelbart
315 1209 53 20 skall
393 1208 88 25 öfvergå
497 1209 32 20 till
546 1208 122 27 jernvägen.
698 1209 41 27 Jag
754 1212 46 18 tror
815 1209 53 20 dock
885 1208 26 26 ej,

81 1238 33 19 att
129 1243 25 14 en
180 1237 153 27 omsvängning
348 1238 6 20 i
370 1237 229 21 trafikförhållandena
622 1237 23 21 så
669 1237 80 27 hastigt
765 1238 54 21 skall
834 1237 28 27 gå
880 1237 33 20 för

81 1265 38 26 sig,
136 1265 40 22 och
191 1268 32 19 att
240 1266 35 21 det
290 1266 54 21 skall
361 1266 65 21 räcka
441 1266 83 26 ganska
539 1265 67 26 länge,
622 1266 62 21 äfven
696 1273 33 15 om
741 1267 40 20 den
793 1265 119 28 uppgjorda

80 1293 144 28 beräkningen
241 1295 22 20 af
277 1295 119 20 kostnaden
411 1295 33 20 för
460 1294 91 21 trafiken
567 1294 60 27 längs
643 1295 66 21 elfven
727 1295 67 21 skulle
810 1301 51 14 vara
869 1294 42 21 rik-

80 1323 38 26 tig,
134 1323 63 20 innan
213 1323 49 20 hela
278 1323 68 21 denna
362 1324 63 21 trafik
441 1323 80 22 samlar
537 1323 30 26 sig
583 1323 32 21 till
629 1323 121 28 jernvägen.
784 1323 78 22 Vidare
872 1322 42 21 har

80 1352 115 25 upptagits,
221 1353 32 19 att
276 1352 59 25 längs
360 1352 70 21 banan
454 1351 71 22 skulle
547 1351 57 21 föras
621 1353 62 25 8,000
702 1353 96 21 standert
814 1351 96 28 plankor.

81 1379 54 22 Hela
150 1379 118 28 Uleåborgs
290 1384 75 23 export
381 1381 22 20 af
417 1381 80 26 sågade
520 1383 97 19 trävaror
639 1387 36 15 var
691 1382 23 20 år
732 1382 52 21 1879
802 1381 64 24 något
882 1380 29 21 öf-

80 1415 37 15 ver
134 1409 111 26 1,600,000
262 1409 103 26 kubikfot,
382 1409 47 21 året
444 1409 58 21 förut
526 1409 63 26 något
606 1409 88 26 mindre,
717 1409 47 22 året
779 1409 65 27 derpå
860 1408 53 21 eller

81 1437 57 22 1880
154 1437 87 26 ungefär
257 1438 27 21 50
292 1437 27 27 ?/,
335 1437 73 27 högre.
438 1438 11 21 I
465 1437 101 22 medeltal
590 1439 61 20 torde
667 1445 47 14 man
735 1438 54 21 dock
805 1439 18 26 ej
840 1438 71 20 kunna

80 1466 67 21 räkna
170 1468 101 24 exporten
295 1472 45 14 mer
355 1468 27 19 än
407 1467 33 20 till
458 1467 113 25 1,700,000
593 1467 52 20 eller
669 1467 99 26 möjligen
784 1467 12 20 2
814 1466 98 27 miljoner

78 1494 100 21 kubikfot
193 1494 78 26 sågade
295 1496 104 25 trävaror,
423 1495 89 25 hvilket,
528 1494 27 21 då
581 1496 38 20 165
636 1494 98 22 kubikfot
757 1498 107 18 motsvara
884 1500 26 15 en

79 1523 103 24 standert,
198 1522 68 22 skulle
283 1522 64 21 blifva
365 1525 32 24 10,
413 1523 28 27 på
454 1524 34 21 sin
504 1523 49 26 höjd
572 1523 75 26 12,000
663 1524 103 21 standert.
798 1523 34 21 Nu
842 1525 24 19 är
875 1523 35 20 det
