1125 1811
319 112 182 22 Borgareståndet
512 113 60 17 1882.
597 113 10 17 1
616 113 54 20 juni.
851 108 58 20 1709

77 182 154 28 igenfyllandet
253 182 25 21 af
297 181 133 28 öfvergifven
453 181 52 22 eller
529 181 67 21 sönad
611 181 91 27 grufva;
726 187 49 15 men
790 181 65 22 likväl
870 181 41 22 har

78 210 107 23 utskottet
206 210 7 21 i
235 210 108 27 lagtexten
366 210 84 26 antagit
473 210 68 21 andra
558 212 117 20 momentet
690 210 45 21 lika
750 210 48 21 med
808 210 102 27 proposi-

78 240 80 22 tionen.
189 240 42 20 Det
253 240 62 20 torde
337 239 35 21 väl
387 239 55 21 böra
458 238 82 22 erhålla
555 238 94 27 följande
665 238 93 28 lydelse:
791 238 119 26 ,Ofvergif-

78 274 40 16 ven
142 268 51 22 eller
208 268 66 21 sönad
290 268 75 26 grufva
380 268 36 20 må
432 268 18 26 ej
466 269 54 19 utan
535 267 185 27 Bergsstyrelsens
736 267 98 21 tillstånd
851 267 59 27 igen-

78 296 84 28 fyllas".

149 359 55 22 Herr
226 359 155 28 Grönvik:
412 359 42 26 Jag
477 359 90 21 ämnade
588 360 53 25 göra
664 365 82 15 samma
762 358 148 27 anmärkning,

80 394 45 15 som
150 388 49 21 herr
224 387 101 28 Procop6.
362 387 69 22 Afven
454 387 60 22 detta
537 387 62 22 torde
622 387 107 22 sannolikt
753 387 50 22 bero
826 388 28 27 på
879 389 32 20 ett

79 416 96 28 tryckfel.

149 479 56 21 Herr
226 479 187 21 Nummelin:
444 473 68 28 Äfven
526 479 37 27 jag
578 479 50 21 ville
644 480 53 26 göra
712 485 81 15 samma
808 478 100 23 anmärk-

79 507 58 27 ning,
160 513 45 16 som
228 507 25 22 de
270 509 77 20 tvenne
365 507 131 27 föregående
511 508 102 25 talarene,
630 507 40 22 och
685 507 33 22 får
733 507 69 22 tillika
818 507 91 26 anmäla,

80 538 33 20 att
128 536 40 21 den
184 535 69 22 finska
268 538 72 19 texten
356 538 24 19 är
395 536 73 27 riktig.

150 599 129 27 Paragrafen
294 599 124 27 godkändes
434 599 50 21 med
499 599 99 21 rättande
607 598 21 22 af
638 599 61 21 ordet
707 614 10 9 ,
720 599 189 26 Bergmästarens*

81 628 33 21 till
129 628 211 27 ,Bergsstyrelsens".

150 690 11 28 8
176 691 34 21 48.

150 753 57 21 Herr
230 752 152 22 Grönvik:
412 749 71 26 Äfven
506 753 40 21 här
562 755 23 19 är
601 753 108 22 sannolikt
724 754 31 20 ett
770 752 94 28 tryckfel
875 752 36 21 be-

80 782 80 27 gänget
174 782 7 20 i
198 782 35 21 det
249 784 32 19 att
297 782 65 21 orden
380 797 9 10 ,
394 782 40 21 och
449 782 159 27 förtimringar*
624 783 28 26 på
667 782 68 21 andra
750 782 66 21 raden
827 782 7 20 i
845 781 67 21 andra

81 812 116 19 momentet
220 810 41 21 fått
276 809 81 28 inflyta.
388 811 32 27 Ty
433 811 78 26 jemför
528 817 49 15 man
593 811 25 21 de
634 810 57 22 olika
706 812 128 23 momenten,
850 815 61 22 synes

82 839 36 21 det
143 838 82 28 tydligt,
249 841 32 19 att
301 839 67 28 enligt
383 839 69 22 första
468 841 117 20 momentet
601 839 54 22 skall
671 839 63 22 ställe
749 839 33 21 för
797 838 115 22 förtimrin-

81 873 39 21 gar
135 870 58 19 utses
208 867 22 21 af
244 867 168 28 bergmästaren,
428 868 110 22 hvarefter
552 868 7 21 i
574 868 67 21 andra
657 868 39 21 och
712 868 67 27 tredje
790 869 122 20 momenten

82 896 87 26 stadgas
185 902 76 15 ansvar
277 896 32 21 för
325 897 144 26 borttagande
485 897 25 21 af
522 897 181 26 förtimringarna.

151 952 56 22 Herr
228 954 156 26 Procopé:
415 954 42 26 Jag
480 954 67 21 hörde
571 954 18 27 ej
613 954 74 27 rigtigt
703 960 34 14 om
752 953 49 21 herr
816 952 96 23 Grönvik

82 981 100 27 föreslog,
205 983 32 20 att
259 982 6 21 i
288 982 68 22 andra
379 985 119 19 momentet
521 982 66 22 borde
603 983 50 21 heta
669 981 241 27 ,förtimringsställen”.

82 1010 41 27 Jag
147 1016 62 15 anser
234 1010 113 28 tryckfelet
372 1011 62 21 bestå
458 1012 52 26 deri,
533 1014 32 18 att
581 1012 61 21 ordet
657 1010 172 28 ,förtimringar*
845 1010 66 22 borde

82 1039 80 21 ändras
177 1039 33 21 till
224 1039 242 27 ,förtimringsställen*.

151 1096 56 21 Herr
221 1096 133 22 Berner:
385 1098 42 26 Jag
442 1099 38 19 vet
495 1097 19 27 ej
530 1103 34 15 om
579 1097 36 27 jag
631 1098 43 20 rätt
689 1097 64 21 fattat
769 1096 26 22 de
811 1096 101 21 anmärk-

82 1124 82 27 ningar,
186 1131 45 15 som
254 1127 37 19 äro
314 1125 76 27 gjorda
406 1127 45 19 mot
467 1127 12 25 &
496 1126 34 21 48.
560 1126 77 21 Första
653 1126 39 21 och
708 1125 66 22 andra
790 1127 122 19 momenten

79 1159 65 20 synas
160 1153 43 27 mig
217 1153 46 22 icke
279 1154 33 21 stä
328 1155 5 20 i
350 1154 70 28 nägon
436 1154 130 27 motsägelse
583 1157 44 19 mot
641 1154 127 27 hvarandra,
785 1153 39 22 och
840 1153 72 27 ejhel-

80 1182 33 21 ler
137 1181 68 22 finner
227 1182 37 27 jag
287 1182 86 22 hvarför
397 1183 63 21 ordet
486 1184 169 26 ,förtimringar*
679 1184 68 20 skulle
765 1183 86 26 utbytas
866 1184 46 19 mot

81 1210 244 27 wförtimringsställen*.
340 1211 10 21 I
366 1211 68 22 första
451 1213 118 20 momentet
584 1212 61 21 heter
661 1211 36 22 det
713 1211 90 26 ,ställen
819 1210 34 21 för
869 1210 42 21 för-

81 1238 130 28 timringar*,
228 1240 88 21 emedan
333 1240 36 21 det
384 1242 24 19 är
423 1240 58 27 plats
498 1240 33 21 för
547 1240 151 27 förtimringar,
707 1246 45 15 som
768 1240 23 21 af
804 1239 108 27 bergmäs-

81 1270 61 19 taren
165 1268 54 21 skall
235 1268 122 27 betecknas,
373 1275 48 15 men
437 1269 7 20 i
460 1269 70 22 andra
545 1271 116 20 momentet
677 1269 54 21 talas
747 1275 34 15 om
798 1269 26 20 de
839 1268 73 21 seder-

81 1302 59 15 mera
156 1296 107 22 inrättade
278 1297 181 28 förtimringarna.

150 1353 57 22 Herr
228 1353 153 23 Grönvik:
412 1355 43 27 Jag
480 1355 49 21 ville
544 1355 90 27 päpeka,
651 1357 32 19 att
699 1355 26 21 dä
736 1355 68 26 tredje
820 1360 92 15 momen-

79 1383 33 20 tet
127 1381 120 22 innehåller
262 1389 76 16 ansvar
353 1383 35 22 för
402 1383 70 22 skada
488 1384 13 21 &
516 1383 126 27 förtimring,
658 1384 42 21 kan
713 1384 38 26 jag
766 1383 18 27 ej
801 1384 65 19 annat
885 1384 27 19 än

80 1410 100 21 insistera
195 1411 34 27 pä,
245 1413 32 20 att
293 1411 36 22 det
345 1413 24 20 är
384 1418 77 21 genom
479 1413 66 26 något
561 1412 96 27 tryckfel,
671 1418 44 15 som
731 1412 39 21 här
781 1411 66 22 orden
858 1411 54 26 ,och

80 1439 155 28 förtimringar*
251 1440 40 21 fått
306 1441 76 26 inflyta
398 1441 6 20 i
420 1441 71 21 andra
506 1443 122 20 momentet.
645 1441 41 21 Det
702 1443 24 18 är
741 1441 27 26 pä
784 1440 36 21 två
835 1439 77 23 ställen

81 1474 82 15 samma
186 1468 44 22 sak.
260 1468 122 28 Tryckfelet
405 1469 106 27 afhjelpes
535 1476 34 15 om
585 1470 65 21 orden
666 1470 51 27 ,och
733 1468 157 28 förtimringar*
906 1470 6 20 i

80 1502 64 15 mom.
160 1498 13 19 2
188 1497 110 21 uteslutas.
