1125 1811
328 141 182 21 Borgareständet
522 141 57 17 1882.
603 142 26 16 25
642 141 48 21 maj.
875 136 54 21 1501

93 211 62 21 lands
174 211 67 25 Bank,
258 210 68 22 blefve
348 210 116 26 ingalunda
484 210 90 27 afhjelpt
589 210 130 28 derigenom,
735 212 33 19 att
784 216 25 15 en
826 210 101 22 diskoat-

93 240 82 21 komité
190 240 124 21 inrättades.
345 238 40 22 Om
401 239 136 21 direktionen
546 239 39 21 har
600 239 33 21 för
642 239 84 27 mycket
736 239 80 25 arbete,
829 239 97 21 minskas

93 268 49 22 dess
156 268 74 22 arbete
246 268 130 22 åtminstone
391 268 6 20 i
414 268 64 26 högst
494 268 119 26 oväsentlig
629 274 48 15 mon
694 268 130 26 derigenom,
840 270 33 19 att
884 267 40 21 den

93 296 33 22 får
142 298 61 20 dessa
218 302 101 22 personer
334 296 32 21 till
382 296 91 21 biträde.
505 296 31 27 Ty
552 296 69 21 såsom
637 297 107 20 utskottet
759 296 40 21 har
815 296 113 27 föreslagit

92 325 70 22 skulle
177 325 144 22 direktionens
336 324 130 22 ordförande
482 324 63 22 alltid
560 331 51 14 vara
627 325 133 21 närvarande
776 325 35 21 vid
822 325 106 22 komiténs

91 354 174 21 sammanträden
281 353 40 22 och
336 353 32 21 till
384 353 40 21 och
441 353 49 21 med
506 353 113 27 föredraga
635 353 26 22 de
677 353 101 26 ärenden,
792 356 47 19 som
854 353 73 22 kunde

94 383 142 25 förekomma;
257 382 42 21 han
321 381 69 22 skulle
407 381 85 22 således
508 382 17 26 ej
542 382 21 21 få
578 388 59 15 mera
651 382 31 21 tid
705 383 27 20 än
748 381 77 23 hittills
841 384 33 20 att
888 382 40 21 be-

92 411 56 22 fatta
168 412 32 25 sig
222 411 48 21 med
293 411 95 21 bankens
409 410 70 27 öfriga
497 411 102 26 göromål.
630 411 33 20 De
678 411 56 21 båda
749 411 67 21 andre
832 411 95 21 direktö-

93 446 63 15 rerne
178 439 68 22 skulle
265 439 59 22 äfven
341 439 115 22 framdeles
473 439 87 22 komma
575 441 33 20 att
622 439 77 27 pröfva
714 439 26 22 de
755 439 68 22 andra
838 440 89 21 lånean-

94 469 143 26 sökningarna
259 469 69 20 såsom
351 468 83 25 hittills,
453 468 25 21 så
494 470 33 25 att
542 468 60 21 äfven
618 468 33 21 för
666 468 47 21 dem
730 468 61 21 torde
807 468 47 22 icke
867 469 61 21 tiden

93 497 33 21 för
141 497 68 26 öfriga
223 497 96 27 göromål
335 496 66 22 blifva
416 497 76 26 ökad.
512 497 31 21 Ar
558 497 37 21 det
606 497 121 26 verkeligen
737 497 30 26 sä,
778 499 32 19 att
821 497 105 22 Finlands

92 525 74 22 Banks
182 525 77 22 aflärer
277 525 18 28 ej
312 526 72 21 kunna
400 526 75 21 skötas
491 525 23 22 af
527 526 26 21 de
569 528 32 19 tre
617 525 154 26 direktörerne,
788 531 46 16 som
849 525 77 25 finnas,

91 554 42 22 och
156 554 36 22 det
209 555 68 21 skulle
292 560 51 15 vara
359 553 103 28 behöfligt
478 556 33 19 att
527 554 22 21 fä
564 554 151 28 förstärkning,
731 560 51 15 vore
797 554 37 22 det
849 554 34 21 väl
900 553 28 22 dä

90 583 50 22 skäl
155 585 32 20 att
203 583 63 22 hafva
282 589 26 15 en
323 583 67 26 fjerde
406 583 102 21 ledamot.
540 583 49 21 Men
604 583 65 27 enligt
686 583 56 21 hvad
757 589 49 15 man
822 583 50 21 hört
888 582 40 22 har

92 612 47 22 icke
154 612 70 27 nägon
239 612 78 26 klagan
333 611 105 27 försports
454 611 48 21 frän
518 611 145 22 direktionens
679 612 53 25 sida,
748 613 34 20 att
797 611 41 21 den
856 610 71 23 skulle

92 646 53 16 vara
156 640 73 22 alltför
243 640 85 28 mycket
343 640 131 22 öfverlastad
490 640 49 22 med
550 640 80 21 arbete.
654 640 43 22 Det
707 642 24 19 är
742 639 187 28 hufvudsakligast

93 670 28 26 pä
136 669 63 21 dessa
214 669 99 27 grunder,
329 675 45 15 som
388 668 37 28 jag
441 669 34 21 för
491 669 43 21 min
550 669 34 21 del
600 675 70 20 anser,
686 672 33 18 att
735 669 35 21 det
785 668 48 22 icke
848 670 25 20 är
888 670 39 20 nö-

93 698 47 26 digt
162 700 32 19 att
216 698 79 21 inrätta
318 704 25 15 en
359 698 171 21 diskontkomit6
545 697 40 21 här
600 698 6 20 i
623 697 133 27 Helsingfors
772 698 39 21 och
826 700 53 24 tror,
894 699 35 20 att

91 726 39 21 det
152 726 86 27 förslag,
261 732 45 16 som
329 726 28 27 pä
380 726 150 27 förmiddagen
552 726 86 22 väcktes
657 726 23 22 af
693 726 50 22 herr
758 726 113 22 Wasenius
886 726 42 22 och

92 755 83 21 hvilket
197 755 42 21 han
260 755 109 21 sannolikt
391 761 77 15 senare
491 755 97 21 kommer
606 757 32 19 att
654 757 100 25 upptaga,
770 755 108 27 nämligen
894 757 34 19 att

93 789 49 16 man
158 784 70 21 skulle
243 784 91 21 tillsätta
349 790 26 15 en
391 784 90 24 komité,
498 784 85 21 hvilken
599 784 53 26 egde
667 786 99 19 närmare
776 784 82 27 pröfva,
870 784 56 21 huru

92 812 97 22 bankens
211 812 128 27 förvaltning
361 811 70 23 skulle
455 812 82 25 ställas,
560 812 78 21 lättare
661 812 60 21 leder
743 812 33 22 till
794 812 37 21 det
846 812 43 22 mäl
905 813 21 20 vi

90 841 79 21 önska:
186 841 36 21 det
237 843 24 19 är
276 843 32 19 att
323 841 21 21 få
360 840 96 23 bankens
473 841 145 27 organisation
634 841 129 21 förbättrad.

163 898 56 21 Herr
234 898 174 21 Lindblom:
424 898 44 27 Jag
484 899 59 20 delar
558 899 41 20 den
615 898 61 27 äsigt,
687 905 45 14 som
744 898 90 22 uttalats
843 898 25 22 af
877 898 51 21 herr

90 926 119 22 "Snellman.
239 926 41 27 Jag
302 927 68 21 måste
393 926 125 28 visserligen
541 927 100 26 erkänna,
665 928 33 20 att
713 927 100 21 brister
809 922 12 36 i
830 926 97 22 bankens

92 955 131 27 förvaltning
237 955 137 21 förekomma.
405 955 51 22 Men
470 956 38 26 jag
523 958 45 19 tror
583 956 54 24 icke,
653 958 32 19 att
696 956 62 21 dessa
769 956 79 21 brister
858 955 71 22 skulle

93 984 65 22 blifva
173 984 133 26 undanröjda
320 990 76 20 genom
413 984 135 22 tillsättande
563 984 22 21 af
599 990 26 16 en
641 984 168 22 diskontkomit6
820 984 35 22 vid
866 984 62 22 sidan

92 1013 25 21 af
138 1012 195 22 bankdirektionen.
363 1013 42 49 Jag
428 1013 44 21 kan
495 1012 18 28 ej
536 1012 55 22 fatta
612 1013 55 21 huru
683 1019 48 15 man
747 1013 6 21 i
769 1013 115 27 praktiken
899 1013 29 21 då

92 1042 51 21 ville
165 1041 85 21 förfara.
282 1041 41 21 Det
345 1043 24 19 är
400 1042 114 26 föreslaget,
530 1044 32 19 att
577 1042 204 21 bankdirektionens
797 1041 131 22 ordförande

90 1070 58 22 skall
165 1070 48 21 leda
228 1070 69 21 denna
312 1070 92 22 komitös
419 1070 91 22 arbeten
526 1070 39 22 och
581 1070 34 22 vid
631 1070 125 27 afgörandet
772 1070 23 22 af
808 1070 44 22 alla
866 1070 61 22 läne-

92 1098 160 22 transaktioner
274 1098 61 22 äfven
358 1100 98 20 närvara.
488 1098 87 22 Säledes
590 1098 69 22 skulle
674 1099 37 21 det
726 1105 50 15 vara
792 1105 26 15 en
834 1098 94 22 särskild

90 1127 109 27 pröfning,
222 1133 45 15 som
289 1127 240 22 länetransaktionerna
552 1128 27 21 dä
601 1127 69 22 skulle
685 1128 102 26 undergå,
804 1127 39 22 och
858 1128 68 21 saken

93 1155 68 22 mäste
184 1155 33 22 väl
237 1156 60 21 äfven
313 1156 126 26 ytterligare
455 1156 132 22 förekomma
602 1156 39 22 hos
657 1156 141 22 direktionen.
828 1156 42 27 Jag
885 1156 42 22 har

93 1184 124 27 visserligen
233 1184 65 27 nägot
312 1184 83 22 försökt
410 1187 34 19 att
460 1185 66 21 tänka
542 1185 43 26 mig
599 1186 21 20 in
636 1185 6 21 i
659 1185 79 26 frägan.
770 1185 50 21 Men
833 1185 24 26 ju
868 1191 61 16 mera

90 1212 38 27 jag
150 1213 39 20 har
204 1213 119 26 begrundat
338 1213 133 26 densamma,
488 1213 59 22 desto
563 1213 105 28 tydligare
683 1213 39 22 har
737 1213 189 27 nödvändigheten

92 1241 109 22 framstätt
223 1241 33 22 för
278 1241 43 27 mig
343 1241 23 21 af
387 1243 33 20 att
444 1242 98 27 afstyrka
562 1242 107 27 förslaget.
701 1242 102 27 Deremot
829 1242 100 21 kommer

92 1269 63 22 äfven
176 1270 37 27 jag
235 1272 32 19 att
289 1270 74 21 förena
378 1270 44 27 mig
438 1277 35 15 om
489 1271 36 21 det
541 1271 85 26 förslag,
642 1277 46 15 som
704 1271 50 21 herr
769 1270 113 23 Wasenius
898 1271 29 26 pä

93 1298 147 27 förmiddagen
255 1299 139 26 framställde,
418 1301 34 19 att
474 1300 23 21 ät
520 1306 26 15 en
568 1299 80 22 komité
670 1312 27 3 —
713 1299 52 22 eller
780 1299 66 22 också
860 1299 24 22 åt
900 1299 28 22 de

90 1326 111 22 dlifvande
223 1327 192 27 bankfullmäktige
434 1340 28 3 —
478 1328 68 22 skulle
562 1328 140 22 öfverlemnas
717 1330 33 20 att
765 1328 101 21 utarbeta
882 1328 44 22 för-

91 1355 48 27 slag
162 1355 32 21 till
217 1358 46 25 nytt
286 1356 136 27 reglemente,
443 1356 83 22 hvilket
540 1355 177 28 hufvudsakligen
733 1358 86 20 komme
834 1359 34 19 att
883 1357 43 21 för-

92 1384 54 22 söka
160 1385 166 26 sammanjemka
342 1385 63 22 dessa
420 1385 59 22 olika
495 1385 160 27 institutioners,
673 1385 203 28 bankfullmäktiges
886 1385 41 22 och

92 1413 211 26 bankdirektionens,
319 1413 137 28 åligganden.

162 1470 56 22 Herr
233 1470 92 22 Göös:
349 1471 43 21 Det
413 1472 25 20 är
454 1477 26 15 en
495 1471 6 21 i
516 1471 73 21 landet
612 1471 65 27 nägot
697 1471 65 21 sänär
778 1471 78 22 allmän
873 1477 55 21 upp-

92 1499 93 27 fattning
209 1505 33 15 om
266 1498 100 22 Finlands
382 1499 74 21 Banks
477 1500 122 21 nuvarande
621 1500 154 26 organisation,
799 1502 31 19 att
846 1500 41 21 den
903 1500 20 26 ej

88 1527 169 22 tillfredsställer
280 1527 25 22 de
321 1527 50 22 kraf
384 1534 51 15 man
452 1528 38 21 har
506 1528 46 21 skäl
568 1530 32 19 att
615 1527 64 22 ställa
694 1528 28 27 pä
737 1535 27 15 en
780 1528 58 27 dylik
854 1528 69 22 banks
