1125 1811
318 132 182 23 Borgareständet
511 132 60 18 1882.
594 132 25 17 16
631 132 47 21 maj.
862 126 55 22 1267

156 202 55 22 Herr
253 201 166 27 Chydenius:
450 200 41 22 Till
508 201 40 21 den
571 200 97 26 tolkning
691 200 24 21 af
730 200 62 21 ordet
808 200 109 26 ,anvisa*,

87 238 45 15 som
148 231 39 21 här
204 231 69 21 blifvit
288 230 68 27 gjord,
373 230 38 20 ber
424 230 36 26 jag
476 232 34 18 att
525 229 21 21 få
562 229 110 26 anmärka,
688 231 32 19 att
736 229 68 21 denna
820 228 96 28 näppeli-

86 266 41 21 gen
149 260 42 21 kan
213 266 52 15 vara
285 258 40 22 den
349 258 83 26 riktiga.
464 257 27 22 Vi
514 258 74 21 anvisa
611 258 68 20 medel
703 257 31 21 till
758 260 32 18 ett
804 256 112 27 ändamäl;

87 288 107 22 hvarifrån
211 289 26 20 de
252 288 60 21 skola
335 289 60 24 tagas
418 288 62 25 säger
496 287 13 26 8
524 287 28 20 36
567 287 7 20 i
590 286 58 21 L.O.
679 286 26 21 Vi
721 286 61 21 skola
797 286 121 21 bestämma

88 317 115 26 bevillning
218 315 32 22 till
266 315 25 21 de
313 315 65 21 behof
392 315 19 20 vi
427 314 58 21 finna
508 315 83 26 nödiga.
623 314 47 21 Men
687 314 36 21 det
738 314 42 21 kan
796 314 18 27 ej
831 313 88 22 komma

87 346 6 20 i
109 345 59 27 fräga
184 347 31 19 att
231 344 83 21 besluta
329 349 26 16 en
371 343 121 27 bevillning,
500 344 64 21 innan
580 343 19 21 vi
616 343 62 21 hafva
686 343 57 26 gjort
758 349 25 14 en
799 343 117 26 anvisning,

87 373 40 22 och
143 374 36 21 det
194 373 41 21 kan
252 372 18 27 ej
287 373 85 20 komma
387 372 6 21 i
410 372 60 26 fräga
486 375 32 18 att
534 371 120 22 undersöka
670 377 34 15 om
727 371 140 22 statsverkets
883 377 33 16 or-

88 403 81 20 dinarie
191 401 114 26 tillgängar
327 401 65 20 räcka
415 400 39 25 till,
478 400 45 21 ifall
540 401 18 20 vi
574 401 18 26 ej
616 399 58 22 förut
691 400 57 27 gjort
764 406 25 15 en
805 400 113 27 anvisning

88 431 40 22 och
143 431 122 22 sedermera
280 436 21 15 se
318 429 55 22 efter
388 435 34 15 om
440 435 26 15 en
483 428 114 27 bevillning
613 427 101 22 behöfves
729 428 52 21 eller
797 429 25 26 ej.

157 487 153 22 Diskussionen
326 486 122 26 afslutades,
466 486 51 22 derä
532 486 93 27 följande
641 485 275 28 omröstningsproposition

89 517 120 26 upplästes
201 513 13 35 :

159 590 8 9 n
174 573 37 26 De,
228 572 71 22 hvilka
314 572 31 22 till
361 572 212 27 kontraproposition
590 574 44 19 mot
649 572 117 21 utskottets
778 572 141 22 förevarande

89 602 57 21 kläm
162 604 79 24 antaga
256 602 39 20 den
312 601 23 21 af
348 601 50 21 herr
415 601 103 21 Mechelin
535 607 26 15 m.
577 600 20 21 fl.
605 601 34 20 till
648 601 144 21 betänkandet
803 601 114 26 vidfogade

89 630 158 22 reservationen
263 630 134 25 oförändrad,
413 631 59 19 rösta
486 629 32 27 ja;

158 659 73 21 vinner
247 658 39 27 nej.
302 658 39 21 har
356 658 6 20 i
378 658 76 21 sädant
470 658 101 21 afseende
586 658 93 26 antagits
694 660 171 19 reservanternes
876 657 40 22 för-

89 687 47 27 slag
151 687 47 21 med
213 686 37 22 det
265 686 129 28 uttryckliga
412 686 105 21 förbehäll
532 689 33 18 att
589 686 328 28 stämpelpappersbevillningen

89 716 7 20 i
112 716 48 21 dess
175 715 72 21 helhet
262 716 87 20 ställdes
365 715 33 21 till
422 715 132 21 Ständernas
576 714 130 27 förfogande,
729 718 51 18 utan
799 717 33 19 att
847 716 69 26 nägon

90 744 33 22 del
140 744 60 22 deraf
213 744 129 22 öfverfördes
358 744 33 21 till
406 744 155 21 statstonden*.

158 800 131 22 Besvarades
304 801 47 20 med
368 801 27 20 34
408 800 23 27 ja
446 800 41 21 och
503 801 27 20 15
546 801 39 26 nej.

158 857 49 22 Med
223 857 154 28 öfvervägande
392 857 112 27 pluralitet
520 857 134 22 förkastades
669 857 37 22 det
722 857 138 22 förevarande
872 864 44 15 mo-

90 888 80 20 mentet
185 887 5 20 i
207 887 116 20 utskottets
345 886 136 21 betänkande
504 886 40 21 och
566 886 68 21 beslöt
659 886 85 21 ständet
758 890 52 17 utan
826 887 90 26 ändring

89 915 114 27 godkänna
218 915 41 21 den
274 915 22 21 af
310 914 49 22 herr
374 914 106 22 Mechelin
496 920 26 15 m.
538 914 21 21 fl.
567 914 172 22 undertecknade
748 915 166 21 reservationen.

158 972 43 21 Det
223 978 74 15 senare
321 973 115 20 momentet
459 972 13 20 &
494 977 82 16 samma
598 972 53 26 sida,
669 972 32 25 12,
725 972 125 26 godkändes
865 974 52 20 utan

90 1000 125 22 diskussion.

158 1056 135 23 Beträffande
315 1056 102 28 förslaget
440 1058 13 20 &
469 1058 60 20 sidan
555 1058 25 20 14
596 1057 21 21 af
646 1057 118 22 utskottets
780 1058 137 21 betänkande

89 1085 85 28 yttrade

158 1142 56 22 Herr
229 1142 142 22 Neovius:
403 1142 33 22 Dä
456 1143 38 27 jag
514 1142 18 28 ej
549 1143 41 21 kan
606 1142 91 22 omfatta
712 1143 40 21 den
768 1143 112 21 redaktion
896 1143 23 21 af

89 1171 114 25 klämmen,
225 1177 46 15 som
294 1171 39 21 här
355 1171 68 21 blifvit
439 1171 126 27 föreslagen,
581 1172 62 21 utber
656 1172 37 26 jag
709 1172 42 26 mig
766 1175 32 18 att
815 1172 20 20 fä
852 1172 65 21 fram-

89 1200 56 21 hålla
164 1200 57 21 mina
236 1200 65 21 motiv
317 1200 77 21 derför.
424 1200 74 21 Redan
514 1200 36 21 vid
565 1203 84 18 senaste
665 1201 107 26 landtdag,
788 1200 34 21 för
836 1200 41 21 fem
893 1200 25 21 är

88 1228 73 25 sedan,
176 1228 167 27 petitionerades
357 1235 34 14 om
406 1229 103 26 rättighet
520 1228 32 21 för
563 1228 174 22 folkskolelärare
747 1229 39 21 och
798 1229 120 21 lärarinnor

89 1259 33 18 att
144 1256 87 25 erhålla,
255 1258 68 20 såsom
347 1256 197 27 lärarepersonalen
568 1257 27 27 pä
617 1257 79 25 landet,
717 1257 95 27 pension.
843 1257 75 22 Denna

88 1285 90 27 petition
201 1285 127 22 omfattades
347 1285 22 21 af
383 1288 32 19 tre
432 1286 69 21 ständ.
532 1286 159 21 Bondeständet
708 1286 71 21 visade
794 1286 32 26 sig
842 1286 76 21 visser-

89 1313 55 28 ligen
168 1313 19 27 ej
210 1314 49 27 vilja
282 1314 49 27 ingå
353 1314 72 27 derpä,
442 1321 50 14 men
507 1315 6 20 i
529 1314 42 22 alla
586 1314 37 21 fall
639 1314 45 21 blef
698 1315 112 21 resultatet
826 1315 42 22 det,
884 1316 33 19 att

89 1349 26 15 en
138 1342 181 27 Ständerpetition
343 1343 132 21 ästadkoms.
506 1343 10 21 I
538 1343 41 21 fem
603 1343 24 21 är
650 1343 62 21 hafva
734 1343 111 21 städernas
862 1342 56 22 folk-

88 1371 131 22 skolelärare
241 1371 40 22 och
303 1371 120 21 lärarinnor
445 1371 99 22 afvaktat
566 1373 107 25 utgängen
696 1371 22 22 af
737 1372 69 21 denna
821 1371 33 22 för
870 1371 47 22 dem

88 1400 95 22 särdeles
206 1400 78 27 vigtiga
305 1400 161 27 angelägenhet.
496 1401 41 21 Vid
554 1401 68 20 denna
638 1401 101 26 landtdag
755 1400 81 21 erhöllo
852 1401 66 26 nägra

88 1431 173 25 representanter
276 1428 33 21 för
323 1429 100 21 städerne
439 1429 6 20 i
462 1430 97 26 uppdrag
574 1429 23 21 af
611 1429 46 21 sina
673 1429 125 21 kommuner
812 1432 32 18 att
854 1429 64 21 fram-

88 1457 58 22 hålla
168 1457 71 27 vigten
262 1457 21 20 af
300 1457 68 21 denna
384 1457 156 27 angelägenhet
555 1458 38 20 och
609 1461 116 23 yttermera
740 1458 128 26 petitionera
883 1463 34 15 om

90 1486 69 21 denna
182 1486 202 26 pensionsrättighet
408 1486 32 20 för
456 1486 175 21 folkskolelärare
647 1486 39 22 och
703 1486 124 21 lärarinnor.
857 1486 60 21 Inom

89 1514 86 22 ständet
199 1515 36 20 har
258 1513 88 22 sälunda
363 1520 25 15 en
404 1513 81 22 allmän
501 1514 96 27 petition,
613 1514 159 22 undertecknad
788 1514 28 27 af,
833 1521 34 15 om
880 1513 38 28 jag
