1125 1811
294 149 184 21 Borgareståndet
490 150 58 16 1882.
573 150 23 16 19
609 150 48 19 maj.
846 146 53 19 1345

68 219 7 21 i
91 218 40 22 den
147 218 106 21 allmänna
269 218 147 22 diskussionen
434 218 18 26 ej
471 218 66 21 borde
554 218 112 22 inblandas
677 218 79 28 förslag
769 218 131 22 beträffande

69 248 27 20 de
110 247 96 21 enskilda
222 246 151 27 paragraferna.
410 246 64 22 Hvad
490 248 40 20 den
546 247 107 21 allmänna
669 247 110 27 principen
794 246 104 22 beträffar

68 276 68 21 skulle
150 276 36 26 jag
202 275 56 21 hålla
273 276 51 25 före,
341 278 32 18 att
388 275 142 21 maltskatten
546 275 163 27 nödvändigtvis
725 276 67 20 måste
804 276 95 21 föredra-

69 311 37 20 gas
130 304 87 21 framför
239 304 35 21 det
297 310 28 15 nu
348 304 94 21 rådande
460 304 216 27 beskattningssättet
692 304 5 20 i
714 304 59 21 detta
789 304 109 22 afseende.

70 333 61 22 Hvad
147 333 46 20 åter
209 332 100 21 beträffar
325 333 40 20 den
382 333 73 23 saken,
472 335 33 18 att
521 333 68 20 denna
605 333 59 20 skatt
679 332 68 21 skulle
764 333 82 21 drabba
858 333 41 21 den

70 361 76 28 fattiga
169 361 156 26 befolkningen,
341 361 24 21 så
381 363 23 18 är
417 361 39 27 jag
472 362 72 20 derom
562 361 47 21 med
624 361 50 21 herr
689 361 107 21 Stenbäck
812 362 88 21 alldeles

70 396 56 16 ense.
154 389 47 21 Men
217 390 19 20 vi
253 391 40 23 må,
310 390 27 21 då
352 389 20 21 vi
388 390 88 21 komma
492 390 31 21 till
540 389 40 22 den
596 389 107 28 paragraf,
720 396 45 14 som
782 390 63 21 berör
858 390 43 21 frå-

70 425 41 20 gan
124 425 34 14 om
174 418 140 27 svagdrickat,
331 419 86 20 försöka
433 418 133 21 förekomma
581 418 82 21 sådant.

140 475 50 22 Med
213 475 154 26 öfvervägande
390 475 112 27 pluralitet
525 475 80 22 beslöts
628 475 51 21 derå
703 477 32 19 att
758 475 87 28 öfvergå
869 475 33 22 till

71 504 130 27 granskning
217 504 22 21 af
253 504 143 21 betänkandet
412 504 104 27 paragraf
530 504 33 21 för
578 504 107 27 paragraf.

464 562 11 27 8
493 563 18 19 1.

142 618 56 22 Herr
213 618 174 22 Wasenius:
418 618 238 28 Bevillningsutskottet
679 618 123 22 framhåller
818 619 28 27 på
861 618 42 22 för-

73 650 34 18 sta
130 648 60 20 sidan
209 647 23 21 af
253 648 36 20 sitt
313 647 135 21 betänkande
469 653 33 15 n:o
519 648 13 20 3
548 646 114 22 huruledes
678 647 104 21 utskottet
800 648 102 27 ,oaktadt

73 676 98 21 häremot
186 675 131 21 framställda
327 675 177 27 betänkligheter,
520 678 71 19 ansett
607 676 32 26 sig
655 676 18 26 ej
690 676 81 21 mindre
787 676 115 27 förpligtad

74 706 27 19 än
124 704 91 26 befogad
231 706 36 24 att,
282 705 68 21 under
365 704 155 27 förutsättning
536 705 36 20 det
587 711 26 15 en
629 704 114 26 bevillning
759 704 34 22 för
808 705 96 21 tillverk-

74 733 50 26 ning
139 733 23 21 af
176 733 143 26 maltdrycker
334 733 42 21 kan
393 733 87 21 komma
496 735 32 19 att
543 732 68 23 finnas
627 733 131 27 erforderlig,
774 734 66 20 redan
856 734 47 20 tidi-

73 768 51 20 gare
140 763 57 19 sätta
213 761 118 22 Ständerna
345 762 7 20 i
369 761 83 21 tillfälle
468 763 33 20 att
516 762 176 21 förberedelsevis
707 762 91 26 granska
814 762 90 21 Utskot-

76 791 41 20 tets
139 790 80 26 förslag
241 790 39 21 och
302 789 116 22 eventuellt
434 790 120 21 bestämma
569 790 32 27 sig
617 791 6 20 i
640 790 98 21 afseende
754 791 13 20 å
782 791 40 20 den
839 790 65 21 tilläf-

76 820 86 25 ventyrs
178 818 139 27 erforderliga
332 819 166 21 skattesatsen".
529 819 34 20 Då
575 819 37 26 jag
628 818 33 22 för
677 819 42 20 min
735 818 34 21 del
784 819 7 20 i
807 819 41 21 allo
865 819 40 21 har

75 853 81 15 samma
176 847 135 27 uppfattning
334 853 44 15 som
395 847 114 24 utskottet,
526 849 32 19 att
573 848 107 26 nämligen
697 848 143 21 skattesatsen
856 847 48 22 icke

75 875 65 22 borde
154 875 22 22 af
189 876 119 21 Ständerna
324 875 106 22 definitivt
446 877 137 24 bestämmas,
599 876 64 21 innan
679 876 101 27 beloppet
790 875 23 22 af
824 876 80 21 skatte-

76 904 99 21 behofvet
190 906 24 19 är
229 905 72 25 kändt,
317 907 61 23 tager
390 905 38 26 jag
443 906 44 26 mig
502 904 91 21 friheten
609 904 84 24 föreslå,
709 907 31 18 att
754 905 86 21 ståndet
855 905 49 20 ville

76 932 106 21 behandla
204 932 69 22 denna
295 933 101 27 paragraf
418 933 56 21 först
497 933 65 21 sedan
585 933 72 21 utredt
680 935 24 19 är
728 933 53 21 huru
797 935 55 19 stort
868 933 36 21 det

76 961 78 27 belopp
177 961 23 21 af
214 962 137 20 maltskatten
368 962 47 25 blir,
430 968 47 15 som
494 961 53 21 skall
564 961 33 21 för
613 964 82 19 statens
710 961 66 22 behof
789 960 115 23 anskaffas.

76 989 41 27 Jag
132 992 39 24 gör
186 990 35 20 det
237 990 23 21 så
275 990 84 27 mycket
374 990 74 26 hellre,
466 996 45 16 som
525 991 37 26 jag
577 990 66 21 redan
659 990 35 21 vid
711 990 147 22 diskussionen
870 996 34 16 om

77 1018 170 22 statsutskottets
264 1021 71 19 senast
350 1018 135 22 behandlade
500 1019 135 21 betänkande
651 1018 105 26 framhöll,
773 1021 32 19 att
819 1018 36 27 jag
871 1018 34 22 för

76 1047 42 21 min
142 1046 34 22 del
191 1048 68 20 skulle
276 1048 72 25 önska,
364 1047 36 21 det
416 1047 152 21 företrädesvis
584 1048 59 21 skatt
657 1048 47 20 från
720 1046 101 28 fastighet
836 1047 68 21 skulle

76 1076 51 26 utgå
150 1075 87 22 framför
260 1076 68 21 denna
351 1076 215 24 konsumtionsskatt,
591 1076 84 21 hvilken
699 1077 96 20 kommer
817 1078 33 19 att
873 1076 32 21 till

75 1106 81 19 största
179 1104 59 22 delen
263 1104 80 22 betalas
366 1104 22 22 af
407 1105 39 21 den
463 1104 77 28 fattiga
556 1104 149 27 befolkningen
722 1105 5 20 i
744 1104 79 22 landet.
855 1104 50 22 Mitt

77 1132 79 27 förslag
179 1133 67 21 skulle
269 1133 82 21 således
374 1134 28 26 gå
424 1136 24 18 ut
467 1133 28 27 på
510 1136 33 18 att
559 1134 44 20 låta
619 1133 171 21 bestämmandet
806 1133 23 21 af
843 1133 63 21 malt-

76 1162 97 20 skattens
196 1162 76 26 belopp
292 1162 64 21 blifva
372 1162 107 21 beroende
495 1162 33 21 till
544 1162 49 21 dess
609 1162 40 21 den
666 1161 108 22 definitiva
788 1162 118 26 finansreg-

77 1190 95 26 leringen
188 1190 127 21 verkställts.

146 1247 55 20 Herr
229 1247 28 21 Öh
266 1254 75 15 man:
365 1248 41 26 Jag
422 1249 30 24 är,
470 1248 70 21 såsom
554 1247 35 27 jag
606 1247 66 21 redan
689 1247 54 21 hade
759 1249 52 19 äran
822 1249 84 24 nämna,

77 1275 7 20 i
99 1275 82 26 princip
197 1275 33 22 för
245 1276 111 21 införande
371 1276 25 21 af
409 1283 26 14 en
452 1276 119 21 maltskatt.
602 1277 61 20 Dock
679 1276 83 21 fruktar
776 1275 36 27 jag
826 1275 34 22 för
875 1278 33 19 att

78 1303 36 22 det
135 1303 77 28 belopp
228 1304 22 21 af
264 1305 27 21 80
307 1305 62 26 penni
385 1311 38 20 per
439 1305 45 26 LG,
500 1311 45 15 som
562 1305 106 21 utskottet
684 1305 114 26 föreslagit,
814 1304 40 21 blir
870 1304 38 27 hö-

78 1339 36 20 gre
138 1334 27 19 än
188 1333 137 27 erforderligt
340 1335 24 20 är
380 1333 39 22 och
436 1333 107 21 mähända
559 1333 72 21 alltför
647 1333 101 22 störande
763 1333 96 21 kommer
876 1335 33 20 att

78 1361 88 22 inverka
189 1362 26 26 pä
239 1362 204 27 bryggeriindustrin
466 1362 7 20 i
497 1362 79 21 landet.
608 1361 28 22 Af
658 1362 36 21 det
709 1361 24 22 af
747 1361 161 22 statsutskottet

78 1389 80 28 afgifna
176 1389 145 22 betänkandet
336 1397 34 14 n:o
389 1392 25 19 14
430 1391 68 20 finner
514 1397 55 19 man,
585 1393 32 19 att
633 1391 141 21 statsverkets
789 1389 120 23 finansiella

78 1418 101 27 ställning
193 1419 67 21 under
283 1419 40 21 den
346 1421 108 19 närmaste
470 1419 171 27 finansperioden
657 1419 97 21 kommer
769 1421 33 18 att
816 1419 92 26 gestalta

78 1448 32 25 sig
123 1447 154 26 jemförelsevis
293 1447 139 27 fördelaktigt
447 1448 40 20 och
503 1450 31 19 att
551 1448 36 20 det
603 1448 82 20 säledes
701 1448 47 20 icke
761 1449 27 20 är
804 1447 105 21 erforder-

79 1475 39 27 ligt
139 1478 32 18 att
194 1477 27 25 pä
237 1476 68 21 denna
321 1478 39 24 väg
375 1475 127 22 införskaffa
518 1476 72 21 alltför
605 1476 53 27 högt
673 1476 85 27 belopp.
789 1476 41 26 Jag
845 1482 65 15 anser

80 1503 76 27 derför,
180 1507 31 18 att
235 1504 36 21 det
286 1510 49 15 vore
359 1505 46 20 skäl
430 1507 33 18 att
483 1504 84 21 minska
583 1504 101 27 beloppet
700 1505 31 20 till
748 1505 27 20 50
790 1505 64 26 penni
872 1511 38 20 per

80 1532 45 26 L&,
152 1532 38 21 och
214 1533 66 20 finner
295 1535 31 18 ett
341 1533 126 27 ytterligare
484 1533 45 21 skäl
546 1533 73 21 derför
634 1533 102 26 föreligga
752 1532 61 21 äfven
830 1533 80 24 deruti,

819 1573 22 18 85
