1125 1811
218 127 55 22 1658
448 132 181 21 Borgareståndet
642 134 56 16 1882.
723 133 26 17 30
762 133 48 21 maj.

288 203 47 23 »att
357 208 83 15 samma
462 201 139 27 grundsatser
623 202 7 20 i
653 202 99 21 afseende
774 202 13 21 å
810 200 70 22 finska
902 200 97 28 språkets
1014 208 35 15 an-

217 230 112 21 vändande
345 230 7 20 i
369 230 145 27 expeditioner
530 230 69 21 blefve
615 230 66 26 följda
697 230 34 21 vid
746 230 120 28 Kejserliga
888 230 103 22 Senatens
1012 230 37 21 Ju-

217 259 269 27 stitiedepartement,
447 254 36 36 som
502 260 37 20 äro
556 258 51 22 eller
623 258 65 22 blifva
697 259 122 21 fastställda
835 258 33 22 för
880 259 66 27 öfriga
957 258 92 22 domsto-

220 288 32 21 lar
268 288 6 20 i
290 288 102 25 landet.*,

287 317 27 25 på
329 317 45 20 sätt
390 316 66 20 första
472 315 106 21 klämmen
593 315 6 21 i
617 315 144 22 betänkandet
777 316 27 26 på
820 322 50 21 pag.
889 317 24 20 12
925 315 124 22 innehåller.

218 345 103 20 Deremot
344 343 63 22 hafva
430 347 168 23 reservanterne,
618 345 79 26 jemväl
713 344 45 22 åtta
774 345 34 20 till
824 344 89 26 antalet,
929 346 70 19 ansett
1015 345 34 20 be-

216 374 136 25 stämningen
376 378 34 15 om
431 373 265 26 justitiedepartementets
719 373 123 27 skyldighet
865 373 52 21 böra
940 373 80 21 införas
1042 373 6 20 i

218 401 68 22 första
302 401 128 27 paragrafen
447 401 21 21 af
482 401 159 27 författningen,
659 401 39 22 och
714 402 27 21 dä
751 402 37 27 jag
807 401 60 22 delar
878 404 171 19 reservanternes

219 431 90 26 mening,
335 432 51 19 enär
406 430 36 27 jag
464 436 70 20 anser,
558 432 32 19 att
613 430 131 21 Ständernas
768 431 80 26 förslag
872 431 89 20 sälunda
981 430 68 21 skulle

217 465 63 20 synas
305 465 60 15 mera
390 459 88 26 kraftigt
500 461 26 19 än
549 459 35 20 det
606 459 111 21 uttalande
740 460 5 20 i
769 460 109 20 klämmen
901 460 27 26 pä
951 465 47 20 pag.
1023 459 24 20 12

219 488 97 24 föresläs,
339 488 24 21 sä
386 487 68 22 skulle
467 488 39 26 jag
521 487 91 27 förorda,
628 489 33 19 att
676 488 120 27 Kejserliga
812 488 105 21 Senatens
930 487 119 28 justitiede-

219 519 122 24 partement
361 516 93 21 infördes
471 517 63 20 bland
551 517 26 20 de
592 518 75 24 rätter,
684 517 72 20 hvilka
772 519 38 19 äro
826 516 159 22 underkastade
1000 515 49 22 ifrä-

221 545 121 27 gavarande
359 545 195 26 språkförordning.

289 573 45 22 Min
358 574 67 21 andra
448 573 141 27 anmärkning
612 573 68 21 skulle
703 574 57 27 gälla
783 573 76 27 frågan
882 580 34 15 om
932 574 55 20 hvad
1003 579 46 15 som

216 602 57 21 skall
295 608 52 15 vara
370 603 160 20 bestämmande
553 602 32 20 för
600 602 87 26 språket
713 602 33 21 för
772 602 154 26 expeditioner,
949 602 100 26 antingen

218 631 121 21 kärandens
355 631 35 20 vid
406 631 98 21 ärendets
520 630 129 27 behandling
664 631 97 21 använda
777 630 72 27 språk,
866 630 51 22 eller
933 631 35 21 det
979 630 70 26 språk,

219 659 82 21 hvilket
323 659 89 21 allmänt
428 660 107 20 användes
551 660 26 26 på
597 661 61 19 orten
675 660 39 20 och
730 660 6 20 i
752 659 136 27 protokollen
905 660 34 20 vid
953 660 96 20 kommu-

219 694 52 15 nens
287 688 111 26 offentliga
413 688 165 26 förhandlingar.
610 688 44 20 Min
671 688 122 21 erfarenhet
808 688 68 26 gifver
892 688 42 26 mig
949 688 33 20 vid
998 687 50 21 han-

216 717 49 25 den,
289 719 32 19 att
345 717 36 20 det
404 718 80 25 ganska
500 716 45 22 ofta
561 716 103 26 inträffar,
687 719 32 19 att
745 717 37 21 der
799 718 14 19 t.
831 723 31 15 ex.
879 716 170 27 kärandeparten

219 746 82 20 känner
330 745 84 21 landets
440 746 56 20 båda
524 745 69 27 språk,
616 752 49 14 men
691 747 122 25 motparten
840 745 76 21 endast
941 746 36 20 det
1003 750 46 20 ena,

220 774 109 21 käranden
346 776 81 19 ömsom
443 774 108 21 använder
567 774 35 21 det
618 780 39 15 ena
673 774 40 21 och
729 774 37 21 det
781 774 69 21 andra
866 774 93 25 språket.
991 774 10 20 I
1017 773 32 20 sä-

219 803 56 20 dana
297 802 38 21 fall
356 802 64 21 råkar
443 802 101 21 domaren
567 803 5 20 i
596 804 80 19 största
700 802 139 27 villrådighet
855 802 79 21 hvilket
950 802 63 27 språk
1029 801 22 21 af

219 831 78 21 honom
321 831 6 20 i
352 831 59 20 detta
434 831 98 21 afseende
555 830 54 21 skall
632 831 114 21 användas.
778 831 88 21 Samma
888 831 36 20 fall
947 830 102 26 inträffar,

219 859 125 28 isynnerhet
359 866 29 14 nu
404 859 32 21 för
452 860 64 23 tiden,
533 860 81 27 ganska
629 859 51 22 ofta.
702 860 31 21 En
750 862 50 25 part
815 859 104 21 inlemnar
935 865 24 15 en
975 858 74 22 skrift-

219 889 30 25 lig
272 887 72 27 inlaga
367 888 27 26 på
416 891 31 18 ett
470 888 70 26 språk,
556 894 44 15 som
618 890 24 18 är
657 888 77 21 honom
752 888 116 26 obeqvämt
884 890 38 22 att,
938 888 51 21 eller
1004 893 45 15 som

220 916 41 21 han
278 916 88 21 alldeles
382 916 46 22 icke
444 917 42 21 kan
502 917 97 20 använda
615 916 6 21 i
638 917 35 21 tal.
688 917 39 21 Vid
745 917 36 21 det
798 916 145 21 förhållandet
953 916 94 26 uppstår,

219 945 72 21 derest
313 948 76 24 parten
412 945 39 21 har
477 945 115 21 underlåtit
615 948 32 18 att
669 945 101 21 särskildt
795 945 79 26 begära
890 945 159 27 expeditionens

219 974 129 21 utfärdande
371 974 27 26 på
421 977 65 18 annat
501 974 70 26 språk,
588 974 40 21 den
645 976 78 19 största
739 974 139 26 villrådighet
894 974 32 20 för
942 974 106 21 domaren,

219 1002 80 22 Vidare
322 1002 90 27 uppstår
434 1002 107 27 svårighet
565 1002 128 28 derigenom,
711 1004 31 19 att
759 1003 103 20 domaren
879 1004 23 19 är
918 1002 83 26 skyldig
1017 1004 32 19 att

219 1031 34 21 för
269 1031 73 27 hvarje
359 1031 43 21 mål
418 1032 6 20 i
440 1032 38 20 sitt
494 1031 218 27 memorialprotokoll
728 1032 107 20 anteckna
851 1031 81 21 hvilket
947 1031 64 26 språk
1027 1030 24 22 af

220 1060 40 21 den
277 1060 94 21 kärande
386 1063 76 23 parten
479 1060 39 21 har
533 1060 108 21 användts.
678 1060 40 21 Till
735 1060 138 21 undvikande
889 1060 22 21 af
926 1060 61 21 dessa
1002 1059 47 21 svå-

220 1089 95 26 righeter
333 1088 68 22 skulle
415 1089 37 26 jag
468 1089 67 20 önska
550 1088 73 22 förena
640 1089 42 26 mig
697 1095 34 15 om
749 1089 40 21 den
806 1088 63 26 åsigt,
886 1094 44 16 som
947 1088 38 21 här
1001 1094 48 21 nyss

219 1117 22 21 af
262 1117 50 21 herr
327 1117 96 26 Ignatius
438 1117 149 21 framställdes.
618 1117 72 21 Skulle
701 1118 55 20 dock
767 1118 49 20 icke
832 1117 70 21 denna
918 1117 54 25 åsigt
987 1117 63 21 vinna

219 1146 98 21 ståndets
332 1146 163 26 godkännande,
511 1152 33 15 ser
559 1146 35 26 jag
610 1146 43 26 mig
668 1149 92 23 tvungen
777 1148 35 19 att
828 1145 79 22 föreslå
922 1148 31 18 ett
968 1145 81 21 undan-

219 1177 37 24 tag
278 1174 46 21 från
349 1174 40 21 den
405 1175 107 21 allmänna
528 1175 63 26 regel,
607 1181 45 15 som
669 1175 106 21 utskottet
792 1174 110 27 uppställt.
933 1174 40 26 Jag
988 1180 62 15 anser

218 1202 117 27 nämligen,
359 1206 39 22 att,
412 1203 45 21 ifall
473 1205 31 19 ett
520 1204 42 20 mål
577 1203 22 20 af
614 1209 25 15 en
656 1204 90 20 embets-
763 1203 54 21 eller
833 1202 126 27 tjensteman
975 1204 23 19 är
1014 1209 36 14 an-

219 1231 159 27 hängiggjordt,
402 1232 36 21 det
462 1231 64 27 språk
548 1232 41 21 han
613 1232 94 21 användt
727 1232 47 21 icke
800 1231 40 21 bör
856 1231 21 22 få
893 1237 50 15 vara
959 1231 91 20 bestäm-

219 1260 77 21 mande
320 1261 32 20 för
373 1260 87 27 språket
485 1260 32 21 för
540 1261 155 26 expeditionen.
725 1260 11 21 I
759 1261 25 20 så
808 1259 38 22 fall
861 1260 39 21 bör
917 1259 86 27 språket
1019 1259 32 22 för

220 1289 156 26 expeditionen,
390 1289 66 26 enligt
472 1289 42 21 min
530 1289 141 26 uppfattning,
688 1289 142 26 ovilkorligen
854 1289 128 20 bestämmas
998 1288 53 21 efter

217 1317 43 22 den
277 1317 94 22 enskilde
388 1319 86 25 partens
490 1318 70 27 språk,
577 1318 62 21 hvars
655 1319 43 20 rätt
714 1317 22 21 af
745 1317 152 28 expeditionen
906 1319 24 19 är
938 1317 111 21 beroende.

220 1346 66 21 Detta
308 1352 62 21 synes
394 1346 42 26 mig
453 1346 47 21 dess
516 1353 59 14 mera
591 1347 64 25 klart,
671 1353 45 14 som
730 1347 24 26 ju
769 1347 140 26 tjensteman,
926 1352 44 15 som
986 1346 65 21 råkar

220 1381 51 14 vara
294 1375 150 26 kärandepart,
468 1375 7 20 i
498 1376 46 20 sina
567 1381 54 20 egna
643 1375 189 26 embetsgöromål,
855 1375 38 20 der
908 1374 141 27 expeditions-

219 1403 122 28 skyldighet
363 1403 78 22 honom
465 1403 87 27 åligger,
573 1405 25 19 är
619 1404 84 27 skyldig
718 1406 32 19 att
766 1405 60 20 rätta
842 1403 32 26 sig
890 1403 53 21 efter
959 1403 41 21 den
1015 1409 36 15 en-

219 1431 70 22 skilda
312 1434 94 25 partens,
430 1432 23 21 af
475 1432 84 21 hvilken
582 1432 41 21 han
640 1432 83 26 anlitas,
741 1433 91 21 önskan.
863 1431 41 27 Jag
919 1431 132 22 återhemtar

221 1460 90 21 sålunda
327 1461 48 21 mitt
390 1461 96 27 yrkande
502 1461 79 25 derom,
597 1463 32 19 att
645 1462 34 20 vid
696 1461 47 25 mål,
752 1467 47 15 som
812 1460 173 27 anhängiggjorts
997 1460 21 20 af
1030 1466 21 14 en

220 1488 129 27 tjensteman
372 1489 13 21 å
408 1489 94 21 embetes
527 1491 78 24 vägnar
636 1492 45 18 mot
703 1490 85 20 enskild
812 1491 56 24 part,
892 1488 159 27 expeditionens

217 1517 69 26 språk
301 1517 66 21 måtte
384 1517 52 22 bero
452 1517 22 22 af
488 1518 34 21 det
539 1517 47 22 utaf
600 1517 40 22 den
656 1517 95 22 enskilde
761 1519 80 26 parten
853 1517 96 22 använda
957 1517 94 26 språket.
