1075 1767
339 138 179 21 Borgareståndet
530 139 51 17 1891.
605 140 27 17 22
642 140 42 21 jan.
885 134 11 20 7

172 219 79 20 vinner
267 219 40 27 nej,
324 219 42 21 har
381 219 176 27 borgureståndet
571 219 93 28 beslutit,
680 221 33 19 att
727 220 107 21 hvardera
847 219 78 28 befatt-

103 247 113 27 ningarna
231 247 113 28 samtidigt
358 248 60 20 skola
434 248 75 21 anslås
525 248 74 27 lediga.

169 305 162 26 Propositionen
355 304 126 22 besvarades
505 305 50 21 med
578 305 155 27 öfvervägande
758 306 26 27 ja,
809 305 40 22 och
872 305 55 21 hade

103 332 83 22 ständet
201 333 81 21 säledes
298 333 90 27 beslutit,
410 335 31 20 att
455 334 49 21 med
519 334 127 27 antagandet
667 334 21 21 af
709 334 81 21 notarie
807 334 68 21 skulle
891 341 36 14 an-

103 361 32 21 stä
149 362 35 21 tils
199 362 144 21 sekreteraren
347 346 81 48 blifvit
442 362 81 21 utsedd.

171 505 41 20 För
233 505 162 22 handhafvande
418 505 20 21 af
456 505 79 22 vården
551 513 34 14 om
601 505 93 22 ståndets
710 506 138 21 ekonomiska
863 512 63 21 ange-

102 533 121 28 lägenheter
238 534 69 21 under
320 534 144 22 innevarande
480 535 99 28 landtdag
601 535 85 28 utsågos
701 535 37 20 hrr
759 535 106 28 Nyberg
887 535 40 48 och

101 562 133 21 Andstén.

169 695 114 21 Annonser
298 702 35 14 om
347 696 94 21 ståndets
456 696 169 21 sammanträden
641 696 68 21 skulle
724 696 79 21 införas
817 696 32 20 uti
863 695 42 22 alla
918 696 9 20 i

101 724 73 20 staden
190 724 97 28 dagligen
303 724 157 28 utkommande,
475 725 46 21 icke
537 724 90 22 officiela
641 725 111 27 tidningar.

166 868 32 22 Hr
213 869 123 22 talmannen
351 870 133 27 uppmanade
500 870 83 21 ståndet
598 871 29 20 att
642 871 46 19 utse
706 870 139 21 medlemmar
867 869 58 21 såväl

100 898 32 20 till
148 898 41 21 den
205 898 128 28 deputation,
347 898 93 27 hvilken,
455 898 106 22 företrädd
577 899 22 21 af
613 898 93 21 ståndets
721 898 85 26 talman,
822 898 52 28 egde
897 900 29 20 att

100 927 38 21 hos
152 927 54 21 hans
221 934 45 14 exc.
282 928 220 27 generalguvernören
517 927 83 21 anhålla
615 934 35 14 om
658 927 159 22 bestämmande
827 927 21 21 af
857 928 69 20 landt-

100 956 80 27 dagens
196 956 116 28 öppnande,
328 963 45 14 som
390 956 40 21 den
446 956 128 28 deputation,
591 956 86 21 hvilken
700 956 68 21 skulle
791 956 135 28 öfverbringa

99 985 184 27 borgareståndets
298 985 99 28 hälsning
412 986 39 20 och
466 986 116 20 välönskan
597 985 31 21 till
644 985 26 21 de
685 985 67 28 öfriga
767 985 95 21 stånden.

167 1014 87 21 Ståndet
269 1014 68 21 beslöt
352 1014 130 21 öfverlämna
497 1014 21 21 åt
532 1014 25 20 hr
572 1014 122 22 talmannen
710 1016 30 19 att
754 1016 47 19 utse
824 1014 101 21 medlem-

99 1050 47 14 mar
167 1043 8 20 i
197 1043 61 21 dessa
281 1043 156 28 deputationer;
460 1043 51 21 därå
525 1043 25 21 hr
564 1043 122 21 talmannen
701 1042 63 28 utsåg
778 1042 32 22 till
824 1043 103 21 medlem-

99 1078 46 14 mar
158 1072 9 20 i
182 1072 135 27 förstnämda,
333 1078 15 14 s.
363 1072 20 20 k.
399 1074 55 19 stora
470 1072 155 28 deputationen,
639 1072 93 21 förutom
754 1072 26 20 de
802 1072 34 26 sju
857 1078 72 21 perso-

98 1106 44 21 ner,
164 1100 73 21 hvilka
258 1100 88 28 tidigare
370 1101 88 20 anhällit
479 1107 35 14 om
535 1100 144 21 utnämnande
702 1100 21 21 af
738 1100 93 21 ständets
847 1100 80 21 talman

100 1129 37 21 och
161 1129 46 21 vice
229 1129 86 28 talman,
337 1129 37 21 hrr
397 1129 141 27 Forselius,
564 1129 142 27 Sumelius,
731 1129 99 28 Walle,
855 1129 70 27 Nep-

100 1159 140 26 penström
262 1158 39 21 och
309 1157 165 29 Carlström,
491 1160 53 19 samt
559 1158 32 21 till
605 1157 138 22 medlemmar
757 1158 8 20 i
779 1157 146 28 hälsningsde-

99 1187 124 27 putationen
246 1187 35 20 hrr
305 1187 110 28 Öhman,
439 1187 114 28 Heikel,
578 1187 155 27 Forselius,
758 1186 103 28 Hoving
885 1186 40 21 och

99 1215 152 22 Herckman.

168 1347 90 21 Plenum
280 1347 130 21 förklarades
431 1347 51 20 härä
504 1347 105 25 afslutadt,
632 1347 39 20 och
692 1348 89 19 utsattes
795 1348 60 19 nästa
870 1353 55 14 sam-

98 1375 110 21 manträde
224 1376 31 20 till
270 1376 101 26 fredagen
388 1376 41 20 den
444 1376 27 19 23
486 1376 9 19 i
510 1375 69 21 denna
594 1375 77 21 mänad
681 1375 27 20 kl.
721 1375 25 20 11
762 1375 15 20 f.
792 1382 28 13 m.

691 1435 22 17 In
725 1435 61 17 fidem:

635 1469 61 21 Leon
710 1476 20 14 v.
747 1469 82 28 Pfaler.
