1075 1770
198 131 42 20 354
404 135 177 22 Borgareståndet
593 136 54 17 1891.
671 136 12 16 9
696 139 61 13 mars.

172 215 118 28 ordningen
305 215 73 21 afsedd
394 217 29 19 att
437 215 69 20 införa
522 215 62 21 äfven
598 215 39 20 hos
652 221 40 20 oss,
707 215 54 20 dock
776 215 75 20 endast
861 214 130 21 beträffande

170 244 67 21 lärare
248 244 39 21 och
297 243 118 22 lärarinnor
424 243 36 21 vid
472 243 244 28 elementarlärovärken,
726 243 125 21 lärovärken
861 243 32 20 för
902 243 89 20 kvinno-

170 272 97 27 bildning
282 274 54 19 samt
350 272 168 21 folkskollärare-
533 273 40 20 och
587 271 262 22 lärarinneseminarierna.

240 301 75 27 Villigt
337 300 135 22 erkännande
494 301 71 20 vikten
587 301 40 21 och
645 300 123 27 betydelsen
783 301 21 20 af
819 300 128 21 sträfvandet
963 302 30 19 att

171 329 92 22 anförtro
286 329 36 22 det
338 329 141 28 uppväxande
495 329 85 21 släktets
595 329 153 28 undervisning
762 329 39 20 och
816 329 88 28 ledning
918 329 75 21 endast

171 358 22 21 åt
207 365 105 21 personer,
327 358 72 21 hvilka
413 359 8 20 i
436 358 99 21 afseende
558 357 57 22 såväl
630 357 12 21 å
657 358 46 21 sina
718 357 85 28 andliga
823 357 169 28 förmögenheter

171 393 45 15 som
232 387 46 21 sina
292 386 156 28 kroppskrafter
462 388 106 19 motsvara
582 386 129 27 berättigade
726 386 97 27 anspråk,
844 387 38 20 har
895 387 36 26 jag
945 386 47 21 icke

170 415 83 22 kunnat
267 415 66 21 blifva
348 415 123 27 öfvertygad
487 422 34 14 om
537 417 29 19 att
580 421 50 14 man
645 421 76 21 genom
732 415 125 27 stadgandet
867 421 35 14 om
912 421 27 14 en
950 415 42 20 viss

171 443 132 28 åldersgräns
318 443 69 21 skulle
401 444 65 20 vinna
482 444 35 20 det
532 443 86 21 afsedda
628 443 124 21 ändamålet.
775 443 163 27 Ifrägavarande
950 443 42 20 för-

171 472 46 28 slag
237 472 61 27 utgår
318 472 47 21 från
387 472 41 21 den
448 472 184 28 förutsättningen,
654 473 30 20 att
698 478 28 15 en
740 478 77 20 person
831 472 99 27 vanligen
945 471 46 21 icke

171 507 58 15 mera
251 500 34 21 vid
307 501 26 20 63
357 500 33 21 års
405 500 59 21 ålder
485 502 22 19 är
529 500 48 22 fullt
597 500 102 21 arbetsför
721 500 39 20 och
780 502 30 19 att
825 500 80 21 således
920 500 72 27 klago-

170 529 71 21 målen
263 530 60 20 öfver
345 528 69 28 dåliga
434 529 67 21 lärare
523 529 36 20 vid
574 530 29 20 ett
618 528 52 21 eller
685 530 63 19 annat
763 529 21 21 af
798 528 83 22 landets
895 528 97 21 lärovärk

171 558 68 20 skulle
254 558 85 20 härröra
354 558 64 26 däraf,
434 559 30 19 att
478 558 61 20 desse
553 558 68 20 lärare
637 557 133 21 öfverskridit
780 557 65 27 sagda
855 557 136 27 åldersgräns.

170 586 34 20 En
219 586 66 21 sådan
299 586 149 27 förutsättning
464 588 22 18 är
501 586 117 21 emellertid
632 585 117 28 ingalunda
764 586 228 21 öfverensstämmande

171 614 48 22 med
235 615 94 27 värkliga
342 614 146 22 förhållandet.

238 643 63 21 Hvad
323 643 53 21 först
396 643 65 27 angår
484 642 78 22 antalet
575 643 67 21 lärare
658 643 39 21 och
711 642 124 27 lärarinnor,
849 642 86 22 hvilken
950 642 41 22 den

169 672 120 28 föreslagna
310 672 161 27 bestämningen
493 678 34 14 om
549 672 133 26 åldersgräns
699 671 69 21 skulle
783 672 84 20 komma
882 673 29 19 att
926 671 66 27 träffa,

169 700 92 28 framgår
276 701 35 21 det
326 700 21 21 af
363 700 140 21 betänkandet
519 701 39 20 och
573 700 26 21 de
613 700 101 27 kalkyler,
730 706 46 15 som
790 700 69 21 finnas
874 700 27 27 på
915 700 48 21 dess
979 701 12 19 5

169 730 39 20 och
224 729 11 20 6
252 729 61 27 sidor,
329 730 30 20 att
374 729 78 21 antalet
467 728 68 22 skulle
551 730 74 26 utgöra
640 729 74 21 endast
730 729 26 21 16
772 728 51 22 eller
837 728 56 22 circa
909 729 12 20 3
931 729 27 27 %
971 728 21 22 af

168 758 49 20 hela
231 757 138 22 lärarekären.
399 757 62 21 Hvad
477 757 66 21 sedan
558 756 97 22 beträffar
671 758 25 20 de
711 757 79 21 lärares
809 757 40 21 och
863 757 128 21 lärarinnors

170 786 63 27 älder,
248 786 82 21 hvilkas
344 786 124 27 kompetens
484 786 21 20 af
520 786 142 20 allmänheten
676 786 71 26 nägon
762 786 57 27 gäng
836 785 108 27 stämplats
959 785 32 21 sä-

169 821 45 14 som
230 814 137 28 tvifvelaktig,
382 814 59 21 torde
456 814 123 21 densamma
589 814 46 21 icke
646 814 32 21 stä
690 814 23 20 sä
723 814 87 21 alldeles
822 816 51 18 nära
883 814 42 20 den
937 814 55 20 före-

169 844 73 26 slagna
257 845 95 25 gränsen.
383 842 32 21 Hr
430 842 103 22 Sundvall
547 843 38 21 har
588 838 9 36 i
613 843 35 21 sitt
663 842 83 22 sakrika
758 843 39 21 och
808 844 71 20 ämnet
889 842 102 21 träffande

169 872 135 27 andragande
323 872 67 21 redan
409 871 121 27 tillräckligt
545 872 33 20 väl
592 872 112 20 motiverat
720 872 70 20 denna
804 871 114 28 synpunkt.
948 871 43 20 En-

167 900 40 28 ligt
221 901 47 20 mitt
282 900 138 21 förmenande
435 899 100 22 förhäller
549 900 32 27 sig
595 900 66 21 saken
675 901 96 20 tvärtom.
798 899 31 28 Ty
844 899 35 21 vid
894 901 98 19 närmare

168 929 130 27 granskning
313 929 22 21 af
349 929 51 20 vära
422 929 191 20 skolförhällanden
634 929 54 20 skall
709 929 63 20 äfven
792 928 41 21 den
847 928 8 21 i
870 929 65 27 sagda
949 928 42 21 för-

168 957 114 22 hällanden
310 957 83 21 mindre
429 957 92 22 förfarne
549 957 86 21 komma
664 957 32 21 till
726 957 41 21 den
796 957 85 21 slutsats
906 959 29 19 att
965 957 26 21 de

168 986 61 21 flesta
243 987 73 27 lärare,
331 986 72 21 hvilka
418 986 56 27 gifva
489 986 115 27 anledning
619 986 31 21 till
665 985 101 28 befogadt
779 986 101 27 missnöje
895 986 48 21 med
955 985 35 21 de-

167 1021 34 14 ras
223 1015 95 27 förmäga
339 1016 30 19 att
389 1015 113 20 undervisa
521 1015 39 20 och
575 1014 140 28 upprätthälla
730 1014 41 27 god
786 1014 103 27 disciplin,
906 1014 84 21 befinna

169 1043 32 28 sig
216 1044 7 20 i
237 1043 150 21 medeläldern.
417 1043 28 20 Vi
460 1043 72 21 kunna
547 1043 81 21 säledes
638 1043 47 21 icke
695 1049 77 22 genom
782 1043 125 27 stadgandet
917 1049 36 14 om
963 1049 27 14 en

169 1072 132 27 åldersgräns
321 1072 68 21 befria
408 1072 100 21 skolorna
527 1072 48 20 från
589 1072 73 26 lärare,
678 1071 21 22 ät
713 1071 72 21 hvilka
799 1078 50 14 man
863 1071 47 22 icke
925 1073 66 26 gärna

168 1101 69 20 skulle
259 1101 51 27 vilja
332 1100 92 21 anförtro
439 1101 133 26 ungdomens
587 1100 123 27 uppfostran
726 1100 39 21 och
779 1100 93 27 ledning.
902 1100 31 21 På
949 1099 40 22 den

169 1129 68 26 grund
253 1131 30 18 att
297 1129 41 21 den
353 1129 120 27 föreslagna
488 1129 62 27 lägen
565 1135 35 14 om
615 1129 132 27 åldersgräns
756 1129 48 20 icke
815 1128 67 21 skulle
895 1128 95 21 medföra

169 1157 36 21 det
225 1157 88 21 resultat
334 1157 40 21 och
391 1157 40 21 den
447 1157 55 27 goda
517 1157 84 27 värkan,
617 1163 46 14 som
679 1157 87 20 därmed
781 1157 60 27 afses,
856 1157 39 20 har
907 1158 36 26 jag
957 1156 33 21 för

168 1186 45 20 min
235 1186 61 27 ringa
318 1185 34 21 del
367 1185 77 22 biträdt
459 1185 112 21 utskottets
585 1170 112 47 pluralitet,
713 1185 40 21 och
773 1192 62 14 anser
848 1185 36 28 jag
899 1185 35 21 det
949 1185 42 21 för-

168 1214 51 28 slag,
233 1214 84 21 hvartill
333 1214 101 21 utskottet
448 1214 95 27 kommit,
557 1214 62 21 hafva
634 1214 55 27 goda
701 1213 45 22 skäl
760 1214 34 21 för
808 1214 37 27 sig.

235 1242 39 21 Till
296 1243 54 20 hvad
372 1243 26 20 hr
411 1242 117 21 Rönnbäck
538 1231 74 32 anfört
627 1249 34 14 om
677 1244 29 19 att
720 1242 147 27 lagutskottets
882 1241 107 32 pluralitet

169 1271 68 21 skulle
259 1271 62 20 hafva
342 1270 47 23 låtit
408 1271 82 20 förleda
511 1271 32 26 sig
557 1271 8 20 i
579 1271 36 21 sitt
629 1271 70 20 beslut
713 1271 23 20 af
750 1277 27 14 en
792 1271 62 20 altför
869 1273 43 18 stor
926 1270 65 27 pietet

167 1300 34 20 för
221 1299 180 26 tjänstemännens
423 1299 146 26 oafsättlighet,
591 1299 38 20 ber
649 1299 36 26 jag
707 1301 30 18 att
758 1299 22 20 få
795 1299 100 20 anmärka
910 1300 30 19 att
955 1299 36 20 det

166 1326 117 27 ingalunda
298 1326 53 20 varit
366 1326 64 20 fallet.
460 1326 156 26 Lagutskottets
631 1326 107 26 pluralitet
752 1327 38 19 har
805 1326 12 20 ä
827 1332 40 14 ena
882 1326 60 20 sidan
953 1332 36 14 an-

167 1356 41 18 sett
229 1355 30 19 att
279 1354 35 21 det
335 1354 47 20 icke
396 1353 42 21 kan
453 1360 51 14 vara
518 1354 99 26 förenligt
632 1354 49 20 med
695 1354 87 20 rättvisa
797 1354 39 20 och
851 1353 96 27 billighet
960 1355 30 19 att

167 1382 73 27 tvinga
255 1388 27 15 en
296 1382 68 20 lärare
380 1383 29 19 att
424 1381 53 29 afgå,
492 1381 85 21 hvilken
593 1384 58 18 ännu
665 1382 49 20 fullt
728 1384 117 19 motsvarar
856 1382 26 20 de
893 1381 96 28 anspråk,

166 1417 46 15 som
227 1410 27 27 på
267 1411 54 20 hans
335 1410 95 26 förmåga
444 1410 37 21 vid
495 1410 124 21 utöfvandet
633 1410 22 21 af
669 1411 53 20 hans
731 1410 44 21 kall
784 1411 43 20 kan
837 1410 76 21 ställas.
938 1410 50 21 Men

166 1438 137 28 lagutskottet
324 1439 38 21 har
384 1438 63 21 också
462 1438 12 21 å
489 1438 67 21 andra
577 1438 60 22 sidan
659 1440 73 26 ansett,
753 1440 30 20 att
797 1445 106 21 personer,
917 1438 72 21 hvilka

166 1468 47 20 icke
233 1467 68 21 förmå
320 1467 53 27 fylla
394 1467 25 21 de
441 1467 48 21 kraf
509 1468 39 20 och
569 1467 26 21 de
609 1467 120 27 fordringar
742 1474 51 14 man
807 1467 28 28 på
849 1468 48 20 dem
912 1467 79 27 ställer,

167 1496 105 28 själffallet
286 1497 52 19 utan
353 1495 65 28 några
432 1495 129 28 uttryckliga
575 1495 79 28 lagbud
669 1496 51 20 böra
735 1496 70 21 känna
820 1496 32 28 sig
863 1496 43 20 lika
917 1496 72 28 villiga
