1075 1759
193 116 40 20 170
399 119 176 22 Borgareståndet
587 120 54 17 1891.
666 119 23 17 10
702 118 50 17 febr.

301 200 79 27 landet,
406 200 70 27 gifven
505 200 41 20 den
562 200 25 20 19
602 206 56 14 mars
674 198 61 27 1886,
750 200 54 18 samt
819 197 112 27 kejserliga
945 196 41 21 för-

303 228 117 28 ordningen
443 235 35 13 om
498 226 293 28 folkskollärarepersonalens
813 226 7 20 i
835 225 98 21 städerna
947 225 39 21 och

303 257 26 28 på
343 257 73 21 landet
436 256 149 28 pensionering
597 256 21 21 af
640 256 41 20 den
705 256 11 20 5
742 254 84 28 augusti
852 260 80 15 samma
959 253 27 32 är,

303 286 76 20 varder
393 286 86 19 härmed
495 285 100 27 stadgadt,
611 286 29 19 att
655 284 36 20 det
705 290 26 13 ur
744 282 199 27 bevillningsmedel
955 282 32 20 till

303 313 295 28 folkskollärarepersonalens
624 312 27 28 på
675 312 72 21 landet
770 311 94 27 aflöning
884 310 103 27 utgående

304 342 73 27 anslag
404 342 53 21 skall
483 342 46 21 från
550 341 107 28 ingången
680 341 21 20 af
723 340 23 21 år
766 340 54 21 1892
835 340 33 20 för
882 339 105 21 lärarinna

305 371 50 20 ökas
370 371 31 20 till
417 371 41 20 800
473 371 61 20 mark
548 377 33 14 om
597 370 49 27 året,
662 369 109 21 äfvensom
786 370 30 19 att
831 368 42 21 den
884 368 60 20 dessa
958 367 29 20 lä-

304 399 97 21 rarinnor
415 399 8 20 i
439 399 41 20 134
494 399 39 21 och
549 399 39 20 135
605 399 26 26 8$
646 398 21 20 af
681 397 77 28 nådiga
772 397 151 26 förordningen
947 396 41 20 den

306 428 25 21 11
347 428 41 27 maj
406 427 54 21 1866
476 427 108 28 angående
600 426 142 28 organisation
752 425 21 22 af
784 424 204 22 folkskoleväsendet

305 458 54 19 samt
374 455 179 28 ofvanåberopade
569 455 76 27 nådiga
659 454 127 27 kungörelse
804 454 40 21 och
865 453 123 27 förordning

305 485 153 20 tillförsäkrade
485 484 168 27 löneförhöjning
677 483 40 20 och
743 482 89 28 pension
845 482 89 20 likasom
949 481 40 21 ock

306 513 41 20 den
362 513 94 27 pension,
471 513 86 20 hvilken
571 512 66 27 enligt
651 511 151 27 förordningen
817 511 41 20 den
874 511 12 20 5
905 509 84 28 augusti

306 541 54 20 1886
385 541 128 20 tillkommer
536 540 195 21 folkskollärarinna
755 540 8 20 i
787 539 52 26 stad,
861 539 59 20 skola
934 538 55 21 ifrån

305 576 81 14 samma
401 569 28 21 tid
447 569 102 21 beräknas
563 569 54 21 efter
631 569 70 20 denna
715 568 97 27 förhöjda
826 567 98 27 aflöning.

239 626 133 28 Helsingfors
388 626 41 21 den
446 627 10 20 7
472 626 92 21 februari
581 626 59 21 1891.

744 682 86 27 Rudolf
842 681 88 28 Elving.

239 757 33 20 Hr
286 757 100 26 Elving
400 757 83 26 yttrade
498 756 61 21 härå:
589 757 41 26 Jag
645 756 68 21 skulle
729 755 107 22 vördsamt
857 755 84 22 anhålla
962 757 29 20 att

170 785 37 22 det
222 785 21 21 af
256 785 30 21 mig
315 792 30 14 nu
360 785 96 27 upplästa
471 785 221 21 motionsmemorialet
707 784 64 21 måtte
786 784 21 21 af
819 783 172 28 borgareståndet

171 815 116 20 remitteras
313 814 31 21 till
369 814 157 26 statsutskottet,
551 820 45 14 som
622 813 32 20 för
676 813 40 21 den
732 813 100 20 händelse
848 815 30 18 att
892 813 99 27 förslaget

171 843 76 20 vinner
261 842 123 21 ständernas
400 842 120 27 understöd,
535 842 33 21 väl
583 841 59 22 torde
657 841 36 21 vid
715 841 117 28 budgetens
853 841 137 28 upprättande

170 871 64 21 äfven
261 871 111 21 observera
398 871 24 20 de
449 871 66 20 ökade
542 871 78 27 anslag,
643 877 45 14 som
709 870 27 27 på
757 870 69 27 grund
846 870 59 21 däraf
919 870 72 21 kunna

172 899 85 22 komma
271 900 8 21 i
293 899 64 28 fråga.

240 968 33 21 Hr
287 968 141 21 Sundvall:
459 968 70 21 Jämte
552 968 35 21 det
609 968 34 27 jag
658 967 37 21 ber
710 969 30 20 att
754 967 74 21 förena
842 967 44 28 mig
901 974 34 14 om
951 967 41 21 den

172 997 97 27 upplästa
290 997 119 21 motionens
432 997 61 27 syfte,
517 997 94 21 anhåller
627 997 36 26 jag
677 998 30 19 att
722 996 21 21 få
758 998 55 25 yttra
828 996 65 27 några
907 996 38 21 ord
960 996 33 21 för

174 1025 35 21 det
224 1025 91 22 utskotts
329 1025 95 28 räkning,
440 1032 45 14 som
500 1025 95 21 kommer
610 1027 29 18 att
654 1025 118 27 handlägga
794 1024 126 21 densamma.
950 1024 42 21 Vid

174 1055 54 20 1885
244 1054 33 21 års
292 1054 141 21 ständermöte
448 1053 103 22 förelades
567 1060 26 15 en
609 1053 64 27 nådig
687 1053 129 27 proposition
831 1060 35 14 om
878 1053 114 21 förökande

172 1083 23 20 af
209 1082 170 21 folkskollärares
394 1083 39 20 och
447 1082 128 21 lärarinnors
590 1081 159 22 löneförmåner.
780 1081 10 21 I
810 1082 70 21 denna
900 1082 93 27 proposi-

174 1111 44 20 tion
240 1111 71 27 ingick
333 1111 63 20 äfven
411 1113 29 18 ett
455 1111 77 27 förslag
547 1113 30 19 att
591 1111 165 20 kommunernas
773 1110 72 27 bidrag
860 1110 67 21 skulle
943 1110 50 21 ökas

174 1139 7 20 i
196 1139 87 21 alldeles
298 1146 81 14 samma
394 1139 119 27 proportion
530 1145 45 15 som
589 1141 79 18 statens
678 1139 75 26 bidrag
770 1139 83 20 ökades.
877 1138 116 21 Ständerna

173 1167 80 21 beslöto
269 1167 118 22 emellertid
402 1168 52 20 blott
469 1169 29 19 ett
512 1167 115 21 förökande
642 1167 21 20 af
678 1167 152 27 statsbidraget,
845 1173 50 14 men
914 1167 80 20 lämna-

174 1196 26 20 de
215 1196 58 21 åsido
289 1196 40 21 den
345 1196 66 21 andra
426 1196 62 21 delen
503 1196 21 21 af
538 1196 99 27 förslaget
651 1195 107 28 nämligen
779 1195 164 21 kommunernas
964 1195 30 21 bi-

175 1224 58 27 drag.
269 1224 48 21 Den
343 1225 159 26 inskränkning,
524 1231 45 14 som
589 1224 88 21 sålunda
692 1224 89 27 gjordes,
797 1224 139 27 föranleddes,
952 1225 43 20 tror

174 1253 42 27 jag,
231 1253 32 20 till
277 1255 44 19 stor
336 1253 34 20 del
386 1253 64 27 däraf,
466 1255 29 19 att
509 1259 49 14 man
573 1253 46 20 icke
634 1253 50 20 ville
699 1259 77 20 genom
795 1253 87 20 förökad
904 1252 90 21 beskatt-

176 1281 52 27 ning
240 1283 50 25 göra
305 1281 118 21 folkskolan
439 1281 81 21 mindre
535 1281 109 27 mottaglig
658 1281 33 20 för
705 1281 154 21 kommunerna
874 1281 39 21 och
925 1281 70 20 sålun-

178 1309 26 20 da
218 1309 27 26 på
259 1309 65 27 något
339 1311 41 18 sätt
394 1309 114 20 inskränka
524 1309 46 20 dess
585 1309 114 26 spridning.
730 1308 118 21 Motiverna
862 1309 34 20 må
911 1309 33 20 för
965 1309 30 20 öf-

176 1337 41 26 rigt
231 1337 63 20 hafva
308 1337 54 20 varit
377 1337 71 20 hvilka
463 1343 45 14 som
522 1337 60 26 hälst,
597 1338 30 19 ett
641 1336 82 21 faktum
738 1338 23 19 är
779 1337 116 20 emellertid
917 1338 30 19 att
969 1343 26 14 en

175 1365 153 27 inskränkning
353 1365 7 20 i
386 1365 40 21 den
447 1365 143 27 proponerade
609 1364 197 28 löneförhöjningen
834 1364 88 27 gjordes.
955 1363 42 22 Det

175 1395 23 18 är
212 1393 44 22 helt
269 1393 103 28 naturligt
386 1395 30 19 att
431 1393 40 21 den
487 1393 158 26 inskränkning,
660 1399 45 14 som
721 1393 88 21 sålunda
824 1393 84 28 skedde,
929 1393 66 21 måste

176 1422 81 21 kännas
271 1429 46 14 mer
331 1422 135 27 betungande
482 1422 33 21 för
530 1421 53 28 dem,
598 1421 72 21 hvilka
684 1421 52 28 eljes
752 1422 63 21 också
829 1422 63 21 hafva
913 1422 82 21 mindre

175 1450 66 28 löner,
255 1451 108 27 nämligen
378 1451 33 20 för
424 1451 150 20 lärarinnorna.
604 1450 41 27 Jag
660 1450 37 20 vill
711 1451 47 21 icke
773 1451 49 27 ingå
837 1451 27 27 på
879 1451 40 20 den
940 1450 56 21 svår-

174 1479 55 21 lösta
244 1480 73 28 frågan
333 1486 35 14 om
383 1479 135 28 likställighet
532 1478 78 22 mellan
624 1478 67 22 lärare
707 1479 39 21 och
761 1479 117 21 lärarinnor
893 1480 7 20 i
915 1479 81 21 afseen-

175 1508 27 22 de
220 1508 12 21 å
246 1508 41 28 lön,
303 1509 34 27 jag
353 1508 38 22 ber
404 1508 54 21 blott
473 1510 29 19 att
516 1508 21 21 få
552 1509 55 26 yttra
622 1508 44 20 min
681 1511 39 24 tro,
735 1510 29 19 att
780 1508 35 21 det
828 1508 33 21 för
878 1508 118 22 folkskolan
