1075 1764
334 115 179 22 Borgareständet
525 116 52 17 1891.
603 116 22 17 16
637 120 61 13 mars.
860 110 41 21 407

107 196 103 28 ningarna
225 196 21 21 fä
261 196 29 21 alt
303 195 65 22 stäldt
382 195 27 50 n
423 195 59 21 bästa
496 197 47 26 sätt,
557 196 32 21 till
603 195 136 22 undvikande
754 195 21 22 af
789 196 86 27 möjliga
885 195 42 22 olä-

106 225 104 27 genheter
224 225 7 20 i
246 224 118 21 framtiden.
411 230 26 15 Men
452 224 23 20 sä
490 225 76 20 vacker
581 224 70 21 denna
665 225 35 27 lag
715 226 27 19 än
757 226 23 19 är
795 224 26 28 pä
835 226 92 26 pappret,

108 253 41 20 kan
170 253 35 27 jag
228 253 53 20 dock
302 253 47 20 icke
365 252 54 21 neka
435 254 29 19 att
479 253 35 20 vid
529 255 96 19 närmare
640 253 131 27 granskning
785 253 42 20 den
841 253 87 27 farhäga

107 283 70 25 trängt
192 281 32 27 sig
238 281 27 26 pä
279 281 49 27 mig,
344 283 30 19 att
388 281 62 27 lagen
465 281 84 21 komme
564 283 30 19 att
608 281 66 21 blifva
688 281 62 21 väckt
765 281 52 21 blott
827 281 27 28 pä
863 288 64 21 papp-

107 312 32 18 ret
154 310 39 20 och
207 309 47 21 icke
269 310 8 19 i
291 309 151 27 värkligheten,
462 309 127 21 ätminstone
611 309 55 21 hvad
687 309 96 21 beträffar
797 316 27 15 en
839 316 89 20 synner-

107 337 57 28 ligen
180 337 66 27 viktig
260 337 35 22 del
310 337 22 22 af
346 337 128 27 densamma,
491 337 107 28 nämligen
613 337 42 21 den
670 344 45 14 som
730 337 67 28 gäller
811 338 116 27 jordafsön-

106 366 95 27 dringen.
231 366 50 21 Men
296 368 24 19 är
334 365 36 22 det
385 366 28 27 sä,
428 366 24 21 sä
464 366 39 21 har
517 366 101 21 utskottet
633 365 32 22 för
679 366 74 27 lagens
767 366 96 21 formelia
878 367 49 20 full-

106 395 95 26 ändning
216 395 104 27 uppoffrat
334 394 42 21 den
391 395 106 27 praktiska
512 395 40 20 och
566 395 75 27 riktiga
656 395 118 27 grundsats,
789 401 46 14 som
848 395 79 21 utskot-

107 425 30 18 tet
151 423 27 27 pä
193 423 60 20 sidan
268 423 12 20 6
296 423 8 20 i
318 423 33 20 sin
366 423 126 27 motivering
507 423 103 26 omfattar,
626 423 26 20 dä
664 423 35 21 det
709 423 61 21 anför
780 425 29 19 ett
819 423 108 22 uttalande

106 451 22 21 af
144 457 27 15 en
186 451 142 22 framstäende
348 451 177 27 vetenskapsman
542 452 27 27 pä
584 451 155 28 agrikulturens
755 451 90 28 omräde,
868 453 59 20 hvari

106 479 70 22 denne
198 479 122 22 framhäller
340 481 57 20 huru
418 480 67 27 viktig
505 481 33 20 för
556 480 48 21 hela
620 480 40 21 den
674 480 157 27 jordbrukande
847 480 80 21 befolk-

106 509 79 27 ningen
208 509 41 20 den
270 509 40 20 fria
330 508 115 27 delningen
459 509 22 20 af
494 509 75 26 jorden
584 511 27 19 är.
641 508 30 27 Ty
687 509 35 21 det
736 515 80 22 gagnar
834 509 49 28 föga
898 511 29 19 att

105 537 67 22 tillåta
193 543 27 15 en
242 537 54 22 ända
316 537 32 21 till
366 537 27 22 de
407 539 88 24 yttersta
509 537 184 22 konsekvenserna
707 537 28 21 fri
749 537 87 28 delning
850 538 21 21 af
885 539 42 26 jor-

105 566 48 27 den,
175 573 35 14 om
233 566 86 21 därmed
340 568 36 19 äro
397 566 101 21 förenade
515 566 163 28 bestämningar,
699 573 45 14 som
760 566 32 22 till
806 567 121 27 ytterlighet

104 594 96 22 försvåra
222 601 27 15 en
270 595 66 21 sådan
351 595 92 27 delning,
466 595 27 20 då
507 595 42 21 den
564 595 53 21 skall
633 595 79 21 utföras
726 595 8 20 i
749 595 116 28 praktiken.
894 595 33 21 Då

104 624 114 21 ständerna
232 624 36 20 vid
283 623 127 28 föregående
425 623 125 28 landtdagar
564 623 114 22 behandlat
692 624 70 27 frågor
771 624 89 21 rörande
870 624 56 27 jord-

105 652 134 27 lägenheters
254 651 92 28 delning,
361 652 23 21 så
399 652 62 21 hafva
477 652 25 21 de
518 652 99 28 vidtagna
632 652 96 21 besluten
739 652 8 20 i
757 652 114 21 allmänhet
883 653 44 26 gått

105 683 23 18 ut
143 681 27 27 på
185 682 30 19 att
230 681 118 21 underlätta
371 681 69 20 denna
463 681 92 27 delning,
578 683 29 19 att
622 681 132 26 undanrödja
769 681 158 27 svårigheterna

105 709 40 21 och
166 709 148 24 kostnaderna,
334 709 99 21 särskildt
454 709 128 21 beträffande
604 709 203 27 jordafsöndringen.
837 709 11 21 I
869 709 57 21 detta

104 737 55 28 syfte
175 737 81 22 beslöto
271 738 113 21 ständerna
405 737 36 20 vid
457 738 54 20 1882
527 737 33 21 års
577 737 101 28 landtdag
692 737 47 21 icke
754 737 54 22 blott
822 740 30 19 att
867 740 58 19 utom

104 766 138 21 landtmätare
264 767 64 20 äfven
349 768 60 20 stats-
432 766 39 21 och
486 765 178 28 läneagronomer,
686 766 149 27 fors:mästare,
857 766 69 21 landt-

103 795 186 28 bruksingeniörer
304 795 40 21 och
359 794 66 21 andra
439 794 133 28 sakkunniga
586 801 100 21 personer
701 795 68 20 skulle
785 795 21 20 få
821 801 50 14 vara
884 795 41 20 för-

103 824 153 27 rättningsmän
272 823 35 21 vid
322 823 168 28 parcelleringar,
505 825 51 19 utan
572 823 62 21 äfven
649 825 30 19 att
694 823 58 21 öfver
767 823 61 22 dessa
843 823 82 22 förrätt-

104 852 76 27 ningar
201 852 46 21 icke
262 851 69 22 skulle
353 851 101 22 behöfvas
476 852 70 27 någon
567 851 124 28 fullständig
705 852 66 27 karta,
786 854 51 19 utan
852 852 74 21 endast

102 887 30 14 en
146 881 132 27 beskrifning
292 881 59 20 öfver
366 881 133 26 egostyckets
513 880 53 28 läge,
587 880 97 26 omkrets,
706 880 51 27 råer,
773 881 50 20 vidd
838 881 38 20 och
889 881 36 21 be-

102 909 124 27 skaffenhet,
248 911 55 19 samt
324 915 27 15 en
374 909 62 21 enkel
456 909 155 27 planteckning,
633 909 104 27 uppgjord
759 909 66 27 enligt
845 909 80 21 skala
914 905 15 36 i

102 937 90 21 alnmått
208 944 17 14 o.
241 944 15 14 s.
271 945 19 13 v.
312 937 64 21 Detta
391 937 28 21 alt
433 937 81 21 beslöto
529 937 113 21 ständerna
657 937 58 21 såväl
730 937 7 20 i
752 937 137 21 betraktande
905 938 20 20 af

103 965 134 28 svårigheten
251 968 30 19 att
296 965 36 22 vid
346 965 73 28 hvarje
434 965 30 21 tid
480 965 78 21 erhålla
572 965 207 21 landtmätarbiträde
801 971 45 16 som
862 965 63 22 också

102 994 8 21 i
132 994 100 21 afseende
252 994 13 21 å
287 994 26 21 de
328 994 119 26 kostnader,
469 1000 45 15 som
529 1000 27 15 en
571 993 123 28 fullständig
708 994 217 21 landtmäteriförrätt-

103 1023 53 27 ning
170 1022 87 21 medför.
286 1023 36 20 Nu
336 1022 39 21 har
389 1022 58 21 såväl
461 1022 8 20 i
484 1023 41 20 den
539 1022 78 27 nådiga
638 1023 157 26 propositionen
810 1028 46 15 som
870 1023 8 20 i
892 1025 33 18 ut-

103 1051 88 21 skottets
207 1051 131 20 betänkande
361 1051 123 27 föreslagits,
507 1053 29 18 att
556 1051 46 20 icke
620 1050 54 21 blott
689 1051 41 20 alla
744 1051 180 27 jordstycknings-

103 1082 52 19 utan
177 1079 62 22 äfven
262 1079 41 22 alla
325 1079 142 28 afsöndrings-
482 1079 52 22 eller
553 1079 298 28 parcelleringsförrättningar
866 1079 59 21 skola

103 1108 80 21 utföras
204 1108 20 21 af
245 1108 144 21 landtmätare.
420 1108 45 21 Och
487 1108 35 21 det
544 1110 22 19 är
588 1107 86 22 alldeles
691 1107 56 22 klart
761 1110 35 24 att,
819 1108 26 20 dä
859 1107 66 21 redan

103 1137 69 20 under
194 1143 30 14 nu
243 1136 93 21 rådande
357 1136 146 21 förhållanden
523 1136 217 27 parcelleringsrätten
759 1136 68 21 blifvit
841 1136 83 21 mindre

102 1167 29 18 än
146 1165 92 27 önskligt
252 1165 54 21 varit
320 1165 117 32 begagnad,
452 1171 49 14 man
517 1171 76 22 genom
606 1165 41 20 den
662 1164 119 28 föreslagna
796 1164 128 34 ätergängen

102 1193 33 21 till
155 1193 89 27 tidigare
265 1193 158 28 bestämningar
444 1193 95 21 kommer
561 1195 31 19 att
612 1195 58 18 ännu
692 1193 83 21 mindre
798 1195 50 26 göra
870 1193 54 20 bruk

102 1222 23 21 af
140 1222 70 21 denna
223 1224 46 19 rätt.
301 1222 106 21 Utskottet
420 1222 113 21 motiverar
554 1222 36 21 sitt
605 1221 140 28 vidhällande,
767 1221 85 22 oaktadt
866 1221 58 21 inom

103 1250 102 21 utskottet
226 1251 94 20 däremot
342 1250 74 27 gjorda
436 1250 75 27 inkast,
534 1251 21 20 af
572 1249 133 22 föreskriften
721 1251 29 19 att
764 1249 160 28 ifrägavarande

101 1279 151 26 förrättningar
267 1279 59 20 skola
341 1278 79 21 utföras
435 1278 21 21 af
470 1279 144 26 landtmätare,
635 1278 183 27 hufvudsakligast
832 1277 92 27 därmed,

102 1309 31 19 att
147 1307 102 21 utskottet
263 1307 108 27 föreslagit
385 1313 28 15 en
427 1307 131 27 obegränsad
575 1306 218 27 parcelleringsfrihet,
810 1306 23 21 sä
849 1308 29 19 att
892 1307 32 20 in-

101 1341 43 21 gen
165 1337 63 26 gräns
249 1335 66 28 uppät
328 1335 34 21 för
375 1335 117 28 parcellens
506 1335 79 21 storlek
600 1335 68 20 skulle
682 1335 136 27 förekomma,
841 1335 38 20 och
895 1336 30 19 att

103 1363 90 22 sålunda
208 1363 124 27 betydelsen
347 1363 21 22 af
382 1363 218 34 parcelleringsrätten
615 1363 85 21 komme
714 1365 31 18 att
759 1363 66 21 blifva
839 1363 85 26 mycket

103 1393 66 19 större
192 1393 26 19 än
240 1391 67 21 under
328 1391 89 28 tidigare
437 1391 151 27 förhällanden,
611 1391 27 20 dä
658 1391 66 20 sädan
739 1385 130 32 obegränsad
884 1393 41 18 rätt

103 1420 47 21 icke
166 1419 112 21 förefanns.
306 1419 40 21 Om
361 1426 30 14 nu
405 1419 141 21 förhällandet
560 1421 23 18 är
598 1418 79 27 sädant,
692 1421 31 18 att
735 1419 107 27 nämligen
856 1418 69 21 landt-

103 1449 91 20 mätares
208 1447 80 22 biträde
304 1447 138 28 ovilkorligen
465 1447 40 21 blir
519 1447 130 28 nödvändigt
663 1447 27 27 pä
704 1453 52 21 nyss
771 1447 86 27 angifna
872 1447 51 27 skäl,

103 1476 25 22 sä
141 1476 67 22 mäste
223 1483 50 14 man
287 1476 59 28 fräga
361 1477 37 27 sig,
414 1476 104 21 huruvida
532 1482 50 15 man
597 1476 7 20 i
619 1475 75 28 själfva
710 1476 73 21 värket
798 1475 75 21 vunnit
887 1463 37 32 nå-

102 1505 90 28 gonting
206 1511 77 22 genom
298 1507 30 20 att
342 1505 46 22 icke
403 1505 103 27 begränsa
521 1504 171 29 parcelleringen,
708 1504 26 21 då
749 1504 66 21 man
803 1500 15 37 i
826 1504 39 21 och
875 1505 49 20 med
