1075 1764
182 126 41 21 276
388 130 177 23 Borgareståndet
577 131 53 18 1891.
655 132 26 16 24
694 131 49 18 febr.

156 211 51 27 vilja
221 210 116 28 hemställa,
359 210 105 21 huruvida
485 210 47 21 icke
547 210 40 21 den
602 210 107 21 blifvande
725 209 251 28 bränvinsförordningen

155 239 66 21 borde
235 238 114 22 fastställas
364 240 30 19 att
408 238 56 28 gälla
478 238 32 20 för
524 239 43 20 viss
582 238 35 27 tid,
642 240 13 18 t.
671 244 33 14 ex.
720 238 12 20 6
749 238 27 20 år.
806 238 53 20 Sker
874 237 62 28 detta,
954 237 24 21 sä

156 270 36 18 äro
213 268 113 20 ständerna
340 268 8 20 i
362 266 82 22 tillfälle
466 268 29 19 att
513 268 92 26 upptaga
619 266 74 28 frågan
707 266 56 28 ånyo
779 267 39 21 och
833 268 53 19 rätta
901 266 26 21 de
942 266 35 26 fel,

156 303 47 14 som
217 296 101 27 möjligen
332 296 103 28 insmugit
449 296 32 26 sig
495 296 8 20 i
517 295 156 27 författningen.
703 296 10 20 I
729 296 65 20 annat
808 295 37 21 fall
860 294 66 22 måste
943 294 35 21 det

155 325 51 21 bero
221 324 27 28 på
262 324 89 28 petition
372 324 39 21 och
433 324 118 21 sedermera
565 323 28 28 på
607 324 103 26 styrelsen
725 324 105 20 huruvida
845 330 27 14 en
887 330 30 20 ny
930 330 48 21 pro-

155 353 92 28 position
268 353 126 21 framställes
416 352 52 22 eller
489 352 52 22 icke.
570 352 63 22 Huru
652 352 62 28 länge
738 358 49 15 man
810 354 27 18 än
855 352 123 28 lagstiftat
969 348 13 37 i

156 382 71 21 denna
241 381 64 28 fråga,
319 382 39 20 har
372 388 49 14 man
437 381 54 21 dock
505 384 58 18 ännu
579 381 47 21 icke
641 381 83 21 kunnat
739 380 143 22 åstadkomma
897 387 26 15 en
937 380 41 28 lag,

156 417 47 14 som
225 410 68 21 skulle
311 417 51 14 vara
376 410 48 21 fullt
438 410 198 20 tillfredsställande.
666 409 41 28 Jag
722 412 44 18 tror
780 411 30 19 att
824 409 36 21 det
874 409 69 21 finnes
957 408 22 21 få

155 439 154 27 förordningar,
333 445 46 14 som
400 438 24 21 så
444 438 86 26 mycket
551 438 99 27 kringgås
672 444 45 14 som
740 438 43 27 just
806 438 41 20 den
869 437 108 28 angående

156 468 117 26 bränvinet,
288 467 86 21 hvarför
388 468 34 26 jag
437 466 66 22 håller
517 467 50 25 före,
583 468 30 19 att
629 466 35 20 det
679 472 49 15 vore
744 466 34 21 väl
789 466 87 21 betänkt
887 468 29 19 att
928 466 50 20 den-

156 502 82 14 samma
259 496 74 20 endast
354 496 115 26 temporärt
490 494 123 22 faststäldes.
644 494 104 28 Slutligen
771 495 37 20 vill
830 495 35 26 jag
888 496 50 26 göra
953 500 26 15 en

155 524 141 28 anmärkning
310 525 57 20 emot
381 523 117 21 statistiken
512 524 8 20 i
532 523 226 27 komitébetänkandet,
772 523 69 21 såvidt
856 524 123 20 densamma

155 552 62 22 berör
231 552 38 21 fall
284 553 21 21 af
319 552 193 28 fyllerigalenskap,
527 552 131 21 behandlade
674 552 12 20 å
701 552 26 20 de
743 551 106 21 allmänna
862 552 117 27 sjukhusen

156 582 8 20 i
178 582 77 26 landet,
277 581 72 21 hvilka
371 580 106 28 uppgifter
498 581 27 27 på
539 580 99 22 anhållan
652 580 118 22 meddelats
786 580 21 21 af
820 580 159 27 medicinalsty-

154 610 71 21 relsen
245 610 34 21 för
299 610 49 20 åren
372 610 112 20 1851—60
506 610 39 20 och
561 609 117 21 1879—88.
707 608 100 23 Tabellen
829 610 80 20 utvisar
928 609 52 21 att
968 604 15 37 i

155 638 100 22 medeltal
270 645 37 22 per
322 638 23 21 år
360 638 70 21 under
444 638 39 22 den
500 638 55 21 förra
570 638 101 28 perioden
686 638 68 21 skulle
772 638 63 20 hafva
849 638 69 21 blifvit
933 638 46 20 vår-

156 668 54 20 dade
233 668 29 26 7,6
283 667 104 28 patienter
408 667 40 21 och
466 667 68 21 under
555 668 41 20 den
611 673 74 15 senare
701 667 48 27 10,8.
785 666 73 22 Skulle
873 673 30 14 nu
918 666 61 22 dessa

155 696 69 21 siffror
246 703 50 14 vara
311 702 27 15 en
353 698 107 25 exponent
478 696 20 21 af
513 696 36 21 det
563 695 94 28 värkliga
670 695 146 27 förhållandet,
839 696 24 20 så
877 702 50 14 vore
945 696 34 20 det

155 725 86 27 mycket
258 724 93 28 lyckligt,
367 731 49 14 men
432 726 72 26 tyvärr
518 726 23 19 är
555 724 23 21 så
592 724 47 21 icke
653 724 64 21 fallet.
748 724 41 21 För
807 725 44 20 min
868 724 33 21 del
917 730 62 15 anser

154 754 37 27 jag
206 753 49 21 dem
269 753 66 21 sakna
351 753 29 21 all
394 753 114 27 betydelse.
530 753 42 21 Vid
588 754 29 20 ett
632 753 95 27 sjukhus,
742 753 38 21 där
791 753 35 27 jag
838 753 54 21 varit
901 752 77 28 läkare,

156 782 107 26 nämligen
280 781 107 21 allmänna
402 782 111 26 sjukhuset
527 781 7 21 i
549 782 136 26 Björneborg,
701 782 38 20 har
754 783 13 19 t.
781 788 33 14 ex.
825 782 67 20 under
903 781 75 21 decen-

156 810 44 21 niet
224 810 111 21 1879—88
357 810 74 21 endast
453 816 27 15 en
502 810 79 27 patient
602 809 69 21 blifvit
693 810 119 20 behandlad
832 810 33 20 för
880 809 98 21 delirium

156 840 99 19 tremens.
284 838 77 21 Denna
376 834 82 57 uppgift
479 840 23 19 är
517 838 86 22 alldeles
618 838 69 28 riktig,
710 838 36 28 jag
760 838 38 21 har
813 838 48 28 själf
872 838 107 21 meddelat

156 867 47 27 den,
223 873 50 15 men
295 866 36 22 det
351 869 23 18 är
389 867 87 21 alldeles
499 873 27 15 en
546 866 128 28 tillfällighet
695 869 31 19 att
743 867 32 21 till
790 867 40 21 och
844 867 49 21 med
908 867 71 21 denna

156 896 55 20 enda
225 896 80 26 patient
321 896 37 20 där
372 896 91 27 intagits,
478 896 106 27 nämligen
599 895 48 27 den,
665 897 30 19 att
709 896 42 20 han
767 895 69 21 under
849 896 33 20 sin
897 895 80 27 fylleri-

156 924 113 27 galenskap
285 924 81 27 ådragit
381 924 32 27 sig
428 930 27 15 en
470 924 104 28 kirurgisk
590 924 102 21 åkomma.
715 924 39 21 Om
770 930 51 15 man
836 924 74 27 drager
925 924 51 21 slut-

156 954 66 19 satser
244 952 21 21 af
287 952 26 22 de
328 952 111 28 uppgifter,
461 959 46 14 som
521 953 8 20 i
544 952 91 22 tabellen
654 952 136 27 förekomma,
806 952 23 21 så
844 952 67 22 skulle
926 959 51 14 man

155 981 47 21 icke
224 981 21 21 få
265 980 71 28 någon
351 981 44 21 bild
410 981 21 21 af
447 981 35 21 det
496 982 94 26 värkliga
603 981 145 21 förhållandet.
779 980 70 22 Saken
864 983 24 19 är
902 981 75 21 nämli-

156 1016 41 20 gen
219 1010 47 26 den,
288 1011 31 19 att
340 1010 62 20 dessa
419 1009 118 27 beklagliga
552 1009 37 21 fall
604 1009 141 21 öfverhufvud
760 1009 76 21 vårdas
850 1010 7 20 i
872 1010 105 26 hemmen,

156 1038 40 20 och
211 1039 29 19 att
255 1038 35 20 det
304 1038 69 20 finnes
384 1038 60 27 långt
454 1037 50 22 flere
515 1038 21 20 af
546 1038 48 20 dem
605 1040 26 18 än
642 1044 50 14 man
702 1038 100 27 vanligen
812 1038 117 21 föreställer
939 1038 37 27 sig.

223 1122 33 20 Hr
277 1121 149 22 Sundvall:
456 1121 41 28 Jag
516 1122 37 20 har
575 1122 106 27 förgäfves
701 1124 73 18 väntat
794 1123 30 20 att
844 1122 8 20 i
873 1122 26 22 de
913 1122 64 27 långa

155 1150 157 28 andraganden,
327 1157 46 14 som
388 1151 38 20 här
439 1150 8 20 i
462 1150 41 28 dag
517 1150 62 21 hafva
594 1150 75 27 hållits,
685 1150 21 21 få
721 1151 51 21 höra
782 1157 27 15 en
819 1150 52 21 liten
881 1151 96 21 anmärk-

156 1178 57 28 ning,
235 1178 87 22 hvilken
343 1179 36 27 jag
400 1179 34 20 för
454 1179 43 20 min
519 1178 34 21 del
568 1185 61 15 anser
643 1185 50 14 vara
709 1178 21 21 af
744 1178 66 22 sådan
826 1179 50 27 vikt,
898 1181 30 19 att
941 1179 36 28 jag

155 1207 47 21 icke
222 1208 42 20 kan
280 1207 110 21 underlåta
409 1209 30 19 att
454 1209 50 25 göra
518 1207 102 21 utskottet
634 1207 159 28 uppmärksamt
806 1207 28 27 på
848 1208 127 20 densamma.

154 1235 43 22 Det
219 1236 84 28 stadgas
317 1236 8 21 i
340 1236 12 27 $
368 1236 26 21 21
410 1242 62 15 mom.
489 1236 18 27 2,
530 1238 30 19 att
581 1236 68 21 under
669 1236 127 21 marknader
811 1236 39 21 och
865 1236 112 28 torgdagar

155 1265 147 20 minuthandel
317 1264 49 21 med
380 1265 90 20 bränvin
485 1267 23 18 är
522 1265 118 27 förbjuden.
669 1265 74 27 Enligt
758 1265 70 21 denna
844 1265 132 27 ordalydelse

154 1293 68 20 måste
243 1299 50 14 man
315 1292 133 27 naturligtvis
468 1293 65 20 förstå
553 1294 57 19 detta
629 1293 116 26 stadgande
766 1293 28 26 så,
818 1295 29 18 att
862 1294 35 20 det
911 1293 66 26 gäller

155 1320 179 27 marknadsdagar
345 1321 40 20 och
396 1319 117 28 torgdagar,
528 1320 79 21 sådana
617 1320 26 20 de
653 1323 36 18 äro
700 1320 152 27 öfverhetligen
862 1321 113 20 bestämda.

155 1347 35 22 Nu
212 1350 36 18 vet
268 1348 118 21 emellertid
406 1348 85 24 enhvar,
511 1349 29 19 att
561 1348 181 21 marknadsfolket
764 1349 98 26 vanligen
878 1349 98 20 samlas
965 1343 14 36 i

155 1377 57 20 stora
227 1376 72 21 skaror
313 1376 67 21 redan
394 1376 71 21 förrän
480 1375 42 22 den
537 1376 106 28 egentliga
656 1377 132 21 marknaden
800 1377 52 21 eller
861 1377 116 28 torgdagen

155 1405 114 28 begynner,
293 1405 39 20 och
355 1405 35 20 det
412 1406 23 19 är
455 1405 44 27 just
518 1405 69 21 under
609 1404 70 21 denna
692 1405 32 21 tid
738 1412 45 14 som
798 1412 51 15 man
863 1406 67 21 förser
944 1406 33 27 sig

154 1433 50 22 med
226 1433 26 22 de
274 1433 71 22 starka
367 1433 122 27 dryckerna.
519 1433 42 22 För
575 1435 30 20 att
619 1434 149 21 restriktionen
782 1434 8 21 i
805 1434 57 22 detta
876 1435 99 21 afseende

154 1463 55 20 skall
223 1469 51 15 vara
288 1462 130 28 fullständig,
439 1462 67 21 måste
523 1462 181 28 inskränkningen
719 1463 22 21 af
756 1463 220 28 bränvinsförsäljnin-

154 1486 42 59 gon
217 1498 49 15 vara
288 1491 72 28 sädan,
381 1493 29 19 att
432 1491 42 22 den
496 1491 63 22 ocksä
581 1491 66 28 gäller
661 1492 93 27 dagarna
768 1492 58 21 förut
840 1493 40 20 och
895 1493 80 21 efterät.

176 1521 20 20 et
210 1522 23 19 är
247 1520 54 21 blott
315 1520 63 27 detta,
393 1526 45 15 som
452 1521 37 26 jag
503 1520 38 21 ber
555 1522 30 19 att
599 1520 22 21 få
635 1520 86 28 påpeka.
751 1521 41 21 För
811 1521 63 28 öfrigt
888 1521 38 22 ber
940 1522 36 27 jag
