1700 1923
647 214 176 25 Borgäreståndet
828 215 59 23 1891.
912 215 23 23 16
946 219 63 19 mars.
1166 208 44 24 449

415 294 113 21 elektriska
549 293 158 29 ljusledningar.
737 294 43 21 Vid
795 294 74 27 sådant
883 294 130 21 förhållande
1028 294 64 27 yrkar
1105 294 36 27 jag
1156 296 30 19 att
1200 301 47 20 pa--

414 322 99 27 ragrafen
527 323 7 20 i
550 323 70 21 denna
634 321 35 22 del
682 322 71 21 blefve
768 322 99 28 godkänd:
882 322 131 21 oförändrad:
1155 349 5 3 N

483 379 33 21 Hr
536 379 159 29 Wasenius:
718 379 73 27 Enligt
810 380 44 20 min
873 379 134 27 uppfattning
1021 380 42 20 kan
1079 379 36 21 det
1129 380 38 20 här
1182 379 56 27 gälla

413 408 49 20 icke
477 408 89 21 allenast
581 407 112 22 elektriska
707 407 154 29 ljusledningar
875 410 50 19 utan
942 408 62 20 äfven
1019 408 66 26 andra
1099 407 80 21 sådana
1193 408 44 21 led-

415 436 81 28 ningar.
525 436 42 21 Det
582 438 23 19 är
619 436 102 28 antagligt
735 438 30 19 att
779 436 21 21 vi
815 437 26 27 gä
856 443 27 16 en
897 436 30 21 tid
943 436 32 21 till
989 438 74 26 mötes,
1073 437 27 21 dä
1112 436 62 22 äfven
1182 436 57 25 kraft

414 465 55 21 skall
484 465 131 26 öfverflyttas
629 465 27 27 pä
671 464 99 21 elektrisk
786 467 39 25 väg
840 466 39 20 och
894 465 36 21 det
944 465 27 27 pä
985 465 63 27 länga
1063 466 108 26 distanser.
1196 466 42 27 Jag

414 499 64 15 anser
500 493 35 21 det
554 500 50 14 vara
619 493 28 21 alt
662 493 45 21 skäl
722 495 35 25 att,
773 493 26 21 dä
813 493 151 28 förordningen
979 493 61 21 berör.
1055 493 113 29 elektriska
1182 493 59 25 träd-.

414 522 118 27 ledningar,
550 522 62 21 äfven
628 522 61 21 dessa
703 522 126 28 inbegripas,
845 523 38 21 och
898 522 37 21 ber
950 522 70 21 därför
1035 524 30 19 att
1078 523 22 20 fä
1110 523 128 20 understöda

416 551 25 20 hr
456 551 127 21 Nummelin.

485 606 33 21 Hr
532 607 151 28 Federley:
699 607 41 28 Jag
754 607 38 21 har
807 608 122 28 visserligen
944 608 47 21 icke
1007 609 55 20 1864
1071 609 34 20 års
1115 609 124 26 förordning

416 637 39 20 här
477 635 31 22 till
528 636 73 27 hands,
623 643 50 14 men
694 636 69 21 sävidt
783 637 35 27 jag
833 637 42 20 kan
889 637 101 27 päminna
1004 637 43 27 mig
1067 637 115 22 innefattar
1197 637 41 21 den

416 665 47 21 icke
484 664 99 27 rättighet
605 665 32 20 till
652 665 156 27 expropriation
822 665 33 21 för
870 665 64 28 nägra
949 665 66 21 andra
1029 665 113 22 elektriska
1156 665 82 22 lednin-

418 700 37 21 gar
476 695 26 19 än
519 693 88 28 telegraf
622 692 39 22 och
675 693 85 22 telefon.
789 693 33 21 Dä
834 694 35 21 det
883 694 120 27 föreslagna
1018 694 125 28 stadgandet
1157 694 82 21 säledes

417 722 47 21 icke
486 721 68 22 skulle
577 722 32 21 stä
630 722 7 21 i
653 722 136 22 konformitet
803 723 49 20 med
867 723 70 20 denna
951 723 124 28 förordning
1089 723 8 20 i
1112 723 68 28 öfrigt,
1195 723 43 20 kan

416 751 37 27 jag
467 751 47 21 icke
529 750 129 22 understöda
672 751 26 20 hr
712 751 129 21 Nummelin.

486 807 32 21 Hr
539 807 121 28 Hoving:
680 808 41 27 Jag
736 808 42 27 ber
788 809 29 19 att
832 808 21 21 fä
867 808 128 21 understöda
1009 808 26 20 hr
1049 808 133 21 Nummelins
1197 809 42 20 för-

417 837 51 26 slag.
499 837 37 20 Att
551 836 7 21 i
575 836 55 21 1864
642 836 33 21 års
689 836 124 27 förordning
827 837 46 20 icke
888 836 72 21 kunde
975 837 81 26 intagas
1069 837 69 27 någon
1149 837 91 25 bestäm-

415 865 52 28 ning
489 872 34 14 om
546 864 112 21 elektriska
679 865 154 27 ljusledningar
857 867 23 18 är
901 865 106 28 naturligt,
1028 867 23 24 ty
1073 865 28 20 dä
1115 865 54 21 hade
1184 872 51 14 man

417 893 46 22 icke
479 900 27 14 en
521 894 65 27 aning
600 899 35 19 om
650 893 83 21 sädana.
763 893 100 21 Däremot
877 893 50 26 ville
937 894 36 27 jag
983 895 98 20 motsätta
1090 894 44 27 mig
1144 894 26 20 hr
1179 893 60 22 Sten-

417 923 58 20 roths
495 922 79 27 förslag
596 923 30 20 att
644 922 68 24 orden
733 922 123 28 ,olägenhet
877 922 51 25 och"
950 922 67 22 skulle
1033 922 55 27 utgå.
1117 922 42 21 Det
1173 924 24 19 är
1211 922 29 21 alt

416 951 48 21 skäl
480 953 29 19 att
523 951 126 27 jordegaren
663 950 33 21 fär
709 951 116 28 ersättning
839 951 34 21 för
882 951 39 21 den
934 951 116 28 olägenhet,
1061 957 44 15 som
1116 957 77 21 genom
1203 957 37 15 ex-

417 980 128 27 propriation
560 980 43 20 kan
618 979 126 27 tillskyndas
758 980 84 20 honom.

486 1036 32 21 Hr
536 1036 152 27 Federley:
704 1036 42 21 Det
761 1038 23 19 är
797 1038 23 26 ju
836 1036 87 23 alldeles
937 1036 133 27 öfverflödigt
1085 1037 30 19 att
1129 1036 69 20 införa
1213 1042 28 14 en

418 1065 134 27 bestämning
574 1072 35 13 om
631 1065 115 27 ersättning
765 1065 33 21 för
813 1065 103 22 aflätande
932 1065 21 20 af
968 1065 59 20 mark
1041 1065 34 20 för
1089 1064 117 27 dragandet
1220 1064 22 21 af

419 1093 113 21 elektriska
554 1093 117 28 ledningar,
692 1100 35 14 om
741 1094 47 21 icke
803 1093 156 29 expropriation
973 1093 8 20 i
996 1093 75 21 sädant
1085 1093 55 28 syfte
1155 1092 33 21 fär
1203 1099 39 21 ega

419 1129 53 14 rum.
502 1122 33 21 Då
557 1123 66 27 enligt
643 1122 97 29 gällande
761 1123 147 27 författningar
930 1129 27 14 en
977 1121 156 28 expropriation
1148 1121 47 21 icke
1210 1121 32 21 får

420 1157 38 21 ega
473 1157 54 18 rum,
542 1151 42 21 kan
598 1151 47 21 icke
660 1151 67 21 häller
741 1151 70 28 någon
826 1151 116 27 ersättning
956 1151 33 20 för
1003 1157 27 14 en
1045 1150 66 21 sådan
1121 1150 121 27 expropria-

419 1181 45 20 tion
480 1180 84 20 komma
579 1180 7 20 i
601 1179 64 28 fråga.

488 1237 33 20 Hr
543 1236 146 27 Clouberg:
714 1236 55 21 1864
791 1236 33 21 års
847 1235 201 28 expropriationslag
1069 1237 103 26 upptager
1186 1235 56 20 stad-

420 1265 68 28 gande
504 1272 35 13 om
554 1265 117 28 ersättning
684 1265 33 20 för
731 1264 66 27 mark,
812 1271 45 14 som
872 1264 63 21 afstås
950 1264 33 21 för
997 1264 106 27 dragande
1119 1271 12 13 af
1154 1263 89 28 telegraf

420 1301 51 14 men
486 1293 47 22 icke
548 1294 33 21 för
595 1293 155 27 telefontrådar,
765 1295 23 25 ty
803 1293 106 21 telefonen
924 1299 38 14 var
975 1293 46 20 icke
1037 1293 66 20 häller
1118 1292 125 28 uppfunnen

420 1323 29 20 då
464 1325 63 18 ännu:
556 1322 41 21 Om
611 1329 52 14 man
678 1324 43 19 tror
735 1322 32 27 sig
781 1322 73 21 kunna
868 1322 7 20 i
890 1321 151 27 författningen
1056 1321 113 27 godkänna
1184 1320 60 21 ordet

422 1350 179 29 ytelefonträdar*',
617 1351 23 20 sä
655 1351 42 20 kan
711 1357 50 14 man
777 1350 80 21 således
873 1350 63 21 också
950 1349 43 21 lika
1005 1351 66 26 gärna
1084 1349 78 21 insätta
1178 1348 66 21 orden

421 1379 126 28 »,elektriska
561 1378 186 29 ledningsträdar*.

488 1436 34 21 Då
544 1436 64 27 ingen
630 1436 72 21 vidare
721 1435 91 28 begärde
828 1435 64 27 ordet,
907 1434 129 21 förklarades
1051 1434 148 20 diskussionen
1214 1433 30 20 af-

422 1465 78 26 slutad,
515 1464 39 21 och
569 1464 122 21 framstälde
706 1465 25 19 hr
745 1463 121 21 talmannen
881 1463 32 21 till
927 1463 52 20 först
995 1462 128 21 beträffande
1138 1462 36 21 det
1189 1461 21 21 af
1220 1461 25 20 hr

423 1493 123 20 Nummelin
563 1492 73 27 gjorda
650 1491 100 27 förslaget
764 1490 93 27 följande
872 1490 282 27 omröstningsproposition
1143 1486 13 37 :

491 1548 39 26 De,
553 1547 74 22 hvilka.
647 1547 118 29 godkänna
779 1546 111 21 utskottets
903 1545 84 28 förslag
1003 1545 34 21 till
1053 1545 78 28 lydelse
1150 1544 36 28 för
1200 1545 16 27 $
1232 1545 14 20 3

425 1577 9 21 i
449 1577 33 21 det
498 1577 28 28 af
537 1577 27 21 hr
578 1576 131 21 Nummelin
726 1575 117 22 anmärkta
857 1574 99 28 afseende
971 1574 149 28 oförändradt,
1136 1575 59 20 rösta
1204 1573 41 28 ja;

423 1607 33 26 de,
472 1606 35 21 det
520 1605 45 22 icke
579 1607 59 26 göra,
653 1606 59 19 rösta
726 1604 47 28 nej;

1156 1641 22 17 29
