1700 1925
643 238 175 20 Borgareståndet
831 239 54 16 1891.
908 239 22 16 19
943 243 61 12 mars.
1164 233 40 20 481

412 318 37 21 har
471 318 88 20 anhållit
581 325 35 13 om
638 318 127 21 tillsättande
781 319 21 20 af
817 325 26 14 en
858 319 78 20 komité
950 318 33 21 för
998 318 136 21 utarbetande
1150 319 22 20 af
1190 319 41 20 för-

412 346 45 27 slag
477 346 32 21 till
530 346 124 27 förordning
674 347 89 20 rörande
779 347 104 26 seglatsen
897 347 27 26 på
939 347 84 26 insjöar,
1037 347 88 20 kanaler
1140 347 39 20 och
1193 346 38 21 flo-

412 374 46 26 der;
480 375 36 19 hrr
537 374 93 21 Burman
655 375 39 20 och
708 375 97 20 Andstén
820 375 50 26 vilja
884 375 107 20 utsträcka
1005 375 104 20 komitens
1125 375 106 20 värksam-

411 402 35 21 het
461 403 32 19 till
508 402 138 21 utarbetande
662 403 21 20 af
698 409 26 14 en
739 403 123 27 förordning
876 403 89 20 rörande
981 403 199 27 öfverhufvudtaget
1190 403 41 21 alla

411 431 68 20 finska
493 431 109 20 farvatten.
633 431 72 21 Skulle
720 431 101 21 utskottet
835 431 63 21 hafva
912 431 39 21 fått
965 431 8 20 i
987 431 95 28 uppdrag
1097 433 29 19 att
1136 431 96 21 utarbeta

411 461 30 19 ett
455 459 133 21 betänkande
607 460 5 19 i
629 459 74 22 sådant
718 459 60 28 syfte,
794 460 53 21 hade
862 460 111 21 utskottets
989 460 71 21 arbete
1075 460 64 21 också
1154 460 78 21 utfallit

411 487 44 21 helt
470 487 138 28 annorlunda,
624 489 22 25 ty
662 488 27 20 då
703 488 54 21 hade
773 489 35 20 det
822 489 81 20 funnits
918 489 45 20 skäl
978 490 29 19 att
1021 488 84 21 förorda
1121 495 27 14 en
1166 489 65 20 sådan

411 516 83 21 komité.
524 516 50 21 Men
599 517 27 20 då
647 517 115 26 petitionen
777 517 46 20 icke
839 517 78 26 åsyftar
933 519 63 18 annat
1011 519 27 18 än
1053 517 106 26 seglatsen
1174 517 12 20 ä
1200 517 32 20 in-

412 545 60 26 sjöar,
487 544 87 21 kanaler
589 545 39 20 och
643 545 72 26 floder,
729 545 24 20 så
768 545 65 27 ansåg
848 545 31 27 sig
894 545 100 21 utskottet
1008 545 47 21 icke
1065 545 73 21 kunna
1150 545 82 21 sträcka

411 573 33 20 sin
466 573 134 20 värksambet
622 573 72 26 längre
717 573 38 21 och
773 573 51 21 fann
839 573 46 21 icke
901 573 44 21 skäl
960 574 131 20 förekomma
1105 575 31 19 att
1150 574 81 26 petitio-

410 607 51 14 nera
484 607 34 14 om
540 607 25 14 en
583 601 87 20 särskild
686 601 131 28 lagstiftning
832 602 32 21 för
879 602 56 21 detta
951 601 101 21 ändamål.
1082 602 38 21 Alt
1134 602 55 21 hvad
1205 601 25 22 de

410 629 128 28 föregående
553 629 93 21 talarene
661 630 62 21 hafva
738 630 69 22 anfört
821 631 69 20 såsom
905 630 165 28 oegentligheter
1084 631 36 20 vid
1131 631 101 27 sjöfarten

410 658 27 27 på
459 658 61 21 dessa
543 660 70 19 vatten
636 660 34 19 rör
685 659 42 20 lika
741 660 86 25 mycket
842 659 98 27 sjöfarten
957 659 12 20 å
984 659 91 26 saltsjön.
1105 658 42 22 Det
1170 659 60 27 enda,

410 692 46 15 som
480 687 72 20 härvid
576 689 38 25 gör
629 687 113 27 undantag,
763 689 23 18 är
806 687 41 21 den
862 687 21 21 af
897 688 25 20 hr
936 687 95 21 Burman
1046 687 126 21 framhållna
1187 694 43 14 om-

410 715 152 27 ständigheten,
578 717 29 19 att
622 722 50 14 man
686 716 32 20 för
732 716 79 26 insjöar
825 716 71 21 kunde
911 716 63 20 hafva
986 716 101 21 särskilda
1104 716 126 21 bestämnin-

410 750 42 21 gar,
468 750 45 14 som
528 744 46 20 icke
590 744 89 20 behöfde
695 751 50 13 vara
759 745 67 26 precis
840 744 43 21 lika
898 744 48 21 med
962 744 26 21 de
1003 744 169 22 internationella
1184 751 47 21 reg-

409 772 32 20 ler
462 772 72 20 hvilka
552 772 54 27 gälla
621 772 153 21 världsbafven.
803 773 34 20 Hr
850 773 106 20 Burmans
971 773 95 27 exempel
1083 774 8 19 i
1105 773 57 21 detta
1177 773 53 21 afse-

410 800 54 21 ende
486 800 102 22 hänförde
609 801 31 27 sig
655 800 53 21 dock
724 801 73 21 endast
813 801 74 27 därtill,
903 803 29 19 att
947 801 21 20 vi
982 801 63 21 hafva
1059 801 56 27 ljusa
1130 808 100 14 sommar-

409 831 69 19 nätter
502 830 40 20 och
564 831 29 19 att
609 830 35 20 det
658 829 70 27 någon
743 830 30 20 tid
789 830 68 20 under
871 830 61 20 dessa
947 831 68 19 nätter
1029 830 70 20 kunde
1115 836 50 14 vara
1180 832 50 18 onö-

411 858 44 27 digt
470 858 29 20 att
514 858 45 20 föra
573 858 112 21 lanternor.
714 857 63 22 Detta
792 858 42 21 kan
848 858 23 27 ju
887 864 50 15 vara
951 858 65 27 fallet,
1030 864 50 15 men
1094 859 36 26 jag
1139 860 36 19 vet
1184 858 46 21 icke

410 893 35 14 om
460 893 25 14 en
502 886 129 27 förordning,
647 886 65 21 sådan
727 893 45 14 som
787 887 26 20 hr
827 887 94 20 Burman
936 887 84 26 uppläst
1035 887 38 20 och
1089 893 44 14 som
1150 889 22 18 är
1187 887 43 27 gäl-

410 915 62 20 lande
495 915 33 20 för
547 914 91 27 Sverige,
653 921 50 14 vore
718 916 30 20 att
762 915 84 20 förorda
861 916 42 25 här,
918 917 23 24 ty
957 921 34 14 om
1007 915 42 20 den
1063 915 64 21 också
1141 915 90 27 medgif-

410 949 38 15 ver
468 943 109 27 möjlighet
597 943 32 20 för
644 943 101 21 skutorna
759 945 30 19 att
803 943 110 28 inbespara
928 943 46 20 litet
988 943 51 27 lyse,
1055 943 23 21 så
1093 944 81 20 medför
1190 944 40 21 den

410 972 92 20 ovisshet
527 972 39 20 och
591 971 145 21 obestämdhet
761 978 34 15 om
821 972 57 21 tiden
901 974 38 18 när
956 972 135 21 lanternorna
1106 972 60 21 skola
1180 979 51 14 vara

409 1000 65 21 tända
495 1000 39 20 och
552 1002 39 18 när
605 1000 51 21 icke.
687 1000 35 21 Nu
737 1001 96 26 gällande
848 1000 134 27 bestämning
997 1001 29 20 att
1041 1001 26 20 de
1082 1000 59 21 skola
1156 1000 74 21 tändas

410 1029 35 20 vid
469 1028 69 21 solens
561 1028 97 27 nedgång
679 1029 39 20 och
740 1029 80 20 släckas
843 1029 35 20 vid
900 1029 47 20 dess
966 1029 98 26 uppgång
1079 1029 42 20 kan
1137 1029 94 20 däremot

410 1057 46 20 icke
479 1057 119 26 misstydas.
628 1057 73 27 Enligt
722 1057 44 20 min
781 1057 64 21 tanke
860 1059 23 18 är
898 1057 35 20 det
948 1057 54 20 enda
1017 1057 21 20 af
1053 1057 49 26 vikt,
1117 1063 45 15 som
1178 1057 52 27 peti-

409 1086 96 20 tionären
521 1085 119 27 framhällit,
656 1087 29 19 att
701 1085 34 21 det
749 1086 47 19 icke
811 1085 67 21 finnes
893 1085 208 21 staffbestämmelser
1115 1086 33 19 för
1163 1086 67 20 öfver-

410 1113 101 21 trädelser
532 1114 20 20 af
573 1114 144 27 stadgandena
738 1114 6 19 i
761 1114 109 27 kejserliga
892 1114 140 27 kungörelsen
1049 1114 20 20 af
1085 1114 40 21 den
1142 1114 25 20 11
1182 1114 46 27 juni

411 1143 61 25 1880,
486 1149 50 13 men
552 1149 27 14 en
593 1143 87 26 petition
695 1143 7 19 i
717 1143 57 20 detta
789 1143 54 26 syfte
858 1143 54 20 hade
926 1143 24 26 ju
965 1143 53 20 varit
1033 1142 22 21 af
1069 1148 27 15 en
1106 1142 44 21 helt
1160 1149 71 14 annan

410 1173 62 19 natur
494 1173 26 18 än
544 1171 70 20 denna
636 1171 39 20 och
696 1171 54 20 hade
768 1171 46 20 icke
831 1177 36 14 ens
883 1171 46 20 hört
944 1170 31 21 till
991 1171 106 20 allmänna
1111 1171 119 20 besvärsut-

410 1199 88 21 skottets
512 1201 51 18 utan
579 1199 32 20 till
624 1199 147 27 lagutskottets
785 1199 131 28 befogenhet.
945 1199 31 20 På
991 1199 69 26 grund
1074 1199 65 27 häraf,
1155 1200 38 19 och
1204 1199 27 20 dä

410 1234 30 14 nu
455 1234 25 14 en
500 1228 56 27 gäng
569 1228 116 27 petitionen
701 1229 22 19 är
737 1228 66 20 sädan
819 1228 41 21 den
875 1230 28 25 är,
919 1234 61 14 anser
993 1228 36 27 jag
1043 1229 30 19 att
1088 1227 94 21 hvarken
1198 1229 32 18 ut-

410 1256 77 21 skottet
502 1256 52 21 eller
568 1257 113 20 ständerna
695 1256 72 21 kunna
782 1257 85 20 komma
881 1256 32 21 till
928 1258 65 18 annat
1004 1256 89 21 resultat
1107 1258 26 18 än
1150 1257 30 20 att
1189 1256 41 20 för-

409 1285 59 21 klara
484 1287 29 19 att
528 1285 42 21 den
584 1285 47 21 icke
646 1285 38 21 bör
698 1285 109 21 föranleda
822 1285 31 20 till
868 1285 68 27 nägon
953 1285 77 27 ätgärd.

477 1369 33 21 Hr
525 1369 136 27 Högman:
676 1369 64 27 Minä,
756 1369 81 21 samoin
851 1369 52 21 kuin
918 1369 46 20 hrat
978 1368 95 21 Burman
1088 1369 21 26 ja
1125 1368 103 28 Andstön,

408 1398 88 20 luulisin
518 1400 61 24 syytä
594 1398 75 21 olevan
684 1398 63 20 tehdä
761 1397 168 27 pyyntöesitystä
943 1398 56 20 tässä
1013 1397 108 20 suhteessa
1137 1397 19 21 ei
1171 1397 57 20 aino-

410 1428 72 19 astaan
498 1426 115 21 sentähden
629 1428 47 25 että,
691 1426 98 20 niinkuin
803 1425 189 28 pyyntöesityksen
1007 1425 64 27 tekijä
1082 1425 83 26 lausuu,
1177 1426 53 20 huo-

409 1455 177 20 limattomuuden
608 1455 73 20 kautta
698 1454 111 21 laivaväen
823 1454 93 27 puolelta
930 1453 78 21 laivain
1023 1454 207 26 yhteentörmäyksiä

410 1489 28 14 on
460 1484 108 25 syntynyt,
591 1489 54 14 vaan
660 1483 73 20 senkin
749 1482 62 27 takia,
827 1484 41 18 että
883 1483 64 18 niissä
962 1482 132 26 asetuksissa,
1109 1482 58 25 jotka
1182 1482 47 19 kos-

409 1511 63 20 kevat
488 1511 79 20 liikettä
582 1510 121 27 sisävesillä,
717 1510 72 26 näkyy
805 1509 75 21 olevan
895 1509 72 20 suuria
982 1509 108 27 puutteita.
1120 1509 49 20 Että
1183 1509 46 20 niin

410 1545 34 17 on,
466 1539 47 20 siitä
535 1538 52 21 tulin
608 1539 57 20 minä
680 1537 154 27 vakuutetuksi,
849 1537 44 21 kun
909 1537 62 21 viime
987 1537 94 27 syksyllä
1095 1537 44 20 olin
1154 1543 75 21 saapu-

410 1567 50 21 villa
479 1567 131 27 Jyväskylän
625 1566 244 27 raastuvanoikeudessa,
883 1566 56 27 jossa
954 1566 121 27 useampien
1091 1565 138 27 Päijänteellä

409 1596 115 21 kulkevain
552 1595 147 28 höyrylaivain
719 1595 100 27 päälliköt
841 1595 64 20 olivat
925 1594 185 21 kanteenalaisina.
1149 1593 79 22 Muun-

410 1631 84 14 muassa
510 1625 19 20 ei
544 1624 33 21 ole
593 1624 102 21 olemassa
710 1623 111 22 ollenkaan
835 1623 79 21 mitään
929 1623 92 26 erityisiä
1036 1622 130 27 säännöksiä,
1181 1623 48 20 eikä

1139 1661 21 18 31
