1075 1764
183 131 40 20 308
391 135 175 20 Borgareståndet
579 135 54 16 1891.
657 135 27 16 28
696 135 52 16 febr.

157 216 56 26 ning.
243 215 47 20 Den
310 215 43 20 kan
373 215 53 20 blott
447 215 84 20 komma
553 221 26 14 en
598 213 107 27 obetydlig
721 213 92 27 bråkdel,
835 213 47 21 icke
898 220 37 14 ens
951 219 26 14 en

157 246 88 25 procent
259 243 21 21 af
295 243 26 21 de
336 243 67 26 sjuka,
418 243 86 27 tillgodo
521 243 38 20 och
574 242 154 27 företrädesvis,
750 242 69 21 såsom
834 242 6 19 i
855 241 123 22 reservatio-

158 279 41 14 nen
221 271 127 27 framhålles,
370 271 26 20 de
415 278 58 14 mera
488 271 109 26 förmögna
612 271 112 20 klasserna.
756 270 41 20 Vid
812 270 76 21 sådant
901 269 77 22 förhål-

157 300 62 21 lande
235 300 41 20 kan
291 300 36 27 jag
341 300 46 20 icke
403 299 121 27 obetingadt
538 299 84 21 förorda
637 299 56 20 detta
706 298 139 27 betänkande,
858 301 50 18 utan
920 298 58 21 torde

158 329 26 26 vi,
206 329 8 20 i
236 328 99 21 afseende
357 328 13 20 å
392 327 96 28 åtgärder
505 327 32 21 för
559 327 123 27 lungsotens
704 327 97 26 botande,
824 327 50 21 böra
893 327 86 20 invänta

158 357 109 21 resultatet
289 356 20 21 af
331 357 26 20 de
379 363 43 20 nya
443 355 222 28 forskningsmetoder,
690 362 46 14 som
758 355 68 21 under
848 355 26 20 de
896 356 82 20 senaste

159 384 81 22 tiderna
255 385 89 21 kommit
358 385 32 20 till
405 385 139 26 användning.
566 384 81 21 Endast
662 390 34 14 om
712 384 61 21 dessa
788 383 133 28 forskningar
931 383 47 21 krö-

158 420 39 15 nas
218 413 49 22 med
282 413 116 28 framgång,
420 414 73 20 kunna
508 413 20 20 vi
545 414 79 27 hoppas
640 414 29 19 att
685 413 65 20 blifva
764 413 8 19 i
787 412 61 21 stånd
865 414 29 19 att
909 411 26 28 på
950 414 29 19 ett

158 442 107 21 värksamt
286 444 41 19 sätt
348 442 118 21 motarbeta
487 441 117 28 lungsoten.
635 441 81 21 Genom
738 441 114 21 sanatorier
871 441 72 20 kunna
958 441 21 20 vi

159 471 35 20 det
213 471 52 21 icke.
295 471 41 26 Jag
357 470 39 21 vill
412 471 55 20 dock
481 471 47 20 icke
543 469 138 22 underkänna
696 469 123 27 betydelsen
835 470 21 20 af
871 471 29 19 att
915 469 63 28 något

159 499 129 21 sanatorium
308 499 108 21 härstädes
438 499 119 21 inrättades.
586 498 43 21 Det
649 498 71 21 kunde
736 498 58 21 alltid
810 498 68 21 direkt
893 498 38 21 och
946 499 32 19 in-

160 527 67 21 direkt
241 527 86 21 komma
341 533 27 15 en
384 528 33 20 del
433 527 61 27 sjuka
509 527 30 21 till
555 527 59 28 godo.
637 527 41 27 Jag
693 527 36 20 vill
744 526 47 21 icke
803 527 67 20 häller
881 528 98 19 motsätta

158 556 45 27 mig
217 558 36 25 att,
267 557 7 19 i
289 555 101 22 händelse
405 558 29 19 ett
449 555 74 22 sådant
538 557 83 20 komme
637 555 29 21 till
683 555 67 26 stånd,
771 555 124 21 statsvärket
911 555 67 20 skulle

158 584 129 21 understöda
306 585 122 25 detsamma,
451 591 49 14 men
523 585 26 20 då
571 585 35 20 det
627 585 22 19 är
671 584 65 20 kändt
751 585 29 19 att
795 583 102 27 styrelsen
913 583 65 21 redan

159 613 124 20 understödt
298 619 26 14 en
340 613 65 20 sådan
420 613 78 20 anstalt
513 613 38 20 och
567 613 68 20 säkert
646 614 23 19 är
679 614 34 24 att,
730 612 68 21 därest
812 612 68 27 någon
891 618 28 21 ny
929 612 50 20 fullt

159 641 97 21 inhemsk
271 641 59 27 dylik
345 641 38 21 här
398 641 68 20 skulle
482 641 79 28 uppstå,
577 641 62 20 äfven
655 641 69 20 denna
734 640 68 21 skulle
814 640 78 21 erhålla
903 640 76 27 skäligt

159 669 121 28 understöd,
302 669 23 21 så
347 669 38 22 ber
406 671 34 26 jag
459 669 32 21 för
506 670 43 20 min
565 669 34 21 del
615 672 29 18 att
659 669 20 21 få
695 669 129 21 understöda
838 669 25 20 hr
877 669 100 21 Neovius'

159 698 79 28 förslag
259 699 48 20 med
331 698 41 21 den
391 698 89 27 ändring
496 699 20 20 af
530 699 107 20 klämmen
652 705 43 14 som
712 698 22 21 af
748 698 25 21 hr
787 697 53 22 Lille
856 698 122 27 föreslagits.

227 784 32 21 Hr
281 783 210 28 Neppenström:
522 784 41 21 Det
584 783 54 22 hade
662 783 122 28 visserligen
800 784 53 20 varit
867 784 44 21 min
926 784 53 27 plikt

160 814 29 19 att
203 813 69 20 vända
287 812 43 28 mig
345 815 44 18 mot
403 817 135 16 reservanten
553 813 7 20 i
570 813 107 26 utskottet,
691 813 25 20 hr
728 812 88 27 Ojanen,
831 819 49 14 men
891 813 88 20 orsaken

159 841 85 20 hvarför
257 841 36 27 jag
307 841 46 21 icke
370 842 54 26 gjort
439 841 35 21 det
488 843 28 25 är,
532 843 29 18 att
575 841 35 27 jag
625 847 62 14 anser
700 841 80 21 honom
794 841 62 20 hafva
868 841 111 22 motiverat

159 869 33 20 sin
213 870 37 20 sak
272 869 23 21 så
310 870 86 27 torftigt,
418 871 29 19 att
461 870 35 27 jag
511 870 45 20 icke
572 871 69 19 ansett
655 869 44 27 mig
713 869 72 21 vidare
800 869 90 21 behöfva
905 869 74 21 beröra

160 897 126 22 densamma.
316 898 51 21 Men
390 898 26 20 då
430 904 49 14 man
495 898 117 21 emellertid
627 898 43 26 här,
691 897 21 21 af
727 905 80 14 samma
822 898 45 21 skäl
882 905 45 14 som
943 905 36 13 an-

158 926 56 21 föres
229 927 7 19 i
251 927 162 26 reservationen,
434 927 62 20 äfven
519 926 76 27 påstått
615 928 30 19 att
660 926 41 21 den
715 927 97 26 fattigare
828 926 150 27 befolkningen

159 955 30 20 als
211 955 46 20 icke
280 954 68 21 skulle
371 954 78 21 erhålla
472 954 89 21 tillträde
580 955 32 20 till
627 955 143 20 kuranstalten
787 954 53 21 eller
853 955 126 26 tillskyndas

158 989 55 21 gagn
229 983 21 20 af
265 983 128 27 densamma,
416 985 22 18 är
454 983 56 21 detta
525 983 54 21 dock
598 983 65 27 enligt
678 983 47 21 mitt
739 983 137 21 förmenande
892 983 87 21 alldeles

159 1011 147 22 vilseledande.
329 1011 34 21 En
378 1011 97 21 fackman
491 1012 42 26 här,
548 1012 25 21 hr
587 1011 126 28 Appelberg,
728 1012 38 20 har
779 1012 63 20 också
850 1012 67 21 redan
926 1018 52 21 upp-

158 1039 43 27 lyst
223 1039 88 28 ståndet,
331 1039 21 21 af
375 1039 85 22 hvilken
481 1040 45 21 vikt
543 1040 33 21 för
591 1040 41 21 den
647 1041 56 20 stora
718 1040 141 21 allmänheten
875 1042 29 19 ett
919 1047 60 14 sana-

158 1069 79 20 torium
256 1068 69 21 blefve
348 1068 62 21 äfven
426 1069 7 20 i
448 1069 35 20 det
504 1069 113 26 afseendet,
639 1070 31 19 att
684 1075 51 14 man
756 1069 37 20 där
807 1068 58 21 lärde
880 1069 32 27 sig
932 1069 46 21 icke

159 1096 52 21 blott
226 1098 29 19 att
271 1097 48 20 akta
333 1097 33 26 sig
380 1097 32 20 för
427 1097 155 26 lungsotsmitta
597 1097 203 27 öfverhufvudtaget,
817 1099 50 19 utan
878 1097 61 21 äfven
950 1099 29 20 att

158 1125 59 20 sköta
233 1125 36 27 sig,
285 1125 27 20 dä
327 1132 49 13 man
392 1125 82 27 engång
489 1125 59 21 råkat
563 1127 23 19 ut
604 1125 33 20 för
651 1125 118 21 äkomman.
799 1125 36 21 Ett
850 1126 128 20 sanatorium

158 1155 23 18 är
203 1153 52 20 altså
277 1153 107 28 gagneligt
405 1154 46 20 icke
473 1153 73 21 endast
560 1155 8 19 i
583 1153 22 21 så
620 1153 43 27 fall,
685 1156 30 18 att
737 1160 49 14 man
805 1155 37 19 där
856 1155 41 19 kan
914 1154 64 22 botas,

158 1183 51 18 utan
231 1181 62 21 äfven
316 1181 112 27 uppskolas
450 1184 29 18 att
498 1182 48 26 själf
561 1182 63 20 vårda
640 1182 37 27 sig.
706 1182 11 20 I
731 1182 117 26 Tysklands
864 1183 115 20 sanatorier

157 1211 14 18 t.
187 1215 32 15 ex.
235 1211 23 19 är
273 1209 35 21 det
323 1216 27 14 en
364 1210 57 26 jämn
444 1210 39 20 och
505 1210 83 27 ständig
608 1209 128 22 folkrörelse.
766 1209 48 22 Den
830 1217 39 14 ena
884 1210 95 21 kommer

156 1237 41 21 och
221 1237 40 21 den
283 1237 65 21 andra
371 1238 41 27 går.
443 1237 44 22 Och
510 1239 26 20 då
559 1239 34 20 det
614 1240 23 18 är
657 1239 21 20 af
692 1241 44 18 stor
751 1238 44 21 vikt
810 1241 30 18 att
854 1239 63 20 äfven
931 1239 48 26 själf

155 1265 74 21 kunna
252 1266 59 21 sköta
326 1266 38 27 sig,
387 1266 77 21 besöka
479 1266 76 28 många
577 1266 127 21 anstalterna
718 1267 34 20 för
766 1268 30 19 att
810 1267 44 20 lära
869 1267 32 27 sig
915 1267 62 20 detta.

156 1293 42 21 Det
219 1296 23 18 är
263 1294 111 26 glädjande
397 1297 29 18 att
448 1295 57 25 höra,
528 1297 34 23 att,
585 1295 68 20 såsom
673 1295 26 20 hr
712 1295 78 20 Heikel
807 1295 81 23 nämde,
908 1295 70 26 någon

157 1321 21 20 af
200 1322 111 20 utskottets
332 1322 139 20 medlemmar
493 1323 54 26 gjort
569 1323 32 26 sig
623 1322 77 21 mödan
722 1324 30 19 att
766 1323 95 26 uträkna,
879 1323 54 20 hvad
949 1324 30 19 ett

157 1349 129 21 sanatorium
309 1349 75 21 sådant
406 1350 34 20 det
460 1349 160 28 ifrågavarande
635 1351 68 20 skulle
719 1351 86 20 komma
820 1353 30 18 att
864 1351 60 20 kosta
939 1351 39 20 och

157 1379 30 19 att
202 1378 111 21 utskottets
329 1378 125 21 slutsumma
477 1378 197 21 öfverensstämmer
688 1379 49 20 med
753 1379 41 21 den
808 1380 35 27 jag
857 1379 55 21 hade
927 1381 51 19 äran

154 1406 83 22 föreslå.
266 1407 42 27 Jag
329 1407 57 20 inser
408 1407 100 26 slutligen
529 1414 47 21 nog,
599 1409 30 20 att
650 1407 74 28 frågan
742 1408 36 21 vid
793 1408 69 21 denna
877 1407 100 28 landtdag

155 1435 46 20 icke
217 1435 42 21 kan
273 1435 22 21 få
310 1435 40 21 den
366 1436 83 27 lösning
464 1441 46 16 som
526 1436 36 27 jag
577 1436 82 27 åsyftat,
682 1437 39 20 och
736 1437 38 20 har
790 1437 18 27 ej
824 1437 67 20 häller
904 1437 73 27 begärt

156 1463 59 22 ordet
230 1464 33 21 för
277 1465 30 20 att
322 1464 72 21 vidare
409 1464 85 27 plädera
508 1465 32 20 för
555 1471 26 14 en
597 1465 71 21 sådan.
691 1465 51 21 Men
756 1466 36 27 jag
806 1467 44 19 tror
864 1465 35 22 det
913 1466 8 20 i
936 1465 41 21 alla

155 1492 37 21 fall
208 1499 49 14 vore
273 1499 26 14 en
314 1492 121 27 skyldighet
448 1495 44 19 mot
507 1493 143 28 lunglidande,
666 1495 29 20 att
710 1494 42 21 låta
767 1494 107 21 klämmen
888 1494 55 21 hälst
955 1494 22 21 få

154 1521 42 20 den
211 1521 54 20 form
281 1521 101 21 utskottet
396 1521 112 28 föreslagit.
