1073 1761
315 126 176 21 Borgareståndet
503 128 52 17 1891.
578 128 11 17 7
601 128 50 17 febr.
829 123 39 20 111

80 205 81 28 logiska
175 206 146 21 förhållanden
336 209 13 18 t.
365 211 32 17 ex.
413 208 48 20 med
475 207 46 21 dem
536 208 8 20 i
557 207 137 21 Görbersdorf
706 208 39 21 och
754 208 140 27 Falkenstein,

80 234 23 21 sä
117 241 63 20 synes
195 235 44 27 mig
253 235 64 27 ingen
331 236 236 27 anmärkningsvärdare
583 236 82 20 skilnad
679 235 120 28 förefinnas,
814 239 26 18 än
865 239 30 18 att

79 263 84 20 vintern
188 263 39 20 hos
248 269 33 15 oss
297 263 34 20 väl
345 265 24 19 är
383 264 103 27 skarpare,
501 271 50 14 men
565 264 68 21 luften
649 264 94 21 däremot
757 266 84 24 torrare,
857 265 38 20 lät-

59 311 5 6 .
78 293 44 19 tare
138 291 39 20 och
191 297 80 21 renare,
287 293 27 19 än
329 291 40 21 den
384 292 67 20 under
466 292 109 21 enahanda
591 292 63 20 ärstid
669 293 7 19 i
689 292 105 21 mellersta
804 293 90 27 Europa,

79 318 37 21 där
140 320 83 20 vintern
247 326 46 14 mer
306 320 69 20 liknar
389 320 74 21 hösten
478 321 7 20 i
500 320 94 28 Finland,
609 320 109 21 hvaremot
732 320 46 22 värt
793 327 100 15 sommar-

77 347 74 21 klimat
165 348 8 20 i
187 348 71 28 hvarje
273 348 36 21 fall
325 355 64 21 egnar
403 349 32 27 sig
449 350 49 20 vida
514 349 65 21 bättre
594 349 33 21 för
644 349 119 28 lungsjuka,
788 352 27 26 än
841 349 52 21 mel-

77 376 63 21 lersta
156 377 39 21 och
209 377 8 21 i
232 378 114 26 synnerhet
361 378 61 20 södra
437 377 100 29 Europas,
553 378 37 21 där
604 380 87 18 värmen
705 378 63 21 oftast
783 378 40 21 blir
846 380 47 19 rent

77 405 22 21 af
113 405 100 28 odräglig,
227 406 21 27 ja
263 408 12 19 t.
292 412 17 15 o.
325 413 28 14 m.
369 406 118 27 skadligare
501 407 32 21 för
554 407 106 27 patienten
679 409 27 19 än
731 407 41 21 den
796 407 97 21 fruktade

77 434 83 21 vintern
184 435 39 20 hos
247 441 39 15 oss.
315 434 76 22 Denna
411 436 62 20 tanke
493 436 94 27 grundar
601 436 31 26 sig
646 436 46 20 icke
708 436 88 20 allenast
811 436 12 20 ä
837 436 56 20 hvad

76 463 36 27 jag
124 463 48 27 själf
187 466 40 18 sett
242 464 39 20 och
296 464 76 27 erfarit,
387 465 52 19 utan
453 464 87 21 fastmer
554 464 27 27 pä
594 464 108 20 fackmäns
717 466 80 25 utsago.

144 491 32 21 De
192 494 96 19 närmare
304 492 131 27 betingelser,
451 492 68 21 såsom
533 492 35 21 val
583 492 21 21 af
619 494 37 25 ort,
672 492 37 21 där
719 494 29 19 ett
758 493 134 26 sanatorium,

75 520 120 27 lämpligast
209 520 64 21 borde
289 520 93 28 placeras
396 520 8 21 i
418 520 46 21 vårt
478 521 55 27 land,
549 521 88 21 likasom
652 521 67 27 öfriga
733 521 88 27 detaljer
834 521 8 20 i
851 520 42 21 frä-

76 555 47 21 gan,
138 548 65 28 vågar
217 549 39 21 och
271 549 100 21 behöfver
385 550 35 26 jag
434 549 46 21 icke
494 550 65 20 inläta
574 549 43 27 mig
631 549 32 27 pä,
678 551 51 19 utan
753 550 141 20 öfverlämnar

77 576 29 21 alt
121 576 68 27 dylikt
204 577 21 20 ät
239 577 132 28 sakkunniga
385 578 103 26 fackmän,
503 578 79 20 sädana
597 584 45 14 som
656 578 35 27 jag
706 580 35 19 vet
755 580 13 18 t.
779 584 32 14 ex.
824 578 69 20 finnas

76 605 64 20 bland
156 605 37 20 vär
207 605 114 22 läkarekär.
351 605 41 22 För
407 612 53 21 egen
475 606 34 21 del
525 608 43 19 tror
581 606 36 27 jag
630 605 70 28 likväl,
726 608 30 19 att
780 606 113 21 sanatoriet

76 633 64 22 borde
156 634 99 27 anläggas
269 634 8 21 i
292 634 35 21 det
342 634 91 28 omfäng,
448 636 30 19 att
493 635 34 20 det
542 635 71 20 kunde
628 634 32 21 till
677 641 27 14 en
728 635 73 26 början
827 635 66 20 redan

75 662 105 27 inrymma
195 663 126 21 ätminstone
337 663 26 20 50
378 663 93 21 interner
486 664 39 20 och
550 665 29 19 att
605 663 155 28 anläggningen
784 663 8 20 i
817 663 75 21 omför-

75 691 57 20 mäld
159 691 58 21 skala
233 691 66 21 skulle
315 691 84 21 komma
414 693 29 20 att
459 692 92 21 erfordra
567 693 29 20 ett
610 691 73 28 anslag
697 692 22 21 af
733 692 54 21 circa
804 692 87 27 500,000

75 719 65 21 mark.
169 719 63 22 Hvad
247 720 65 21 sedan
328 720 55 21 valet
397 720 22 21 af
433 723 32 18 ort
479 721 136 26 vidkommer,
631 727 61 14 anser
705 721 36 26 jag
763 722 29 19 att
816 720 77 21 anstal-

76 750 35 19 ten
127 748 38 21 bör
180 749 51 20 söka
243 755 26 14 en
285 749 70 26 sädan,
371 755 45 14 som
431 749 68 20 under
514 749 41 20 alla
570 749 53 20 tider
638 749 21 20 af
673 749 44 20 äret
731 749 99 26 erbjuder
841 749 52 20 lätta

76 777 211 28 kommunikationer,
314 779 54 18 samt
392 777 37 20 där
454 779 29 19 ett
504 778 53 20 visst
578 777 96 20 välständ
689 777 68 21 städse
772 777 118 21 förefinnes.

75 805 51 21 Men
140 805 117 21 framföralt
271 805 39 22 bör
323 805 157 28 barrskogsrika
495 806 78 21 trakter
585 805 48 22 med
646 805 55 28 högt,
711 807 51 19 torrt
772 806 38 20 och
821 807 70 19 natur-

76 833 62 22 skönt
152 834 47 27 läge
214 834 81 21 lämnas
310 834 110 27 företräde,
435 836 54 19 samt
503 834 75 27 själfva
593 833 108 28 anstalten,
715 834 50 21 med
787 834 106 20 därunder

74 861 92 27 lydande
191 863 198 26 promenadplatser,
413 862 93 28 placeras
532 863 7 19 i
564 862 68 27 skydd
654 862 21 20 af
697 862 41 20 alla
753 862 65 20 andra
833 864 59 18 utom

75 890 82 28 sydliga
171 890 80 21 vindar.
390 901 5 3 ,

143 918 49 22 Som
209 921 28 19 ett
252 919 111 27 glädjande
379 919 74 21 tecken
468 919 32 21 till
515 921 30 19 att
559 920 61 20 äfven
634 919 82 21 landets
731 918 108 22 läkarekär
852 925 40 14 nu-

74 954 58 14 mera.
152 947 67 27 börjat
229 948 103 28 allvarligt
347 948 182 27 uppmärksamma
551 948 41 21 den
613 948 21 20 af
655 948 43 27 mig
716 948 38 20 här
768 947 124 21 framhällna

74 976 80 27 frägan,
169 976 42 20 kan
226 976 34 21 väl
275 977 83 21 anföras
373 978 30 20 att
418 983 27 14 en
459 977 22 20 af
498 977 47 21 dess
565 976 140 22 framstäende
730 976 129 28 specialister
884 976 8 20 i

74 1004 162 28 lungäkommor
250 1006 95 27 upptagit
361 1006 38 20 och
414 1005 100 21 refererat
529 1006 41 20 den
585 1005 12 21 ä
611 1005 68 21 finska
697 1005 194 27 läkaresällskapets

76 1034 54 21 12:te
146 1033 106 21 allmänna
267 1034 160 26 sammanträde,
443 1034 40 20 den
499 1034 32 27 19,
547 1034 26 21 20
589 1034 40 21 och
648 1034 26 20 21
697 1034 118 27 september
836 1034 54 20 1889

74 1062 49 20 med
137 1062 86 27 påföljd,
238 1064 29 19 att
281 1064 66 19 mötet
362 1062 99 28 enhälligt
476 1062 92 22 uttalade
584 1063 32 27 sig
630 1062 33 21 för
676 1062 128 21 inrättandet
818 1062 7 20 i
843 1062 48 20 Fin-

75 1090 49 20 land
140 1090 21 21 af
176 1092 29 19 ett
220 1090 63 22 slutet
303 1097 99 14 sommar-
425 1091 38 20 och
485 1091 198 21 vintersanatorium
704 1091 33 20 för
758 1090 133 27 lungsiktige,

74 1119 116 20 beräknadt
204 1119 33 21 för
251 1121 30 20 ett
295 1121 65 20 större
376 1119 56 21 antal
447 1120 108 27 patienter.
584 1119 33 22 Dä
631 1119 52 21 altsä
707 1119 62 21 äfven
791 1119 100 20 Finlands

74 1147 110 21 läkarekär
205 1154 88 15 numera
315 1148 75 21 uttalat
411 1149 30 20 ett
465 1148 67 27 dylikt
547 1148 162 27 önskningsmäl,
724 1154 64 21 synes
802 1148 44 27 mig
861 1147 30 21 als

74 1175 46 21 icke
135 1176 33 20 för
183 1176 61 27 tidigt
258 1176 32 21 för
305 1176 118 27 ständerna,
438 1178 30 19 att
482 1176 66 21 redan
563 1176 12 21 ä
589 1176 70 21 denna
673 1176 100 27 landtdag
788 1176 25 27 gå
828 1176 7 20 i
849 1176 42 20 för-

74 1204 92 28 fattning
190 1211 35 14 om
246 1205 174 27 undanrödjande
442 1205 21 21 af
487 1205 41 21 alla
551 1205 136 21 ekonomiska
707 1204 75 21 hinder
797 1204 32 21 för
843 1204 48 21 dess

74 1232 174 28 förvärkligande.

143 1289 50 21 Med
208 1290 114 28 anledning
337 1290 58 21 däraf
411 1290 39 22 och
465 1291 20 21 af
500 1291 55 21 hvad
570 1291 35 27 jag
619 1291 8 20 i
642 1290 62 28 öfrigt
718 1291 37 20 här
775 1290 44 21 haft
841 1292 50 19 äran

75 1318 78 27 anföra,
168 1318 64 28 vågar
246 1319 35 27 jag
295 1319 89 27 anhålla,
399 1319 36 21 det
450 1320 49 20 ville
513 1319 106 28 vällofliga
633 1319 171 27 borgareständet
818 1319 73 21 förena

75 1347 32 27 sig
128 1353 35 14 om
186 1348 38 20 och
247 1348 88 26 inbjuda
356 1348 139 20 medständen
517 1348 31 20 till
569 1354 28 15 en
611 1348 132 27 underdänig
757 1347 87 27 petition
859 1347 32 21 till

74 1374 60 22 Hans
149 1375 118 27 Kejserliga
281 1376 103 27 Majestät,
398 1376 101 21 Finlands
514 1376 122 21 Storfurste:

279 1433 34 19 att
336 1438 27 14 en
388 1438 87 14 summa
496 1431 28 27 af
537 1431 104 26 500,000
655 1430 63 21 mark
732 1430 58 28 finge
804 1438 29 13 ur
847 1431 42 20 all-

211 1461 84 19 männa
310 1459 68 20 medel
392 1459 114 20 användas
521 1458 35 21 till
569 1458 138 28 uppförande
721 1458 38 21 och
778 1458 111 21 bekostan-

212 1488 25 21 de
259 1488 13 21 &
292 1487 73 28 någon
384 1487 91 28 lämplig
490 1489 33 19 ort
537 1487 10 20 i
561 1489 45 26 eget
621 1487 58 27 land,
694 1487 68 28 enligt
775 1487 76 22 därtill
866 1487 37 28 af'

211 1517 134 27 sakkunnige
357 1523 104 21 personer
474 1518 103 19 närmare
592 1516 115 28 uppgjordt
721 1515 88 29 förslag,
824 1516 29 28 af
864 1523 27 14 en
