1075 1756
333 127 178 21 Borgareständet
523 128 52 17 1891.
599 129 12 16 5
624 128 50 18 febr.
858 124 25 20 91

92 206 157 27 vetenskapliga
265 206 99 21 samfund
380 207 39 21 och
433 207 126 27 föreningar,
575 214 46 14 som
635 208 93 20 särdeles
737 208 27 27 pä
775 214 73 15 senare
859 208 54 21 tider

90 234 7 20 i
120 236 52 19 stort
194 234 56 21 antal
271 235 52 27 tagit
337 235 32 20 till
385 236 82 26 uppgift
482 236 126 26 främjandet
623 236 21 20 af
659 236 35 20 det
708 236 158 27 vetenskapliga
881 243 32 14 ar-

90 262 57 21 betet
167 263 58 20 inom
246 263 78 27 landet,
347 265 35 19 äro
405 263 71 21 därför
493 264 22 20 af
535 266 42 19 stor
601 264 106 26 betydelse
724 264 39 21 och
778 264 98 27 förtjänta
892 264 21 21 af

90 292 30 20 ett
144 291 177 27 understödjande
343 292 7 19 i
371 291 64 28 högre
450 292 58 27 grad,
531 294 26 18 än
572 292 55 20 hvad
641 292 105 21 härintills
761 292 88 21 kommit
864 293 48 21 dem

90 319 32 21 till
144 319 39 21 del
213 319 50 21 Med
285 320 59 26 ringa
367 320 111 28 tillgångar
498 321 38 20 och
550 320 8 21 i
574 320 25 21 de
615 320 60 21 flesta
689 320 37 21 fall
742 321 114 21 hänvisade
870 321 42 21 för-

90 348 111 27 nämligast
223 348 32 21 till
277 348 47 21 sina
344 348 148 22 medlemmars
514 350 88 20 intresse
625 349 38 21 och
679 349 152 27 offervillighet,
849 350 63 20 hafva

90 376 62 21 dessa
174 377 149 21 associationer
344 377 46 21 icke
412 377 82 21 kunnat
517 378 63 20 vinna
595 378 41 20 den
653 378 127 27 utveckling,
802 378 26 21 de
844 378 68 21 under

89 412 58 14 mera
163 412 124 20 gynsamma
302 406 146 21 förhållanden
464 406 70 21 säkert
547 406 54 21 varit
616 407 5 19 i
638 406 82 21 tillfälle
735 408 30 20 att
781 408 74 26 uppnå.
874 422 7 6 .

156 434 68 21 Bland
248 434 25 22 de
297 434 129 28 svärigheter
448 435 61 21 dessa
528 435 121 28 föreningar
671 435 44 21 haft
738 437 29 19 att
782 436 129 25 öfvervinna,

90 463 62 21 hafva
168 463 31 27 de,
215 470 46 14 som
275 463 131 29 framkallats
421 464 21 21 af
457 464 79 21 bristen
551 464 26 27 pä
592 471 53 20 egen
655 464 63 27 lokal,
733 464 115 28 ingalunda
858 465 53 20 varit

90 491 26 22 de
138 492 65 21 minst
217 492 98 21 känbara.
346 492 130 28 Visserligen
491 493 39 20 har
543 493 146 21 universitetet
703 493 33 20 för
752 500 26 14 en
794 493 33 21 del
840 495 71 19 veten-

90 520 93 28 skapliga
205 521 98 21 samfund
325 521 133 28 beredvilligt
480 521 79 22 lämnat
576 521 81 21 lokaler
671 522 32 20 för
718 522 170 21 sammanträden
903 522 8 20 i

90 549 40 21 den
145 549 50 20 män
211 549 74 21 sädant
300 550 53 20 varit
368 550 87 27 möjligt,
470 557 49 14 men
534 550 86 21 härmed
636 551 37 20 har
683 551 54 20 dock
748 551 61 20 dessa
819 551 92 20 förenin-

89 584 48 21 gars
152 577 63 22 behof
231 578 52 21 blott
298 579 31 20 till
345 585 26 14 en
386 579 60 27 ringa
462 579 34 20 del
511 579 68 20 blifvit
594 579 140 27 tillgodosedt.
763 579 41 20 För
818 579 52 20 brist
885 579 26 27 pä

88 606 88 28 lämplig
197 607 56 20 lokal
268 607 63 21 hafva
346 607 26 20 de
387 607 46 21 icke
449 607 132 27 obetydande
600 607 120 21 bokskatter
736 607 55 21 olika
806 607 104 27 samfund,

89 635 61 21 hvart
171 636 57 20 inom
244 636 35 21 sitt
294 635 92 27 område,
408 636 162 27 sammanbrakt,
592 636 101 21 förblifvit
709 636 56 21 svårt
780 636 131 27 tillgängliga

89 663 32 21 för
144 664 146 27 allmänheten,
313 665 43 20 ofta
377 667 13 18 t.
411 671 18 14 o.
447 671 27 14 m.
492 665 33 20 för
545 665 137 21 samfundens
697 671 54 21 egna
767 665 142 20 medlemmar.

89 692 106 27 Boklager
211 693 21 20 af
246 693 138 21 samfundens
399 700 55 21 egna
468 693 155 28 publikationer
637 693 62 21 hafva
715 693 43 22 ofta
773 700 42 20 nog
829 693 81 21 kunnat

89 721 136 28 härbärgeras
248 722 73 21 endast
343 723 49 27 med
414 722 106 21 anlitande
538 723 21 20 af
574 722 94 21 enskilde
683 722 141 21 intresserade
839 729 71 20 perso-

89 755 49 15 ners
159 750 148 27 privatbostad.
337 751 69 20 Äfven
428 751 37 20 har
487 753 29 19 ett
536 753 65 19 större
617 751 114 20 närmande
747 751 89 20 emellan
852 751 57 20 med-

88 777 116 22 lemmarne
220 779 39 20 och
275 779 58 20 däraf
348 779 134 21 framkalladt
505 779 137 27 tankeutbyte
658 780 38 19 och
712 779 117 21 samarbete
841 779 47 20 icke
903 779 6 20 i

89 807 41 20 den
150 807 50 28 grad
224 810 34 25 egt
279 814 53 21 rum,
355 815 45 14 som
423 809 53 20 varit
490 808 91 27 möjligt,
597 808 69 21 därest
680 814 27 15 en
722 814 53 21 egen
790 807 56 21 lokal
862 807 49 22 stått

89 835 126 22 samfunden
230 836 31 21 till
278 837 58 20 buds.

155 865 61 20 Inom
237 865 102 21 särskilda
362 865 158 28 vetenskapliga
534 865 39 21 och
588 865 91 20 litterära
695 865 100 20 samfund
810 865 38 20 har
864 865 45 21 där-

88 893 33 20 för
135 893 59 27 fråga
209 894 71 21 väckts
296 901 34 13 om
346 894 185 21 ästadkommande
547 894 20 20 af
582 900 25 15 en
624 893 104 28 byggnad,
743 894 85 20 hvilken
839 893 69 22 kunde

87 921 89 28 erbjuda
191 928 27 15 en
233 922 94 28 varaktig
343 923 73 20 bostad
432 923 32 20 för
480 923 24 20 de
520 929 29 14 nu
565 923 94 20 hemlösa
669 922 176 21 associationerna
856 925 53 19 samt

88 950 25 21 de
133 950 154 21 fosterländska
309 951 110 26 intressen,
440 951 71 21 hvilka
526 951 25 21 de
567 951 44 21 afse
627 953 30 18 att
671 951 107 27 befrämja.
807 951 47 20 Tolf
868 951 41 20 för-

87 979 93 27 eningar,
189 979 116 28 nämligen:
322 979 78 21 Finska
409 979 246 28 vetenskapssocieteten,
670 979 118 28 Sällskapet
798 986 36 20 pro
845 979 64 21 fauna

88 1009 20 20 et
129 1007 53 22 flora
202 1008 90 27 fennica,
315 1008 78 21 Finska
408 1009 111 20 historiska
534 1008 126 26 samfundet,
683 1007 117 28 Sällskapet
814 1008 33 20 för
860 1007 49 22 Fin-

87 1036 61 21 lands
170 1037 97 27 geografi,
291 1037 135 27 Geografiska
448 1037 131 27 föreningen,
601 1037 167 26 Finsk-Ugriska
790 1037 119 26 sällskapet,

89 1064 94 21 Svenska
192 1065 224 28 litteratursällskapet,
431 1065 108 22 Juridiska
555 1065 130 27 föreningen,
702 1065 76 21 Finska
788 1065 121 20 läkaresäll-

88 1093 78 27 skapet,
187 1094 261 27 Hälsovårdsföreningen,
470 1094 133 27 Föreningen
621 1093 118 21 Duodecim
760 1094 39 20 och
814 1093 95 27 Pedago-

88 1122 59 27 giska
170 1122 130 28 föreningen,
322 1123 63 20 hafva
407 1123 82 21 förenat
512 1123 31 27 sig
558 1129 34 14 om
607 1122 100 27 förslaget
721 1122 7 20 i
743 1122 87 27 princip.
860 1122 49 21 Med

87 1150 117 21 beaktande
228 1151 63 27 däraf,
315 1153 29 19 att
367 1153 114 25 yttermera
502 1158 42 20 nya
562 1151 122 27 föreningar
698 1151 73 20 kunna
786 1151 123 26 tillkomma,

87 1179 71 21 hvilka
174 1186 49 14 vore
239 1180 99 27 förtjänta
353 1181 21 19 af
389 1182 29 19 att
434 1180 144 26 understödas,
594 1179 109 21 äfvensom
722 1179 26 27 på
763 1179 69 27 grund
847 1179 21 20 af
884 1179 25 20 de

88 1207 111 28 uppgifter,
222 1215 45 14 som
289 1215 26 14 en
335 1209 33 20 för
382 1208 98 21 ärendets
495 1208 151 21 förberedande
662 1207 98 21 särskildt
775 1207 83 21 nedsatt
872 1207 37 21 ko-

88 1236 50 21 mité
160 1237 157 20 sammanbrakt
339 1237 108 26 angående
463 1237 35 20 det
513 1239 105 24 utrymme
634 1236 33 21 för
681 1236 107 27 bibliotek,
804 1236 105 27 boklager,

88 1265 149 26 samlingsrum
252 1272 26 14 m.
294 1272 33 15 m.,
349 1272 45 14 som
416 1265 32 21 för
472 1265 34 20 det
521 1265 130 21 närvarande
667 1265 39 20 och
722 1264 67 21 under
804 1265 104 20 närmaste

88 1293 108 21 årtionden
213 1301 62 14 anses
291 1293 105 28 behöfligt,
411 1295 38 20 har
464 1295 29 20 ett
508 1293 162 28 approximativt
685 1293 179 27 kostnadsförslag
877 1292 32 21 för

88 1328 25 15 en
137 1322 65 21 sådan
223 1323 97 27 byggnad
344 1323 21 20 af
387 1323 90 20 arkitekt
495 1323 114 27 uppgjorts,
631 1322 116 27 hvarjämte
762 1321 93 21 komitön
871 1321 38 21 hos

87 1350 134 29 Helsingfors
237 1351 190 28 stadsfullmäktige
442 1351 88 21 anhällit
545 1358 34 14 om
595 1352 30 19 att
639 1351 33 20 för
687 1350 127 28 byggnaden
830 1349 79 22 erhälla

88 1379 87 26 lämplig
197 1383 57 17 tomt.
286 1380 73 20 Under
380 1381 150 25 förutsättning
552 1382 30 17 att
605 1379 69 20 denna
694 1379 82 19 lämnas
796 1379 26 19 de
837 1381 72 17 veten-

88 1407 94 27 skapliga
197 1408 126 20 samfunden
339 1407 151 26 kostnadsfritt,
509 1408 38 19 har
562 1407 133 26 byggnaden,
718 1406 91 27 uppförd
824 1407 38 19 och
877 1406 32 20 in-

88 1435 51 20 redd
162 1436 48 20 med
233 1436 134 27 iakttagande
387 1435 21 21 af
422 1435 65 28 nödig
502 1435 135 27 sparsamhet,
654 1434 111 21 beräknats
780 1434 85 20 komma
880 1436 29 19 att

88 1463 60 22 kosta
170 1465 97 27 omkring
288 1465 90 26 275,000
399 1464 66 21 mark.
494 1463 81 22 Härvid
598 1463 38 20 har
654 1463 95 20 komitén
764 1463 54 20 dock
832 1463 33 20 för
880 1464 29 19 att

88 1493 46 21 icke
156 1493 94 21 försvåra
272 1493 52 22 eller
345 1493 105 21 måhända
473 1493 137 27 omöjliggöra
633 1491 151 22 realiserandet
798 1492 22 21 af
834 1491 75 28 ifråga-

88 1522 92 21 varande
195 1523 63 21 tanke
273 1523 46 20 icke
335 1525 69 18 ansett
419 1522 31 27 sig
465 1522 73 20 kunna
553 1523 48 26 taga
616 1521 82 26 hänsyn
713 1520 32 22 till
757 1520 26 21 de
793 1520 116 27 yrkanden,
