1078 1756
317 129 176 21 Borgareståndet
506 129 51 17 1891.
581 130 12 15 5
605 129 49 16 febr.
839 121 25 20 75

127 208 91 27 Förslag
234 209 35 20 till
283 209 129 26 förordning
427 208 109 28 angående
550 207 172 28 rådstufvurätts
736 213 113 14 samman-

347 237 97 26 sättning
459 237 10 20 i
483 237 84 20 mindre
582 236 52 21 mål.

150 287 48 21 Med
214 288 88 27 ändring
317 287 21 20 af
353 287 38 20 och
406 287 71 27 tillägg
492 287 31 20 till
537 287 10 20 1
563 287 46 26 kap.
625 287 14 20 4
653 286 18 26 $,
686 286 12 20 6
714 286 46 27 kap.
771 286 12 19 2
795 285 12 26 $
818 286 38 19 och
867 286 26 19 23

80 315 46 28 kap.
143 316 11 20 1
163 316 20 37 $
198 315 196 28 rättegångsbalken
415 315 75 21 varder
511 315 116 20 härmedels
646 314 96 27 stadgadt
763 320 45 14 som
822 313 70 27 följer:

465 378 46 27 18.

149 429 10 20 I
180 429 51 26 stad,
254 429 37 20 där
312 429 177 20 rådstufvurätten
509 429 38 20 bör
561 428 62 21 hafva
637 428 50 21 flere
703 427 136 28 afdelningar,
860 427 34 21 må

82 457 88 21 särskild
186 457 112 27 afdelning,
313 457 113 21 bestående
441 457 74 20 endast
529 457 21 20 af
562 463 25 14 en
598 457 86 20 rådman
696 457 38 20 och
745 463 27 14 en
782 456 112 27 protokoll-

80 485 93 28 förande,
188 485 101 21 hvardera
304 486 100 27 lagfarne,
418 486 86 20 inrättas
519 485 32 20 för
565 485 81 20 mindre
661 485 47 20 mål.

465 548 46 27 28

149 598 279 27 Rådstufvurättsafdelning
442 599 33 20 för
489 599 81 20 mindre
585 599 42 20 mål
643 605 48 20 eger
705 600 91 25 upptaga
811 599 38 20 och
865 598 29 21 af-

81 629 50 26 göra
145 627 44 20 mål
203 627 117 26 angående:

149 655 19 27 a)
183 655 61 27 brott,
259 655 32 21 för
306 655 71 21 hvilka
391 655 59 21 straff
462 655 67 21 finnes
544 655 96 28 stadgadt
654 655 7 20 i
676 655 84 20 41—44
772 655 45 27 kap.
828 655 66 20 straff-

81 684 66 28 lagen,
170 684 48 20 med
237 684 108 27 undantag
360 684 20 20 af
395 684 53 27 dem,
471 691 43 14 som
531 686 86 19 nämnas
632 684 7 20 i
655 684 11 20 1
682 684 39 20 och
736 684 12 20 2
765 684 26 26 $$
805 684 27 20 42
848 683 46 27 kap.

81 714 54 19 samt
149 713 12 19 2
178 719 61 14 mom.
255 713 21 20 af
291 713 11 19 6
318 713 12 27 $
345 714 27 19 43
388 713 57 27 kap.;

148 741 21 25 b)
185 741 158 21 öfverträdande
359 741 21 21 af
393 729 106 33 föreskrift
513 741 126 21 beträffande
655 741 140 26 tillvärkning,
813 740 81 27 försälj-

81 770 57 27 ning,
160 770 78 33 upplag
259 770 51 20 eller
331 770 137 26 försändning
485 770 21 20 af
520 770 54 22 krut,
596 769 87 27 flyktiga
698 769 53 27 oljor
766 769 50 20 eller
829 769 65 21 andra

81 798 109 27 eldfarliga
205 800 76 18 ämnen
296 798 51 20 eller
362 798 20 20 af
397 798 38 27 gift
450 798 50 20 eller
515 793 72 32 giftiga
601 800 77 18 ämnen
693 798 38 20 och
747 804 66 19 varor;

149 827 18 26 c)
190 827 54 20 brott
267 828 43 19 mot
330 826 174 28 författningarna
526 826 108 27 angäende
650 826 114 20 utöfvande
780 826 21 20 af
809 810 85 47 Täkare-

81 855 138 27 värksamhet,
236 862 34 13 om
285 855 111 27 apotekare
412 855 38 21 och
465 862 35 14 om
515 854 168 28 drogerihandel;

150 883 19 27 d)
186 884 54 20 brott
253 885 45 19 mot
308 883 173 27 författningarna
491 883 108 27 angäende
610 882 140 28 tillvärkning,
765 882 128 28 försäljning,

81 912 78 27 upplag
181 912 38 20 och
240 912 137 27 försändning
398 912 21 20 af
439 912 89 20 bränvin
543 912 50 20 eller
609 911 64 21 andra
688 911 141 27 spritdrycker
843 911 51 21 eller

81 940 142 27 maltdrycker
228 948 4 19 ;

150 970 17 26 e)
184 969 147 21 öfverträdelse
347 969 21 20 af
381 968 218 28 hälsovärdsstadgan;

150 998 15 26 f)
181 998 159 20 öfverträdande
356 997 20 21 af
391 998 104 20 föreskrift
506 997 127 21 beträffande
644 996 49 27 jakt,
708 996 52 21 fiske
771 996 51 21 eller
831 996 63 21 kräft-

81 1026 81 21 fångst;

119 1033 13 21 ?
150 1056 19 26 g)
185 1055 108 27 obehörigt
308 1054 113 21 utöfvande
437 1054 20 20 af
472 1054 74 27 näring
561 1054 51 20 eller
627 1060 69 14 annan
712 1053 147 21 öfverträdelse
874 1053 21 21 af

82 1083 268 27 näringsförfattningarna;
366 1084 54 19 samt

150 1112 21 26 h)
193 1112 135 31 förbrytelser
349 1116 44 16 mot
413 1111 135 27 legostadgan
563 1112 53 20 samt
631 1111 49 20 tvist
694 1110 78 21 mellan
786 1110 109 21 husbonde

83 1140 40 21 och
137 1140 127 28 tjänstehjon
279 1140 7 20 i
301 1139 115 27 anledning
430 1140 21 20 af
466 1139 190 35 legoförhållandet.

152 1169 29 19 Är
200 1168 60 28 brott,
282 1174 47 15 som
344 1174 30 14 nu
388 1151 74 49 nämts,
485 1168 22 20 af
521 1168 82 21 svårare
619 1167 143 21 beskaffenhet
776 1169 26 19 än
817 1169 30 19 att
862 1167 34 20 det

83 1197 41 20 kan
140 1197 49 21 med
203 1186 59 32 böter
276 1197 101 26 försonas,
392 1185 70 32 varde
471 1196 63 21 målet
548 1196 101 21 förvisadt
663 1196 31 20 till
710 1196 64 20 sådan
790 1195 107 27 afdelning

84 1226 20 20 af
118 1226 184 26 rådstufvurätten,
316 1213 61 33 hvari
390 1225 50 20 flere
456 1225 84 21 domare
555 1225 53 21 sitta.

468 1288 11 20 3
496 1288 17 26 &.

150 1339 77 21 Finnes
248 1339 88 21 särskild
359 1339 107 27 afdelning
480 1339 7 20 i
502 1339 176 20 rädstufvurätten
692 1338 91 21 inrättad
798 1338 32 21 för
844 1338 53 20 min-

85 1369 36 20 dre
136 1368 48 23 mäl,
207 1368 111 21 ankomme
339 1367 38 21 ock
392 1367 26 27 pä
433 1367 41 21 den
489 1369 30 19 att
533 1369 91 25 upptaga
639 1367 38 20 och
692 1367 72 26 afgöra
778 1367 42 20 mäl
835 1366 63 27 angä-

85 1397 54 20 ende
161 1396 79 19 sädana
259 1395 195 27 lagöfverträdelser
469 1396 38 19 och
522 1395 115 25 förseelser,
653 1401 34 14 om
701 1395 71 19 hvilka
786 1395 112 26 poliskam-

85 1430 58 14 mare
159 1423 52 21 eller
224 1423 108 27 magistrat
347 1423 51 26 eljes
413 1429 48 20 eger
477 1423 66 20 döma.

151 1469 133 28 Helsingfors
299 1469 41 20 den
356 1469 12 20 3
383 1468 92 21 februari
489 1468 59 21 1891.

606 1512 79 22 Julian
701 1513 130 21 Serlachius.
