1078 1753
344 136 178 21 Borgareständet
536 138 52 17 1891.
612 138 11 17 7
635 139 50 17 febr.
860 135 40 20 123

175 214 137 20 Tämmöinen
334 215 42 20 lain
398 216 68 26 pakko
487 223 25 14 on
529 217 117 21 mielästäni
661 218 118 21 loukkaava
793 219 21 25 ja
829 219 96 21 mainittu

106 243 90 19 säännös
223 242 51 26 yhtä
299 243 183 21 vanhanaikainen
504 245 51 20 kuin
577 246 98 20 muutkin
694 246 125 22 säännökset
834 254 92 14 samassa

106 269 161 27 kauppakaaren
282 271 134 27 neljännessä
431 272 92 28 luvussa,
537 273 64 27 jonka
616 274 71 20 kaikki
699 276 61 19 muut
770 275 85 26 pykälät
865 276 61 26 paitsi

107 298 68 26 neljäs
189 298 21 26 jo
226 305 69 14 ennen
311 301 49 19 ovat
374 300 102 20 kumotut.

173 326 116 22 Rohkenen
312 328 116 21 sentähden
449 331 83 25 pyytää,
552 331 42 20 että
619 330 78 27 säädyt,
713 331 135 26 käyttämällä
863 332 62 20 heille

109 354 107 21 kuuluvaa
239 355 174 28 esitys-oikeutta,
441 357 123 26 puolestaan
595 359 158 26 hyväksyisivät
782 359 41 21 alla
851 359 75 22 olevan

110 383 209 22 asetus-ehdotuksen
328 391 3 14 :

310 441 99 21 Ehdotus
431 443 131 20 asetukseksi
582 443 169 28 kauppakaaren
774 445 67 20 4:nen
857 445 69 21 luvun

242 470 67 20 d4:nen
321 470 99 27 pykälän
435 471 174 22 kumoamisesta.

169 519 78 20 Tämän
262 519 73 21 kautta
350 521 120 21 säädettään
486 523 42 19 että
543 522 161 27 kauppakaaren
719 524 64 20 4:nen
794 524 67 20 luvun
872 524 52 27 4:jäs

105 547 76 27 pykälä
196 555 28 13 on
238 548 103 20 kumottu.

173 606 132 27 Helsingissä
321 606 11 20 6
348 613 19 20 p.
383 606 129 22 helmikuuta
529 608 59 20 1891.

662 659 27 21 K.
707 659 20 21 J.
745 660 109 26 Högman.

174 714 33 20 Hr
228 714 114 27 Högman
363 714 82 28 motsäg
461 717 29 18 att
505 715 190 28 motionsförslaget
711 715 69 22 blefve
795 715 131 21 remitteradt

105 741 32 21 till
152 742 204 22 ekonomiutskottet.

173 798 32 21 Hr
220 798 127 22 Sumelius
362 799 94 26 yttrade:
472 799 32 21 Dä
515 800 41 21 den
567 801 101 26 paragraf,
679 807 33 14 om
723 801 62 20 hvars
796 801 128 20 afskaffande

104 827 25 20 hr
141 827 99 26 Högman
250 827 132 27 motionerar,
394 834 88 14 numera
496 829 59 20 torde
571 835 50 14 vara
636 829 123 27 öfverflödig
770 829 8 20 i
788 829 136 21 betraktande

105 855 21 20 af
141 855 26 20 de
182 855 172 28 lagstadganden,
368 863 46 13 som
429 857 119 20 sedermera
563 857 62 20 hafva
646 857 120 21 tillkommit
780 857 27 28 pä
822 857 66 28 grund
905 858 21 20 af

105 883 257 29 bränvinsförordningen,
377 884 68 22 skulle
460 885 35 27 jag
509 885 33 21 för
557 885 43 21 min
616 886 34 21 del
665 886 62 21 äfven
742 886 81 21 biträda
833 887 26 20 hr
866 886 59 27 Hög-

104 918 60 15 mans
179 913 169 28 motionsförslag
364 913 38 21 och
417 913 84 21 förorda
517 915 47 20 dess
584 915 73 20 remiss
673 915 31 20 till
719 915 205 21 ekonomiutskottet.

173 969 192 28 Motionsförslaget
379 971 144 21 remitterades
538 971 50 20 härä
603 972 21 20 af
634 971 82 22 ständet
728 972 31 21 till
772 972 152 21 förberedande

106 997 158 28 handläggning
278 999 22 20 af
315 999 204 21 ekonomiutskottet.

173 1128 33 21 Hr
228 1129 128 27 Clouberg
376 1129 54 21 hade
448 1129 83 28 ingifvit
547 1129 38 21 och
601 1129 94 27 uppläste
710 1129 92 27 följande
818 1129 107 27 petitions-

107 1157 118 20 memorial:

338 1231 39 20 Till
393 1230 105 29 vällofliga
514 1231 181 28 borgareständet!

175 1285 128 30 Öfvertygad
319 1295 35 14 om
369 1290 29 19 att
411 1288 105 27 vällofliga
527 1288 170 27 borgareständet
708 1289 48 20 med
766 1288 61 27 lifligt
837 1288 88 21 intresse

107 1316 96 21 omfattar
225 1317 29 20 alt
276 1323 45 14 som
336 1317 42 20 kan
393 1323 50 14 vara
459 1317 78 27 egnadt
552 1319 29 19 att
596 1317 48 26 höja
659 1317 245 26 arbetarebefolkningen
919 1316 5 19 i

106 1345 103 24 städerna,
236 1345 64 26 vågar
323 1345 35 26 jag
384 1345 82 27 påkalla
493 1345 92 21 ständets
609 1345 124 21 samvärkan
757 1345 7 20 i
784 1344 142 21 nedannämdt

106 1373 59 25 syfte.
196 1373 41 20 För
252 1375 28 18 att
293 1371 77 22 bereda
386 1374 68 19 denna
469 1373 218 26 arbetarebefolkning
708 1373 95 20 fördelen
819 1373 21 20 af
854 1373 72 25 rymli-

106 1406 55 20 gare,
182 1400 90 20 sundare
294 1401 38 19 och
355 1406 105 20 snyggare
483 1401 101 25 bostäder,
600 1402 25 18 än
642 1401 25 19 de
683 1400 84 20 hvartill
782 1400 122 20 densamma
919 1399 7 20 i

107 1427 119 25 allmänhet,
242 1428 47 20 med
306 1428 98 20 afseende
421 1428 11 19 å
447 1428 46 20 sina
508 1428 63 20 oftast
587 1428 81 26 knappa
683 1428 121 25 inkomster,
819 1429 22 18 är
853 1427 73 20 hänvi-

107 1455 42 28 sad,
164 1456 63 20 hafva
242 1456 64 21 redan
322 1456 136 21 härförinnan
472 1456 8 20 i
490 1456 65 28 nägra
570 1456 21 20 af
606 1456 49 20 vära
670 1458 65 19 större
746 1456 69 20 städer
825 1455 102 21 särskilda

107 1484 193 22 arbetarebostäder
323 1485 93 27 uppförts
432 1485 20 21 af
467 1484 63 28 bolag
551 1484 51 22 eller
625 1484 95 21 enskilda
735 1490 105 21 personer,
855 1484 71 21 hvilka

107 1513 125 21 ätminstone
248 1513 6 20 i
270 1520 26 14 en
312 1513 32 21 del
361 1513 37 21 fall
413 1513 83 21 mindre
512 1514 60 20 afsett
588 1519 52 21 egen
652 1513 54 20 vinst
717 1515 26 19 än
754 1513 120 20 arbetarens
885 1512 41 21 för-
