1073 1759
354 133 176 22 Borgareständet
542 134 54 17 1891.
620 134 9 16 1
641 134 58 20 april.
868 128 41 20 533

116 214 21 20 af
151 214 46 27 jord
213 216 23 18 är
249 214 74 20 lättare
345 216 27 18 än
386 214 7 20 i
408 213 51 21 vårt.
489 213 35 21 Må
545 220 49 14 man
613 213 93 27 lagstifta
721 213 55 20 huru
791 213 84 26 mycket
890 220 46 14 som

116 243 54 20 hälst
185 249 34 13 om
234 242 160 26 jordstyckning
409 242 39 20 och
463 241 184 27 egoparcellering,
663 241 85 20 därmed
763 241 54 20 skall
831 248 49 13 man
893 241 44 21 helt

116 270 70 21 säkert
200 270 67 27 aldrig
282 270 49 20 bota
346 270 35 20 det
396 270 61 20 onda.
484 269 49 21 Man
549 270 38 20 bör
602 269 70 21 därför
685 269 47 20 icke
747 269 67 20 häller
827 269 42 20 låta
880 269 57 20 detta

114 298 62 26 ideal,
192 304 45 14 som
252 304 50 14 man
316 298 68 20 kallar
399 297 186 27 odlingsintresset,
599 297 22 20 få
633 299 29 19 ett
673 297 61 21 altför
744 297 65 20 starkt
819 296 117 27 inflytande

115 326 27 28 på
156 326 51 21 våra
226 325 245 28 lagstiftningsåtgärder,
492 327 52 19 utan
559 325 35 21 må
608 332 49 14 man
672 325 63 21 också
751 325 76 21 beakta
842 325 94 27 skogsin-

114 356 81 26 tresset,
217 355 80 20 hvilket
317 354 44 21 helt
382 354 52 20 visst
451 354 33 20 för
499 354 49 20 våra
563 354 145 20 förhållanden
723 355 24 19 är
760 353 43 21 lika
818 355 57 25 stort,
890 353 46 21 icke

115 384 53 20 blott
183 390 26 14 ur
225 383 40 21 den
287 383 80 21 direkta
388 382 137 21 ekonomiska
546 382 107 21 fördelens
675 382 113 27 synpunkt,
807 383 51 19 utan
874 382 63 20 äfven

115 412 7 20 i
138 412 99 20 afseende
252 411 13 21 å
279 411 48 21 dess
348 409 169 29 klimatologiska
539 410 115 28 betydelse,
670 410 39 21 och
730 410 69 21 såsom
814 410 68 21 vilkor
897 410 40 21 och

116 440 68 27 skydd
199 440 33 21 för
247 440 110 27 odlingens
373 439 121 27 utveckling
509 440 7 19 i
530 439 77 21 landet.
633 438 42 22 Det
689 441 22 18 är
726 439 34 20 väl
775 439 46 20 icke
831 438 24 21 så
866 438 71 28 farligt

116 475 34 14 om
166 468 100 28 odlingen
281 468 150 21 koncentrerar
445 468 32 26 sig
493 468 63 26 något
570 474 59 14 mera
643 467 27 27 på
685 467 26 21 de
725 467 85 27 trakter,
825 473 45 15 som
882 467 55 21 före-

115 497 102 21 trädesvis
233 499 34 18 äro
284 496 80 28 egnade
379 496 33 20 för
427 496 127 20 densamma.
579 496 42 27 Jag
636 498 43 18 tror
693 496 32 21 för
739 496 44 20 min
799 496 34 20 del
848 496 47 20 icke
907 497 30 19 att

114 525 84 21 landets
213 525 107 21 förkofran
335 525 66 20 bättre
416 524 113 27 befrämjas
544 524 86 21 därmed
646 526 29 19 att
689 531 50 13 man
757 524 61 20 söker
833 526 30 18 att
877 524 60 20 kasta

115 554 22 20 in
153 560 27 14 en
194 560 70 14 massa
278 554 119 26 bebyggare
413 553 8 19 i
436 553 132 26 ödemarken,
584 552 37 20 där
637 553 25 20 de
677 552 59 21 skola
751 559 50 14 vara
815 552 74 20 lättare
904 552 33 20 ut-

115 584 54 19 satta
191 582 33 20 för
238 582 107 26 missväxt,
361 581 40 20 nöd
418 581 39 20 och
472 580 100 22 lidanden
587 587 77 21 genom
679 582 30 19 att
723 580 84 21 komma
822 580 22 20 in
859 580 7 20 i
881 580 56 20 trak-

115 612 37 25 ter,
174 610 37 20 där
231 610 40 20 den
287 609 86 22 enstaka
388 609 100 27 odlingen
503 609 46 21 icke
564 609 40 21 kan
621 609 123 21 öfvervinna
759 609 26 20 de
799 609 62 26 faror,
875 609 62 20 hvar-

115 638 49 21 med
184 638 80 21 frosten
284 639 66 20 hotar.
379 637 42 21 Det
435 639 24 19 är
473 637 53 21 efter
540 638 44 20 min
599 638 146 26 föreställning
760 637 48 20 vida
823 637 66 21 bättre
904 636 34 21 för

116 666 187 28 odlingsintresset,
324 673 33 15 om
380 672 50 14 man
444 666 150 20 koncentrerar
609 666 32 27 sig
655 666 7 20 i
677 666 86 27 bygder,
779 666 37 20 där
829 672 50 14 man
893 666 45 26 just

116 701 76 21 genom
215 696 111 27 odlingens
349 694 159 21 koncentration
530 694 82 21 kunnat
630 695 123 20 öfvervinna
769 694 34 20 det
817 694 66 20 härda
897 693 41 21 kli-

115 725 75 19 matets
205 724 122 27 inflytande,
343 723 39 21 och
397 723 37 20 där
448 729 50 14 man
513 729 76 21 genom
604 730 27 14 en
647 723 63 27 högre
721 722 82 21 drifven
813 722 73 21 kultur
895 722 42 20 för-

115 754 64 19 sätter
193 752 76 27 jorden
283 753 7 20 i
306 753 35 20 det
356 752 64 26 skick,
436 753 29 19 att
481 751 40 21 den
536 751 67 21 bättre
618 754 116 18 motsvarar
749 750 188 22 väderleksförhäl-

114 780 103 21 landenas
232 781 95 27 skadliga
341 780 122 26 inflytande.
492 779 41 21 Det
548 781 24 19 är
586 780 21 21 af
623 780 60 21 dessa
695 780 45 20 skäl
751 792 26 2 —
787 780 8 19 i
805 779 75 27 själfva
891 781 45 18 vär-

115 809 35 21 ket
165 810 23 26 ju
203 809 53 21 blott
271 816 26 14 en
313 808 132 28 upprepning
460 808 21 20 af
496 808 54 20 hvad
561 808 38 21 här
609 809 88 27 tidigare
708 808 91 27 uttalats,
809 814 49 14 men
871 807 65 27 enligt

115 838 45 20 min
182 838 62 20 tanke
265 838 62 20 altför
349 838 84 27 viktiga,
447 838 33 20 för
495 840 29 18 att
539 838 26 20 de
580 838 46 20 icke
642 837 64 21 borde
721 839 60 25 sägas
797 843 34 13 om
847 836 39 20 och
901 842 35 14 om

110 866 53 26 igen
178 877 29 3 —
222 872 45 14 som
282 866 35 27 jag
333 866 36 21 ber
383 868 30 19 att
427 866 22 20 få
464 866 82 20 ansluta
561 866 43 26 mig
619 866 32 20 till
666 867 169 19 reservanternas
853 864 84 27 förslag,

116 894 69 20 säsom
206 894 143 21 innebärande
372 894 35 21 det
429 894 54 21 enda
505 894 108 20 uttalande
635 894 32 20 till
682 893 68 27 skydd
765 893 32 20 för
813 893 25 20 de
853 892 83 26 äsikter,

115 923 35 27 jag
166 924 69 19 ansett
249 930 50 20 vara
313 923 24 20 sä
351 922 167 27 botydelsefulla.
549 922 91 21 Likvisst
654 922 37 20 vill
705 922 36 27 jag
756 922 73 20 förena
843 921 43 26 mig
901 926 35 14 om

116 951 41 21 den
172 951 145 21 modifikation
332 952 21 20 af
367 952 115 26 ingressen,
497 958 45 14 som
558 951 25 20 hr
597 950 53 21 Lille
665 950 112 27 föreslagit.

183 1036 34 21 Hr
230 1036 125 28 Eneberg:
371 1036 11 21 I
397 1036 98 22 afseende
511 1037 12 20 å
539 1037 40 20 den
590 1036 21 20 af
621 1036 25 20 hr
656 1036 101 23 Forsman
768 1037 70 19 senast
848 1035 89 21 berörda

115 1065 74 27 frågan
205 1072 34 14 om
255 1065 60 21 dessa
329 1066 146 26 jordstyckens
490 1065 184 27 mantalssättning
689 1071 62 14 anser
764 1064 35 28 jag
813 1064 44 27 mig
873 1066 64 25 ytier-

115 1094 65 26 ligare
203 1094 51 20 böra
275 1094 111 20 framhälla
409 1096 35 24 att,
462 1094 26 20 dä
502 1100 49 14 man
566 1093 77 27 jämför
658 1093 210 21 ekonomiutskottets
883 1093 54 21 före-

114 1122 100 27 liggande
228 1122 78 27 förslag
320 1122 48 21 med
385 1122 40 21 den
440 1122 77 27 nädiga
531 1122 157 27 propositionen
703 1128 35 14 om
753 1121 86 27 delning
850 1121 21 20 af
880 1121 57 27 jord-

115 1150 127 27 lägenheter,
258 1157 45 14 som
318 1151 113 20 ständerna
445 1150 86 27 nyligen
547 1152 76 25 antogo
639 1151 7 19 i
661 1150 93 27 enlighet
774 1150 49 20 med
838 1149 43 27 lag-
897 1150 40 20 och

116 1178 210 22 ekonomiutskottets
341 1179 83 27 förslag,
440 1179 35 20 det
490 1181 23 18 är
527 1185 27 14 en
570 1178 97 27 ofantligt
682 1182 42 17 stor
734 1178 109 27 principiel
854 1178 83 20 skilnad

116 1207 90 21 emellan
229 1207 54 21 dem.
312 1207 243 27 Författningsförslaget
576 1213 35 14 om
632 1207 86 27 delning
733 1206 21 21 af
768 1206 170 28 jordlägenheter

116 1235 76 20 tillåter
215 1236 34 20 väl
271 1236 64 20 också
356 1238 30 18 att
408 1236 68 20 såsom
492 1235 162 27 själfbestäende
668 1235 99 27 lägenhet
781 1235 86 26 utbryta
881 1234 56 20 huru

115 1263 51 21 liten
183 1264 34 20 del
232 1270 45 14 som
291 1264 56 20 hälst
361 1264 39 20 och
415 1264 86 20 hvilken
515 1263 126 21 mantalsdel
659 1270 45 13 som
721 1263 59 21 hälst.
805 1262 42 21 Det
858 1264 23 19 är
891 1262 46 21 från

116 1292 70 20 denna
200 1292 66 20 likhet
281 1292 200 21 ekonomiutskottet
495 1292 73 27 utgått,
583 1298 49 14 men
648 1292 106 20 olikheten
769 1292 67 26 ligger
851 1291 44 20 däri
908 1292 30 19 att

116 1320 35 20 vid
174 1320 87 28 delning
283 1320 21 21 af
324 1320 145 28 jordlägenhet
488 1321 35 20 det
543 1322 23 19 är
586 1320 98 27 köparen,
705 1326 46 14 som
765 1320 41 20 kan
821 1320 116 20 bestämma

116 1348 84 21 arealen
223 1349 21 20 af
266 1348 35 22 det
317 1349 120 27 jordstycke
452 1349 42 20 han
509 1349 37 20 vill
561 1348 59 27 köpa.
650 1348 50 20 Han
715 1350 69 25 säger:
800 1348 44 20 min
859 1348 78 20 ekono-

116 1377 68 19 miska
205 1377 67 20 fördel
292 1377 82 20 fordrar
389 1379 29 18 ett
431 1377 121 26 jordstycke
567 1377 21 20 af
603 1376 94 21 bestämd
713 1376 83 26 storlek,
811 1376 32 20 för
858 1377 30 19 att
902 1376 35 26 jag

117 1404 53 20 skall
193 1404 74 20 kunna
288 1404 95 20 bedrifva
406 1406 29 18 ett
457 1404 139 27 själiständigt
618 1404 101 26 jordbruk
742 1404 39 20 och
803 1404 90 26 fullgöra
911 1403 26 20 de

116 1432 119 27 prestanda,
250 1438 46 14 som
311 1432 71 20 ställas
397 1432 27 27 pä
439 1434 29 18 ett
482 1432 7 20 i
504 1432 79 20 mantal
598 1434 41 18 satt
653 1432 125 26 jordstycke.
808 1431 78 20 Finner
895 1431 42 20 han

117 1460 35 21 det
168 1460 47 21 icke
231 1460 48 22 med
294 1461 33 20 sin
342 1460 67 21 fördel
423 1460 104 28 förenligt,
542 1460 66 21 sluter
623 1460 42 20 han
679 1460 46 20 icke
740 1460 69 27 köpet,
824 1461 51 19 utan
887 1460 51 19 vän-

117 1489 38 21 der
178 1489 31 27 sig
228 1489 32 21 till
275 1491 65 19 annat
354 1489 48 21 håll.
420 1510 1 8 ,
431 1488 51 22 Men
496 1489 37 20 här
548 1490 23 19 är
585 1488 140 21 förhållandet
733 1488 50 24 helt
798 1490 69 18 annat.
896 1487 43 21 Det

117 1520 23 18 är
154 1518 46 20 icke
215 1518 98 27 köparen,
329 1524 45 14 som
389 1518 128 20 bestämmer
530 1517 81 21 hvilket
625 1517 120 27 jordstycke
760 1517 42 21 han
817 1516 37 21 vill
869 1516 69 27 hafva,
