1075 1764
175 126 41 20 418
377 130 177 22 Borgareståndet
567 132 54 17 1891.
646 131 22 16 16
681 135 61 12 mars.

150 211 86 21 hvarför
246 213 13 18 t.
273 217 33 15 ex.
321 211 47 21 icke
384 217 25 15 en
425 211 78 27 parcell
518 211 51 21 skall
578 211 22 21 få
609 210 68 21 bildas
688 211 20 20 af
715 210 36 21 två
759 211 51 20 eller
817 211 46 20 tre
858 206 10 37 i
871 211 101 21 närheten

148 240 22 21 af
184 239 118 22 hvarandra
317 239 89 28 belägna
420 239 87 27 holmar,
523 241 51 20 utan
589 241 29 20 att
633 239 68 27 någon
717 239 72 21 vidare
804 239 98 28 pröfning
912 239 61 21 däraf

148 268 53 21 skall
224 275 50 14 vara
295 268 104 28 påkallad.
429 267 40 28 Jag
491 268 94 21 ansluter
604 268 44 27 mig
663 267 70 22 därför
747 268 32 21 till
795 267 41 22 den
851 267 59 27 åsikt,
925 274 46 15 som

148 297 134 21 minoriteten
304 297 8 20 i
334 297 102 21 utskottet
458 297 100 26 omfattat,
576 297 40 20 och
632 296 36 21 ber
683 298 30 19 att
727 296 21 21 få
763 295 81 28 föreslå,
860 298 30 19 att
904 296 68 27 tredje

148 327 116 20 momentet
278 325 68 21 skulle
362 325 162 21 återremitteras
539 325 31 22 till
585 325 106 26 utskottet,
706 325 33 20 för
754 327 30 18 att
794 325 178 20 omformuleras
962 321 14 35 i

150 354 150 28 hufvudsaklig
316 354 217 21 öfverensstämmelse
548 353 48 22 med
612 353 66 21 andra
692 353 133 22 momentet
816 349 13 37 i
837 353 66 21 andra
913 360 60 21 para-

150 383 79 28 grafen,
250 383 89 20 sålunda
361 384 30 19 att
411 389 26 14 en
453 383 77 27 parcell
546 382 67 21 skulle
628 381 22 22 få
665 381 60 22 bestå
739 382 21 21 af
775 382 32 21 till
823 382 38 21 och
876 382 49 21 med
940 384 32 19 tre

151 412 133 27 egostycken.

218 480 33 20 Hr
272 479 135 27 Eneberg:
431 479 42 21 Det
494 479 58 21 torde
574 485 50 14 vara
638 478 87 21 allmänt
740 478 65 21 kändt
821 480 29 19 att
865 478 25 21 de
906 485 67 20 nyare

150 508 133 27 principerna
298 508 32 21 för
344 507 135 28 jorddelning
494 508 76 20 sträfva
586 507 84 27 därhän,
686 509 29 19 att
730 507 23 20 så
767 507 86 26 mycket
864 513 44 14 som
920 507 53 26 möj-

150 537 39 28 ligt
206 537 75 27 bringa
296 537 26 20 de
337 536 68 21 skilda
419 536 197 27 jordlägenheterna
631 536 30 21 till
678 537 28 19 ett
721 535 126 28 jordstycke.
877 535 46 21 Hos
939 541 34 15 oss

152 566 102 21 existerar
268 567 57 18 ännu
340 565 22 20 af
377 565 100 26 gammalt
492 565 35 20 det
541 564 140 21 förhållandet
696 566 29 19 att
740 564 127 21 hemmanen
882 564 60 21 bestå
951 563 22 21 af

152 593 50 22 flere
224 593 141 28 jordstycken,
381 594 40 20 och
435 593 27 21 då
477 600 76 20 genom
568 593 113 26 styckning
696 592 63 21 också
774 592 67 21 bildas
856 599 43 20 nya
913 593 60 20 hem-

151 629 55 20 man,
229 623 37 20 har
287 628 49 14 man
359 621 46 22 icke
421 623 68 19 ansett
504 622 31 27 sig
550 621 72 21 kunna
638 621 87 21 alldeles
740 620 74 28 frångå
829 621 57 21 detta
900 621 74 26 mång-

152 651 158 26 skiftessystem,
333 651 89 20 emedan
444 650 140 27 styckningen
605 650 8 20 i
636 650 40 20 alla
697 649 113 21 händelser
824 649 7 21 i
847 649 98 21 afseende
961 649 13 20 å

150 679 249 28 jordsammandragning
421 681 22 18 är
465 681 30 18 ett
517 681 51 18 stort
582 678 100 27 framsteg
696 678 87 21 framför
797 678 104 27 klyfning.
931 677 42 21 Vid

150 708 98 27 klyfning
269 708 43 20 kan
334 707 36 22 det
392 707 68 21 finnas
478 708 53 20 ända
547 707 31 21 till
594 707 12 20 6
622 707 107 27 egolotter,
744 713 50 14 men
809 707 35 20 vid
859 707 115 27 styckning

151 739 35 19 äro
208 737 25 20 de
254 736 122 21 inskränkta
399 736 32 21 till
454 737 17 20 3.
502 736 40 21 Om
563 742 49 15 man
635 736 54 20 hade
710 735 111 22 inskränkt
839 735 61 21 dessa
915 737 58 19 ännu

150 772 63 20 mera,
236 765 22 20 så
280 765 54 21 hade
356 765 36 20 det
414 765 93 26 uppstått
521 764 128 28 svårigheter
664 764 35 20 vid
714 764 58 21 detta
787 765 44 26 slag
846 764 21 21 af
881 763 92 28 jorddel-

149 795 57 26 ning,
228 800 45 14 som
292 794 42 26 just
350 793 89 21 sträfvar
453 795 30 18 att
497 793 113 21 arrondera
626 793 25 20 de
667 793 145 27 själfständiga
826 793 146 26 jordlägenhe-

150 824 59 19 terna
224 822 39 21 och
278 822 80 21 hvilket
373 821 48 21 med
437 823 65 19 större
517 821 106 28 svårighet
637 821 49 20 sker
696 827 77 21 genom
785 821 71 26 vanlig
868 821 104 26 klyfning.

149 851 50 20 Men
214 851 36 20 det
263 850 68 27 ligger
344 851 8 20 i
367 850 117 27 parcellens
499 851 67 26 natur,
577 851 29 20 att
619 849 41 21 den
671 849 53 21 skall
736 856 50 14 vara
798 851 29 19 ett
843 849 127 28 jordstycke.

150 879 49 21 Just
214 879 122 27 därigenom
351 880 30 19 att
396 879 41 20 den
452 880 23 19 är
489 880 29 19 ett
534 879 78 26 stycke,
627 878 42 21 kan
684 878 42 21 den
741 878 21 21 få
778 878 41 21 den
830 878 99 27 ställning
941 879 30 19 att

150 908 41 20 den
207 907 95 21 ansluter
316 907 32 28 sig
363 913 58 14 mera
435 907 69 20 såsom
515 909 29 19 ett
554 907 107 28 appendix
669 907 31 20 till
710 907 41 20 den
763 907 144 27 själfständiga
916 906 57 27 jord-

149 936 131 27 lägenheten.
310 936 11 21 I
336 935 99 22 afseende
451 935 12 21 å
477 936 129 26 parcellerna
620 935 40 21 har
673 941 50 14 man
745 935 38 21 fullt
793 935 82 21 kunnat
886 941 87 21 genom-

150 965 46 20 föra
218 964 41 21 den
280 966 75 25 nyaste
370 964 56 27 idén,
441 966 30 19 att
485 964 172 28 jordlägenheten
673 964 54 20 skall
742 964 59 21 bestå
816 964 21 21 af
851 970 27 15 en
893 964 44 27 lott,
953 964 19 20 d.

151 1000 18 13 v.
185 999 15 15 s.
216 993 41 21 den
272 993 70 27 tanke,
356 999 45 15 som
417 999 50 14 man
482 993 7 20 i
505 993 97 21 afseende
618 993 12 20 ä
646 993 25 20 de
687 993 144 27 själfständiga
845 993 128 20 hemmanen

152 1021 88 21 sträfvar
262 1023 30 19 att
313 1021 132 27 förvärkliga,
467 1027 50 15 men
538 1028 45 14 som
599 1021 38 20 där
651 1021 99 26 erbjuder
765 1021 133 28 svårigheter.
928 1021 45 21 Och

152 1056 61 15 anser
234 1050 36 27 jag
292 1050 69 20 därför
383 1051 30 19 att
435 1049 36 22 det
493 1057 49 14 vore
557 1050 159 27 principvidrigt
731 1052 29 19 att
775 1049 198 28 öfverhufvudtaget

151 1078 42 21 låta
208 1085 26 14 en
250 1079 78 27 parcell
343 1077 60 22 bestå
417 1078 22 20 af
451 1078 50 21 flere
511 1078 141 27 jordstycken.
682 1079 39 20 Att
746 1080 21 19 det
779 1078 54 21 dock
844 1078 129 28 undantags-

152 1107 31 20 vis
206 1107 34 20 mä
261 1107 21 20 fä
303 1107 43 26 ske,
361 1107 38 20 har
413 1113 50 14 man
478 1107 47 20 icke
540 1107 55 20 velat
610 1107 113 20 förhindra.
753 1106 42 21 Det
809 1107 42 20 kan
865 1107 24 27 ju
903 1107 71 20 hända

152 1137 29 19 att
202 1141 27 15 en
249 1135 69 21 fabrik
338 1135 101 20 behöfver
456 1135 35 21 två
505 1135 141 27 jordstycken,
661 1135 72 21 hvilka
749 1135 62 21 också
826 1135 73 21 kunna
914 1135 60 21 bestå

152 1163 21 21 af
195 1163 35 21 tvä
252 1164 86 23 holmar,
361 1163 40 21 och
415 1163 119 21 förhindrar
548 1164 70 20 denna
632 1163 124 28 författning
770 1164 46 20 icke
833 1163 62 28 detta,
910 1163 64 21 ocksä

152 1192 89 21 emedan
266 1194 71 18 vatten
358 1191 47 21 icke
430 1198 61 14 anses
515 1191 83 28 åtskilja
616 1191 35 22 två
665 1192 141 27 jordstycken,
822 1193 50 19 utan
888 1198 85 15 snarare

152 1220 72 21 förena
240 1220 53 20 dem.
323 1220 41 27 Jag
379 1219 67 22 håller
460 1220 71 20 därför
545 1220 26 27 på
586 1220 111 22 utskottets
708 1221 119 26 stilisering.
847 1220 61 21 Hvad
918 1220 56 27 pröf-

152 1248 79 27 ningen
246 1248 102 27 beträffar,
365 1248 22 20 så
402 1250 23 19 är
440 1248 41 21 den
496 1249 85 26 mycket
592 1248 61 21 enkel
665 1249 39 20 och
716 1249 97 26 naturlig.
843 1249 130 27 Pröfningen

152 1277 54 26 sker,
221 1277 69 20 såsom
305 1276 64 21 också
383 1277 101 20 utskottet
499 1279 65 25 säger,
580 1277 7 20 i
603 1277 41 21 den
660 1277 89 27 ordning
762 1283 45 14 som
818 1277 155 22 skiftesförrätt-

152 1305 80 26 ningen
254 1305 128 26 värkställes,
404 1305 21 20 af
447 1305 25 20 de
487 1311 105 20 personer,
608 1311 46 14 som
669 1305 101 20 värkstält
785 1305 126 20 densamma.
941 1305 33 20 De

152 1332 74 27 pröfva
240 1332 64 20 också
317 1332 74 21 härvid
405 1332 105 20 huruvida
525 1332 77 21 sådana
618 1333 179 26 omständigheter
804 1334 35 19 äro
849 1333 33 20 för
889 1333 85 20 handen

153 1362 30 19 att
205 1366 26 15 en
253 1360 78 27 parcell
348 1360 35 21 må
398 1360 72 21 kunna
484 1360 60 21 bestå
558 1360 21 21 af
593 1361 51 20 flere
659 1361 93 26 stycken.
782 1360 41 22 Det
837 1361 69 21 finnes
921 1361 54 21 såle-

153 1389 37 21 des
205 1389 46 20 icke
266 1388 64 27 något
346 1389 45 21 skäl
406 1390 29 19 att
451 1389 65 20 ändra
531 1389 56 21 detta
602 1389 120 28 stadgande.

220 1463 32 21 Hr
272 1463 175 22 Serlachius:
467 1463 42 27 Jag
532 1463 37 22 ber
592 1465 29 19 att
641 1463 21 21 få
681 1463 116 29 framhålla,
809 1464 114 21 huruledes
938 1465 35 20 det

152 1492 71 21 kunde
244 1492 62 21 hafva
328 1492 93 27 menliga
435 1491 108 28 påföljder,
559 1499 34 14 om
610 1492 35 21 det
660 1492 83 27 gjordes
758 1493 32 20 till
805 1493 58 27 regel
877 1495 30 19 att
922 1500 50 13 man

150 1521 66 20 tilläte
239 1527 25 14 en
279 1521 79 26 parcell
373 1522 29 19 att
417 1520 58 21 bestå
490 1521 21 20 af
525 1520 50 22 flere
590 1521 141 27 jordstycken.
761 1521 41 22 Det
817 1523 22 19 är
853 1521 72 28 kändt,
940 1523 30 19 att
