1078 1761
674 113 17 17 +

326 130 176 21 Borgareståndet
515 131 52 16 1891.
590 131 28 16 28
628 130 42 22 jan.
849 125 25 20 35

157 209 33 21 Hr
204 209 130 21 Neovius:
364 209 40 28 Jag
426 210 41 21 kan
488 210 47 21 icke
556 211 108 21 underlåta
686 212 29 19 att
736 211 8 20 i
763 210 68 21 denna
846 210 58 27 fråga

91 239 48 26 taga
160 237 92 22 ståndets
274 239 184 26 uppmärksamhet
480 241 56 18 ännu
551 245 26 14 en
592 239 63 20 stund
669 239 7 20 i
691 238 94 28 anspråk.
815 239 40 27 Jag
871 240 34 19 vet

89 266 46 21 icke
157 266 50 21 med
227 267 96 20 säkerhet
345 267 103 20 huruvida
471 267 41 20 den
533 267 63 27 fråga,
617 267 85 21 hvilken
716 268 35 26 jag
765 267 96 21 kommer
875 269 31 18 att

89 294 80 27 beröra,
193 295 65 19 redan
276 295 38 20 har
329 295 69 20 blifvit
412 295 74 21 berörd
501 296 7 19 i
524 296 25 20 de
564 295 68 21 finska
646 296 126 26 yttrandena
787 295 51 21 eller
851 295 53 26 icke,

89 322 34 27 jag
145 328 62 15 anser
228 323 43 27 mig
286 322 70 21 därför
371 324 50 20 böra
435 323 66 21 uttala
516 324 44 20 min
575 324 53 20 åsikt
638 324 107 26 angående
756 325 29 19 ett
793 330 36 20 par
837 324 68 26 punk-

89 352 32 20 ter
141 351 8 20 i
172 352 41 20 den
236 351 77 27 nådiga
332 352 160 27 propositionen.
522 352 153 27 Hufvudsyftet
689 352 48 21 med
749 352 155 27 propositionen

89 381 22 18 är
127 381 29 19 att
171 379 117 21 underlätta
304 380 156 27 egostyckning,
476 381 39 20 och
530 381 56 21 detta
600 380 54 27 syfte
668 381 37 20 har
721 381 20 20 af
757 381 25 21 de
797 381 108 27 föregåen-

91 407 25 21 de
138 408 79 20 talarne
239 408 95 21 beaktats
356 409 38 20 och
417 409 49 20 med
488 410 90 26 sympati
593 409 122 27 emottagits.
745 409 42 21 Det
800 409 105 21 förefaller

88 436 44 26 mig
154 436 144 28 besynnerligt
318 438 30 20 att
367 437 7 19 i
396 443 80 15 samma
497 438 134 26 proposition,
653 444 76 20 genom
752 437 85 21 hvilken
855 444 49 14 man

91 464 61 21 söker
174 464 50 21 ernå
246 472 27 13 en
296 465 65 21 sådan
381 466 85 26 lättnad,
482 466 66 20 tillika
564 473 27 14 en
606 466 99 27 återgång
720 466 32 20 till
766 466 88 27 tidigare
868 466 37 21 be-

90 493 133 27 stämningar,
239 500 44 14 som
299 494 87 26 nyligen
400 494 62 21 hafva
477 494 68 21 blifvit
559 494 136 28 undanröjda,
710 494 92 22 föreslås.
831 494 41 22 Det
882 497 24 18 är

88 522 47 20 icke
149 522 34 20 för
196 522 50 26 lång
260 522 30 21 tid
305 522 87 21 tillbaka
406 529 43 14 som
466 523 62 27 lagen
542 523 135 21 förändrades
689 524 78 20 därhän
778 525 29 19 att
823 523 39 21 den
871 524 32 20 för

89 550 122 28 afsöndring
226 550 51 21 eller
292 551 111 27 styckning
425 552 77 27 nödiga
524 552 149 27 egoaffattning
693 552 72 20 kunde
783 552 122 20 värkställas

90 580 20 19 af
130 579 68 26 privat
219 586 81 20 person.
330 580 11 19 I
356 580 40 20 den
411 580 77 27 nådiga
502 581 156 26 propositionen
672 580 120 21 framhålles
808 582 29 19 att
852 580 53 21 erfa-

89 607 101 22 renheten
206 607 109 28 ådagalagt
330 609 30 20 att
374 608 70 21 denna
458 609 122 28 förändring
594 609 119 21 framkallat
728 609 103 27 åtskilliga
845 609 60 20 miss-

89 636 152 27 förhållanden,
256 637 39 20 och
309 637 87 20 föreslås
412 637 69 21 därför
495 644 88 14 numera
598 644 26 15 en
640 637 99 28 återgång
754 637 30 21 till
801 638 41 20 den
857 637 48 21 tidi-

90 672 48 20 gare
159 665 159 27 bestämningen
341 667 20 18 att
392 665 136 28 affattningen
549 666 56 27 finge
628 666 121 21 värkställas
775 667 73 20 endast
862 666 43 20 af
895 661 15 37 i

89 694 64 27 tjänst
168 693 85 21 stående
268 693 138 22 landtmätare
422 694 37 21 och
475 695 68 20 under
556 695 41 20 den
607 695 96 26 kontroll,
714 695 120 20 hvarunder
845 694 61 21 dessa

90 722 36 21 stä.
155 721 101 22 Häremot
272 729 48 14 vore
335 722 24 27 ju
373 723 110 27 ingenting
498 725 30 19 att
542 723 98 21 anmärka
655 723 7 20 i
676 723 100 20 händelse
797 722 107 27 värkligen

90 751 79 21 sådana
189 750 138 21 landtmätare
349 751 59 21 stode
431 751 31 21 till
476 751 120 28 tillräckligt
610 751 56 22 antal
681 752 32 21 till
728 751 59 22 buds.
817 751 50 21 Men
882 751 24 21 så

89 782 23 18 är
125 780 47 21 icke
187 779 149 27 förhållandet;
359 786 27 15 en
400 780 35 21 hel
449 781 78 27 mängd
547 780 145 27 afsöndringar
709 781 39 20 och
771 780 135 27 styckningar

88 808 63 21 hafva
165 808 39 21 fått
217 809 8 20 i
240 809 64 20 åratal
320 811 62 18 vänta
396 809 27 27 på
438 809 32 21 sin
484 809 89 28 lösning,
589 809 88 21 emedan
692 809 35 21 det
741 809 84 21 saknats
837 809 68 21 landt-

90 839 84 25 mätare,
189 843 44 15 som
248 838 81 21 kunnat
344 838 106 21 användas
464 837 32 22 för
511 840 29 19 att
555 838 68 21 utföra
637 838 70 21 härför
721 838 132 27 nödvändiga
873 845 32 13 ar-

90 866 68 21 beten.
187 865 211 23 Landtmäteristaten
414 869 22 18 är
450 867 7 20 i
472 867 113 20 allmänhet
600 867 23 20 sä
638 867 127 27 öfverhopad
780 867 48 20 med
845 868 60 25 göro-

90 895 46 27 mål,
159 896 29 19 att
210 894 133 28 affattningar
364 894 8 21 i
393 890 109 37 förenämdt
523 895 66 27 syfte,
604 895 46 21 icke
665 897 52 19 utan
731 902 28 14 en
773 895 42 21 viss
831 895 74 21 tidsut-

89 923 59 21 dräkt
170 923 73 21 kunna
263 924 128 20 värkställas.
428 924 49 20 Icke
500 924 47 21 dess
566 924 81 21 mindre
663 924 86 20 föreslås
764 930 29 14 nu
809 930 27 14 en
851 923 53 21 äter-

88 952 55 27 gång
158 952 32 21 till
206 952 40 20 den
261 952 87 27 tidigare
364 952 96 28 gällande
475 952 164 28 bestämningen,
655 959 45 14 som
720 952 85 27 tillföljd
829 952 20 21 af
870 952 36 20 det

88 980 115 21 sistnämda
217 980 107 21 befunnits
340 980 182 28 oändamälsenlig.
552 981 40 27 Jag
605 981 49 21 ville
669 981 48 20 med
731 982 48 20 mitt
799 980 107 21 uttalande

88 1009 54 21 fästa
162 1009 110 21 utskottets
296 1009 184 27 uppmärksamhet
501 1010 41 26 vid,
565 1011 34 25 att,
620 1010 8 20 i
642 1009 100 21 händelse
757 1009 146 21 erfarenheten

89 1038 53 21 visat
157 1040 30 19 att
201 1038 80 26 privata
296 1044 104 20 personer,
415 1044 45 14 som
476 1038 34 20 vid
526 1038 70 26 dylika
616 1038 85 20 arbeten
723 1037 109 27 användts,
859 1037 47 21 icke

89 1066 54 21 varit
164 1066 134 27 kompetenta
319 1066 33 21 för
366 1066 120 28 uppdraget,
502 1066 66 21 andra
582 1066 157 27 bestämningar
753 1066 32 21 för
800 1066 105 20 vinnande

89 1095 21 22 af
124 1095 96 21 säkerhet
234 1095 8 20 i
256 1095 161 27 affattningarna
431 1095 73 21 kunna
518 1095 82 28 intagas
614 1095 8 20 i
636 1095 35 21 det
685 1094 83 29 förslag,
783 1100 46 15 som
841 1094 21 21 af
872 1095 34 20 ut-

89 1124 76 21 skottet
180 1124 94 21 kommer
290 1125 30 20 att
334 1123 139 21 öfverlämnas
489 1124 31 21 till
532 1124 122 21 ständernas
669 1123 71 21 vidare
771 1123 134 27 behandling,

89 1154 50 19 utan
155 1153 30 20 att
198 1159 50 14 man
262 1152 33 21 för
309 1152 104 21 häfvande
429 1153 20 20 af
464 1153 25 20 de
504 1152 201 27 missförhällanden,
721 1159 45 14 som
781 1158 50 14 vore
852 1152 54 21 före-

89 1180 55 21 nade
159 1180 49 21 med
223 1182 30 20 att
268 1181 80 27 privata
362 1181 158 27 inkompetenta
533 1187 101 21 personer
647 1180 56 28 fingo
718 1180 107 21 användas
834 1180 33 20 för
877 1181 30 19 att

89 1209 112 21 värkställa
216 1209 178 27 egoaffattningar,
409 1209 89 21 behöfde
514 1209 70 27 ätergä
599 1209 31 21 till
652 1216 26 14 en
700 1208 137 27 bestämning,
860 1215 46 14 som

89 1238 8 20 i
117 1238 111 27 praktiken
250 1238 65 21 redan
336 1238 54 20 visat
419 1238 32 26 sig
479 1238 87 20 förenad
588 1237 48 21 med
658 1238 79 26 viktiga
766 1237 140 27 olägenheter.

89 1266 34 20 En
145 1272 71 14 annan
236 1266 73 27 punkt,
330 1272 44 14 som
390 1266 61 20 äfven
467 1272 63 20 synes
544 1266 44 27 mig
602 1266 101 20 innebära
717 1272 27 14 en
759 1265 100 27 ätergäng
874 1265 31 20 till

90 1300 26 14 en
132 1294 87 27 tidigare
234 1294 131 21 utmönstrad
380 1293 132 29 bestämning
526 1294 140 20 förekommer
680 1294 27 26 pä
721 1294 59 20 sidan
796 1294 19 27 4,
824 1293 37 21 där
871 1293 36 21 det

89 1322 120 21 framhälles
232 1324 29 18 att
284 1323 20 19 »i
318 1324 86 20 motsats
422 1322 32 21 till
472 1329 30 14 nu
516 1322 96 28 gällande
627 1322 122 27 förordning
764 1322 76 20 tillåter
864 1322 42 20 för-

91 1351 66 27 slaget
181 1350 46 21 icke
250 1352 29 19 att
303 1350 57 21 bilda
382 1357 43 21 nya
446 1350 120 28 lägenheter
584 1357 76 21 genom
675 1350 195 28 sammanläggning
886 1350 22 20 af

91 1379 58 20 delar
163 1379 47 19 frän
224 1379 66 20 andra
304 1379 78 20 sädana
397 1379 51 20 eller
463 1381 29 18 att
507 1379 51 26 eljes
574 1378 123 21 annorledes
712 1381 26 18 än
761 1385 76 20 genom
856 1378 51 26 byte

91 1406 104 21 öfverföra
210 1412 49 21 egor
273 1406 48 21 från
336 1412 27 15 en
376 1406 99 27 lägenhet
489 1407 32 20 till
536 1412 26 14 en
577 1412 89 15 annan<.
688 1406 75 21 Denna
775 1406 133 26 bestämning

90 1441 64 20 synes
169 1434 43 28 mig
226 1435 62 20 äfven
304 1441 50 14 vara
369 1440 27 15 en
411 1434 103 28 obehöflig
531 1434 152 27 inskränkning
704 1435 8 20 i
735 1434 41 21 den
797 1434 110 27 egostyck-

90 1463 130 28 ningsfrihet,
243 1469 45 14 som
309 1464 8 19 i
340 1462 61 28 öfrigt
422 1463 54 20 afses
490 1469 77 22 genom
582 1463 57 20 detta
652 1462 83 29 förslag.
765 1462 41 28 Jag
820 1464 43 19 tror
878 1464 30 18 att

80 1491 146 28 synnerligen
240 1492 92 27 menliga
346 1491 103 28 påföljder
464 1491 21 21 af
500 1493 29 20 ett
542 1491 128 21 fortfarande
690 1491 112 22 bestående
824 1491 22 21 af
866 1497 41 14 nu-

88 1520 99 29 gällande
208 1520 124 29 förordning
353 1521 7 20 i
384 1520 68 21 denna
474 1521 68 27 punkt
562 1521 47 20 icke
632 1523 23 18 är
677 1522 28 19 att
728 1520 78 28 befara,
821 1519 40 22 och
880 1519 28 21 de
