1073 1761
166 151 40 20 518
374 154 177 21 Borgareständet
564 155 54 16 1891.
642 155 8 15 1
664 154 57 20 april.

138 236 50 26 göra
204 234 97 26 åvärkan,
317 233 38 20 och
371 233 56 20 detta
442 232 65 21 måste
523 233 33 20 väl
572 238 60 15 anses
647 232 69 20 såsom
727 239 26 13 en
765 232 115 27 olägenhet,
890 232 8 19 i
908 238 49 20 syn-

138 263 75 20 nerhet
228 262 21 20 af
263 262 54 27 dem,
333 267 45 14 som
394 261 33 20 väl
442 261 6 20 i
461 261 86 20 främsta
562 262 91 19 rummet
668 260 85 21 komma
768 262 29 19 att
812 260 57 27 gifva
880 260 35 21 sitt
925 262 32 19 ut-

138 291 84 20 låtande
245 296 34 14 om
296 290 71 25 saken,
383 289 106 27 nämligen
503 289 150 20 forstmännen.
683 288 100 20 Förutom
799 288 34 20 det
849 288 87 20 tillskott
950 289 8 19 i

138 318 77 26 arbete,
238 324 45 14 som
305 318 25 20 de
353 317 67 21 skulle
443 317 96 20 åsamkas
560 323 77 21 genom
657 318 106 25 strängare
783 316 57 27 vård,
855 316 39 21 bör
909 323 49 14 man

137 347 74 20 märka
225 348 30 18 att
270 346 41 20 den
325 345 120 21 rutinerade
461 346 38 19 och
514 345 32 20 för
561 345 35 20 sitt
606 344 48 21 fack
664 344 139 21 intresserade
814 344 144 21 forstmannen

138 376 75 19 nästan
229 374 58 20 alltid
302 373 71 21 ställer
387 373 90 27 skogens
492 374 88 19 intresse
595 372 87 21 framför
700 372 115 28 odlingens.
845 373 38 20 Att
898 373 23 20 så
936 374 23 19 är

137 402 59 22 iallet
212 403 39 20 och
266 404 29 18 att
311 402 69 20 denna
394 402 87 26 mening
495 408 27 14 en
537 401 30 21 tid
583 401 66 21 delats
665 401 61 20 äfven
742 401 21 20 af
777 400 82 22 landets
869 401 88 26 styrelse

138 431 92 26 framgår
252 431 20 20 af
295 431 53 20 1877
365 430 32 21 års
412 430 122 27 förordning
550 436 34 14 om
600 429 130 28 anläggande
746 429 21 21 af
781 429 176 27 kronoskogstorp

138 460 39 20 och
192 459 214 27 nybyggeshemman.
432 457 72 22 Skulle
519 459 38 20 här
572 458 53 21 varit
639 457 59 27 fråga
712 465 34 13 om
757 457 26 21 de
793 457 164 21 missförhållan-

138 488 47 26 den,
207 494 46 13 som
273 487 108 20 förorsaka
395 487 157 26 emigrationen,
568 486 68 21 skulle
651 486 44 21 helt
709 486 70 21 säkert
793 486 70 21 denna
878 486 79 20 förord-

138 516 52 27 ning
213 518 68 18 nämts
303 515 69 21 såsom
387 516 28 20 ett
431 515 20 20 af
467 515 25 20 de
507 515 120 20 förnämsta.
657 514 132 28 Regeringen
809 514 38 21 har
861 521 30 14 nu
907 515 51 26 tagit

138 546 30 19 ett
189 546 46 25 steg
256 544 81 25 framåt,
360 550 44 14 som
427 544 35 26 jag
481 550 61 13 anser
557 543 31 21 till
604 543 35 20 det
653 543 73 26 bättre,
742 543 26 20 då
783 543 41 20 den
838 543 33 20 för
886 543 72 26 odling

138 573 37 19 vill
191 572 84 26 upplåta
290 571 48 21 med
353 571 40 21 full
408 571 187 21 skattemannarätt
616 571 52 26 jord,
684 577 44 14 som
744 571 32 20 för
791 571 40 20 den
847 573 23 17 är
884 571 73 20 värde-

138 600 36 21 lös.
205 600 50 20 Men
270 600 119 20 ändamålet
403 600 41 20 kan
459 600 46 20 icke
521 600 74 20 vinnas
610 599 44 20 ifall
670 599 40 20 den
726 599 21 20 af
757 599 43 27 mig
811 599 90 21 citerade
913 605 44 15 me-

138 629 80 26 ningen
232 628 61 27 ingår
307 628 7 20 i
329 628 156 26 författningen.
515 628 68 20 Också
605 634 61 14 anser
682 628 35 26 jag
732 630 169 18 reservanternas
917 628 40 20 för-

138 656 50 28 slag,
205 658 29 19 att
249 656 131 21 öfverlåtelse
396 656 20 20 af
431 656 61 20 dessa
506 656 84 20 marker
604 655 35 21 må
653 656 8 20 i
675 656 71 26 hvarje
762 655 97 21 särskildt
869 656 37 20 fall
919 662 38 14 un-

138 685 109 21 derställas
269 684 98 28 pröfning
389 684 38 20 hos
448 684 112 27 kejserliga
580 686 98 19 senatens
697 684 260 27 ekonomiedepartement,

138 713 109 21 motvärka
262 713 35 21 det
313 712 86 21 afsedda
414 712 124 26 ändamålet,
556 712 38 21 och
611 712 56 21 detta
681 712 31 20 till
727 712 52 27 följd
795 712 21 20 af
831 712 25 21 de
872 712 86 27 omgån-

138 748 43 20 gar,
197 742 25 19 de
238 741 113 21 kostnader
365 741 39 20 och
420 741 41 20 den
476 741 126 20 tidsutdräkt
617 740 35 21 det
667 740 68 21 skulle
747 740 99 21 medföra.
872 741 86 20 Utskot-

138 772 40 18 tets
193 770 78 26 förslag
286 771 30 19 att
330 770 80 19 kronan
426 769 7 20 i
448 769 55 20 vissa
518 769 37 20 fall
568 769 68 20 skulle
647 769 106 27 öfvertaga
765 769 144 27 utskylderna,
921 776 37 13 an-

138 804 34 14 ser
192 798 35 26 jag
248 798 46 20 icke
316 804 51 14 vara
388 797 100 27 lämpligt,
510 800 51 18 utan
579 797 68 21 skulle
662 798 35 26 jag
711 797 77 21 föreslå
803 799 30 19 att
847 798 111 20 utskottets

138 826 79 27 förslag
232 826 7 20 i
254 826 99 20 afseende
368 826 12 20 å
395 826 64 20 första
474 827 116 19 momentet
600 825 68 21 skulle
679 827 92 25 antagas,
782 832 47 14 men
840 826 7 20 i
859 826 98 20 afseende

137 854 13 21 ä
166 854 35 21 det
216 860 73 15 senare
305 854 93 20 däremot
413 854 161 20 äterremitteras
589 854 32 20 för
636 854 159 27 omredigering.
821 854 62 21 Detta
893 854 7 20 i
911 854 46 20 huf-

138 882 87 20 vudsak.
250 882 48 20 Man
315 888 62 14 anser
391 882 6 19 i
413 882 114 20 allmänhet
542 884 30 18 att
586 882 80 20 kronan
682 882 46 20 icke
744 882 37 20 bör
797 882 52 20 afstä
861 882 64 27 nägot
937 882 21 20 af

137 911 34 20 sin
191 910 157 27 jordegendom,
370 910 39 21 och
431 912 60 25 säger
510 910 54 21 dock
587 912 29 19 att
633 912 66 19 staten
717 917 49 20 eger
781 917 26 14 en
820 911 102 26 tredjedel
938 910 21 21 af

138 939 101 20 Finlands
260 939 61 20 areal.
351 938 62 21 Detta
436 940 23 19 är
473 939 65 20 redan
558 938 90 27 mycket,
664 945 49 14 men
728 938 113 21 fränräkna
856 939 21 20 vi
891 939 67 26 sjösy-

137 969 83 19 stemen
235 967 7 20 i
256 967 131 26 Tavastland,
409 967 100 20 Savolaks
533 967 38 21 och
593 966 98 27 Karelen,
712 967 23 20 sä
749 967 59 21 torde
824 967 79 21 kronan
920 974 38 20 ega

138 995 89 27 ungefär
242 996 79 20 hälften
337 995 20 21 af
372 995 47 21 hela
434 995 100 21 Finlands
549 996 53 20 fasta
617 996 65 19 mark.
707 995 42 27 Jag
763 996 38 20 har
816 996 37 20 här
863 1002 27 14 en
899 996 59 20 karta

138 1024 59 20 öfver
212 1024 171 26 kronoskogarne
398 1024 6 20 i
420 1024 95 26 Finland,
538 1023 87 21 alldeles
640 1030 50 20 nyss
705 1024 129 20 utkommen.
864 1024 30 20 Pä
907 1024 51 20 den-

138 1058 81 14 samma
234 1058 33 14 ser
281 1058 50 14 man
346 1052 48 20 hela
409 1052 41 20 den
466 1052 100 27 ofantliga
581 1052 49 20 vidd
646 1052 81 20 kronan
742 1058 29 14 nu
782 1052 89 20 innehar
881 1052 21 20 af
913 1052 45 21 lan-

138 1080 41 26 det,
195 1080 69 20 denna
279 1080 34 20 del
329 1082 22 18 är
367 1080 106 26 nämligen
488 1080 100 27 färglagd,
604 1080 38 20 och
658 1080 68 20 skulle
742 1080 41 20 den
794 1081 122 20 nuvarande
928 1080 30 21 la-

138 1114 39 21 gen
200 1108 63 20 hafva
285 1108 43 26 gält
349 1115 38 19 par
408 1108 83 20 hundra
507 1108 22 20 är
543 1108 94 27 tidigare,
653 1108 22 20 sä
690 1108 69 20 skulle
774 1108 26 27 pä
815 1108 69 21 denna
899 1109 60 20 karta

139 1136 33 20 väl
187 1136 103 27 knappast
305 1142 63 20 synas
383 1136 65 26 några
463 1136 54 26 ljusa
532 1136 95 27 punkter.
657 1136 29 20 Vi
700 1136 68 21 skulle
783 1143 36 20 nu,i
846 1137 69 20 stället
926 1137 33 20 för

138 1167 30 17 att
183 1164 62 20 hafva
260 1170 25 14 en
301 1164 27 19 fri
344 1164 130 26 bondeklass,
489 1164 62 20 hafva
561 1164 52 21 blott
623 1164 218 27 kronoskogstorpare.
866 1165 29 19 Af
908 1165 50 20 den-

138 1199 81 13 samma
234 1192 91 26 framgår
339 1192 102 20 likaledes
456 1194 29 18 att
500 1192 52 20 blott
568 1192 25 20 de
610 1192 64 20 nedre
690 1192 85 21 delarne
791 1192 21 20 af
826 1193 81 20 Torneå
919 1193 39 20 och

138 1220 62 20 Kemi
216 1219 87 20 elfdalar
319 1220 82 20 tillhöra
416 1220 85 26 privata.
527 1220 31 20 De
574 1222 35 18 äro
625 1220 87 26 bördiga
722 1221 38 19 och
771 1220 33 20 väl
816 1221 74 20 odlade
903 1221 55 20 trak-

138 1250 36 23 ter,
199 1248 39 19 och
258 1247 66 21 folket
344 1248 43 20 stär
407 1248 32 26 sig
457 1248 36 20 där
508 1248 79 21 kanske
602 1248 67 20 bättre
685 1250 25 18 än
725 1249 8 19 i
749 1249 25 20 de
789 1248 60 21 flesta
865 1249 58 20 delar
938 1249 21 20 af

138 1276 95 20 Finland.
258 1275 78 26 Dylika
351 1276 87 27 bördiga
453 1276 78 21 trakter
541 1276 68 21 finnas
621 1276 62 20 också
693 1277 64 26 högre
768 1277 75 26 uppför
853 1277 104 25 elfvarne;

137 1304 65 20 säden
224 1311 88 19 mognar
335 1304 36 19 där
393 1304 26 26 på
435 1304 54 19 6—8
505 1305 82 25 veckor,
602 1305 109 19 hvaremot
725 1305 62 19 furan
803 1305 100 19 behöfver
918 1305 12 19 2
947 1306 11 18 ä

138 1332 40 19 300
202 1331 23 20 år
244 1331 32 20 för
298 1333 29 18 att
349 1331 94 21 leverera
462 1337 26 14 en
511 1331 102 27 sågstock,
631 1331 39 20 full
685 1332 48 19 med
749 1332 79 20 kvistar
843 1332 37 20 och
898 1332 60 20 kärn-

138 1359 110 28 sprucken.
277 1359 42 27 Jag
333 1361 23 18 är
371 1359 18 27 ej
405 1361 57 19 emot
477 1361 28 19 att
520 1366 48 14 man
584 1361 81 19 ömmar
679 1359 32 21 för
723 1360 79 27 skogen
818 1360 39 21 och
867 1360 91 27 skogens

137 1388 95 26 intresse,
248 1394 47 14 men
313 1388 56 20 detta
383 1387 32 21 får
430 1388 46 20 icke
491 1388 26 27 gå
533 1388 58 21 öfver
606 1387 110 28 odlingens
731 1389 94 21 intresse.
853 1388 63 21 Skola
931 1395 27 14 en

137 1418 44 19 stor
203 1416 34 21 del
257 1417 21 20 af
300 1416 115 28 Uleåborgs
437 1416 34 21 län
496 1417 39 20 och
558 1413 60 24 Östra
640 1416 89 21 Finland
745 1417 32 20 för
793 1417 55 21 allan
863 1417 30 20 tid
909 1424 49 14 vara

138 1445 77 20 dömda
235 1445 31 21 till
287 1445 124 20 ödemarker
431 1444 70 21 därför
521 1446 29 19 att
564 1445 73 21 landet
652 1445 18 27 ej
687 1445 88 27 tidigare
791 1446 51 27 egde
858 1446 44 20 folk
917 1453 41 20 nog

138 1475 29 19 att
182 1475 48 25 taga
245 1473 48 21 dem
297 1469 10 37 i
320 1473 128 27 besittning?
473 1473 41 27 Jag
528 1476 43 18 tror
586 1473 35 21 det
631 1474 52 20 icke.
707 1474 42 27 Jag
759 1474 78 28 hoppas
848 1476 30 19 att
889 1474 69 21 denna

138 1502 58 27 fråga
211 1502 8 20 i
233 1502 48 21 hela
295 1502 33 21 sin
343 1502 56 27 vidd,
415 1502 68 21 denna
499 1503 51 20 strid
566 1502 90 21 emellan
667 1503 71 26 skogs-
751 1503 38 21 och
800 1503 157 27 odlingsintres-

137 1532 33 19 set
186 1530 53 21 skall
253 1531 117 26 föreläggas
391 1531 122 20 ständernas
531 1531 103 27 pröfning,
650 1531 38 20 och
704 1533 30 19 att
749 1531 99 28 odlingen
863 1532 54 19 skall
932 1532 26 26 gå
