1075 1764
191 134 26 20 56
396 138 178 22 Borgareståndet
585 140 54 16 1891.
663 140 27 16 30
701 140 43 20 jan.

162 220 61 20 desse
244 225 58 15 mera
323 219 123 21 solidariska
467 218 50 21 med
539 219 84 27 affären,
645 218 37 21 och
704 218 67 28 ligger
791 219 36 21 det
841 219 67 20 mer
898 214 14 37 i
924 218 62 22 deras

162 249 88 20 intresse
273 250 30 19 att
325 248 59 20 sköta
405 248 41 20 den
466 247 34 21 väl
515 248 39 20 och
570 249 29 19 att
615 254 53 20 egna
683 249 65 19 större
764 247 186 27 uppmärksamhet
965 248 21 20 åt

163 277 40 21 den
219 279 27 18 än
260 276 8 21 i
283 279 30 19 ett
327 276 69 28 bolag,
411 276 37 20 där
469 276 35 21 det
518 276 67 21 finnes
605 283 26 13 en
645 282 70 14 massa
730 276 46 21 små
791 276 124 21 aktionärer.
944 275 43 23 Det

162 306 68 20 finnes
251 305 109 21 dessutom
382 306 30 20 ett
432 305 115 27 stadgande
567 305 8 20 i
598 305 12 26 $
631 304 33 25 26,
685 311 46 14 som
752 307 62 25 säger
828 307 29 18 att
872 304 63 28 bolag
950 307 35 19 äro

163 334 97 28 skyldiga
281 336 29 20 att
331 334 86 20 tillsätta
437 334 35 20 två
493 334 52 21 eller
564 333 51 21 flere
636 340 101 20 personer
752 335 29 19 att
796 333 90 27 granska
901 333 87 21 förvalt-

163 363 84 27 ningen.
269 363 42 27 Jag
326 362 68 21 skulle
410 362 116 22 emellertid
543 362 64 21 önska
623 364 30 18 att
664 362 34 20 det
709 362 68 21 skulle
787 362 76 27 uppstå
873 368 26 14 en
909 362 77 27 mängd

163 392 63 26 bolag
241 392 8 20 i
263 392 77 26 landet,
362 391 36 21 där
413 390 102 22 affärerna
530 397 50 15 vore
595 390 23 21 så
633 390 50 27 små,
706 392 31 19 att
752 391 35 20 det
801 397 50 14 vore
866 390 122 27 tillräckligt

163 420 50 21 med
235 427 27 14 en
277 420 85 26 revisor,
386 420 38 20 och
440 426 34 14 om
489 420 84 26 bolaget
588 419 70 21 består
673 420 21 20 af
709 420 12 20 2
736 425 106 21 personer,
857 418 24 21 så
895 419 94 21 kontrol-

163 449 45 21 lera
231 449 25 21 de
278 448 118 21 hvarandra
417 449 39 20 och
478 448 65 21 blifva
561 447 54 21 båda
629 448 110 20 moraliskt
754 448 110 26 ansvariga
878 447 56 21 inför
949 447 39 21 all-

163 478 113 21 mänheten
292 478 39 20 och
346 477 189 27 fordringsegarne,
551 476 23 21 så
589 478 29 19 att
637 476 62 28 ingen
715 476 88 21 särskild
819 476 80 21 revisor
914 476 73 21 behöf-

164 513 42 14 ves.
237 506 129 28 Stadgandet
381 506 7 20 i
404 506 12 26 $
431 506 27 21 40
474 506 73 21 därom
562 507 35 25 att,
612 505 45 21 ifall
673 506 157 21 aktionärernas
841 505 56 21 antal
907 504 82 29 nedgär

164 536 68 21 under
253 537 18 26 5,
293 535 85 27 bolaget
398 535 53 21 skall
473 535 72 27 brytas
568 535 83 21 komme
674 537 29 18 att
722 534 64 21 värka
808 534 137 21 nedsättande
960 534 27 27 på

165 565 98 20 aktierna.
293 564 32 21 De
341 564 47 26 fyra
403 564 139 21 kvarstående
558 563 146 21 aktionärerna
722 566 35 18 äro
780 563 107 28 nämligen
909 563 80 20 förhin-

165 593 64 21 drade
245 595 29 19 att
289 593 77 27 inköpa
382 592 40 21 den
436 593 65 20 femte
516 593 175 26 bolagsmannens
707 592 71 21 aktier.
801 591 42 22 Det
857 592 67 21 finnes
933 591 54 21 dock

165 629 26 14 en
213 624 65 25 utväg
299 621 105 27 nämligen
426 623 30 19 att
476 621 63 21 hafva
555 628 26 14 en
595 621 85 26 bulvan,
698 627 50 14 men
763 621 66 26 enligt
843 621 45 20 min
903 621 86 26 mening

165 657 50 14 vore
238 650 35 21 det
294 649 86 28 mycket
400 650 101 27 olyckligt
519 651 30 19 att
562 649 28 28 på
604 650 63 27 något
683 651 39 19 sätt
738 651 129 26 uppmuntra
882 655 27 15 en
923 649 66 20 sådan

165 679 55 21 form
235 679 21 20 af
271 679 199 20 affärsvärksamhet.
493 678 41 28 Jag
548 679 79 27 hoppas
643 680 29 19 att
687 678 101 21 utskottet
798 677 54 22 skall
861 681 48 24 taga
921 677 68 21 denna

163 708 60 27 fråga
237 708 8 20 i
260 708 155 27 öfvervägande
431 707 33 20 vid
480 707 154 28 granskningen
650 707 21 20 af
685 707 162 27 propositionen.

233 793 33 22 Hr
287 793 127 22 Kivekäs:
445 793 58 21 Minä
525 793 49 22 olen
592 794 104 27 pyytänyt
711 799 147 15 sananvuoroa
872 792 118 28 pääasialli-

166 823 50 21 sesti
231 823 121 21 ainoastaan
369 824 62 19 erään
447 822 234 22 erikoismuistutuksen
695 821 102 28 johdosta.
829 821 41 22 Sen
888 821 101 21 vähäisen

165 851 145 22 tutkimuksen
334 852 92 21 mukaan
452 851 44 20 kun
518 852 63 26 minä,
603 851 97 20 niinkuin
727 851 134 20 arvattavasti
889 850 99 21 muutkin

166 880 81 27 säädyn
260 881 82 26 jäsenet
357 882 48 19 ovat
420 880 63 21 olleet
499 880 147 21 tilaisuudessa
661 880 89 21 omistaa
764 879 50 22 tälle
843 879 147 21 lakiehdotuk-

166 909 57 27 selle,
238 909 92 22 lienevät
344 909 151 21 muistutukset
510 909 160 28 erityiskohtiin,
685 909 115 20 ennenkun
817 908 122 21 valiokunta
962 915 27 14 on

166 940 75 19 saanut
257 938 55 21 asiaa
327 937 132 28 valmistella,
474 938 92 22 tehtävät
580 937 184 22 reservatioonilla.
790 937 72 21 Mikäli
878 937 49 21 olen
941 943 48 15 ver-

166 969 78 19 rannut
265 969 42 19 tätä
329 967 155 21 lakiehdotusta
509 968 50 20 sekä
575 966 55 22 1864
645 966 85 21 vuoden
744 966 66 21 lakiin
826 966 163 26 osakeyhtiöistä

167 997 42 19 että
230 996 99 27 -myöskin
350 996 108 20 erinäisiin
481 996 124 27 uudempiin
624 995 169 21 ulkomaalaisiin
808 995 116 21 asetuksiin
939 995 50 21 tällä

167 1024 67 25 alalla,
262 1031 27 14 on
314 1024 79 21 silmiin
417 1024 81 28 pistävä
519 1031 22 14 se
562 1026 71 26 puute,
653 1024 57 20 mikä
724 1026 56 18 tässä
794 1023 197 21 lakiehdotuksessa

166 1052 74 27 löytyy
267 1053 126 21 säädöksien
419 1053 89 21 suhteen
530 1053 108 21 laillisesta
661 1052 199 21 tuomioistuimesta
885 1052 106 21 oikeuden

166 1081 128 27 käynneissä
309 1082 137 26 osakeyhtiön
461 1082 21 27 ja
498 1082 131 21 osakkaitten
643 1081 77 27 välillä,
740 1083 42 19 että
797 1080 99 28 myöskin
918 1081 74 21 osake-

167 1110 74 26 yhtiön
267 1111 21 27 ja
309 1110 138 27 osakeyhtiön
462 1111 105 27 velkojain
583 1110 75 20 välillä.
687 1110 64 21 Tämä
765 1110 116 20 muistutus
897 1116 27 15 on
939 1110 53 20 mie-

165 1138 78 22 lestäni
257 1139 120 21 erittäinkin
392 1140 114 20 huomioon
523 1141 96 25 otettava,
633 1139 53 21 mitä
696 1139 56 21 tulee
766 1139 67 20 niihin
845 1139 147 26 tapahtumiin,

165 1167 75 27 jolloin
255 1168 58 26 yhtiö
330 1174 28 14 on
372 1168 75 27 tehnyt
461 1168 134 21 konkurssin.
625 1167 51 21 Sillä
691 1168 69 20 silloin
776 1168 34 20 voi
825 1166 122 28 todellakin,
957 1168 35 26 jos

167 1196 20 20 ei
201 1196 66 26 löydy
280 1196 79 20 mitään
375 1196 195 27 erikoismääräystä
584 1196 116 27 forumista,
715 1196 73 21 niiden
803 1197 126 19 säännösten
944 1202 49 14 mu-

167 1224 60 27 kaan,
242 1224 51 21 mitä
308 1224 23 21 O.
347 1224 62 22 K:ssa
423 1224 82 28 löytyy,
521 1226 76 26 syntyä
620 1225 176 27 epätietoisuutta,
811 1224 59 27 josko
895 1224 96 20 riidoissa

167 1252 178 28 konkurssipesän
369 1253 21 26 ja
416 1254 106 26 velkojain
547 1253 71 21 välillä
652 1253 97 27 velkojan
769 1253 152 27 asuntopaikka
936 1254 55 19 tässä

167 1281 108 25 ratkaisee,
300 1281 61 20 vaiko
384 1282 73 26 yhtiön
482 1281 135 27 domicilium,
632 1282 50 26 joka
704 1281 97 20 niinkuin
825 1282 99 20 tunnettu
947 1281 42 20 voi-

167 1315 70 13 massa
259 1309 96 19 olevassa
377 1310 133 19 asetuksessa
524 1316 27 12 on
574 1311 103 24 määrätty
695 1309 94 20 olevaksi
804 1315 23 13 se
841 1309 151 26 paikkakunta,

167 1336 64 20 missä
246 1336 88 26 yhtiöllä
349 1342 28 14 on
392 1336 235 21 keskushallituksensa.

236 1364 90 21 Samaan
347 1365 170 21 muistutukseen
539 1367 62 19 antaa
615 1365 77 21 aihetta
707 1370 23 15 se
752 1364 160 28 epämääräinen
931 1370 61 15 muo-

166 1395 27 25 to,
209 1393 66 21 mihin
291 1393 96 28 erityiset
402 1394 127 21 säännökset
544 1395 70 20 tämän
629 1393 112 22 asetuksen
759 1393 25 22 30
801 1393 55 28 &:ssä
877 1395 48 20 ovat
947 1393 45 21 laa-

167 1422 59 21 ditut.
257 1422 76 21 Nämät
347 1423 127 20 säännökset
489 1423 106 21 sisältävät
610 1429 79 14 suuren
699 1422 167 27 edistysaskelen
877 1423 54 20 siinä
941 1423 51 20 suh-

167 1453 74 26 teessa,
261 1453 42 19 että
323 1458 27 15 ne
366 1452 102 27 tarjoavat
483 1451 78 22 takeita
575 1452 117 27 yksityisen
708 1451 217 28 osakkeenomistajan
941 1457 50 15 suo-

166 1480 111 27 jelukselle
298 1480 74 27 yhtiön
386 1480 129 21 mielivaltaa
530 1483 92 19 vastaan.
643 1480 125 21 Mainitussa
783 1481 112 27 pykälässä
917 1480 73 21 sääde-

167 1511 48 19 tään
231 1511 42 19 että
289 1511 90 26 »päätös,
394 1509 49 27 joka
458 1515 27 15 on
500 1509 203 27 yhtiökokouksessa
719 1509 59 28 tehty
792 1509 83 22 vastoin
890 1509 56 21 lakia
960 1509 30 22 tai

166 1537 74 27 yhtiön
261 1538 125 27 järjestystä,
405 1537 76 22 olkoon
500 1538 85 21 tehoton
601 1538 218 27 osakkeenomistajaa
833 1540 93 24 vastaan,
941 1538 51 26 joka
