1075 1759
211 129 26 20 66
420 134 174 22 Borgareståndet
606 136 53 16 1891.
683 136 12 16 3
707 135 50 17 febr.

249 214 116 27 Föredrogs
380 214 41 21 den
436 214 34 21 vid
486 216 81 19 senaste
582 214 87 28 plenum
686 214 115 27 bordlagda
825 214 116 20 relationen
965 213 32 22 till

179 242 101 22 Finlands
301 242 23 21 år
348 243 53 21 1891
417 242 125 22 församlade
557 242 90 28 ständer,
661 242 109 28 angående
785 242 190 28 postsparbankens
988 242 9 20 i

180 270 89 22 Finland
284 271 94 21 tillstånd
394 271 38 20 och
447 270 127 28 förvaltning
589 272 68 19 under
671 270 51 21 åren
738 271 60 26 1887,
815 270 53 21 1888
884 271 39 20 och
936 270 60 26 1889,

181 300 39 21 och
233 299 44 21 blef
295 299 121 21 densamma
431 299 120 27 ytterligare
566 299 101 27 bordlagd
683 299 31 20 till
730 301 60 18 nästa
799 299 92 26 plenum,
908 298 88 21 emedan

179 328 88 27 ståndet,
290 327 65 28 enligt
377 327 128 28 upplysning
527 328 20 20 af
569 328 26 20 hr
617 327 127 27 talmannen,
759 327 54 21 hade
829 328 29 19 att
873 329 79 19 emotse
967 329 27 18 ti

179 357 109 20 skrifvelse
303 357 89 20 rörande
406 356 159 27 ifrågavarande
580 358 67 19 ämne.

249 551 65 20 Ordet
328 550 101 27 begärdes
444 551 21 20 af
489 550 25 21 hr
531 547 104 29 Öhman,
649 556 45 15 som
713 550 95 26 yttrade:
839 550 31 21 På
890 551 40 20 sätt
951 550 47 21 från

180 579 139 22 medstånden
341 579 90 20 anlända
452 579 124 26 skrifvelser,
600 578 71 21 hvilka
694 578 86 28 nyligen
803 579 112 26 upplästes,
941 579 57 26 gifva

180 608 36 21 vid
243 607 90 27 handen,
359 607 62 21 hafva
446 607 26 21 de
497 607 67 27 öfriga
588 607 88 21 stånden
703 607 116 20 remitterat
846 607 77 27 nådiga
950 613 47 21 pro-

180 637 118 28 positionen
323 636 109 27 angående
458 636 35 27 lag
515 642 35 14 om
572 635 119 28 aktiebolag
712 635 32 21 till
768 635 141 28 lagutskottet.
945 635 52 21 Bor-

181 665 134 28 gareståndet
335 665 39 20 har
394 665 8 20 i
424 665 56 21 detta
502 664 98 21 afseende
620 664 85 21 beslutit
726 666 30 19 att
774 664 66 21 sända
864 664 70 21 denna
950 670 47 21 pro-

181 695 89 27 position
296 693 32 22 till
354 693 102 21 särskilda
479 693 44 28 lag-
539 693 38 21 och
592 692 204 27 ekonomiutskottet,
812 693 39 21 och
865 692 26 28 på
906 693 25 21 de
947 692 50 29 skäl,

182 729 45 15 som
242 723 58 20 inom
314 721 172 28 borgareståndet
500 721 68 22 blifvit
583 721 35 21 vid
632 721 174 22 remissdebatten
821 721 130 28 framhällna,
961 728 36 14 an-

181 758 35 15 ser
229 753 35 26 jag
279 753 30 19 att
323 751 171 27 borgareståndet
509 750 64 21 borde
588 750 83 21 försöka
685 752 30 19 att
730 757 76 20 genom
821 757 27 14 en
869 750 128 28 inbjudning

181 780 32 21 till
228 781 25 20 de
269 779 66 28 öfriga
349 779 89 21 stånden
452 779 22 21 få
489 779 69 21 denna
572 779 126 27 proposition
713 779 121 20 remitterad
849 779 32 20 till
891 781 106 18 nästnäm-

182 808 27 22 da
223 809 84 20 utskott.
337 808 41 27 Jag
392 807 77 22 tillåter
482 807 45 28 mig
542 807 69 21 därför
625 807 107 21 vördsamt
747 807 82 28 föreslå,
851 809 30 19 att
900 807 97 28 borgare-

181 837 83 21 ståndet
278 837 50 20 ville
343 843 76 21 genom
434 835 190 28 protokollsutdrag
638 835 89 28 inbjuda
742 836 25 20 de
782 836 67 27 öfriga
863 836 88 21 stånden
968 838 30 19 att

181 865 74 28 frångå
269 865 46 21 sina
329 865 118 27 respektive
462 865 69 21 beslut
546 865 39 20 och
598 865 105 20 remittera
717 865 156 26 propositionen
889 865 108 26 angående

181 894 36 27 lag
232 900 34 15 om
281 893 118 28 aktiebolag
413 893 31 20 till
460 893 101 21 särskilda
575 893 44 27 lag-
634 893 38 20 och
688 892 205 21 ekonomiutskottet.

249 968 32 21 Hr
303 967 97 22 Heikel
421 967 144 21 understödde
581 967 36 22 det
631 967 22 20 af
667 967 25 20 hr
707 963 82 25 Öhman
804 967 75 21 väckta
893 967 103 28 förslaget.

248 1042 33 21 Hr
295 1041 161 22 Serlachius:
486 1041 42 28 Jag
541 1041 38 22 har
594 1041 45 22 icke
655 1041 90 27 bidragit
760 1041 31 21 till
806 1041 35 20 det
867 1041 75 27 beslut,
961 1048 36 21 ge-

181 1078 49 14 nom
245 1070 80 21 hvilket
339 1069 171 28 borgareståndet
524 1070 67 21 beslöt
603 1072 29 19 att
644 1070 106 21 remittera
765 1069 74 28 frågan
853 1070 32 21 till
896 1070 101 21 särskilda

180 1100 44 27 lag-
251 1100 38 20 och
317 1099 206 26 ekonomiutskottet,
545 1099 38 20 och
604 1099 35 26 jag
658 1098 41 21 kan
713 1099 33 20 för
760 1099 44 20 min
821 1098 33 21 del
869 1099 46 20 icke
930 1099 67 20 häller

181 1128 105 27 tillstyrka
307 1127 41 21 den
371 1127 21 21 af
412 1127 26 21 hr
453 1123 82 25 Öhman
549 1127 118 27 föreslagna
681 1127 160 27 inbjudningen.
870 1127 11 20 I
897 1127 25 20 de
937 1127 60 20 flesta

182 1157 118 27 lagförslag,
315 1163 46 14 som
374 1155 123 28 föreläggas,
511 1155 74 27 finnes,
600 1155 69 21 såsom
684 1155 35 20 vid
734 1157 30 19 ett
778 1155 126 27 föregående
915 1155 81 21 tillfälle

181 1185 66 21 redan
261 1185 38 20 har
313 1184 129 27 framhållits,
458 1190 26 14 en
499 1183 50 22 eller
563 1183 50 22 flere
629 1183 177 27 omständigheter
821 1183 20 21 af
855 1183 80 28 ganska
954 1186 43 18 stor

183 1213 122 22 ekonomisk
331 1212 93 27 bärvidd,
449 1212 38 21 och
513 1219 33 14 om
566 1219 49 14 man
629 1211 28 28 på
671 1212 70 21 denna
756 1212 67 27 grund
839 1218 62 15 anser
915 1212 35 21 det
964 1214 33 18 ut-

181 1242 60 27 skott,
263 1241 31 21 till
318 1241 80 21 hvilket
412 1241 60 20 dessa
487 1240 112 28 lagförslag
619 1240 58 21 skola
697 1240 124 27 remitteras,
835 1241 51 20 böra
901 1247 50 14 vara
965 1242 30 19 ett

182 1271 43 26 lag-
252 1270 38 21 och
315 1269 182 28 ekonomiutskott,
523 1269 69 22 blefve
607 1269 107 21 resultatet
729 1270 30 19 att
774 1269 41 20 alla
829 1269 70 27 frågor
913 1269 84 20 komme

182 1300 30 18 att
226 1298 116 20 remitteras
357 1297 32 20 till
404 1298 56 19 detta
476 1298 83 20 utskott.
589 1298 41 25 Jag
644 1299 86 24 antager
750 1299 30 18 att
796 1297 136 26 lagutskottet
949 1297 47 20 icke

182 1329 23 17 är
229 1326 23 20 så
277 1325 128 26 fullkomligt
431 1326 50 19 utan
496 1331 103 21 personer,
615 1331 45 14 som
674 1325 114 20 innehafva
802 1325 63 20 också
879 1324 26 21 de
920 1325 77 26 nödiga

181 1354 200 27 förutsättningarna
395 1353 33 20 för
442 1355 30 19 att
486 1353 104 21 behandla
605 1353 35 20 det
653 1353 160 27 ifrågavarande
827 1353 100 27 förslaget
950 1353 46 20 från

182 1383 122 21 ekonomisk
319 1382 113 27 synpunkt
446 1382 23 20 så
484 1384 31 19 att
529 1382 34 21 det
579 1381 69 22 därför
663 1381 65 27 enligt
742 1382 44 20 min
801 1381 54 22 åsikt
869 1381 46 22 icke
925 1384 23 18 är
959 1388 37 14 an-

181 1411 87 28 ledning
283 1413 29 19 att
326 1411 106 20 remittera
447 1411 147 27 propositonen
609 1410 31 21 till
656 1412 64 19 annat
739 1410 84 21 utskott.
852 1409 145 28 Lagutskottet

180 1440 38 21 har
243 1440 107 21 dessutom
376 1439 7 21 i
405 1439 32 20 sin
462 1439 57 21 makt
534 1440 29 19 att
577 1439 50 20 höra
642 1445 106 20 personer,
762 1438 71 21 hvilka
847 1439 72 21 kunna
935 1445 61 15 anses

181 1475 50 14 vara
251 1467 165 28 säkförständige
436 1467 8 20 i
464 1467 74 28 frågan
559 1467 39 21 och
613 1466 88 22 sålunda
715 1466 42 22 låta
772 1466 41 22 alla
828 1467 25 21 de
869 1467 126 28 omständig-

181 1497 64 27 heter,
259 1496 70 21 hvilka
344 1496 47 21 från
405 1496 122 21 ekonomisk
543 1495 107 28 synpunkt
663 1495 105 21 måhända
780 1502 49 14 vore
840 1498 29 18 att
880 1496 115 28 framhålla,

180 1526 84 20 komma
279 1526 30 19 till
325 1526 33 19 sin
373 1527 44 18 rätt.
