1075 1761
204 136 25 19 72
411 142 174 20 Borgareständet
598 143 52 16 1891.
675 143 12 16 5
699 142 45 16 febr

281 248 167 33 Torsdagen
466 249 57 26 den
541 249 16 26 5
574 248 135 27 februari
728 249 42 26 kl.
786 248 17 27 6
822 255 24 20 e.
863 256 38 19 m.

242 316 41 20 Vid
306 316 90 21 anstäldt
417 323 79 21 upprop
514 317 103 21 befunnos
633 316 92 22 ständets
740 316 96 28 samtliga
850 316 137 21 medlemmar

174 344 135 22 närvarande.

242 443 111 28 Upplästes
368 443 31 20 till
414 443 102 28 justering
531 444 38 20 och
584 443 120 28 godkändes
726 443 101 21 särskilda
842 443 46 22 frän
904 443 82 21 ständet

175 471 103 28 utgäende
293 471 195 28 protokollsutdrag.

242 569 111 27 Upplästes
364 569 101 20 särskilda
474 569 47 21 från
531 569 137 21 medständen
679 569 105 20 ankomna
792 569 194 27 protokollsutdrag.

243 701 129 27 Föredrogos
388 701 100 21 särskilda
503 701 46 21 frän
563 701 146 21 nedannämda
724 701 80 21 utskott
823 701 89 21 anlända
927 701 60 21 skrif-

176 730 72 23 velser,
263 736 26 14 ur
303 730 71 20 hvilka
388 730 101 27 framgick
504 732 29 19 att
547 730 31 21 till
594 730 124 21 ordförande
733 732 74 19 utsetts

243 758 8 21 1
265 758 152 21 statsutskottet
432 759 24 20 hr
470 759 33 21 W.
518 759 147 26 Hackman;

243 788 8 19 i
265 787 136 27 lagutskottet
414 788 26 20 hr
454 788 23 20 R.
492 788 197 27 Montgomery;

243 816 7 20 i
265 816 199 20 ekonomiutskottet
477 816 26 20 hr
516 816 21 20 L.
553 816 22 20 L.
590 816 132 26 Lindelöf;

242 844 8 20 i
265 844 158 21 bankutskottet
436 844 25 20 hr
475 844 114 28 Leopold
605 844 139 27 Mechelin;
760 846 53 19 samt

244 873 7 20 i
265 872 44 28 lag-
324 873 39 21 och
378 873 198 21 ekonomiutskottet
590 873 86 21 friherre
691 874 19 20 J.
727 873 170 27 Gripenberg.

243 1004 58 21 Ifrån
323 1005 52 20 hans
398 1011 44 15 exc.
464 1006 217 26 generalguvernören
699 1006 54 20 hade
775 1006 32 20 till
828 1006 25 20 hr
867 1006 121 20 talmannen

177 1033 86 21 anländt
277 1040 27 14 en
319 1033 115 27 skrifvelse,
449 1034 21 20 af
484 1034 92 21 innehäll
591 1036 30 19 att
635 1034 32 20 till
681 1034 25 20 hr
724 1034 119 21 talmannen
859 1034 129 21 öfversändts

177 1063 28 19 ett
221 1062 107 27 exemplar
342 1062 28 27 pä
384 1062 90 21 svenska
489 1063 38 20 och
541 1062 68 21 finska
624 1062 88 28 spräken
728 1063 21 20 af
763 1063 114 21 relationen
894 1063 31 20 till
940 1062 48 21 Fin-

176 1090 61 20 lands
252 1090 22 20 är
290 1091 53 19 1891
359 1090 124 22 församlade
498 1091 84 21 ständer
597 1091 107 27 angäende
719 1091 190 27 postsparbankens
923 1091 7 20 i
940 1091 48 20 Fin-

176 1118 50 20 land
247 1118 93 21 tillständ
363 1119 38 20 och
421 1118 126 28 förvaltning
562 1119 67 21 under
651 1119 49 21 ären
720 1120 60 26 1887,
804 1120 54 20 1888
874 1120 38 20 och
929 1120 59 25 1889,

177 1146 108 21 äfvensom
299 1149 30 19 att
343 1147 73 27 nödigt
431 1147 56 21 antal
502 1148 106 26 exemplar
623 1148 21 20 af
653 1154 81 14 samma
743 1148 89 20 relation
842 1148 26 26 pä
878 1148 111 20 hvartdera

178 1174 82 27 språket
274 1175 69 20 blifvit
358 1175 7 20 i
381 1175 97 20 afseende
494 1175 12 20 ä
521 1175 109 27 utdelning
645 1175 82 21 ståndet
743 1175 98 21 tillstäldt.

244 1231 31 20 På
296 1231 78 27 förslag
396 1231 21 20 af
436 1231 25 20 hr
483 1231 164 22 Serlachius
668 1232 43 21 blef
729 1232 158 27 ifrågavarande
902 1232 87 21 relation

178 1259 99 27 bordlagd
293 1259 32 21 till
339 1260 65 20 första
418 1260 86 27 plenum
518 1261 7 19 i
540 1262 59 19 nästa
614 1261 69 20 vecka.

245 1389 32 21 Hr
299 1389 121 21 talmannen
442 1390 128 26 meddelade,
590 1392 29 18 att
634 1390 229 21 talmanskonferensen
878 1390 35 21 vid
928 1390 7 21 i
951 1390 40 28 dag

178 1418 63 21 hållet
263 1418 153 21 sammanträde
438 1420 68 19 ansett
521 1418 34 21 det
571 1426 48 13 vara
634 1418 21 21 af
669 1418 99 22 behofvet
782 1419 106 27 påkalladt
901 1421 35 25 att,
959 1426 31 14 se-

179 1447 40 21 dan
234 1454 88 14 numera
336 1447 102 21 särskilda
452 1448 110 26 petitioner
583 1454 34 14 om
632 1447 78 28 förslag
724 1448 32 20 till
770 1448 221 27 järnvägsbyggnader

178 1475 31 21 till
231 1475 25 21 de
278 1476 117 27 respektive
417 1475 87 22 stånden
519 1476 118 27 inlämnats,
659 1478 29 19 ett
703 1477 97 20 särskildt
814 1477 177 27 järnvägsutskott

178 1504 69 21 blefve
262 1504 73 21 tillsatt
349 1505 32 20 för
396 1505 142 27 beredningen
553 1505 21 20 af
589 1505 60 21 dessa
663 1505 76 28 frågor,
754 1506 38 20 och
807 1505 67 21 skulle
890 1506 57 21 detta
959 1509 31 18 ut-

178 1533 55 20 skott
248 1533 57 21 bestå
321 1533 20 20 af
357 1533 25 20 16
398 1533 114 21 ledamöter
527 1534 38 20 och
581 1534 12 20 8
608 1533 138 28 suppleanter.
