1075 1759
339 140 175 22 Borgareståndet
525 141 53 17 1891.
602 141 12 17 7
626 140 50 18 febr.
850 134 39 21 101

169 220 12 20 I
199 219 92 28 enlighet
312 219 48 21 med
375 220 25 20 hr
415 220 162 21 Junnelius?
593 220 98 21 anhållan
706 220 68 21 beslöt
789 219 82 22 ståndet
885 226 32 15 re-

102 249 84 21 mittera
199 248 116 28 petitionen
329 248 33 21 till
377 248 105 22 allmänna
497 249 190 21 besvärsutskottet.

169 412 33 21 Hr
224 412 140 22 Sundman
386 414 95 27 uppläste
503 416 29 19 ett
552 414 21 21 af
587 414 78 21 honom
679 414 118 20 inlämnadt
810 413 107 28 petitions-

102 441 110 21 memorial
227 441 21 21 af
262 441 92 27 följande
369 442 90 27 lydelse:

334 527 39 20 Till
388 527 105 28 vällofliga
508 527 175 29 borgareståndet.

169 589 41 21 För
224 589 245 21 kommunikationernas
482 590 142 21 förbättrande
639 590 8 20 i
661 590 107 21 mellersta
779 590 89 20 Finland
880 590 37 20 har

102 618 65 20 sedan
188 624 38 20 par
248 618 113 20 decennier
382 618 108 27 ifrågasats
513 621 29 19 att
561 619 118 21 kanalisera
701 618 35 22 det
760 620 157 25 vattensystem,

102 652 45 15 som
169 646 47 20 från
238 646 82 20 Keitele
343 646 39 20 och
404 646 121 22 Konnevesi
546 648 56 26 sjöar
623 649 114 24 utmynnar
755 647 8 20 i
778 647 85 26 Päijäne
879 646 38 21 och

103 674 122 27 därigenom
247 674 102 27 befrämja
371 674 137 22 samfärdseln
523 676 90 20 emellan
628 675 148 27 ditgränsande
791 674 127 22 vidsträckta

101 703 79 21 trakter
194 702 26 27 på
235 709 26 14 en
276 702 209 28 längdutsträckning
499 704 22 20 af
534 704 97 27 omkring
646 704 26 20 20
688 704 42 20 mil.

170 730 69 22 Sedan
261 731 82 21 landets
365 732 134 26 järnvägsnät
521 732 114 22 emellertid
660 732 69 21 blifvit
752 732 101 21 utsträckt
874 733 44 19 mot

101 766 51 14 norr
165 760 8 20 i
187 759 109 27 jämbredd
311 760 49 21 med
375 760 61 21 dessa
455 761 122 27 vattendrag
597 761 38 21 har
649 761 58 21 inom
721 760 118 28 Kejserliga
853 760 65 21 Sena-

101 790 36 20 ten
152 788 114 21 framstälts
280 788 79 28 förslag
373 790 30 20 att
417 789 8 20 i
440 790 68 20 stället
522 790 32 21 för
569 790 69 21 denna
652 790 141 26 kanalisering
804 796 76 20 genom
890 795 27 15 en

101 817 266 27 sammanbindningsbana
389 818 90 20 emellan
502 818 109 22 Savolaks-
634 819 38 21 och
694 818 160 21 Wasabanorna
875 817 41 21 till-

102 846 78 27 godose
196 846 56 20 detta
267 846 129 21 trafikbehof.

168 874 12 20 I
200 874 74 21 sådant
296 874 55 27 syfte
372 875 38 20 har
431 874 117 29 Kejserliga
569 875 92 21 Senaten
681 875 46 21 låtit
749 881 76 21 genom
843 881 27 14 en
885 874 32 21 för

102 902 120 22 ändamälet
236 903 73 21 tillsatt
323 903 78 21 komitö
417 904 66 20 under
497 904 109 26 nysslidne
617 910 91 14 sommar
718 904 111 21 värkställa
840 903 77 21 under-

102 931 90 27 sökning
206 931 22 21 af
242 931 80 21 banans
337 932 126 28 sträckning,
478 932 69 21 affatta
562 932 84 28 profiler
656 932 58 21 öfver
725 932 67 27 linjen
802 934 53 18 samt
865 938 52 20 upp-

102 962 50 25 göra
173 960 179 27 kostnadsförslag
371 960 33 21 för
424 961 47 20 dess
493 961 117 27 byggande,
632 960 124 28 uppgäende
778 960 32 21 till
825 966 26 15 en
866 960 51 20 slut-

102 994 82 15 summa
200 988 20 20 af
236 988 96 28 omkring
347 989 109 26 8,500,000
472 990 63 20 mark.

173 1016 29 21 Då
216 1016 81 22 banans
313 1017 111 27 byggande
439 1018 7 20 i
461 1018 47 20 hela
523 1018 47 21 dess
580 1018 144 27 utsträckning
734 1018 69 20 under
812 1018 105 20 närmaste

101 1045 85 21 framtid
202 1045 20 21 af
236 1045 120 21 financiella
366 1046 45 20 skäl
425 1046 47 21 icke
487 1047 42 20 kan
543 1046 157 28 ifrägakomma,
714 1052 50 15 men
779 1046 41 20 den
835 1045 82 27 bandel,

102 1080 45 14 som
169 1074 61 27 utgår
251 1074 47 20 från
319 1074 130 28 Suonenjoki
469 1076 75 20 station
559 1075 12 21 å
586 1075 171 21 Savolaksbanan
773 1075 38 21 och
826 1074 92 21 sträcker

102 1103 32 27 sig
148 1102 32 21 till
195 1102 100 22 stranden
310 1103 21 20 af
345 1103 83 21 Keitele
443 1104 37 26 sjö,
495 1104 67 21 skulle
578 1104 32 21 för
624 1104 62 21 trafik
700 1106 69 25 öppna
779 1105 66 19 större
855 1102 62 22 delen

102 1131 20 21 af
145 1131 25 21 de
191 1131 79 21 trakter
291 1138 46 14 som
359 1132 279 28 sammanbindningsbanan
660 1133 56 21 afser
735 1134 30 19 att
779 1132 84 27 betjäna
879 1131 38 21 och

102 1160 47 20 dess
172 1160 121 27 sträckning
313 1160 66 21 sådan
400 1161 40 21 den
455 1161 117 27 föreslagits
587 1161 21 21 af
621 1161 123 21 förenämda
758 1161 78 21 komitö
851 1160 66 21 betin-

102 1194 36 22 gas
153 1188 21 20 af
188 1188 92 21 rädande
296 1189 235 28 terrängförhällanden,
546 1190 22 20 sä
583 1190 33 20 fär
629 1190 107 20 vördsamt
750 1190 35 27 jag
800 1188 83 22 anhälla

306 1276 33 18 att
360 1274 111 28 vällofliga
493 1274 173 28 borgareständet
685 1274 51 21 ville
752 1275 115 20 medvärka
882 1274 35 22 till

238 1309 26 13 en
279 1302 137 28 underdänig
428 1303 95 27 petition
536 1304 76 20 därom
623 1305 33 19 att
664 1303 179 21 nästkommande
853 1305 62 19 stän-

238 1331 36 20 der
290 1330 67 28 blefve
371 1331 111 27 förelagda
497 1339 27 13 en
534 1332 140 27 proposition
686 1339 35 13 om
733 1332 110 28 byggande
855 1332 28 27 af
890 1339 28 14 en

237 1360 287 27 sammantbindningsbana,
544 1367 53 20 som,
618 1360 105 28 utgående
744 1360 55 28 från
815 1360 100 22 Suonen-

232 1388 50 26 joki
302 1388 82 19 station
406 1388 14 19 å
441 1388 103 20 Savolaks
559 1389 103 26 järnväg,
683 1389 68 19 skulle
772 1389 121 26 framföras
907 1389 12 19 i

238 1415 84 21 trakten
337 1415 28 27 af
376 1415 145 27 Rautalampi
534 1416 86 20 sockens
635 1416 67 27 kyrka
717 1416 38 20 och
770 1416 73 20 vidare
857 1416 62 27 öfver

237 1443 122 21 Kivisalmi
372 1444 58 20 sund
445 1444 28 26 af
484 1444 122 20 Konnevesi
622 1444 73 20 beröra
709 1444 82 21 Keitele
803 1445 33 27 sjö
844 1445 10 20 i
863 1444 52 28 näj-

238 1472 40 20 den
293 1472 29 26 af
332 1472 75 20 Kuhio
422 1472 39 21 och
474 1472 102 27 fortsätta
591 1472 35 21 till
634 1472 90 28 lämplig
731 1473 73 27 punkt
822 1473 5 21 ä
839 1472 78 22 Wasa-

238 1500 80 27 banan,
340 1500 39 21 och
393 1502 32 19 att
441 1500 143 22 bansträekan
604 1500 129 28 Suonenjoki
748 1501 94 27 —Kuhio,
857 1508 59 21 upp-

236 1528 81 28 gäende
337 1529 10 21 i
368 1529 65 27 längd
448 1529 34 21 till
497 1530 98 27 omkring
610 1530 31 20 40
656 1530 115 27 kilometer,
787 1530 66 28 blefre
868 1530 50 22 med
