<?xml version="1.0" encoding="UTF-8"?>
<alto xmlns="http://www.loc.gov/standards/alto/ns-v3#" xmlns:xlink="http://www.w3.org/1999/xlink" xmlns:xsi="http://www.w3.org/2001/XMLSchema-instance" xsi:schemaLocation="http://www.loc.gov/standards/alto/ns-v3# http://www.loc.gov/alto/v3/alto-3-0.xsd">
	<Description>
		<MeasurementUnit>pixel</MeasurementUnit>
		<sourceImageInformation>
			<fileName>/tmp/tess_ktpiun04_input.PNG</fileName>
		</sourceImageInformation>
		<OCRProcessing ID="OCR_0">
			<ocrProcessingStep>
				<processingSoftware>
					<softwareName>tesseract 5.3.4</softwareName>
				</processingSoftware>
			</ocrProcessingStep>
		</OCRProcessing>
	</Description>
	<Layout>
		<Page WIDTH="1075" HEIGHT="1759" PHYSICAL_IMG_NR="0" ID="page_0">
			<PrintSpace HPOS="0" VPOS="0" WIDTH="1075" HEIGHT="1759">
				<ComposedBlock ID="cblock_0" HPOS="339" VPOS="116" WIDTH="554" HEIGHT="26">
					<TextBlock ID="block_0" HPOS="339" VPOS="116" WIDTH="554" HEIGHT="26">
						<TextLine ID="line_0" HPOS="339" VPOS="116" WIDTH="554" HEIGHT="26">
							<String ID="string_0" HPOS="339" VPOS="121" WIDTH="177" HEIGHT="21" WC="0.91" CONTENT="Borgareståndet"/><SP WIDTH="11" VPOS="121" HPOS="516"/>
							<String ID="string_1" HPOS="527" VPOS="122" WIDTH="52" HEIGHT="17" WC="0.96" CONTENT="1891."/><SP WIDTH="23" VPOS="122" HPOS="579"/>
							<String ID="string_2" HPOS="602" VPOS="122" WIDTH="28" HEIGHT="16" WC="0.96" CONTENT="28"/><SP WIDTH="11" VPOS="122" HPOS="630"/>
							<String ID="string_3" HPOS="641" VPOS="122" WIDTH="42" HEIGHT="20" WC="0.96" CONTENT="jan."/><SP WIDTH="183" VPOS="122" HPOS="683"/>
							<String ID="string_4" HPOS="866" VPOS="116" WIDTH="27" HEIGHT="20" WC="0.96" CONTENT="29"/>
						</TextLine>
					</TextBlock>
				</ComposedBlock>
				<GraphicalElement ID="cblock_1" HPOS="106" VPOS="155" WIDTH="816" HEIGHT="4"></GraphicalElement >
				<ComposedBlock ID="cblock_2" HPOS="786" VPOS="173" WIDTH="9" HEIGHT="12">
					<TextBlock ID="block_1" HPOS="786" VPOS="173" WIDTH="9" HEIGHT="12">
						<TextLine ID="line_1" HPOS="786" VPOS="173" WIDTH="9" HEIGHT="12">
							<String ID="string_5" HPOS="786" VPOS="173" WIDTH="9" HEIGHT="12" WC="0.76" CONTENT=",”"/>
						</TextLine>
					</TextBlock>
				</ComposedBlock>
				<ComposedBlock ID="cblock_3" HPOS="104" VPOS="201" WIDTH="820" HEIGHT="1054">
					<TextBlock ID="block_2" HPOS="104" VPOS="201" WIDTH="819" HEIGHT="282">
						<TextLine ID="line_2" HPOS="105" VPOS="201" WIDTH="817" HEIGHT="27">
							<String ID="string_6" HPOS="105" VPOS="201" WIDTH="66" HEIGHT="21" WC="0.91" CONTENT="mitkä"/><SP WIDTH="15" VPOS="201" HPOS="171"/>
							<String ID="string_7" HPOS="186" VPOS="201" WIDTH="78" HEIGHT="21" WC="0.91" CONTENT="miehet"/><SP WIDTH="14" VPOS="201" HPOS="264"/>
							<String ID="string_8" HPOS="278" VPOS="201" WIDTH="253" HEIGHT="21" WC="0.91" CONTENT="kunnallislautakunnan"/><SP WIDTH="14" VPOS="201" HPOS="531"/>
							<String ID="string_9" HPOS="545" VPOS="201" WIDTH="56" HEIGHT="21" WC="0.93" CONTENT="tulee"/><SP WIDTH="15" VPOS="201" HPOS="601"/>
							<String ID="string_10" HPOS="616" VPOS="201" WIDTH="175" HEIGHT="27" WC="0.91" CONTENT="maanomistajan"/><SP WIDTH="12" VPOS="201" HPOS="791"/>
							<String ID="string_11" HPOS="803" VPOS="202" WIDTH="119" HEIGHT="26" WC="0.91" CONTENT="pyynnöstä"/>
						</TextLine>
						<TextLine ID="line_3" HPOS="105" VPOS="229" WIDTH="817" HEIGHT="27">
							<String ID="string_12" HPOS="105" VPOS="230" WIDTH="40" HEIGHT="20" WC="0.93" CONTENT="sitä"/><SP WIDTH="15" VPOS="230" HPOS="145"/>
							<String ID="string_13" HPOS="160" VPOS="231" WIDTH="73" HEIGHT="19" WC="0.92" CONTENT="varten"/><SP WIDTH="14" VPOS="231" HPOS="233"/>
							<String ID="string_14" HPOS="247" VPOS="230" WIDTH="100" HEIGHT="20" WC="0.88" CONTENT="nimittää."/><SP WIDTH="30" VPOS="230" HPOS="347"/>
							<String ID="string_15" HPOS="377" VPOS="229" WIDTH="181" HEIGHT="22" WC="0.90" CONTENT="Katselmuksesta"/><SP WIDTH="15" VPOS="229" HPOS="558"/>
							<String ID="string_16" HPOS="573" VPOS="230" WIDTH="89" HEIGHT="20" WC="0.92" CONTENT="tehdään"/><SP WIDTH="14" VPOS="230" HPOS="662"/>
							<String ID="string_17" HPOS="676" VPOS="229" WIDTH="121" HEIGHT="27" WC="0.91" CONTENT="kirjallinen"/><SP WIDTH="12" VPOS="229" HPOS="797"/>
							<String ID="string_18" HPOS="809" VPOS="230" WIDTH="113" HEIGHT="26" WC="0.91" CONTENT="kertomus,"/>
						</TextLine>
						<TextLine ID="line_4" HPOS="104" VPOS="258" WIDTH="818" HEIGHT="27">
							<String ID="string_19" HPOS="104" VPOS="258" WIDTH="66" HEIGHT="27" WC="0.90" CONTENT="jonka"/><SP WIDTH="18" VPOS="258" HPOS="170"/>
							<String ID="string_20" HPOS="188" VPOS="258" WIDTH="61" HEIGHT="26" WC="0.92" CONTENT="pitää,"/><SP WIDTH="15" VPOS="258" HPOS="249"/>
							<String ID="string_21" HPOS="264" VPOS="258" WIDTH="44" HEIGHT="20" WC="0.93" CONTENT="kun"/><SP WIDTH="17" VPOS="258" HPOS="308"/>
							<String ID="string_22" HPOS="325" VPOS="258" WIDTH="194" HEIGHT="21" WC="0.91" CONTENT="lähtökatselmusta"/><SP WIDTH="14" VPOS="258" HPOS="519"/>
							<String ID="string_23" HPOS="533" VPOS="258" WIDTH="135" HEIGHT="25" WC="0.89" CONTENT="toimitetaan,"/><SP WIDTH="22" VPOS="258" HPOS="668"/>
							<String ID="string_24" HPOS="690" VPOS="258" WIDTH="120" HEIGHT="20" WC="0.92" CONTENT="sisältämän"/><SP WIDTH="14" VPOS="258" HPOS="810"/>
							<String ID="string_25" HPOS="824" VPOS="258" WIDTH="98" HEIGHT="26" WC="0.91" CONTENT="myöskin"/>
						</TextLine>
						<TextLine ID="line_5" HPOS="105" VPOS="286" WIDTH="817" HEIGHT="26">
							<String ID="string_26" HPOS="105" VPOS="286" WIDTH="109" HEIGHT="20" WC="0.91" CONTENT="uskottuin"/><SP WIDTH="14" VPOS="286" HPOS="214"/>
							<String ID="string_27" HPOS="228" VPOS="286" WIDTH="90" HEIGHT="20" WC="0.96" CONTENT="miesten"/><SP WIDTH="15" VPOS="286" HPOS="318"/>
							<String ID="string_28" HPOS="333" VPOS="286" WIDTH="106" HEIGHT="26" WC="0.95" CONTENT="lausunto,"/><SP WIDTH="21" VPOS="286" HPOS="439"/>
							<String ID="string_29" HPOS="460" VPOS="286" WIDTH="64" HEIGHT="21" WC="0.96" CONTENT="missä"/><SP WIDTH="13" VPOS="286" HPOS="524"/>
							<String ID="string_30" HPOS="537" VPOS="286" WIDTH="81" HEIGHT="20" WC="0.96" CONTENT="määrin"/><SP WIDTH="14" VPOS="286" HPOS="618"/>
							<String ID="string_31" HPOS="632" VPOS="292" WIDTH="48" HEIGHT="14" WC="0.96" CONTENT="maa"/><SP WIDTH="14" VPOS="292" HPOS="680"/>
							<String ID="string_32" HPOS="694" VPOS="286" WIDTH="29" HEIGHT="20" WC="0.96" CONTENT="tai"/><SP WIDTH="15" VPOS="286" HPOS="723"/>
							<String ID="string_33" HPOS="738" VPOS="286" WIDTH="53" HEIGHT="20" WC="0.96" CONTENT="siinä"/><SP WIDTH="16" VPOS="286" HPOS="791"/>
							<String ID="string_34" HPOS="807" VPOS="286" WIDTH="68" HEIGHT="20" WC="0.93" CONTENT="olevat"/><SP WIDTH="14" VPOS="286" HPOS="875"/>
							<String ID="string_35" HPOS="889" VPOS="292" WIDTH="33" HEIGHT="14" WC="0.93" CONTENT="ra-"/>
						</TextLine>
						<TextLine ID="line_6" HPOS="104" VPOS="313" WIDTH="819" HEIGHT="28">
							<String ID="string_36" HPOS="104" VPOS="313" WIDTH="126" HEIGHT="27" WC="0.92" CONTENT="kennukset,"/><SP WIDTH="15" VPOS="313" HPOS="230"/>
							<String ID="string_37" HPOS="245" VPOS="313" WIDTH="56" HEIGHT="21" WC="0.95" CONTENT="aidat"/><SP WIDTH="14" VPOS="313" HPOS="301"/>
							<String ID="string_38" HPOS="315" VPOS="314" WIDTH="21" HEIGHT="27" WC="0.96" CONTENT="ja"/><SP WIDTH="14" VPOS="314" HPOS="336"/>
							<String ID="string_39" HPOS="350" VPOS="315" WIDTH="62" HEIGHT="19" WC="0.96" CONTENT="muut"/><SP WIDTH="14" VPOS="315" HPOS="412"/>
							<String ID="string_40" HPOS="426" VPOS="313" WIDTH="97" HEIGHT="22" WC="0.96" CONTENT="laitokset"/><SP WIDTH="10" VPOS="313" HPOS="523"/>
							<String ID="string_41" HPOS="533" VPOS="317" WIDTH="47" HEIGHT="18" WC="0.96" CONTENT="ovat"/><SP WIDTH="11" VPOS="317" HPOS="580"/>
							<String ID="string_42" HPOS="591" VPOS="314" WIDTH="138" HEIGHT="27" WC="0.96" CONTENT="vuokra-ajan"/><SP WIDTH="9" VPOS="314" HPOS="729"/>
							<String ID="string_43" HPOS="738" VPOS="314" WIDTH="100" HEIGHT="21" WC="0.93" CONTENT="kuluessa"/><SP WIDTH="10" VPOS="314" HPOS="838"/>
							<String ID="string_44" HPOS="848" VPOS="320" WIDTH="75" HEIGHT="21" WC="0.91" CONTENT="paran-"/>
						</TextLine>
						<TextLine ID="line_7" HPOS="104" VPOS="342" WIDTH="819" HEIGHT="27">
							<String ID="string_45" HPOS="104" VPOS="343" WIDTH="75" HEIGHT="20" WC="0.96" CONTENT="tuneet"/><SP WIDTH="15" VPOS="343" HPOS="179"/>
							<String ID="string_46" HPOS="194" VPOS="342" WIDTH="27" HEIGHT="21" WC="0.96" CONTENT="tai"/><SP WIDTH="15" VPOS="342" HPOS="221"/>
							<String ID="string_47" HPOS="236" VPOS="342" WIDTH="165" HEIGHT="21" WC="0.96" CONTENT="huonontuneet."/><SP WIDTH="30" VPOS="342" HPOS="401"/>
							<String ID="string_48" HPOS="431" VPOS="342" WIDTH="38" HEIGHT="21" WC="0.96" CONTENT="Jos"/><SP WIDTH="15" VPOS="342" HPOS="469"/>
							<String ID="string_49" HPOS="484" VPOS="343" WIDTH="158" HEIGHT="26" WC="0.96" CONTENT="maanomistaja"/><SP WIDTH="15" VPOS="343" HPOS="642"/>
							<String ID="string_50" HPOS="657" VPOS="342" WIDTH="108" HEIGHT="27" WC="0.96" CONTENT="laiminlyö"/><SP WIDTH="16" VPOS="342" HPOS="765"/>
							<String ID="string_51" HPOS="781" VPOS="343" WIDTH="56" HEIGHT="26" WC="0.93" CONTENT="pitää"/><SP WIDTH="11" VPOS="343" HPOS="837"/>
							<String ID="string_52" HPOS="848" VPOS="342" WIDTH="75" HEIGHT="21" WC="0.92" CONTENT="maini-"/>
						</TextLine>
						<TextLine ID="line_8" HPOS="106" VPOS="370" WIDTH="817" HEIGHT="28">
							<String ID="string_53" HPOS="106" VPOS="370" WIDTH="64" HEIGHT="21" WC="0.95" CONTENT="tuista"/><SP WIDTH="21" VPOS="370" HPOS="170"/>
							<String ID="string_54" HPOS="191" VPOS="370" WIDTH="170" HEIGHT="21" WC="0.96" CONTENT="katselmuksista"/><SP WIDTH="21" VPOS="370" HPOS="361"/>
							<String ID="string_55" HPOS="382" VPOS="371" WIDTH="72" HEIGHT="27" WC="0.93" CONTENT="tointa,"/><SP WIDTH="23" VPOS="371" HPOS="454"/>
							<String ID="string_56" HPOS="477" VPOS="371" WIDTH="76" HEIGHT="21" WC="0.96" CONTENT="olkoon"/><SP WIDTH="21" VPOS="371" HPOS="553"/>
							<String ID="string_57" HPOS="574" VPOS="372" WIDTH="132" HEIGHT="25" WC="0.96" CONTENT="menettänyt"/><SP WIDTH="15" VPOS="372" HPOS="706"/>
							<String ID="string_58" HPOS="721" VPOS="371" WIDTH="124" HEIGHT="21" WC="0.96" CONTENT="oikeutensa"/><SP WIDTH="14" VPOS="371" HPOS="845"/>
							<String ID="string_59" HPOS="859" VPOS="371" WIDTH="64" HEIGHT="21" WC="0.97" CONTENT="saada"/>
						</TextLine>
						<TextLine ID="line_9" HPOS="105" VPOS="398" WIDTH="818" HEIGHT="29">
							<String ID="string_60" HPOS="105" VPOS="398" WIDTH="114" HEIGHT="21" WC="0.96" CONTENT="korvausta"/><SP WIDTH="15" VPOS="398" HPOS="219"/>
							<String ID="string_61" HPOS="234" VPOS="399" WIDTH="142" HEIGHT="21" WC="0.96" CONTENT="rakennusten"/><SP WIDTH="16" VPOS="399" HPOS="376"/>
							<String ID="string_62" HPOS="392" VPOS="399" WIDTH="29" HEIGHT="20" WC="0.93" CONTENT="tai"/><SP WIDTH="14" VPOS="399" HPOS="421"/>
							<String ID="string_63" HPOS="435" VPOS="399" WIDTH="86" HEIGHT="21" WC="0.93" CONTENT="tilusten"/><SP WIDTH="14" VPOS="399" HPOS="521"/>
							<String ID="string_64" HPOS="535" VPOS="400" WIDTH="198" HEIGHT="27" WC="0.92" CONTENT="rappeutumisesta;"/><SP WIDTH="16" VPOS="400" HPOS="733"/>
							<String ID="string_65" HPOS="749" VPOS="400" WIDTH="20" HEIGHT="26" WC="0.96" CONTENT="ja"/><SP WIDTH="13" VPOS="400" HPOS="769"/>
							<String ID="string_66" HPOS="782" VPOS="400" WIDTH="77" HEIGHT="21" WC="0.96" CONTENT="olkoon"/><SP WIDTH="10" VPOS="400" HPOS="859"/>
							<String ID="string_67" HPOS="869" VPOS="400" WIDTH="54" HEIGHT="20" WC="0.96" CONTENT="siinä"/>
						</TextLine>
						<TextLine ID="line_10" HPOS="105" VPOS="427" WIDTH="818" HEIGHT="28">
							<String ID="string_68" HPOS="105" VPOS="427" WIDTH="136" HEIGHT="27" WC="0.93" CONTENT="tapauksessa"/><SP WIDTH="22" VPOS="427" HPOS="241"/>
							<String ID="string_69" HPOS="263" VPOS="427" WIDTH="132" HEIGHT="21" WC="0.91" CONTENT="vuokramies"/><SP WIDTH="23" VPOS="427" HPOS="395"/>
							<String ID="string_70" HPOS="418" VPOS="429" WIDTH="29" HEIGHT="19" WC="0.96" CONTENT="tai"/><SP WIDTH="19" VPOS="429" HPOS="447"/>
							<String ID="string_71" HPOS="466" VPOS="428" WIDTH="68" HEIGHT="21" WC="0.89" CONTENT="hänen"/><SP WIDTH="24" VPOS="428" HPOS="534"/>
							<String ID="string_72" HPOS="558" VPOS="429" WIDTH="122" HEIGHT="20" WC="0.95" CONTENT="oikeutensa"/><SP WIDTH="16" VPOS="429" HPOS="680"/>
							<String ID="string_73" HPOS="696" VPOS="428" WIDTH="95" HEIGHT="27" WC="0.96" CONTENT="omistaja"/><SP WIDTH="16" VPOS="428" HPOS="791"/>
							<String ID="string_74" HPOS="807" VPOS="428" WIDTH="116" HEIGHT="21" WC="0.96" CONTENT="oikeutettu"/>
						</TextLine>
						<TextLine ID="line_11" HPOS="105" VPOS="455" WIDTH="284" HEIGHT="28">
							<String ID="string_75" HPOS="105" VPOS="455" WIDTH="138" HEIGHT="22" WC="0.91" CONTENT="katselmusta"/><SP WIDTH="14" VPOS="455" HPOS="243"/>
							<String ID="string_76" HPOS="257" VPOS="457" WIDTH="132" HEIGHT="26" WC="0.96" CONTENT="pyytämään."/>
						</TextLine>
					</TextBlock>
					<TextBlock ID="block_3" HPOS="105" VPOS="483" WIDTH="818" HEIGHT="56">
						<TextLine ID="line_12" HPOS="173" VPOS="483" WIDTH="750" HEIGHT="29">
							<String ID="string_77" HPOS="173" VPOS="483" WIDTH="161" HEIGHT="22" WC="0.89" CONTENT="Kustannukset"/><SP WIDTH="21" VPOS="483" HPOS="334"/>
							<String ID="string_78" HPOS="355" VPOS="484" WIDTH="175" HEIGHT="22" WC="0.89" CONTENT="katselmuksesta"/><SP WIDTH="14" VPOS="484" HPOS="530"/>
							<String ID="string_79" HPOS="544" VPOS="487" WIDTH="49" HEIGHT="19" WC="0.97" CONTENT="ovat"/><SP WIDTH="14" VPOS="487" HPOS="593"/>
							<String ID="string_80" HPOS="607" VPOS="485" WIDTH="151" HEIGHT="21" WC="0.96" CONTENT="asianosaisten"/><SP WIDTH="15" VPOS="485" HPOS="758"/>
							<String ID="string_81" HPOS="773" VPOS="485" WIDTH="150" HEIGHT="27" WC="0.95" CONTENT="suoritettavat,"/>
						</TextLine>
						<TextLine ID="line_13" HPOS="105" VPOS="512" WIDTH="256" HEIGHT="27">
							<String ID="string_82" HPOS="105" VPOS="512" WIDTH="96" HEIGHT="27" WC="0.96" CONTENT="puoleksi"/><SP WIDTH="15" VPOS="512" HPOS="201"/>
							<String ID="string_83" HPOS="216" VPOS="512" WIDTH="145" HEIGHT="21" WC="0.96" CONTENT="kummankin."/>
						</TextLine>
					</TextBlock>
					<TextBlock ID="block_4" HPOS="106" VPOS="541" WIDTH="817" HEIGHT="51">
						<TextLine ID="line_14" HPOS="174" VPOS="541" WIDTH="749" HEIGHT="28">
							<String ID="string_84" HPOS="174" VPOS="541" WIDTH="100" HEIGHT="21" WC="0.95" CONTENT="Senaatin"/><SP WIDTH="21" VPOS="541" HPOS="274"/>
							<String ID="string_85" HPOS="295" VPOS="541" WIDTH="71" HEIGHT="21" WC="0.95" CONTENT="asiana"/><SP WIDTH="23" VPOS="541" HPOS="366"/>
							<String ID="string_86" HPOS="389" VPOS="548" WIDTH="27" HEIGHT="14" WC="0.96" CONTENT="on"/><SP WIDTH="25" VPOS="548" HPOS="416"/>
							<String ID="string_87" HPOS="441" VPOS="544" WIDTH="61" HEIGHT="19" WC="0.95" CONTENT="antaa"/><SP WIDTH="20" VPOS="544" HPOS="502"/>
							<String ID="string_88" HPOS="522" VPOS="542" WIDTH="124" HEIGHT="21" WC="0.87" CONTENT="tarkemmat"/><SP WIDTH="26" VPOS="542" HPOS="646"/>
							<String ID="string_89" HPOS="672" VPOS="541" WIDTH="132" HEIGHT="27" WC="0.93" CONTENT="määräykset"/><SP WIDTH="22" VPOS="541" HPOS="804"/>
							<String ID="string_90" HPOS="826" VPOS="541" WIDTH="54" HEIGHT="22" WC="0.92" CONTENT="tulo-"/><SP WIDTH="22" VPOS="541" HPOS="880"/>
							<String ID="string_91" HPOS="902" VPOS="542" WIDTH="21" HEIGHT="27" WC="0.96" CONTENT="ja"/>
						</TextLine>
						<TextLine ID="line_15" HPOS="106" VPOS="569" WIDTH="654" HEIGHT="23">
							<String ID="string_92" HPOS="106" VPOS="569" WIDTH="228" HEIGHT="22" WC="0.91" CONTENT="lähtökatselmuksista"/><SP WIDTH="15" VPOS="569" HPOS="334"/>
							<String ID="string_93" HPOS="349" VPOS="570" WIDTH="50" HEIGHT="21" WC="0.96" CONTENT="sekä"/><SP WIDTH="14" VPOS="570" HPOS="399"/>
							<String ID="string_94" HPOS="413" VPOS="570" WIDTH="67" HEIGHT="21" WC="0.96" CONTENT="miten"/><SP WIDTH="14" VPOS="570" HPOS="480"/>
							<String ID="string_95" HPOS="494" VPOS="570" WIDTH="64" HEIGHT="21" WC="0.96" CONTENT="niissä"/><SP WIDTH="15" VPOS="570" HPOS="558"/>
							<String ID="string_96" HPOS="573" VPOS="577" WIDTH="28" HEIGHT="14" WC="0.93" CONTENT="on"/><SP WIDTH="14" VPOS="577" HPOS="601"/>
							<String ID="string_97" HPOS="615" VPOS="571" WIDTH="145" HEIGHT="21" WC="0.93" CONTENT="meneteltävä."/>
						</TextLine>
					</TextBlock>
					<TextBlock ID="block_5" HPOS="105" VPOS="598" WIDTH="819" HEIGHT="343">
						<TextLine ID="line_16" HPOS="174" VPOS="598" WIDTH="749" HEIGHT="29">
							<String ID="string_98" HPOS="174" VPOS="598" WIDTH="42" HEIGHT="21" WC="0.93" CONTENT="Vid"/><SP WIDTH="16" VPOS="598" HPOS="216"/>
							<String ID="string_99" HPOS="232" VPOS="599" WIDTH="56" HEIGHT="20" WC="0.90" CONTENT="säväl"/><SP WIDTH="15" VPOS="599" HPOS="288"/>
							<String ID="string_100" HPOS="303" VPOS="598" WIDTH="100" HEIGHT="21" WC="0.88" CONTENT="tillträdet"/><SP WIDTH="15" VPOS="598" HPOS="403"/>
							<String ID="string_101" HPOS="418" VPOS="605" WIDTH="45" HEIGHT="15" WC="0.93" CONTENT="som"/><SP WIDTH="16" VPOS="605" HPOS="463"/>
							<String ID="string_102" HPOS="479" VPOS="599" WIDTH="87" HEIGHT="22" WC="0.92" CONTENT="afträdet"/><SP WIDTH="16" VPOS="599" HPOS="566"/>
							<String ID="string_103" HPOS="582" VPOS="599" WIDTH="20" HEIGHT="21" WC="0.93" CONTENT="af"/><SP WIDTH="15" VPOS="599" HPOS="602"/>
							<String ID="string_104" HPOS="617" VPOS="599" WIDTH="12" HEIGHT="20" WC="0.92" CONTENT="&amp;"/><SP WIDTH="15" VPOS="599" HPOS="629"/>
							<String ID="string_105" HPOS="644" VPOS="599" WIDTH="47" HEIGHT="28" WC="0.93" CONTENT="lega"/><SP WIDTH="12" VPOS="599" HPOS="691"/>
							<String ID="string_106" HPOS="703" VPOS="599" WIDTH="99" HEIGHT="28" WC="0.92" CONTENT="uppläten"/><SP WIDTH="11" VPOS="599" HPOS="802"/>
							<String ID="string_107" HPOS="813" VPOS="599" WIDTH="46" HEIGHT="27" WC="0.96" CONTENT="jord"/><SP WIDTH="11" VPOS="599" HPOS="859"/>
							<String ID="string_108" HPOS="870" VPOS="599" WIDTH="53" HEIGHT="21" WC="0.96" CONTENT="skall"/>
						</TextLine>
						<TextLine ID="line_17" HPOS="105" VPOS="626" WIDTH="819" HEIGHT="29">
							<String ID="string_109" HPOS="105" VPOS="626" WIDTH="59" HEIGHT="21" WC="0.96" CONTENT="inom"/><SP WIDTH="22" VPOS="626" HPOS="164"/>
							<String ID="string_110" HPOS="186" VPOS="629" WIDTH="30" HEIGHT="18" WC="0.93" CONTENT="tre"/><SP WIDTH="20" VPOS="629" HPOS="216"/>
							<String ID="string_111" HPOS="236" VPOS="627" WIDTH="100" HEIGHT="21" WC="0.91" CONTENT="mänader"/><SP WIDTH="22" VPOS="627" HPOS="336"/>
							<String ID="string_112" HPOS="358" VPOS="627" WIDTH="95" HEIGHT="28" WC="0.85" CONTENT="därefter,"/><SP WIDTH="24" VPOS="627" HPOS="453"/>
							<String ID="string_113" HPOS="477" VPOS="635" WIDTH="34" HEIGHT="14" WC="0.90" CONTENT="om"/><SP WIDTH="18" VPOS="635" HPOS="511"/>
							<String ID="string_114" HPOS="529" VPOS="628" WIDTH="88" HEIGHT="21" WC="0.90" CONTENT="marken"/><SP WIDTH="15" VPOS="628" HPOS="617"/>
							<String ID="string_115" HPOS="632" VPOS="627" WIDTH="28" HEIGHT="21" WC="0.96" CONTENT="dä"/><SP WIDTH="14" VPOS="627" HPOS="660"/>
							<String ID="string_116" HPOS="674" VPOS="630" WIDTH="23" HEIGHT="19" WC="0.96" CONTENT="är"/><SP WIDTH="14" VPOS="630" HPOS="697"/>
							<String ID="string_117" HPOS="711" VPOS="628" WIDTH="44" HEIGHT="27" WC="0.96" CONTENT="bar,"/><SP WIDTH="15" VPOS="628" HPOS="755"/>
							<String ID="string_118" HPOS="770" VPOS="634" WIDTH="49" HEIGHT="15" WC="0.92" CONTENT="men"/><SP WIDTH="15" VPOS="634" HPOS="819"/>
							<String ID="string_119" HPOS="834" VPOS="627" WIDTH="51" HEIGHT="28" WC="0.92" CONTENT="eljes"/><SP WIDTH="16" VPOS="627" HPOS="885"/>
							<String ID="string_120" HPOS="901" VPOS="628" WIDTH="23" HEIGHT="20" WC="0.96" CONTENT="sä"/>
						</TextLine>
						<TextLine ID="line_18" HPOS="105" VPOS="655" WIDTH="818" HEIGHT="29">
							<String ID="string_121" HPOS="105" VPOS="657" WIDTH="59" HEIGHT="19" WC="0.93" CONTENT="snart"/><SP WIDTH="15" VPOS="657" HPOS="164"/>
							<String ID="string_122" HPOS="179" VPOS="655" WIDTH="91" HEIGHT="22" WC="0.92" CONTENT="ärstiden"/><SP WIDTH="16" VPOS="655" HPOS="270"/>
							<String ID="string_123" HPOS="286" VPOS="656" WIDTH="35" HEIGHT="21" WC="0.93" CONTENT="det"/><SP WIDTH="15" VPOS="656" HPOS="321"/>
							<String ID="string_124" HPOS="336" VPOS="655" WIDTH="81" HEIGHT="28" WC="0.93" CONTENT="tilläter,"/><SP WIDTH="16" VPOS="655" HPOS="417"/>
							<String ID="string_125" HPOS="433" VPOS="663" WIDTH="40" HEIGHT="20" WC="0.93" CONTENT="syn"/><SP WIDTH="15" VPOS="663" HPOS="473"/>
							<String ID="string_126" HPOS="488" VPOS="657" WIDTH="11" HEIGHT="20" WC="0.91" CONTENT="&amp;"/><SP WIDTH="15" VPOS="657" HPOS="499"/>
							<String ID="string_127" HPOS="514" VPOS="656" WIDTH="69" HEIGHT="22" WC="0.92" CONTENT="stället"/><SP WIDTH="15" VPOS="656" HPOS="583"/>
							<String ID="string_128" HPOS="598" VPOS="656" WIDTH="66" HEIGHT="21" WC="0.93" CONTENT="hällas"/><SP WIDTH="15" VPOS="656" HPOS="664"/>
							<String ID="string_129" HPOS="679" VPOS="657" WIDTH="21" HEIGHT="20" WC="0.93" CONTENT="af"/><SP WIDTH="14" VPOS="657" HPOS="700"/>
							<String ID="string_130" HPOS="714" VPOS="657" WIDTH="35" HEIGHT="20" WC="0.93" CONTENT="tvä"/><SP WIDTH="10" VPOS="657" HPOS="749"/>
							<String ID="string_131" HPOS="759" VPOS="656" WIDTH="90" HEIGHT="28" WC="0.91" CONTENT="ojäfvige"/><SP WIDTH="11" VPOS="656" HPOS="849"/>
							<String ID="string_132" HPOS="860" VPOS="656" WIDTH="63" HEIGHT="27" WC="0.93" CONTENT="gode-"/>
						</TextLine>
						<TextLine ID="line_19" HPOS="106" VPOS="685" WIDTH="817" HEIGHT="28">
							<String ID="string_133" HPOS="106" VPOS="685" WIDTH="55" HEIGHT="26" WC="0.92" CONTENT="män,"/><SP WIDTH="15" VPOS="685" HPOS="161"/>
							<String ID="string_134" HPOS="176" VPOS="685" WIDTH="71" HEIGHT="20" WC="0.92" CONTENT="hvilka"/><SP WIDTH="15" VPOS="685" HPOS="247"/>
							<String ID="string_135" HPOS="262" VPOS="685" WIDTH="215" HEIGHT="21" WC="0.92" CONTENT="kommunalnämden"/><SP WIDTH="15" VPOS="685" HPOS="477"/>
							<String ID="string_136" HPOS="492" VPOS="685" WIDTH="27" HEIGHT="28" WC="0.93" CONTENT="pä"/><SP WIDTH="13" VPOS="685" HPOS="519"/>
							<String ID="string_137" HPOS="532" VPOS="685" WIDTH="135" HEIGHT="28" WC="0.92" CONTENT="jordegarens"/><SP WIDTH="15" VPOS="685" HPOS="667"/>
							<String ID="string_138" HPOS="682" VPOS="685" WIDTH="91" HEIGHT="28" WC="0.96" CONTENT="begäran"/><SP WIDTH="17" VPOS="685" HPOS="773"/>
							<String ID="string_139" HPOS="790" VPOS="691" WIDTH="49" HEIGHT="21" WC="0.95" CONTENT="eger"/><SP WIDTH="14" VPOS="691" HPOS="839"/>
							<String ID="string_140" HPOS="853" VPOS="685" WIDTH="70" HEIGHT="20" WC="0.96" CONTENT="härtill"/>
						</TextLine>
						<TextLine ID="line_20" HPOS="105" VPOS="709" WIDTH="818" HEIGHT="32">
							<String ID="string_141" HPOS="105" VPOS="714" WIDTH="85" HEIGHT="19" WC="0.92" CONTENT="nämna."/><SP WIDTH="30" VPOS="714" HPOS="190"/>
							<String ID="string_142" HPOS="220" VPOS="709" WIDTH="63" HEIGHT="25" WC="0.96" CONTENT="Öfver"/><SP WIDTH="21" VPOS="709" HPOS="283"/>
							<String ID="string_143" HPOS="304" VPOS="719" WIDTH="69" HEIGHT="21" WC="0.96" CONTENT="synen"/><SP WIDTH="21" VPOS="719" HPOS="373"/>
							<String ID="string_144" HPOS="394" VPOS="715" WIDTH="107" HEIGHT="26" WC="0.95" CONTENT="upprättas"/><SP WIDTH="22" VPOS="715" HPOS="501"/>
							<String ID="string_145" HPOS="523" VPOS="714" WIDTH="90" HEIGHT="27" WC="0.90" CONTENT="skriftlig"/><SP WIDTH="16" VPOS="714" HPOS="613"/>
							<String ID="string_146" HPOS="629" VPOS="714" WIDTH="136" HEIGHT="27" WC="0.96" CONTENT="beskrifning,"/><SP WIDTH="22" VPOS="714" HPOS="765"/>
							<String ID="string_147" HPOS="787" VPOS="713" WIDTH="86" HEIGHT="22" WC="0.95" CONTENT="hvilken"/><SP WIDTH="15" VPOS="713" HPOS="873"/>
							<String ID="string_148" HPOS="888" VPOS="714" WIDTH="35" HEIGHT="20" WC="0.97" CONTENT="vid"/>
						</TextLine>
						<TextLine ID="line_21" HPOS="106" VPOS="741" WIDTH="816" HEIGHT="29">
							<String ID="string_149" HPOS="106" VPOS="741" WIDTH="130" HEIGHT="27" WC="0.91" CONTENT="afträdessyn"/><SP WIDTH="16" VPOS="741" HPOS="236"/>
							<String ID="string_150" HPOS="252" VPOS="742" WIDTH="39" HEIGHT="21" WC="0.93" CONTENT="bör"/><SP WIDTH="14" VPOS="742" HPOS="291"/>
							<String ID="string_151" HPOS="305" VPOS="743" WIDTH="92" HEIGHT="26" WC="0.92" CONTENT="upptaga"/><SP WIDTH="13" VPOS="743" HPOS="397"/>
							<String ID="string_152" HPOS="410" VPOS="743" WIDTH="77" HEIGHT="26" WC="0.93" CONTENT="jämväl"/><SP WIDTH="15" VPOS="743" HPOS="487"/>
							<String ID="string_153" HPOS="502" VPOS="743" WIDTH="156" HEIGHT="27" WC="0.90" CONTENT="godemännens"/><SP WIDTH="15" VPOS="743" HPOS="658"/>
							<String ID="string_154" HPOS="673" VPOS="743" WIDTH="97" HEIGHT="26" WC="0.96" CONTENT="yttrande"/><SP WIDTH="15" VPOS="743" HPOS="770"/>
							<String ID="string_155" HPOS="785" VPOS="743" WIDTH="8" HEIGHT="20" WC="0.96" CONTENT="i"/><SP WIDTH="15" VPOS="743" HPOS="793"/>
							<String ID="string_156" HPOS="808" VPOS="742" WIDTH="54" HEIGHT="21" WC="0.96" CONTENT="hvad"/><SP WIDTH="10" VPOS="742" HPOS="862"/>
							<String ID="string_157" HPOS="872" VPOS="742" WIDTH="50" HEIGHT="20" WC="0.96" CONTENT="mån"/>
						</TextLine>
						<TextLine ID="line_22" HPOS="105" VPOS="770" WIDTH="818" HEIGHT="29">
							<String ID="string_158" HPOS="105" VPOS="770" WIDTH="76" HEIGHT="27" WC="0.95" CONTENT="jorden"/><SP WIDTH="14" VPOS="770" HPOS="181"/>
							<String ID="string_159" HPOS="195" VPOS="771" WIDTH="52" HEIGHT="20" WC="0.93" CONTENT="eller"/><SP WIDTH="15" VPOS="771" HPOS="247"/>
							<String ID="string_160" HPOS="262" VPOS="771" WIDTH="50" HEIGHT="20" WC="0.92" CONTENT="därå"/><SP WIDTH="15" VPOS="771" HPOS="312"/>
							<String ID="string_161" HPOS="327" VPOS="770" WIDTH="106" HEIGHT="28" WC="0.96" CONTENT="befintliga"/><SP WIDTH="15" VPOS="770" HPOS="433"/>
							<String ID="string_162" HPOS="448" VPOS="771" WIDTH="127" HEIGHT="28" WC="0.93" CONTENT="byggnader,"/><SP WIDTH="17" VPOS="771" HPOS="575"/>
							<String ID="string_163" HPOS="592" VPOS="771" WIDTH="108" HEIGHT="27" WC="0.92" CONTENT="hägnader"/><SP WIDTH="14" VPOS="771" HPOS="700"/>
							<String ID="string_164" HPOS="714" VPOS="771" WIDTH="40" HEIGHT="21" WC="0.96" CONTENT="och"/><SP WIDTH="14" VPOS="771" HPOS="754"/>
							<String ID="string_165" HPOS="768" VPOS="771" WIDTH="65" HEIGHT="21" WC="0.93" CONTENT="andra"/><SP WIDTH="15" VPOS="771" HPOS="833"/>
							<String ID="string_166" HPOS="848" VPOS="771" WIDTH="75" HEIGHT="20" WC="0.92" CONTENT="inrätt-"/>
						</TextLine>
						<TextLine ID="line_23" HPOS="106" VPOS="799" WIDTH="817" HEIGHT="28">
							<String ID="string_167" HPOS="106" VPOS="799" WIDTH="76" HEIGHT="27" WC="0.96" CONTENT="ningar"/><SP WIDTH="22" VPOS="799" HPOS="182"/>
							<String ID="string_168" HPOS="204" VPOS="799" WIDTH="67" HEIGHT="21" WC="0.93" CONTENT="under"/><SP WIDTH="21" VPOS="799" HPOS="271"/>
							<String ID="string_169" HPOS="292" VPOS="799" WIDTH="106" HEIGHT="28" WC="0.91" CONTENT="legotiden"/><SP WIDTH="22" VPOS="799" HPOS="398"/>
							<String ID="string_170" HPOS="420" VPOS="799" WIDTH="118" HEIGHT="22" WC="0.96" CONTENT="förbättrats"/><SP WIDTH="23" VPOS="799" HPOS="538"/>
							<String ID="string_171" HPOS="561" VPOS="800" WIDTH="51" HEIGHT="21" WC="0.96" CONTENT="eller"/><SP WIDTH="21" VPOS="800" HPOS="612"/>
							<String ID="string_172" HPOS="633" VPOS="799" WIDTH="126" HEIGHT="21" WC="0.93" CONTENT="försämrats."/><SP WIDTH="29" VPOS="799" HPOS="759"/>
							<String ID="string_173" HPOS="788" VPOS="799" WIDTH="135" HEIGHT="22" WC="0.90" CONTENT="Försummar"/>
						</TextLine>
						<TextLine ID="line_24" HPOS="105" VPOS="827" WIDTH="818" HEIGHT="28">
							<String ID="string_174" HPOS="105" VPOS="827" WIDTH="125" HEIGHT="28" WC="0.91" CONTENT="jordegaren"/><SP WIDTH="15" VPOS="827" HPOS="230"/>
							<String ID="string_175" HPOS="245" VPOS="830" WIDTH="30" HEIGHT="19" WC="0.96" CONTENT="att"/><SP WIDTH="14" VPOS="830" HPOS="275"/>
							<String ID="string_176" HPOS="289" VPOS="835" WIDTH="46" HEIGHT="20" WC="0.96" CONTENT="syn,"/><SP WIDTH="22" VPOS="835" HPOS="335"/>
							<String ID="string_177" HPOS="357" VPOS="834" WIDTH="45" HEIGHT="15" WC="0.96" CONTENT="som"/><SP WIDTH="16" VPOS="834" HPOS="402"/>
							<String ID="string_178" HPOS="418" VPOS="829" WIDTH="37" HEIGHT="20" WC="0.96" CONTENT="här"/><SP WIDTH="14" VPOS="829" HPOS="455"/>
							<String ID="string_179" HPOS="469" VPOS="831" WIDTH="22" HEIGHT="18" WC="0.93" CONTENT="är"/><SP WIDTH="14" VPOS="831" HPOS="491"/>
							<String ID="string_180" HPOS="505" VPOS="829" WIDTH="69" HEIGHT="26" WC="0.93" CONTENT="nämd,"/><SP WIDTH="21" VPOS="829" HPOS="574"/>
							<String ID="string_181" HPOS="595" VPOS="828" WIDTH="128" HEIGHT="27" WC="0.92" CONTENT="föranstalta,"/><SP WIDTH="19" VPOS="828" HPOS="723"/>
							<String ID="string_182" HPOS="742" VPOS="829" WIDTH="61" HEIGHT="20" WC="0.92" CONTENT="hafve"/><SP WIDTH="15" VPOS="829" HPOS="803"/>
							<String ID="string_183" HPOS="818" VPOS="828" WIDTH="105" HEIGHT="21" WC="0.91" CONTENT="förvärkat"/>
						</TextLine>
						<TextLine ID="line_25" HPOS="107" VPOS="856" WIDTH="816" HEIGHT="28">
							<String ID="string_184" HPOS="107" VPOS="856" WIDTH="28" HEIGHT="21" WC="0.96" CONTENT="all"/><SP WIDTH="20" VPOS="856" HPOS="135"/>
							<String ID="string_185" HPOS="155" VPOS="858" WIDTH="41" HEIGHT="19" WC="0.96" CONTENT="rätt"/><SP WIDTH="21" VPOS="858" HPOS="196"/>
							<String ID="string_186" HPOS="217" VPOS="857" WIDTH="31" HEIGHT="20" WC="0.96" CONTENT="till"/><SP WIDTH="16" VPOS="857" HPOS="248"/>
							<String ID="string_187" HPOS="264" VPOS="857" WIDTH="115" HEIGHT="27" WC="0.96" CONTENT="ersättning"/><SP WIDTH="14" VPOS="857" HPOS="379"/>
							<String ID="string_188" HPOS="393" VPOS="856" WIDTH="32" HEIGHT="21" WC="0.93" CONTENT="för"/><SP WIDTH="17" VPOS="856" HPOS="425"/>
							<String ID="string_189" HPOS="442" VPOS="857" WIDTH="149" HEIGHT="27" WC="0.91" CONTENT="missbyggnad"/><SP WIDTH="16" VPOS="857" HPOS="591"/>
							<String ID="string_190" HPOS="607" VPOS="857" WIDTH="53" HEIGHT="21" WC="0.93" CONTENT="eller"/><SP WIDTH="14" VPOS="857" HPOS="660"/>
							<String ID="string_191" HPOS="674" VPOS="857" WIDTH="100" HEIGHT="25" WC="0.92" CONTENT="vanhäfd;"/><SP WIDTH="24" VPOS="857" HPOS="774"/>
							<String ID="string_192" HPOS="798" VPOS="857" WIDTH="38" HEIGHT="21" WC="0.96" CONTENT="och"/><SP WIDTH="15" VPOS="857" HPOS="836"/>
							<String ID="string_193" HPOS="851" VPOS="863" WIDTH="50" HEIGHT="14" WC="0.95" CONTENT="vare"/><SP WIDTH="15" VPOS="863" HPOS="901"/>
							<String ID="string_194" HPOS="916" VPOS="856" WIDTH="7" HEIGHT="20" WC="0.96" CONTENT="i"/>
						</TextLine>
						<TextLine ID="line_26" HPOS="106" VPOS="885" WIDTH="817" HEIGHT="28">
							<String ID="string_195" HPOS="106" VPOS="885" WIDTH="75" HEIGHT="21" WC="0.96" CONTENT="sådant"/><SP WIDTH="15" VPOS="885" HPOS="181"/>
							<String ID="string_196" HPOS="196" VPOS="885" WIDTH="37" HEIGHT="20" WC="0.93" CONTENT="fall"/><SP WIDTH="14" VPOS="885" HPOS="233"/>
							<String ID="string_197" HPOS="247" VPOS="885" WIDTH="135" HEIGHT="28" WC="0.91" CONTENT="legotagaren"/><SP WIDTH="15" VPOS="885" HPOS="382"/>
							<String ID="string_198" HPOS="397" VPOS="885" WIDTH="52" HEIGHT="21" WC="0.96" CONTENT="eller"/><SP WIDTH="14" VPOS="885" HPOS="449"/>
							<String ID="string_199" HPOS="463" VPOS="885" WIDTH="79" HEIGHT="22" WC="0.93" CONTENT="dennes"/><SP WIDTH="16" VPOS="885" HPOS="542"/>
							<String ID="string_200" HPOS="558" VPOS="885" WIDTH="186" HEIGHT="22" WC="0.90" CONTENT="rättsinnehafvare"/><SP WIDTH="18" VPOS="885" HPOS="744"/>
							<String ID="string_201" HPOS="762" VPOS="885" WIDTH="117" HEIGHT="27" WC="0.92" CONTENT="berättigad"/><SP WIDTH="14" VPOS="885" HPOS="879"/>
							<String ID="string_202" HPOS="893" VPOS="887" WIDTH="30" HEIGHT="18" WC="0.96" CONTENT="att"/>
						</TextLine>
						<TextLine ID="line_27" HPOS="106" VPOS="913" WIDTH="170" HEIGHT="28">
							<String ID="string_203" HPOS="106" VPOS="920" WIDTH="69" HEIGHT="20" WC="0.96" CONTENT="synen"/><SP WIDTH="15" VPOS="920" HPOS="175"/>
							<String ID="string_204" HPOS="190" VPOS="913" WIDTH="86" HEIGHT="28" WC="0.96" CONTENT="påkalla."/>
						</TextLine>
					</TextBlock>
					<TextBlock ID="block_6" HPOS="175" VPOS="942" WIDTH="746" HEIGHT="29">
						<TextLine ID="line_28" HPOS="175" VPOS="942" WIDTH="746" HEIGHT="29">
							<String ID="string_205" HPOS="175" VPOS="942" WIDTH="123" HEIGHT="29" WC="0.95" CONTENT="Kostnaden"/><SP WIDTH="10" VPOS="942" HPOS="298"/>
							<String ID="string_206" HPOS="308" VPOS="943" WIDTH="32" HEIGHT="20" WC="0.96" CONTENT="för"/><SP WIDTH="10" VPOS="943" HPOS="340"/>
							<String ID="string_207" HPOS="350" VPOS="949" WIDTH="69" HEIGHT="20" WC="0.93" CONTENT="synen"/><SP WIDTH="10" VPOS="949" HPOS="419"/>
							<String ID="string_208" HPOS="429" VPOS="943" WIDTH="102" HEIGHT="21" WC="0.92" CONTENT="bestrides"/><SP WIDTH="10" VPOS="943" HPOS="531"/>
							<String ID="string_209" HPOS="541" VPOS="943" WIDTH="21" HEIGHT="20" WC="0.93" CONTENT="af"/><SP WIDTH="9" VPOS="943" HPOS="562"/>
							<String ID="string_210" HPOS="571" VPOS="945" WIDTH="101" HEIGHT="25" WC="0.92" CONTENT="parterne,"/><SP WIDTH="11" VPOS="945" HPOS="672"/>
							<String ID="string_211" HPOS="683" VPOS="943" WIDTH="31" HEIGHT="20" WC="0.96" CONTENT="till"/><SP WIDTH="11" VPOS="943" HPOS="714"/>
							<String ID="string_212" HPOS="725" VPOS="943" WIDTH="79" HEIGHT="20" WC="0.96" CONTENT="hälften"/><SP WIDTH="11" VPOS="943" HPOS="804"/>
							<String ID="string_213" HPOS="815" VPOS="942" WIDTH="106" HEIGHT="21" WC="0.96" CONTENT="hvardera."/>
						</TextLine>
					</TextBlock>
					<TextBlock ID="block_7" HPOS="106" VPOS="971" WIDTH="817" HEIGHT="56">
						<TextLine ID="line_29" HPOS="174" VPOS="971" WIDTH="749" HEIGHT="22">
							<String ID="string_214" HPOS="174" VPOS="972" WIDTH="20" HEIGHT="19" WC="0.90" CONTENT="Å"/><SP WIDTH="21" VPOS="972" HPOS="194"/>
							<String ID="string_215" HPOS="215" VPOS="973" WIDTH="87" HEIGHT="19" WC="0.95" CONTENT="senaten"/><SP WIDTH="21" VPOS="973" HPOS="302"/>
							<String ID="string_216" HPOS="323" VPOS="971" WIDTH="123" HEIGHT="21" WC="0.95" CONTENT="ankommer"/><SP WIDTH="21" VPOS="971" HPOS="446"/>
							<String ID="string_217" HPOS="467" VPOS="974" WIDTH="30" HEIGHT="19" WC="0.95" CONTENT="att"/><SP WIDTH="21" VPOS="974" HPOS="497"/>
							<String ID="string_218" HPOS="518" VPOS="972" WIDTH="96" HEIGHT="21" WC="0.96" CONTENT="meddela"/><SP WIDTH="18" VPOS="972" HPOS="614"/>
							<String ID="string_219" HPOS="632" VPOS="973" WIDTH="95" HEIGHT="19" WC="0.96" CONTENT="närmare"/><SP WIDTH="15" VPOS="973" HPOS="727"/>
							<String ID="string_220" HPOS="742" VPOS="971" WIDTH="129" HEIGHT="21" WC="0.93" CONTENT="föreskrifter"/><SP WIDTH="15" VPOS="971" HPOS="871"/>
							<String ID="string_221" HPOS="886" VPOS="977" WIDTH="37" HEIGHT="14" WC="0.90" CONTENT="an-"/>
						</TextLine>
						<TextLine ID="line_30" HPOS="106" VPOS="999" WIDTH="781" HEIGHT="28">
							<String ID="string_222" HPOS="106" VPOS="999" WIDTH="82" HEIGHT="28" WC="0.92" CONTENT="gående"/><SP WIDTH="14" VPOS="999" HPOS="188"/>
							<String ID="string_223" HPOS="202" VPOS="999" WIDTH="42" HEIGHT="22" WC="0.92" CONTENT="till-"/><SP WIDTH="15" VPOS="999" HPOS="244"/>
							<String ID="string_224" HPOS="259" VPOS="1000" WIDTH="39" HEIGHT="21" WC="0.93" CONTENT="och"/><SP WIDTH="15" VPOS="1000" HPOS="298"/>
							<String ID="string_225" HPOS="313" VPOS="1000" WIDTH="182" HEIGHT="27" WC="0.92" CONTENT="afträdessynerna"/><SP WIDTH="15" VPOS="1000" HPOS="495"/>
							<String ID="string_226" HPOS="510" VPOS="1002" WIDTH="53" HEIGHT="19" WC="0.97" CONTENT="samt"/><SP WIDTH="15" VPOS="1002" HPOS="563"/>
							<String ID="string_227" HPOS="578" VPOS="999" WIDTH="118" HEIGHT="22" WC="0.96" CONTENT="förfarande"/><SP WIDTH="16" VPOS="999" HPOS="696"/>
							<String ID="string_228" HPOS="712" VPOS="1000" WIDTH="35" HEIGHT="20" WC="0.96" CONTENT="vid"/><SP WIDTH="16" VPOS="1000" HPOS="747"/>
							<String ID="string_229" HPOS="763" VPOS="1000" WIDTH="124" HEIGHT="21" WC="0.51" CONTENT="desamma."/>
						</TextLine>
					</TextBlock>
					<TextBlock ID="block_8" HPOS="176" VPOS="1029" WIDTH="476" HEIGHT="26">
						<TextLine ID="line_31" HPOS="176" VPOS="1029" WIDTH="476" HEIGHT="26">
							<String ID="string_230" HPOS="176" VPOS="1029" WIDTH="115" HEIGHT="20" WC="0.92" CONTENT="Seuraavat"/><SP WIDTH="14" VPOS="1029" HPOS="291"/>
							<String ID="string_231" HPOS="305" VPOS="1029" WIDTH="86" HEIGHT="26" WC="0.91" CONTENT="pykälät"/><SP WIDTH="13" VPOS="1029" HPOS="391"/>
							<String ID="string_232" HPOS="404" VPOS="1029" WIDTH="82" HEIGHT="26" WC="0.92" CONTENT="jäisivät"/><SP WIDTH="14" VPOS="1029" HPOS="486"/>
							<String ID="string_233" HPOS="500" VPOS="1030" WIDTH="152" HEIGHT="21" WC="0.92" CONTENT="muuttamatta."/>
						</TextLine>
					</TextBlock>
					<TextBlock ID="block_9" HPOS="107" VPOS="1057" WIDTH="817" HEIGHT="198">
						<TextLine ID="line_32" HPOS="176" VPOS="1057" WIDTH="747" HEIGHT="22">
							<String ID="string_234" HPOS="176" VPOS="1057" WIDTH="88" HEIGHT="21" WC="0.92" CONTENT="Vastoin"/><SP WIDTH="15" VPOS="1057" HPOS="264"/>
							<String ID="string_235" HPOS="279" VPOS="1057" WIDTH="38" HEIGHT="20" WC="0.93" CONTENT="hra"/><SP WIDTH="14" VPOS="1057" HPOS="317"/>
							<String ID="string_236" HPOS="331" VPOS="1057" WIDTH="98" HEIGHT="21" WC="0.92" CONTENT="Heikeliä"/><SP WIDTH="15" VPOS="1057" HPOS="429"/>
							<String ID="string_237" HPOS="444" VPOS="1057" WIDTH="48" HEIGHT="21" WC="0.96" CONTENT="olen"/><SP WIDTH="15" VPOS="1057" HPOS="492"/>
							<String ID="string_238" HPOS="507" VPOS="1058" WIDTH="57" HEIGHT="20" WC="0.96" CONTENT="minä"/><SP WIDTH="14" VPOS="1058" HPOS="564"/>
							<String ID="string_239" HPOS="578" VPOS="1058" WIDTH="39" HEIGHT="21" WC="0.93" CONTENT="sitä"/><SP WIDTH="14" VPOS="1058" HPOS="617"/>
							<String ID="string_240" HPOS="631" VPOS="1057" WIDTH="73" HEIGHT="21" WC="0.92" CONTENT="mieltä"/><SP WIDTH="15" VPOS="1057" HPOS="704"/>
							<String ID="string_241" HPOS="719" VPOS="1059" WIDTH="42" HEIGHT="18" WC="0.93" CONTENT="että"/><SP WIDTH="14" VPOS="1059" HPOS="761"/>
							<String ID="string_242" HPOS="775" VPOS="1057" WIDTH="148" HEIGHT="20" WC="0.90" CONTENT="suusanalliset"/>
						</TextLine>
						<TextLine ID="line_33" HPOS="107" VPOS="1085" WIDTH="817" HEIGHT="28">
							<String ID="string_243" HPOS="107" VPOS="1085" WIDTH="211" HEIGHT="28" WC="0.90" CONTENT="vuokrasopimukset"/><SP WIDTH="15" VPOS="1085" HPOS="318"/>
							<String ID="string_244" HPOS="333" VPOS="1085" WIDTH="82" HEIGHT="22" WC="0.90" CONTENT="olisivat"/><SP WIDTH="15" VPOS="1085" HPOS="415"/>
							<String ID="string_245" HPOS="430" VPOS="1086" WIDTH="76" HEIGHT="21" WC="0.90" CONTENT="tavalla"/><SP WIDTH="15" VPOS="1086" HPOS="506"/>
							<String ID="string_246" HPOS="521" VPOS="1086" WIDTH="28" HEIGHT="21" WC="0.93" CONTENT="tai"/><SP WIDTH="15" VPOS="1086" HPOS="549"/>
							<String ID="string_247" HPOS="564" VPOS="1086" WIDTH="82" HEIGHT="21" WC="0.91" CONTENT="toisella"/><SP WIDTH="18" VPOS="1086" HPOS="646"/>
							<String ID="string_248" HPOS="664" VPOS="1085" WIDTH="191" HEIGHT="21" WC="0.91" CONTENT="välttämättömästi"/><SP WIDTH="15" VPOS="1085" HPOS="855"/>
							<String ID="string_249" HPOS="870" VPOS="1085" WIDTH="54" HEIGHT="27" WC="0.92" CONTENT="pois-"/>
						</TextLine>
						<TextLine ID="line_34" HPOS="107" VPOS="1113" WIDTH="816" HEIGHT="29">
							<String ID="string_250" HPOS="107" VPOS="1115" WIDTH="92" HEIGHT="20" WC="0.92" CONTENT="tettavat."/><SP WIDTH="29" VPOS="1115" HPOS="199"/>
							<String ID="string_251" HPOS="228" VPOS="1114" WIDTH="58" HEIGHT="21" WC="0.96" CONTENT="Minä"/><SP WIDTH="21" VPOS="1114" HPOS="286"/>
							<String ID="string_252" HPOS="307" VPOS="1120" WIDTH="27" HEIGHT="15" WC="0.96" CONTENT="en"/><SP WIDTH="22" VPOS="1120" HPOS="334"/>
							<String ID="string_253" HPOS="356" VPOS="1114" WIDTH="59" HEIGHT="21" WC="0.96" CONTENT="liioin"/><SP WIDTH="15" VPOS="1114" HPOS="415"/>
							<String ID="string_254" HPOS="430" VPOS="1115" WIDTH="58" HEIGHT="26" WC="0.96" CONTENT="usko,"/><SP WIDTH="23" VPOS="1115" HPOS="488"/>
							<String ID="string_255" HPOS="511" VPOS="1116" WIDTH="42" HEIGHT="19" WC="0.93" CONTENT="että"/><SP WIDTH="14" VPOS="1116" HPOS="553"/>
							<String ID="string_256" HPOS="567" VPOS="1113" WIDTH="164" HEIGHT="29" WC="0.91" CONTENT="kirjoitus-kyky"/><SP WIDTH="15" VPOS="1113" HPOS="731"/>
							<String ID="string_257" HPOS="746" VPOS="1113" WIDTH="177" HEIGHT="28" WC="0.90" CONTENT="maanviljelijöis-"/>
						</TextLine>
						<TextLine ID="line_35" HPOS="107" VPOS="1142" WIDTH="816" HEIGHT="28">
							<String ID="string_258" HPOS="107" VPOS="1145" WIDTH="79" HEIGHT="18" WC="0.92" CONTENT="sämme"/><SP WIDTH="16" VPOS="1145" HPOS="186"/>
							<String ID="string_259" HPOS="202" VPOS="1145" WIDTH="52" HEIGHT="18" WC="0.96" CONTENT="enää"/><SP WIDTH="15" VPOS="1145" HPOS="254"/>
							<String ID="string_260" HPOS="269" VPOS="1149" WIDTH="28" HEIGHT="14" WC="0.96" CONTENT="on"/><SP WIDTH="15" VPOS="1149" HPOS="297"/>
							<String ID="string_261" HPOS="312" VPOS="1143" WIDTH="44" HEIGHT="20" WC="0.96" CONTENT="niin"/><SP WIDTH="11" VPOS="1143" HPOS="356"/>
							<String ID="string_262" HPOS="367" VPOS="1143" WIDTH="108" HEIGHT="21" WC="0.96" CONTENT="alhaisella"/><SP WIDTH="10" VPOS="1143" HPOS="475"/>
							<String ID="string_263" HPOS="485" VPOS="1143" WIDTH="104" HEIGHT="27" WC="0.93" CONTENT="kannalla,"/><SP WIDTH="15" VPOS="1143" HPOS="589"/>
							<String ID="string_264" HPOS="604" VPOS="1143" WIDTH="92" HEIGHT="21" WC="0.91" CONTENT="ett&#39;eivät"/><SP WIDTH="12" VPOS="1143" HPOS="696"/>
							<String ID="string_265" HPOS="708" VPOS="1149" WIDTH="27" HEIGHT="14" WC="0.93" CONTENT="ne"/><SP WIDTH="10" VPOS="1149" HPOS="735"/>
							<String ID="string_266" HPOS="745" VPOS="1142" WIDTH="110" HEIGHT="27" WC="0.93" CONTENT="kykeneisi"/><SP WIDTH="9" VPOS="1142" HPOS="855"/>
							<String ID="string_267" HPOS="864" VPOS="1142" WIDTH="59" HEIGHT="21" WC="0.87" CONTENT="laati-"/>
						</TextLine>
						<TextLine ID="line_36" HPOS="107" VPOS="1171" WIDTH="816" HEIGHT="27">
							<String ID="string_268" HPOS="107" VPOS="1177" WIDTH="63" HEIGHT="15" WC="0.96" CONTENT="maan"/><SP WIDTH="15" VPOS="1177" HPOS="170"/>
							<String ID="string_269" HPOS="185" VPOS="1171" WIDTH="119" HEIGHT="26" WC="0.96" CONTENT="täydellisiä"/><SP WIDTH="13" VPOS="1171" HPOS="304"/>
							<String ID="string_270" HPOS="317" VPOS="1171" WIDTH="21" HEIGHT="27" WC="0.93" CONTENT="ja"/><SP WIDTH="14" VPOS="1171" HPOS="338"/>
							<String ID="string_271" HPOS="352" VPOS="1171" WIDTH="182" HEIGHT="22" WC="0.91" CONTENT="mielenmukaisia"/><SP WIDTH="20" VPOS="1171" HPOS="534"/>
							<String ID="string_272" HPOS="554" VPOS="1171" WIDTH="122" HEIGHT="27" WC="0.91" CONTENT="välikirjoja."/><SP WIDTH="29" VPOS="1171" HPOS="676"/>
							<String ID="string_273" HPOS="705" VPOS="1171" WIDTH="27" HEIGHT="21" WC="0.96" CONTENT="Ja"/><SP WIDTH="14" VPOS="1171" HPOS="732"/>
							<String ID="string_274" HPOS="746" VPOS="1171" WIDTH="32" HEIGHT="26" WC="0.96" CONTENT="jos"/><SP WIDTH="15" VPOS="1171" HPOS="778"/>
							<String ID="string_275" HPOS="793" VPOS="1171" WIDTH="130" HEIGHT="20" WC="0.96" CONTENT="semmoinen"/>
						</TextLine>
						<TextLine ID="line_37" HPOS="107" VPOS="1199" WIDTH="817" HEIGHT="28">
							<String ID="string_276" HPOS="107" VPOS="1201" WIDTH="66" HEIGHT="26" WC="0.95" CONTENT="puute"/><SP WIDTH="20" VPOS="1201" HPOS="173"/>
							<String ID="string_277" HPOS="193" VPOS="1200" WIDTH="81" HEIGHT="27" WC="0.95" CONTENT="löytyy,"/><SP WIDTH="22" VPOS="1200" HPOS="274"/>
							<String ID="string_278" HPOS="296" VPOS="1199" WIDTH="45" HEIGHT="21" WC="0.95" CONTENT="niin"/><SP WIDTH="22" VPOS="1199" HPOS="341"/>
							<String ID="string_279" HPOS="363" VPOS="1200" WIDTH="90" HEIGHT="21" WC="0.96" CONTENT="voidaan"/><SP WIDTH="22" VPOS="1200" HPOS="453"/>
							<String ID="string_280" HPOS="475" VPOS="1207" WIDTH="22" HEIGHT="15" WC="0.96" CONTENT="se"/><SP WIDTH="15" VPOS="1207" HPOS="497"/>
							<String ID="string_281" HPOS="512" VPOS="1200" WIDTH="80" HEIGHT="27" WC="0.96" CONTENT="poistaa"/><SP WIDTH="14" VPOS="1200" HPOS="592"/>
							<String ID="string_282" HPOS="606" VPOS="1200" WIDTH="54" HEIGHT="21" WC="0.96" CONTENT="siten"/><SP WIDTH="16" VPOS="1200" HPOS="660"/>
							<String ID="string_283" HPOS="676" VPOS="1201" WIDTH="41" HEIGHT="19" WC="0.96" CONTENT="että"/><SP WIDTH="15" VPOS="1201" HPOS="717"/>
							<String ID="string_284" HPOS="732" VPOS="1199" WIDTH="100" HEIGHT="27" WC="0.96" CONTENT="sopivalla"/><SP WIDTH="15" VPOS="1199" HPOS="832"/>
							<String ID="string_285" HPOS="847" VPOS="1199" WIDTH="77" HEIGHT="20" WC="0.96" CONTENT="tavalla"/>
						</TextLine>
						<TextLine ID="line_38" HPOS="107" VPOS="1228" WIDTH="744" HEIGHT="27">
							<String ID="string_286" HPOS="107" VPOS="1228" WIDTH="113" HEIGHT="21" WC="0.95" CONTENT="levitetään"/><SP WIDTH="16" VPOS="1228" HPOS="220"/>
							<String ID="string_287" HPOS="236" VPOS="1228" WIDTH="116" HEIGHT="21" WC="0.96" CONTENT="kelvollisia"/><SP WIDTH="15" VPOS="1228" HPOS="352"/>
							<String ID="string_288" HPOS="367" VPOS="1229" WIDTH="84" HEIGHT="26" WC="0.97" CONTENT="malleja"/><SP WIDTH="15" VPOS="1229" HPOS="451"/>
							<String ID="string_289" HPOS="466" VPOS="1229" WIDTH="145" HEIGHT="20" WC="0.93" CONTENT="kaikenlaisiin"/><SP WIDTH="16" VPOS="1229" HPOS="611"/>
							<String ID="string_290" HPOS="627" VPOS="1228" WIDTH="224" HEIGHT="27" WC="0.92" CONTENT="vuokrasopimuksiin."/>
						</TextLine>
					</TextBlock>
				</ComposedBlock>
				<ComposedBlock ID="cblock_4" HPOS="108" VPOS="1311" WIDTH="818" HEIGHT="228">
					<TextBlock ID="block_10" HPOS="108" VPOS="1311" WIDTH="818" HEIGHT="228">
						<TextLine ID="line_39" HPOS="177" VPOS="1311" WIDTH="748" HEIGHT="29">
							<String ID="string_291" HPOS="177" VPOS="1313" WIDTH="32" HEIGHT="20" WC="0.96" CONTENT="Hr"/><SP WIDTH="15" VPOS="1313" HPOS="209"/>
							<String ID="string_292" HPOS="224" VPOS="1313" WIDTH="161" HEIGHT="21" WC="0.93" CONTENT="Serlachius:"/><SP WIDTH="27" VPOS="1313" HPOS="385"/>
							<String ID="string_293" HPOS="412" VPOS="1313" WIDTH="33" HEIGHT="20" WC="0.96" CONTENT="Då"/><SP WIDTH="14" VPOS="1313" HPOS="445"/>
							<String ID="string_294" HPOS="459" VPOS="1313" WIDTH="35" HEIGHT="27" WC="0.93" CONTENT="jag"/><SP WIDTH="14" VPOS="1313" HPOS="494"/>
							<String ID="string_295" HPOS="508" VPOS="1313" WIDTH="46" HEIGHT="21" WC="0.96" CONTENT="icke"/><SP WIDTH="14" VPOS="1313" HPOS="554"/>
							<String ID="string_296" HPOS="568" VPOS="1313" WIDTH="44" HEIGHT="21" WC="0.93" CONTENT="kan"/><SP WIDTH="12" VPOS="1313" HPOS="612"/>
							<String ID="string_297" HPOS="624" VPOS="1312" WIDTH="129" HEIGHT="28" WC="0.96" CONTENT="fullkomligt"/><SP WIDTH="15" VPOS="1312" HPOS="753"/>
							<String ID="string_298" HPOS="768" VPOS="1312" WIDTH="47" HEIGHT="21" WC="0.96" CONTENT="dela"/><SP WIDTH="15" VPOS="1312" HPOS="815"/>
							<String ID="string_299" HPOS="830" VPOS="1312" WIDTH="25" HEIGHT="21" WC="0.92" CONTENT="de"/><SP WIDTH="16" VPOS="1312" HPOS="855"/>
							<String ID="string_300" HPOS="871" VPOS="1311" WIDTH="54" HEIGHT="21" WC="0.92" CONTENT="äsik-"/>
						</TextLine>
						<TextLine ID="line_40" HPOS="109" VPOS="1340" WIDTH="817" HEIGHT="28">
							<String ID="string_301" HPOS="109" VPOS="1343" WIDTH="31" HEIGHT="19" WC="0.96" CONTENT="ter"/><SP WIDTH="16" VPOS="1343" HPOS="140"/>
							<String ID="string_302" HPOS="156" VPOS="1348" WIDTH="34" HEIGHT="14" WC="0.96" CONTENT="om"/><SP WIDTH="22" VPOS="1348" HPOS="190"/>
							<String ID="string_303" HPOS="212" VPOS="1341" WIDTH="123" HEIGHT="27" WC="0.93" CONTENT="betydelsen"/><SP WIDTH="16" VPOS="1341" HPOS="335"/>
							<String ID="string_304" HPOS="351" VPOS="1341" WIDTH="22" HEIGHT="21" WC="0.93" CONTENT="af"/><SP WIDTH="13" VPOS="1341" HPOS="373"/>
							<String ID="string_305" HPOS="386" VPOS="1341" WIDTH="137" HEIGHT="22" WC="0.93" CONTENT="förevarande"/><SP WIDTH="15" VPOS="1341" HPOS="523"/>
							<String ID="string_306" HPOS="538" VPOS="1341" WIDTH="118" HEIGHT="27" WC="0.93" CONTENT="lagförslag,"/><SP WIDTH="23" VPOS="1341" HPOS="656"/>
							<String ID="string_307" HPOS="679" VPOS="1341" WIDTH="71" HEIGHT="20" WC="0.93" CONTENT="hvilka"/><SP WIDTH="15" VPOS="1341" HPOS="750"/>
							<String ID="string_308" HPOS="765" VPOS="1341" WIDTH="84" HEIGHT="20" WC="0.93" CONTENT="uttalats"/><SP WIDTH="16" VPOS="1341" HPOS="849"/>
							<String ID="string_309" HPOS="865" VPOS="1340" WIDTH="21" HEIGHT="21" WC="0.97" CONTENT="af"/><SP WIDTH="15" VPOS="1340" HPOS="886"/>
							<String ID="string_310" HPOS="901" VPOS="1340" WIDTH="25" HEIGHT="20" WC="0.96" CONTENT="hr"/>
						</TextLine>
						<TextLine ID="line_41" HPOS="108" VPOS="1368" WIDTH="817" HEIGHT="29">
							<String ID="string_311" HPOS="108" VPOS="1369" WIDTH="82" HEIGHT="27" WC="0.96" CONTENT="Heikel,"/><SP WIDTH="24" VPOS="1369" HPOS="190"/>
							<String ID="string_312" HPOS="214" VPOS="1370" WIDTH="38" HEIGHT="20" WC="0.96" CONTENT="har"/><SP WIDTH="21" VPOS="1370" HPOS="252"/>
							<String ID="string_313" HPOS="273" VPOS="1371" WIDTH="35" HEIGHT="26" WC="0.93" CONTENT="jag"/><SP WIDTH="22" VPOS="1371" HPOS="308"/>
							<String ID="string_314" HPOS="330" VPOS="1369" WIDTH="69" HEIGHT="21" WC="0.90" CONTENT="tillätit"/><SP WIDTH="21" VPOS="1369" HPOS="399"/>
							<String ID="string_315" HPOS="420" VPOS="1370" WIDTH="45" HEIGHT="27" WC="0.96" CONTENT="mig"/><SP WIDTH="14" VPOS="1370" HPOS="465"/>
							<String ID="string_316" HPOS="479" VPOS="1372" WIDTH="30" HEIGHT="19" WC="0.93" CONTENT="att"/><SP WIDTH="14" VPOS="1372" HPOS="509"/>
							<String ID="string_317" HPOS="523" VPOS="1370" WIDTH="76" HEIGHT="27" WC="0.92" CONTENT="begära"/><SP WIDTH="15" VPOS="1370" HPOS="599"/>
							<String ID="string_318" HPOS="614" VPOS="1369" WIDTH="65" HEIGHT="21" WC="0.92" CONTENT="ordet."/><SP WIDTH="29" VPOS="1369" HPOS="679"/>
							<String ID="string_319" HPOS="708" VPOS="1369" WIDTH="41" HEIGHT="26" WC="0.96" CONTENT="Jag"/><SP WIDTH="16" VPOS="1369" HPOS="749"/>
							<String ID="string_320" HPOS="765" VPOS="1371" WIDTH="22" HEIGHT="18" WC="0.93" CONTENT="är"/><SP WIDTH="15" VPOS="1371" HPOS="787"/>
							<String ID="string_321" HPOS="802" VPOS="1368" WIDTH="123" HEIGHT="27" WC="0.93" CONTENT="visserligen"/>
						</TextLine>
						<TextLine ID="line_42" HPOS="108" VPOS="1397" WIDTH="817" HEIGHT="27">
							<String ID="string_322" HPOS="108" VPOS="1403" WIDTH="50" HEIGHT="15" WC="0.93" CONTENT="ense"/><SP WIDTH="15" VPOS="1403" HPOS="158"/>
							<String ID="string_323" HPOS="173" VPOS="1397" WIDTH="49" HEIGHT="20" WC="0.96" CONTENT="med"/><SP WIDTH="15" VPOS="1397" HPOS="222"/>
							<String ID="string_324" HPOS="237" VPOS="1398" WIDTH="25" HEIGHT="20" WC="0.96" CONTENT="hr"/><SP WIDTH="14" VPOS="1398" HPOS="262"/>
							<String ID="string_325" HPOS="276" VPOS="1397" WIDTH="77" HEIGHT="22" WC="0.93" CONTENT="Heikel"/><SP WIDTH="15" VPOS="1397" HPOS="353"/>
							<String ID="string_326" HPOS="368" VPOS="1397" WIDTH="73" HEIGHT="20" WC="0.93" CONTENT="därom"/><SP WIDTH="15" VPOS="1397" HPOS="441"/>
							<String ID="string_327" HPOS="456" VPOS="1400" WIDTH="29" HEIGHT="18" WC="0.96" CONTENT="att"/><SP WIDTH="15" VPOS="1400" HPOS="485"/>
							<String ID="string_328" HPOS="500" VPOS="1398" WIDTH="25" HEIGHT="21" WC="0.93" CONTENT="de"/><SP WIDTH="15" VPOS="1398" HPOS="525"/>
							<String ID="string_329" HPOS="540" VPOS="1397" WIDTH="176" HEIGHT="27" WC="0.91" CONTENT="inskränkningar"/><SP WIDTH="17" VPOS="1397" HPOS="716"/>
							<String ID="string_330" HPOS="733" VPOS="1397" WIDTH="8" HEIGHT="20" WC="0.88" CONTENT="i"/><SP WIDTH="14" VPOS="1397" HPOS="741"/>
							<String ID="string_331" HPOS="755" VPOS="1397" WIDTH="125" HEIGHT="26" WC="0.90" CONTENT="rättigheten"/><SP WIDTH="16" VPOS="1397" HPOS="880"/>
							<String ID="string_332" HPOS="896" VPOS="1398" WIDTH="29" HEIGHT="18" WC="0.96" CONTENT="att"/>
						</TextLine>
						<TextLine ID="line_43" HPOS="109" VPOS="1424" WIDTH="816" HEIGHT="28">
							<String ID="string_333" HPOS="109" VPOS="1425" WIDTH="49" HEIGHT="21" WC="0.93" CONTENT="dela"/><SP WIDTH="14" VPOS="1425" HPOS="158"/>
							<String ID="string_334" HPOS="172" VPOS="1425" WIDTH="52" HEIGHT="27" WC="0.93" CONTENT="jord,"/><SP WIDTH="15" VPOS="1425" HPOS="224"/>
							<String ID="string_335" HPOS="239" VPOS="1426" WIDTH="71" HEIGHT="20" WC="0.93" CONTENT="hvilka"/><SP WIDTH="14" VPOS="1426" HPOS="310"/>
							<String ID="string_336" HPOS="324" VPOS="1425" WIDTH="81" HEIGHT="21" WC="0.92" CONTENT="härtills"/><SP WIDTH="14" VPOS="1425" HPOS="405"/>
							<String ID="string_337" HPOS="419" VPOS="1426" WIDTH="62" HEIGHT="20" WC="0.92" CONTENT="hafva"/><SP WIDTH="15" VPOS="1426" HPOS="481"/>
							<String ID="string_338" HPOS="496" VPOS="1426" WIDTH="50" HEIGHT="26" WC="0.92" CONTENT="rädt,"/><SP WIDTH="21" VPOS="1426" HPOS="546"/>
							<String ID="string_339" HPOS="567" VPOS="1425" WIDTH="38" HEIGHT="21" WC="0.96" CONTENT="och"/><SP WIDTH="16" VPOS="1425" HPOS="605"/>
							<String ID="string_340" HPOS="621" VPOS="1425" WIDTH="25" HEIGHT="20" WC="0.93" CONTENT="de"/><SP WIDTH="16" VPOS="1425" HPOS="646"/>
							<String ID="string_341" HPOS="662" VPOS="1425" WIDTH="119" HEIGHT="27" WC="0.92" CONTENT="omgängar,"/><SP WIDTH="23" VPOS="1425" HPOS="781"/>
							<String ID="string_342" HPOS="804" VPOS="1424" WIDTH="121" HEIGHT="27" WC="0.91" CONTENT="pröfningar"/>
						</TextLine>
						<TextLine ID="line_44" HPOS="109" VPOS="1453" WIDTH="816" HEIGHT="28">
							<String ID="string_343" HPOS="109" VPOS="1453" WIDTH="40" HEIGHT="22" WC="0.96" CONTENT="och"/><SP WIDTH="21" VPOS="1453" HPOS="149"/>
							<String ID="string_344" HPOS="170" VPOS="1453" WIDTH="119" HEIGHT="25" WC="0.93" CONTENT="kostnader,"/><SP WIDTH="22" VPOS="1453" HPOS="289"/>
							<String ID="string_345" HPOS="311" VPOS="1453" WIDTH="72" HEIGHT="22" WC="0.91" CONTENT="hvilka"/><SP WIDTH="22" VPOS="1453" HPOS="383"/>
							<String ID="string_346" HPOS="405" VPOS="1460" WIDTH="25" HEIGHT="14" WC="0.93" CONTENT="en"/><SP WIDTH="17" VPOS="1460" HPOS="430"/>
							<String ID="string_347" HPOS="447" VPOS="1454" WIDTH="85" HEIGHT="27" WC="0.92" CONTENT="delning"/><SP WIDTH="14" VPOS="1454" HPOS="532"/>
							<String ID="string_348" HPOS="546" VPOS="1454" WIDTH="56" HEIGHT="20" WC="0.92" CONTENT="förut"/><SP WIDTH="14" VPOS="1454" HPOS="602"/>
							<String ID="string_349" HPOS="616" VPOS="1453" WIDTH="38" HEIGHT="21" WC="0.93" CONTENT="har"/><SP WIDTH="15" VPOS="1453" HPOS="654"/>
							<String ID="string_350" HPOS="669" VPOS="1453" WIDTH="107" HEIGHT="26" WC="0.93" CONTENT="erfordrat,"/><SP WIDTH="23" VPOS="1453" HPOS="776"/>
							<String ID="string_351" HPOS="799" VPOS="1453" WIDTH="126" HEIGHT="20" WC="0.92" CONTENT="ätminstone"/>
						</TextLine>
						<TextLine ID="line_45" HPOS="109" VPOS="1480" WIDTH="817" HEIGHT="29">
							<String ID="string_352" HPOS="109" VPOS="1482" WIDTH="69" HEIGHT="21" WC="0.95" CONTENT="under"/><SP WIDTH="22" VPOS="1482" HPOS="178"/>
							<String ID="string_353" HPOS="200" VPOS="1488" WIDTH="73" HEIGHT="16" WC="0.96" CONTENT="senare"/><SP WIDTH="23" VPOS="1488" HPOS="273"/>
							<String ID="string_354" HPOS="296" VPOS="1482" WIDTH="54" HEIGHT="22" WC="0.93" CONTENT="tider"/><SP WIDTH="19" VPOS="1482" HPOS="350"/>
							<String ID="string_355" HPOS="369" VPOS="1482" WIDTH="114" HEIGHT="27" WC="0.92" CONTENT="ingalunda"/><SP WIDTH="20" VPOS="1482" HPOS="483"/>
							<String ID="string_356" HPOS="503" VPOS="1482" WIDTH="26" HEIGHT="21" WC="0.96" CONTENT="ha"/><SP WIDTH="21" VPOS="1482" HPOS="529"/>
							<String ID="string_357" HPOS="550" VPOS="1482" WIDTH="52" HEIGHT="21" WC="0.93" CONTENT="varit"/><SP WIDTH="17" VPOS="1482" HPOS="602"/>
							<String ID="string_358" HPOS="619" VPOS="1481" WIDTH="92" HEIGHT="27" WC="0.92" CONTENT="lyckliga"/><SP WIDTH="14" VPOS="1481" HPOS="711"/>
							<String ID="string_359" HPOS="725" VPOS="1481" WIDTH="34" HEIGHT="21" WC="0.93" CONTENT="för"/><SP WIDTH="14" VPOS="1481" HPOS="759"/>
							<String ID="string_360" HPOS="773" VPOS="1480" WIDTH="153" HEIGHT="28" WC="0.90" CONTENT="jordbrukaren"/>
						</TextLine>
						<TextLine ID="line_46" HPOS="110" VPOS="1509" WIDTH="815" HEIGHT="30">
							<String ID="string_361" HPOS="110" VPOS="1512" WIDTH="40" HEIGHT="20" WC="0.91" CONTENT="och"/><SP WIDTH="21" VPOS="1512" HPOS="150"/>
							<String ID="string_362" HPOS="171" VPOS="1511" WIDTH="47" HEIGHT="21" WC="0.96" CONTENT="icke"/><SP WIDTH="19" VPOS="1511" HPOS="218"/>
							<String ID="string_363" HPOS="237" VPOS="1511" WIDTH="66" HEIGHT="21" WC="0.96" CONTENT="häller"/><SP WIDTH="15" VPOS="1511" HPOS="303"/>
							<String ID="string_364" HPOS="318" VPOS="1512" WIDTH="32" HEIGHT="20" WC="0.93" CONTENT="för"/><SP WIDTH="14" VPOS="1512" HPOS="350"/>
							<String ID="string_365" HPOS="364" VPOS="1510" WIDTH="220" HEIGHT="29" WC="0.84" CONTENT="landtbefolkningens"/><SP WIDTH="16" VPOS="1510" HPOS="584"/>
							<String ID="string_366" HPOS="600" VPOS="1510" WIDTH="77" HEIGHT="22" WC="0.96" CONTENT="sociala"/><SP WIDTH="15" VPOS="1510" HPOS="677"/>
							<String ID="string_367" HPOS="692" VPOS="1510" WIDTH="105" HEIGHT="28" WC="0.95" CONTENT="ställning."/><SP WIDTH="29" VPOS="1510" HPOS="797"/>
							<String ID="string_368" HPOS="826" VPOS="1509" WIDTH="50" HEIGHT="21" WC="0.96" CONTENT="Men"/><SP WIDTH="14" VPOS="1509" HPOS="876"/>
							<String ID="string_369" HPOS="890" VPOS="1510" WIDTH="35" HEIGHT="26" WC="0.97" CONTENT="jag"/>
						</TextLine>
					</TextBlock>
				</ComposedBlock>
			</PrintSpace>
		</Page>
	</Layout>
</alto>
