1078 1761
318 133 177 20 Borgareståndet
508 133 52 16 1891.
580 133 26 16 30
617 133 44 20 jan,
843 125 26 20 61

79 212 137 21 innehafvare
232 212 21 21 af
267 212 95 27 bolagets
378 212 71 20 aktier.
479 212 41 27 Jag
534 212 38 20 har
587 212 45 20 icke
647 211 82 21 kunnat
747 211 58 21 finna
819 213 30 18 att
862 211 38 20 nå-

78 243 37 24 got
130 241 46 20 stöd
197 241 8 19 i
222 247 30 13 nu
266 241 97 26 gällande
380 240 90 27 aktielag
490 240 68 20 skulle
576 239 113 21 förefinnas
710 240 33 20 för
765 239 74 20 sådant
859 239 41 20 för-

76 269 97 26 farande,
189 275 33 14 om
237 269 35 26 jag
286 269 133 26 undantager
433 269 41 20 den
489 268 107 21 allmänna
618 268 150 27 pröfningsrätt
783 267 21 21 af
818 267 82 28 bolags-

83 297 100 27 ordnings
205 296 128 28 lämplighet;
351 302 45 14 som
411 298 23 18 är
449 298 87 18 senaten
550 296 127 26 medgifven.
706 295 51 21 Men
772 297 84 25 antaget
870 296 30 20 äf-

79 331 42 15 ven
137 326 29 20 att
181 325 70 20 denna
271 325 151 27 pröfningsrätt
443 324 82 21 kunnat
547 324 23 21 så
585 324 123 27 utsträckas,
723 324 22 20 så
761 324 68 20 skulle
844 324 34 27 jag
893 324 7 20 i

79 353 42 21 alla
136 353 38 21 fall
189 353 33 21 för
235 354 44 20 min
295 353 34 21 del
344 353 50 27 vilja
409 353 129 21 fortfarande
553 353 55 21 hålla
623 352 50 28 före,
685 354 29 20 att
724 352 65 21 man
780 348 12 37 i
801 352 99 22 afseende

80 382 13 20 å
107 382 97 21 säkerhet
218 382 111 28 ingenting
344 382 75 20 vinner
434 388 77 21 genom
526 388 26 14 en
568 382 66 20 sådan
649 382 126 23 restriktion,
790 388 49 14 men
849 381 52 21 väl
890 377 14 37 i

80 411 109 27 betänklig
212 411 50 27 grad
284 410 129 22 motarbetar
435 411 139 26 uppkomsten
590 410 21 20 af
625 410 32 21 för
679 410 222 21 affärsvärksamheten

80 439 46 21 icke
141 439 54 21 blott
210 440 82 26 nyttiga
307 441 51 19 utan
373 439 83 20 absolut
471 439 134 27 nödvändiga
620 439 154 21 associationer.

149 519 32 21 Hr
197 519 136 27 Clouberg:
349 518 240 22 Talmanskonferensen
603 518 92 28 föreslog
709 519 74 21 remiss
799 519 21 20 af
832 519 69 21 denna

80 548 129 27 proposition
224 548 32 20 till
271 548 136 27 lagutskottet
422 548 74 20 främst
510 548 48 20 med
573 548 83 26 hänsyn
673 547 74 27 därtill,
762 549 29 19 att
802 548 57 20 detta
869 550 32 18 ut-

79 577 58 20 skott
151 579 72 24 syntes
238 576 85 21 komma
338 578 29 19 att
382 576 63 21 hafva
460 576 81 21 mindre
557 576 71 21 arbete
644 578 26 18 än
685 576 44 27 lag-
744 576 39 21 och
794 576 107 21 ekonomi-

83 605 105 26 utskottet,
204 605 67 20 ehuru
292 605 159 27 propositionen
465 605 105 20 måhända
585 605 51 26 eljes
651 605 68 20 skulle
739 604 118 28 föreslagits
872 607 30 18 att

81 634 124 27 hänskjutas
220 633 31 21 till
266 633 115 21 sistnämda
396 633 84 21 utskott.

150 707 33 21 Hr
192 707 134 21 Borenius:
342 707 31 21 På
388 707 26 21 de
429 707 21 21 af
465 707 25 20 hr
504 707 92 21 Kivekäs
612 707 87 21 anförda
716 708 94 27 grunder
824 708 77 21 under-

79 736 72 21 stöder
165 737 36 26 jag
215 737 74 20 remiss
304 736 32 21 till
350 736 44 27 lag-
410 737 38 20 och
464 736 205 21 ekonomiutskottet.

148 810 34 21 Hr
196 810 122 21 Kivekäs:
333 810 59 21 Minä
407 817 25 14 en
449 811 63 20 tahdo
527 811 98 20 uudistaa
640 811 51 20 niitä
706 811 59 26 syitä,
775 811 58 26 jotka
843 811 57 20 minä

79 839 22 27 jo
117 839 45 21 toin
177 839 58 21 esille
249 839 229 27 remissikysymyksen
493 839 93 21 suhteen.
616 839 86 21 Tahdon
720 846 55 14 vaan
789 839 111 21 huomaut-

81 872 39 20 taa,
143 870 42 18 että
207 867 63 21 täällä
284 869 39 25 nyt
337 868 126 26 tapahtunut
485 868 128 26 keskustelu,
635 868 54 26 josta
705 868 43 26 käy
763 867 80 21 selville
859 869 42 19 että

81 898 118 19 useammat
221 896 89 27 puhujat
332 896 94 21 tahtovat
446 896 150 21 nimenomaan
618 896 144 21 valiokunnan
786 896 114 21 huomioon

81 925 125 21 otettavaksi
228 924 164 22 affääri-elämän
409 925 163 26 käytännölliset
587 925 145 26 vaatimukset,
748 926 61 20 antaa
825 925 77 20 aihetta

81 954 55 20 vielä
151 956 111 18 enemmän
277 954 75 20 minun
368 953 156 21 ehdotukseeni.
554 954 52 20 Mitä
621 953 55 21 tulee
692 954 120 20 erittäinkin
828 953 72 27 siihen,

81 984 42 19 että
138 982 136 26 yhdistetyllä
288 982 51 20 laki-
354 982 22 27 ja
390 982 227 21 talousvaliokunnalla
632 988 27 14 on
674 982 56 28 paljo
745 984 64 25 työtä,
824 982 45 20 niin
879 988 22 14 se

81 1017 28 14 on
124 1010 59 27 kyllä
202 1012 57 25 totta,
280 1012 42 20 että
347 1010 72 21 niiden
434 1011 94 21 asioiden
542 1011 58 26 luku,
615 1011 50 27 joka
679 1011 47 21 sillä
741 1018 27 14 on
784 1011 118 20 suoritetta-

83 1046 60 19 vana,
159 1046 28 14 on
202 1040 59 20 suuri
276 1040 97 20 verraten
388 1040 73 26 siihen,
476 1040 50 20 mitä
541 1039 64 21 näillä
620 1039 148 27 valtiopäivillä
782 1039 74 20 muilla
867 1046 35 13 va-

81 1068 133 26 liokunnilla,
229 1068 108 20 varsinkin
352 1068 201 20 lakivaliokunnalla
568 1074 33 20 on,
612 1070 67 18 mutta
689 1068 58 20 minä
759 1074 26 14 en
799 1068 102 20 suinkaan

82 1096 53 21 usko
159 1098 42 19 että
222 1102 38 15 sen
282 1098 36 25 työ
341 1096 57 21 tulisi
421 1096 95 21 olemaan
530 1096 57 27 juuri
602 1096 108 27 suurempi
725 1096 52 21 kuin
793 1096 109 21 edellisillä

83 1125 155 27 valtiopäivillä.

151 1210 32 21 Hr
197 1210 159 28 Borgström:
372 1210 70 20 Jämte
458 1210 35 20 det
507 1210 35 27 jag
556 1210 38 20 ber
609 1211 29 19 att
653 1209 22 21 få
686 1209 129 21 understöda
827 1209 77 27 yrkan-

82 1239 36 20 det
141 1240 29 19 att
193 1239 69 20 denna
282 1238 129 28 proposition
432 1238 64 21 måtte
513 1238 115 21 remitteras
643 1238 31 21 till
690 1238 101 20 särskilda
806 1238 44 27 lag-
865 1238 39 20 och

83 1267 205 27 ekonomiutskottet,
304 1267 37 20 vill
356 1267 35 27 jag
405 1268 57 25 yttra
477 1267 64 27 nägra
556 1266 127 21 tvifvelsmäl
697 1266 130 21 beträffande
843 1266 12 20 5
865 1266 39 21 och

84 1296 26 20 19
127 1296 31 26 88.
188 1296 62 20 Hvad
267 1296 12 26 $
296 1296 11 20 5
323 1295 103 27 beträffar,
442 1295 23 21 sä
480 1302 62 20 synes
558 1295 36 21 det
607 1295 50 27 mig,
667 1296 35 26 att,
718 1295 27 20 dä
758 1301 73 15 senare
843 1294 60 21 delen

83 1324 22 20 af
127 1324 123 20 densamma
270 1324 47 20 icke
340 1326 23 18 är
384 1330 59 14 mera
463 1324 124 26 preciserad,
609 1330 50 15 man
681 1326 23 18 är
718 1323 142 21 underkastad
876 1325 29 19 ett

83 1352 113 27 godtycke,
213 1353 38 20 och
266 1352 49 21 med
328 1352 116 27 anledning
455 1352 59 20 däraf
524 1352 67 20 skulle
601 1352 35 27 jag
648 1352 110 20 hemställa
769 1358 34 14 om
814 1352 35 20 det
858 1352 46 20 icke

83 1387 50 13 vore
156 1381 46 19 skäl
216 1383 30 17 att
260 1381 43 19 låta
318 1381 42 19 den
375 1387 73 13 senare
464 1380 63 20 delen
542 1380 20 20 af
578 1380 69 20 denna
663 1380 18 26 $,
699 1380 128 20 beträffande
849 1380 56 26 pröf-

83 1408 52 27 ning
150 1408 7 20 i
172 1408 99 21 afseende
286 1408 13 20 &
313 1408 78 20 vidden
415 1408 39 20 och
476 1407 171 21 beskaffenheten
670 1407 21 21 af
713 1407 94 27 bolagets
822 1407 83 26 rörelse,

84 1436 55 28 utgå.
170 1436 37 21 Uti
223 1437 25 19 19
264 1437 12 26 $
292 1438 23 18 är
330 1436 36 20 det
380 1436 98 27 stadgadt
493 1438 30 18 att
536 1436 48 20 hela
606 1435 157 27 aktiekapitalet
785 1435 55 21 skall
856 1442 50 14 vara

84 1465 121 21 inbetaladt.
235 1465 72 28 Enligt
329 1465 42 20 den
386 1465 119 20 erfarenhet
520 1471 49 14 man
584 1464 8 21 i
606 1464 95 21 utlandet
723 1464 50 27 haft,
789 1464 38 21 har
842 1464 64 21 aktie-

85 1494 73 28 bolags
180 1494 101 21 obeständ
304 1493 43 22 ofta
368 1493 133 28 uppkommit
522 1499 77 22 genom
621 1493 138 28 spekulation,
781 1493 39 20 och
838 1493 26 20 dä
880 1499 26 14 en

84 1523 119 28 syssloman
225 1523 38 21 har
284 1523 85 27 mycket
389 1523 75 20 lättare
483 1522 33 21 för
530 1522 78 21 sädana
630 1522 157 27 spekulationer
809 1529 34 14 om
865 1522 42 21 han
