1075 1761
335 126 177 21 Borgareståndet
525 128 53 17 1891.
602 128 13 17 9
627 133 61 12 mars.
857 124 41 21 365

102 207 105 19 närmaste
229 206 39 20 och
289 205 36 22 vid
346 205 120 22 lärovärket
486 207 73 27 högsta
581 207 52 21 chef.
663 207 41 28 Jag
724 210 44 19 tror
789 208 43 27 mig
854 209 70 20 därför

100 233 75 21 kunna
189 233 62 21 hafva
265 240 27 15 en
306 234 96 21 bestämd
417 235 54 20 åsikt
485 235 8 20 i
508 235 69 21 denna
591 235 59 27 fråga
664 236 39 20 och
718 238 24 19 är
756 236 124 27 öfvertygad
888 243 35 14 om

100 263 32 19 att
153 268 49 14 man
224 268 76 21 genom
321 269 27 14 en
370 262 79 27 åtgärd,
471 263 65 21 sådan
551 269 45 15 som
612 263 42 21 den
668 264 124 27 föreslagna,
806 265 117 26 ingalunda

101 296 72 14 vunne
195 290 36 20 det
244 290 43 20 mål
302 296 50 15 man
367 290 82 26 åsyftat.
479 291 173 27 Obehöfligheten
667 292 21 20 af
703 292 41 20 den
759 292 119 27 föreslagna
893 293 30 20 åt-

98 318 82 26 gärden
202 318 93 27 framgår
316 318 108 21 dessutom
446 325 27 14 ur
486 319 42 21 den
542 319 70 27 tabell,
627 326 46 14 som
687 322 24 18 är
725 320 71 27 bilagd
811 320 112 21 utskottets

101 346 138 26 betänkande,
262 346 37 21 där
319 346 35 21 det
368 348 61 26 säges
444 348 30 20 att
489 348 26 19 16
530 354 100 20 personer
644 347 64 21 bland
723 348 133 21 lärarekåren
870 355 53 21 upp-

100 374 46 20 nått
168 374 41 21 den
231 374 120 28 föreslagna
372 374 165 28 åldersgränsen.
573 375 42 27 Jag
638 375 69 21 finner
728 376 56 21 detta
806 376 46 21 icke
874 376 49 21 fullt

100 402 70 21 exakt.
199 402 42 28 Jag
262 403 68 21 skulle
352 409 50 15 anse
425 404 48 20 dem
492 410 50 14 vara
557 404 74 21 endast
646 404 12 20 9
674 404 31 20 till
720 404 84 27 antalet,
819 407 23 24 ty
857 405 66 27 enligt

100 430 100 28 förslaget
221 431 32 21 till
274 431 125 28 författning
414 433 35 19 äro
465 432 25 20 de
506 438 45 14 som
565 432 90 27 uppnått
669 432 26 21 63
711 432 34 21 års
760 432 63 28 ålder,
838 433 84 21 berätti-

99 459 55 27 gade
172 460 29 20 att
216 461 57 20 ännu
288 459 85 21 kvarstå
387 460 35 20 vid
438 460 123 21 lärovärken
575 460 32 21 till
622 460 108 28 ingången
744 461 21 21 af
780 461 36 21 det
829 461 93 27 följande

100 487 94 27 läseåret,
210 488 27 20 då
251 488 26 21 de
291 489 24 26 ju
329 488 8 21 i
352 488 36 21 det
401 490 105 20 närmaste
522 491 35 19 äro
573 489 27 21 64
615 489 28 21 år.
672 488 41 22 Det
728 491 23 19 är
766 489 81 21 således
861 490 33 20 för
909 493 12 19 9

100 522 105 22 personer,
223 516 22 20 af
261 516 72 21 hvilka
348 516 36 22 det
398 517 96 27 upplysts
509 519 29 19 att
552 517 66 28 några
632 520 35 18 äro
683 517 67 21 stälda
764 518 27 27 på
806 520 60 19 extra
876 520 46 26 stat,

99 544 22 21 vi
143 551 31 14 nu
194 544 68 22 skulle
281 545 57 21 stifta
352 545 35 28 lag
402 546 39 20 och
456 552 27 14 en
496 546 41 27 lag,
552 552 46 15 som
612 546 8 20 i
634 546 33 20 sin
683 546 105 28 egenskap
804 546 21 21 af
839 547 82 20 undan-

99 573 82 27 tagslag
195 574 8 19 i
225 574 40 19 allo
278 580 50 14 vore
343 574 82 20 mindre
440 574 110 21 önskvärd.
579 574 42 27 Jag
635 574 32 21 får
681 575 71 20 därför
766 575 104 26 tillstyrka
885 582 37 13 an-

99 601 100 28 tagandet
214 601 21 21 af
249 602 112 21 utskottets
375 601 138 22 betänkande.

168 686 32 21 Hr
223 685 168 22 Serlachius:
421 687 32 20 Hr
474 687 93 21 Jusélius
590 687 39 21 har
651 687 47 21 sökt
713 687 110 22 skilnaden
839 688 32 21 till
886 688 35 21 det

98 715 59 20 olika
179 716 46 26 sätt,
245 715 27 27 på
293 715 81 21 hvilket
396 715 42 20 den
456 715 143 28 föreliggande
615 716 158 27 propositionen
787 716 35 20 vid
838 718 82 19 senaste

100 743 101 27 landtdag
223 743 39 21 och
283 743 36 21 vid
342 743 70 21 denna
433 743 102 28 landtdag
556 743 69 22 blifvit
643 744 119 21 behandlad
778 744 21 21 af
814 745 106 27 utskottet,

100 771 69 22 däruti
191 773 30 19 att
243 772 41 21 den
307 771 26 22 dä
352 771 68 22 skulle
434 772 64 21 hafva
512 772 124 21 behandlats
651 772 141 21 axiomatiskt.
821 773 41 21 För
876 773 45 21 min

99 800 36 21 del
158 800 67 21 skulle
244 801 35 27 jag
293 801 52 27 vilja
360 800 50 21 söka
425 801 88 20 orsaken
529 801 31 21 till
576 801 25 21 de
617 801 56 21 olika
687 801 116 22 resultaten
818 801 50 28 däri,
891 803 30 20 att

99 829 43 20 den
163 829 35 20 vid
220 831 83 19 senaste
325 829 102 28 landtdag
444 829 142 22 behandlades
601 829 26 28 på
642 830 68 27 saklig
724 829 76 28 grund,
820 837 50 14 men
885 831 35 20 vid

99 857 71 21 denna
184 857 101 27 landtdag
299 857 47 21 från
362 864 26 15 en
398 858 83 27 ensidig
491 858 229 28 grundlagssynpunkt,
735 858 69 21 såsom
814 860 30 19 ett
854 860 66 20 atten-

98 887 32 19 tat
144 887 44 19 mot
203 892 27 14 en
245 886 33 20 för
291 886 121 21 samhällets
434 886 88 22 bestånd
544 886 66 28 viktig
624 887 87 27 princip.
741 886 62 22 Såväl
817 887 8 20 i
839 887 80 21 utskot-

99 916 41 19 tets
162 914 132 21 betänkande
314 921 46 14 som
375 914 68 22 under
463 915 147 21 diskussionen
624 915 39 21 har
677 916 69 20 såsom
761 915 159 28 hufvudsakligt

100 942 45 21 skäl
166 944 45 19 mot
233 942 41 21 den
296 943 119 27 föreslagna
434 943 195 27 lagbestämningen
649 944 120 26 egentligen
784 944 80 20 anförts
878 944 41 27 det,

99 973 31 18 att
152 971 35 21 det
208 971 46 21 icke
277 971 113 21 förefinnes
412 971 112 27 tillräcklig
545 972 69 27 grund
637 973 30 19 att
683 972 85 27 vidtaga
783 978 27 14 en
824 972 95 27 ändring,

100 1005 46 15 som
168 999 61 28 djupt
249 1000 74 20 inskär
343 1000 8 20 i
373 1006 26 14 en
421 1000 138 27 rättsprincip.
588 999 76 22 Denna
679 1000 135 27 uppfattning
827 1000 43 21 kan
884 1001 35 27 jag

98 1028 47 20 icke
161 1028 52 20 dela.
242 1027 93 21 Formelt
349 1028 90 21 innebär
452 1028 156 27 propositionen
624 1034 27 15 en
665 1028 131 28 lagändring,
811 1035 49 14 men
874 1035 45 15 ma-

97 1056 71 21 terielt
181 1056 52 21 icke.
263 1056 113 28 Principen
398 1056 22 21 af
436 1057 180 27 tjänstemännens
632 1057 140 27 oafsättlighet
787 1057 38 21 har
839 1057 32 21 till
886 1057 33 21 sin

97 1084 125 28 ovilkorliga
243 1084 150 29 förutsättning
414 1086 31 20 att
466 1085 167 27 tjänstemännen
655 1085 59 21 alltid
732 1085 59 21 skola
806 1085 51 28 fylla
872 1086 47 20 sina

97 1113 79 27 platser
191 1113 38 21 och
245 1113 46 21 sina
305 1113 82 28 plikter.
410 1113 30 21 På
456 1114 40 21 den
512 1114 107 27 offentliga
633 1115 78 20 rättens
727 1113 85 22 område
828 1116 35 19 äro
878 1116 41 19 rätt

96 1142 42 20 och
152 1141 53 28 plikt
219 1142 128 27 fullkomligt
362 1142 188 21 sammanhörande
565 1142 98 27 begrepp,
679 1143 41 20 den
733 1149 39 14 ena
782 1142 66 21 måste
860 1143 58 20 alltid

98 1170 51 26 följa
164 1170 41 20 den
219 1171 66 20 andra
300 1171 26 20 åt.
357 1170 45 21 Och
416 1170 28 20 då
458 1171 36 20 det
507 1171 66 21 måste
588 1171 117 27 medgifvas
720 1173 31 18 att
765 1171 35 20 vid
816 1176 27 15 en
852 1171 65 27 högre

97 1198 59 21 ålder
171 1198 153 28 otvifvelaktigt
338 1198 54 22 både
407 1198 59 27 själs-
482 1199 39 21 och
535 1199 156 27 kroppskrafter
705 1199 114 27 försvagas,
839 1198 23 21 så
876 1199 41 21 blir

96 1226 38 21 det
148 1232 26 15 en
189 1227 92 27 naturlig
295 1226 135 22 konsekvens
444 1227 22 20 af
480 1227 159 27 ifrågavarande
653 1227 118 27 grundsats,
787 1229 29 19 att
832 1227 26 21 då
867 1234 50 14 man

96 1254 97 21 kommer
214 1255 33 20 till
269 1255 41 20 den
325 1255 64 24 ålder,
411 1255 27 20 då
453 1261 49 14 man
517 1255 46 21 icke
578 1261 59 15 mera
651 1256 42 20 kan
707 1255 54 26 fylla
776 1255 46 21 sina
836 1255 81 27 plikter,

96 1288 51 15 man
162 1282 37 21 bör
214 1282 53 28 afgå,
290 1283 39 20 och
345 1289 34 15 om
394 1283 46 21 icke
463 1283 41 20 den
520 1283 95 21 enskilda
630 1284 34 20 vet
679 1284 29 20 att
724 1283 126 21 därutinnan
865 1283 52 26 fylla

96 1310 56 21 hvad
167 1316 50 15 man
231 1311 42 20 kan
288 1311 76 26 fordra,
386 1310 66 21 måste
472 1311 63 27 lagen
549 1311 59 21 träda
623 1311 96 21 emellan.
749 1310 63 22 Detta
827 1313 23 19 är
865 1311 52 21 blott

95 1344 29 14 en
139 1338 92 28 naturlig
245 1339 134 21 konsekvens
393 1339 21 21 af
429 1339 266 27 oafsättlighetsprincipen,
709 1339 47 21 icke
772 1338 64 28 något
850 1339 67 27 afsteg

96 1366 47 21 från
158 1366 127 22 densamma.
315 1366 42 22 Det
371 1369 41 19 sätt
426 1369 30 19 att
471 1367 95 21 betrakta
580 1367 71 27 saken,
669 1374 44 14 som
728 1367 137 27 lagutskottet
879 1368 38 20 har

95 1394 9 20 i
119 1394 35 20 sitt
168 1394 133 21 betänkande
316 1395 108 27 tillämpat,
439 1402 64 19 synes
517 1396 44 26 mig
576 1395 70 20 därför
662 1402 51 13 vara
728 1397 30 18 ett
771 1395 145 26 hårdragande

95 1422 23 20 af
140 1428 27 15 en
189 1423 118 27 grundsats,
329 1423 40 20 och
391 1424 29 20 ett
442 1422 151 28 hårdragande,
614 1429 47 14 som
681 1423 39 20 har
738 1423 32 20 till
784 1422 89 22 resultat
887 1424 30 20 att

95 1450 76 27 själfva
192 1450 110 28 principen
323 1451 96 20 kommer
436 1451 8 19 i
458 1451 125 20 misskredit.
612 1451 31 26 Ty
665 1450 71 21 denna
756 1450 68 21 måste
839 1450 27 21 då
880 1451 36 20 be-

95 1478 80 22 träktas
189 1479 70 20 såsom
273 1479 85 27 inrymd
373 1479 46 21 icke
434 1479 32 20 för
481 1481 30 19 att
526 1479 81 27 skydda
616 1479 116 27 samhället,
747 1481 51 19 utan
810 1479 69 21 såsom
889 1485 27 15 en

95 1507 83 22 förmån
192 1507 33 22 för
239 1508 26 21 de
281 1507 97 22 enskilda
392 1507 138 28 individerna,
545 1513 27 16 en
587 1507 83 22 förmån
687 1513 47 15 som
749 1507 66 22 måste
829 1507 87 22 framstå
