1075 1770
195 144 41 21 402
397 149 176 22 Borgareståndet
586 150 53 17 1891.
665 151 23 16 12
699 154 62 13 mars.

238 229 65 21 Ordet
317 229 102 27 begärdes
434 229 22 20 af
470 229 25 20 hr
536 231 144 26 Borgström,
695 235 45 15 som
750 229 93 26 yttrade:
874 228 41 22 Det
925 235 66 21 synes

168 264 46 15 som
237 256 25 23 de'
282 257 25 22 af
317 258 138 27 petitionären
471 258 88 21 anförda
573 257 210 22 missförhållandena
798 257 68 34 skulle
881 264 50 14 vara
946 259 44 19 sär-

169 286 57 21 deles
249 286 190 27 behjärtansvärda.
470 285 60 22 Dock
551 286 141 21 förekommer
707 286 35 21 det
756 286 44 27 mig
815 285 69 22 såsom
898 285 92 22 målnin-

168 321 41 21 gen
225 321 49 15 vore
289 315 71 21 hållen
375 315 7 20 i
397 321 42 21 nog
453 315 73 20 mörka
541 315 73 27 färger.
644 314 42 21 Det
700 316 24 19 är
738 315 52 20 visst
804 316 47 19 sant
866 316 29 19 att
910 321 35 14 om
957 321 33 14 ar-

168 343 133 21 betslönerna
320 343 66 21 hållas
404 344 59 27 höga,
479 343 23 21 så
516 343 42 21 kan
573 343 36 21 det
623 343 33 20 för
670 343 66 27 några
750 343 78 21 trakter
843 343 21 21 af
878 343 46 20 vårt
938 343 51 20 land

168 379 50 14 vara
233 372 79 27 ganska
327 371 153 28 ofördelaktigt,
495 378 49 15 men
558 378 49 15 man
624 371 37 22 bör
676 371 54 21 dock
745 371 47 21 icke
806 371 78 22 förlora
899 378 25 14 ur
934 371 56 22 sikte

168 402 30 19 att
218 401 55 27 höga
296 400 130 22 arbetslöner
446 400 64 21 hafva
532 401 35 21 det
585 401 55 26 goda
654 401 49 20 med
718 401 38 26 sig,
771 401 30 20 att
816 400 20 20 vi
850 400 47 21 icke
912 400 23 21 så
949 400 42 21 lätt

167 429 66 21 blifva
253 430 77 20 utsatta
344 429 34 21 för
392 429 25 21 de
433 429 60 21 svåra
507 429 160 27 förvecklingar,
682 435 46 14 som
744 429 65 20 andra
823 429 74 20 länder
911 435 78 21 genom

168 457 167 28 arbetarefrågan
357 457 53 21 varit
432 458 38 20 och
493 459 35 19 äro
549 459 77 20 utsatta
641 458 37 20 för.
707 456 33 22 Då
759 463 49 15 man
823 457 39 21 hör
876 458 29 20 att
920 456 70 22 under

167 486 70 28 loppet
259 486 21 21 af
301 488 28 19 ett
344 486 23 21 år
382 486 50 22 flere
447 486 98 28 miljoner
558 486 60 21 mark
633 486 47 20 från
693 486 102 21 Amerika
811 485 130 21 öfversändts
957 486 31 20 till

168 515 32 21 till
223 515 90 21 Finland
335 516 39 20 och
397 514 32 27 då,
451 514 69 22 såsom
542 514 91 28 framgår
655 514 22 21 af
693 514 163 28 poststyrelsens
871 514 117 27 berättelse,

167 544 72 26 hvarje
262 544 66 20 vecka
346 544 60 26 8,000
423 543 46 21 bref
484 544 39 20 och
537 544 108 20 dessutom
661 543 65 21 andra
740 542 188 28 postförsändelser
942 542 47 21 från

167 572 101 21 Amerika
291 572 96 27 anlända,
407 572 24 20 så
445 572 59 20 torde
519 579 49 14 man
584 571 83 21 därutaf
681 572 74 20 kunna
770 571 64 27 draga
848 571 41 21 den
905 572 84 20 slutsat-

168 607 36 14 sen
221 602 30 20 att
265 602 30 20 ett
309 600 63 28 lifligt
386 600 101 21 samband
503 601 100 21 existerar
618 600 91 20 emellan
719 600 155 27 emigranterne
884 600 39 20 och
931 600 59 21 hem-

167 629 77 22 landet.
275 628 26 22 Sä
316 629 62 28 länge
394 629 56 21 detta
465 631 23 19 är
502 628 63 26 fallet,
581 634 64 23 synes
661 628 34 22 det
709 628 45 28 mig
769 630 30 19 att
812 635 51 14 man
872 628 42 21 kan
924 628 65 21 räkna

167 657 27 28 på
216 660 29 19 att
267 658 154 27 emigranterne
436 657 47 22 icke
497 657 33 22 för
545 657 58 22 alltid
619 659 74 20 stanna
708 657 42 27 där,
766 659 57 25 utan,
838 657 69 21 såsom
926 657 62 21 äfven

168 687 145 21 erfarenheten
336 686 86 27 bevisat,
442 686 113 22 återvända
571 686 31 21 till
616 686 143 27 fosterlandet,
774 685 126 22 åtminstone
915 685 30 22 till
963 692 26 15 en

168 715 39 21 del.
237 715 45 22 Och
303 715 26 21 då
351 715 27 21 de
400 715 88 21 sålunda
503 715 32 21 till
549 715 72 21 landet
636 715 134 26 återkomma,
786 715 100 26 medföra,
901 715 26 20 de
941 714 48 21 icke

168 743 87 22 allenast
277 743 79 28 kapital
374 746 56 25 utan,
448 743 55 21 hvad
519 750 58 15 mera
592 745 27 25 är,
635 743 72 28 energi
723 744 39 21 och
777 743 117 27 affärsdrift,
909 743 80 21 hvilket

167 771 130 22 förhållande
327 772 134 27 naturligtvis
478 767 9 36 -
490 773 65 20 måste
585 772 64 21 värka
677 772 94 21 lifvande
800 772 39 21 och
865 778 49 15 vara
941 773 48 25 nyt-

167 801 39 27 tigt
227 801 33 20 för
280 801 77 21 landet.
389 801 81 20 Genom
493 803 29 18 att
543 801 61 20 ställa
619 801 65 26 några
699 801 75 20 hinder
788 800 33 21 för
836 800 151 27 emigrationen

167 829 68 21 skulle
249 835 50 15 man
313 829 47 21 icke
376 829 64 21 vinna
458 831 64 19 annat
536 831 26 19 än
578 831 30 19 att
623 829 26 21 de
663 835 106 21 personer,
777 835 46 15 som
831 829 81 20 ändock
920 829 69 21 skulle

167 857 108 28 emigrera,
290 858 69 27 aldrig
372 864 46 14 mer
432 858 84 20 komme
532 860 29 18 att
575 857 31 21 hit
620 857 118 21 ätervända.
768 857 33 21 Dä
815 858 35 26 jag
862 857 70 21 därför
941 857 48 21 icke

167 886 42 20 kan
224 892 50 15 vara
292 886 87 20 alldeles
394 886 143 20 tillfredsstäld
551 886 50 20 med
616 886 40 20 den
672 886 21 20 af
707 885 107 21 allmänna
823 885 167 21 besvärsutskot-

166 915 30 20 tet
210 914 119 28 föreslagna
343 914 113 26 klämmen,
472 914 67 21 skulle
553 914 36 27 jag
604 913 68 21 däruti
686 914 84 20 förorda
786 915 30 19 ett
825 914 74 21 sådant
909 913 80 28 tillägg,

167 945 30 18 att
217 942 105 21 klämmen
341 942 8 20 i
364 942 32 21 sin
412 942 70 21 helhet
496 943 85 21 komme
596 944 29 19 att
640 942 59 26 lyda:
731 943 29 20 att
774 942 27 20 H.
816 942 26 20 K.
857 942 50 20 M.i
922 942 67 20 näder

166 970 49 22 ville
231 970 84 28 vidtaga
330 970 73 28 ätgärd
419 970 84 28 därhän,
519 973 29 19 att
562 970 159 28 undersökning
736 970 108 28 angäende
858 970 27 21 de
894 970 95 21 missför-

166 999 120 27 hällanden,
311 1005 45 15 som
378 1000 8 20 i
405 999 45 21 värt
464 999 51 21 land
530 999 89 27 härflyta
634 1000 21 20 af
669 999 159 27 emigrationen,
844 998 69 22 blefve
928 998 60 21 värk-

167 1027 53 21 stäld
244 1028 38 20 och
304 1028 79 27 förslag
404 1028 31 20 till
458 1028 60 20 deras
534 1028 133 27 afhjälpande
682 1028 126 27 upprättadt,
822 1029 52 19 utan
890 1029 29 19 att
933 1027 55 21 dock

166 1056 66 28 nägra
247 1056 76 21 hinder
336 1056 34 20 för
384 1056 152 27 emigrationen
551 1056 120 28 uppställas.

234 1129 33 21 Hr
281 1129 82 21 Lille:
394 1130 41 27 Jag
450 1130 83 21 förenar
549 1130 44 27 mig
607 1130 49 21 med
669 1130 25 20 hr
708 1130 122 27 Borgström
846 1130 38 21 och
897 1130 93 21 föreslär

167 1158 118 21 återremiss
299 1158 33 20 till
346 1158 102 21 utskottet
462 1158 7 20 i
485 1159 35 20 det
535 1158 20 20 af
570 1159 77 20 honom
662 1158 86 27 angifna
763 1158 68 27 syftet.

234 1226 33 20 Hr
286 1225 161 22 Forselius:
470 1226 42 27 Jag
526 1226 123 27 godkänner
663 1226 129 32 fullkomligt
807 1226 39 21 den
862 1226 63 27 kläm,
941 1232 45 15 som

165 1254 102 21 utskottet
280 1254 8 20 i
303 1254 57 21 detta
375 1254 133 21 betänkande
523 1254 108 26 framstält,
645 1254 68 21 ehuru
728 1255 34 31 jag
777 1254 89 22 likasom
880 1255 25 20 hr
920 1243 67 43 Borg-

166 1285 64 18 ström
253 1288 62 15 anser
337 1285 30 18 att
384 1283 64 27 nägot
462 1283 75 21 hinder
551 1283 46 21 icke
613 1271 38 33 bör
665 1285 64 19 sättas
744 1283 8 20 i
768 1284 67 26 vägen
849 1283 33 21 för
897 1283 90 27 emigra-

165 1311 71 20 tionen
251 1310 70 20 säsom
336 1310 41 20 den
392 1311 38 18 hos
446 1317 34 13 oss
494 1312 98 25 gestaltat
606 1311 37 26 sig.
665 1310 50 20 Men
732 1311 34 20 det
781 1311 65 26 gäller
858 1313 30 18 att
898 1312 88 19 anställa

164 1338 134 27 forskningar
318 1337 102 27 däröfver,
440 1338 56 20 huru
515 1345 50 14 man
586 1338 53 21 skall
653 1338 7 20 i
676 1339 117 26 möjligaste
808 1339 64 20 måtto
888 1338 98 27 tillgodo-

164 1367 51 26 göra
229 1366 32 27 sig
276 1366 26 21 de
317 1365 84 28 krafter,
416 1372 46 15 som
476 1365 69 22 blifvit
559 1366 72 21 landet
645 1366 114 21 beröfvade
776 1373 77 20 genom
868 1367 69 20 denna
953 1368 32 19 ut-

164 1395 109 27 vandring.
303 1395 41 27 Jag
364 1394 68 22 skulle
451 1401 49 15 anse
516 1396 35 26 att,
573 1394 27 22 dä
614 1401 50 15 man
679 1402 26 14 en
721 1395 56 28 gäng
791 1395 37 27 gär
843 1397 23 19 ut
881 1395 47 21 frän
943 1395 42 22 den

164 1424 135 27 synpunkten
314 1425 30 19 att
358 1430 50 14 man
422 1424 47 20 icke
483 1430 58 14 mera
556 1424 42 20 kan
613 1423 79 25 hindra;
707 1424 153 28 emigrationen
874 1424 46 22 från
935 1424 50 21 Fin-

163 1452 56 34 land,
242 1452 69 22 denna
332 1452 39 21 bör
384 1452 28 28 pä
426 1452 64 32 nägot
504 1454 40 19 sätt
558 1452 47 21 frän
620 1452 136 28 regeringens
771 1453 45 20 sida
831 1453 82 21 ordnas.
943 1452 42 22 Det

164 1482 23 20 är
201 1480 108 28 nämligen
323 1480 59 22 fallet
396 1482 30 20 att
441 1480 7 21 i
463 1480 100 27 utlandet,
579 1481 39 21 och
633 1481 35 21 det
683 1481 62 21 äfven
760 1482 7 20 i
782 1482 79 26 länder,
882 1481 38 22 där
934 1488 50 14 man

164 1510 32 21 för
211 1510 62 27 öfrigt
287 1509 38 21 har
339 1509 120 27 fullkomlig
476 1494 154 47 näringsfrihet,
651 1510 77 21 hinder
741 1510 68 21 finnas
823 1498 63 40 lagda
900 1511 33 20 för
947 1510 38 21 be-

163 1538 94 26 fordring
273 1538 21 20 af
309 1538 131 26 emigranter.
470 1537 32 22 De
517 1544 106 21 personer,
645 1544 45 15 som
704 1538 80 22 befatta
798 1539 32 27 sig
844 1539 49 21 med
909 1545 26 15 en
951 1539 33 20 sä-
