1075 1759
203 141 40 20 118
414 145 174 21 Porgareständet
601 145 52 16 1891.
678 145 11 15 7
702 144 50 17 febr.

412 253 37 20 Till
468 252 103 27 vällofliga
586 250 180 28 borgareständet!

245 309 40 21 Det
308 311 23 19 är
352 309 47 20 icke
420 309 66 20 första
508 309 82 26 gången
612 308 59 27 fråga
694 307 71 21 väckts
784 313 34 14 om
833 313 26 14 en
874 307 77 21 bibana
966 307 31 20 till

179 337 138 21 Kristinestad
334 337 47 21 frän
396 337 70 27 nägon
482 337 67 26 punkt
572 337 5 20 &
592 336 139 21 Wasabanan.
754 335 74 21 Redan
844 335 34 21 vid
895 336 53 20 1882
964 335 33 21 ärs

178 366 101 27 landtdag
301 367 37 19 har
360 365 124 27 betydelsen
507 366 22 20 af
549 371 26 14 en
595 364 66 21 sådan
676 364 164 27 bansträckning
855 364 21 20 af
890 365 107 26 järnvägs-

178 396 101 19 utskottet
300 394 130 27 framhällits,
453 394 39 21 och
514 394 35 20 vid
572 394 54 20 1885
649 392 40 21 oah
705 393 54 20 1888
775 392 33 21 ärs
823 392 124 27 landtdagar
961 393 37 26 säg

178 423 73 27 frägan
275 423 69 27 dagen
358 423 8 20 i
380 423 54 20 form
458 423 20 20 af
500 423 115 26 petitioner,
637 421 121 21 inlämnade
773 421 32 22 till
820 421 177 27 borgareständet,

178 451 144 22 hvarförutom
337 458 27 13 en
379 451 87 28 petition
483 452 4 19 i
504 457 79 14 samma
597 451 54 26 syfte
663 450 22 21 är
696 450 54 21 1885
761 449 131 29 inlämnades
902 450 6 20 i
919 449 78 21 bonde-

179 480 88 20 ständet.
289 480 48 20 Den
353 480 136 20 ekonomiska
504 479 67 21 fördel
585 479 48 20 hela
653 479 83 27 sydliga
751 478 62 21 delen
829 478 20 21 af
864 478 134 21 Österbotten

179 508 68 21 skulle
262 508 85 21 komma
363 510 29 19 att
408 508 63 27 draga
487 509 20 19 af
523 508 68 21 banan
607 508 38 19 och
661 508 34 20 det
706 507 130 26 trafikbehof,
852 507 39 20 den
903 506 95 21 otvifvel-

179 537 66 26 aktigt
260 537 67 20 skulle
343 537 58 26 fylla,
416 537 44 25 har,
475 539 68 18 säsom
555 537 35 27 jag
600 538 48 21 tror,
664 537 17 26 ej
693 535 67 21 häller
772 535 159 26 underskattats,
947 539 51 16 utan

179 565 60 20 torde
261 565 89 20 orsaken
372 565 32 20 till
426 566 30 19 att
477 565 68 20 denna
561 564 121 27 sträckning
696 564 47 20 icke
759 563 69 21 blifvit
842 570 46 14 mer
902 563 96 27 beaktad,

179 593 22 20 fä
223 593 60 20 sökas
299 593 7 20 i
322 593 41 20 den
384 593 186 27 omständigheten,
594 595 29 18 att
645 593 65 20 andra
733 592 65 20 banor
812 592 22 19 af
849 598 57 14 mera
921 591 77 20 allmän

180 621 109 26 betydelse
305 621 52 26 tagit
372 621 81 20 landets
469 621 110 28 tillgångar
593 621 8 20 i
616 621 94 26 anspråk.

251 649 159 28 Uppskattande
433 650 70 20 vikten
527 650 21 20 af
570 656 26 14 en
618 649 227 26 järnvägsförbindelse
866 648 48 21 med
933 649 66 26 öfriga

181 678 58 20 delar
259 679 20 19 af
310 678 63 21 landet
395 680 54 19 samt
471 678 32 20 för
525 680 29 19 att
577 684 34 14 om
625 678 83 26 möjligt
722 677 46 21 föra
782 677 73 26 frägan
870 676 76 21 framät
961 677 38 20 och

180 706 72 27 uppnå
274 709 28 18 ett
320 707 32 20 för
367 710 70 17 ortens
452 707 97 20 framtida
565 706 121 27 utveckling
701 705 158 28 betydelsefullt
874 705 125 27 önsknings-

180 735 48 26 mäl,
244 735 79 20 beslöto
339 735 189 26 stadsfullmäktige
544 735 6 20 i
565 735 139 27 Kristinestad
720 734 89 21 förliden
820 740 91 15 sommar
921 736 30 19 att
958 734 42 20 läta

180 763 157 21 instrumentalt
362 763 117 21 undersöka
501 770 27 13 en
545 764 50 26 linje
611 762 290 27 Östermyra—Kristinestad
917 763 39 20 och
971 766 29 17 att

181 791 21 20 ät
218 792 85 20 stadens
318 791 107 21 blifvande
440 793 145 26 ropresentant
600 791 107 27 uppdraga
723 793 29 18 att
767 791 125 27 petitionera
903 797 34 15 om
945 791 55 27 järn-

181 822 45 25 väg,
247 820 105 27 utgående
375 820 45 20 från
445 821 69 26 någon
536 820 67 27 punkt
621 820 12 20 å
648 819 139 21 Wasabanan.
818 820 41 19 Vid
875 821 29 19 ett
919 825 80 20 senare,

181 848 40 21 den
245 849 25 20 27
295 849 117 27 september
434 855 80 14 samma
535 853 23 16 är
577 848 63 21 hället
655 847 155 22 sammanträde
825 848 48 20 med
888 847 112 21 förstärkta

181 877 189 27 stadsfullmäktige
386 877 70 20 bifölls
472 877 20 20 af
507 877 47 20 dem
570 879 20 18 ett
614 877 83 26 förslag,
713 878 35 25 att,
763 876 33 21 för
811 877 35 20 det
860 876 37 20 fall
913 883 25 14 en
950 877 51 20 ban-

182 905 98 27 byggnad
307 906 36 19 från
358 905 120 26 Östermyra
495 905 50 20 eller
561 911 70 14 annan
646 905 66 26 punkt
728 905 12 20 ä
756 905 133 20 Wasabanan
904 905 21 20 af
933 907 68 18 staten

181 933 68 21 skulle
273 935 84 25 utföras,
380 933 72 21 staden
472 933 67 21 skulle
555 933 96 20 förbinda
667 933 31 27 sig
713 935 30 18 att
758 933 46 20 frän
820 933 40 20 den
877 933 40 27 dag
932 933 69 20 banan

181 961 32 21 för
229 962 59 21 trafik
305 962 101 27 upplätes,
422 962 32 21 till
466 962 46 21 dess
524 963 41 20 den
578 962 68 20 blefve
658 961 101 27 räntabel,
774 961 86 28 ärligen,
876 961 53 21 dock
941 962 60 26 högst

181 990 6 20 i
204 991 60 26 tjugu
281 991 32 20 äis
329 991 30 20 tid
375 991 91 20 utbetala
482 991 167 27 tjugufemtusen
663 991 65 20 mark.

254 1019 73 21 Under
342 1019 160 21 öfverinseende
520 1019 21 21 af
555 1019 146 27 ingeniörerne
723 1019 35 21 hrr
772 1019 52 20 Karl
840 1019 107 20 Snellman
963 1019 38 20 och

182 1047 55 28 Aug.
253 1048 131 20 Huikarinen
401 1049 37 19 har
454 1054 25 14 en
495 1048 156 27 järnvägslinje,
667 1047 105 28 utgäende
788 1048 5 19 i
810 1048 100 21 närheten
925 1047 21 21 af
956 1047 47 21 Mu-

183 1076 68 21 nakka
268 1077 35 20 bro
320 1083 77 20 genom
412 1076 81 27 Ilmola,
516 1077 100 23 Kurikka,
635 1076 120 27 Kauhajoki
770 1077 39 20 och
826 1076 74 21 Bötom
915 1076 88 21 socknar

182 1106 54 19 samt
251 1105 93 26 Tjockby
360 1105 21 20 af
395 1105 123 27 Lappfjärds
534 1105 76 20 socken
628 1105 23 19 till
673 1104 148 24 Kristinestad,
843 1105 68 20 blifvit
926 1105 77 20 instru-

182 1133 87 20 mentalt
284 1133 121 27 undersökt,
429 1133 38 20 och
483 1135 23 18 är
520 1134 35 26 jag
570 1133 6 20 i
602 1133 73 20 tilllälle
690 1133 70 26 bifoga
776 1133 115 27 petitionen
907 1133 96 20 handiin-

183 1168 36 20 gar
240 1161 88 20 rörande
345 1161 68 21 denna
428 1162 126 26 sträckning,
577 1161 106 26 nämligen
699 1161 50 27 plan
765 1162 38 20 och
819 1161 61 26 profil
895 1161 20 20 af
930 1161 73 27 linjen,

182 1189 151 27 generalkarta,
356 1189 155 23 sockenkartor,
535 1189 106 21 utlåtande
664 1190 37 20 och
730 1189 177 27 kostnadsförslag.
941 1189 62 20 Kost-

182 1217 70 20 naden
273 1218 32 20 för
328 1217 48 21 hela
399 1218 71 23 linien,
486 1218 65 22 107,31
574 1218 116 26 kilometer,
711 1220 23 17 är
755 1218 65 26 enligt
834 1217 105 27 förslaget,
958 1224 45 13 som

184 1247 114 25 upprättats
313 1246 6 19 i
335 1247 105 19 närmaste
465 1246 217 21 öfverensstämmelse
698 1245 48 21 med
762 1246 25 20 de
803 1246 132 27 betingelser,
958 1252 45 13 som

183 1275 54 26 gjort
265 1275 19 26 sig
325 1274 70 21 gällande
410 1274 32 20 för
458 1274 40 20 den
513 1281 29 13 nu
558 1280 67 15 under
640 1274 98 27 byggnad
757 1274 91 21 varande
864 1273 139 28 Björneborg-

183 1302 37 19 ska
241 1302 121 25 järnvägen,
387 1302 102 20 beräknad
507 1303 30 18 till
553 1302 108 26 5,563,000
678 1309 64 18 mark,
766 1302 146 20 motsvarande
929 1303 74 24 52,009

182 1329 61 20 mark
263 1336 37 20 per
323 1329 157 21 bankilometer.
510 1329 33 20 Dä
564 1337 9 13 s
644 1329 309 27 expropriationskostnaderna
968 1329 35 20 be-

182 1357 85 22 räknats
283 1357 53 21 efter
351 1359 29 19 ett
395 1358 103 27 betydligt
520 1358 64 27 högre
607 1364 63 14 värde
687 1358 11 20 å
714 1357 62 22 odlad
791 1358 47 27 jord
852 1360 26 18 än
894 1357 11 21 å
921 1357 82 28 respek-

183 1386 42 20 tive
242 1388 55 19 orter
312 1388 84 25 gängse,
418 1392 46 15 som
480 1387 39 20 ock
534 1387 63 26 priset
613 1386 11 20 ä
639 1393 76 14 skenor
738 1387 90 26 antagits
843 1387 64 26 högre
922 1388 27 19 än
965 1393 38 14 nu-

183 1415 90 20 varande
289 1415 163 28 marknadspris,
476 1415 58 20 torde
549 1418 149 17 totalsumman
724 1421 68 14 kunna
808 1421 60 15 anses
884 1415 120 27 tillräckligt

183 1443 50 27 högt
255 1443 100 27 tilltagen.
385 1443 70 21 Äfven
475 1443 70 21 kunde
570 1444 5 19 i
598 1443 154 27 öfvervägande
768 1445 58 25 tagas
842 1451 26 13 en
884 1444 119 26 ytterligare

183 1472 134 26 nedsättning
341 1472 20 20 af
383 1472 141 20 kostnaderna
546 1478 75 20 genom
644 1472 122 27 minskning
790 1472 21 20 af
830 1472 41 21 den
886 1472 118 26 föreslagna

183 1500 124 21 skenvikten
330 1500 49 21 med
400 1500 136 28 användning
551 1500 20 21 af
586 1500 73 21 lättare
674 1500 115 21 lokomotiv
805 1501 38 20 och
858 1500 48 21 med
921 1500 82 21 mindre

182 1528 141 27 farhastighet.
354 1528 128 28 Förslagsvis
498 1529 38 20 har
549 1528 107 21 Munakka
677 1530 73 20 utsetts
766 1529 31 20 till
812 1529 157 27 utgångspunkt
984 1528 21 20 af
