1075 1756
191 134 42 20 214
398 139 176 22 Borgareståndet
588 139 51 17 1891.
664 140 23 15 14
698 139 50 16 febr.

233 219 30 20 På
277 219 79 26 förslag
372 218 21 21 af
407 218 138 27 petitionären
562 218 42 20 blef
614 218 230 27 petitionsmemorialet
855 217 130 22 remitteradt

166 247 31 22 till
213 246 205 22 ekonomiutskottet.

233 379 30 20 Af
277 379 25 20 hr
316 378 127 26 Federley
459 378 53 21 hade
528 377 112 22 inlämnats
655 378 39 21 och
710 379 106 27 upplästes
832 385 25 14 en
874 379 23 20 sä
911 379 74 26 lydan-

165 408 26 20 de
205 407 96 28 petition:

402 475 38 20 Till
456 475 104 27 vällofliga
576 475 177 26 borgareståndet.

233 532 42 21 Det
289 532 41 21 kan
347 532 123 27 visserligen
487 538 63 20 synas
565 538 45 14 som
627 538 34 13 om
676 531 35 21 det
726 538 50 15 vore
791 532 33 20 för
838 532 61 27 tidigt
914 534 29 18 att
953 539 32 14 re-

167 561 41 20 dan
223 561 35 20 vid
273 567 30 14 nu
318 560 108 27 pågående
441 560 101 27 landtdag
557 559 115 22 framställa
686 560 112 27 petitioner
814 567 33 14 om
862 561 47 20 vårt
929 561 56 26 järn-

164 591 98 25 vägsnäts
284 589 71 20 vidare
377 589 134 26 utvidgande,
534 588 26 21 då
581 590 70 19 senast
665 588 126 21 församlade
806 589 86 20 ständer
905 589 33 20 för
953 589 33 21 sin

165 618 31 21 del
213 617 80 21 beslöto
309 617 32 20 till
356 617 111 21 utförande
483 617 23 20 så
520 619 56 19 stora
590 617 228 27 järnvägsbyggnader,
833 623 44 15 som
894 617 40 21 den
943 618 42 21 Ka-

164 647 72 20 relska
258 647 38 20 och
314 646 169 27 Björneborgska
505 645 51 21 eller
571 645 116 21 Satakunta
710 645 76 28 banan,
801 645 82 21 hvilkas
897 646 88 21 fullbor-

165 675 68 21 dande
249 677 56 18 ännu
321 675 109 27 medtager
444 681 25 14 en
486 674 30 21 tid
532 674 19 21 af
566 676 31 20 tre
613 676 11 19 ä
638 675 47 26 fyra
701 674 28 21 år,
745 674 84 21 hvarför
844 675 39 21 ock
893 675 92 27 regerin-

164 710 41 21 gen
220 704 46 20 icke
281 703 59 21 torde
355 704 85 20 komma
455 705 30 19 att
499 703 32 21 till
545 703 122 21 ständernas
682 703 142 27 bepröfvande
832 710 30 14 nu
870 704 115 20 framställa

164 732 65 27 några
244 738 58 14 mera
317 732 127 27 vidtgäende
458 732 153 27 propositioner
625 732 7 19 i
648 732 56 20 detta
720 732 60 26 syfte.
813 731 33 21 Dä
868 732 116 21 emellertid

164 761 62 20 äfven
241 760 34 20 vid
292 760 70 21 denna
377 760 101 27 landtdag
492 760 58 28 fråga
566 760 154 27 otvifvelaktigt
741 760 96 21 kommer
859 762 30 19 att
910 761 75 21 väckas

163 789 89 21 rörande
268 788 116 21 Satakunta
404 788 80 21 banans
503 789 144 27 utsträckning
661 788 32 21 till
709 795 25 14 en
754 789 52 21 eller
825 789 51 21 flere
898 789 89 21 hamnar

164 818 35 20 vid
213 818 112 20 Bottniska
340 818 63 20 viken
419 818 39 20 och
474 817 26 21 dä
515 817 92 28 Nystads
621 817 195 29 stadsfullmäktige,
831 818 62 27 lifligt
917 818 68 21 öfver-

163 846 77 28 tygade
266 853 34 13 om
325 846 26 21 de
376 848 56 18 stora
452 846 91 21 fördelar
563 846 46 20 icke
632 846 89 20 allenast
735 846 33 20 för
782 846 82 21 landets
878 846 107 28 jordbruk,

163 875 77 21 handel
256 875 39 20 och
310 875 90 21 industri
415 874 5 21 i
438 874 113 22 allmänhet
566 878 51 17 utan
633 874 61 21 äfven
709 874 100 22 särskildt
818 875 32 21 för
861 875 41 20 den
914 876 71 26 kring-

163 904 98 26 liggande
276 903 128 27 landsorten,
420 910 43 14 som
480 903 92 26 Nystads
587 903 70 27 hamn,
673 903 69 21 därest
758 903 40 21 den
814 904 69 20 blefve
898 904 87 20 förbun-

164 932 41 20 den
220 932 48 20 med
284 932 69 28 nägon
369 932 87 27 lämplig
471 932 66 26 punkt
553 932 12 20 &
579 932 64 27 sagda
669 932 94 27 järnväg,
790 932 68 21 skulle
885 932 100 27 medföra,

164 960 45 21 låtit
236 961 26 27 pä
286 961 86 21 stadens
392 960 116 21 bekostnad
524 960 157 21 instrumentalt
695 960 121 22 undersöka
830 967 27 15 en
871 960 52 28 linje
939 961 46 21 från

163 989 102 28 Peipohja
280 989 76 21 station
372 989 12 20 å
399 989 115 21 Satakunta
536 989 67 21 banan
620 989 31 21 till
667 990 77 20 nämda
759 990 69 26 hamn,
849 992 54 18 samt
929 990 56 20 dess-

163 1020 59 18 utom
237 1018 99 20 insamlat
351 1018 102 20 särskilda
468 1018 137 20 ekonomiska
620 1018 39 20 och
674 1018 114 21 statistiska
803 1018 110 27 uppgifter.
937 1018 47 21 med

163 1046 88 28 ledning
265 1046 22 21 af
300 1046 72 21 hvilka
388 1052 26 15 en
429 1046 91 26 brochyr
534 1046 7 20 i
556 1048 71 18 ämnet
642 1046 96 27 affattats,
754 1046 22 20 så
792 1046 39 21 kan
848 1047 35 27 jag
898 1047 5 19 i
923 1053 62 20 egen-

163 1075 51 27 skap
230 1075 21 20 af
265 1077 145 25 representant
425 1075 33 20 för
479 1074 81 27 Nystad
577 1075 46 20 icke
646 1075 110 21 underlåta
777 1077 30 19 att
828 1075 31 21 till
880 1075 105 27 vällofliga

163 1103 172 27 borgareständet
351 1103 129 21 öfverlämna
494 1103 109 21 frukterna
618 1103 21 20 af
654 1103 61 21 dessa
735 1103 74 21 staden
833 1104 93 26 Nystads
949 1110 36 14 an-

163 1132 147 26 strängningar
325 1132 39 20 och
380 1131 89 21 sälunda
484 1132 26 26 pä
526 1132 158 26 dagordningen
700 1132 104 26 uppställa
819 1132 73 27 frägan
909 1139 34 13 om
959 1138 25 15 en

163 1160 92 27 Nystads
271 1160 59 20 bana.
361 1159 80 21 Härvid
457 1160 87 20 utbeder
558 1160 35 27 jag
607 1160 50 26 mig,
673 1160 48 20 med
738 1160 129 21 hänvisande
880 1160 32 21 för
923 1160 62 28 öfrigt

162 1188 32 20 till
209 1188 78 22 nämda
301 1188 97 26 brochyr,
414 1190 30 18 att
458 1188 107 20 vördsamt
579 1188 75 21 endast
669 1188 21 20 fä
705 1188 116 27 framhälla,
836 1190 31 20 att
881 1195 25 15 en
936 1189 49 27 linje

162 1216 33 21 för
224 1216 69 21 denna
321 1216 22 21 af
374 1216 163 26 öfverstyrelsen
563 1216 32 21 för
621 1218 48 25 väg-
696 1217 38 20 och
763 1217 222 27 vattenbygenaderna

163 1245 127 20 undersökta
304 1245 94 27 järnväg,
412 1245 33 19 för
460 1244 85 21 hvilken
560 1245 117 20 kostnaden
693 1245 66 27 enligt
775 1246 21 20 af
810 1251 80 15 samma
917 1246 68 20 öfver-

163 1273 88 26 styrelse
267 1273 103 27 uppgjord
386 1273 116 27 beräkning
517 1273 68 21 skulle
601 1273 75 28 belöpa
691 1274 32 27 sig
738 1274 31 20 till
784 1275 111 26 4,830,000
921 1275 64 26 mark,

163 1301 84 20 komme
269 1303 30 18 att
325 1301 126 26 genomlöpa
476 1301 34 20 nio
534 1302 89 19 socknar
638 1304 54 17 samt
706 1302 59 19 inom
781 1302 35 19 sitt
831 1303 153 25 trafikomräde,

163 1329 116 20 beräknadt
300 1329 31 20 till
357 1335 27 14 en
411 1329 67 20 bredd
496 1329 21 20 af
532 1329 35 20 två
581 1329 37 20 mil
633 1329 47 20 från
695 1329 122 27 järnvägen,
833 1332 90 25 upptaga
939 1330 45 21 icke

162 1357 83 20 mindre
260 1359 27 19 än
303 1357 26 21 23
345 1357 127 21 kommuner
486 1357 48 20 med
549 1363 26 15 en
587 1357 144 28 sammanlagd
743 1357 123 28 folkmängd
878 1358 20 20 af
911 1358 73 27 75,000

162 1392 106 21 personer,
283 1385 85 22 hvarför
383 1385 89 21 sälunda
488 1391 25 15 en
529 1385 46 22 icke
591 1385 108 28 obetydlig
715 1386 39 21 och
769 1387 38 20 tätt
822 1386 82 27 bebygd
931 1390 54 18 samt

162 1415 34 20 väl
211 1414 62 21 odlad
288 1414 97 21 landsdel
402 1414 82 21 komme
499 1414 8 21 i
522 1414 122 27 ätnjutande
660 1415 21 20 af
695 1415 27 20 de
743 1415 93 21 fördelar
856 1415 128 22 förbättrade

162 1443 207 21 kommunikationer
382 1443 101 27 medföra,
498 1445 54 19 samt
567 1445 30 19 att
612 1443 71 21 denna
695 1444 89 27 järnväg
800 1444 67 21 skulle
885 1444 51 27 följa
958 1451 26 14 en

163 1472 92 27 uråldrig
282 1473 39 20 och
337 1472 67 27 aldrig
419 1472 129 27 öfvergifven
563 1471 102 28 trafikled,
680 1473 92 27 hvilken,
788 1480 34 14 om
838 1474 42 21 den
895 1473 69 22 blefve
977 1474 8 21 i

162 1501 82 21 tillfälle
259 1503 30 19 att
304 1507 77 21 genom
396 1500 112 27 tidsenliga
523 1501 205 21 kommunikationer
743 1502 131 21 konkurrera
888 1503 49 20 med
947 1509 36 14 an-

162 1530 38 20 dra
224 1535 65 21 nyare
314 1529 125 26 trafikleder,
464 1529 69 21 skulle
555 1529 32 21 till
610 1530 31 26 sig
657 1530 113 21 ätereröfra
786 1533 60 24 stora,
862 1531 122 20 densamma
