1075 1728
331 125 178 22 Borgareståndet
521 126 54 17 1891.
598 125 11 17 7
622 125 49 18 febr.
845 119 40 20 119

91 205 40 21 den
154 204 120 28 anledning,
297 205 45 21 dels
357 207 30 19 att
402 207 77 19 tvänne
495 207 55 20 stora
565 205 161 27 brobyggnader
741 205 86 20 därmed
842 204 69 21 skulle

90 233 104 28 bortfalla,
209 233 45 21 dels
269 235 35 25 att,
320 240 34 14 om
370 233 68 21 banan
456 234 74 27 drages
545 233 68 21 direkt
628 233 47 20 från
689 233 128 26 Östermyra,
833 232 41 21 den
885 232 26 21 då

91 262 68 21 skulle
181 262 27 27 på
232 268 26 14 en
281 262 82 21 sträcka
385 262 21 21 af
428 263 97 26 omkring
539 262 34 20 nio
592 261 111 21 kilometer
717 262 48 26 löpa
780 267 75 21 genom
871 261 40 20 öde

90 291 80 20 trakter
189 291 8 20 i
219 290 69 21 stället
308 290 32 20 för
361 292 29 19 att
412 290 35 21 vid
465 290 108 21 Munakka
588 291 73 25 genast
675 289 108 21 inkomma
798 289 26 26 på
839 289 72 20 odladt

90 319 39 20 och
144 318 108 21 befolkadt
267 318 92 27 område,
374 319 67 20 ehuru
458 319 12 20 å
485 319 65 20 andra
565 318 59 21 sidan
639 318 39 20 bör
691 317 128 26 framhållas,
835 318 29 19 att
875 317 35 20 vid

90 343 122 31 Östermyra
234 353 27 14 en
281 347 128 34 naturligare
432 346 201 28 anslutningspunkt
653 346 31 20 till
707 346 40 20 den
766 345 145 43 Uleiborgska

90 376 68 20 banan
174 369 69 27 skulle
259 375 60 21 ernäs

160 403 33 22 Då
208 404 155 21 räntabiliteten
379 404 31 21 till
425 406 43 19 stor
484 405 34 20 del
533 405 62 20 beror
609 404 21 21 af
644 386 138 38 folktätheten
796 403 8 20 i
819 403 35 20 det
867 409 43 14 om-

89 432 50 21 råde
155 439 26 14 en
195 433 87 26 järnväg
298 432 99 27 betjänar,
412 433 23 20 sä
450 433 59 21 torde
525 433 69 20 denna
610 433 52 20 bana
678 432 86 21 komma
774 433 30 19 att
816 431 95 28 uppfylla

90 461 25 20 de
138 461 124 27 fordringar,
285 467 45 14 som
353 461 140 21 öfverhufvud
516 461 7 20 i
544 461 46 20 värt
611 460 50 21 land
679 461 7 20 i
701 460 75 21 sädant
790 459 120 21 hänseende

89 489 73 20 kunna
177 474 120 47 uppställas,
313 489 26 21 dä
354 489 123 21 densamma
492 489 83 21 komme
591 491 30 19 att
636 489 26 27 gä
676 489 54 20 midt
748 489 84 27 igenom
847 495 27 14 en
890 487 21 21 af

89 517 82 21 landets
194 519 62 20 tätast
277 518 99 27 bebygda
392 519 37 20 och
446 518 118 27 bördigaste
579 502 84 47 trakter,
679 517 31 20 till
725 517 62 20 hvars
800 517 110 26 uppblom-

90 546 66 27 string
171 547 41 20 den
228 546 67 21 skulle
310 546 89 27 mäktigt
414 546 91 27 bidraga.

160 575 140 20 Kristinestad
316 577 23 18 är
353 581 77 21 genom
445 575 35 20 sitt
495 575 46 27 läge
554 575 41 21 den
607 574 135 27 naturligaste
754 575 156 26 afsättningsort

90 603 32 20 för
136 603 159 27 ifrägavarande
311 603 107 20 landsdels
440 603 120 27 produkter,
581 603 70 20 hvilka
667 605 85 25 utgöras
767 603 144 26 förnämligast

90 631 22 21 af
126 631 101 28 spanmäl,
243 631 62 21 alster
319 631 48 21 från
381 631 137 27 ladugården,
540 633 94 19 trävaror
649 631 38 21 och
703 631 57 26 tjära.
790 631 54 20 Dess
859 631 51 20 han-

90 659 33 21 del
140 662 23 18 är
178 660 79 27 ganska
272 660 95 27 betydlig
388 660 39 21 och
442 660 38 21 har
494 660 47 21 icke
556 659 91 28 nedgått,
669 659 84 21 oaktadt
768 660 35 20 det
818 660 93 27 menliga

75 688 131 34 "inflytande
229 688 87 27 tidigare
346 688 90 27 anlagda
464 688 72 26 banor,
557 689 124 25 isynnerhet
702 688 139 26 Wasabanan,
864 688 47 20 bort

90 711 72 26 utöfva
177 716 12 20 &
205 704 127 33 densamma.
358 716 78 21 Staden
452 722 49 22 eger
516 712 26 25 en
557 710 46 33 god,
619 716 76 26 rymlig
711 717 39 19 och
765 716 34 20 väl
839 711 71 31 skyddad

90 746 70 26 hamn,
184 745 117 32 tillgänglig
316 745 33 21 för
363 745 121 27 navigation
500 733 69 33 under
581 739 66 27 större
663 744 33 21 del
712 745 21 20 af
748 744 43 21 året
806 747 25 18 än
842 745 69 27 någon

90 780 69 14 annan
174 774 64 20 hamn
253 774 6 20 i
275 774 139 26 Österbotten,
438 774 39 20 och
492 773 67 21 skulle
575 773 88 27 således,
686 780 35 14 om
736 774 40 20 den
792 773 119 27 föreslagna

89 802 65 27 linjen
178 802 84 20 komme
283 802 32 21 till
337 802 117 26 utförande,
477 802 61 20 äfven
554 804 29 19 ett
597 802 32 20 för
645 790 41 32 den
701 802 96 26 nordliga
813 802 62 20 delen
890 802 21 20 af

89 831 124 26 landskapet
229 831 59 26 länge
304 830 65 21 kändt
384 830 64 21 behof
463 830 21 21 af
499 837 24 14 en
540 831 64 20 hamn
619 830 48 21 med
687 836 148 20 gynsammare
850 830 60 20 isför-

89 858 119 24 hållanden,
224 861 25 18 än
265 859 113 21 hamnarne
394 866 50 13 norr
459 866 34 14 om
508 858 99 22 Kvarken
623 858 93 28 erbjuda,
732 859 71 20 kunna
814 858 96 27 tillgodo-

89 894 33 15 ses
138 888 39 21 och
193 895 25 14 en
234 888 46 20 icke
296 888 108 27 obetydlig
419 888 148 20 transitotrafik
582 888 73 20 kunna
669 887 108 27 påräknas.

160 945 31 20 På
212 945 68 27 grund
303 945 21 21 af
347 945 35 20 det
400 945 86 21 anförda
501 944 32 21 får
547 945 35 26 jag
596 944 107 21 vördsamt
719 944 84 21 anhålla
819 951 34 14 om
868 943 42 22 väl-

88 973 72 28 lofliga
175 973 182 28 borgareståndets
373 973 126 21 medvärkan
516 973 31 21 till
563 979 25 14 en
603 973 93 27 petition,

297 1031 33 19 att
345 1037 27 13 en
387 1029 80 21 bibana
482 1029 51 27 från
553 1025 124 31 Östermyra
688 1030 51 20 eller
749 1036 79 13 annan
839 1029 70 27 lämp-

227 1058 30 27 lig
276 1058 74 28 punkt
371 1058 14 20 å
414 1058 135 20 Wasabanan
572 1058 67 20 måtte
655 1058 47 20 med
716 1058 78 20 därtill
808 1056 29 28 af
847 1059 62 19 stän-

226 1087 68 21 derna
315 1086 105 22 anvisade
439 1086 68 21 medel
521 1087 10 20 i
546 1088 109 19 närmaste
671 1086 94 27 framtid
779 1086 36 26 för
829 1087 82 19 statens

226 1115 94 27 räkning
335 1115 92 27 utföras,

162 1172 51 21 eller
235 1179 34 14 om
291 1172 181 27 samstämmighet
487 1172 6 19 i
510 1174 28 18 ett
561 1171 74 21 sådant
649 1171 69 21 beslut
733 1171 35 20 vid
784 1170 56 20 detta
855 1172 56 18 stän-

91 1201 93 20 dermöte
200 1200 45 22 icke
261 1200 68 21 skulle
345 1200 80 27 vinnas,

298 1259 33 19 att
355 1257 39 21 hos
418 1257 64 20 Hans
512 1256 119 28 Kejserliga
662 1256 108 27 Majestät,
803 1254 108 22 Finlands

230 1286 125 26 Storfurste,
378 1286 89 20 anhålla
490 1292 33 14 om
541 1285 130 27 utfärdande
687 1284 28 27 af
723 1283 139 28 proposition
878 1282 34 21 till

229 1303 257 32 nästsammanträdande
502 1314 87 20 ständer
604 1320 33 14 om
659 1313 109 27 byggande
787 1312 29 26 af
825 1312 84 26 ifråga-

231 1344 92 20 varande
333 1343 104 26 järnväg.

162 1409 133 26 Helsingfors
311 1409 39 20 den
368 1409 12 19 5
396 1408 90 21 februari
505 1408 59 20 1891.

620 1476 76 26 Alfred
714 1475 125 21 Carlström.
