1075 1711
179 128 41 19 438
385 132 175 21 Borgareståndet
573 133 53 17 1891.
651 133 22 16 16
685 138 62 11 mars.

153 212 21 20 af
189 213 43 19 stor
247 212 108 26 betydelse
371 213 34 24 att,
416 218 35 14 om
466 212 44 26 ock,
522 212 25 20 då
563 218 24 15 en
599 212 111 20 industriel
721 212 128 27 anläggning
859 211 52 21 först
924 218 51 21 upp-

153 240 100 27 kommer,
276 247 49 13 man
340 240 7 20 i
363 240 150 28 byggnadsväg
534 240 95 21 försöker
650 240 50 27 nöja
723 240 31 28 sig
776 240 49 21 med
846 240 35 21 det
898 240 76 21 minsta

153 268 92 27 möjliga,
260 275 49 14 men
324 275 74 14 senare
414 275 34 14 ser
462 270 32 25 sig
508 269 116 20 föranlåten
640 271 28 18 att
684 268 69 28 bygga
763 268 38 27 till,
813 268 81 21 tillfälle
905 268 67 21 därtill

153 297 119 22 iörefinnes.
302 297 77 21 Därför
393 297 37 20 vill
445 304 49 14 man
508 297 58 22 alltid
581 297 47 21 från
642 297 75 26 början
732 297 93 21 försäkra
835 297 32 27 sig
877 303 35 14 om
923 297 52 27 möj-

153 326 62 27 ligast
236 328 56 19 stora
314 326 112 27 tomtplats,
442 327 22 25 ty
479 326 23 21 sä
517 328 57 19 snart
584 326 72 20 värket
666 326 71 27 börjar
747 325 150 28 uppblomstra,
910 327 65 19 växer

153 361 43 20 nog
218 355 78 26 aptiten
316 355 38 20 hos
369 354 131 27 jordegaren,
515 355 21 20 af
551 354 85 21 hvilken
651 361 48 14 man
714 354 67 21 måste
797 354 54 27 köpa
866 354 88 21 tillskott
968 355 7 19 i

153 383 79 26 jorden.
262 383 42 20 Det
324 385 23 18 är
370 385 29 18 ett
421 383 62 20 altför
503 385 51 19 stort
575 383 89 20 intresse
684 389 49 14 man
749 382 110 28 uppoffrar,
875 389 35 14 om
925 389 50 14 man

155 411 71 20 ställer
236 411 133 21 industriella
380 411 51 21 eller
446 411 65 20 andra
527 411 71 27 dylika
613 411 97 21 ändamål
725 411 26 27 pä
763 411 23 21 sä
798 411 75 27 lösliga
883 411 93 27 grunder

154 441 30 19 att
199 439 25 21 de
240 439 65 21 blifva
320 439 106 21 beroende
442 440 21 20 af
479 446 26 14 en
520 439 184 28 skiftesreglering.
735 440 69 27 Nägot
819 439 94 27 vägande
930 439 43 20 skäl

154 468 70 20 härför
245 468 38 20 har
297 469 35 26 jag
347 468 94 20 hvarken
456 468 7 20 i
479 468 99 21 utskottet
594 468 50 21 eller
659 468 37 20 här
710 468 47 21 hört
772 467 92 26 anföras;
883 468 39 20 och
937 468 38 20 ber

154 496 70 21 därför
248 498 29 19 att
298 497 22 20 fä
342 496 76 21 föreslä
441 497 126 26 antagandet
582 497 21 20 af
618 496 39 21 den
674 497 62 26 kläm,
752 503 45 14 som
812 496 25 20 hr
851 496 123 21 Nummelin

154 524 112 27 föreslagit.
290 525 60 21 Dock
366 524 67 21 skulle
449 525 35 27 jag
499 527 63 25 gärna
577 525 49 28 ingå
640 525 27 26 pä
682 525 24 20 hr
717 524 126 21 Serlachius?
855 525 79 26 förslag
946 527 29 18 att

154 553 60 20 ordet
228 553 130 26 ,användes*
374 553 67 21 skulle
458 553 84 27 utbytas
557 556 44 18 mot
616 555 35 20 ,är
665 553 90 21 afsedd*.

222 627 33 20 Hr
276 627 139 21 Snellman:
437 627 41 27 Jag
500 628 35 20 ber
557 627 73 21 endast
652 627 22 20 fä
688 627 54 21 fästa
763 627 211 27 uppmärksamheten

156 655 64 27 därpä
235 657 34 25 att,
284 656 8 19 i
306 655 100 21 händelse
423 656 11 26 $
451 656 27 20 35
493 655 68 21 skulle
577 658 85 24 antagas
673 656 7 19 i
692 655 217 21 öfverensstämmelse
925 655 49 21 med

154 684 25 20 hr
201 684 133 20 Nummelins
356 684 83 26 förslag,
460 684 220 26 parcellinnehafvare,
703 690 46 14 som
770 690 49 14 vore
835 683 96 27 benägen
946 685 29 19 att

155 712 62 20 afläta
232 712 65 20 sädan
312 712 34 20 del
362 712 21 20 af
397 712 32 20 sin
444 712 84 27 parcell,
543 718 45 14 som
603 712 41 20 han
660 712 45 20 icke
723 712 100 20 behöfver
833 712 32 20 för
875 712 26 20 de
912 712 63 20 ända-

154 740 43 21 mål
212 740 38 21 här
264 742 35 18 äro
315 741 118 26 omnämda,
456 746 49 15 vore
521 740 121 21 förhindrad
658 742 29 18 att
702 740 42 21 låta
759 740 70 21 denna
845 740 33 20 del
894 740 21 20 af
929 747 42 20 par

155 768 68 21 cellen
237 768 50 27 ingä
301 769 7 19 i
323 768 211 27 skiftesregleringen.
565 769 41 26 Jag
620 768 74 27 skulle,
710 769 7 20 i
732 769 100 20 händelse
851 769 124 26 paragrafen

155 797 161 20 aterremitteras
332 797 31 20 till
379 797 105 26 utskottet,
500 797 69 20 därför
584 797 66 20 önska
665 799 29 18 att
710 797 101 20 utskottet
825 797 8 20 i
847 797 36 20 sitt
897 797 79 27 förslag

155 825 68 20 skulle
239 825 60 21 ställa
314 826 65 21 saken
395 825 27 24 sä,
438 827 29 19 att
481 825 46 21 icke
543 825 89 21 allenast
646 825 48 21 hela
711 828 50 18 utan
775 825 77 27 jämväl
868 831 26 15 en
911 826 33 20 del
955 825 21 20 af

155 854 104 27 parcellen
276 854 39 20 kan
332 854 49 20 med
397 860 88 20 egarens
500 854 107 26 samtycke
622 854 21 20 fä
659 854 98 27 indragas
772 854 7 19 i
790 854 184 26 skiftesreglering.

223 922 32 20 Hr
275 922 158 21 Serlachius:
457 922 40 26 Jag
520 922 32 20 vill
570 922 114 26 ingalunda
699 922 137 20 underskatta
851 922 124 26 betydelsen

155 951 21 20 af
190 950 104 21 industrin
311 951 38 20 och
365 950 60 22 ställa
441 950 41 21 den
498 951 52 20 efter
564 950 128 28 jordbruket.
718 950 73 21 Redan
807 950 83 21 därutaf
901 952 30 18 att
941 951 34 26 jag

154 980 33 20 för
206 979 44 20 min
272 979 32 20 del
328 979 63 26 yrkar
412 979 26 26 pä
455 985 24 14 en
496 978 138 27 bestämning,
656 985 46 14 som
722 979 132 27 undantager
868 979 108 26 tomtplats

156 1008 39 20 och
211 1007 110 21 industriel
336 1007 121 26 inrättning,
473 1013 63 20 synes
552 1009 29 19 att
596 1007 61 20 äfven
674 1007 66 27 enligt
752 1008 44 19 min
807 1007 54 21 äsikt
871 1007 104 20 industrin

156 1036 37 20 bör
208 1035 62 21 hafva
284 1035 105 21 företräde
404 1036 6 19 i
427 1037 28 19 ett
471 1035 73 21 sädant
558 1035 38 21 fall
611 1042 45 14 som
672 1036 61 19 detta.
764 1035 49 21 Men
828 1035 35 27 jag
878 1035 42 20 kan
929 1036 47 20 icke

155 1064 58 20 finna
229 1066 29 18 att
274 1064 25 20 de
315 1064 51 26 skäl,
383 1070 43 14 som
443 1064 24 20 hr
482 1064 76 27 Elving
574 1064 73 26 anfört,
662 1063 47 21 leda
731 1064 78 20 därhän
826 1066 29 18 att
870 1064 106 27 parcellen

156 1092 38 20 bör
216 1092 138 20 underkastas
375 1092 65 20 andra
456 1092 155 27 bestämningar
626 1094 26 18 än
668 1092 235 26 jordbrukslägenheter
917 1092 7 20 i
939 1092 38 20 all-

156 1120 90 24 mänhet,
269 1121 39 20 och
330 1120 89 21 sålunda
441 1120 38 20 har
502 1120 45 20 icke
570 1120 66 21 häller
658 1120 65 27 något
737 1120 46 20 skäl
797 1120 81 20 kunnat
893 1120 84 21 anföras

156 1151 56 18 emot
228 1148 34 21 det
277 1149 21 20 af
313 1149 43 26 mig
373 1148 106 28 päpekade
494 1148 139 21 förhällandet
648 1151 30 18 att
688 1155 49 14 man
748 1149 131 26 ätminstone,
891 1148 25 21 dä
927 1155 49 14 man

155 1177 125 20 inskränker
303 1177 69 20 denna
387 1177 82 21 förmän
485 1177 72 20 endast
573 1177 31 21 till
618 1177 83 32 parcell,
717 1177 38 20 bör
770 1177 103 27 begränsa
888 1177 40 20 den
945 1177 32 20 sä-

157 1206 43 20 vidt
222 1205 86 28 möjligt.
338 1205 41 21 Det
401 1206 38 20 har
460 1205 106 21 anmärkts
588 1207 30 19 att
635 1205 63 26 ingen
716 1212 69 13 annan
801 1207 26 19 än
843 1211 77 22 egaren
935 1212 41 13 kan

156 1234 72 27 afgöra
251 1234 54 20 hvad
321 1240 45 15 som
382 1236 23 18 är
419 1234 105 27 behöfligt
534 1234 52 21 eller
600 1234 46 21 icke
659 1221 102 39 Behöfiigt
776 1234 33 20 för
824 1222 51 32 hans
891 1233 85 27 anlägg-

156 1262 56 26 ning.
242 1261 41 20 Det
304 1262 69 20 skulle
394 1263 35 25 jag
449 1262 33 19 för
504 1262 42 19 min
568 1262 34 20 del
624 1261 46 20 icke
694 1249 73 32 kunna
782 1267 50 14 enas
848 1267 39 15 om,
904 1266 22 21 ty
942 1268 34 13 om

157 1289 63 20 ocksä
235 1295 74 20 egaren
326 1291 23 18 är
364 1291 92 18 närmast
471 1289 121 27 kompetent
608 1291 28 19 att
652 1289 71 26 afgöra
739 1289 63 23 detta,
817 1289 23 20 sä
851 1279 67 38 mäste
929 1289 47 23 han,

156 1323 34 15 om
214 1317 34 21 det
269 1317 112 28 föreligger
403 1320 29 19 ett
454 1317 87 27 värkligt
563 1317 68 27 behof,
652 1317 73 21 kunna
740 1317 115 28 framlägga
871 1317 106 28 objektiva

157 1346 50 27 skäl,
228 1346 45 21 skäl
296 1347 78 20 sädana
390 1349 29 18 att
435 1346 25 21 de
476 1339 64 28 mäste
558 1340 90 27 beaktas.
678 1347 10 20 1
704 1347 40 20 alla
759 1347 70 27 frågor
845 1353 34 14 om
894 1346 82 21 skiftes-

155 1363 106 39 regloring
282 1375 66 21 mäste
370 1375 197 27 öfverhufvudtaget
588 1375 68 21 finnas
672 1377 29 18 ett
715 1375 86 26 mycket
815 1377 52 19 stort
882 1380 47 16 rum
944 1375 33 21 för

156 1405 30 19 ett
208 1404 102 26 objektivt
331 1404 62 25 skön;
415 1404 39 20 och
477 1404 35 20 det
526 1404 68 20 finnes
608 1404 46 20 icke
670 1406 66 18 stöme
751 1403 45 21 skäl
812 1405 29 20 att
856 1404 120 26 undantaga

157 1431 40 22 den
210 1439 30 14 nu
255 1431 144 28 föreliggande
413 1432 73 27 frägan
502 1432 47 21 frän
564 1432 97 27 pröfning
676 1434 26 18 än
719 1432 40 21 alla
775 1432 25 21 de
818 1432 72 27 öfriga,
905 1432 71 21 hvilka

155 1461 23 26 ju
198 1461 64 20 ocksä
284 1463 35 18 äro
340 1461 22 20 af
379 1462 43 19 stor
436 1461 49 20 vikt.
516 1461 39 20 Om
570 1461 62 27 lagen
647 1461 84 26 stadgar
747 1462 29 19 att
790 1461 78 27 parcell
883 1461 46 21 icke
945 1461 31 20 fär

155 1489 99 27 indragas
268 1489 7 20 i
291 1489 205 27 skiftesregleringen
520 1478 83 32 vidare
612 1491 26 18 än
661 1489 31 21 till
715 1490 42 20 den
776 1489 41 26 del,
832 1495 45 15 som
892 1489 46 21 icke
954 1491 23 18 är

155 1517 33 21 för
202 1517 136 28 lägenhetens
353 1517 147 22 bestämmelse
516 1518 128 27 erforderlig,
660 1517 22 21 sä
698 1520 23 18 är
736 1506 85 33 därmed
838 1518 60 27 sagdt
908 1520 29 19 att
948 1517 28 22 alt
