1075 1770
328 128 177 22 Borgareständet
516 128 52 18 1891.
591 129 27 17 24
630 128 50 17 febr.
851 122 41 20 265

99 211 30 19 att
144 208 26 22 de
184 211 36 19 äro
240 209 111 21 inhemska
373 209 52 21 eller
444 209 116 26 utländska,
582 209 66 21 finare
663 208 52 22 eller
730 209 75 27 gröfre,
825 208 94 22 starkare

99 238 52 21 eller
172 244 93 20 svagare,
286 244 35 15 om
336 238 26 21 de
377 238 67 21 kallas
458 238 83 27 konjak,
562 238 83 28 punsch
660 238 51 20 eller
726 238 42 26 vin,
789 237 68 21 skulle
873 237 46 21 där-

100 268 57 19 emot
171 266 137 21 sammanslås
324 266 39 21 och
377 266 151 28 försäljningen
543 266 21 21 af
579 266 47 21 dem
649 266 141 21 öfverlämnas
805 266 21 20 åt
841 265 79 28 specia-

99 294 64 27 lister,
184 295 72 20 hvilka
276 294 48 22 icke
345 294 8 21 i
373 295 46 20 sina
440 294 215 28 försäljningslokaler
674 294 57 28 finge
752 294 85 27 försälja
855 294 65 20 andra

100 329 62 15 varor
182 325 27 19 än
228 323 157 27 dryckesvaror,
407 330 49 14 men
478 323 132 28 naturligtvis
625 323 13 21 å
652 323 67 21 andra
733 322 60 22 sidan
808 323 46 21 icke
870 328 50 16 vore

100 351 86 22 bundna
207 354 31 19 att
258 352 57 21 hålla
336 354 31 19 ett
387 352 102 21 sorteradt
509 352 63 28 lager.
602 352 45 21 Slik
661 352 98 27 rättighet
774 351 68 21 skulle
857 350 63 22 äfven

100 381 92 27 utgifvas
214 381 21 21 åt
256 380 155 28 bryggerierna,
433 381 72 21 hvilka
527 381 53 21 dock
599 381 75 21 endast
688 380 72 22 kunde
775 380 85 28 försälja
875 379 46 22 sina

100 409 147 27 maltdrycker.
276 410 42 28 Jag
339 410 122 28 förknippar
481 410 57 21 detta
559 410 49 21 med
630 411 30 19 att
681 410 46 20 vin-
745 410 40 20 och
799 409 122 28 spirituosa-

100 438 77 21 handel
200 438 68 21 skulle
290 439 50 20 bero
363 439 27 27 på
405 438 221 29 utgifningsrättighet,
641 438 54 21 dock
709 438 47 21 icke
772 438 23 21 så
810 440 29 19 att
854 438 67 21 stads-

100 467 132 28 fullmäktige
254 468 83 27 tvingas
360 469 29 20 att
403 467 28 28 på
445 467 89 22 förhand
548 468 116 21 bestämma
679 467 79 22 antalet
773 467 21 21 af
809 467 25 21 de
850 467 71 27 rättig-

100 496 65 27 heter,
186 496 72 21 hvilka
279 497 34 20 för
334 497 35 21 två
389 496 24 21 år
432 497 76 20 framåt
524 497 56 28 finge
594 497 57 20 inom
668 496 74 21 staden
757 496 97 27 utgifvas,
869 498 52 19 utan

101 524 89 22 sålunda
212 527 30 19 att
263 525 239 28 stadsmyndigheterna,
522 528 38 19 när
575 525 26 22 de
616 525 67 22 funne
697 525 102 28 lämpligt,
814 524 71 21 kunde
901 523 20 22 af

101 553 62 22 dessa
177 554 122 26 rättigheter
314 555 81 27 utgifva
410 554 56 21 hvad
481 555 26 20 de
522 561 50 15 anse
587 554 73 27 nödigt
675 555 39 20 och
729 554 77 27 skäligt
820 555 54 19 samt
886 559 35 15 om

101 582 27 22 de
149 582 23 21 så
194 582 72 28 önska,
288 582 75 28 själfva
383 582 22 22 få
419 583 115 21 bestämma
551 583 79 21 antalet
644 582 22 22 af
681 583 49 21 dem
745 583 39 21 och
799 583 41 20 den
855 588 67 21 rayon

101 611 57 22 inom
173 611 87 21 hvilken
274 612 211 28 försäljningsställen
500 612 56 28 finge
571 618 49 15 vara
635 611 116 28 placerade.
781 611 42 28 Jag
837 612 43 20 tror
893 612 29 20 att

102 647 35 14 om
152 640 70 21 denna
236 640 77 22 handel
328 640 103 22 ordnades
452 641 27 27 på
494 641 56 21 detta
565 642 45 25 sätt,
633 640 25 21 de
674 640 85 27 mycket
774 639 147 28 öfverklagade

102 669 45 21 små
162 669 111 21 butikerna
288 670 7 20 i
310 670 103 26 städerna,
436 669 125 22 åtminstone
576 670 7 20 i
598 670 26 20 de
643 672 66 18 större
724 669 108 21 städernas
848 669 72 20 utkan-

101 699 38 26 ter,
154 698 119 21 försvunne.
303 698 42 21 Det
359 700 24 18 är
396 698 67 21 kändt
477 700 30 19 att
521 699 20 20 vi
556 698 7 21 i
578 698 132 28 Helsingfors
725 698 63 21 hafva
803 696 119 22 hundrade-

102 726 30 22 tal
146 733 16 14 s.
177 727 19 21 k.
212 727 222 27 matvaruhandlande,
455 727 81 21 hvilkas
548 727 48 21 hela
610 727 64 27 lager,
697 733 35 15 om
747 732 49 15 man
811 726 70 20 kastar
896 731 25 15 en

103 755 56 22 blick
181 756 58 20 inom
260 756 99 21 butikens
381 756 76 27 dörrar,
479 756 95 21 befinnes
596 756 70 27 uppgå
687 755 32 21 till
741 756 26 20 30
783 757 12 19 a
809 755 27 20 40
851 754 72 21 marks

103 784 70 28 värde,
194 784 92 22 förutom
307 786 29 20 ett
351 786 52 20 stort
418 784 57 22 antal
489 785 103 27 ölkorgar,
614 791 46 14 som
675 784 58 21 alltid
749 784 68 21 finnas
832 783 37 21 där
884 783 39 21 och

102 813 83 21 hvilkas
200 814 94 20 innehäll
308 814 105 20 mähända
427 814 46 21 icke
489 814 58 21 alltid
569 815 86 25 utgöras
670 813 21 21 af
704 812 148 27 maltdrycker.
882 812 41 27 Jag

103 844 43 19 tror
162 842 63 21 ocksä
240 844 29 19 att
284 849 76 21 genom
376 849 26 15 en
417 842 155 28 specialisering
585 842 20 21 af
615 842 98 27 handeln,
728 841 102 28 publiken
840 841 7 21 i
857 840 66 22 kvali-

104 871 60 20 tativt
178 871 120 21 hänseende
314 878 71 14 vunne
400 871 91 26 mycket,
513 878 34 14 om
562 871 39 21 ock
616 877 28 14 en
664 871 39 20 och
718 877 71 14 annan
803 870 56 27 finge
875 869 48 21 obe-

103 899 99 21 kvämare
225 901 30 20 att
276 899 56 22 förse
354 900 37 27 sig,
413 899 32 21 till
464 899 52 28 följd
531 899 21 21 af
566 900 36 21 det
616 899 72 28 längre
703 899 106 21 afständet
823 898 32 21 till
869 897 55 21 buti-

104 928 72 21 kerna.
205 928 11 21 I
231 929 152 27 sammanhang
397 928 86 21 härmed
499 929 37 20 ber
549 929 36 27 jag
599 929 30 20 att
644 928 22 21 få
679 929 78 20 nämna
772 929 29 19 att
815 927 45 20 min
871 925 54 22 åsikt

104 957 110 27 angäende
238 957 214 22 minimikvantiteten
477 957 60 21 äfven
563 957 81 22 afviker
668 956 47 21 frän
739 956 56 21 hvad
820 956 6 20 i
850 961 75 22 propo-

105 986 91 21 sitionen
210 986 93 21 föreslås.
333 985 160 28 .Propositionen
509 986 87 21 föreslår
611 985 69 22 denna
695 985 186 21 minimikvantitet
893 983 32 22 till

106 1015 12 20 2
133 1014 54 22 liter.
211 1015 167 27 Guvernörerne,
393 1021 45 14 som
453 1015 61 21 äfven
530 1015 73 21 härom
618 1014 82 28 afgifvit
711 1013 128 27 utlåtanden,
854 1012 72 21 hvilka

106 1043 114 21 återfinnas
235 1044 7 20 i
257 1043 204 21 bränvinskomiténs
480 1043 136 27 betänkande,
637 1043 63 21 hafva
714 1043 49 26 hyst
778 1042 56 20 olika
849 1041 77 21 åsikter

106 1072 133 22 härutinnan.
269 1072 233 22 Guvernörsämbetena
518 1072 8 21 i
539 1072 134 21 Tavastehus,
695 1071 71 27 Wasa,
787 1070 84 28 Kuopio
887 1069 40 22 och

106 1100 108 28 Uleåborg
228 1101 85 21 förorda
328 1101 41 21 den
385 1101 122 21 nuvarande
522 1101 165 27 bestämningen,
710 1099 102 27 Nylands,
827 1098 99 28 Wiborgs

108 1130 38 20 och
162 1129 31 21 S:t
207 1130 88 28 Michels
318 1129 149 27 länestyrelser
488 1130 84 20 förorda
587 1136 25 14 en
628 1128 135 28 nedsättning
777 1128 32 21 till
825 1134 26 14 en
865 1127 62 21 kvart

107 1158 75 27 kanna,
204 1159 40 21 och
265 1158 48 21 Åbo
333 1158 47 21 läns
402 1160 106 26 guvernör
528 1158 95 22 förordar
644 1157 161 27 bestämningen
827 1163 26 14 en
874 1155 52 21 liter.

107 1186 42 28 Jag
163 1189 49 25 tror,
232 1188 8 20 i
254 1187 66 21 likhet
335 1187 48 21 med
399 1187 54 27 dem,
475 1187 71 21 hvilka
560 1187 75 21 uttalat
650 1186 32 28 sig
696 1187 33 20 för
744 1192 27 15 en
788 1184 104 28 sänkning
907 1183 20 21 af

108 1215 36 22 det
165 1222 30 14 nu
216 1216 97 28 gällande
335 1216 188 28 minimibeloppet,
544 1218 30 20 att
596 1222 27 15 en
646 1215 99 28 återgång
762 1214 32 21 till
809 1214 35 21 det
859 1212 69 28 gamla

108 1244 75 22 måttet
204 1252 27 14 en
252 1245 62 21 kvart
335 1245 70 21 kanna
427 1244 52 22 eller
493 1245 35 20 två
542 1244 113 27 tredjedels
669 1244 48 21 liter
731 1250 50 14 vore
797 1242 35 22 det
846 1242 81 26 riktiga.

108 1272 130 28 Därigenom
252 1274 130 20 förekomme
397 1280 49 14 man
458 1273 63 21 äfven
533 1272 172 28 ovedersägligan
716 1272 41 22 den
767 1272 84 26 mycket
861 1270 68 21 öfver-

108 1302 90 27 klagade
214 1302 39 21 och
268 1302 7 20 i
291 1302 90 27 sanning
395 1302 62 27 högst
471 1301 191 22 demoraliserande
677 1300 140 28 ,salningen*.
899 1327 3 3 N

176 1329 49 22 Den
239 1331 67 27 tredje
322 1330 172 28 anmärkningen,
508 1331 35 27 jag
556 1330 40 21 har
610 1331 30 20 att
655 1331 55 26 göra,
727 1331 23 19 är
765 1335 34 14 om
814 1327 115 32 fördelnin-

109 1365 41 22 gen
166 1359 21 21 af
201 1359 84 21 vinsten
299 1359 47 21 från
361 1354 162 32 ätskänknings-
538 1359 39 21 och
590 1357 261 28 utminuteringsbolagen.
871 1356 11 21 I
891 1355 38 21 lik-

109 1388 36 20 het
159 1388 49 20 med
222 1388 26 20 hr
262 1387 77 21 Heikel
353 1388 43 20 kan
411 1388 36 26 jag
460 1388 47 20 icke
523 1387 111 27 godkänna
648 1389 30 19 att
692 1387 70 26 nägon
777 1386 34 21 del
826 1385 21 21 af
860 1385 69 20 denna

110 1415 68 20 skulle
201 1415 114 21 öfverföras
337 1415 33 20 till
391 1415 279 26 kommunikationsfonden,
690 1420 50 15 men
760 1414 7 20 i
783 1413 78 21 olikhet
881 1411 48 21 med

109 1443 78 21 honom
210 1449 62 15 anser
292 1443 36 27 jag
350 1445 30 19 att
401 1443 46 21 icke
462 1443 69 26 nägon
547 1443 34 20 del
596 1443 21 20 af
632 1442 69 21 denna
716 1442 56 21 vinst
786 1441 39 21 bör
838 1439 92 22 fördelas

110 1471 27 28 pä
150 1471 217 22 landskommunerna
387 1471 52 22 eller
457 1471 83 21 anvisas
556 1471 31 21 till
602 1470 66 22 andra
682 1469 103 22 ändamål.
814 1469 41 28 Jag
870 1473 61 16 anser

110 1502 31 20 att
155 1501 41 22 den
212 1501 61 26 vinst,
288 1507 45 15 som
348 1501 8 20 i
371 1501 46 20 stad
432 1500 139 28 uppkommer
585 1506 77 21 genom
672 1498 258 27 bränvinsförsäljningen,

110 1530 39 21 bör
164 1529 109 22 oafkortad
288 1529 83 21 tillfalla
386 1529 70 21 denna
478 1529 46 21 stad
538 1529 33 21 för
585 1530 30 20 att
630 1528 21 21 af
666 1528 123 21 densamma
803 1527 127 27 disponeras.
