1075 1759
201 122 41 20 210
408 125 178 22 Borgareståndet
598 126 53 17 1891.
677 126 23 17 14
712 125 50 17 febr.

175 206 96 22 utlandet
285 206 32 21 stå
331 206 22 20 vi
368 206 8 20 i
390 206 57 20 detta
461 205 121 21 hänseende
597 205 8 19 i
620 211 26 15 en
662 204 106 27 ställning,
783 210 46 15 som
843 204 117 27 ingalunda
975 206 23 18 är

175 234 69 28 egnad
266 236 30 19 att
317 234 81 26 ingifva
414 234 39 20 och
469 234 70 20 stärka
553 233 94 21 krediten
664 232 32 21 till
710 232 51 20 våra
774 232 78 21 firmor.
883 232 40 21 Om
938 232 59 20 inne-

175 264 86 20 hafvare
275 263 22 21 af
311 269 27 14 en
360 262 60 21 firma
442 262 80 26 aflider,
539 262 61 27 pläga
615 260 223 28 sterbhusdelegarene
853 260 95 21 fortsätta
963 260 34 21 fir-

175 297 61 15 mans
257 291 78 21 rörelse
356 291 52 20 eller
430 290 50 21 affär
496 290 67 21 under
578 289 135 21 oförändradt
728 295 70 14 namn.
827 289 42 21 Det
883 289 66 20 borde
963 289 35 20 väl

176 327 51 14 vara
241 319 104 22 bestämdt
361 325 26 15 en
402 319 30 20 tid
448 319 21 21 af
484 321 13 18 t.
513 325 33 14 ex.
563 319 10 20 1
590 318 28 26 år,
629 318 121 21 hvarunder
760 317 57 22 detta
827 317 56 28 finge
894 317 37 21 ske
944 317 54 22 oför-

176 348 89 21 ändradt
287 348 39 21 och
347 347 70 22 under
436 349 132 26 gemensamt
581 353 80 18 ansvar,
677 348 22 25 ty
714 346 38 21 fall
767 347 68 27 gifves
850 346 27 21 då
891 346 107 21 sterbhus-

176 377 97 27 delegare
288 376 69 21 under
372 383 26 14 en
412 376 50 28 lång
476 376 53 27 följd
545 376 21 21 af
580 375 23 22 år
618 375 72 21 drifvit
705 375 79 21 affären
800 375 95 27 sålunda,
905 377 51 19 utan
969 376 30 20 att

176 406 142 21 allmänheten
339 405 40 21 fått
401 405 34 20 del
456 405 26 26 af,
504 405 63 20 hvem
588 405 51 20 eller
653 404 71 21 hvilka
740 404 38 21 sist
793 405 39 20 och
847 404 100 27 slutligen
963 406 35 18 äro

176 435 110 26 ansvarige
301 435 33 19 för
348 433 87 21 firmans
450 433 145 21 förbindelser.

245 462 60 21 Flera
320 462 72 27 dylika
407 461 103 28 exempel,
525 461 116 28 belysande
656 461 36 21 det
701 461 126 27 bristfälliga
837 461 7 20 i
855 461 37 21 vår
901 461 98 21 handels-

176 490 137 29 lagstiftning,
334 490 72 21 kunde
421 490 136 27 framdragas,
571 496 50 15 men
636 490 6 20 i
658 489 138 22 förevarande
811 489 37 21 fall
864 490 59 21 torde
939 490 60 21 dessa

176 519 69 21 förslå.
270 519 62 21 Inom
342 519 205 27 köpmannaståndet
556 518 63 21 hafva
628 520 67 19 röster
705 519 44 26 höjt
759 519 31 26 sig
801 519 48 20 med
865 518 95 27 yrkande
972 518 27 28 på

177 554 27 15 en
219 547 99 28 tidsenlig
332 547 132 28 lagstiftning
479 547 7 20 i
501 547 57 21 detta
573 547 105 27 afseende,
694 547 39 21 och
748 547 13 20 ä
776 547 35 20 det
825 547 7 20 i
847 540 48 27 Åbo
911 547 23 20 år
944 547 55 20 1884

177 576 72 21 hållna
270 576 106 21 allmänna
395 575 68 22 finska
478 575 185 28 köpmannamötet
678 575 83 25 beslöts,
777 577 29 19 att
821 575 38 21 hos
874 576 125 27 regeringen

177 607 51 25 göra
242 611 27 15 en
284 604 132 28 underdänig
431 604 126 21 hemställan
572 605 78 20 därom.
679 603 33 22 Dä
728 604 26 27 på
769 605 70 20 denna
854 604 98 21 anhållan
967 605 32 20 in-

177 640 41 21 gen
233 633 122 27 förändring
370 633 8 20 i
392 633 93 26 antydda
500 633 130 20 förhållande
646 633 61 26 skett,
723 633 64 27 vågar
798 633 35 27 jag
843 633 38 21 hos
894 633 105 27 vällofliga

178 662 171 27 borgareståndet
364 662 107 20 vördsamt
486 661 77 21 föreslå
578 668 27 14 en
621 661 132 28 underdånig
768 661 87 28 petition
871 661 82 22 därom:

382 720 33 19 att
430 725 26 14 en
472 719 35 26 lag
522 718 67 21 måtte
604 718 99 27 utgifvas
718 718 9 20 i
742 718 50 21 vårt
807 719 58 26 land,
889 719 110 27 angående

313 747 92 27 förande
420 747 28 26 af
455 747 180 27 handelsregister
649 749 36 24 för
694 746 139 28 inskrifning
843 747 29 27 af
877 748 121 20 anmälan-

313 775 42 20 den
376 782 34 14 om
432 775 99 20 enskilda
549 775 173 26 handelsfirmor,
739 782 33 13 om
789 775 68 21 aktie-
875 776 38 21 och
928 775 71 22 andra

315 803 67 27 bolag,
398 810 34 14 om
447 803 62 20 inom
524 803 111 21 desamma
650 803 88 21 skeende
761 803 165 28 förändringar,
941 806 60 19 samt

314 839 35 14 om
362 832 251 27 prokura-fullmakter
605 828 12 35 ;

382 861 33 20 att
429 859 170 28 registreringen
613 860 69 20 skulle
697 860 35 21 ske
747 860 9 20 i
766 860 49 21 stad
827 860 38 21 hos
875 860 122 28 magistrat,

313 889 10 20 i
337 889 79 27 köping
439 888 38 21 hos
499 888 159 27 ordningsman
679 888 38 21 och
729 888 33 28 pä
778 889 73 20 landet
865 889 39 21 hos
919 889 78 21 krono-

314 917 68 28 fogde,
398 917 74 21 hvilka
482 917 52 20 böra
546 917 154 28 ofördröjligen
708 917 32 28 pä
750 917 121 21 sökandens
884 918 116 21 bekostnad

314 946 98 27 kungöra
434 945 121 22 innehållet
577 945 28 28 af
624 945 108 22 anmälan
746 946 10 20 i
770 946 25 21 de
817 946 104 27 officiella
937 947 38 20 och
989 947 10 20 i

314 974 72 21 andra
400 973 35 28 för
450 974 125 21 ändamålet
589 976 104 19 närmare
708 974 111 28 uppgifna
835 975 124 27 tidningar;

383 1004 32 19 att
435 1010 27 13 en
484 1003 96 27 samling
595 1003 29 27 af
635 1003 95 20 sålunda
753 1003 61 21 inom
835 1003 75 22 landet
922 1003 77 28 gjorda

314 1031 149 21 anmälanden
485 1031 37 20 bör
537 1031 28 27 af
576 1031 126 27 regeringen
724 1031 99 28 utgifvas
837 1032 95 27 häftevis
944 1032 31 28 pä
989 1032 10 21 i

315 1060 63 27 lagen
392 1059 117 28 faststälda
524 1060 61 26 tider,
601 1060 37 21 och

384 1090 32 19 att
437 1090 29 19 ett
488 1088 131 27 ärsregister,
641 1088 139 28 upptagande
803 1088 46 21 alla
867 1089 71 20 under
953 1088 46 21 äret

314 1117 78 20 skedda
412 1117 165 26 anmälningar,
593 1117 38 21 bör
647 1117 99 21 Wikaledes
766 1123 77 21 genom
861 1117 138 28 regeringens

313 1145 85 28 försorg
413 1145 104 27 utgifvas.

246 1202 140 27 Helsingfors,
401 1201 41 22 den
460 1203 10 19 7
486 1201 92 22 februari
595 1202 60 21 1891.

721 1258 74 22 Viktor
809 1258 119 23 Forselius.

246 1315 32 20 Hr
298 1314 128 21 Forselius
447 1315 70 20 anhöll
540 1316 29 19 att
591 1315 52 20 hans
663 1315 209 26 petitionsmemorial
887 1316 64 20 mätte
966 1321 33 15 re-

177 1343 95 20 mitteras
287 1343 31 20 till
333 1343 44 26 lag-
393 1343 38 20 och
447 1342 205 21 ekonomiutskottet.

246 1399 32 21 Hr
293 1399 135 21 Borenius:
452 1399 41 28 Jag
510 1399 37 20 ber
562 1401 29 19 att
606 1399 21 20 fä
643 1399 128 22 understöda
786 1400 64 26 syftet
863 1400 8 20 i
885 1400 26 21 hr
925 1400 73 22 Forse-

176 1429 49 21 lus”
240 1429 93 27 petition;
349 1429 35 26 jag
398 1427 72 21 kunde
486 1427 115 22 emellertid
617 1427 46 22 icke
677 1428 49 21 fullt
740 1428 95 28 uppfatta
851 1429 35 20 det
897 1429 102 28 yrkande,

177 1458 60 20 hvari
259 1457 122 21 densamma
404 1456 135 27 utmynnade,
561 1463 50 14 men
626 1457 73 20 trodde
717 1458 45 26 mig
776 1457 51 21 höra
842 1459 30 19 att
887 1457 35 21 det
937 1457 60 28 gälde

179 1486 74 20 endast
267 1484 111 22 införande
394 1484 20 22 af
429 1491 15 14 s.
460 1484 18 21 k.
495 1484 180 28 handelsregister.
705 1485 11 21 1
731 1486 65 20 sådan
814 1486 100 22 händelse
929 1486 69 22 skulle

177 1515 35 27 jag
227 1514 50 27 vilja
291 1513 105 21 utsträcka
411 1513 104 27 yrkandet
529 1514 64 27 något
608 1514 78 27 längre,
701 1516 23 25 ty
735 1514 75 22 endast
819 1515 50 21 med
878 1515 121 21 införandet
