1075 1761
175 140 40 21 340
384 144 174 21 Borgareståndet
571 145 53 16 1891.
649 145 13 16 2
674 149 60 12 mars.

146 224 112 28 uppgifter.
287 223 41 28 Jag
343 230 63 14 anser
420 223 36 21 det
470 224 107 26 nämligen
592 229 51 14 vara
657 225 30 18 ett
698 223 22 20 af
730 223 101 20 Finlands
841 223 67 20 banks
919 223 51 20 allra

147 253 148 26 väsentligaste
311 252 126 27 åligganden
453 253 29 19 att
497 252 56 20 hålla
567 258 28 15 en
611 251 113 27 tillräcklig
744 257 77 20 reserv,
837 251 22 20 så
874 252 30 19 att
919 251 51 20 den-

146 287 81 15 samma
242 280 69 21 under
325 287 27 13 en
367 280 43 20 kris
425 280 43 20 kan
482 280 33 20 stå
529 279 149 21 affärsvärlden
690 279 32 21 till
737 279 68 27 tjänst.
835 279 48 20 Den
898 281 72 25 trygg-

146 310 37 20 het
198 309 35 21 det
248 308 82 21 medför
344 308 33 21 för
392 308 126 27 affärslifvet,
534 310 29 19 att
579 309 47 19 veta
642 308 35 20 det
687 308 61 20 säkra
760 313 79 21 papper
848 307 69 21 under
929 307 41 21 alla

146 337 147 21 förhållanden
315 337 73 20 kunna
410 336 92 27 belånas,
525 336 68 21 skulle
612 336 35 26 jag
661 336 33 20 för
708 336 45 20 min
769 336 34 20 del
818 342 51 14 anse
884 342 51 14 vara
950 336 21 20 af

146 368 67 18 större
228 365 45 20 vikt
287 367 27 19 än
330 367 30 19 att
374 365 84 20 banken
474 365 69 20 under
557 370 124 22 gynsamma
696 364 54 20 tider
760 364 8 20 i
778 364 132 20 konkurrens
921 364 49 20 med

146 394 178 28 privatbankerna
345 393 108 21 bedrifver
475 394 41 20 den
531 395 75 19 största
620 392 86 28 möjliga
722 392 102 27 utlåning.
857 392 72 21 Under
943 398 27 14 en

146 423 44 21 kris
211 422 68 22 skulle
294 424 29 19 ett
339 422 67 28 dylikt
430 421 116 28 stadgande
565 428 46 14 som
626 421 36 21 det
675 421 120 27 föreslagna
815 420 86 22 faktiskt
916 420 54 21 dock

147 452 22 20 af
183 451 84 21 banken
281 451 47 21 icke
343 452 73 20 kunna
431 450 108 28 iakttagas,
554 453 23 24 ty
592 450 41 21 den
648 450 67 20 måste
728 449 26 21 dä
766 450 7 20 i
785 449 72 28 hvarje
869 449 101 21 händelse

146 486 50 14 vara
212 480 78 20 beredd
306 479 27 28 på
347 481 31 20 att
393 479 35 21 det
443 479 92 27 olyftade
550 479 98 27 beloppet
663 478 12 20 å
689 478 182 21 kassakreditiven
885 478 85 21 komme

146 510 31 20 att
194 511 83 24 uttagas
299 508 39 21 och
356 508 42 20 den
412 508 69 20 skulle
497 508 94 26 sålunda,
606 507 178 27 kreditivtagaren
799 507 32 20 till
846 506 88 27 förmån,
949 506 21 21 få

145 537 32 21 lof
197 539 31 19 att
249 536 114 22 inskränka
386 537 32 20 sin
440 536 69 22 kredit
524 536 21 21 åt
560 536 70 21 andra.
663 535 71 21 Under
749 542 27 14 en
791 535 66 21 sådan
873 535 98 27 tidpunkt

146 566 85 20 komme
254 566 35 20 det
301 567 101 25 outtagna
416 564 189 27 kreditivbeloppet
620 564 58 20 alltid
694 566 30 18 att
739 570 49 14 vara
804 564 21 20 af
839 570 80 14 samma
934 563 36 21 be-

147 594 82 27 tydelse
245 600 44 14 som
304 593 150 21 sedelstocken.
482 593 61 21 Hade
558 599 50 14 man
623 592 69 21 under
707 592 27 21 de
748 598 126 21 gynsamma
888 591 83 22 tiderna

148 623 18 26 ej
182 622 85 21 beaktat
289 622 62 26 detta,
367 621 24 21 så
405 622 71 20 kunde
499 621 36 21 det
556 621 75 27 hända,
650 623 30 18 att
694 621 86 20 banken
794 621 36 20 vid
844 620 126 21 inträffande

146 651 69 20 kriser
229 651 54 20 hade
298 657 27 14 en
340 651 33 20 för
388 657 51 20 svag
454 656 75 15 reserv.

216 679 105 27 Slutligen
342 679 38 20 ber
399 679 35 26 jag
456 680 30 19 att
506 678 21 21 få
542 678 66 21 uttala
623 677 41 21 den
679 677 142 28 förhoppning
836 679 30 19 att
880 677 90 21 bankut-

146 708 79 21 skottet
247 707 53 21 skall
320 707 66 21 uttala
408 708 32 26 sig
455 707 90 21 rörande
560 707 41 20 den
616 707 66 20 starkt
696 706 96 27 stegrade
807 706 102 27 utlåning,
925 713 45 14 som

147 737 70 20 under
231 736 26 21 de
272 742 74 15 senare
367 735 50 22 åren
440 736 38 20 har
499 735 108 22 bedrifvits
623 735 21 20 af
658 735 101 21 Finlands
781 735 62 20 bank.
873 735 98 21 Rörande

146 765 72 21 denna
237 765 146 27 utsträckning
397 765 73 20 kunna
485 764 105 21 åsikterna
605 770 49 15 vara
669 763 64 28 något
748 763 65 27 olika;
828 763 8 20 i
850 763 121 22 hufvudsak

147 795 44 20 tror
208 794 35 27 jag
258 793 214 28 bankförvaltningen
494 793 86 21 handlat
595 792 76 28 riktigt,
687 793 40 20 och
742 792 32 21 till
789 793 90 20 fromma
893 792 33 21 för
941 792 30 21 af-

146 822 205 21 färsvärksamheten
367 822 7 20 i
389 821 77 27 landet,
488 828 49 14 men
559 821 105 21 måhända
685 821 38 21 har
738 821 41 20 den
795 821 54 20 dock
866 821 44 27 gått
925 821 46 20 litet

147 851 33 20 för
194 851 59 27 långt
267 851 7 19 i
290 850 57 21 detta
362 851 104 20 afseende.
497 850 41 27 Jag
553 850 36 20 vill
604 849 47 21 icke
666 856 30 13 nu
705 849 74 28 längre
790 849 112 27 uppehålla
914 849 56 21 stån-

146 879 37 21 det
204 879 50 21 med
277 879 70 20 denna
364 879 64 26 fråga,
444 880 50 19 enär
508 879 35 26 jag
558 879 78 26 hoppas
652 880 29 18 att
696 878 113 20 ständerna
824 878 27 26 på
865 878 70 26 grund
950 877 21 21 af

146 909 32 19 ett
192 906 108 22 uttalande
315 907 7 20 i
337 908 72 19 ämnet
424 906 22 21 af
460 906 159 21 bankutskottet
634 906 59 20 skola
707 906 66 21 blifva
783 906 7 20 i
801 906 81 20 tillfälle
898 908 30 19 att
938 908 32 18 ut-

147 935 43 21 låta
205 936 32 27 sig
251 935 88 21 rörande
355 935 42 21 den
412 934 156 28 grundprincip,
583 941 44 15 som
643 935 8 20 i
666 935 57 21 detta
735 934 36 21 fall
787 934 53 21 skall
863 934 66 27 följas.
959 934 12 20 I

146 964 67 20 likhet
227 964 49 20 med
292 964 25 20 hr
331 963 53 21 Lille
399 964 79 26 hoppas
494 964 62 20 äfven
571 964 40 26 jag,
627 964 30 20 att
668 963 159 21 bankutskottet
838 963 53 20 skall
903 962 67 22 uttala

146 992 34 28 sig
201 992 90 21 rörande
314 992 41 20 den
376 992 100 26 ställning
491 992 100 20 Finlands
607 991 57 21 bank
681 992 36 20 bör
731 992 71 27 intaga
817 991 8 20 i
839 991 132 21 förhållande

146 1021 32 21 till
202 1020 182 28 privatbankerna.
413 1019 76 22 Därtill
509 1020 68 22 finnes
592 1020 111 27 tillräcklig
719 1020 115 27 anledning
849 1020 31 20 uti
895 1020 27 21 de
938 1021 33 19 ut-

146 1049 102 21 talanden
269 1048 189 28 bankfullmäktige
480 1049 63 20 hafva
561 1050 54 26 gjort
630 1048 27 28 på
671 1049 59 20 sidan
747 1049 27 20 24
789 1048 7 20 i
811 1048 33 21 sin
859 1048 111 21 berättelse

147 1077 40 21 och
207 1077 78 27 jämväl
307 1077 26 27 på
354 1077 61 21 sidan
438 1078 33 26 25,
489 1079 51 19 enär
555 1078 35 20 det
605 1077 101 21 särskilda
722 1077 125 27 stadgandet
861 1076 109 28 angående

148 1106 145 27 diskontering
316 1106 53 21 eller
390 1106 105 21 måhända
514 1108 77 19 rättare
611 1106 169 27 rediskontering
795 1106 22 20 af
831 1105 139 28 bankdeposi-

147 1135 116 47 Hönsbovis
286 1134 63 21 äfven
369 1135 59 20 torde
444 1134 43 21 afse
502 1130 101 36 Finlands
619 1134 66 21 banks
700 1134 132 21 förhållande
847 1134 32 21 till
894 1134 77 27 privat-

146 1163 114 20 bankerna.

215 1247 32 20 Hr
269 1246 131 22 Nissinen:
423 1246 59 20 Minä
497 1252 27 14 en
538 1246 119 27 puolestani
677 1246 63 21 tahdo
763 1249 74 18 ruveta
859 1246 111 21 tekemään

147 1275 80 21 mitään
241 1274 163 22 huomautuksia
414 1274 254 28 pankkivaltuusmiesten
678 1274 131 21 kertomusta
819 1276 86 19 vastaan
916 1274 55 21 enkä

146 1304 73 19 sääntö
242 1303 158 25 ehdotuksesta;
422 1302 99 21 tahtoisin
541 1308 53 14 vaan
614 1302 87 20 mainita
716 1302 254 26 pankkivaltuusmiesten

146 1330 133 21 ehdotuksen
293 1330 97 27 johdosta
404 1330 173 21 kanta-rahaston
599 1330 182 26 koroittamisesta,
806 1332 43 19 että
863 1330 107 21 kannatan

146 1358 41 21 sitä
202 1358 143 27 täydellisesti.
370 1358 28 20 Ja
408 1358 70 21 onhan
489 1364 22 14 se
525 1358 76 28 päivän
617 1358 62 27 selvä,
691 1360 42 19 että
742 1359 32 26 jos
784 1358 79 28 pankin
874 1358 58 21 mieli
943 1364 27 15 on

146 1387 148 27 työskennellä
309 1387 108 27 nykyajan
433 1387 140 21 vaatimusten
588 1386 93 22 mukaan
690 1387 22 27 ja
722 1387 68 21 siihen
805 1389 112 25 suuntaan,
928 1388 42 20 että

146 1422 24 15 se
181 1416 56 27 voipi
251 1416 97 28 kauppaa
357 1416 22 27 ja
388 1415 131 22 teollisuutta
534 1415 84 27 edistää,
633 1416 45 20 niin
693 1422 28 14 on
736 1416 181 21 välttämättömän
928 1418 42 19 tar-

146 1445 102 27 peellista,
268 1446 43 20 että
331 1444 79 27 pankin
427 1446 98 25 pääomat
539 1446 49 20 ovat
602 1444 45 21 niin
662 1447 79 25 suuret,
755 1446 43 20 että
812 1451 22 15 se
849 1445 56 27 voipi
921 1451 47 15 seu-

146 1475 46 19 rata
206 1473 85 28 kaupan
305 1473 22 28 ja
340 1473 143 21 teollisuuden
498 1473 106 27 edistystä.
634 1473 69 20 Täällä
719 1480 27 14 on
761 1473 154 27 huomautettu,
927 1474 42 21 että

146 1509 29 14 on
189 1502 128 27 tarpeellista
337 1502 85 27 käyttää
443 1502 147 27 voitto-rahoja
611 1501 133 22 rautateiden
758 1502 21 27 ja
793 1502 175 28 kulkuneuvojen

145 1530 144 28 lisäämiseksi,
311 1531 58 27 jotka
390 1530 54 21 ehkä
464 1532 49 20 ovat
534 1531 155 21 suuremmaksi
710 1531 107 27 hyödyksi
835 1531 134 20 maallemme
