1075 1770
192 133 12 20 »w

207 133 11 20 bx

221 133 12 20 10

402 137 178 21 Borgareständet
592 137 53 18 1891.
669 137 26 16 24
707 136 51 17 febr.

167 218 82 27 gäende
264 217 125 27 försäljning
403 216 21 21 af
439 216 90 22 bränvin
543 223 27 14 m.
585 223 34 21 m.,
635 216 37 20 där
687 216 35 21 det
736 216 60 20 heter
805 217 30 19 att
846 215 143 27 utskänkning

166 246 22 21 af
202 246 88 21 bränvin
311 246 32 20 fär
365 245 105 21 bedrifvas
491 245 74 21 endast
584 246 3 20 i
601 244 153 28 sammanhang
774 244 49 21 med
845 244 144 28 spishällning,

168 275 35 21 vid
219 274 85 22 hvilken
319 281 65 21 varm,
399 274 94 21 närande
507 276 44 19 mat
565 273 173 22 tillhandahälles.
764 272 41 22 Om
820 272 69 22 denna
899 272 90 22 bestäm-

169 304 53 27 ning
241 305 88 26 antages
351 303 68 21 skulle
442 303 57 21 detta
513 303 7 20 i
535 303 41 27 hög
591 302 51 28 grad
657 302 87 28 bidraga
759 302 32 21 till
806 303 30 19 att
849 301 100 21 förändra
963 301 26 21 de

167 332 123 22 nuvarande
305 331 254 28 utskänkningsställenas
575 331 102 21 karaktär.
706 331 38 21 Att
762 330 67 26 dessa,
845 331 37 21 där
896 332 71 20 maten
982 330 8 21 i

165 362 28 20 de
208 361 61 21 flesta
289 361 38 21 fall
348 360 66 22 hittils
432 360 112 21 inskränkt
558 360 33 28 sig
605 360 32 21 till
651 360 66 27 nägra
732 359 107 28 oaptitliga
853 362 57 19 torra
925 360 66 20 smör-

168 390 66 28 gäsar,
248 390 47 21 icke
310 392 115 19 motsvarat
440 390 26 20 de
481 389 95 27 anspräk,
592 396 45 14 som
652 388 51 22 böra
719 388 71 22 ställas
804 388 28 28 pä
846 390 30 20 ett
886 388 105 21 arbetare-

167 419 109 27 värdshus,
299 419 59 21 torde
381 425 50 15 vara
448 418 66 21 kändt
528 418 33 21 för
575 418 84 21 enhvar.
689 418 164 26 Ifrägavarande
868 416 123 28 förändring

166 448 69 21 skulle
250 448 36 27 jag
301 447 70 21 därför
381 447 59 21 hälsa
449 447 49 20 med
513 445 186 22 tillfredsställelse.
730 446 33 21 En
778 445 125 28 förbättring
918 447 23 19 är
956 445 35 21 det

168 477 62 20 äfven
245 478 30 19 att
290 476 122 21 bränvinets
428 475 168 28 minimalstyrka
610 475 69 21 blifvit
689 475 89 27 nedsatt,
788 481 50 15 men
849 475 41 21 den
899 474 90 21 rörande

169 511 84 21 omsorg
267 511 35 15 om
317 506 30 19 att
363 504 41 21 den
419 504 48 21 ädla
482 511 65 14 varan
557 503 56 22 ändå
622 503 65 22 måtte
697 504 81 21 bränna
787 503 121 28 tillräckligt
917 503 8 20 i
936 505 53 19 stru-

168 540 47 21 pen,
238 539 46 16 som
306 533 56 20 visar
381 533 31 28 sig
427 533 7 20 i
449 533 159 27 bestämningen
624 533 30 20 att
669 532 111 21 bränvinet
795 532 126 21 ätminstone
937 531 53 22 skall

167 563 64 20 hafva
247 561 61 28 359/,
323 561 134 28 alkoholhalt,
472 561 43 21 kan
529 563 36 26 jag
578 561 47 21 icke
639 561 70 21 förstå.
739 560 41 22 Det
794 567 51 14 vore
861 560 34 21 väl
910 567 26 14 en
949 561 41 20 för-

169 591 33 20 del
219 597 34 14 om
267 590 47 21 värt
328 590 45 21 folk
388 590 68 21 skulle
472 591 62 26 vänja
549 591 32 26 sig
596 589 35 22 vid
646 592 57 18 ännu
719 596 87 21 svagare
821 589 99 26 bränvin;
944 589 47 20 där-

166 619 35 21 för
215 619 72 21 kunde
302 621 65 26 gärna
382 619 122 20 bränvinets
519 619 71 26 styrka
606 618 51 21 eller
672 618 87 27 svaghet
773 625 51 14 vara
838 618 103 27 köparens
951 617 39 22 och

168 648 102 27 säljarens
285 648 70 21 ensak.
385 647 63 22 Detta
463 654 50 15 vore
528 648 70 20 säkert
612 653 59 15 mera
685 647 31 20 till
732 647 89 20 fromma
836 647 32 20 för
878 647 113 26 nykterhe-

169 680 36 17 ten
220 679 26 18 än
262 676 130 27 stadgandet,
407 678 30 19 att
452 676 95 27 drycker,
557 676 82 21 hvilkas
649 675 129 22 alkoholhalt
788 675 124 28 öfverstiger
922 676 27 20 22
957 675 33 28 %/,,

168 705 102 21 likställas
290 705 49 20 med
363 705 92 20 bränvin.
486 705 41 20 Om
549 705 25 20 de
592 705 49 20 med
655 704 91 21 bränvin
760 704 98 21 likstälda
873 704 118 27 dryckerna

168 734 107 21 innehålla
295 734 28 20 22
338 733 53 22 eller
406 733 62 27 25%
483 733 84 21 alkohol
588 733 58 21 torde
661 733 8 20 i
686 733 111 28 praktiken
820 740 50 14 vara
890 733 101 27 tämligen

168 763 104 27 likgiltigt,
293 764 59 19 utom
368 764 29 19 att
412 762 119 21 kontrollen
552 762 97 21 häröfver
663 762 8 20 i
686 762 26 21 de
734 761 61 22 flesta
816 762 37 20 fall
872 768 50 15 vore
937 762 54 27 svär,

169 791 80 21 kanske
264 791 91 27 omöjlig.
385 791 33 20 En
432 791 123 27 förändring
570 791 100 26 däremot,
685 790 86 22 hvilken
781 791 36 27 jag
829 791 49 20 ville
888 791 103 20 beteckna

169 820 49 21 med
241 821 29 20 ett
292 821 52 20 stort
363 819 147 22 minustecken
525 821 23 19 är
563 819 41 21 den
619 820 8 20 i
641 819 157 28 propositionen
817 819 118 28 föreslagna
949 819 42 21 för-

169 849 115 27 delningen
299 848 22 21 af
335 848 256 27 utskänkningsbolagens
606 848 60 21 vinst.
691 847 68 22 Dessa
773 848 63 27 bolag
845 849 63 20 hafva
926 848 65 21 hittils

169 877 77 21 bildats
261 877 39 21 och
315 877 133 21 öfvervakats
464 877 21 20 af
495 877 70 20 härför
576 877 139 21 intresserade
728 883 105 21 personer,
843 877 82 21 hvilkas
937 877 54 21 enda

169 905 101 27 belöning
285 906 54 20 varit
354 906 42 20 den
410 907 30 19 att
454 906 34 20 för
502 905 161 27 allmännyttiga
677 905 70 21 lokala
756 906 82 26 företag
849 905 22 21 fä
881 906 112 27 disponera

171 934 58 21 öfver
244 934 147 21 vinstmedlen.
421 934 38 21 Att
473 934 88 21 beröfva
576 934 246 28 utskänkningsbolagen
837 934 70 21 denna
921 934 72 27 rättig-

170 964 36 20 het
220 969 50 15 vore
285 964 30 20 att
329 963 55 21 rikta
399 965 29 19 ett
444 963 97 27 dräpslag
555 965 44 19 mot
613 963 42 21 alla
670 962 25 21 de
710 963 82 27 företag
806 963 8 20 i
829 962 164 22 arbetarbefolk-

170 992 90 27 ningens
270 992 98 21 intresse:
380 991 152 28 folkbibliotek,
544 991 104 27 läsesalar,
659 992 127 28 sjukstugor,
801 992 108 27 barnhem,
919 998 27 14 m.
959 998 34 21 m.,

169 1020 72 20 hvilka
261 1020 49 22 med
331 1020 61 21 dessa
406 1020 70 22 medel
492 1020 65 21 hittils
571 1020 64 21 hafva
651 1020 112 22 bekostats.
793 1020 79 22 Vidare
886 1021 43 20 kan
943 1021 50 30 med

170 1049 46 21 skäl
237 1048 135 29 ifrägasättas
391 1056 34 14 om
445 1049 35 21 det
495 1056 49 14 vore
559 1049 24 21 sä
598 1049 92 21 särdeles
704 1049 181 28 ändamälsenligt,
900 1051 30 19 att
944 1050 49 21 med

170 1078 70 20 medel
264 1084 45 15 som
328 1078 68 20 skulle
412 1078 149 26 undanryckas
575 1078 41 21 den
632 1078 137 21 kommunala
784 1078 209 27 själfvärksamheten

171 1106 40 20 öka
226 1106 115 26 styrelsens
356 1106 65 21 redan
436 1113 30 14 nu
482 1106 136 22 öfverhöfvan
633 1108 56 20 stora
699 1106 216 28 maktfullkomlighet
925 1107 8 20 i
944 1107 49 21 eko-

170 1135 97 21 nomiska
288 1134 76 28 frågor.
394 1136 38 20 Att
456 1135 147 28 landsbygden
624 1135 46 21 icke
694 1135 126 27 oväsentligt
841 1136 98 27 bidrager
961 1136 32 20 till

171 1163 186 21 åstadkommande
380 1164 22 20 af
423 1163 256 28 utskänkningsbolagens
692 1164 118 20 inkomster
825 1164 39 21 och
879 1166 30 18 att
922 1164 71 21 lands-

170 1192 165 20 kommunernas
357 1192 91 27 anspråk
469 1194 35 18 äro
519 1192 8 20 i
542 1193 42 20 viss
599 1192 51 28 grad
666 1192 134 28 berättigade,
816 1193 66 20 måste
897 1193 24 27 ju
935 1192 58 21 med-

171 1220 73 27 gifvas,
258 1226 50 15 men
323 1220 62 21 dessa
400 1220 71 21 kunde
487 1220 54 21 dock
555 1221 120 26 lämpligast
691 1220 124 27 tillgodoses
829 1221 27 27 på
871 1221 23 20 så
909 1223 40 19 sätt
964 1223 29 18 att

171 1255 26 14 en
212 1248 83 21 mindre
310 1248 34 21 del
359 1250 13 19 t.
388 1255 33 14 ex.
437 1255 27 14 en
478 1248 103 27 fjärdedel
596 1249 21 20 af
627 1249 117 21 ärsvinsten
755 1248 68 22 skulle
833 1249 83 21 tillfalla
926 1249 67 21 länets

169 1276 194 21 landskommuner.
392 1277 64 21 Huru
470 1277 66 21 saken
551 1279 27 19 än
592 1277 106 21 betraktas
717 1277 43 21 kan
774 1277 35 28 jag
823 1278 47 21 icke
885 1277 58 22 finna
958 1278 36 21 det

170 1305 129 26 berättigade
322 1305 52 20 eller
396 1305 126 26 förmånliga
537 1306 31 19 uti
582 1308 30 17 att
627 1306 31 19 till
673 1306 274 21 kommunikationsfonden
963 1307 30 19 öf-

168 1332 85 20 verföra
267 1332 81 20 hälften
363 1332 21 21 af
399 1332 124 28 ärsvinsten,
537 1334 23 25 ty
575 1332 123 28 därigenom
713 1333 69 21 skulle
792 1340 51 14 man
852 1333 89 21 förlama
952 1334 41 20 den

169 1360 81 27 viktiga
265 1360 69 20 faktor
347 1360 9 20 i
370 1361 98 20 intresset
483 1360 32 21 för
530 1360 252 28 utskänkningsbolagen,
797 1368 46 14 som
858 1364 51 18 utan
920 1362 73 20 tvifvel

169 1388 68 28 ligger
252 1388 45 21 däri
309 1390 30 19 att
354 1389 26 21 de
396 1389 70 21 därför
480 1390 133 20 värksamma
629 1396 129 21 personerne
772 1390 22 21 få
808 1390 75 28 själfve
897 1390 28 28 pä
939 1396 54 22 egen

170 1418 32 20 ort
215 1418 74 27 skönja
311 1417 110 22 frukterna
436 1418 21 20 af
472 1418 33 20 sin
519 1418 68 21 möda.
616 1418 41 28 Jag
680 1418 36 21 vill
738 1418 71 22 därför
823 1419 80 28 hoppas
918 1421 29 19 att
963 1419 30 21 ät-

169 1446 106 21 minstone
295 1446 47 22 icke
362 1446 57 22 detta
434 1446 61 21 ständ
510 1447 54 21 skall
579 1448 109 26 samtycka
702 1447 33 21 till
750 1448 57 21 detta
828 1448 33 21 för
884 1448 110 22 städernas

171 1475 122 28 utveckling
307 1475 113 28 högeligen
434 1482 139 21 ogynsamma
587 1476 121 28 stadgande.
