1075 1770
177 129 40 20 268
383 133 178 22 Borgareståndet
572 133 53 17 1891.
649 133 28 17 24
689 133 51 17 febr.

151 213 24 20 så
188 212 123 27 förkastligt,
326 214 30 19 att
370 219 50 14 man
435 212 35 21 vid
483 213 46 20 sina
544 212 109 21 samkväm
667 212 121 26 föredrager
803 213 30 19 ett
847 211 128 21 illamående

150 241 23 20 af
187 243 46 19 söta
247 241 40 20 och
307 247 65 20 svaga
392 240 90 27 drycker
504 240 87 21 framför
605 242 30 19 att
649 241 78 20 utsätta
742 240 32 27 sig
788 240 34 21 för
835 240 137 27 möjligheten

151 269 22 21 af
187 271 30 20 ett
230 269 126 21 illamående
372 269 22 21 af
408 269 163 28 alkoholhaltiga
587 268 84 27 sådana,
687 268 23 21 så
724 269 38 20 har
776 274 51 15 man
842 268 54 21 dock
907 268 68 27 glömt

152 299 30 20 att
203 304 49 15 man
271 299 38 20 här
330 299 35 20 rör
379 297 35 22 vid
428 304 26 14 en
470 298 91 32 gammal
575 299 38 19 kär
627 297 71 34 afgud,
713 297 21 27 ja
750 297 23 20 så
787 297 93 21 afhällen
895 299 30 19 att
939 297 36 21 väl

150 327 105 28 knappast
269 326 115 28 någonting
399 326 73 28 finnes,
488 333 45 14 som
548 327 8 20 i
570 326 30 21 tal
615 326 40 21 och
670 325 52 29 sång
738 325 69 22 blifvit
817 325 124 22 omhuldadt
951 325 26 22 sä

151 362 46 15 som
212 356 42 21 den
269 362 14 15 s.
299 355 19 21 k.
334 355 45 22 lilla
394 361 72 22 supen.
491 355 42 22 Det
548 357 23 19 är
584 355 24 28 ju
623 355 79 28 ganska
716 355 103 28 naturligt
833 356 30 20 att
872 354 101 22 kärleken

151 385 33 20 till
199 391 27 15 en
241 384 40 21 slik
295 384 85 24 klenod,
396 391 45 14 som
456 385 38 20 har
508 384 69 22 blifvit
592 384 110 21 betraktad
713 384 49 21 med
773 391 27 14 en
810 383 95 22 vördnad
917 385 59 20 snart

152 414 61 34 sagdt
228 413 71 26 sädan,
315 419 45 15 som
376 419 34 15 om
426 413 40 21 den
482 414 54 20 varit
547 415 29 19 ett
587 413 126 27 sakrament,
725 414 29 19 att
765 413 70 21 denna
845 413 73 21 kärlek
928 413 47 21 icke

152 443 24 20 sä
190 442 77 28 hastigt
282 430 68 33 skulle
366 442 74 20 kunna
454 442 57 27 gifva
526 442 47 20 med
589 443 38 26 sig,
643 443 51 19 trots
709 435 42 27 alla
765 441 119 21 restriktiva
894 441 82 21 förord-

152 471 77 27 ningar
243 471 40 21 och
297 470 250 28 nykterhetsföreningar.
575 470 42 28 Jag
632 472 43 19 tror
690 470 70 20 därför
775 472 30 19 att
819 470 21 20 vi
854 470 47 21 icke
916 469 60 22 skola

152 499 131 21 öfverlämna
304 505 34 15 oss
353 499 21 21 ät
389 499 65 27 några
475 499 135 28 sangviniska
624 498 164 28 förhoppningar
803 498 8 21 i
826 498 71 22 denna
911 498 65 28 fråga,

152 530 53 19 utan
220 528 57 27 gifva
291 534 35 14 oss
348 528 92 21 tälamod
462 529 29 19 att
506 534 23 15 se
544 528 57 21 tiden
617 534 33 20 an,
665 528 39 20 och
720 528 57 20 detta
791 527 74 21 kunna
879 527 21 21 vi
915 527 62 28 lugnt

153 559 56 25 göra,
225 556 26 22 dä
265 556 22 21 vi
301 556 7 20 i
323 556 41 22 alla
379 556 37 21 fall
430 556 74 22 kunna
519 556 120 22 konstatera
650 562 26 15 en
687 556 123 27 utveckling
819 556 32 21 till
861 556 36 21 det
908 555 68 23 bättre

153 586 40 21 och
214 585 54 27 hysa
288 585 40 21 den
349 585 61 21 säkra
424 586 168 27 förhoppningen
607 586 30 20 att
653 584 69 22 denna
736 584 123 28 utveckling
873 585 7 20 i
895 591 82 15 samma

152 614 95 28 riktning
261 614 62 21 äfven
339 614 106 28 framgent
459 614 53 21 skall
528 614 74 28 fortgå.

221 642 51 22 Men
293 643 35 21 det
347 649 50 15 vore
418 645 30 19 att
468 646 50 24 göra
538 644 44 27 mig
601 642 86 28 mycket
702 644 54 20 orätt
771 649 34 15 om
820 649 56 21 man,
890 642 50 22 ledd
955 642 23 21 af

153 672 62 21 dessa
236 672 119 27 yttranden,
378 672 49 21 ville
446 672 64 28 draga
525 672 41 21 den
581 672 118 26 slutsatsen,
715 674 29 19 att
759 672 35 28 jag
808 672 34 21 för
856 672 71 27 någon
942 671 34 21 del

152 700 128 22 missaktade
295 701 284 27 nykterhetsföreningarnes
594 700 133 22 värksamhet
742 701 52 21 eller
814 700 49 22 ville
878 702 98 20 motsätta

153 730 44 26 mig
213 730 40 21 den
268 729 99 28 riktning,
382 730 8 20 i
404 730 87 20 hvilken
504 730 160 27 lagstiftningen
679 730 95 21 bärintils
794 729 49 28 gått.
872 729 104 26 Tvärtom,

152 759 37 26 jag
203 760 44 19 tror
264 760 30 19 att
313 758 104 22 hvardera
437 758 62 21 hafva
517 759 53 20 varit
584 759 47 20 icke
646 758 53 22 blott
714 759 82 27 nyttiga
811 760 50 19 utan
877 758 101 21 fullkom-

153 787 39 27 ligt
213 786 111 28 behöfliga,
345 787 39 21 och
406 788 36 26 jag
461 789 44 19 tror
520 789 29 19 att
564 787 97 21 särskildt
677 787 25 21 de
718 787 119 21 restriktiva
852 786 124 28 åtgärderna

154 815 54 21 varit
222 803 110 40 behöfliga,
348 816 89 20 emedan
451 818 52 19 utan
518 816 48 20 dem
576 816 273 26 nykterhetsföreningarna
863 816 49 27 föga
922 815 54 21 kun-

153 846 38 18 nat
210 846 83 25 uträtta,
315 844 126 21 åtminstone
461 844 47 21 icke
523 844 24 21 så
560 844 86 27 mycket
667 850 46 15 som
736 844 26 21 de
776 850 30 15 nu
823 844 154 21 åstadkommit.

153 872 42 27 Jag
209 874 44 19 tror
267 857 69 48 också,
351 874 31 19 att
397 873 60 20 dessa
467 872 240 28 lagstiftningsåtgärder
717 873 27 27 gå
753 873 32 20 uti
794 872 130 28 fullkomligt
936 874 41 19 rätt

154 901 94 28 riktning
269 902 39 20 och
330 903 36 19 äro
380 901 129 28 fullkomligt
524 901 135 28 berättigade,
674 903 23 26 ty
713 902 35 21 det
762 903 24 19 är
800 901 35 21 väl
848 901 47 21 icke
911 901 66 21 blotta

154 930 112 27 njutandet
281 930 21 21 af
316 930 90 27 alkohol,
421 937 45 14 som
482 933 23 18 är
516 930 23 21 så
548 931 76 27 farligt,
633 924 56 27 utan
696 930 35 21 det
741 932 23 19 är
773 930 129 21 missbruket
912 929 65 28 däraf,

155 959 26 20 då
197 959 35 21 det
247 959 100 27 antingen
362 947 120 33 föranleder
497 959 103 28 tillfälliga
615 966 98 15 excesser
728 959 51 21 eller
794 966 76 21 genom
885 961 30 19 ett
929 947 48 32 kro-

154 987 58 22 niskt
226 988 103 27 njutande
344 988 7 20 i
367 988 110 21 öfvermått
492 988 95 21 ruinerar
602 988 132 21 människan.
758 987 49 22 Den
823 987 154 28 omständighe-

154 1018 42 31 ten,
212 1018 30 19 att
257 1022 27 15 en
298 1023 84 20 person,
396 1023 45 14 som
457 1023 76 14 annars
548 1017 67 20 lefver
629 1017 128 32 hygieniskt
765 1017 40 21 och
813 1017 112 32 förnuftigt
937 1017 40 20 och

155 1046 23 19 är
193 1044 79 28 mäktig
287 1045 21 20 af
322 1045 192 32 själfbehärskning
529 1045 38 21 och
582 1045 38 21 har
634 1045 123 27 jämnvikt
748 1041 10 40 i
774 1045 36 21 sitt
825 1045 66 27 sinne,
906 1044 70 28 någon

155 1073 56 27 gång
230 1073 77 21 tillåter
329 1073 32 28 sig
381 1075 29 19 att
430 1073 89 29 krydda
533 1074 32 26 sin
588 1075 52 26 aptit
656 1074 49 21 med
721 1080 26 14 en
763 1080 45 21 sup,
824 1073 42 21 kan
881 1073 34 21 väl
929 1073 47 21 icke

155 1101 99 21 hänföras
269 1101 31 22 till
316 1096 164 33 dödssynderna.
505 1096 19 27 Å
541 1102 65 21 andra
621 1102 60 21 sidan
695 1102 67 21 måste
773 1102 34 21 väl
817 1102 160 27 lagstiftningen

156 1132 51 25 göra
220 1130 55 21 hvad
290 1130 8 20 i
313 1130 48 21 dess
375 1130 95 27 förmåga
491 1131 48 26 står,
555 1132 29 19 att
598 1131 47 20 icke
659 1131 255 26 bränvinshandteringen
929 1130 48 21 ord-

156 1165 39 14 nas
214 1157 27 28 på
261 1161 29 18 ett
312 1158 75 21 sådant
406 1161 45 24 sätt,
472 1161 30 18 att
517 1159 40 21 den
573 1159 76 27 bjuder
663 1159 26 27 på
703 1159 98 27 ständiga
815 1159 108 20 frestelser
937 1159 39 20 och

155 1186 109 28 lockelser,
287 1187 39 20 och
345 1187 36 20 må
402 1193 50 14 man
473 1187 47 22 icke
535 1187 66 21 häller
615 1187 42 21 låta
672 1187 110 21 afskräcka
796 1187 33 28 sig
843 1189 30 19 att
887 1187 70 28 fortgå
970 1187 8 20 i

156 1215 70 21 denna
247 1215 94 28 riktning
355 1215 23 21 af
392 1215 25 22 de
433 1216 114 22 statistiska
565 1216 94 27 resultat,
674 1223 46 14 som
734 1216 47 21 från
796 1215 66 22 andra
877 1215 101 22 områden

156 1243 63 22 hafva
233 1244 95 21 vunnits!

224 1272 51 21 Man
297 1273 38 20 har
355 1273 38 20 här
413 1273 123 28 framdragit
550 1279 27 15 en
592 1273 95 24 statistik,
703 1273 116 22 utredande
835 1275 29 19 att
879 1273 32 21 till
925 1273 53 32 följd

156 1301 21 20 af
192 1301 61 20 dessa
275 1307 74 27 senare
370 1301 147 27 författningar
538 1301 57 20 såväl
609 1301 160 21 lönbrännerier
783 1308 46 14 som
843 1302 114 26 lönkrogar
970 1301 8 20 i

156 1328 104 27 väsentlig
274 1327 50 21 mån
339 1328 63 20 hafva
417 1328 64 20 ökats.
511 1328 42 21 Det
567 1335 37 14 var
615 1328 82 35 ganska
707 1328 113 34 naturligt,
833 1328 26 21 då
869 1328 109 21 bränvins-

156 1356 82 20 skatten
253 1356 80 27 höjdes,
348 1358 30 18 att
392 1356 170 32 lönbränningen
575 1357 8 19 i
598 1356 70 27 någon
682 1356 50 21 mån
748 1356 68 21 skulle
831 1353 87 41 tilltaga,
928 1362 51 15 men

156 1384 63 21 äfven
234 1384 27 28 på
275 1381 57 25 detta
353 1384 86 22 område
455 1385 74 21 kunna
544 1392 20 14 vi
579 1387 65 19 trösta
658 1392 33 14 oss
706 1385 50 21 med
771 1386 30 20 att
816 1385 35 21 det
865 1387 24 19 är
904 1384 75 22 endast

156 1413 66 27 några
236 1413 22 21 få
272 1413 33 21 års
321 1414 95 27 statistik,
432 1420 46 14 som
491 1414 43 21 kan
549 1414 106 27 åberopas,
671 1414 39 21 och
724 1414 36 28 jag
775 1416 44 19 tror
834 1416 29 19 att
877 1414 22 20 vi
909 1414 70 20 därför

156 1442 74 21 kunna
250 1442 81 21 skänka
352 1430 70 34 denna
442 1442 43 22 lika
504 1442 46 22 litet
564 1443 64 21 värde
643 1449 46 15 som
705 1442 25 22 de
746 1443 21 21 af
781 1443 44 28 mig
840 1443 88 27 tidigare
943 1442 36 35 be-

156 1471 67 21 rörda.
253 1470 41 28 Jag
314 1474 44 18 tror
379 1471 47 21 icke
446 1473 31 19 att
491 1472 21 20 vi
527 1471 90 22 behöfva
631 1471 95 22 betrakta
741 1472 70 21 såsom
826 1472 115 28 någonting
956 1470 23 22 så

157 1500 152 21 afskräckande
330 1500 42 21 den
393 1500 182 28 omständigheten
590 1502 29 20 att
633 1500 218 22 lönbrännerimålens
867 1500 56 22 antal
938 1500 41 22 till-

156 1529 53 27 tagit
223 1529 49 21 med
288 1531 29 19 ett
330 1536 39 21 par
383 1529 83 21 hundra
482 1536 35 14 om
535 1529 49 22 året.
613 1529 51 21 Man
679 1530 48 28 kan,
742 1532 43 19 tror
799 1531 41 27 jag,
855 1530 80 28 hoppas
950 1531 30 19 att
