1075 1761
183 122 39 20 112
393 127 173 21 Borgareståndet
579 128 53 17 1891.
656 127 11 17 7
680 127 50 17 febr.
883 126 5 6 a

292 207 73 21 sluten
388 213 109 14 sommar-
515 207 37 20 och
576 206 209 22 vinter-kuranstalt
804 205 36 28 för
855 205 116 28 lungsjuka

290 242 115 21 personers
425 235 54 21 värd
503 235 37 22 och
565 235 95 26 botande,
680 234 155 29 inrymmande
853 235 70 20 minst
941 235 31 20 50

291 264 117 28 patienter.

226 321 140 28 Helsingfors,
382 321 41 21 den
439 322 12 20 5
466 321 92 21 februari
573 321 59 21 1891.

697 378 26 21 F.
740 377 163 28 Neppenström.

227 463 32 21 Hr
280 464 193 26 Neppenström
495 463 69 21 anhöll
586 464 30 20 att
637 463 116 27 petitionen
773 462 64 22 mätte
857 463 20 21 af
892 462 83 22 ständet

159 492 117 21 remitteras
300 492 32 22 till
354 492 157 27 statsutskottet,
533 492 26 21 dä
579 492 122 21 densamma
716 492 74 20 endast
804 491 129 22 innefattade
949 498 26 15 en

160 520 98 21 anhällan
274 528 34 14 om
323 520 185 28 penningebidrag.

228 594 32 21 Hr
274 594 71 21 Lille
361 594 93 27 yttrade:
484 593 41 28 Jag
538 594 41 21 kan
594 593 34 21 väl
642 594 33 21 för
689 593 45 21 min
749 593 35 21 del
798 594 46 21 icke
866 594 110 21 underläta

160 625 30 19 att
205 623 79 21 skänka
298 623 47 20 mitt
359 623 52 20 fulla
427 623 133 20 erkännande
576 622 20 21 ät
611 622 35 21 det
660 622 143 27 filantropiska
819 622 97 27 syftemäl
927 623 49 21 med

161 652 41 20 den
217 658 30 14 nu
261 651 96 27 upplästa
372 651 121 28 petitionen,
507 657 48 14 men
570 652 36 26 jag
620 651 64 27 vägar
700 651 53 20 dock
773 651 64 28 draga
857 651 8 20 i
883 651 94 22 tvifvels-

160 680 42 21 mäl
217 679 105 22 huruvida
336 686 27 14 en
377 680 94 27 petition,
486 679 64 21 sädan
566 686 44 15 som
626 679 75 27 denna,
715 679 80 28 lämpar
816 679 32 28 sig
868 679 33 21 för
922 681 55 20 stän-

160 709 66 20 derna
240 710 30 19 att
284 715 30 13 nu
328 708 110 21 frambära.
467 707 41 29 Jag
522 709 43 20 tror
586 707 46 22 icke
653 709 30 20 att
702 707 74 28 frägan
797 715 34 14 om
852 708 126 21 sanatoriers

161 737 118 21 inrättande
294 737 8 19 i
316 736 46 22 värt
376 737 49 20 land
441 737 38 20 har
493 737 75 20 hunnit
581 736 32 21 till
628 737 35 20 det
677 736 64 21 skede
760 738 30 19 att
811 736 35 21 det
868 737 33 20 för
922 738 55 19 stän-

163 765 65 21 derna
244 771 48 14 vore
307 765 45 21 skäl
367 767 30 19 att
411 765 84 21 anhälla
509 772 34 14 om
558 765 73 27 anslag
646 765 31 20 till
692 765 24 20 sä
727 765 50 28 högt
787 765 81 28 belopp,
879 772 46 14 som
937 765 40 21 den

163 794 62 21 ärade
240 794 138 27 petitionären
393 793 92 22 föreslär.
515 793 72 22 Säsom
602 793 52 22 hvar
668 793 39 21 och
723 799 27 15 en
765 795 40 26 vet,
820 793 38 21 har
872 794 66 21 redan
951 793 28 28 pä

163 823 70 20 försök
249 822 21 21 af
284 822 96 21 enskilda
395 829 98 20 personer
507 823 94 20 inrättats
616 824 76 19 tvänne
708 822 116 21 sanatorier
837 822 8 21 i
860 823 46 20 värt
922 823 57 26 land,

163 852 40 21 och
216 851 82 21 landets
312 851 110 21 läkarekär
436 851 43 28 har,
494 851 68 21 säsom
576 851 138 27 petitionären
737 851 48 27 själf
805 851 118 28 framhällit,
953 851 26 28 pä

163 880 195 27 läkaresällskapets
372 881 57 19 möte
444 880 75 21 uttalat
533 880 31 26 sig
578 886 34 14 om
628 879 168 21 önskvärdheten
811 879 21 21 af
847 881 29 19 ett
897 881 82 19 sanato-

162 909 67 20 riums
243 908 124 21 inrättande.
397 908 49 21 Men
461 910 30 19 att
505 908 112 21 ständerna
632 907 68 21 skulle
714 908 27 28 gå
755 908 82 20 landets
851 908 110 21 läkarekär
973 908 7 20 i

162 937 74 27 förväg
250 937 8 19 i
273 937 57 21 detta
344 936 99 22 afseende
459 944 61 14 anser
533 937 35 27 jag
582 936 114 28 ingalunda
711 936 100 28 lämpligt.
841 936 35 21 Mä
897 936 82 22 landets

162 965 110 21 läkarekär
296 967 48 26 taga
369 965 111 21 initiativet
506 965 32 21 till
559 967 29 19 ett
607 965 74 21 sädant
696 965 73 27 anslag
783 964 47 21 frän
845 965 134 22 statsvärkets

163 994 51 26 sida,
230 994 38 20 och
282 994 36 27 jag
330 996 23 18 är
368 994 123 27 öfvertygad
505 1000 34 14 om
554 996 35 25 att,
605 994 26 20 dä
645 993 73 27 frägan
734 994 38 20 har
793 994 76 20 hunnit
891 994 32 20 till
945 994 34 22 det

163 1022 70 27 skede,
248 1024 30 18 att
292 1023 42 20 den
348 1022 43 21 kan
404 1022 116 27 realiseras,
539 1022 112 22 ständerna
668 1022 47 21 icke
737 1022 60 21 skola
819 1022 111 21 underläta
950 1024 30 20 att

163 1051 81 21 skänka
257 1050 42 22 den
314 1051 35 21 sitt
363 1050 120 22 understöd.
512 1051 41 27 Jag
566 1051 34 21 för
613 1051 45 20 min
673 1050 34 22 del
722 1050 87 22 föreslår
823 1052 30 20 att
865 1051 115 27 potitionen

163 1080 64 20 mätte
242 1079 71 28 läggas
328 1079 32 21 till
375 1080 156 27 handlingarna.

232 1148 32 21 Hr
284 1149 218 27 Neppenström:
532 1149 41 21 Det
594 1150 38 20 har
653 1149 46 21 icke
721 1149 53 20 varit
793 1151 51 19 utan
864 1148 115 28 betänklig-

163 1177 65 27 heter,
249 1183 45 15 som
314 1178 36 27 jag
371 1178 74 20 skridit
459 1178 32 21 till
510 1178 35 21 det
559 1178 21 20 af
594 1178 44 26 mig
652 1178 8 19 i
674 1178 41 27 dag
729 1177 97 27 upplästa
839 1177 140 28 petitionsför-

164 1205 71 28 slaget,
258 1206 35 21 det
314 1206 67 21 mäste
403 1207 35 27 jag
460 1208 62 26 öppet
543 1207 97 21 erkänna.
669 1206 50 21 Men
739 1206 60 21 dessa
815 1205 165 28 betänkligheter

163 1234 63 21 hafva
240 1235 116 27 ingalunda
373 1235 90 27 grundat
477 1236 32 26 sig
524 1235 68 27 därpå,
615 1236 29 20 att
658 1235 116 27 petitionen
786 1235 46 21 icke
847 1234 69 21 skulle
931 1241 50 15 vara

163 1262 21 21 af
199 1262 112 28 tillräcklig
325 1263 45 21 vikt
385 1264 51 20 eller
456 1270 49 14 vara
519 1264 33 20 för
565 1263 61 28 tidigt
641 1263 66 21 väckt.
729 1263 42 26 Jag
785 1264 38 20 har
837 1262 74 22 endast
925 1263 54 21 hesi-

163 1293 54 19 terat
237 1292 27 26 pä
279 1292 41 20 den
335 1292 75 26 grund,
432 1294 30 18 att
475 1293 36 25 jag
525 1292 34 20 väl
573 1294 36 18 vet
623 1293 30 19 att
668 1292 40 20 den
723 1291 107 21 allmänna
844 1292 114 26 opinionen
972 1292 8 19 i

163 1318 73 22 landet
249 1319 49 27 föga
312 1320 58 20 ännu
385 1321 22 18 är
422 1319 128 27 upparbetad
565 1319 33 20 för
613 1318 126 21 densamma.
767 1318 50 21 Men
831 1318 32 21 för
878 1318 42 21 den
935 1325 45 14 som

163 1348 44 18 rört
221 1347 32 27 sig
267 1347 65 27 något
347 1347 63 21 bland
425 1347 70 26 folket,
511 1348 38 20 och
564 1348 38 19 har
616 1348 40 20 sett
671 1348 54 19 huru
747 1346 70 22 denna
831 1347 99 26 sjukdom
944 1347 36 21 be-

163 1374 85 28 traktas,
262 1375 76 21 värdas
353 1375 40 21 och
406 1375 116 21 behandlas
536 1375 21 21 af
572 1374 40 22 den
628 1377 56 19 stora
698 1374 147 28 allmänheten,
860 1377 24 19 är
899 1375 35 21 det
947 1375 34 21 väl

162 1403 47 22 icke
230 1405 30 20 att
280 1404 68 21 undra
370 1404 32 28 pä,
425 1410 34 14 om
474 1404 115 28 petitionen
603 1403 113 22 framstälts
731 1404 7 20 i
753 1404 42 21 den
809 1404 60 26 form,
889 1410 47 15 som
949 1411 31 13 nu

164 1432 59 22 skett.
252 1432 33 28 Ja,
300 1433 35 27 jag
350 1433 37 27 går
401 1432 23 21 sä
438 1432 64 29 långt,
518 1434 29 20 att
561 1433 35 27 jag
611 1432 74 28 påstår,
703 1434 30 20 att
748 1433 69 21 denna
831 1433 99 27 sjukdom
944 1433 36 21 be-

164 1461 88 22 handlas
267 1462 21 20 af
302 1461 42 21 den
359 1463 56 20 stora
430 1461 141 22 allmänheten
592 1462 48 21 med
656 1461 89 28 ungefär
760 1468 80 14 samma
855 1459 126 30 likgiltighet

164 1496 46 15 som
231 1490 111 28 förnuftigt
361 1490 45 21 folk
427 1490 114 21 behandlar
561 1490 81 21 snufva.
671 1490 90 27 Följden
783 1492 23 19 är
828 1491 29 20 att
874 1497 105 21 personer,

164 1525 45 14 som
232 1519 64 21 blifva
314 1519 111 21 behäftade
439 1519 49 22 med
503 1519 127 27 densamma,
652 1519 73 21 kunna
739 1519 27 28 gä
779 1519 49 21 med
843 1519 42 22 den
899 1520 8 20 i
922 1519 59 22 bästa
