<?xml version="1.0" encoding="UTF-8"?>
<alto xmlns="http://www.loc.gov/standards/alto/ns-v3#" xmlns:xlink="http://www.w3.org/1999/xlink" xmlns:xsi="http://www.w3.org/2001/XMLSchema-instance" xsi:schemaLocation="http://www.loc.gov/standards/alto/ns-v3# http://www.loc.gov/alto/v3/alto-3-0.xsd">
	<Description>
		<MeasurementUnit>pixel</MeasurementUnit>
		<sourceImageInformation>
			<fileName>/tmp/tess_no2zy8jy_input.PNG</fileName>
		</sourceImageInformation>
		<OCRProcessing ID="OCR_0">
			<ocrProcessingStep>
				<processingSoftware>
					<softwareName>tesseract 5.3.4</softwareName>
				</processingSoftware>
			</ocrProcessingStep>
		</OCRProcessing>
	</Description>
	<Layout>
		<Page WIDTH="1075" HEIGHT="1761" PHYSICAL_IMG_NR="0" ID="page_0">
			<PrintSpace HPOS="0" VPOS="0" WIDTH="1075" HEIGHT="1761">
				<ComposedBlock ID="cblock_0" HPOS="174" VPOS="118" WIDTH="562" HEIGHT="25">
					<TextBlock ID="block_0" HPOS="174" VPOS="118" WIDTH="562" HEIGHT="25">
						<TextLine ID="line_0" HPOS="174" VPOS="118" WIDTH="562" HEIGHT="25">
							<String ID="string_0" HPOS="174" VPOS="118" WIDTH="41" HEIGHT="20" WC="0.95" CONTENT="202"/><SP WIDTH="165" VPOS="118" HPOS="215"/>
							<String ID="string_1" HPOS="380" VPOS="121" WIDTH="175" HEIGHT="22" WC="0.91" CONTENT="Borgareståndet"/><SP WIDTH="13" VPOS="121" HPOS="555"/>
							<String ID="string_2" HPOS="568" VPOS="121" WIDTH="53" HEIGHT="17" WC="0.96" CONTENT="1891."/><SP WIDTH="26" VPOS="121" HPOS="621"/>
							<String ID="string_3" HPOS="647" VPOS="121" WIDTH="23" HEIGHT="16" WC="0.96" CONTENT="14"/><SP WIDTH="12" VPOS="121" HPOS="670"/>
							<String ID="string_4" HPOS="682" VPOS="120" WIDTH="54" HEIGHT="22" WC="0.93" CONTENT="febr."/>
						</TextLine>
					</TextBlock>
				</ComposedBlock>
				<GraphicalElement ID="cblock_1" HPOS="149" VPOS="153" WIDTH="815" HEIGHT="7"></GraphicalElement >
				<ComposedBlock ID="cblock_2" HPOS="148" VPOS="199" WIDTH="821" HEIGHT="1305">
					<TextBlock ID="block_1" HPOS="148" VPOS="199" WIDTH="819" HEIGHT="141">
						<TextLine ID="line_1" HPOS="148" VPOS="199" WIDTH="818" HEIGHT="30">
							<String ID="string_5" HPOS="148" VPOS="203" WIDTH="38" HEIGHT="20" WC="0.96" CONTENT="har"/><SP WIDTH="15" VPOS="203" HPOS="186"/>
							<String ID="string_6" HPOS="201" VPOS="204" WIDTH="29" HEIGHT="18" WC="0.93" CONTENT="att"/><SP WIDTH="16" VPOS="204" HPOS="230"/>
							<String ID="string_7" HPOS="246" VPOS="202" WIDTH="83" HEIGHT="27" WC="0.91" CONTENT="utlägga"/><SP WIDTH="16" VPOS="202" HPOS="329"/>
							<String ID="string_8" HPOS="345" VPOS="201" WIDTH="69" HEIGHT="27" WC="0.96" CONTENT="spåret"/><SP WIDTH="15" VPOS="201" HPOS="414"/>
							<String ID="string_9" HPOS="429" VPOS="201" WIDTH="67" HEIGHT="20" WC="0.96" CONTENT="direkt"/><SP WIDTH="14" VPOS="201" HPOS="496"/>
							<String ID="string_10" HPOS="510" VPOS="200" WIDTH="27" HEIGHT="27" WC="0.96" CONTENT="på"/><SP WIDTH="14" VPOS="200" HPOS="537"/>
							<String ID="string_11" HPOS="551" VPOS="200" WIDTH="80" HEIGHT="27" WC="0.93" CONTENT="färdiga"/><SP WIDTH="15" VPOS="200" HPOS="631"/>
							<String ID="string_12" HPOS="646" VPOS="200" WIDTH="117" HEIGHT="21" WC="0.92" CONTENT="chausséer."/><SP WIDTH="29" VPOS="200" HPOS="763"/>
							<String ID="string_13" HPOS="792" VPOS="199" WIDTH="45" HEIGHT="21" WC="0.88" CONTENT="MHär"/><SP WIDTH="15" VPOS="199" HPOS="837"/>
							<String ID="string_14" HPOS="852" VPOS="199" WIDTH="64" HEIGHT="28" WC="0.96" CONTENT="gäller"/><SP WIDTH="15" VPOS="199" HPOS="916"/>
							<String ID="string_15" HPOS="931" VPOS="199" WIDTH="35" HEIGHT="21" WC="0.96" CONTENT="det"/>
						</TextLine>
						<TextLine ID="line_2" HPOS="149" VPOS="227" WIDTH="817" HEIGHT="28">
							<String ID="string_16" HPOS="149" VPOS="230" WIDTH="27" HEIGHT="20" WC="0.96" CONTENT="då"/><SP WIDTH="13" VPOS="230" HPOS="176"/>
							<String ID="string_17" HPOS="189" VPOS="230" WIDTH="47" HEIGHT="20" WC="0.93" CONTENT="icke"/><SP WIDTH="16" VPOS="230" HPOS="236"/>
							<String ID="string_18" HPOS="252" VPOS="229" WIDTH="88" HEIGHT="21" WC="0.92" CONTENT="allenast"/><SP WIDTH="15" VPOS="229" HPOS="340"/>
							<String ID="string_19" HPOS="355" VPOS="231" WIDTH="29" HEIGHT="18" WC="0.96" CONTENT="att"/><SP WIDTH="15" VPOS="231" HPOS="384"/>
							<String ID="string_20" HPOS="399" VPOS="229" WIDTH="72" HEIGHT="20" WC="0.96" CONTENT="kunna"/><SP WIDTH="15" VPOS="229" HPOS="471"/>
							<String ID="string_21" HPOS="486" VPOS="230" WIDTH="103" HEIGHT="25" WC="0.96" CONTENT="noggrant"/><SP WIDTH="15" VPOS="230" HPOS="589"/>
							<String ID="string_22" HPOS="604" VPOS="228" WIDTH="51" HEIGHT="27" WC="0.96" CONTENT="följa"/><SP WIDTH="14" VPOS="228" HPOS="655"/>
							<String ID="string_23" HPOS="669" VPOS="227" WIDTH="41" HEIGHT="21" WC="0.93" CONTENT="alla"/><SP WIDTH="22" VPOS="227" HPOS="710"/>
							<String ID="string_24" HPOS="732" VPOS="228" WIDTH="114" HEIGHT="20" WC="0.91" CONTENT="chausséns"/><SP WIDTH="20" VPOS="228" HPOS="846"/>
							<String ID="string_25" HPOS="866" VPOS="227" WIDTH="100" HEIGHT="21" WC="0.91" CONTENT="kröknin-"/>
						</TextLine>
						<TextLine ID="line_3" HPOS="148" VPOS="255" WIDTH="818" HEIGHT="30">
							<String ID="string_26" HPOS="148" VPOS="265" WIDTH="43" HEIGHT="20" WC="0.96" CONTENT="gar,"/><SP WIDTH="22" VPOS="265" HPOS="191"/>
							<String ID="string_27" HPOS="213" VPOS="258" WIDTH="32" HEIGHT="20" WC="0.96" CONTENT="för"/><SP WIDTH="21" VPOS="258" HPOS="245"/>
							<String ID="string_28" HPOS="266" VPOS="259" WIDTH="29" HEIGHT="19" WC="0.96" CONTENT="att"/><SP WIDTH="20" VPOS="259" HPOS="295"/>
							<String ID="string_29" HPOS="315" VPOS="257" WIDTH="47" HEIGHT="21" WC="0.96" CONTENT="icke"/><SP WIDTH="15" VPOS="257" HPOS="362"/>
							<String ID="string_30" HPOS="377" VPOS="257" WIDTH="85" HEIGHT="20" WC="0.96" CONTENT="komma"/><SP WIDTH="14" VPOS="257" HPOS="462"/>
							<String ID="string_31" HPOS="476" VPOS="256" WIDTH="83" HEIGHT="21" WC="0.96" CONTENT="utanför"/><SP WIDTH="16" VPOS="256" HPOS="559"/>
							<String ID="string_32" HPOS="575" VPOS="256" WIDTH="122" HEIGHT="21" WC="0.96" CONTENT="densamma"/><SP WIDTH="15" VPOS="256" HPOS="697"/>
							<String ID="string_33" HPOS="712" VPOS="255" WIDTH="21" HEIGHT="21" WC="0.96" CONTENT="åt"/><SP WIDTH="15" VPOS="255" HPOS="733"/>
							<String ID="string_34" HPOS="748" VPOS="256" WIDTH="41" HEIGHT="21" WC="0.96" CONTENT="den"/><SP WIDTH="16" VPOS="256" HPOS="789"/>
							<String ID="string_35" HPOS="805" VPOS="262" WIDTH="39" HEIGHT="14" WC="0.96" CONTENT="ena"/><SP WIDTH="16" VPOS="262" HPOS="844"/>
							<String ID="string_36" HPOS="860" VPOS="255" WIDTH="50" HEIGHT="21" WC="0.96" CONTENT="eller"/><SP WIDTH="15" VPOS="255" HPOS="910"/>
							<String ID="string_37" HPOS="925" VPOS="255" WIDTH="41" HEIGHT="22" WC="0.96" CONTENT="den"/>
						</TextLine>
						<TextLine ID="line_4" HPOS="149" VPOS="284" WIDTH="818" HEIGHT="28">
							<String ID="string_38" HPOS="149" VPOS="286" WIDTH="66" HEIGHT="20" WC="0.96" CONTENT="andra"/><SP WIDTH="20" VPOS="286" HPOS="215"/>
							<String ID="string_39" HPOS="235" VPOS="286" WIDTH="66" HEIGHT="26" WC="0.95" CONTENT="sidan,"/><SP WIDTH="22" VPOS="286" HPOS="301"/>
							<String ID="string_40" HPOS="323" VPOS="285" WIDTH="40" HEIGHT="21" WC="0.96" CONTENT="och"/><SP WIDTH="21" VPOS="285" HPOS="363"/>
							<String ID="string_41" HPOS="384" VPOS="287" WIDTH="30" HEIGHT="18" WC="0.96" CONTENT="att"/><SP WIDTH="22" VPOS="287" HPOS="414"/>
							<String ID="string_42" HPOS="436" VPOS="285" WIDTH="100" HEIGHT="26" WC="0.96" CONTENT="därjämte"/><SP WIDTH="15" VPOS="285" HPOS="536"/>
							<String ID="string_43" HPOS="551" VPOS="285" WIDTH="21" HEIGHT="20" WC="0.93" CONTENT="af"/><SP WIDTH="14" VPOS="285" HPOS="572"/>
							<String ID="string_44" HPOS="586" VPOS="285" WIDTH="103" HEIGHT="20" WC="0.91" CONTENT="chaussén"/><SP WIDTH="20" VPOS="285" HPOS="689"/>
							<String ID="string_45" HPOS="709" VPOS="284" WIDTH="97" HEIGHT="20" WC="0.91" CONTENT="inkräkta"/><SP WIDTH="15" VPOS="284" HPOS="806"/>
							<String ID="string_46" HPOS="821" VPOS="284" WIDTH="23" HEIGHT="20" WC="0.96" CONTENT="så"/><SP WIDTH="14" VPOS="284" HPOS="844"/>
							<String ID="string_47" HPOS="858" VPOS="284" WIDTH="60" HEIGHT="27" WC="0.96" CONTENT="ringa"/><SP WIDTH="15" VPOS="284" HPOS="918"/>
							<String ID="string_48" HPOS="933" VPOS="284" WIDTH="34" HEIGHT="20" WC="0.96" CONTENT="del"/>
						</TextLine>
						<TextLine ID="line_5" HPOS="149" VPOS="314" WIDTH="147" HEIGHT="26">
							<String ID="string_49" HPOS="149" VPOS="320" WIDTH="45" HEIGHT="14" WC="0.95" CONTENT="som"/><SP WIDTH="15" VPOS="320" HPOS="194"/>
							<String ID="string_50" HPOS="209" VPOS="314" WIDTH="87" HEIGHT="26" WC="0.96" CONTENT="möjligt."/>
						</TextLine>
					</TextBlock>
					<TextBlock ID="block_2" HPOS="148" VPOS="340" WIDTH="821" HEIGHT="1164">
						<TextLine ID="line_6" HPOS="217" VPOS="340" WIDTH="751" HEIGHT="28">
							<String ID="string_51" HPOS="217" VPOS="342" WIDTH="41" HEIGHT="26" WC="0.96" CONTENT="Jag"/><SP WIDTH="22" VPOS="342" HPOS="258"/>
							<String ID="string_52" HPOS="280" VPOS="342" WIDTH="37" HEIGHT="20" WC="0.96" CONTENT="har"/><SP WIDTH="20" VPOS="342" HPOS="317"/>
							<String ID="string_53" HPOS="337" VPOS="342" WIDTH="53" HEIGHT="20" WC="0.96" CONTENT="intet"/><SP WIDTH="14" VPOS="342" HPOS="390"/>
							<String ID="string_54" HPOS="404" VPOS="343" WIDTH="30" HEIGHT="19" WC="0.96" CONTENT="att"/><SP WIDTH="15" VPOS="343" HPOS="434"/>
							<String ID="string_55" HPOS="449" VPOS="341" WIDTH="85" HEIGHT="27" WC="0.96" CONTENT="tillägga"/><SP WIDTH="14" VPOS="341" HPOS="534"/>
							<String ID="string_56" HPOS="548" VPOS="341" WIDTH="32" HEIGHT="21" WC="0.96" CONTENT="till"/><SP WIDTH="15" VPOS="341" HPOS="580"/>
							<String ID="string_57" HPOS="595" VPOS="341" WIDTH="54" HEIGHT="20" WC="0.96" CONTENT="hvad"/><SP WIDTH="16" VPOS="341" HPOS="649"/>
							<String ID="string_58" HPOS="665" VPOS="341" WIDTH="26" HEIGHT="20" WC="0.93" CONTENT="hr"/><SP WIDTH="12" VPOS="341" HPOS="691"/>
							<String ID="string_59" HPOS="703" VPOS="340" WIDTH="102" HEIGHT="27" WC="0.91" CONTENT="Tallqvist"/><SP WIDTH="14" VPOS="340" HPOS="805"/>
							<String ID="string_60" HPOS="819" VPOS="340" WIDTH="65" HEIGHT="21" WC="0.96" CONTENT="redan"/><SP WIDTH="14" VPOS="340" HPOS="884"/>
							<String ID="string_61" HPOS="898" VPOS="340" WIDTH="70" HEIGHT="21" WC="0.95" CONTENT="anfört"/>
						</TextLine>
						<TextLine ID="line_7" HPOS="150" VPOS="368" WIDTH="817" HEIGHT="29">
							<String ID="string_62" HPOS="150" VPOS="372" WIDTH="56" HEIGHT="19" WC="0.93" CONTENT="emot"/><SP WIDTH="21" VPOS="372" HPOS="206"/>
							<String ID="string_63" HPOS="227" VPOS="370" WIDTH="114" HEIGHT="27" WC="0.91" CONTENT="öfvergång"/><SP WIDTH="22" VPOS="370" HPOS="341"/>
							<String ID="string_64" HPOS="363" VPOS="370" WIDTH="38" HEIGHT="20" WC="0.95" CONTENT="hos"/><SP WIDTH="16" VPOS="370" HPOS="401"/>
							<String ID="string_65" HPOS="417" VPOS="376" WIDTH="34" HEIGHT="14" WC="0.96" CONTENT="oss"/><SP WIDTH="16" VPOS="376" HPOS="451"/>
							<String ID="string_66" HPOS="467" VPOS="369" WIDTH="30" HEIGHT="21" WC="0.96" CONTENT="till"/><SP WIDTH="16" VPOS="369" HPOS="497"/>
							<String ID="string_67" HPOS="513" VPOS="371" WIDTH="29" HEIGHT="19" WC="0.96" CONTENT="ett"/><SP WIDTH="14" VPOS="371" HPOS="542"/>
							<String ID="string_68" HPOS="556" VPOS="369" WIDTH="95" HEIGHT="26" WC="0.96" CONTENT="smalare,"/><SP WIDTH="15" VPOS="369" HPOS="651"/>
							<String ID="string_69" HPOS="666" VPOS="369" WIDTH="21" HEIGHT="20" WC="0.96" CONTENT="af"/><SP WIDTH="13" VPOS="369" HPOS="687"/>
							<String ID="string_70" HPOS="700" VPOS="369" WIDTH="54" HEIGHT="21" WC="0.92" CONTENT="intet"/><SP WIDTH="14" VPOS="369" HPOS="754"/>
							<String ID="string_71" HPOS="768" VPOS="369" WIDTH="131" HEIGHT="26" WC="0.91" CONTENT="motiveradt,"/><SP WIDTH="15" VPOS="369" HPOS="899"/>
							<String ID="string_72" HPOS="914" VPOS="368" WIDTH="53" HEIGHT="28" WC="0.96" CONTENT="spår,"/>
						</TextLine>
						<TextLine ID="line_8" HPOS="150" VPOS="397" WIDTH="817" HEIGHT="29">
							<String ID="string_73" HPOS="150" VPOS="399" WIDTH="39" HEIGHT="21" WC="0.96" CONTENT="och"/><SP WIDTH="14" VPOS="399" HPOS="189"/>
							<String ID="string_74" HPOS="203" VPOS="399" WIDTH="35" HEIGHT="27" WC="0.96" CONTENT="jag"/><SP WIDTH="12" VPOS="399" HPOS="238"/>
							<String ID="string_75" HPOS="250" VPOS="398" WIDTH="37" HEIGHT="21" WC="0.96" CONTENT="har"/><SP WIDTH="15" VPOS="398" HPOS="287"/>
							<String ID="string_76" HPOS="302" VPOS="398" WIDTH="63" HEIGHT="21" WC="0.96" CONTENT="äfven"/><SP WIDTH="15" VPOS="398" HPOS="365"/>
							<String ID="string_77" HPOS="380" VPOS="398" WIDTH="56" HEIGHT="20" WC="0.96" CONTENT="svårt"/><SP WIDTH="15" VPOS="398" HPOS="436"/>
							<String ID="string_78" HPOS="451" VPOS="400" WIDTH="29" HEIGHT="18" WC="0.96" CONTENT="att"/><SP WIDTH="14" VPOS="400" HPOS="480"/>
							<String ID="string_79" HPOS="494" VPOS="398" WIDTH="106" HEIGHT="21" WC="0.96" CONTENT="föreställa"/><SP WIDTH="14" VPOS="398" HPOS="600"/>
							<String ID="string_80" HPOS="614" VPOS="398" WIDTH="49" HEIGHT="26" WC="0.96" CONTENT="mig,"/><SP WIDTH="16" VPOS="398" HPOS="663"/>
							<String ID="string_81" HPOS="679" VPOS="399" WIDTH="29" HEIGHT="19" WC="0.96" CONTENT="att"/><SP WIDTH="15" VPOS="399" HPOS="708"/>
							<String ID="string_82" HPOS="723" VPOS="397" WIDTH="64" HEIGHT="28" WC="0.96" CONTENT="något"/><SP WIDTH="21" VPOS="397" HPOS="787"/>
							<String ID="string_83" HPOS="808" VPOS="397" WIDTH="68" HEIGHT="27" WC="0.96" CONTENT="dylikt"/><SP WIDTH="13" VPOS="397" HPOS="876"/>
							<String ID="string_84" HPOS="889" VPOS="397" WIDTH="78" HEIGHT="28" WC="0.95" CONTENT="förslag"/>
						</TextLine>
						<TextLine ID="line_9" HPOS="148" VPOS="426" WIDTH="819" HEIGHT="28">
							<String ID="string_85" HPOS="148" VPOS="427" WIDTH="43" HEIGHT="21" WC="0.96" CONTENT="kan"/><SP WIDTH="14" VPOS="427" HPOS="191"/>
							<String ID="string_86" HPOS="205" VPOS="427" WIDTH="28" HEIGHT="27" WC="0.96" CONTENT="på"/><SP WIDTH="14" VPOS="427" HPOS="233"/>
							<String ID="string_87" HPOS="247" VPOS="427" WIDTH="66" HEIGHT="21" WC="0.96" CONTENT="allvar"/><SP WIDTH="15" VPOS="427" HPOS="313"/>
							<String ID="string_88" HPOS="328" VPOS="426" WIDTH="81" HEIGHT="22" WC="0.96" CONTENT="väckas."/><SP WIDTH="30" VPOS="426" HPOS="409"/>
							<String ID="string_89" HPOS="439" VPOS="426" WIDTH="41" HEIGHT="27" WC="0.96" CONTENT="Jag"/><SP WIDTH="16" VPOS="426" HPOS="480"/>
							<String ID="string_90" HPOS="496" VPOS="426" WIDTH="35" HEIGHT="21" WC="0.96" CONTENT="vill"/><SP WIDTH="16" VPOS="426" HPOS="531"/>
							<String ID="string_91" HPOS="547" VPOS="426" WIDTH="26" HEIGHT="21" WC="0.96" CONTENT="då"/><SP WIDTH="15" VPOS="426" HPOS="573"/>
							<String ID="string_92" HPOS="588" VPOS="426" WIDTH="50" HEIGHT="21" WC="0.96" CONTENT="söka"/><SP WIDTH="15" VPOS="426" HPOS="638"/>
							<String ID="string_93" HPOS="653" VPOS="426" WIDTH="50" HEIGHT="27" WC="0.96" CONTENT="visa,"/><SP WIDTH="16" VPOS="426" HPOS="703"/>
							<String ID="string_94" HPOS="719" VPOS="428" WIDTH="30" HEIGHT="19" WC="0.97" CONTENT="att"/><SP WIDTH="15" VPOS="428" HPOS="749"/>
							<String ID="string_95" HPOS="764" VPOS="426" WIDTH="35" HEIGHT="21" WC="0.96" CONTENT="det"/><SP WIDTH="14" VPOS="426" HPOS="799"/>
							<String ID="string_96" HPOS="813" VPOS="426" WIDTH="43" HEIGHT="21" WC="0.96" CONTENT="lika"/><SP WIDTH="14" VPOS="426" HPOS="856"/>
							<String ID="string_97" HPOS="870" VPOS="426" WIDTH="46" HEIGHT="21" WC="0.96" CONTENT="litet"/><SP WIDTH="10" VPOS="426" HPOS="916"/>
							<String ID="string_98" HPOS="926" VPOS="426" WIDTH="41" HEIGHT="20" WC="0.96" CONTENT="kan"/>
						</TextLine>
						<TextLine ID="line_10" HPOS="149" VPOS="454" WIDTH="818" HEIGHT="28">
							<String ID="string_99" HPOS="149" VPOS="455" WIDTH="69" HEIGHT="21" WC="0.95" CONTENT="finnas"/><SP WIDTH="22" VPOS="455" HPOS="218"/>
							<String ID="string_100" HPOS="240" VPOS="456" WIDTH="64" HEIGHT="26" WC="0.96" CONTENT="något"/><SP WIDTH="15" VPOS="456" HPOS="304"/>
							<String ID="string_101" HPOS="319" VPOS="455" WIDTH="46" HEIGHT="21" WC="0.96" CONTENT="skäl"/><SP WIDTH="15" VPOS="455" HPOS="365"/>
							<String ID="string_102" HPOS="380" VPOS="457" WIDTH="34" HEIGHT="25" WC="0.96" CONTENT="att,"/><SP WIDTH="15" VPOS="457" HPOS="414"/>
							<String ID="string_103" HPOS="429" VPOS="455" WIDTH="49" HEIGHT="21" WC="0.96" CONTENT="med"/><SP WIDTH="15" VPOS="455" HPOS="478"/>
							<String ID="string_104" HPOS="493" VPOS="455" WIDTH="146" HEIGHT="21" WC="0.96" CONTENT="bibehållande"/><SP WIDTH="16" VPOS="455" HPOS="639"/>
							<String ID="string_105" HPOS="655" VPOS="455" WIDTH="21" HEIGHT="20" WC="0.96" CONTENT="af"/><SP WIDTH="14" VPOS="455" HPOS="676"/>
							<String ID="string_106" HPOS="690" VPOS="454" WIDTH="38" HEIGHT="22" WC="0.96" CONTENT="vår"/><SP WIDTH="14" VPOS="454" HPOS="728"/>
							<String ID="string_107" HPOS="742" VPOS="454" WIDTH="104" HEIGHT="28" WC="0.96" CONTENT="spårvidd,"/><SP WIDTH="15" VPOS="454" HPOS="846"/>
							<String ID="string_108" HPOS="861" VPOS="454" WIDTH="27" HEIGHT="28" WC="0.92" CONTENT="gå"/><SP WIDTH="14" VPOS="454" HPOS="888"/>
							<String ID="string_109" HPOS="902" VPOS="456" WIDTH="65" HEIGHT="26" WC="0.92" CONTENT="ytter-"/>
						</TextLine>
						<TextLine ID="line_11" HPOS="149" VPOS="483" WIDTH="818" HEIGHT="28">
							<String ID="string_110" HPOS="149" VPOS="484" WIDTH="65" HEIGHT="27" WC="0.96" CONTENT="ligare"/><SP WIDTH="21" VPOS="484" HPOS="214"/>
							<String ID="string_111" HPOS="235" VPOS="484" WIDTH="41" HEIGHT="20" WC="0.96" CONTENT="ned"/><SP WIDTH="22" VPOS="484" HPOS="276"/>
							<String ID="string_112" HPOS="298" VPOS="484" WIDTH="48" HEIGHT="20" WC="0.92" CONTENT="med"/><SP WIDTH="22" VPOS="484" HPOS="346"/>
							<String ID="string_113" HPOS="368" VPOS="484" WIDTH="118" HEIGHT="20" WC="0.89" CONTENT="rälsvikten."/><SP WIDTH="30" VPOS="484" HPOS="486"/>
							<String ID="string_114" HPOS="516" VPOS="483" WIDTH="41" HEIGHT="22" WC="0.96" CONTENT="Det"/><SP WIDTH="18" VPOS="483" HPOS="557"/>
							<String ID="string_115" HPOS="575" VPOS="484" WIDTH="47" HEIGHT="20" WC="0.96" CONTENT="fans"/><SP WIDTH="23" VPOS="484" HPOS="622"/>
							<String ID="string_116" HPOS="645" VPOS="490" WIDTH="27" HEIGHT="14" WC="0.96" CONTENT="en"/><SP WIDTH="21" VPOS="490" HPOS="672"/>
							<String ID="string_117" HPOS="693" VPOS="484" WIDTH="36" HEIGHT="27" WC="0.95" CONTENT="tid,"/><SP WIDTH="16" VPOS="484" HPOS="729"/>
							<String ID="string_118" HPOS="745" VPOS="483" WIDTH="27" HEIGHT="21" WC="0.93" CONTENT="dä"/><SP WIDTH="20" VPOS="483" HPOS="772"/>
							<String ID="string_119" HPOS="792" VPOS="484" WIDTH="110" HEIGHT="27" WC="0.91" CONTENT="stälprisen"/><SP WIDTH="15" VPOS="484" HPOS="902"/>
							<String ID="string_120" HPOS="917" VPOS="490" WIDTH="50" HEIGHT="14" WC="0.96" CONTENT="voro"/>
						</TextLine>
						<TextLine ID="line_12" HPOS="149" VPOS="512" WIDTH="819" HEIGHT="28">
							<String ID="string_121" HPOS="149" VPOS="513" WIDTH="85" HEIGHT="26" WC="0.95" CONTENT="mycket"/><SP WIDTH="14" VPOS="513" HPOS="234"/>
							<String ID="string_122" HPOS="248" VPOS="513" WIDTH="54" HEIGHT="26" WC="0.96" CONTENT="höga"/><SP WIDTH="15" VPOS="513" HPOS="302"/>
							<String ID="string_123" HPOS="317" VPOS="512" WIDTH="38" HEIGHT="21" WC="0.96" CONTENT="och"/><SP WIDTH="17" VPOS="512" HPOS="355"/>
							<String ID="string_124" HPOS="372" VPOS="512" WIDTH="26" HEIGHT="21" WC="0.96" CONTENT="dä"/><SP WIDTH="14" VPOS="512" HPOS="398"/>
							<String ID="string_125" HPOS="412" VPOS="519" WIDTH="49" HEIGHT="14" WC="0.93" CONTENT="man"/><SP WIDTH="15" VPOS="519" HPOS="461"/>
							<String ID="string_126" HPOS="476" VPOS="512" WIDTH="73" HEIGHT="21" WC="0.91" CONTENT="trodde"/><SP WIDTH="16" VPOS="512" HPOS="549"/>
							<String ID="string_127" HPOS="565" VPOS="514" WIDTH="30" HEIGHT="19" WC="0.96" CONTENT="att"/><SP WIDTH="21" VPOS="514" HPOS="595"/>
							<String ID="string_128" HPOS="616" VPOS="519" WIDTH="49" HEIGHT="13" WC="0.96" CONTENT="man"/><SP WIDTH="16" VPOS="519" HPOS="665"/>
							<String ID="string_129" HPOS="681" VPOS="512" WIDTH="34" HEIGHT="20" WC="0.93" CONTENT="vid"/><SP WIDTH="17" VPOS="512" HPOS="715"/>
							<String ID="string_130" HPOS="732" VPOS="512" WIDTH="114" HEIGHT="28" WC="0.91" CONTENT="öfvergäng"/><SP WIDTH="14" VPOS="512" HPOS="846"/>
							<String ID="string_131" HPOS="860" VPOS="512" WIDTH="47" HEIGHT="20" WC="0.92" CONTENT="frän"/><SP WIDTH="14" VPOS="512" HPOS="907"/>
							<String ID="string_132" HPOS="921" VPOS="513" WIDTH="47" HEIGHT="26" WC="0.92" CONTENT="järn"/>
						</TextLine>
						<TextLine ID="line_13" HPOS="149" VPOS="540" WIDTH="820" HEIGHT="28">
							<String ID="string_133" HPOS="149" VPOS="541" WIDTH="32" HEIGHT="21" WC="0.95" CONTENT="till"/><SP WIDTH="15" VPOS="541" HPOS="181"/>
							<String ID="string_134" HPOS="196" VPOS="541" WIDTH="39" HEIGHT="20" WC="0.96" CONTENT="stål"/><SP WIDTH="12" VPOS="541" HPOS="235"/>
							<String ID="string_135" HPOS="247" VPOS="541" WIDTH="71" HEIGHT="21" WC="0.96" CONTENT="kunde"/><SP WIDTH="11" VPOS="541" HPOS="318"/>
							<String ID="string_136" HPOS="329" VPOS="541" WIDTH="83" HEIGHT="20" WC="0.93" CONTENT="minska"/><SP WIDTH="9" VPOS="541" HPOS="412"/>
							<String ID="string_137" HPOS="421" VPOS="541" WIDTH="114" HEIGHT="20" WC="0.93" CONTENT="rälsvikten"/><SP WIDTH="10" VPOS="541" HPOS="535"/>
							<String ID="string_138" HPOS="545" VPOS="541" WIDTH="48" HEIGHT="21" WC="0.96" CONTENT="med"/><SP WIDTH="12" VPOS="541" HPOS="593"/>
							<String ID="string_139" HPOS="605" VPOS="541" WIDTH="96" HEIGHT="27" WC="0.96" CONTENT="omkring"/><SP WIDTH="10" VPOS="541" HPOS="701"/>
							<String ID="string_140" HPOS="711" VPOS="541" WIDTH="27" HEIGHT="21" WC="0.93" CONTENT="20"/><SP WIDTH="9" VPOS="541" HPOS="738"/>
							<String ID="string_141" HPOS="747" VPOS="541" WIDTH="33" HEIGHT="26" WC="0.48" CONTENT="&#39;/,,"/><SP WIDTH="10" VPOS="541" HPOS="780"/>
							<String ID="string_142" HPOS="790" VPOS="541" WIDTH="32" HEIGHT="21" WC="0.96" CONTENT="till"/><SP WIDTH="11" VPOS="541" HPOS="822"/>
							<String ID="string_143" HPOS="833" VPOS="541" WIDTH="52" HEIGHT="27" WC="0.93" CONTENT="följd"/><SP WIDTH="10" VPOS="541" HPOS="885"/>
							<String ID="string_144" HPOS="895" VPOS="540" WIDTH="74" HEIGHT="22" WC="0.95" CONTENT="hvaraf"/>
						</TextLine>
						<TextLine ID="line_14" HPOS="149" VPOS="569" WIDTH="820" HEIGHT="28">
							<String ID="string_145" HPOS="149" VPOS="570" WIDTH="27" HEIGHT="27" WC="0.92" CONTENT="pä"/><SP WIDTH="21" VPOS="570" HPOS="176"/>
							<String ID="string_146" HPOS="197" VPOS="570" WIDTH="77" HEIGHT="26" WC="0.90" CONTENT="mänga"/><SP WIDTH="21" VPOS="570" HPOS="274"/>
							<String ID="string_147" HPOS="295" VPOS="569" WIDTH="43" HEIGHT="20" WC="0.91" CONTENT="häll"/><SP WIDTH="22" VPOS="569" HPOS="338"/>
							<String ID="string_148" HPOS="360" VPOS="569" WIDTH="114" HEIGHT="20" WC="0.91" CONTENT="rälsvikten"/><SP WIDTH="15" VPOS="569" HPOS="474"/>
							<String ID="string_149" HPOS="489" VPOS="569" WIDTH="125" HEIGHT="27" WC="0.92" CONTENT="nedbragtes"/><SP WIDTH="15" VPOS="569" HPOS="614"/>
							<String ID="string_150" HPOS="629" VPOS="569" WIDTH="32" HEIGHT="20" WC="0.96" CONTENT="till"/><SP WIDTH="15" VPOS="569" HPOS="661"/>
							<String ID="string_151" HPOS="676" VPOS="572" WIDTH="29" HEIGHT="17" WC="0.96" CONTENT="ett"/><SP WIDTH="15" VPOS="572" HPOS="705"/>
							<String ID="string_152" HPOS="720" VPOS="569" WIDTH="120" HEIGHT="26" WC="0.96" CONTENT="minimum;"/><SP WIDTH="20" VPOS="569" HPOS="840"/>
							<String ID="string_153" HPOS="860" VPOS="569" WIDTH="57" HEIGHT="20" WC="0.96" CONTENT="detta"/><SP WIDTH="13" VPOS="569" HPOS="917"/>
							<String ID="string_154" HPOS="930" VPOS="570" WIDTH="39" HEIGHT="19" WC="0.96" CONTENT="har"/>
						</TextLine>
						<TextLine ID="line_15" HPOS="149" VPOS="597" WIDTH="820" HEIGHT="27">
							<String ID="string_155" HPOS="149" VPOS="604" WIDTH="50" HEIGHT="14" WC="0.93" CONTENT="man"/><SP WIDTH="22" VPOS="604" HPOS="199"/>
							<String ID="string_156" HPOS="221" VPOS="597" WIDTH="47" HEIGHT="27" WC="0.92" CONTENT="dyrt"/><SP WIDTH="22" VPOS="597" HPOS="268"/>
							<String ID="string_157" HPOS="290" VPOS="597" WIDTH="39" HEIGHT="21" WC="0.92" CONTENT="fätt"/><SP WIDTH="20" VPOS="597" HPOS="329"/>
							<String ID="string_158" HPOS="349" VPOS="597" WIDTH="70" HEIGHT="27" WC="0.88" CONTENT="ängra."/><SP WIDTH="30" VPOS="597" HPOS="419"/>
							<String ID="string_159" HPOS="449" VPOS="597" WIDTH="49" HEIGHT="21" WC="0.96" CONTENT="Med"/><SP WIDTH="21" VPOS="597" HPOS="498"/>
							<String ID="string_160" HPOS="519" VPOS="604" WIDTH="30" HEIGHT="14" WC="0.93" CONTENT="nu"/><SP WIDTH="19" VPOS="604" HPOS="549"/>
							<String ID="string_161" HPOS="568" VPOS="597" WIDTH="93" HEIGHT="21" WC="0.92" CONTENT="rädande"/><SP WIDTH="23" VPOS="597" HPOS="661"/>
							<String ID="string_162" HPOS="684" VPOS="599" WIDTH="74" HEIGHT="25" WC="0.92" CONTENT="ytterst"/><SP WIDTH="17" VPOS="599" HPOS="758"/>
							<String ID="string_163" HPOS="775" VPOS="597" WIDTH="73" HEIGHT="27" WC="0.92" CONTENT="billiga"/><SP WIDTH="14" VPOS="597" HPOS="848"/>
							<String ID="string_164" HPOS="862" VPOS="597" WIDTH="107" HEIGHT="27" WC="0.92" CONTENT="stälpriser"/>
						</TextLine>
						<TextLine ID="line_16" HPOS="149" VPOS="625" WIDTH="819" HEIGHT="27">
							<String ID="string_165" HPOS="149" VPOS="626" WIDTH="63" HEIGHT="20" WC="0.91" CONTENT="hafva"/><SP WIDTH="11" VPOS="626" HPOS="212"/>
							<String ID="string_166" HPOS="223" VPOS="626" WIDTH="60" HEIGHT="20" WC="0.96" CONTENT="dessa"/><SP WIDTH="10" VPOS="626" HPOS="283"/>
							<String ID="string_167" HPOS="293" VPOS="625" WIDTH="45" HEIGHT="21" WC="0.96" CONTENT="skäl"/><SP WIDTH="11" VPOS="625" HPOS="338"/>
							<String ID="string_168" HPOS="349" VPOS="625" WIDTH="44" HEIGHT="22" WC="0.96" CONTENT="helt"/><SP WIDTH="9" VPOS="625" HPOS="393"/>
							<String ID="string_169" HPOS="402" VPOS="626" WIDTH="39" HEIGHT="20" WC="0.93" CONTENT="och"/><SP WIDTH="12" VPOS="626" HPOS="441"/>
							<String ID="string_170" HPOS="453" VPOS="625" WIDTH="63" HEIGHT="21" WC="0.92" CONTENT="hället"/><SP WIDTH="10" VPOS="625" HPOS="516"/>
							<String ID="string_171" HPOS="526" VPOS="625" WIDTH="105" HEIGHT="27" WC="0.90" CONTENT="bortfallit,"/><SP WIDTH="10" VPOS="625" HPOS="631"/>
							<String ID="string_172" HPOS="641" VPOS="632" WIDTH="49" HEIGHT="14" WC="0.93" CONTENT="men"/><SP WIDTH="11" VPOS="632" HPOS="690"/>
							<String ID="string_173" HPOS="701" VPOS="625" WIDTH="70" HEIGHT="22" WC="0.93" CONTENT="härtill"/><SP WIDTH="10" VPOS="625" HPOS="771"/>
							<String ID="string_174" HPOS="781" VPOS="625" WIDTH="95" HEIGHT="22" WC="0.96" CONTENT="kommer"/><SP WIDTH="11" VPOS="625" HPOS="876"/>
							<String ID="string_175" HPOS="887" VPOS="632" WIDTH="26" HEIGHT="14" WC="0.93" CONTENT="en"/><SP WIDTH="11" VPOS="632" HPOS="913"/>
							<String ID="string_176" HPOS="924" VPOS="632" WIDTH="44" HEIGHT="14" WC="0.93" CONTENT="om-"/>
						</TextLine>
						<TextLine ID="line_17" HPOS="150" VPOS="654" WIDTH="818" HEIGHT="27">
							<String ID="string_177" HPOS="150" VPOS="654" WIDTH="125" HEIGHT="27" WC="0.91" CONTENT="ständighet,"/><SP WIDTH="23" VPOS="654" HPOS="275"/>
							<String ID="string_178" HPOS="298" VPOS="661" WIDTH="45" HEIGHT="14" WC="0.96" CONTENT="som"/><SP WIDTH="17" VPOS="661" HPOS="343"/>
							<String ID="string_179" HPOS="360" VPOS="654" WIDTH="58" HEIGHT="21" WC="0.93" CONTENT="torde"/><SP WIDTH="16" VPOS="654" HPOS="418"/>
							<String ID="string_180" HPOS="434" VPOS="654" WIDTH="98" HEIGHT="21" WC="0.92" CONTENT="undfallit"/><SP WIDTH="15" VPOS="654" HPOS="532"/>
							<String ID="string_181" HPOS="547" VPOS="661" WIDTH="27" HEIGHT="14" WC="0.96" CONTENT="en"/><SP WIDTH="15" VPOS="661" HPOS="574"/>
							<String ID="string_182" HPOS="589" VPOS="655" WIDTH="39" HEIGHT="20" WC="0.96" CONTENT="och"/><SP WIDTH="15" VPOS="655" HPOS="628"/>
							<String ID="string_183" HPOS="643" VPOS="661" WIDTH="70" HEIGHT="14" WC="0.93" CONTENT="annan"/><SP WIDTH="15" VPOS="661" HPOS="713"/>
							<String ID="string_184" HPOS="728" VPOS="654" WIDTH="64" HEIGHT="21" WC="0.92" CONTENT="ifrare"/><SP WIDTH="15" VPOS="654" HPOS="792"/>
							<String ID="string_185" HPOS="807" VPOS="655" WIDTH="32" HEIGHT="20" WC="0.93" CONTENT="för"/><SP WIDTH="14" VPOS="655" HPOS="839"/>
							<String ID="string_186" HPOS="853" VPOS="654" WIDTH="115" HEIGHT="27" WC="0.83" CONTENT="billighets-"/>
						</TextLine>
						<TextLine ID="line_18" HPOS="150" VPOS="682" WIDTH="818" HEIGHT="28">
							<String ID="string_187" HPOS="150" VPOS="684" WIDTH="105" HEIGHT="25" WC="0.93" CONTENT="systemet,"/><SP WIDTH="23" VPOS="684" HPOS="255"/>
							<String ID="string_188" HPOS="278" VPOS="683" WIDTH="55" HEIGHT="20" WC="0.93" CONTENT="hvad"/><SP WIDTH="22" VPOS="683" HPOS="333"/>
							<String ID="string_189" HPOS="355" VPOS="682" WIDTH="184" HEIGHT="27" WC="0.92" CONTENT="öfverbyggnaden"/><SP WIDTH="21" VPOS="682" HPOS="539"/>
							<String ID="string_190" HPOS="560" VPOS="682" WIDTH="102" HEIGHT="21" WC="0.95" CONTENT="beträffar."/><SP WIDTH="30" VPOS="682" HPOS="662"/>
							<String ID="string_191" HPOS="692" VPOS="682" WIDTH="32" HEIGHT="21" WC="0.92" CONTENT="De"/><SP WIDTH="24" VPOS="682" HPOS="724"/>
							<String ID="string_192" HPOS="748" VPOS="689" WIDTH="220" HEIGHT="21" WC="0.91" CONTENT="passagerarevagnar,"/>
						</TextLine>
						<TextLine ID="line_19" HPOS="150" VPOS="711" WIDTH="818" HEIGHT="27">
							<String ID="string_193" HPOS="150" VPOS="717" WIDTH="45" HEIGHT="15" WC="0.93" CONTENT="som"/><SP WIDTH="15" VPOS="717" HPOS="195"/>
							<String ID="string_194" HPOS="210" VPOS="711" WIDTH="62" HEIGHT="27" WC="0.82" CONTENT="bygts"/><SP WIDTH="16" VPOS="711" HPOS="272"/>
							<String ID="string_195" HPOS="288" VPOS="711" WIDTH="39" HEIGHT="21" WC="0.93" CONTENT="och"/><SP WIDTH="15" VPOS="711" HPOS="327"/>
							<String ID="string_196" HPOS="342" VPOS="711" WIDTH="80" HEIGHT="27" WC="0.96" CONTENT="byggas"/><SP WIDTH="15" VPOS="711" HPOS="422"/>
							<String ID="string_197" HPOS="437" VPOS="711" WIDTH="33" HEIGHT="20" WC="0.93" CONTENT="för"/><SP WIDTH="14" VPOS="711" HPOS="470"/>
							<String ID="string_198" HPOS="484" VPOS="711" WIDTH="50" HEIGHT="21" WC="0.96" CONTENT="våra"/><SP WIDTH="14" VPOS="711" HPOS="534"/>
							<String ID="string_199" HPOS="548" VPOS="711" WIDTH="50" HEIGHT="20" WC="0.96" CONTENT="lätta"/><SP WIDTH="16" VPOS="711" HPOS="598"/>
							<String ID="string_200" HPOS="614" VPOS="711" WIDTH="71" HEIGHT="26" WC="0.95" CONTENT="banor,"/><SP WIDTH="14" VPOS="711" HPOS="685"/>
							<String ID="string_201" HPOS="699" VPOS="711" WIDTH="71" HEIGHT="27" WC="0.93" CONTENT="Wasa,"/><SP WIDTH="12" VPOS="711" HPOS="770"/>
							<String ID="string_202" HPOS="782" VPOS="711" WIDTH="112" HEIGHT="27" WC="0.93" CONTENT="Uleåborg,"/><SP WIDTH="10" VPOS="711" HPOS="894"/>
							<String ID="string_203" HPOS="904" VPOS="711" WIDTH="64" HEIGHT="21" WC="0.91" CONTENT="Savo-"/>
						</TextLine>
						<TextLine ID="line_20" HPOS="149" VPOS="739" WIDTH="820" HEIGHT="28">
							<String ID="string_204" HPOS="149" VPOS="739" WIDTH="46" HEIGHT="21" WC="0.92" CONTENT="laks"/><SP WIDTH="15" VPOS="739" HPOS="195"/>
							<String ID="string_205" HPOS="210" VPOS="740" WIDTH="38" HEIGHT="20" WC="0.93" CONTENT="och"/><SP WIDTH="16" VPOS="740" HPOS="248"/>
							<String ID="string_206" HPOS="264" VPOS="739" WIDTH="103" HEIGHT="22" WC="0.96" CONTENT="Karelska"/><SP WIDTH="16" VPOS="739" HPOS="367"/>
							<String ID="string_207" HPOS="383" VPOS="739" WIDTH="93" HEIGHT="21" WC="0.93" CONTENT="banorna"/><SP WIDTH="14" VPOS="739" HPOS="476"/>
							<String ID="string_208" HPOS="490" VPOS="746" WIDTH="27" HEIGHT="14" WC="0.93" CONTENT="m."/><SP WIDTH="16" VPOS="746" HPOS="517"/>
							<String ID="string_209" HPOS="533" VPOS="739" WIDTH="26" HEIGHT="28" WC="0.86" CONTENT="fl.,"/><SP WIDTH="15" VPOS="739" HPOS="559"/>
							<String ID="string_210" HPOS="574" VPOS="741" WIDTH="35" HEIGHT="19" WC="0.96" CONTENT="äro"/><SP WIDTH="16" VPOS="741" HPOS="609"/>
							<String ID="string_211" HPOS="625" VPOS="739" WIDTH="23" HEIGHT="21" WC="0.93" CONTENT="sä"/><SP WIDTH="14" VPOS="739" HPOS="648"/>
							<String ID="string_212" HPOS="662" VPOS="741" WIDTH="72" HEIGHT="26" WC="0.96" CONTENT="tunga,"/><SP WIDTH="15" VPOS="741" HPOS="734"/>
							<String ID="string_213" HPOS="749" VPOS="741" WIDTH="30" HEIGHT="20" WC="0.97" CONTENT="att"/><SP WIDTH="15" VPOS="741" HPOS="779"/>
							<String ID="string_214" HPOS="794" VPOS="739" WIDTH="26" HEIGHT="22" WC="0.93" CONTENT="de"/><SP WIDTH="14" VPOS="739" HPOS="820"/>
							<String ID="string_215" HPOS="834" VPOS="740" WIDTH="47" HEIGHT="21" WC="0.95" CONTENT="icke"/><SP WIDTH="14" VPOS="740" HPOS="881"/>
							<String ID="string_216" HPOS="895" VPOS="740" WIDTH="74" HEIGHT="21" WC="0.96" CONTENT="kunna"/>
						</TextLine>
						<TextLine ID="line_21" HPOS="149" VPOS="768" WIDTH="820" HEIGHT="27">
							<String ID="string_217" HPOS="149" VPOS="768" WIDTH="77" HEIGHT="21" WC="0.91" CONTENT="tillätas"/><SP WIDTH="15" VPOS="768" HPOS="226"/>
							<String ID="string_218" HPOS="241" VPOS="768" WIDTH="71" HEIGHT="27" WC="0.92" CONTENT="inlöpa"/><SP WIDTH="13" VPOS="768" HPOS="312"/>
							<String ID="string_219" HPOS="325" VPOS="768" WIDTH="27" HEIGHT="27" WC="0.96" CONTENT="pä"/><SP WIDTH="15" VPOS="768" HPOS="352"/>
							<String ID="string_220" HPOS="367" VPOS="775" WIDTH="26" HEIGHT="14" WC="0.93" CONTENT="en"/><SP WIDTH="15" VPOS="775" HPOS="393"/>
							<String ID="string_221" HPOS="408" VPOS="768" WIDTH="55" HEIGHT="21" WC="0.91" CONTENT="bana"/><SP WIDTH="15" VPOS="768" HPOS="463"/>
							<String ID="string_222" HPOS="478" VPOS="768" WIDTH="48" HEIGHT="21" WC="0.96" CONTENT="med"/><SP WIDTH="14" VPOS="768" HPOS="526"/>
							<String ID="string_223" HPOS="540" VPOS="768" WIDTH="75" HEIGHT="21" WC="0.93" CONTENT="lättare"/><SP WIDTH="15" VPOS="768" HPOS="615"/>
							<String ID="string_224" HPOS="630" VPOS="768" WIDTH="55" HEIGHT="21" WC="0.92" CONTENT="räler"/><SP WIDTH="14" VPOS="768" HPOS="685"/>
							<String ID="string_225" HPOS="699" VPOS="770" WIDTH="27" HEIGHT="19" WC="0.93" CONTENT="än"/><SP WIDTH="10" VPOS="770" HPOS="726"/>
							<String ID="string_226" HPOS="736" VPOS="768" WIDTH="12" HEIGHT="21" WC="0.93" CONTENT="ä"/><SP WIDTH="11" VPOS="768" HPOS="748"/>
							<String ID="string_227" HPOS="759" VPOS="768" WIDTH="60" HEIGHT="21" WC="0.93" CONTENT="dessa"/><SP WIDTH="15" VPOS="768" HPOS="819"/>
							<String ID="string_228" HPOS="834" VPOS="769" WIDTH="67" HEIGHT="20" WC="0.92" CONTENT="banor"/><SP WIDTH="13" VPOS="769" HPOS="901"/>
							<String ID="string_229" HPOS="914" VPOS="769" WIDTH="55" HEIGHT="20" WC="0.92" CONTENT="före-"/>
						</TextLine>
						<TextLine ID="line_22" HPOS="149" VPOS="797" WIDTH="820" HEIGHT="27">
							<String ID="string_230" HPOS="149" VPOS="797" WIDTH="90" HEIGHT="20" WC="0.92" CONTENT="komma."/><SP WIDTH="29" VPOS="797" HPOS="239"/>
							<String ID="string_231" HPOS="268" VPOS="797" WIDTH="79" HEIGHT="20" WC="0.96" CONTENT="Vidare"/><SP WIDTH="15" VPOS="797" HPOS="347"/>
							<String ID="string_232" HPOS="362" VPOS="797" WIDTH="63" HEIGHT="20" WC="0.95" CONTENT="hafva"/><SP WIDTH="16" VPOS="797" HPOS="425"/>
							<String ID="string_233" HPOS="441" VPOS="797" WIDTH="20" HEIGHT="20" WC="0.93" CONTENT="vi"/><SP WIDTH="15" VPOS="797" HPOS="461"/>
							<String ID="string_234" HPOS="476" VPOS="797" WIDTH="49" HEIGHT="20" WC="0.96" CONTENT="våra"/><SP WIDTH="15" VPOS="797" HPOS="525"/>
							<String ID="string_235" HPOS="540" VPOS="803" WIDTH="65" HEIGHT="20" WC="0.96" CONTENT="nyare"/><SP WIDTH="16" VPOS="803" HPOS="605"/>
							<String ID="string_236" HPOS="621" VPOS="797" WIDTH="68" HEIGHT="20" WC="0.96" CONTENT="täckta"/><SP WIDTH="15" VPOS="797" HPOS="689"/>
							<String ID="string_237" HPOS="704" VPOS="797" WIDTH="138" HEIGHT="27" WC="0.95" CONTENT="godsvagnar,"/><SP WIDTH="15" VPOS="797" HPOS="842"/>
							<String ID="string_238" HPOS="857" VPOS="797" WIDTH="64" HEIGHT="20" WC="0.93" CONTENT="bland"/><SP WIDTH="11" VPOS="797" HPOS="921"/>
							<String ID="string_239" HPOS="932" VPOS="803" WIDTH="37" HEIGHT="15" WC="0.92" CONTENT="an-"/>
						</TextLine>
						<TextLine ID="line_23" HPOS="150" VPOS="825" WIDTH="819" HEIGHT="27">
							<String ID="string_240" HPOS="150" VPOS="825" WIDTH="37" HEIGHT="20" WC="0.93" CONTENT="dra"/><SP WIDTH="19" VPOS="825" HPOS="187"/>
							<String ID="string_241" HPOS="206" VPOS="825" WIDTH="47" HEIGHT="26" WC="0.92" CONTENT="kyl-"/><SP WIDTH="22" VPOS="825" HPOS="253"/>
							<String ID="string_242" HPOS="275" VPOS="825" WIDTH="39" HEIGHT="21" WC="0.91" CONTENT="och"/><SP WIDTH="23" VPOS="825" HPOS="314"/>
							<String ID="string_243" HPOS="337" VPOS="832" WIDTH="144" HEIGHT="20" WC="0.91" CONTENT="varmvagnar,"/><SP WIDTH="22" VPOS="832" HPOS="481"/>
							<String ID="string_244" HPOS="503" VPOS="825" WIDTH="71" HEIGHT="21" WC="0.96" CONTENT="hvilka"/><SP WIDTH="20" VPOS="825" HPOS="574"/>
							<String ID="string_245" HPOS="594" VPOS="832" WIDTH="30" HEIGHT="13" WC="0.96" CONTENT="nu"/><SP WIDTH="15" VPOS="832" HPOS="624"/>
							<String ID="string_246" HPOS="639" VPOS="825" WIDTH="64" HEIGHT="21" WC="0.97" CONTENT="redan"/><SP WIDTH="16" VPOS="825" HPOS="703"/>
							<String ID="string_247" HPOS="719" VPOS="825" WIDTH="66" HEIGHT="21" WC="0.95" CONTENT="måste"/><SP WIDTH="15" VPOS="825" HPOS="785"/>
							<String ID="string_248" HPOS="800" VPOS="825" WIDTH="32" HEIGHT="21" WC="0.96" CONTENT="till"/><SP WIDTH="15" VPOS="825" HPOS="832"/>
							<String ID="string_249" HPOS="847" VPOS="832" WIDTH="27" HEIGHT="14" WC="0.96" CONTENT="en"/><SP WIDTH="16" VPOS="832" HPOS="874"/>
							<String ID="string_250" HPOS="890" VPOS="825" WIDTH="34" HEIGHT="21" WC="0.93" CONTENT="del"/><SP WIDTH="15" VPOS="825" HPOS="924"/>
							<String ID="string_251" HPOS="939" VPOS="825" WIDTH="30" HEIGHT="21" WC="0.93" CONTENT="af-"/>
						</TextLine>
						<TextLine ID="line_24" HPOS="149" VPOS="853" WIDTH="818" HEIGHT="28">
							<String ID="string_252" HPOS="149" VPOS="853" WIDTH="69" HEIGHT="27" WC="0.94" CONTENT="lastas,"/><SP WIDTH="23" VPOS="853" HPOS="218"/>
							<String ID="string_253" HPOS="241" VPOS="854" WIDTH="32" HEIGHT="20" WC="0.96" CONTENT="för"/><SP WIDTH="23" VPOS="854" HPOS="273"/>
							<String ID="string_254" HPOS="296" VPOS="856" WIDTH="29" HEIGHT="25" WC="0.96" CONTENT="att"/><SP WIDTH="22" VPOS="856" HPOS="325"/>
							<String ID="string_255" HPOS="347" VPOS="853" WIDTH="46" HEIGHT="21" WC="0.96" CONTENT="från"/><SP WIDTH="15" VPOS="853" HPOS="393"/>
							<String ID="string_256" HPOS="408" VPOS="854" WIDTH="145" HEIGHT="27" WC="0.96" CONTENT="Tammerfors,"/><SP WIDTH="15" VPOS="854" HPOS="553"/>
							<String ID="string_257" HPOS="568" VPOS="853" WIDTH="97" HEIGHT="24" WC="0.96" CONTENT="Kouvola"/><SP WIDTH="16" VPOS="853" HPOS="665"/>
							<String ID="string_258" HPOS="681" VPOS="854" WIDTH="51" HEIGHT="20" WC="0.93" CONTENT="eller"/><SP WIDTH="15" VPOS="854" HPOS="732"/>
							<String ID="string_259" HPOS="747" VPOS="854" WIDTH="87" HEIGHT="26" WC="0.91" CONTENT="Wiborg"/><SP WIDTH="15" VPOS="854" HPOS="834"/>
							<String ID="string_260" HPOS="849" VPOS="854" WIDTH="27" HEIGHT="27" WC="0.96" CONTENT="gå"/><SP WIDTH="15" VPOS="854" HPOS="876"/>
							<String ID="string_261" HPOS="891" VPOS="854" WIDTH="76" HEIGHT="27" WC="0.96" CONTENT="vidare,"/>
						</TextLine>
						<TextLine ID="line_25" HPOS="149" VPOS="881" WIDTH="820" HEIGHT="28">
							<String ID="string_262" HPOS="149" VPOS="888" WIDTH="49" HEIGHT="14" WC="0.94" CONTENT="vare"/><SP WIDTH="15" VPOS="888" HPOS="198"/>
							<String ID="string_263" HPOS="213" VPOS="882" WIDTH="32" HEIGHT="26" WC="0.87" CONTENT="sig"/><SP WIDTH="15" VPOS="882" HPOS="245"/>
							<String ID="string_264" HPOS="260" VPOS="882" WIDTH="31" HEIGHT="20" WC="0.96" CONTENT="till"/><SP WIDTH="16" VPOS="882" HPOS="291"/>
							<String ID="string_265" HPOS="307" VPOS="882" WIDTH="138" HEIGHT="26" WC="0.96" CONTENT="Österbotten,"/><SP WIDTH="22" VPOS="882" HPOS="445"/>
							<String ID="string_266" HPOS="467" VPOS="881" WIDTH="105" HEIGHT="28" WC="0.96" CONTENT="Savolaks,"/><SP WIDTH="22" VPOS="881" HPOS="572"/>
							<String ID="string_267" HPOS="594" VPOS="882" WIDTH="92" HEIGHT="20" WC="0.96" CONTENT="Karelen"/><SP WIDTH="22" VPOS="882" HPOS="686"/>
							<String ID="string_268" HPOS="708" VPOS="882" WIDTH="52" HEIGHT="20" WC="0.96" CONTENT="eller"/><SP WIDTH="19" VPOS="882" HPOS="760"/>
							<String ID="string_269" HPOS="779" VPOS="882" WIDTH="41" HEIGHT="20" WC="0.96" CONTENT="ned"/><SP WIDTH="14" VPOS="882" HPOS="820"/>
							<String ID="string_270" HPOS="834" VPOS="882" WIDTH="32" HEIGHT="20" WC="0.91" CONTENT="till"/><SP WIDTH="14" VPOS="882" HPOS="866"/>
							<String ID="string_271" HPOS="880" VPOS="882" WIDTH="89" HEIGHT="26" WC="0.91" CONTENT="Björne-"/>
						</TextLine>
						<TextLine ID="line_26" HPOS="150" VPOS="910" WIDTH="819" HEIGHT="27">
							<String ID="string_272" HPOS="150" VPOS="910" WIDTH="53" HEIGHT="27" WC="0.96" CONTENT="borg"/><SP WIDTH="15" VPOS="910" HPOS="203"/>
							<String ID="string_273" HPOS="218" VPOS="910" WIDTH="39" HEIGHT="20" WC="0.96" CONTENT="och"/><SP WIDTH="14" VPOS="910" HPOS="257"/>
							<String ID="string_274" HPOS="271" VPOS="910" WIDTH="75" HEIGHT="21" WC="0.95" CONTENT="Kotka."/><SP WIDTH="30" VPOS="910" HPOS="346"/>
							<String ID="string_275" HPOS="376" VPOS="910" WIDTH="63" HEIGHT="20" WC="0.93" CONTENT="Huru"/><SP WIDTH="15" VPOS="910" HPOS="439"/>
							<String ID="string_276" HPOS="454" VPOS="912" WIDTH="111" HEIGHT="25" WC="0.92" CONTENT="ogynsamt"/><SP WIDTH="14" VPOS="912" HPOS="565"/>
							<String ID="string_277" HPOS="579" VPOS="910" WIDTH="140" HEIGHT="21" WC="0.95" CONTENT="förhållandet"/><SP WIDTH="10" VPOS="910" HPOS="719"/>
							<String ID="string_278" HPOS="729" VPOS="910" WIDTH="79" HEIGHT="21" WC="0.95" CONTENT="mellan"/><SP WIDTH="12" VPOS="910" HPOS="808"/>
							<String ID="string_279" HPOS="820" VPOS="910" WIDTH="40" HEIGHT="21" WC="0.96" CONTENT="död"/><SP WIDTH="12" VPOS="910" HPOS="860"/>
							<String ID="string_280" HPOS="872" VPOS="910" WIDTH="39" HEIGHT="21" WC="0.92" CONTENT="och"/><SP WIDTH="10" VPOS="910" HPOS="911"/>
							<String ID="string_281" HPOS="921" VPOS="912" WIDTH="48" HEIGHT="25" WC="0.91" CONTENT="nyt-"/>
						</TextLine>
						<TextLine ID="line_27" HPOS="150" VPOS="938" WIDTH="817" HEIGHT="28">
							<String ID="string_282" HPOS="150" VPOS="939" WIDTH="29" HEIGHT="27" WC="0.95" CONTENT="tig"/><SP WIDTH="22" VPOS="939" HPOS="179"/>
							<String ID="string_283" HPOS="201" VPOS="938" WIDTH="40" HEIGHT="21" WC="0.96" CONTENT="last"/><SP WIDTH="22" VPOS="938" HPOS="241"/>
							<String ID="string_284" HPOS="263" VPOS="938" WIDTH="35" HEIGHT="21" WC="0.96" CONTENT="vid"/><SP WIDTH="22" VPOS="938" HPOS="298"/>
							<String ID="string_285" HPOS="320" VPOS="944" WIDTH="26" HEIGHT="15" WC="0.96" CONTENT="en"/><SP WIDTH="18" VPOS="944" HPOS="346"/>
							<String ID="string_286" HPOS="364" VPOS="938" WIDTH="121" HEIGHT="28" WC="0.96" CONTENT="ytterligare"/><SP WIDTH="15" VPOS="938" HPOS="485"/>
							<String ID="string_287" HPOS="500" VPOS="938" WIDTH="112" HEIGHT="22" WC="0.96" CONTENT="reduktion"/><SP WIDTH="16" VPOS="938" HPOS="612"/>
							<String ID="string_288" HPOS="628" VPOS="939" WIDTH="21" HEIGHT="20" WC="0.96" CONTENT="af"/><SP WIDTH="14" VPOS="939" HPOS="649"/>
							<String ID="string_289" HPOS="663" VPOS="938" WIDTH="41" HEIGHT="21" WC="0.96" CONTENT="den"/><SP WIDTH="16" VPOS="938" HPOS="704"/>
							<String ID="string_290" HPOS="720" VPOS="938" WIDTH="114" HEIGHT="21" WC="0.96" CONTENT="sistnämda"/><SP WIDTH="15" VPOS="938" HPOS="834"/>
							<String ID="string_291" HPOS="849" VPOS="939" WIDTH="68" HEIGHT="21" WC="0.92" CONTENT="skulle"/><SP WIDTH="16" VPOS="939" HPOS="917"/>
							<String ID="string_292" HPOS="933" VPOS="945" WIDTH="34" HEIGHT="21" WC="0.91" CONTENT="ge-"/>
						</TextLine>
						<TextLine ID="line_28" HPOS="149" VPOS="967" WIDTH="820" HEIGHT="27">
							<String ID="string_293" HPOS="149" VPOS="967" WIDTH="62" HEIGHT="21" WC="0.92" CONTENT="stalta"/><SP WIDTH="22" VPOS="967" HPOS="211"/>
							<String ID="string_294" HPOS="233" VPOS="967" WIDTH="37" HEIGHT="27" WC="0.96" CONTENT="sig,"/><SP WIDTH="22" VPOS="967" HPOS="270"/>
							<String ID="string_295" HPOS="292" VPOS="967" WIDTH="61" HEIGHT="21" WC="0.96" CONTENT="faller"/><SP WIDTH="15" VPOS="967" HPOS="353"/>
							<String ID="string_296" HPOS="368" VPOS="967" WIDTH="22" HEIGHT="21" WC="0.96" CONTENT="af"/><SP WIDTH="14" VPOS="967" HPOS="390"/>
							<String ID="string_297" HPOS="404" VPOS="967" WIDTH="32" HEIGHT="27" WC="0.95" CONTENT="sig"/><SP WIDTH="22" VPOS="967" HPOS="436"/>
							<String ID="string_298" HPOS="458" VPOS="967" WIDTH="52" HEIGHT="27" WC="0.96" CONTENT="själf,"/><SP WIDTH="23" VPOS="967" HPOS="510"/>
							<String ID="string_299" HPOS="533" VPOS="967" WIDTH="26" HEIGHT="21" WC="0.96" CONTENT="då"/><SP WIDTH="14" VPOS="967" HPOS="559"/>
							<String ID="string_300" HPOS="573" VPOS="968" WIDTH="36" HEIGHT="26" WC="0.96" CONTENT="jag"/><SP WIDTH="13" VPOS="968" HPOS="609"/>
							<String ID="string_301" HPOS="622" VPOS="967" WIDTH="27" HEIGHT="27" WC="0.96" CONTENT="på"/><SP WIDTH="15" VPOS="967" HPOS="649"/>
							<String ID="string_302" HPOS="664" VPOS="973" WIDTH="80" HEIGHT="15" WC="0.96" CONTENT="samma"/><SP WIDTH="15" VPOS="973" HPOS="744"/>
							<String ID="string_303" HPOS="759" VPOS="967" WIDTH="56" HEIGHT="27" WC="0.96" CONTENT="gång"/><SP WIDTH="15" VPOS="967" HPOS="815"/>
							<String ID="string_304" HPOS="830" VPOS="967" WIDTH="95" HEIGHT="27" WC="0.96" CONTENT="tillägger"/><SP WIDTH="14" VPOS="967" HPOS="925"/>
							<String ID="string_305" HPOS="939" VPOS="969" WIDTH="30" HEIGHT="19" WC="0.96" CONTENT="att"/>
						</TextLine>
						<TextLine ID="line_29" HPOS="149" VPOS="995" WIDTH="819" HEIGHT="28">
							<String ID="string_306" HPOS="149" VPOS="996" WIDTH="66" HEIGHT="20" WC="0.96" CONTENT="redan"/><SP WIDTH="21" VPOS="996" HPOS="215"/>
							<String ID="string_307" HPOS="236" VPOS="996" WIDTH="63" HEIGHT="26" WC="0.96" CONTENT="förut,"/><SP WIDTH="22" VPOS="996" HPOS="299"/>
							<String ID="string_308" HPOS="321" VPOS="995" WIDTH="62" HEIGHT="21" WC="0.96" CONTENT="äfven"/><SP WIDTH="22" VPOS="995" HPOS="383"/>
							<String ID="string_309" HPOS="405" VPOS="996" WIDTH="27" HEIGHT="27" WC="0.95" CONTENT="på"/><SP WIDTH="22" VPOS="996" HPOS="432"/>
							<String ID="string_310" HPOS="454" VPOS="996" WIDTH="50" HEIGHT="20" WC="0.95" CONTENT="våra"/><SP WIDTH="16" VPOS="996" HPOS="504"/>
							<String ID="string_311" HPOS="520" VPOS="996" WIDTH="57" HEIGHT="20" WC="0.96" CONTENT="äldre"/><SP WIDTH="15" VPOS="996" HPOS="577"/>
							<String ID="string_312" HPOS="592" VPOS="996" WIDTH="72" HEIGHT="26" WC="0.96" CONTENT="banor,"/><SP WIDTH="15" VPOS="996" HPOS="664"/>
							<String ID="string_313" HPOS="679" VPOS="995" WIDTH="141" HEIGHT="21" WC="0.96" CONTENT="förhållandet"/><SP WIDTH="14" VPOS="995" HPOS="820"/>
							<String ID="string_314" HPOS="834" VPOS="996" WIDTH="78" HEIGHT="20" WC="0.96" CONTENT="mellan"/><SP WIDTH="15" VPOS="996" HPOS="912"/>
							<String ID="string_315" HPOS="927" VPOS="995" WIDTH="41" HEIGHT="21" WC="0.96" CONTENT="död"/>
						</TextLine>
						<TextLine ID="line_30" HPOS="149" VPOS="1024" WIDTH="820" HEIGHT="27">
							<String ID="string_316" HPOS="149" VPOS="1024" WIDTH="39" HEIGHT="20" WC="0.96" CONTENT="och"/><SP WIDTH="21" VPOS="1024" HPOS="188"/>
							<String ID="string_317" HPOS="209" VPOS="1024" WIDTH="69" HEIGHT="27" WC="0.96" CONTENT="nyttig"/><SP WIDTH="19" VPOS="1024" HPOS="278"/>
							<String ID="string_318" HPOS="297" VPOS="1024" WIDTH="41" HEIGHT="20" WC="0.96" CONTENT="last"/><SP WIDTH="22" VPOS="1024" HPOS="338"/>
							<String ID="string_319" HPOS="360" VPOS="1026" WIDTH="23" HEIGHT="18" WC="0.97" CONTENT="är"/><SP WIDTH="16" VPOS="1026" HPOS="383"/>
							<String ID="string_320" HPOS="399" VPOS="1024" WIDTH="136" HEIGHT="27" WC="0.93" CONTENT="synnerligen"/><SP WIDTH="15" VPOS="1024" HPOS="535"/>
							<String ID="string_321" HPOS="550" VPOS="1026" WIDTH="117" HEIGHT="25" WC="0.90" CONTENT="ogynsamt,"/><SP WIDTH="15" VPOS="1026" HPOS="667"/>
							<String ID="string_322" HPOS="682" VPOS="1024" WIDTH="7" HEIGHT="20" WC="0.96" CONTENT="i"/><SP WIDTH="14" VPOS="1024" HPOS="689"/>
							<String ID="string_323" HPOS="703" VPOS="1024" WIDTH="120" HEIGHT="27" WC="0.96" CONTENT="jämförelse"/><SP WIDTH="14" VPOS="1024" HPOS="823"/>
							<String ID="string_324" HPOS="837" VPOS="1024" WIDTH="49" HEIGHT="20" WC="0.96" CONTENT="med"/><SP WIDTH="17" VPOS="1024" HPOS="886"/>
							<String ID="string_325" HPOS="903" VPOS="1024" WIDTH="66" HEIGHT="20" WC="0.96" CONTENT="andra"/>
						</TextLine>
						<TextLine ID="line_31" HPOS="149" VPOS="1052" WIDTH="820" HEIGHT="28">
							<String ID="string_326" HPOS="149" VPOS="1052" WIDTH="79" HEIGHT="27" WC="0.96" CONTENT="länder,"/><SP WIDTH="23" VPOS="1052" HPOS="228"/>
							<String ID="string_327" HPOS="251" VPOS="1052" WIDTH="57" HEIGHT="21" WC="0.95" CONTENT="detta"/><SP WIDTH="20" VPOS="1052" HPOS="308"/>
							<String ID="string_328" HPOS="328" VPOS="1052" WIDTH="178" HEIGHT="28" WC="0.96" CONTENT="hufvudsakligen"/><SP WIDTH="14" VPOS="1052" HPOS="506"/>
							<String ID="string_329" HPOS="520" VPOS="1052" WIDTH="27" HEIGHT="28" WC="0.96" CONTENT="på"/><SP WIDTH="14" VPOS="1052" HPOS="547"/>
							<String ID="string_330" HPOS="561" VPOS="1052" WIDTH="69" HEIGHT="28" WC="0.96" CONTENT="grund"/><SP WIDTH="15" VPOS="1052" HPOS="630"/>
							<String ID="string_331" HPOS="645" VPOS="1052" WIDTH="22" HEIGHT="20" WC="0.96" CONTENT="af"/><SP WIDTH="14" VPOS="1052" HPOS="667"/>
							<String ID="string_332" HPOS="681" VPOS="1052" WIDTH="37" HEIGHT="21" WC="0.93" CONTENT="vår"/><SP WIDTH="15" VPOS="1052" HPOS="718"/>
							<String ID="string_333" HPOS="733" VPOS="1052" WIDTH="61" HEIGHT="21" WC="0.92" CONTENT="altför"/><SP WIDTH="14" VPOS="1052" HPOS="794"/>
							<String ID="string_334" HPOS="808" VPOS="1052" WIDTH="63" HEIGHT="21" WC="0.91" CONTENT="klena"/><SP WIDTH="21" VPOS="1052" HPOS="871"/>
							<String ID="string_335" HPOS="892" VPOS="1052" WIDTH="77" HEIGHT="21" WC="0.91" CONTENT="under-"/>
						</TextLine>
						<TextLine ID="line_32" HPOS="149" VPOS="1080" WIDTH="820" HEIGHT="28">
							<String ID="string_336" HPOS="149" VPOS="1080" WIDTH="104" HEIGHT="28" WC="0.95" CONTENT="byggnad."/><SP WIDTH="30" VPOS="1080" HPOS="253"/>
							<String ID="string_337" HPOS="283" VPOS="1080" WIDTH="50" HEIGHT="22" WC="0.96" CONTENT="Med"/><SP WIDTH="22" VPOS="1080" HPOS="333"/>
							<String ID="string_338" HPOS="355" VPOS="1081" WIDTH="104" HEIGHT="27" WC="0.96" CONTENT="yrkandet"/><SP WIDTH="14" VPOS="1081" HPOS="459"/>
							<String ID="string_339" HPOS="473" VPOS="1080" WIDTH="27" HEIGHT="28" WC="0.96" CONTENT="på"/><SP WIDTH="14" VPOS="1080" HPOS="500"/>
							<String ID="string_340" HPOS="514" VPOS="1087" WIDTH="27" HEIGHT="15" WC="0.96" CONTENT="en"/><SP WIDTH="14" VPOS="1087" HPOS="541"/>
							<String ID="string_341" HPOS="555" VPOS="1081" WIDTH="74" HEIGHT="21" WC="0.93" CONTENT="lättare"/><SP WIDTH="20" VPOS="1081" HPOS="629"/>
							<String ID="string_342" HPOS="649" VPOS="1080" WIDTH="158" HEIGHT="28" WC="0.92" CONTENT="öfverbyggnad"/><SP WIDTH="15" VPOS="1080" HPOS="807"/>
							<String ID="string_343" HPOS="822" VPOS="1081" WIDTH="61" HEIGHT="27" WC="0.92" CONTENT="följer"/><SP WIDTH="13" VPOS="1081" HPOS="883"/>
							<String ID="string_344" HPOS="896" VPOS="1083" WIDTH="73" HEIGHT="19" WC="0.92" CONTENT="natur-"/>
						</TextLine>
						<TextLine ID="line_33" HPOS="149" VPOS="1109" WIDTH="820" HEIGHT="28">
							<String ID="string_345" HPOS="149" VPOS="1109" WIDTH="70" HEIGHT="27" WC="0.89" CONTENT="ligtvis"/><SP WIDTH="16" VPOS="1109" HPOS="219"/>
							<String ID="string_346" HPOS="235" VPOS="1109" WIDTH="62" HEIGHT="21" WC="0.96" CONTENT="äfven"/><SP WIDTH="14" VPOS="1109" HPOS="297"/>
							<String ID="string_347" HPOS="311" VPOS="1109" WIDTH="81" HEIGHT="27" WC="0.96" CONTENT="lättare,"/><SP WIDTH="15" VPOS="1109" HPOS="392"/>
							<String ID="string_348" HPOS="407" VPOS="1116" WIDTH="87" HEIGHT="20" WC="0.96" CONTENT="svagare"/><SP WIDTH="14" VPOS="1116" HPOS="494"/>
							<String ID="string_349" HPOS="508" VPOS="1109" WIDTH="114" HEIGHT="21" WC="0.96" CONTENT="lokomotiv"/><SP WIDTH="16" VPOS="1109" HPOS="622"/>
							<String ID="string_350" HPOS="638" VPOS="1110" WIDTH="38" HEIGHT="20" WC="0.96" CONTENT="och"/><SP WIDTH="15" VPOS="1110" HPOS="676"/>
							<String ID="string_351" HPOS="691" VPOS="1109" WIDTH="73" HEIGHT="21" WC="0.96" CONTENT="lättare"/><SP WIDTH="13" VPOS="1109" HPOS="764"/>
							<String ID="string_352" HPOS="777" VPOS="1116" WIDTH="84" HEIGHT="21" WC="0.96" CONTENT="vagnar,"/><SP WIDTH="13" VPOS="1116" HPOS="861"/>
							<String ID="string_353" HPOS="874" VPOS="1110" WIDTH="39" HEIGHT="20" WC="0.93" CONTENT="och"/><SP WIDTH="10" VPOS="1110" HPOS="913"/>
							<String ID="string_354" HPOS="923" VPOS="1110" WIDTH="46" HEIGHT="20" WC="0.93" CONTENT="här-"/>
						</TextLine>
						<TextLine ID="line_34" HPOS="148" VPOS="1137" WIDTH="821" HEIGHT="28">
							<String ID="string_355" HPOS="148" VPOS="1137" WIDTH="50" HEIGHT="21" WC="0.96" CONTENT="med"/><SP WIDTH="15" VPOS="1137" HPOS="198"/>
							<String ID="string_356" HPOS="213" VPOS="1137" WIDTH="44" HEIGHT="22" WC="0.96" CONTENT="åter"/><SP WIDTH="15" VPOS="1137" HPOS="257"/>
							<String ID="string_357" HPOS="272" VPOS="1144" WIDTH="27" HEIGHT="14" WC="0.96" CONTENT="en"/><SP WIDTH="15" VPOS="1144" HPOS="299"/>
							<String ID="string_358" HPOS="314" VPOS="1137" WIDTH="115" HEIGHT="21" WC="0.93" CONTENT="reducerad"/><SP WIDTH="13" VPOS="1137" HPOS="429"/>
							<String ID="string_359" HPOS="442" VPOS="1137" WIDTH="144" HEIGHT="28" WC="0.92" CONTENT="tåghastighet,"/><SP WIDTH="15" VPOS="1137" HPOS="586"/>
							<String ID="string_360" HPOS="601" VPOS="1137" WIDTH="79" HEIGHT="21" WC="0.93" CONTENT="kanske"/><SP WIDTH="12" VPOS="1137" HPOS="680"/>
							<String ID="string_361" HPOS="692" VPOS="1138" WIDTH="83" HEIGHT="20" WC="0.90" CONTENT="12—18"/><SP WIDTH="11" VPOS="1138" HPOS="775"/>
							<String ID="string_362" HPOS="786" VPOS="1138" WIDTH="109" HEIGHT="20" WC="0.96" CONTENT="kilometer"/><SP WIDTH="10" VPOS="1138" HPOS="895"/>
							<String ID="string_363" HPOS="905" VPOS="1138" WIDTH="7" HEIGHT="19" WC="0.93" CONTENT="i"/><SP WIDTH="9" VPOS="1138" HPOS="912"/>
							<String ID="string_364" HPOS="921" VPOS="1138" WIDTH="48" HEIGHT="20" WC="0.92" CONTENT="tim-"/>
						</TextLine>
						<TextLine ID="line_35" HPOS="148" VPOS="1165" WIDTH="821" HEIGHT="27">
							<String ID="string_365" HPOS="148" VPOS="1172" WIDTH="55" HEIGHT="14" WC="0.94" CONTENT="men."/><SP WIDTH="25" VPOS="1172" HPOS="203"/>
							<String ID="string_366" HPOS="228" VPOS="1166" WIDTH="11" HEIGHT="20" WC="0.96" CONTENT="I"/><SP WIDTH="14" VPOS="1166" HPOS="239"/>
							<String ID="string_367" HPOS="253" VPOS="1165" WIDTH="101" HEIGHT="21" WC="0.96" CONTENT="händelse"/><SP WIDTH="15" VPOS="1165" HPOS="354"/>
							<String ID="string_368" HPOS="369" VPOS="1166" WIDTH="79" HEIGHT="20" WC="0.96" CONTENT="sådana"/><SP WIDTH="14" VPOS="1166" HPOS="448"/>
							<String ID="string_369" HPOS="462" VPOS="1166" WIDTH="110" HEIGHT="26" WC="0.96" CONTENT="yrkanden"/><SP WIDTH="14" VPOS="1166" HPOS="572"/>
							<String ID="string_370" HPOS="586" VPOS="1166" WIDTH="85" HEIGHT="20" WC="0.96" CONTENT="komma"/><SP WIDTH="15" VPOS="1166" HPOS="671"/>
							<String ID="string_371" HPOS="686" VPOS="1167" WIDTH="30" HEIGHT="19" WC="0.96" CONTENT="att"/><SP WIDTH="14" VPOS="1167" HPOS="716"/>
							<String ID="string_372" HPOS="730" VPOS="1168" WIDTH="67" HEIGHT="24" WC="0.96" CONTENT="göras,"/><SP WIDTH="16" VPOS="1168" HPOS="797"/>
							<String ID="string_373" HPOS="813" VPOS="1166" WIDTH="36" HEIGHT="20" WC="0.96" CONTENT="vill"/><SP WIDTH="11" VPOS="1166" HPOS="849"/>
							<String ID="string_374" HPOS="860" VPOS="1167" WIDTH="35" HEIGHT="25" WC="0.93" CONTENT="jag"/><SP WIDTH="10" VPOS="1167" HPOS="895"/>
							<String ID="string_375" HPOS="905" VPOS="1166" WIDTH="64" HEIGHT="20" WC="0.91" CONTENT="emel-"/>
						</TextLine>
						<TextLine ID="line_36" HPOS="149" VPOS="1193" WIDTH="819" HEIGHT="28">
							<String ID="string_376" HPOS="149" VPOS="1194" WIDTH="62" HEIGHT="20" WC="0.91" CONTENT="lertid"/><SP WIDTH="20" VPOS="1194" HPOS="211"/>
							<String ID="string_377" HPOS="231" VPOS="1193" WIDTH="26" HEIGHT="27" WC="0.96" CONTENT="på"/><SP WIDTH="21" VPOS="1193" HPOS="257"/>
							<String ID="string_378" HPOS="278" VPOS="1194" WIDTH="36" HEIGHT="20" WC="0.93" CONTENT="det"/><SP WIDTH="20" VPOS="1194" HPOS="314"/>
							<String ID="string_379" HPOS="334" VPOS="1195" WIDTH="133" HEIGHT="25" WC="0.90" CONTENT="enträgnaste"/><SP WIDTH="18" VPOS="1195" HPOS="467"/>
							<String ID="string_380" HPOS="485" VPOS="1193" WIDTH="26" HEIGHT="21" WC="0.96" CONTENT="be"/><SP WIDTH="15" VPOS="1193" HPOS="511"/>
							<String ID="string_381" HPOS="526" VPOS="1194" WIDTH="61" HEIGHT="20" WC="0.96" CONTENT="dessa"/><SP WIDTH="14" VPOS="1194" HPOS="587"/>
							<String ID="string_382" HPOS="601" VPOS="1194" WIDTH="72" HEIGHT="20" WC="0.96" CONTENT="herrar"/><SP WIDTH="14" VPOS="1194" HPOS="673"/>
							<String ID="string_383" HPOS="687" VPOS="1194" WIDTH="34" HEIGHT="20" WC="0.96" CONTENT="för"/><SP WIDTH="14" VPOS="1194" HPOS="721"/>
							<String ID="string_384" HPOS="735" VPOS="1194" WIDTH="32" HEIGHT="27" WC="0.95" CONTENT="sig"/><SP WIDTH="14" VPOS="1194" HPOS="767"/>
							<String ID="string_385" HPOS="781" VPOS="1194" WIDTH="97" HEIGHT="26" WC="0.96" CONTENT="klargöra"/><SP WIDTH="15" VPOS="1194" HPOS="878"/>
							<String ID="string_386" HPOS="893" VPOS="1200" WIDTH="33" HEIGHT="14" WC="0.96" CONTENT="om"/><SP WIDTH="17" VPOS="1200" HPOS="926"/>
							<String ID="string_387" HPOS="943" VPOS="1194" WIDTH="25" HEIGHT="20" WC="0.96" CONTENT="de"/>
						</TextLine>
						<TextLine ID="line_37" HPOS="149" VPOS="1221" WIDTH="820" HEIGHT="28">
							<String ID="string_388" HPOS="149" VPOS="1222" WIDTH="63" HEIGHT="20" WC="0.96" CONTENT="äfven"/><SP WIDTH="15" VPOS="1222" HPOS="212"/>
							<String ID="string_389" HPOS="227" VPOS="1224" WIDTH="35" HEIGHT="18" WC="0.96" CONTENT="äro"/><SP WIDTH="15" VPOS="1224" HPOS="262"/>
							<String ID="string_390" HPOS="277" VPOS="1221" WIDTH="50" HEIGHT="21" WC="0.96" CONTENT="fullt"/><SP WIDTH="9" VPOS="1221" HPOS="327"/>
							<String ID="string_391" HPOS="336" VPOS="1222" WIDTH="92" HEIGHT="20" WC="0.96" CONTENT="beredde"/><SP WIDTH="13" VPOS="1222" HPOS="428"/>
							<String ID="string_392" HPOS="441" VPOS="1224" WIDTH="29" HEIGHT="18" WC="0.97" CONTENT="att"/><SP WIDTH="12" VPOS="1224" HPOS="470"/>
							<String ID="string_393" HPOS="482" VPOS="1222" WIDTH="32" HEIGHT="20" WC="0.93" CONTENT="stå"/><SP WIDTH="9" VPOS="1222" HPOS="514"/>
							<String ID="string_394" HPOS="523" VPOS="1222" WIDTH="254" HEIGHT="27" WC="0.91" CONTENT="järnvägsförvaltningen"/><SP WIDTH="10" VPOS="1222" HPOS="777"/>
							<String ID="string_395" HPOS="787" VPOS="1222" WIDTH="28" HEIGHT="26" WC="0.96" CONTENT="bi,"/><SP WIDTH="9" VPOS="1222" HPOS="815"/>
							<String ID="string_396" HPOS="824" VPOS="1224" WIDTH="39" HEIGHT="18" WC="0.93" CONTENT="när"/><SP WIDTH="9" VPOS="1224" HPOS="863"/>
							<String ID="string_397" HPOS="872" VPOS="1221" WIDTH="97" HEIGHT="27" WC="0.92" CONTENT="påtryck-"/>
						</TextLine>
						<TextLine ID="line_38" HPOS="149" VPOS="1250" WIDTH="820" HEIGHT="27">
							<String ID="string_398" HPOS="149" VPOS="1250" WIDTH="78" HEIGHT="27" WC="0.95" CONTENT="ningen"/><SP WIDTH="22" VPOS="1250" HPOS="227"/>
							<String ID="string_399" HPOS="249" VPOS="1250" WIDTH="21" HEIGHT="20" WC="0.96" CONTENT="af"/><SP WIDTH="21" VPOS="1250" HPOS="270"/>
							<String ID="string_400" HPOS="291" VPOS="1250" WIDTH="41" HEIGHT="20" WC="0.96" CONTENT="den"/><SP WIDTH="21" VPOS="1250" HPOS="332"/>
							<String ID="string_401" HPOS="353" VPOS="1250" WIDTH="106" HEIGHT="20" WC="0.96" CONTENT="allmänna"/><SP WIDTH="21" VPOS="1250" HPOS="459"/>
							<String ID="string_402" HPOS="480" VPOS="1250" WIDTH="112" HEIGHT="27" WC="0.95" CONTENT="opinionen"/><SP WIDTH="16" VPOS="1250" HPOS="592"/>
							<String ID="string_403" HPOS="608" VPOS="1250" WIDTH="69" HEIGHT="27" WC="0.96" CONTENT="börjar"/><SP WIDTH="14" VPOS="1250" HPOS="677"/>
							<String ID="string_404" HPOS="691" VPOS="1250" WIDTH="66" HEIGHT="21" WC="0.93" CONTENT="blifva"/><SP WIDTH="15" VPOS="1250" HPOS="757"/>
							<String ID="string_405" HPOS="772" VPOS="1250" WIDTH="143" HEIGHT="27" WC="0.91" CONTENT="öfvermäktig,"/><SP WIDTH="16" VPOS="1250" HPOS="915"/>
							<String ID="string_406" HPOS="931" VPOS="1252" WIDTH="38" HEIGHT="18" WC="0.96" CONTENT="när"/>
						</TextLine>
						<TextLine ID="line_39" HPOS="148" VPOS="1278" WIDTH="821" HEIGHT="28">
							<String ID="string_407" HPOS="148" VPOS="1280" WIDTH="60" HEIGHT="25" WC="0.92" CONTENT="ropet"/><SP WIDTH="21" VPOS="1280" HPOS="208"/>
							<String ID="string_408" HPOS="229" VPOS="1278" WIDTH="59" HEIGHT="26" WC="0.92" CONTENT="höjes"/><SP WIDTH="15" VPOS="1278" HPOS="288"/>
							<String ID="string_409" HPOS="303" VPOS="1278" WIDTH="26" HEIGHT="27" WC="0.96" CONTENT="på"/><SP WIDTH="15" VPOS="1278" HPOS="329"/>
							<String ID="string_410" HPOS="344" VPOS="1284" WIDTH="27" HEIGHT="15" WC="0.97" CONTENT="en"/><SP WIDTH="15" VPOS="1284" HPOS="371"/>
							<String ID="string_411" HPOS="386" VPOS="1284" WIDTH="58" HEIGHT="15" WC="0.96" CONTENT="mera"/><SP WIDTH="15" VPOS="1284" HPOS="444"/>
							<String ID="string_412" HPOS="459" VPOS="1278" WIDTH="98" HEIGHT="28" WC="0.96" CONTENT="tidsenlig"/><SP WIDTH="14" VPOS="1278" HPOS="557"/>
							<String ID="string_413" HPOS="571" VPOS="1278" WIDTH="110" HEIGHT="27" WC="0.96" CONTENT="hastighet,"/><SP WIDTH="15" VPOS="1278" HPOS="681"/>
							<String ID="string_414" HPOS="696" VPOS="1285" WIDTH="73" HEIGHT="14" WC="0.93" CONTENT="varma"/><SP WIDTH="15" VPOS="1285" HPOS="769"/>
							<String ID="string_415" HPOS="784" VPOS="1278" WIDTH="91" HEIGHT="27" WC="0.92" CONTENT="dragfria"/><SP WIDTH="16" VPOS="1278" HPOS="875"/>
							<String ID="string_416" HPOS="891" VPOS="1284" WIDTH="78" HEIGHT="21" WC="0.96" CONTENT="vagnar"/>
						</TextLine>
						<TextLine ID="line_40" HPOS="148" VPOS="1306" WIDTH="821" HEIGHT="27">
							<String ID="string_417" HPOS="148" VPOS="1306" WIDTH="49" HEIGHT="21" WC="0.96" CONTENT="med"/><SP WIDTH="16" VPOS="1306" HPOS="197"/>
							<String ID="string_418" HPOS="213" VPOS="1312" WIDTH="72" HEIGHT="14" WC="0.95" CONTENT="varma"/><SP WIDTH="14" VPOS="1312" HPOS="285"/>
							<String ID="string_419" HPOS="299" VPOS="1306" WIDTH="44" HEIGHT="26" WC="0.96" CONTENT="golf"/><SP WIDTH="16" VPOS="1306" HPOS="343"/>
							<String ID="string_420" HPOS="359" VPOS="1307" WIDTH="39" HEIGHT="19" WC="0.96" CONTENT="och"/><SP WIDTH="14" VPOS="1307" HPOS="398"/>
							<String ID="string_421" HPOS="412" VPOS="1306" WIDTH="42" HEIGHT="26" WC="0.96" CONTENT="god"/><SP WIDTH="15" VPOS="1306" HPOS="454"/>
							<String ID="string_422" HPOS="469" VPOS="1306" WIDTH="129" HEIGHT="26" WC="0.96" CONTENT="ventilation,"/><SP WIDTH="14" VPOS="1306" HPOS="598"/>
							<String ID="string_423" HPOS="612" VPOS="1306" WIDTH="49" HEIGHT="20" WC="0.92" CONTENT="med"/><SP WIDTH="16" VPOS="1306" HPOS="661"/>
							<String ID="string_424" HPOS="677" VPOS="1306" WIDTH="133" HEIGHT="27" WC="0.91" CONTENT="afdelningar"/><SP WIDTH="14" VPOS="1306" HPOS="810"/>
							<String ID="string_425" HPOS="824" VPOS="1307" WIDTH="33" HEIGHT="19" WC="0.93" CONTENT="för"/><SP WIDTH="14" VPOS="1307" HPOS="857"/>
							<String ID="string_426" HPOS="871" VPOS="1306" WIDTH="98" HEIGHT="20" WC="0.91" CONTENT="fruntim-"/>
						</TextLine>
						<TextLine ID="line_41" HPOS="148" VPOS="1333" WIDTH="821" HEIGHT="27">
							<String ID="string_427" HPOS="148" VPOS="1340" WIDTH="51" HEIGHT="20" WC="0.96" CONTENT="mer,"/><SP WIDTH="15" VPOS="1340" HPOS="199"/>
							<String ID="string_428" HPOS="214" VPOS="1334" WIDTH="33" HEIGHT="20" WC="0.96" CONTENT="för"/><SP WIDTH="14" VPOS="1334" HPOS="247"/>
							<String ID="string_429" HPOS="261" VPOS="1333" WIDTH="73" HEIGHT="21" WC="0.96" CONTENT="rökare"/><SP WIDTH="16" VPOS="1333" HPOS="334"/>
							<String ID="string_430" HPOS="350" VPOS="1334" WIDTH="40" HEIGHT="20" WC="0.96" CONTENT="och"/><SP WIDTH="14" VPOS="1334" HPOS="390"/>
							<String ID="string_431" HPOS="404" VPOS="1334" WIDTH="46" HEIGHT="20" WC="0.96" CONTENT="icke"/><SP WIDTH="12" VPOS="1334" HPOS="450"/>
							<String ID="string_432" HPOS="462" VPOS="1334" WIDTH="74" HEIGHT="20" WC="0.96" CONTENT="rökare"/><SP WIDTH="10" VPOS="1334" HPOS="536"/>
							<String ID="string_433" HPOS="546" VPOS="1334" WIDTH="39" HEIGHT="20" WC="0.96" CONTENT="och"/><SP WIDTH="12" VPOS="1334" HPOS="585"/>
							<String ID="string_434" HPOS="597" VPOS="1334" WIDTH="64" HEIGHT="20" WC="0.96" CONTENT="minst"/><SP WIDTH="10" VPOS="1334" HPOS="661"/>
							<String ID="string_435" HPOS="671" VPOS="1334" WIDTH="35" HEIGHT="20" WC="0.96" CONTENT="två"/><SP WIDTH="10" VPOS="1334" HPOS="706"/>
							<String ID="string_436" HPOS="716" VPOS="1334" WIDTH="80" HEIGHT="21" WC="0.93" CONTENT="klasser"/><SP WIDTH="12" VPOS="1334" HPOS="796"/>
							<String ID="string_437" HPOS="808" VPOS="1340" WIDTH="26" HEIGHT="14" WC="0.92" CONTENT="m."/><SP WIDTH="14" VPOS="1340" HPOS="834"/>
							<String ID="string_438" HPOS="848" VPOS="1340" WIDTH="26" HEIGHT="14" WC="0.91" CONTENT="m."/><SP WIDTH="24" VPOS="1340" HPOS="874"/>
							<String ID="string_439" HPOS="898" VPOS="1333" WIDTH="71" HEIGHT="21" WC="0.96" CONTENT="Hvem"/>
						</TextLine>
						<TextLine ID="line_42" HPOS="148" VPOS="1362" WIDTH="820" HEIGHT="27">
							<String ID="string_440" HPOS="148" VPOS="1362" WIDTH="38" HEIGHT="20" WC="0.96" CONTENT="har"/><SP WIDTH="14" VPOS="1362" HPOS="186"/>
							<String ID="string_441" HPOS="200" VPOS="1362" WIDTH="47" HEIGHT="20" WC="0.96" CONTENT="icke"/><SP WIDTH="15" VPOS="1362" HPOS="247"/>
							<String ID="string_442" HPOS="262" VPOS="1362" WIDTH="6" HEIGHT="20" WC="0.96" CONTENT="i"/><SP WIDTH="15" VPOS="1362" HPOS="268"/>
							<String ID="string_443" HPOS="283" VPOS="1362" WIDTH="62" HEIGHT="20" WC="0.95" CONTENT="friskt"/><SP WIDTH="14" VPOS="1362" HPOS="345"/>
							<String ID="string_444" HPOS="359" VPOS="1362" WIDTH="71" HEIGHT="20" WC="0.96" CONTENT="minne"/><SP WIDTH="16" VPOS="1362" HPOS="430"/>
							<String ID="string_445" HPOS="446" VPOS="1362" WIDTH="26" HEIGHT="20" WC="0.96" CONTENT="de"/><SP WIDTH="15" VPOS="1362" HPOS="472"/>
							<String ID="string_446" HPOS="487" VPOS="1362" WIDTH="92" HEIGHT="27" WC="0.93" CONTENT="ständigt"/><SP WIDTH="14" VPOS="1362" HPOS="579"/>
							<String ID="string_447" HPOS="593" VPOS="1362" WIDTH="141" HEIGHT="26" WC="0.93" CONTENT="uppdykande"/><SP WIDTH="11" VPOS="1362" HPOS="734"/>
							<String ID="string_448" HPOS="745" VPOS="1362" WIDTH="123" HEIGHT="27" WC="0.96" CONTENT="yrkandena"/><SP WIDTH="10" VPOS="1362" HPOS="868"/>
							<String ID="string_449" HPOS="878" VPOS="1362" WIDTH="27" HEIGHT="27" WC="0.96" CONTENT="på"/><SP WIDTH="10" VPOS="1362" HPOS="905"/>
							<String ID="string_450" HPOS="915" VPOS="1362" WIDTH="53" HEIGHT="20" WC="0.96" CONTENT="ökad"/>
						</TextLine>
						<TextLine ID="line_43" HPOS="148" VPOS="1390" WIDTH="821" HEIGHT="28">
							<String ID="string_451" HPOS="148" VPOS="1390" WIDTH="105" HEIGHT="28" WC="0.95" CONTENT="hastighet"/><SP WIDTH="14" VPOS="1390" HPOS="253"/>
							<String ID="string_452" HPOS="267" VPOS="1390" WIDTH="26" HEIGHT="27" WC="0.95" CONTENT="på"/><SP WIDTH="15" VPOS="1390" HPOS="293"/>
							<String ID="string_453" HPOS="308" VPOS="1390" WIDTH="65" HEIGHT="21" WC="0.96" CONTENT="Wasa"/><SP WIDTH="15" VPOS="1390" HPOS="373"/>
							<String ID="string_454" HPOS="388" VPOS="1390" WIDTH="83" HEIGHT="21" WC="0.96" CONTENT="banan?"/><SP WIDTH="16" VPOS="1390" HPOS="471"/>
							<String ID="string_455" HPOS="487" VPOS="1390" WIDTH="76" HEIGHT="21" WC="0.96" CONTENT="Härtill"/><SP WIDTH="15" VPOS="1390" HPOS="563"/>
							<String ID="string_456" HPOS="578" VPOS="1390" WIDTH="85" HEIGHT="21" WC="0.96" CONTENT="komma"/><SP WIDTH="14" VPOS="1390" HPOS="663"/>
							<String ID="string_457" HPOS="677" VPOS="1390" WIDTH="71" HEIGHT="27" WC="0.96" CONTENT="jämna"/><SP WIDTH="16" VPOS="1390" HPOS="748"/>
							<String ID="string_458" HPOS="764" VPOS="1390" WIDTH="115" HEIGHT="28" WC="0.93" CONTENT="yrkanden,"/><SP WIDTH="18" VPOS="1390" HPOS="879"/>
							<String ID="string_459" HPOS="897" VPOS="1392" WIDTH="72" HEIGHT="20" WC="0.91" CONTENT="natur-"/>
						</TextLine>
						<TextLine ID="line_44" HPOS="148" VPOS="1418" WIDTH="821" HEIGHT="29">
							<String ID="string_460" HPOS="148" VPOS="1419" WIDTH="43" HEIGHT="27" WC="0.96" CONTENT="liga"/><SP WIDTH="21" VPOS="1419" HPOS="191"/>
							<String ID="string_461" HPOS="212" VPOS="1425" WIDTH="43" HEIGHT="21" WC="0.96" CONTENT="nog"/><SP WIDTH="20" VPOS="1425" HPOS="255"/>
							<String ID="string_462" HPOS="275" VPOS="1418" WIDTH="33" HEIGHT="22" WC="0.96" CONTENT="för"/><SP WIDTH="20" VPOS="1418" HPOS="308"/>
							<String ID="string_463" HPOS="328" VPOS="1421" WIDTH="76" HEIGHT="25" WC="0.96" CONTENT="resten,"/><SP WIDTH="15" VPOS="1421" HPOS="404"/>
							<String ID="string_464" HPOS="419" VPOS="1419" WIDTH="27" HEIGHT="27" WC="0.96" CONTENT="på"/><SP WIDTH="14" VPOS="1419" HPOS="446"/>
							<String ID="string_465" HPOS="460" VPOS="1425" WIDTH="43" HEIGHT="21" WC="0.96" CONTENT="nya"/><SP WIDTH="15" VPOS="1425" HPOS="503"/>
							<String ID="string_466" HPOS="518" VPOS="1419" WIDTH="105" HEIGHT="27" WC="0.93" CONTENT="stationer,"/><SP WIDTH="15" VPOS="1419" HPOS="623"/>
							<String ID="string_467" HPOS="638" VPOS="1419" WIDTH="141" HEIGHT="28" WC="0.92" CONTENT="haltpunkter,"/><SP WIDTH="14" VPOS="1419" HPOS="779"/>
							<String ID="string_468" HPOS="793" VPOS="1419" WIDTH="122" HEIGHT="28" WC="0.91" CONTENT="platformer"/><SP WIDTH="15" VPOS="1419" HPOS="915"/>
							<String ID="string_469" HPOS="930" VPOS="1420" WIDTH="39" HEIGHT="20" WC="0.96" CONTENT="och"/>
						</TextLine>
						<TextLine ID="line_45" HPOS="148" VPOS="1447" WIDTH="820" HEIGHT="29">
							<String ID="string_470" HPOS="148" VPOS="1448" WIDTH="79" HEIGHT="20" WC="0.96" CONTENT="växlar."/><SP WIDTH="25" VPOS="1448" HPOS="227"/>
							<String ID="string_471" HPOS="252" VPOS="1447" WIDTH="68" HEIGHT="28" WC="0.96" CONTENT="Ingen"/><SP WIDTH="15" VPOS="1447" HPOS="320"/>
							<String ID="string_472" HPOS="335" VPOS="1448" WIDTH="22" HEIGHT="20" WC="0.96" CONTENT="af"/><SP WIDTH="15" VPOS="1448" HPOS="357"/>
							<String ID="string_473" HPOS="372" VPOS="1447" WIDTH="60" HEIGHT="21" WC="0.96" CONTENT="dessa"/><SP WIDTH="14" VPOS="1447" HPOS="432"/>
							<String ID="string_474" HPOS="446" VPOS="1447" WIDTH="33" HEIGHT="21" WC="0.96" CONTENT="får"/><SP WIDTH="14" VPOS="1447" HPOS="479"/>
							<String ID="string_475" HPOS="493" VPOS="1448" WIDTH="132" HEIGHT="27" WC="0.95" CONTENT="naturligtvis"/><SP WIDTH="15" VPOS="1448" HPOS="625"/>
							<String ID="string_476" HPOS="640" VPOS="1448" WIDTH="92" HEIGHT="27" WC="0.96" CONTENT="förbigås"/><SP WIDTH="16" VPOS="1448" HPOS="732"/>
							<String ID="string_477" HPOS="748" VPOS="1448" WIDTH="21" HEIGHT="21" WC="0.96" CONTENT="af"/><SP WIDTH="14" VPOS="1448" HPOS="769"/>
							<String ID="string_478" HPOS="783" VPOS="1448" WIDTH="69" HEIGHT="28" WC="0.96" CONTENT="tågen,"/><SP WIDTH="9" VPOS="1448" HPOS="852"/>
							<String ID="string_479" HPOS="861" VPOS="1454" WIDTH="50" HEIGHT="15" WC="0.93" CONTENT="men"/><SP WIDTH="10" VPOS="1454" HPOS="911"/>
							<String ID="string_480" HPOS="921" VPOS="1448" WIDTH="47" HEIGHT="27" WC="0.92" CONTENT="följ-"/>
						</TextLine>
						<TextLine ID="line_46" HPOS="149" VPOS="1475" WIDTH="820" HEIGHT="29">
							<String ID="string_481" HPOS="149" VPOS="1476" WIDTH="40" HEIGHT="21" WC="0.96" CONTENT="den"/><SP WIDTH="16" VPOS="1476" HPOS="189"/>
							<String ID="string_482" HPOS="205" VPOS="1476" WIDTH="46" HEIGHT="27" WC="0.95" CONTENT="blir,"/><SP WIDTH="16" VPOS="1476" HPOS="251"/>
							<String ID="string_483" HPOS="267" VPOS="1477" WIDTH="29" HEIGHT="20" WC="0.96" CONTENT="att"/><SP WIDTH="14" VPOS="1477" HPOS="296"/>
							<String ID="string_484" HPOS="310" VPOS="1476" WIDTH="33" HEIGHT="21" WC="0.96" CONTENT="för"/><SP WIDTH="14" VPOS="1476" HPOS="343"/>
							<String ID="string_485" HPOS="357" VPOS="1476" WIDTH="73" HEIGHT="27" WC="0.96" CONTENT="hvarje"/><SP WIDTH="15" VPOS="1476" HPOS="430"/>
							<String ID="string_486" HPOS="445" VPOS="1477" WIDTH="47" HEIGHT="25" WC="0.96" CONTENT="nytt"/><SP WIDTH="14" VPOS="1477" HPOS="492"/>
							<String ID="string_487" HPOS="506" VPOS="1475" WIDTH="59" HEIGHT="22" WC="0.96" CONTENT="ställe"/><SP WIDTH="16" VPOS="1475" HPOS="565"/>
							<String ID="string_488" HPOS="581" VPOS="1476" WIDTH="38" HEIGHT="21" WC="0.95" CONTENT="där"/><SP WIDTH="14" VPOS="1476" HPOS="619"/>
							<String ID="string_489" HPOS="633" VPOS="1476" WIDTH="56" HEIGHT="27" WC="0.96" CONTENT="tåget"/><SP WIDTH="15" VPOS="1476" HPOS="689"/>
							<String ID="string_490" HPOS="704" VPOS="1478" WIDTH="92" HEIGHT="25" WC="0.93" CONTENT="stannar,"/><SP WIDTH="15" VPOS="1478" HPOS="796"/>
							<String ID="string_491" HPOS="811" VPOS="1477" WIDTH="96" HEIGHT="27" WC="0.91" CONTENT="afdrages"/><SP WIDTH="14" VPOS="1477" HPOS="907"/>
							<String ID="string_492" HPOS="921" VPOS="1476" WIDTH="48" HEIGHT="21" WC="0.96" CONTENT="från"/>
						</TextLine>
					</TextBlock>
				</ComposedBlock>
			</PrintSpace>
		</Page>
	</Layout>
</alto>
