1075 1761
196 147 41 20 180
402 150 177 23 Borgareståndet
593 151 52 16 1891.
670 151 24 16 10
707 150 50 17 febr.

169 231 22 20 af
205 231 152 20 erfarenheten.
388 229 50 22 Man
452 230 39 20 har
505 229 70 22 funnit
591 230 29 19 att
635 229 70 20 denna
720 228 128 27 omlastning
868 227 49 21 sker
931 227 62 21 snabt

170 259 81 21 medels
272 259 77 21 kranar
370 259 38 20 och
423 258 84 21 kräfver
522 257 75 22 endast
611 257 121 27 obetydliga
748 256 91 28 utgifter.
868 255 42 22 Det
925 257 22 19 är
961 255 33 22 till

171 289 26 19 30
213 289 12 19 &
240 287 27 21 40
283 287 64 27 penni
369 293 38 21 per
429 288 42 25 ton,
494 293 45 13 som
562 293 27 14 en
609 285 66 21 sådan
698 285 128 27 omlastning
840 285 38 20 har
893 285 54 19 visat
961 285 32 26 sig

169 316 71 27 uppgå
255 316 7 20 i
277 315 121 22 Frankrike,
427 314 42 22 För
483 316 30 19 att
528 314 145 28 åskådliggöra
687 313 124 27 betydelsen
827 313 21 21 af
863 313 70 21 denna
943 313 51 21 sista

170 344 62 27 siffra,
253 344 37 21 vill
311 345 36 26 jag
369 345 75 25 antaga
467 344 30 20 att
519 343 28 21 alt
565 343 36 21 det
615 342 58 28 gods,
689 348 45 15 som
749 341 138 21 framforslats
902 341 27 28 på
943 341 50 21 våra

169 373 112 26 järnvägar
295 372 69 21 under
380 372 53 20 1889
450 384 26 2 —
493 371 35 21 det
542 371 51 21 sista
608 371 28 26 år,
646 371 33 20 för
689 370 80 21 hvilket
778 370 214 27 järnvägsstyrelsens

170 400 111 23 berättelse
296 400 113 27 föreligger
424 412 28 2 —
466 400 69 20 skulle
550 399 63 21 hafva
627 398 55 21 kräft
697 405 27 14 en
739 398 129 28 omlastning
877 398 35 21 vid
925 398 68 21 öfver-

170 429 56 28 gång
240 429 47 21 från
302 428 124 27 smalspårig
440 428 33 21 till
489 428 121 27 bredspårig
625 427 55 21 bana
695 426 53 22 eller
759 429 96 25 tvärtom,
871 426 39 21 och
924 426 69 21 finner

170 457 27 21 då
212 460 29 19 att
257 457 155 26 omlastningen
427 457 21 20 af
463 457 30 20 alt
507 457 56 20 detta
578 456 53 27 gods
642 455 55 22 hade
705 455 81 22 fordrat
796 455 97 28 omkring
903 455 89 27 300,000

169 486 66 21 mark.
265 486 42 27 Jag
321 485 36 21 vill
373 485 86 28 tillägga
474 487 29 18 att
518 485 192 21 bruttoinkomsten
724 484 33 21 för
772 484 141 27 godstrafiken
927 483 67 22 under

169 521 82 14 samma
266 514 23 21 år
305 514 97 27 utgjorde
416 513 64 28 något
496 513 59 21 öfver
569 513 110 27 6,000,000
695 513 65 20 mark.
786 512 52 21 Man
847 519 34 14 ser
891 514 30 19 att
931 513 63 20 äfven

170 543 69 21 under
254 543 41 21 den
310 543 151 26 förutsättning
476 543 30 19 att
520 542 30 21 alt
564 542 59 27 gods,
638 547 46 15 som
698 541 34 21 för
746 541 131 21 närvarande
887 541 107 21 framfors-

170 572 31 20 las
217 571 12 21 å
244 571 49 21 våra
308 572 118 26 järnvägar,
441 571 68 20 skulle
524 570 91 22 behöfva
625 576 28 15 en
663 570 67 21 sådan
740 570 128 27 omlastning
880 570 113 26 utgifterna

170 600 71 20 härför
255 600 47 20 icke
317 599 70 21 blefve
403 598 137 28 synnerligen
555 600 60 19 stora.
641 598 10 21 I
667 598 75 27 själfva
757 598 74 21 värket
844 598 43 21 kan
903 598 54 21 dock
967 605 26 14 en

170 628 128 27 omlastning
312 628 8 20 i
335 628 23 20 så
380 629 42 19 stor
442 627 59 21 skala
516 628 6 20 i
539 634 25 14 en
579 627 51 27 lång
645 626 84 22 framtid
744 627 38 21 hos
798 633 35 15 oss
847 626 46 22 icke
908 627 85 21 komma

169 657 8 20 i
192 656 64 28 fråga.
285 656 34 22 De
333 656 137 27 smalspåriga
485 656 72 27 banor,
572 662 45 15 som
632 656 38 20 här
684 656 74 20 kunna
772 656 7 20 i
789 656 104 20 närmaste
909 655 84 21 framtid

171 686 105 27 anläggas,
298 686 86 20 komma
406 684 133 28 naturligtvis
561 686 30 20 att
611 684 103 21 förmedla
730 690 27 14 en
772 684 120 27 godstrafik,
907 690 46 15 som
968 684 26 27 på

169 713 60 28 långt
244 716 37 18 när
295 713 47 21 icke
357 713 84 21 komme
457 714 30 20 att
502 713 70 27 uppgå
586 712 32 22 till
633 713 58 21 detta
704 712 82 28 belopp.
812 712 182 22 Omkostnaderna

169 742 34 20 för
217 748 27 15 en
259 742 66 21 sådan
341 742 127 27 omlastning
482 741 72 21 kunde
569 741 101 27 möjligen
685 743 74 26 utgöra
777 742 66 26 några
858 741 59 21 tiotal
932 743 61 19 tusen

169 770 68 28 mark,
253 771 40 21 och
307 770 71 22 denna
392 776 83 15 summa
491 772 22 18 är
528 770 34 20 väl
571 770 153 28 jämförelsevis
736 776 28 14 en
774 770 65 21 sådan
851 770 143 27 obetydlighet

171 800 30 20 att
224 799 41 21 den
288 801 52 19 utan
356 798 76 22 tvekan
448 799 73 20 kunde
536 798 82 28 påföras
632 799 146 27 järnvägarne,
792 800 53 19 utan
860 800 29 20 att
903 798 91 22 behöfva

170 828 99 20 betäckas
284 828 21 20 af
320 827 127 21 afsändaren
470 827 51 21 eller
543 828 148 26 emottagaren.
721 827 41 27 Jag
784 827 37 21 vill
843 828 58 20 ännu
916 829 78 19 nämna

171 856 66 27 några
251 856 21 21 få
287 856 68 20 siffror
376 856 47 20 från
439 857 29 19 ett
483 858 64 18 annat
562 855 55 28 land,
639 855 95 27 Belgien,
750 856 38 20 där
802 856 63 20 äfven
879 856 28 27 på
921 862 73 14 senare

170 884 55 21 tider
240 891 27 14 en
281 884 53 27 liflig
348 883 86 22 fordran
449 883 27 28 på
491 884 136 27 smalspåriga
642 883 67 21 banor
724 890 92 15 varsnas.
846 883 36 22 Ett
897 884 98 21 särskildt

170 912 97 28 sällskap,
289 913 94 20 Sociétée
398 912 106 21 nationale
520 913 37 20 des
572 912 94 21 chemins
682 912 25 21 de
723 912 33 21 fer
770 913 105 27 vicinaux,
890 913 39 20 har
943 912 52 28 tagit

171 941 32 27 sig
218 941 140 28 anläggandet
374 941 20 20 af
409 941 137 27 smalspåriga
560 941 67 21 banor
641 947 35 14 om
691 941 62 27 hand,
769 941 39 20 och
823 947 50 14 man
888 941 38 21 har
935 941 60 20 kom-

170 970 39 20 mit
231 969 32 22 till
286 970 41 21 den
350 969 124 27 erfarenhet,
497 971 30 20 att
546 969 119 22 kostnaden
679 969 33 21 för
726 969 126 22 kilometern
867 969 81 28 uppgår
962 970 33 21 för

170 998 137 27 smalspåriga
322 998 68 21 banor
404 998 32 20 till
450 998 76 27 40,000
537 998 76 27 francs,
622 998 77 21 medan
713 998 25 21 de
749 998 136 28 bredspåriga
896 998 8 21 i
914 1005 80 15 samma

170 1026 51 21 land
243 1026 62 21 hafva
327 1026 111 21 beräknats
460 1026 61 21 kosta
538 1027 78 21 mellan
633 1027 40 20 300
689 1028 12 19 ä
716 1027 90 26 400,000
822 1027 71 21 francs
907 1027 87 21 kilome-

170 1057 52 19 tern.
252 1054 75 22 Tillika
342 1055 38 20 har
394 1061 49 14 man
459 1056 55 26 gjort
529 1055 41 21 den
586 1055 153 27 erfarenheten,
754 1056 30 20 att
803 1055 191 21 bruttoinkomsten

171 1083 12 21 å
198 1083 26 21 de
239 1084 138 27 smalspåriga
398 1084 139 26 järnvägarna
553 1084 64 26 stiger
631 1084 32 20 till
679 1083 97 28 omkring
791 1084 61 26 4,000
872 1084 71 21 francs
957 1090 38 21 per

170 1112 117 27 kilometer,
302 1112 115 27 utgifterna
432 1112 32 20 till
480 1112 60 27 2,000
551 1112 75 21 francs.
653 1112 51 21 Man
714 1112 70 21 finner
793 1112 82 22 således
888 1114 29 19 att
928 1114 67 19 netto-

170 1140 150 27 behållningen
330 1140 27 27 pä
368 1139 60 22 dessa
439 1140 66 20 banor
515 1142 61 25 utgör
586 1140 89 27 ungefär
685 1142 12 19 5
706 1141 27 26 %,
744 1140 22 21 af
776 1140 218 28 anläggningskapita-

170 1168 35 20 let.
235 1168 49 21 Med
307 1168 118 21 beaktande
441 1168 21 20 af
476 1168 41 27 det,
539 1175 45 14 som
599 1168 42 21 alla
656 1168 61 21 dessa
732 1169 21 20 af
768 1169 43 26 mig
827 1169 87 21 anförda
929 1169 66 20 siffer-

171 1196 49 21 data
235 1197 57 26 gifva
307 1196 35 21 vid
357 1196 91 27 handen,
464 1197 39 20 och
519 1197 26 20 då
559 1197 35 26 jag
609 1196 67 21 tillika
691 1197 169 20 sammanställer
874 1197 80 21 bristen
968 1197 27 27 på

170 1225 70 20 medel
263 1225 37 20 hos
323 1231 34 14 oss
379 1225 32 20 för
426 1225 36 20 det
476 1225 131 20 närvarande
622 1225 49 20 med
686 1225 36 21 det
736 1225 70 20 starka
821 1227 60 26 ropet
895 1225 27 28 på
937 1231 58 16 mera

170 1253 117 27 järnvägar,
311 1259 45 14 som
380 1253 88 20 öfveralt
482 1253 8 20 i
505 1253 72 21 landet
591 1253 67 26 höres,
673 1253 24 20 sä
710 1253 43 21 kan
768 1254 35 26 jag
818 1253 46 21 icke
879 1254 71 27 undgå
965 1255 30 20 att

170 1281 65 21 uttala
259 1281 42 20 den
321 1281 141 26 förhoppning
482 1283 30 19 att
533 1281 199 26 järnvägsutskottet
752 1281 53 21 skall
818 1283 91 26 upptaga
921 1281 74 28 frågan

171 1314 34 14 om
228 1308 137 27 smalspåriga
388 1308 66 21 banor
476 1309 31 20 till
530 1309 133 26 behandling.
694 1309 105 20 Måhända
821 1310 72 20 kunde
916 1310 35 20 det
968 1310 27 19 då

170 1336 86 21 komma
279 1337 31 20 till
333 1336 40 21 den
397 1335 120 28 slutsatsen,
533 1338 29 19 att
577 1336 45 21 skäl
637 1337 123 21 förefunnes
775 1339 29 18 att
816 1337 39 21 hos
869 1338 125 27 regeringen

171 1363 84 22 anhålla
277 1371 35 14 om
335 1365 30 20 att
386 1364 87 27 lämplig
494 1370 77 22 person
593 1365 70 20 blefve
679 1366 41 20 satt
733 1365 8 20 i
756 1365 83 21 tillfälle
854 1367 29 20 att
898 1367 96 19 närmare

170 1394 49 27 taga
233 1393 50 21 reda
298 1392 27 28 på
341 1393 35 21 det
391 1393 87 21 resultat
493 1393 39 21 och
548 1393 41 21 den
605 1393 124 28 erfarenhet,
745 1400 46 15 som
805 1394 86 21 vunnits
906 1394 8 21 i
929 1394 66 21 andra

170 1421 79 21 länder.
279 1421 42 22 Det
343 1421 72 22 kunde
429 1422 24 26 ju
468 1421 69 22 hända
560 1423 29 20 att
611 1421 27 22 då
658 1422 62 21 äfven
736 1423 70 21 blefve
821 1423 74 27 nödigt
909 1425 30 19 att
954 1423 41 21 till-

172 1451 53 20 sätta
241 1457 27 14 en
282 1457 30 20 ny
327 1450 143 27 kommission,
492 1457 45 14 som
557 1451 53 20 hade
625 1450 32 21 till
673 1451 83 27 uppgift
770 1453 30 19 att
814 1451 47 21 icke
876 1452 53 20 blott
944 1452 51 20 söka

170 1478 117 28 nedbringa
294 1478 142 22 kostnaderna
442 1479 34 20 för
483 1478 135 29 bredspåriga
627 1480 113 27 järnvägar
749 1481 52 20 utan
809 1480 63 21 äfven
882 1480 66 21 uttala
963 1480 31 27 sig

170 1513 35 14 om
220 1507 104 21 huruvida
340 1508 40 21 och
394 1507 7 21 i
416 1508 87 20 hvilken
517 1508 50 21 mån
582 1508 138 28 smalspåriga
740 1509 67 21 banor
822 1509 72 21 kunna
909 1509 85 21 komma
