1075 1759
325 124 177 21 Borgareståndet
515 126 53 16 1891.
592 126 12 16 5
617 126 50 16 febr.
853 122 26 20 83

84 204 32 21 för
132 210 39 21 oss,
187 204 113 21 betecknas
316 204 70 21 såsom
401 205 133 21 ekonomiskt
549 206 39 21 och
602 206 107 21 finansielt
724 206 96 28 skadligt,
835 207 33 21 för
879 209 30 19 att

83 232 47 22 icke
145 235 50 25 säga
211 233 189 27 olycksbringande
416 234 32 20 för
463 234 46 20 vårt
524 234 54 20 land.

151 288 49 21 Med
223 289 99 20 afseende
344 289 51 20 härå
415 290 63 19 hafva
497 290 26 24 vi,
538 290 64 21 innan
618 291 73 26 frågan
706 291 28 27 på
748 291 74 27 högsta
837 295 32 18 ort
885 295 23 18 är

84 317 103 20 definitivt
202 317 88 27 afgjord,
305 317 57 21 velat
376 317 107 21 vördsamt
498 318 85 21 föreslå:

289 381 33 19 att
344 379 175 28 borgareståndet
535 381 71 27 jämte
628 381 73 28 öfriga
724 381 66 22 stånd
804 383 51 20 ville
871 383 35 20 till

220 407 65 22 Hans
309 408 123 28 Kejserliga
458 409 103 27 Majestät
582 409 54 27 ingå
652 410 47 21 med
720 417 27 14 en
760 411 145 28 underdånig,

219 437 30 27 på
263 437 70 27 saklig
348 437 118 27 utredning
480 438 103 27 grundad
597 438 168 28 framställning
780 439 82 27 därom,
873 441 33 20 att

220 465 101 21 Finland
344 465 140 28 fortfarande
508 467 58 27 finge
588 473 55 14 vara
666 467 10 20 i
693 467 131 28 åtnjutande
839 468 29 27 af
879 475 27 14 en

219 494 100 27 särskild,
346 494 54 27 efter
424 495 48 21 dess
493 495 154 27 förhållanden
669 496 38 21 och
724 496 66 27 behof
800 497 107 27 afpassad

221 523 110 27 tulltariff.

150 574 134 27 Helsingfors
300 575 41 20 den
356 576 14 19 4
384 575 93 21 februari
494 576 59 20 1891.

185 637 64 21 Felix
264 637 83 21 Heikel.
610 638 81 21 Walter
706 638 94 28 Hoving.

185 677 61 21 Leon
261 677 133 28 Borgström.
608 678 103 27 Frithiof
721 678 165 28 Neppenström.

392 718 26 21 A.
439 718 22 21 O.
481 718 114 21 Snellman

149 791 31 21 Pä
202 791 98 21 anhällan
323 792 21 20 af
365 792 25 20 hr
410 792 98 21 Heikel
531 793 42 20 blef
596 793 138 21 förevarande
752 793 88 27 petition
855 796 51 19 utan

82 820 70 27 yppad
176 820 241 28 meningsskiljaktighet
432 821 20 20 af
467 821 83 21 ståndet
564 821 121 21 remitterad
701 821 31 21 till
748 822 156 21 statsutskottet.

148 963 30 20 Af
200 964 24 19 hr
247 963 125 21 Jusölius
392 964 54 21 hade
462 964 113 21 inlämnats
591 966 28 19 ett
635 964 176 28 motionsförslag,
826 965 81 20 hvilket

82 998 30 14 nu
128 992 111 27 upplästes,
255 992 40 21 och
309 992 75 21 befans
399 1000 50 14 vara
465 993 21 20 af
501 993 92 28 följande
607 993 92 27 lydelse:

318 1061 38 21 Till
372 1061 106 28 vällofliga
493 1062 176 28 borgareständet.

148 1118 83 22 Genom
252 1119 152 27 förordningen
426 1119 22 20 af
468 1119 41 21 den
532 1120 26 20 20
577 1120 48 27 juni
641 1119 54 21 1864
711 1121 28 25 är,
754 1119 32 21 till
802 1119 104 21 förekom-

81 1147 77 21 mande
174 1147 21 20 af
210 1147 26 21 de
251 1147 140 28 olägenheter,
406 1154 46 14 som
467 1148 118 21 förorsakas
600 1148 110 27 jordegare
726 1154 76 21 genom
817 1148 90 21 landbos

81 1175 85 22 tredska
181 1178 30 18 att
226 1175 87 28 afflytta,
328 1176 97 27 stadgadt
440 1178 30 19 att
485 1177 74 27 utslag,
574 1177 132 20 hvarmedels
722 1177 91 20 brukare
828 1176 21 21 af
871 1183 36 14 an-

81 1211 42 14 nan
138 1204 47 27 jord
200 1204 111 21 förklarats
325 1205 85 27 skyldig
424 1207 30 19 att
470 1205 90 21 därifrän
576 1205 53 27 vika,
644 1205 41 27 mä,
700 1205 69 21 fastän
783 1205 124 20 moteutsla-

81 1235 35 25 get
138 1233 73 27 vädjas
231 1233 52 21 eller
303 1233 76 21 besvär
400 1233 97 21 däröfver
515 1235 87 25 anföras,
618 1233 31 21 till
665 1233 158 27 värkställighet
837 1233 69 20 befor-

82 1261 47 21 dras
145 1263 57 19 emot
217 1261 79 28 borgen
311 1261 33 21 för
359 1261 41 21 den
415 1262 89 21 kostnad
521 1263 38 20 och
575 1262 64 21 skada
654 1262 126 27 jordegaren
795 1261 42 21 kan
850 1261 56 28 äläg-

82 1297 36 20 gas
134 1292 30 19 att
176 1290 32 21 till
224 1290 39 21 den
280 1290 82 27 afhyste
378 1291 67 26 gälda,
461 1297 35 14 om
511 1291 69 20 denne
595 1291 7 20 i
617 1291 91 26 utslaget
723 1290 76 21 vinner
811 1290 94 27 ändring.

81 1318 76 28 Nägon
179 1319 148 21 motsvarande
349 1319 134 27 bestämning
505 1319 114 21 förefinnes
641 1319 47 21 icke
706 1319 130 21 beträffande
851 1318 56 21 tred-

82 1347 79 21 skande
176 1347 125 26 hyresman;
320 1347 40 21 och
375 1348 21 20 af
411 1347 69 22 denna
496 1348 52 21 brist
562 1347 90 28 härflyta
667 1348 8 19 i
689 1347 116 27 synnerhet
820 1347 31 20 uti
866 1348 41 19 stä-

82 1375 66 22 derna
169 1376 140 26 olägenheter,
331 1376 72 20 hvilka
426 1376 40 27 dag
481 1377 33 19 för
529 1377 40 26 dag
584 1376 65 21 blifva
665 1376 28 20 alt
708 1382 46 15 mer
768 1375 99 20 känbara.
896 1375 11 20 I

82 1403 75 22 sådant
172 1403 99 21 afseende
286 1403 36 21 mä
336 1404 54 20 blott
404 1404 121 20 framhållas
541 1404 41 21 den
597 1405 52 19 nära
668 1410 43 20 nog
732 1403 97 20 rättslösa
850 1402 57 21 ställ-

82 1432 57 27 ning,
154 1432 60 20 hvari
230 1438 26 14 en
271 1432 103 27 husegare
391 1431 95 22 befinner
501 1433 32 26 sig
547 1434 108 25 gentemot
669 1432 33 19 sin
717 1432 116 25 hyresgäst,
856 1432 51 19 enär

82 1460 70 21 denne
167 1461 48 25 kan,
230 1459 49 21 med
295 1460 107 20 anlitande
417 1460 22 20 af
454 1460 41 20 alla
510 1460 26 20 de
552 1459 116 28 omgångar
682 1459 47 21 vårt
750 1459 157 27 rättegängsvä-

82 1489 65 21 sende
163 1488 104 28 erbjuder,
282 1488 69 21 under
366 1490 58 19 snart
438 1488 61 28 sagdt
514 1488 66 21 åratal
597 1488 104 28 tilltvinga
729 1488 32 28 sig
783 1489 30 19 att
834 1487 74 21 fortfa-

82 1518 66 22 rande
163 1518 96 27 begagna
275 1524 27 14 en
317 1517 79 28 bostad,
412 1517 32 21 till
459 1517 86 21 hvilken
561 1518 41 20 han
615 1517 46 21 icke
683 1517 73 21 vidare
778 1517 39 20 har
837 1516 71 27 nägon
