1075 1761
199 139 39 20 502
405 144 174 21 Borgareståndet
591 145 52 16 1891.
668 146 8 15 1
689 145 58 20 april.

171 223 220 21 asetusehdotuksessa
405 223 151 20 muutettaisiin
571 223 45 20 niin
630 223 133 26 kuuluvaksi,
783 224 42 19 että
839 229 37 14 sen
891 223 92 20 mukaan

171 251 168 27 asevelvollinen,
359 251 48 27 joka
429 251 103 21 oleskelee
554 251 141 27 ulkopuolella
717 251 40 21 sitä
777 251 101 21 kutsunta
900 251 83 26 aluetta,

169 280 65 27 jonka
248 279 115 21 luetteloon
378 280 40 20 hän
433 286 28 14 on
475 281 70 25 pantu,
560 280 54 26 saisi,
629 279 149 21 tarvitsematta
798 279 65 21 tuoda
878 279 53 21 esiin
945 279 38 20 mi-

170 310 48 19 tään
239 308 209 27 lääkärintodistusta,
462 308 32 27 jos
509 308 39 20 hän
563 314 53 14 vaan
632 314 69 14 ennen
718 307 119 21 huhtikuun
853 308 63 20 alkua
930 307 53 21 koti-

170 337 114 27 paikkansa
305 336 220 21 kutsuntatoimistolle
547 336 90 21 lähettää
651 336 115 26 kirjallisen
781 336 135 21 ilmoituksen
931 336 52 27 siitä,

170 366 64 20 missä
248 366 39 20 hän
304 366 70 20 tahtoo
389 364 52 22 tulla
455 365 116 27 tutkituksi,
586 371 79 21 saapua
679 364 144 22 tutkittavaksi
835 365 62 21 tähän
907 364 76 21 ilmoit-

170 396 107 18 tamaansa
291 394 109 27 paikkaan,
414 394 45 20 kun
473 394 41 20 hän
529 400 54 14 vaan
597 400 27 14 on
639 395 116 19 varustettu
771 393 166 21 asianomaisella
948 399 35 21 pa-

169 422 182 27 pintodistuksella
372 422 52 21 iästä
438 422 20 27 ja
473 422 118 21 maineesta.
620 422 76 20 Tämän
714 421 107 28 pyytäisin
835 422 148 24 valiokunnan,

170 451 65 20 asiata
249 450 161 27 käsitellessään,
425 450 114 21 huomioon
554 452 110 19 ottamaan.

238 523 32 22 Hr
291 523 159 28 Appelberg:
474 523 89 22 Oaktadt
577 524 35 27 jag
626 523 30 20 till
672 523 52 21 fullo
740 523 121 28 uppskattar
876 523 72 22 värdet
963 524 20 20 af

172 553 25 20 de
218 552 146 27 förbättringar
378 552 7 21 i
400 552 103 26 ätskilliga
524 552 89 27 punkter
635 552 21 20 af
678 551 121 22 nuvarande
815 552 168 27 värnepliktslag,

171 587 45 13 som
232 581 40 20 den
287 580 142 27 föreliggande
444 580 77 26 nådiga
535 580 154 27 propositionen
704 580 123 27 innehåller,
841 581 41 19 kan
892 581 35 27 jag
936 581 47 20 icke

171 608 109 21 underläta
295 610 29 19 att
338 608 80 28 päpeka
434 615 25 14 en
475 608 136 27 bestämning,
627 614 45 15 som
686 609 36 26 jag
730 608 47 21 icke
788 615 61 14 anser
859 615 50 14 vara
917 609 66 27 lämp-

171 637 34 27 lig.
234 637 41 27 Jag
295 643 73 15 menar
388 637 106 27 nämligen
510 637 39 21 den
564 636 89 28 ändring
667 637 8 20 i
691 637 11 26 $
719 637 39 20 112
774 639 30 19 att
819 637 118 27 skyldighet
952 637 31 21 till

171 665 56 21 aktiv
242 666 121 26 krigstjänst
377 666 31 20 för
422 671 99 21 personer
536 672 50 20 som,
601 665 32 21 för
647 667 30 19 att
691 664 71 28 undgä
772 665 149 28 värneplikten,
931 666 52 20 läm-

170 695 37 19 nat
228 694 76 26 landet,
327 694 53 20 skall
400 694 115 20 utsträekas
531 694 53 20 ända
599 693 31 21 till
645 694 26 20 30
687 693 32 21 års
734 693 63 21 ålder.
826 694 42 27 Jag
881 694 41 21 kan
937 694 46 20 icke

171 722 57 21 finna
244 724 29 19 att
288 722 35 21 det
338 722 67 21 skulle
421 722 75 27 uppstå
510 722 68 27 någon
594 722 66 21 fördel
675 722 59 20 däraf
748 724 30 19 att
792 728 28 15 en
834 728 81 21 person,
930 722 53 21 hvil-

171 750 41 21 ken
232 750 100 28 möjligen
354 750 35 20 vid
405 751 25 19 27
447 750 33 21 ärs
495 750 58 21 älder
567 750 58 22 tänkt
640 750 118 27 ätervända,
773 757 75 21 genom
864 750 69 22 denna
948 751 35 21 be-

171 780 105 26 stämning
291 778 67 22 skulle
374 779 77 20 drifvas
466 781 29 19 att
510 781 73 19 stanna
599 781 35 19 ute
649 781 57 18 ännu
721 780 31 20 tre
768 779 27 27 är,
811 781 22 25 ty
849 779 34 21 det
893 780 60 20 faller
963 779 21 21 af

172 808 31 26 sig
218 807 47 27 själf
280 809 29 19 att
324 808 41 20 den
380 814 44 14 som
440 807 71 27 afskyr
526 807 134 21 kasärnlifvet
675 807 27 26 sä,
718 809 30 19 att
762 808 42 20 han
820 808 69 20 därför
903 808 80 27 uppoff-

169 842 35 14 rar
224 836 48 20 hem
295 836 38 20 och
352 835 120 27 fosterland,
492 836 18 26 ej
526 836 7 20 i
548 836 69 26 nägon
632 836 99 20 händelse
747 836 123 20 ätervänder
884 836 23 20 sä
921 836 62 26 länge

171 864 41 20 han
227 864 38 20 har
280 864 69 20 denna
364 864 161 20 framtidsutsikt
539 864 8 19 i
561 864 124 27 perspektiv.
709 864 25 27 Ej
746 864 66 20 häller
827 864 42 20 kan
883 871 48 14 man
947 871 36 13 an-

172 894 47 25 taga
241 893 30 20 att
293 892 128 27 emigranten
444 892 68 21 skulle
526 892 85 21 komma
626 893 29 19 att
669 892 61 27 länge
746 892 72 21 sväfva
832 892 7 20 i
854 893 129 26 okunnighet

171 927 34 14 om
221 921 56 20 detta
286 920 114 27 stadgande
412 921 48 20 med
472 921 39 20 den
523 920 65 27 lifliga
599 920 134 27 förbindelse,
744 927 44 14 som
801 927 49 20 eger
861 928 47 14 rum
920 921 63 21 emel-

170 949 36 20 lan
227 949 76 20 honom
324 949 39 20 och
384 949 25 20 de
431 949 179 21 hemmavarande.
639 949 30 20 Ju
683 949 72 27 längre
770 949 42 20 han
827 951 23 18 är
864 950 59 20 borta
937 949 46 21 frän

169 977 137 21 fosterlandet
321 977 39 20 och
374 977 104 27 anhöriga,
494 977 47 20 dess
555 977 82 21 mindre
651 977 65 21 blifva
731 977 115 22 utsikterna
861 978 32 21 för
903 979 30 20 att
941 978 43 21 han

169 1005 54 21 skall
245 1005 133 21 återkomma.
406 1005 135 28 Antagandet
556 1006 21 21 af
591 1005 69 21 denna
683 1005 130 28 bestämning
828 1007 67 20 skulle
910 1006 73 21 endast

169 1034 62 21 hafva
246 1033 31 22 till
291 1034 87 21 resultat
393 1035 29 20 att
436 1034 121 27 ytterligare
569 1035 39 20 öka
623 1034 161 27 emigrationens
795 1035 136 20 ekonomiska
940 1035 41 20 för-

169 1063 112 26 lustkonto,
297 1062 39 21 och
350 1061 37 21 vill
402 1063 34 26 jag
451 1062 69 21 därför
535 1062 75 21 föreslä
625 1064 30 19 att
669 1063 69 20 denna
754 1063 88 28 ändring
856 1064 46 20 icke
913 1063 68 21 skulle

170 1091 94 26 vidtagas
279 1091 7 20 i
301 1090 194 28 värnepliktslagen.
940 1091 2 3 |

237 1158 31 20 Hr
283 1158 142 20 Wasenius:
441 1159 41 26 Jag
496 1159 38 20 ber
549 1161 28 18 att
591 1159 22 20 få
627 1159 79 26 påpeka
722 1165 25 15 en
763 1160 140 26 oegentlighet
917 1160 8 19 i
940 1160 41 20 for-

169 1186 137 28 muleringen,
327 1192 45 14 som
393 1186 160 21 förekommer
544 1182 15 37 i
569 1187 12 27 $
597 1187 32 20 58.
659 1187 40 27 Jag
721 1189 35 19 vet
778 1188 20 20 af
820 1188 118 20 erfarenhet
953 1190 29 18 att

170 1215 69 21 denna
254 1214 137 28 formulering
405 1215 37 20 har
457 1214 63 22 vållat
534 1216 63 20 bitter
610 1215 141 27 missräkning
765 1215 21 21 åt
801 1216 54 27 dem,
870 1222 43 15 som
935 1216 46 21 icke

169 1244 62 20 hafva
251 1243 93 21 studerat
365 1243 78 26 juridik
465 1244 38 20 och
523 1244 46 20 icke
590 1244 61 20 hafva
665 1244 55 21 klart
734 1244 32 21 för
780 1245 32 27 sig
827 1249 29 16 att
871 1245 38 20 här
923 1245 59 21 ordet

169 1271 138 27 »ansökning"
329 1271 87 27 betyder
432 1272 114 20 detsamma
561 1278 44 14 som
620 1273 125 25 ,anmälan*.
775 1272 10 22 I
801 1273 12 27 $
829 1274 26 19 32
871 1273 110 21 tillförsäk-

168 1306 34 13 ras
224 1300 52 19 hvar
297 1300 40 19 och
358 1306 26 14 en
399 1306 80 20 person,
495 1306 45 14 som
554 1300 38 20 har
607 1300 44 20 däri
666 1301 99 19 omnämd
779 1302 163 26 bildningsgrad,
953 1303 29 18 att

168 1328 42 20 han
232 1327 53 21 skall
307 1327 81 26 åtnjuta
409 1327 106 21 förkortad
530 1327 105 27 tjänstetid
651 1328 65 27 enligt
731 1328 26 21 de
772 1328 97 28 grunder,
885 1335 46 15 som
945 1329 37 20 där

169 1356 130 20 bestämmas.
328 1355 11 20 I
354 1356 12 26 $
382 1356 26 20 58
424 1356 58 26 säges
505 1357 30 19 att
556 1353 143 30 värnepliktig,
720 1363 45 15 som
780 1357 37 20 vill
831 1357 84 21 komma
930 1358 7 20 i
952 1357 29 21 ät-

168 1384 101 27 njutande
285 1384 20 20 af
320 1384 96 27 eftergift,
439 1383 53 21 skall
513 1384 92 21 inlämna
622 1384 89 28 skriftlig
726 1386 94 20 ansökan
835 1386 76 20 därom.
941 1386 41 21 För

168 1413 85 27 vanliga
266 1412 127 28 människor,
409 1412 97 21 särskildt
520 1413 32 21 för
567 1412 40 22 den
622 1415 55 19 stora
693 1414 140 21 allmänheten
848 1427 27 3 —
891 1415 56 21 detta
959 1416 22 20 är

167 1442 24 26 ju
215 1448 26 14 en
261 1441 40 27 lag,
323 1447 45 15 som
389 1441 66 21 måste
476 1441 69 21 finnas
565 1444 58 19 snart
641 1442 60 27 sagdt
715 1443 7 20 i
736 1442 72 28 hvarje
823 1444 49 20 hem
887 1456 26 2 —
928 1444 53 20 skall

169 1470 56 21 detta
245 1469 114 28 stadgande
381 1469 64 21 blifva
465 1470 79 27 ganska
564 1470 107 27 tvetydigt.
701 1471 51 21 Man
766 1471 95 21 kommer
875 1473 30 20 att
919 1472 62 21 hafva

168 1499 56 21 svårt
239 1500 29 19 att
281 1498 65 21 förstå
361 1500 29 19 att
404 1500 38 19 när
456 1504 27 15 en
495 1499 84 21 student
591 1500 22 20 är
623 1499 141 22 tillförsäkrad
779 1501 107 21 förkortad
896 1501 85 28 tjänste-

167 1527 36 27 tid,
220 1528 41 19 han
276 1527 82 20 likvisst
373 1527 52 20 skall
439 1527 93 20 inlämna
547 1527 89 28 skriftlig
651 1529 93 20 ansökan
758 1531 30 18 att
802 1529 22 20 få
838 1529 101 21 komma
926 1523 12 37 i
951 1530 30 20 åt-
