1075 1759
200 127 41 21 262
408 131 177 22 Borgareståndet
598 132 54 17 1891.
677 132 27 17 24
715 132 51 17 febr.

173 210 125 28 myndighet
312 210 52 21 eller
379 210 97 26 åklagare
492 210 83 21 beifras.
598 210 50 21 Man
663 208 77 29 skapar
754 210 54 21 blott
823 216 76 21 genom
915 212 30 19 ett
959 210 38 27 dy-

172 239 39 21 likt
233 238 76 21 förbud
331 238 198 28 lagöfverträdelser
551 239 40 21 och
612 238 60 21 däraf
685 238 93 27 följande
794 238 133 28 angifvelser,
949 238 48 28 åtal,

172 267 61 21 böter
253 267 39 21 och
313 266 94 27 fängelse
422 266 33 22 för
469 266 131 28 handlingar,
623 273 46 15 som
684 267 67 27 enligt
766 267 35 21 det
816 266 105 22 allmänna
936 269 61 19 rätts-

171 295 151 22 medvetandet
337 295 87 21 alldeles
438 295 48 21 icke
502 295 72 21 kunna
589 295 114 28 uppfattas
710 295 70 21 såsom
794 295 61 22 brott.
877 295 36 21 Må
927 295 71 22 därför

171 323 232 28 polismyndigheterna
426 330 23 15 se
472 323 32 22 till
527 325 29 19 att
575 330 49 15 man
639 323 46 21 icke
700 324 93 21 fördelar
808 324 35 21 det
857 324 64 27 köpta
935 324 62 21 brän-

172 353 59 20 vinet
245 353 7 19 i
267 352 133 27 portgångar,
416 353 28 27 på
458 355 61 24 gator
533 353 39 21 och
588 355 52 24 torg,
662 358 50 15 men
727 352 35 21 må
776 352 37 21 det
826 353 47 20 icke
888 352 109 27 förbjudas

173 380 103 28 hederligt
297 381 51 26 folk,
369 387 46 14 som
434 381 38 20 vill
492 381 64 20 hafva
571 383 29 18 ett
614 380 83 21 mindre
712 381 104 20 kvantum
830 381 95 26 bränvin,
945 382 52 26 sprit

173 409 52 21 eller
239 409 84 28 konjak,
339 410 30 19 att
384 408 31 22 slå
429 409 33 27 sig
476 409 140 21 tillsammans
631 409 32 20 för
678 411 30 19 att
723 412 132 24 gemensamt
869 409 54 27 köpa
934 409 61 22 detta.

241 437 79 22 Vidare
335 437 38 21 ber
388 438 34 27 jag
438 440 30 19 att
482 437 22 21 få
518 437 81 28 påpeka
613 444 26 14 en
655 437 109 28 uppenbar
778 437 156 22 inkonsekvens
944 438 53 21 mel-

171 467 37 20 lan
229 467 66 20 andra
315 472 64 15 mom.
394 467 8 20 i
418 467 28 20 14
462 467 12 26 $
490 466 39 21 och
544 466 67 27 tredje
625 472 63 14 mom.
703 466 8 20 i
727 466 25 20 51
769 466 18 26 $.
817 466 72 27 Enligt
910 467 6 19 2
931 473 64 14 mom.

172 495 8 21 i
196 495 26 20 14
238 495 12 26 $
264 495 33 21 får
312 495 148 27 ,innehafvare
482 494 21 21 af
526 494 98 21 bränneri
645 493 52 22 eller
720 494 188 28 distilleringsvärk
927 495 69 21 under

171 523 134 28 iakttagande
319 523 34 21 för
368 523 62 28 öfrigt
446 523 20 21 af
481 523 124 21 förenämda
620 523 156 27 bestämningar
790 523 32 21 till
835 523 113 28 behörigen
959 530 36 14 an-

172 555 63 24 tagne
250 552 176 27 minutförsäljare
442 551 63 22 aflåta
519 551 89 22 bränvin
622 551 8 20 i
644 551 46 21 kärl
705 551 21 21 af
741 551 63 22 minst
815 552 35 21 två
859 551 58 22 liters
927 552 68 27 rymd,

172 581 49 21 med
242 581 69 21 vilkor
333 582 30 19 att
377 581 79 27 kärlen,
476 581 60 21 hvari
551 587 65 14 varan
631 580 111 27 utlämnas,
757 582 35 19 äro
808 580 118 28 förseglade
941 583 55 19 samt

172 610 98 21 försedda
284 609 49 21 med
348 609 90 27 påskrift
452 616 35 14 om
503 609 48 21 dess
566 608 145 22 beskaffenhet
731 609 39 20 och
784 609 145 21 fabrikantens
944 609 52 22 eller

172 638 106 21 fabrikens
293 639 83 20 namn".
407 638 71 28 Enligt
501 639 6 20 3
521 645 63 14 mom.
600 637 7 21 i
624 637 25 21 51
666 638 12 26 $
693 639 36 19 äro
745 637 93 28 återigen
856 637 139 28 ,vederbörli-

173 673 40 21 gen
229 669 89 25 antagne
333 667 179 27 minutförsäljare
533 666 78 27 jämväl
626 665 130 28 berättigade
771 669 30 18 att
816 666 85 27 försälja
915 667 80 21 inhem-

172 695 38 21 ska
231 695 66 22 finare
318 695 79 22 likörer
419 696 31 20 till
467 695 83 21 mindre
565 695 76 27 belopp
657 697 25 18 än
697 695 36 20 två
747 695 53 27 liter,
823 695 86 22 såframt
923 695 72 28 kärlet,

172 724 60 21 hvari
247 724 64 21 sådan
326 723 99 22 inhemsk
446 723 66 27 dryck
527 723 101 27 försäljes,
651 725 22 19 är
687 723 115 28 försegladt
817 723 21 21 af
853 723 142 22 kontrollören

173 752 35 21 vid
224 752 215 28 distilleringsvärket,
455 753 38 20 där
508 752 93 27 drycken
619 754 23 18 är
657 751 101 21 tillredd".
788 752 69 27 Egare
873 753 21 20 af
909 753 86 20 distille-

172 781 110 27 ringsvärk
303 781 33 20 får
357 781 89 21 sålunda
463 781 48 21 icke
525 781 70 20 lämna
611 782 23 19 ut
649 780 89 21 bränvin
752 781 8 20 i
774 781 47 20 kärl
836 780 21 21 af
871 781 83 21 mindre
969 783 26 18 än

173 810 35 21 två
222 810 58 21 liters
295 810 68 27 rymd,
378 816 50 15 men
443 809 176 26 minutförsäljare
635 811 23 18 är
672 809 117 27 berättigad
805 811 30 18 att
849 809 53 27 sälja
913 809 82 21 mindre

173 839 27 20 än
221 838 35 21 två
277 838 48 21 liter
347 839 40 20 och
400 839 8 20 i
423 839 104 20 hvardera
546 837 59 22 fallet
625 837 54 21 skall
693 837 80 22 flaskan
789 845 50 13 vara
853 837 106 28 förseglad
975 838 21 21 af

172 867 144 21 kontrollören
331 867 41 21 och
386 867 7 20 i
409 867 57 21 detta
480 867 60 20 skick
554 866 71 21 lämna
640 866 214 27 distilleringsvärket.
876 867 70 20 Jämte
960 867 35 21 det

172 896 36 27 jag
229 895 122 28 godkänner
372 896 36 20 det
427 896 115 27 undantag,
563 901 46 14 som
623 895 8 20 i
647 895 25 20 51
689 895 12 26 $
717 897 23 18 är
754 895 70 27 gjordt
838 895 33 21 för
885 895 110 22 inhemska

172 924 66 21 finare
260 923 84 29 likörer,
367 924 107 27 nämligen
497 926 29 19 att
543 923 62 21 dessa
619 923 60 21 skola
692 923 23 21 få
729 923 96 28 försäljas
840 923 8 21 i
862 924 82 21 mindre
959 923 36 22 be-

172 953 49 27 lopp
243 954 27 19 än
290 952 36 21 två
345 953 55 26 liter,
422 953 38 20 vill
481 953 36 26 jag
531 952 82 27 föreslå,
634 953 29 19 att
678 952 110 21 enahanda
803 952 108 27 undantag
927 952 68 22 skulle

171 981 81 20 lämnas
267 981 34 20 för
315 982 57 27 sprit,
388 981 27 20 då
430 981 48 21 dess
493 981 128 20 alkoholhalt
636 980 124 27 öfverstiger
772 981 26 20 70
811 981 32 26 9/,.
866 981 129 27 Därigenom

173 1011 30 19 att
217 1009 65 20 sådan
297 1010 52 26 sprit
363 1009 70 21 skulle
447 1009 22 21 få
483 1009 96 26 försäljas
599 1009 32 20 till
646 1010 29 19 ett
694 1008 76 28 belopp
786 1009 21 20 af
822 1009 64 21 minst
901 1015 25 15 en
941 1009 53 27 liter,

172 1038 43 20 kan
229 1037 46 21 icke
291 1037 64 28 något
369 1037 144 28 kringgående
529 1037 22 20 af
565 1037 124 27 stadgandet
701 1039 31 20 att
741 1037 36 21 två
786 1037 49 21 liter
844 1038 80 27 vanligt
933 1037 62 22 brän-

173 1066 36 20 vin
225 1067 22 18 är
262 1065 35 22 det
311 1066 78 21 minsta
403 1065 82 28 belopp,
508 1072 45 14 som
568 1065 32 21 får
615 1065 68 26 säljas,
704 1071 40 21 ega
758 1072 54 20 rum,
827 1066 27 20 då
867 1067 24 26 ju
906 1072 27 15 en
948 1065 47 22 liter

173 1094 21 21 af
210 1094 27 21 70
252 1093 27 28 %/
295 1094 96 27 sprithalt
404 1094 118 21 innehåller
536 1094 44 21 lika
594 1093 85 28 mycket
701 1094 85 21 alkohol
801 1100 46 15 som
862 1094 36 21 två
912 1094 48 21 liter
975 1095 21 20 af

174 1123 27 20 35
216 1122 28 27 %
259 1123 78 26 styrka.
368 1122 42 22 Det
425 1129 50 14 vore
491 1122 128 27 nödvändigt
634 1123 30 20 att
678 1122 71 21 lämna
763 1124 66 19 större
839 1123 64 20 frihet
913 1123 20 20 åt
943 1123 52 21 han-

173 1151 50 20 deln
237 1151 50 22 med
301 1151 59 21 stark
375 1152 57 27 sprit,
455 1151 27 20 då
495 1152 24 26 ju
535 1151 116 21 detsamma
671 1151 43 21 ofta
729 1151 100 21 behöfves
844 1151 33 21 för
891 1151 104 22 husbehof

173 1179 40 22 och
227 1179 32 21 för
274 1180 56 21 vissa
344 1179 98 22 tekniska
456 1179 103 28 ändamål,
574 1180 33 20 för
621 1179 72 21 hvilka
707 1179 44 22 ofta
765 1186 42 21 nog
822 1179 35 22 två
870 1180 49 21 liter
933 1182 23 19 är
966 1182 29 19 ett

173 1208 63 21 altför
250 1210 52 19 stort
316 1209 108 20 kvantum.
454 1208 103 28 Slutligen
573 1208 37 20 vill
625 1208 35 27 jag
672 1208 54 21 fästa
736 1209 213 26 uppmärksamheten
959 1209 36 20 vid

173 1237 13 26 $
202 1237 33 26 17,
251 1237 37 20 där
303 1237 35 22 det
352 1237 65 27 heter,
440 1237 157 27 ,minuthandel
612 1237 49 20 med
681 1237 90 20 bränvin
786 1237 53 21 eller
854 1237 141 28 utskänkning

173 1265 59 21 däraf
246 1265 35 21 må
296 1265 19 28 ej
331 1265 60 22 idkas
407 1266 12 20 å
434 1268 65 18 annat
513 1268 27 18 än
555 1265 70 21 därför
640 1265 104 21 bestämdt
759 1266 66 27 ställe,
841 1272 45 14 som
897 1265 38 22 bör
945 1273 50 14 vara

172 1294 93 19 utmärkt
279 1293 49 20 med
343 1294 63 25 skylt,
428 1294 65 19 hvarä
508 1294 100 25 säljarens
623 1300 65 13 namn
707 1293 69 21 finnes
798 1295 104 25 anbragt".
931 1294 63 21 Hvad

172 1321 229 26 utskänkningsställen
422 1320 103 28 beträffar,
547 1321 38 20 har
607 1320 58 21 detta
687 1321 115 27 stadgande
820 1321 44 27 mig
878 1322 117 27 veterligen

173 1348 67 28 aldrig
262 1349 128 20 efterlefvats
410 1350 64 19 annat
489 1351 26 18 än
529 1349 8 20 i
552 1348 161 27 undantagsfall.
743 1349 41 21 För
799 1350 44 19 min
859 1349 34 20 del
907 1350 39 20 har
959 1350 36 26 jag

172 1377 126 21 åtminstone
318 1377 95 22 hvarken
434 1377 28 28 pä
484 1377 165 27 societetshuset,
670 1376 93 28 kapellet
784 1377 53 22 eller
852 1377 142 28 teaterkaf6et,

171 1405 77 29 mänga
269 1406 66 21 andra
356 1406 76 21 ställen
447 1407 30 20 att
491 1406 81 27 förtiga,
593 1408 40 19 sett
648 1405 70 28 nägon
734 1406 61 28 skylt,
818 1413 45 14 som
878 1406 68 21 skulle
961 1409 32 18 ut-

171 1435 73 21 märka
266 1437 30 19 att
317 1435 26 22 de
358 1437 35 19 äro
408 1434 237 28 utskänkningsställen,
667 1435 48 21 med
731 1435 90 21 värdens
836 1442 65 15 namn
917 1436 12 21 å
944 1435 50 22 den-

171 1469 81 15 samma
274 1465 75 25 utsatt;
373 1464 39 21 och
434 1464 84 21 hvartill
555 1464 42 20 detta
617 1463 69 21 skulle
708 1470 75 22 gagna,
804 1464 77 21 förstär
897 1464 35 28 jag
946 1464 47 22 icke

171 1492 72 22 häller.
265 1492 88 28 Följden
368 1492 21 22 af
404 1494 30 20 ett
449 1492 68 28 dylikt
531 1492 115 28 stadgande
661 1499 49 15 vore
726 1492 64 22 bland
806 1495 70 26 annat,
892 1496 29 19 att
936 1494 21 20 vi
967 1494 26 28 pä
