1092 1770
195 143 41 20 496
397 149 176 21 Borgareståndet
586 150 53 16 1891.
663 150 27 16 24
701 153 62 13 mars.

169 228 83 21 ståndet
274 228 66 21 redan
362 235 30 14 nu
407 229 67 20 skulle
489 229 88 20 hänvisa
591 229 156 27 propositionen
763 229 32 20 till
810 229 77 20 nämda
902 228 85 27 utskott,

168 257 136 27 hvarigenom
321 256 35 21 det
371 257 69 20 blefve
455 257 82 27 möjligt
557 258 33 20 för
605 257 101 21 utskottet
721 258 30 20 att
764 258 66 20 redan
845 257 68 21 under
927 257 61 27 påsk-

168 285 91 21 ferierna
274 285 102 27 utbegära
390 286 154 26 handlingarna
556 286 89 20 rörande
656 286 69 20 denna
735 286 133 27 proposition,
884 285 105 21 hvarefter

168 314 102 20 utskottet
284 315 74 25 genast
373 314 35 20 vid
423 314 65 20 första
502 314 155 21 sammanträde
675 314 53 21 efter
743 314 51 27 påsk
809 314 42 21 kan
863 314 126 27 påbegynna

168 342 156 27 behandlingen
340 342 21 20 af
376 342 128 21 densamma.

236 399 10 20 I
262 399 92 27 enlighet
368 398 50 22 med
432 399 25 20 hr
472 398 117 28 Cloubergs
603 399 84 27 förslag,
707 399 68 21 beslöt
790 400 83 20 ståndet
888 400 101 26 enhälligt

168 430 30 18 att
220 427 130 21 omedelbart
372 428 106 20 remittera
494 428 77 27 nådiga
585 428 156 27 propositionen
757 435 34 13 n:o
807 429 26 19 23
848 428 32 20 till
896 428 92 21 behand-

167 455 45 28 ling
227 456 21 20 af
263 456 140 27 lagutskottet.

235 569 83 27 Nådiga
331 569 181 27 propositionerna
526 570 51 20 n:ris
593 570 32 27 24,
641 570 27 19 25
685 570 38 20 och
739 570 26 20 26
782 570 110 21 bordlades
904 570 32 20 till
946 571 42 20 för-

167 599 32 19 sta
213 597 86 28 plenum
315 598 53 20 efter
382 598 57 27 påsk.

234 715 55 22 Från
311 716 136 27 lagutskottet
467 717 54 20 hade
544 717 86 20 anländt
645 723 25 14 en
687 717 116 27 skrifvelse,
823 717 116 27 hvarjämte
954 719 33 19 ut-

166 745 78 21 skottet
259 745 31 20 till
305 745 83 21 ståndet
402 745 121 21 öfversändt
538 746 46 21 sina
598 745 159 21 betänkanden:

234 808 34 14 n:o
291 802 11 20 6
325 802 7 19 i
356 802 114 27 anledning
492 803 21 20 af
534 809 26 14 en
574 803 8 20 i
597 803 23 20 R.
637 809 17 14 o.
670 803 25 20 A.
710 803 63 20 väckt
788 803 79 20 motion
883 809 35 14 om
933 809 52 21 upp-

166 830 104 21 häfvande
293 831 25 26 af;
334 830 25 21 de
374 831 172 26 lagstadganden,
568 838 45 14 som
628 831 53 27 angä
697 831 110 27 gäldenärs
822 831 119 28 skyldighet
957 833 30 19 att

166 859 35 20 vid
216 859 108 20 bristande
339 859 207 27 betalningstillsäng
561 860 78 26 aftjäna
654 859 31 21 sin
702 860 63 20 skuld
779 860 49 20 med
844 860 80 26 arbete;
947 861 39 20 och

234 893 34 15 n:o
286 888 10 20 7
312 888 8 20 i
335 887 114 27 anledning
464 888 22 20 af
500 890 34 22 etti
548 888 58 21 inom
629 888 152 27 prästeståndet
802 888 62 21 väckt
878 889 108 26 petitions-

164 915 79 28 förslag
258 922 35 14 om
309 916 146 27 upphäfvande
470 916 22 20 af
506 916 77 28 nädiga
597 916 152 28 förordningen
761 917 21 20 af
792 917 41 20 den
844 917 11 20 6
867 917 46 27 juni
924 917 61 27 1883,

164 944 136 27 hvarigenom
316 946 75 19 räntan
405 944 33 21 för
452 945 56 21 vissa
522 945 46 27 slag
583 945 21 21 af
618 945 178 27 försträckningar
809 945 104 27 frigifvits.

233 1001 29 20 Af
283 1001 60 21 dessa
365 1000 147 23 betänkanden
535 1002 54 21 hade
611 1002 74 20 endast
708 1002 35 21 det
764 1002 130 21 förstnämda
916 1002 69 21 blifvit

164 1029 65 21 bland
250 1029 93 21 ständets
364 1030 138 21 medlemmar
519 1030 98 27 utdeladt,
641 1031 38 20 och
695 1030 111 22 bordlades
822 1031 115 21 detsamma
952 1031 32 21 till

164 1059 60 20 nästa
239 1058 92 27 plenum.

232 1189 32 21 Hr
286 1190 122 20 talmannen
430 1190 138 28 tillkännagaf
590 1193 30 19 att
646 1192 60 19 nästa
732 1191 87 27 plenum
846 1191 85 21 komme
955 1193 29 19 att

163 1217 66 21 hällas
245 1218 107 27 onsdagen
368 1218 40 21 den
424 1219 11 20 1
453 1219 52 27 april
520 1220 27 19 kl.
563 1219 12 20 6
591 1226 17 13 e.
623 1226 27 13 m.

234 1351 89 21 Plenum
340 1352 114 21 afslutades
469 1353 27 20 kl.
514 1353 60 27 12,50
590 1354 27 26 pä
631 1354 73 26 dagen.

767 1416 22 18 In
801 1416 60 18 fidem:

711 1450 26 22 A.
760 1450 21 22 V.
797 1450 116 28 Lindberg.
