1075 1764
306 100 176 21 Borgareständet
497 101 53 17 1891.
574 103 23 16 21
609 102 50 17 febr.
825 98 42 20 239

70 177 47 22 eikä
138 178 40 21 sitä
200 178 115 28 epäkohtaa
336 179 62 22 voida
420 181 64 21 saada
501 181 131 22 muutetuksi
647 184 88 19 muuten
751 182 51 21 kuin
819 183 73 21 valtio-

69 207 90 27 päivillä,
174 208 59 26 jotka
247 208 70 20 silloin
332 210 102 20 saattavat
449 210 42 20 olla
504 210 124 27 jokseenkin
641 210 103 28 kaukana,
758 212 53 26 jotta
823 212 69 20 sellai-

69 242 43 14 nen
126 238 87 18 muutos
228 236 56 27 voipi
298 237 62 26 jäädä
374 237 83 21 sikseen
471 238 103 26 hyvinkin
589 239 84 27 pitkiksi
689 240 81 26 ajoiksi.
793 239 98 27 Myöskin

69 264 58 20 minä
146 264 83 27 pitäisin
253 264 133 28 loppusanat:
410 266 60 26 ,jona
493 267 78 20 tuomio
588 267 28 20 tai
631 268 71 26 päätös
718 270 110 24 annetaan,
849 270 43 18 tätä

69 292 73 27 päivää
163 292 129 22 kuitenkaan
313 293 83 21 lukuun
419 295 120 21 ottamatta*
561 296 166 27 tarpeettomina.
756 296 38 20 Jos
815 296 75 21 kerran

68 320 115 22 mainitaan
197 327 27 15 ne
239 321 135 27 lakipykälät,
388 322 62 27 joista
464 323 83 27 puheen
561 324 83 20 alainen
655 324 74 20 säädös
740 324 43 21 tule
794 324 97 21 olemaan

68 349 165 28 poikkeuksena,
255 350 44 20 niin
320 351 19 20 ei
359 351 85 21 tarvitse
459 352 72 26 puhua
546 352 52 27 siitä,
620 352 62 21 mistä
696 353 94 26 päivästä
804 352 88 22 valitus-

69 378 47 20 aika
131 384 27 15 on
173 378 98 28 luettava,
287 378 46 21 sillä
348 385 22 15 se
386 379 58 27 kyllä
458 380 41 27 käy
510 380 80 21 selville
601 381 129 21 mainituista
739 381 151 27 lakipaikoista.

69 406 40 22 Sen
128 406 84 28 nojalla,
234 407 51 21 mitä
307 408 48 20 olen
378 408 106 28 lausunut,
507 409 132 28 ehdottaisin,
661 411 42 20 että
719 410 96 27 puheena
831 410 60 21 oleva

68 435 108 21 lainkohta
196 436 57 20 tulisi
273 436 51 20 näin
345 436 142 22 kuulumaan:
523 438 157 21 Poikkeemalla
701 439 52 26 siitä,
775 439 50 21 mitä
848 438 42 21 laki

68 464 23 21 0.
106 464 26 21 K.
149 464 26 21 16
190 464 67 21 luvun
273 466 11 20 1
300 465 22 27 ja
337 466 12 20 3
366 466 54 26 &:ssä
442 466 51 21 sekä
515 467 26 21 25
556 466 95 22 luvun
634 460 13 38 5
666 468 21 26 ja
703 468 12 19 9
732 468 54 26 S:ssä
801 467 89 27 sisältää,

68 493 112 21 säädetään
195 495 62 25 täten,
273 495 42 20 että
330 494 53 27 aika,
397 494 65 28 jonka
476 495 101 21 kuluessa
591 497 86 20 muutos
691 502 29 14 on
734 496 99 21 haettava
842 498 49 26 pää-

68 522 88 21 tökseen
180 522 28 20 tai
231 523 114 27 tuomioon,
367 523 64 27 jonka
451 524 181 21 Ahvenanmaalla
653 524 61 22 oleva
735 524 112 21 ali-oikeus
863 531 27 14 on

68 550 74 27 tehnyt
164 551 91 21 valitus-,
277 551 89 21 vekseli-
386 552 28 20 tai
432 552 189 27 merilakiasioissa,
637 553 56 27 pitää
708 555 52 19 tästä
774 553 58 21 lähin
848 553 43 21 ole-

68 586 48 14 man
131 580 27 20 42
174 579 79 28 päivää.

136 608 50 21 Med
209 608 101 22 afvikelse
332 608 47 20 från
400 608 72 28 lagens
493 609 115 28 stadgande
623 610 8 20 i
647 610 25 20 16
687 610 47 27 kap.
752 610 10 20 1
780 610 39 20 och
834 611 12 20 3
863 610 27 27 $$

68 639 55 19 samt
138 638 27 19 25
180 638 46 26 kap.
245 637 12 20 5
273 638 39 20 och
327 638 13 19 9
356 637 26 27 8$
398 637 23 21 R.
436 638 24 20 B.
476 638 75 21 varder
566 638 122 27 härigenom
710 638 129 27 förordnadt,

137 668 30 18 att
188 661 58 37 tiden
262 666 37 28 för
321 665 93 21 sökande
432 666 21 20 af
474 666 90 28 ändring
578 667 7 20 i
600 666 70 28 utslag
692 667 52 21 eller
766 667 55 27 dom,
844 673 46 15 som

68 694 109 21 underrätt
197 694 26 28 pä
244 694 70 21 Åland
334 694 38 21 fält
387 694 6 21 i
408 694 101 27 besvärs-,
529 696 72 20 växel-
616 695 51 21 eller
682 695 133 27 sjörättsmäl,
836 695 54 21 skall

68 722 123 22 hädanefter
206 724 88 20 utsättas
309 723 32 21 till
356 723 27 20 42
400 723 68 28 dagar.

137 797 33 21 Hr
190 797 138 21 Andstön:
358 797 41 28 Jag
426 798 37 20 ber
484 800 31 19 att
538 798 21 20 få
582 798 128 21 understöda
731 798 25 21 hr
777 798 112 21 Forsmans

68 826 97 27 yttrande
180 826 55 21 hvad
251 826 98 21 beträffar
363 826 193 28 ändringssökande
571 827 7 19 i
592 827 117 20 underrätts
720 827 55 27 dom,
790 828 31 19 att
830 829 59 18 näm-

67 854 57 28 ligen
145 854 41 21 den
205 855 6 20 i
229 854 141 22 betänkandet
388 854 119 28 föreslagna
528 855 139 27 stiliseringen
688 855 69 21 skulle
779 855 111 21 förändras

67 882 54 22 ifrån
144 884 30 19 att
196 883 75 21 endast
290 883 76 21 beröra
386 883 117 21 häradsrätt
523 883 31 21 till
572 885 30 19 att
617 884 74 20 beröra
705 884 110 20 underrätt
829 884 7 20 i
851 884 38 20 all-

68 912 90 26 mänhet,
175 912 38 20 och
229 912 37 20 ber
280 912 35 26 jag
331 912 69 20 därför
415 914 30 18 att
460 912 145 26 lagutskottets
617 912 133 20 betänkande
760 912 65 21 mätte
836 912 53 20 äter-

68 940 117 20 remitteras
200 940 7 20 i
223 940 34 21 det
273 940 98 21 afseende
386 946 45 14 som
448 940 24 20 hr
486 940 101 21 Forsman
602 940 67 27 yrkat.

136 1008 33 21 Hr
191 1008 177 22 Serlachius:
401 1008 62 21 Utom
491 1009 25 21 de
541 1009 29 20 uti
593 1008 232 22 utskottsbetänkandet
845 1015 44 14 om-

68 1037 77 21 nämda
166 1037 139 27 lagrummen,
327 1037 76 27 hvilka,
425 1038 82 20 utöfver
526 1038 55 20 hvad
596 1038 155 26 propositionen
766 1037 124 27 innehåller,

68 1066 69 20 blefve
152 1066 93 21 ändrade
259 1072 77 21 genom
349 1066 127 26 densamma,
491 1066 67 21 finnas
569 1066 62 20 äfven
642 1066 72 26 andra,
729 1066 77 27 hvilka,
822 1066 7 20 i
838 1066 52 20 hän-

69 1094 57 21 delse
147 1101 49 13 man
219 1094 48 22 ville
290 1095 96 21 använda
405 1094 41 21 den
462 1095 20 20 af
497 1095 25 20 hr
537 1094 100 22 Forsman
653 1094 119 28 föreslagna
786 1094 104 22 redaktio-

68 1129 47 20 nen,
131 1122 63 21 också
210 1123 63 21 borde
289 1125 133 25 omnämnas;
438 1124 35 26 jag
488 1123 41 21 kan
543 1123 47 21 icke
605 1130 29 14 nu
650 1124 68 20 erinra
734 1124 42 26 mig
786 1123 65 21 andra
864 1125 26 18 än

70 1151 201 27 inteckningslagen,
294 1158 48 14 men
364 1152 36 21 det
419 1151 69 22 finnes
509 1152 43 21 helt
574 1152 69 20 säkert
663 1152 62 20 äfven
746 1152 71 20 andra.
849 1150 42 22 Det

68 1186 64 20 synes
156 1180 44 27 mig
223 1180 70 21 därför
314 1180 46 21 icke
377 1188 49 14 vara
441 1180 45 21 skäl
502 1183 29 19 att
546 1181 37 21 här
598 1180 99 21 särskildt
712 1180 109 28 uppräkna
836 1180 55 20 vissa

68 1208 84 28 lagrum
168 1208 69 21 såsom
252 1216 77 20 genom
344 1209 151 27 förordningen
507 1209 98 27 ändrade,
613 1209 27 21 då
648 1216 49 14 man
704 1209 107 27 lätteligen
819 1208 72 21 kunde

69 1237 108 24 utelämna
191 1238 63 27 något
269 1238 31 21 till
315 1238 64 21 saken
394 1238 92 21 hörande
502 1238 82 28 lagrum
600 1238 39 21 och
654 1238 161 27 förordningens
832 1239 59 19 inne-

68 1265 43 22 håll
138 1266 88 21 sålunda
253 1267 69 21 blefve
342 1267 146 20 inskränktare
511 1269 26 18 än
557 1267 61 21 afsett
633 1268 28 19 är.
690 1266 42 21 Det
747 1267 44 20 skäl
806 1265 86 22 hvarför

68 1301 50 14 man
132 1295 8 20 i
154 1295 60 27 fråga
229 1302 34 14 om
280 1295 101 27 viktigare
396 1295 59 27 lagar
469 1297 64 25 gärna
545 1295 102 27 åberopar
659 1295 25 21 de
695 1295 97 28 gällande
802 1295 89 27 lagrum,

69 1330 45 14 som
137 1330 75 21 genom
233 1323 107 22 desamma
361 1325 122 26 -upphäfvas,
502 1327 35 18 äro
554 1325 7 20 i
577 1324 56 21 detta
648 1324 37 20 fall
699 1324 47 21 icke
761 1323 129 29 tillämpliga.

69 1351 62 22 Hvad
146 1352 45 21 åter
206 1352 101 21 beträffar
319 1353 101 27 förslaget
434 1355 36 26 att
479 1353 73 26 utbyta
568 1353 64 20 orden
649 1369 4 10 ,
655 1353 140 26 häradsrätt
791 1347 13 38 i
809 1352 82 21 Ålands

70 1381 111 26 domsaga"
203 1383 44 18 mot
269 1381 120 26 ,underrätt
408 1381 28 26 pä
458 1381 87 26 Åland",
566 1381 23 20 sä
610 1381 38 20 har
669 1383 29 18 ett
718 1381 75 20 sådant
813 1381 86 26 förslag

69 1408 63 21 också
152 1409 58 20 inom
225 1409 102 20 utskottet
341 1409 73 20 väckts
429 1409 39 20 och
484 1409 131 20 diskuterats.
645 1407 42 22 Det
701 1409 75 26 ansågs
792 1408 53 21 dock
861 1410 30 18 att

69 1443 26 14 en
118 1436 65 21 sådan
204 1437 110 20 redaktion
336 1437 72 20 :kunde
428 1437 58 26 gifva
503 1437 114 26 anledning
631 1436 32 21 till
678 1436 152 26 missförstånd,
845 1436 46 20 dels

69 1464 89 22 emedan
179 1465 40 21 den
233 1465 71 28 kunde
321 1465 102 21 innefatta
437 1465 62 21 äfven
515 1465 146 27 ordningsrätt,
677 1465 44 20 dels
736 1464 88 29 emedan
841 1471 51 20 ,un-

70 1494 78 21 derrätt
170 1493 27 28 på
218 1493 81 22 Åland"
315 1493 68 22 skulle
398 1494 101 21 innebära
515 1500 24 15 en
556 1493 122 28 otydlighet,
693 1493 27 21 då
735 1511 11 10 ,,
747 1493 82 21 Åland"
844 1493 47 21 icke
