1075 1750
327 119 186 25 Borgareståndet
518 120 53 17 1891.
595 120 13 17 9
620 124 60 13 mars.
850 115 41 20 379

93 205 73 14 maan:
197 197 181 27 Oikeus-asioissa,
393 198 63 26 joissa
471 198 112 22 virallinen
598 199 90 26 syyttäjä
704 199 59 21 viran
779 199 94 27 puolesta
889 206 27 14 on

94 228 111 26 syyttänyt
219 227 96 26 jotakuta
329 226 117 22 rikoksesta
460 228 13 26 j.
486 233 20 14 n.
517 233 17 15 e.
556 226 136 22 Viimeisessä
702 228 136 20 momentissa
849 228 67 20 seisoo

94 255 74 21 sitten:
192 255 44 26 ,jos
257 255 126 21 vaatimusta
404 255 108 21 harkitaan
536 255 172 21 kohtuulliseksi*
731 256 45 20 kun
790 256 57 26 pitää
865 256 50 20 olla:

95 284 43 26 yjos
161 283 115 21 vaatimus*
298 284 14 26 j.
334 289 20 15 n.
378 289 16 14 e.
425 282 68 22 Sitten
517 284 82 26 lopussa
614 290 28 14 on
657 284 122 20 valiokunta
793 286 124 18 muuttanut

94 312 108 26 esityksen
217 313 68 19 sanat:
309 317 50 20 ,sen
381 312 115 26 estämättä,
518 312 46 20 mitä
586 311 112 28 ylempänä
720 318 26 14 on
763 312 106 26 säädetty*
884 318 33 14 sa-

94 340 69 20 noiksi
183 340 137 26 huolimatta
342 339 52 27 siitä,
409 340 52 20 mitä
475 340 112 27 ylempänä
602 346 27 14 on
644 340 113 27 säädetty*,
777 340 50 28 joka
840 341 76 20 minun

94 368 150 21 käsittääkseni
258 375 28 14 on
301 368 144 21 virheellinen.
475 368 52 21 Olisi
546 369 36 21 siis
597 371 93 24 suotava,
713 371 43 19 että
771 369 145 21 suomalainen

94 396 106 22 lakiteksti
222 396 130 27 lykättäisiin
375 396 90 21 takaisin
489 397 151 21 valiokuntaan
663 397 164 21 muutettavaksi
849 397 67 21 siihen

94 426 106 20 suuntaan
214 425 53 21 kuin
282 427 39 26 nyt
336 425 49 22 olen
399 425 129 22 ehdottanu:.

162 493 154 22 Diskussionen
336 494 90 21 rörande
447 494 137 21 förevarande
602 494 59 27 fräga
676 495 129 21 förklarades
820 495 50 20 härä
885 494 30 21 af-

93 522 77 27 slutad,
185 523 90 20 emedan
290 523 64 27 ingen
370 523 71 20 vidare
457 523 89 27 begäide
562 523 64 26 ordet,
647 523 39 21 och
701 523 121 21 framstälde
837 523 26 21 hr
877 523 38 21 tal-

93 558 94 15 mannen
209 551 32 22 till
261 551 93 22 ständets
377 551 130 22 besvarande
525 552 51 21 först
590 551 93 28 följande
698 553 217 26 omröstningspropo-

92 581 75 21 sition:

163 648 38 27 De,
223 649 74 20 hvilka
319 648 55 28 vilja
394 648 74 22 skrida
491 649 34 21 til!
546 649 75 27 slutlig
645 649 131 27 behandling
800 648 27 28 af
840 649 72 27 lagut-

93 677 87 21 skottets
200 677 144 27 förevarande
367 677 138 27 betänkande,
533 679 61 19 rösta
609 678 41 27 ja;
676 678 31 26 de,
730 678 35 20 det
787 678 44 20 icke
853 677 60 27 vilja,

95 708 58 18 rösta
168 706 48 27 nej;

163 734 80 21 vinner
257 734 42 28 nej,
316 734 40 21 har
372 734 174 28 borgarestän!et
561 734 88 21 beslutit
664 736 33 18 att
708 734 159 21 återremittera
879 733 34 21 be-

96 762 118 22 tänkandet
229 762 35 22 till
278 762 102 22 utskottet
398 762 5 21 i
417 763 36 21 det
466 763 53 27 syfte
537 763 27 21 hr
580 762 106 22 Stenbäck
700 762 119 28 föreslagit.

133 852 2 2 .
162 831 30 21 På
214 831 73 21 därom
302 831 60 27 gjord
378 831 92 27 begäran
485 832 104 21 anstäldes
605 831 101 27 votering,
729 837 45 15 som
789 831 62 21 utföll
865 831 47 20 med

92 860 29 20 43
136 860 21 27 ja
173 860 39 20 och
227 860 13 20 8
255 860 41 27 nej,
319 859 84 22 hvarför
425 860 25 21 hr
470 860 121 21 talmannen
606 860 50 21 med
671 860 115 27 anledning
801 860 21 20 af
837 860 25 20 de
878 866 36 14 an-

93 888 141 27 märkningar,
250 895 46 14 som
310 888 115 21 framstälts
445 892 46 17 mot
503 888 241 28 firfattningsförslaget,
767 888 32 21 till
813 888 52 20 först
880 887 34 21 be-

92 916 102 21 träffande
210 917 12 26 $
240 917 10 20 1
266 918 8 19 i
290 916 41 22 den
346 917 90 21 svenska
451 918 69 20 texter
539 917 109 27 uppstälde
659 916 156 22 nedanstäende
827 918 87 19 omröst-

94 945 200 27 ningsproposition:

160 1007 48 26 De;
222 1007 74 21 hvilka
314 1007 117 32 godkänna
451 1009 15 24 $
486 1008 35 19 1:
546 1006 261 33 författningsförslagets
821 1006 91 21 svenska

91 1037 45 20 text
152 1036 140 32 oförändrad,
307 1037 60 19 rösta
378 1036 37 28 ja;
431 1036 31 26 de,
478 1036 35 20 det
527 1036 44 20 icke
585 1038 60 24 göra,
661 1037 59 19 rösta
734 1036 49 27 ne);

160 1064 80 21 vinner
255 1065 42 27 nej,
313 1064 42 21 har
369 1053 93 33 ståndet
471 1064 87 21 beslutit
571 1071 29 14 ur
614 1064 82 21 nämda
711 1066 15 24 $
741 1064 95 21 utesluta
851 1064 34 20 det
899 1063 15 20 å

93 1093 51 21 11:te
159 1093 69 21 raden
242 1093 175 27 förekommande
433 1093 60 21 ordet
506 1093 113 27 ,vitnets*.

160 1156 143 21 Alldenstund
318 1155 156 28 propositionen
497 1156 125 21 besvarades
637 1156 49 20 med
702 1154 154 29 öfvervägande
872 1154 41 27 nej,

91 1185 54 21 hade
161 1184 83 21 ståndet
259 1185 53 20 altså
326 1184 87 21 beslutit
427 1186 31 19 att
473 1184 60 21 ordet
546 1184 101 27 ,vitnets*
663 1184 12 21 ä
691 1185 55 20 11:te
765 1183 65 22 raden
845 1183 68 21 skulle

91 1220 27 14 ur
132 1213 12 27 $
160 1213 56 28 utgå.

160 1275 133 21 Beträffande
309 1275 45 21 åter
369 1275 12 26 $
398 1275 10 20 1
425 1275 7 20 i
447 1275 42 20 den
502 1275 69 20 finska
581 1275 74 21 texten
665 1274 106 21 anstäldes
783 1274 131 35 omröstning

92 1305 66 27 enligt
173 1311 27 15 en
214 1303 94 28 följande
322 1303 139 29 proposition:

160 1366 38 26 De,
222 1366 74 21 hvilka
315 1366 117 27 godkänna
454 1366 112 21 utskottets
580 1366 83 30 förslag
679 1366 35 20 till
729 1366 79 30 lydelse
823 1364 36 28 för
871 1366 17 32 $
905 1366 9 19 1

90 1395 10 19 i
121 1380 261 50 förfatiningsförsiagets
402 1394 73 26 finska
491 1395 48 25 text,
560 1395 59 19 rösta
629 1400 40 20 ja;
692 1394 31 25 de,
745 1393 35 20 det
794 1392 45 22 icke
852 1395 60 25 göra,

90 1424 60 20 rösta
164 1422 48 32 nej;

159 1458 80 14 vinner
253 1451 42 27 nej,
317 1451 42 21 har
375 1450 185 33 borgarestänäet
570 1449 88 22 beslutit
673 1449 158 21 återremittera
845 1450 68 26 sagda

90 1482 16 25 $
126 1480 35 22 till
181 1480 102 21 utskottet
303 1480 37 28 för
366 1479 158 28 omredigering
550 1478 10 22 i
580 1478 34 22 det
634 1478 28 27 af
681 1478 27 21 hr
729 1478 102 22 Stenroth
853 1478 58 27 före-

90 1510 78 28 slagna
183 1509 64 28 syfte.
