<?xml version="1.0" encoding="UTF-8"?>
<alto xmlns="http://www.loc.gov/standards/alto/ns-v3#" xmlns:xlink="http://www.w3.org/1999/xlink" xmlns:xsi="http://www.w3.org/2001/XMLSchema-instance" xsi:schemaLocation="http://www.loc.gov/standards/alto/ns-v3# http://www.loc.gov/alto/v3/alto-3-0.xsd">
	<Description>
		<MeasurementUnit>pixel</MeasurementUnit>
		<sourceImageInformation>
			<fileName>/tmp/tess_t7fwidep_input.PNG</fileName>
		</sourceImageInformation>
		<OCRProcessing ID="OCR_0">
			<ocrProcessingStep>
				<processingSoftware>
					<softwareName>tesseract 5.3.4</softwareName>
				</processingSoftware>
			</ocrProcessingStep>
		</OCRProcessing>
	</Description>
	<Layout>
		<Page WIDTH="1075" HEIGHT="1761" PHYSICAL_IMG_NR="0" ID="page_0">
			<PrintSpace HPOS="0" VPOS="0" WIDTH="1075" HEIGHT="1761">
				<ComposedBlock ID="cblock_0" HPOS="189" VPOS="134" WIDTH="561" HEIGHT="25">
					<TextBlock ID="block_0" HPOS="189" VPOS="134" WIDTH="561" HEIGHT="25">
						<TextLine ID="line_0" HPOS="189" VPOS="134" WIDTH="561" HEIGHT="25">
							<String ID="string_0" HPOS="189" VPOS="134" WIDTH="40" HEIGHT="19" WC="0.96" CONTENT="218"/><SP WIDTH="169" VPOS="134" HPOS="229"/>
							<String ID="string_1" HPOS="398" VPOS="137" WIDTH="177" HEIGHT="22" WC="0.91" CONTENT="Borgareståndet"/><SP WIDTH="12" VPOS="137" HPOS="575"/>
							<String ID="string_2" HPOS="587" VPOS="137" WIDTH="53" HEIGHT="17" WC="0.95" CONTENT="1891."/><SP WIDTH="26" VPOS="137" HPOS="640"/>
							<String ID="string_3" HPOS="666" VPOS="138" WIDTH="22" HEIGHT="15" WC="0.96" CONTENT="14"/><SP WIDTH="12" VPOS="138" HPOS="688"/>
							<String ID="string_4" HPOS="700" VPOS="137" WIDTH="50" HEIGHT="18" WC="0.96" CONTENT="febr."/>
						</TextLine>
					</TextBlock>
				</ComposedBlock>
				<GraphicalElement ID="cblock_1" HPOS="179" VPOS="170" WIDTH="798" HEIGHT="6"></GraphicalElement >
				<ComposedBlock ID="cblock_2" HPOS="163" VPOS="216" WIDTH="823" HEIGHT="1339">
					<TextBlock ID="block_1" HPOS="163" VPOS="216" WIDTH="820" HEIGHT="56">
						<TextLine ID="line_1" HPOS="163" VPOS="216" WIDTH="820" HEIGHT="27">
							<String ID="string_5" HPOS="163" VPOS="218" WIDTH="162" HEIGHT="25" WC="0.91" CONTENT="oförminskade,"/><SP WIDTH="19" VPOS="218" HPOS="325"/>
							<String ID="string_6" HPOS="344" VPOS="217" WIDTH="55" HEIGHT="21" WC="0.94" CONTENT="intill"/><SP WIDTH="21" VPOS="217" HPOS="399"/>
							<String ID="string_7" HPOS="420" VPOS="217" WIDTH="47" HEIGHT="20" WC="0.96" CONTENT="dess"/><SP WIDTH="21" VPOS="217" HPOS="467"/>
							<String ID="string_8" HPOS="488" VPOS="217" WIDTH="113" HEIGHT="26" WC="0.91" CONTENT="järnvägen"/><SP WIDTH="21" VPOS="217" HPOS="601"/>
							<String ID="string_9" HPOS="622" VPOS="216" WIDTH="116" HEIGHT="21" WC="0.89" CONTENT="utsträckes"/><SP WIDTH="23" VPOS="216" HPOS="738"/>
							<String ID="string_10" HPOS="761" VPOS="216" WIDTH="32" HEIGHT="20" WC="0.96" CONTENT="till"/><SP WIDTH="21" VPOS="216" HPOS="793"/>
							<String ID="string_11" HPOS="814" VPOS="216" WIDTH="85" HEIGHT="21" WC="0.96" CONTENT="stadens"/><SP WIDTH="14" VPOS="216" HPOS="899"/>
							<String ID="string_12" HPOS="913" VPOS="217" WIDTH="70" HEIGHT="26" WC="0.96" CONTENT="hamn,"/>
						</TextLine>
						<TextLine ID="line_2" HPOS="163" VPOS="244" WIDTH="819" HEIGHT="28">
							<String ID="string_13" HPOS="163" VPOS="247" WIDTH="39" HEIGHT="20" WC="0.96" CONTENT="och"/><SP WIDTH="15" VPOS="247" HPOS="202"/>
							<String ID="string_14" HPOS="217" VPOS="247" WIDTH="74" HEIGHT="20" WC="0.96" CONTENT="staden"/><SP WIDTH="16" VPOS="247" HPOS="291"/>
							<String ID="string_15" HPOS="307" VPOS="246" WIDTH="88" HEIGHT="21" WC="0.95" CONTENT="sålunda"/><SP WIDTH="15" VPOS="246" HPOS="395"/>
							<String ID="string_16" HPOS="410" VPOS="245" WIDTH="63" HEIGHT="21" WC="0.93" CONTENT="äfven"/><SP WIDTH="16" VPOS="245" HPOS="473"/>
							<String ID="string_17" HPOS="489" VPOS="245" WIDTH="11" HEIGHT="20" WC="0.91" CONTENT="å"/><SP WIDTH="15" VPOS="245" HPOS="500"/>
							<String ID="string_18" HPOS="515" VPOS="245" WIDTH="91" HEIGHT="27" WC="0.93" CONTENT="sjösidan"/><SP WIDTH="16" VPOS="245" HPOS="606"/>
							<String ID="string_19" HPOS="622" VPOS="245" WIDTH="87" HEIGHT="21" WC="0.91" CONTENT="beredes"/><SP WIDTH="15" VPOS="245" HPOS="709"/>
							<String ID="string_20" HPOS="724" VPOS="245" WIDTH="39" HEIGHT="20" WC="0.96" CONTENT="full"/><SP WIDTH="12" VPOS="245" HPOS="763"/>
							<String ID="string_21" HPOS="775" VPOS="244" WIDTH="63" HEIGHT="21" WC="0.96" CONTENT="frihet"/><SP WIDTH="12" VPOS="244" HPOS="838"/>
							<String ID="string_22" HPOS="850" VPOS="246" WIDTH="29" HEIGHT="19" WC="0.96" CONTENT="att"/><SP WIDTH="10" VPOS="246" HPOS="879"/>
							<String ID="string_23" HPOS="889" VPOS="247" WIDTH="46" HEIGHT="18" WC="0.96" CONTENT="röra"/><SP WIDTH="10" VPOS="247" HPOS="935"/>
							<String ID="string_24" HPOS="945" VPOS="245" WIDTH="37" HEIGHT="27" WC="0.96" CONTENT="sig."/>
						</TextLine>
					</TextBlock>
					<TextBlock ID="block_2" HPOS="163" VPOS="273" WIDTH="822" HEIGHT="429">
						<TextLine ID="line_3" HPOS="232" VPOS="273" WIDTH="752" HEIGHT="27">
							<String ID="string_25" HPOS="232" VPOS="275" WIDTH="68" HEIGHT="21" WC="0.96" CONTENT="Bland"/><SP WIDTH="21" VPOS="275" HPOS="300"/>
							<String ID="string_26" HPOS="321" VPOS="275" WIDTH="42" HEIGHT="20" WC="0.96" CONTENT="alla"/><SP WIDTH="21" VPOS="275" HPOS="363"/>
							<String ID="string_27" HPOS="384" VPOS="274" WIDTH="81" HEIGHT="21" WC="0.93" CONTENT="landets"/><SP WIDTH="19" VPOS="274" HPOS="465"/>
							<String ID="string_28" HPOS="484" VPOS="273" WIDTH="120" HEIGHT="22" WC="0.91" CONTENT="kuststäder"/><SP WIDTH="13" VPOS="273" HPOS="604"/>
							<String ID="string_29" HPOS="617" VPOS="273" WIDTH="67" HEIGHT="21" WC="0.93" CONTENT="hafva"/><SP WIDTH="10" VPOS="273" HPOS="684"/>
							<String ID="string_30" HPOS="694" VPOS="273" WIDTH="130" HEIGHT="27" WC="0.96" CONTENT="Björneborg"/><SP WIDTH="18" VPOS="273" HPOS="824"/>
							<String ID="string_31" HPOS="842" VPOS="273" WIDTH="39" HEIGHT="21" WC="0.93" CONTENT="och"/><SP WIDTH="14" VPOS="273" HPOS="881"/>
							<String ID="string_32" HPOS="895" VPOS="273" WIDTH="89" HEIGHT="27" WC="0.92" CONTENT="Wiborg"/>
						</TextLine>
						<TextLine ID="line_4" HPOS="163" VPOS="301" WIDTH="821" HEIGHT="30">
							<String ID="string_33" HPOS="163" VPOS="304" WIDTH="82" HEIGHT="27" WC="0.96" CONTENT="längsta"/><SP WIDTH="20" VPOS="304" HPOS="245"/>
							<String ID="string_34" HPOS="265" VPOS="304" WIDTH="40" HEIGHT="26" WC="0.96" CONTENT="väg"/><SP WIDTH="19" VPOS="304" HPOS="305"/>
							<String ID="string_35" HPOS="324" VPOS="302" WIDTH="31" HEIGHT="22" WC="0.96" CONTENT="till"/><SP WIDTH="15" VPOS="302" HPOS="355"/>
							<String ID="string_36" HPOS="370" VPOS="302" WIDTH="46" HEIGHT="21" WC="0.96" CONTENT="sina"/><SP WIDTH="14" VPOS="302" HPOS="416"/>
							<String ID="string_37" HPOS="430" VPOS="309" WIDTH="54" HEIGHT="20" WC="0.93" CONTENT="resp."/><SP WIDTH="14" VPOS="309" HPOS="484"/>
							<String ID="string_38" HPOS="498" VPOS="302" WIDTH="147" HEIGHT="27" WC="0.91" CONTENT="hamnplatser."/><SP WIDTH="30" VPOS="302" HPOS="645"/>
							<String ID="string_39" HPOS="675" VPOS="301" WIDTH="215" HEIGHT="21" WC="0.93" CONTENT="Kommunikationen"/><SP WIDTH="15" VPOS="301" HPOS="890"/>
							<String ID="string_40" HPOS="905" VPOS="302" WIDTH="79" HEIGHT="20" WC="0.96" CONTENT="mellan"/>
						</TextLine>
						<TextLine ID="line_5" HPOS="163" VPOS="330" WIDTH="820" HEIGHT="29">
							<String ID="string_41" HPOS="163" VPOS="332" WIDTH="132" HEIGHT="27" WC="0.96" CONTENT="Björneborg"/><SP WIDTH="14" VPOS="332" HPOS="295"/>
							<String ID="string_42" HPOS="309" VPOS="332" WIDTH="39" HEIGHT="20" WC="0.93" CONTENT="och"/><SP WIDTH="16" VPOS="332" HPOS="348"/>
							<String ID="string_43" HPOS="364" VPOS="331" WIDTH="62" HEIGHT="21" WC="0.92" CONTENT="Räfsö"/><SP WIDTH="16" VPOS="331" HPOS="426"/>
							<String ID="string_44" HPOS="442" VPOS="331" WIDTH="112" HEIGHT="21" WC="0.96" CONTENT="förmedlas"/><SP WIDTH="15" VPOS="331" HPOS="554"/>
							<String ID="string_45" HPOS="569" VPOS="330" WIDTH="64" HEIGHT="21" WC="0.96" CONTENT="likväl"/><SP WIDTH="16" VPOS="330" HPOS="633"/>
							<String ID="string_46" HPOS="649" VPOS="330" WIDTH="20" HEIGHT="20" WC="0.96" CONTENT="af"/><SP WIDTH="15" VPOS="330" HPOS="669"/>
							<String ID="string_47" HPOS="684" VPOS="336" WIDTH="25" HEIGHT="15" WC="0.96" CONTENT="en"/><SP WIDTH="17" VPOS="336" HPOS="709"/>
							<String ID="string_48" HPOS="726" VPOS="330" WIDTH="72" HEIGHT="27" WC="0.96" CONTENT="farled,"/><SP WIDTH="15" VPOS="330" HPOS="798"/>
							<String ID="string_49" HPOS="813" VPOS="330" WIDTH="86" HEIGHT="21" WC="0.96" CONTENT="hvilken"/><SP WIDTH="15" VPOS="330" HPOS="899"/>
							<String ID="string_50" HPOS="914" VPOS="330" WIDTH="7" HEIGHT="20" WC="0.96" CONTENT="i"/><SP WIDTH="12" VPOS="330" HPOS="921"/>
							<String ID="string_51" HPOS="933" VPOS="330" WIDTH="50" HEIGHT="21" WC="0.96" CONTENT="flere"/>
						</TextLine>
						<TextLine ID="line_6" HPOS="164" VPOS="348" WIDTH="819" HEIGHT="38">
							<String ID="string_52" HPOS="164" VPOS="360" WIDTH="113" HEIGHT="21" WC="0.92" CONTENT="afseenden"/><SP WIDTH="24" VPOS="360" HPOS="277"/>
							<String ID="string_53" HPOS="301" VPOS="360" WIDTH="42" HEIGHT="21" WC="0.91" CONTENT="står"/><SP WIDTH="21" VPOS="360" HPOS="343"/>
							<String ID="string_54" HPOS="364" VPOS="359" WIDTH="86" HEIGHT="21" WC="0.96" CONTENT="tillbaka"/><SP WIDTH="21" VPOS="359" HPOS="450"/>
							<String ID="string_55" HPOS="471" VPOS="360" WIDTH="33" HEIGHT="20" WC="0.96" CONTENT="för"/><SP WIDTH="20" VPOS="360" HPOS="504"/>
							<String ID="string_56" HPOS="524" VPOS="360" WIDTH="39" HEIGHT="20" WC="0.96" CONTENT="den"/><SP WIDTH="24" VPOS="360" HPOS="563"/>
							<String ID="string_57" HPOS="587" VPOS="359" WIDTH="89" HEIGHT="21" WC="0.93" CONTENT="emellan"/><SP WIDTH="21" VPOS="359" HPOS="676"/>
							<String ID="string_58" HPOS="697" VPOS="358" WIDTH="89" HEIGHT="28" WC="0.91" CONTENT="Wiborg"/><SP WIDTH="8" VPOS="358" HPOS="786"/>
							<String ID="string_59" HPOS="794" VPOS="348" WIDTH="45" HEIGHT="32" WC="0.38" CONTENT="&quot;och"/><SP WIDTH="15" VPOS="348" HPOS="839"/>
							<String ID="string_60" HPOS="854" VPOS="358" WIDTH="129" HEIGHT="27" WC="0.96" CONTENT="Trångsund."/>
						</TextLine>
						<TextLine ID="line_7" HPOS="164" VPOS="387" WIDTH="820" HEIGHT="28">
							<String ID="string_61" HPOS="164" VPOS="389" WIDTH="45" HEIGHT="21" WC="0.96" CONTENT="Den"/><SP WIDTH="25" VPOS="389" HPOS="209"/>
							<String ID="string_62" HPOS="234" VPOS="389" WIDTH="115" HEIGHT="21" WC="0.96" CONTENT="sistnämda"/><SP WIDTH="18" VPOS="389" HPOS="349"/>
							<String ID="string_63" HPOS="367" VPOS="388" WIDTH="37" HEIGHT="21" WC="0.96" CONTENT="har"/><SP WIDTH="22" VPOS="388" HPOS="404"/>
							<String ID="string_64" HPOS="426" VPOS="394" WIDTH="27" HEIGHT="15" WC="0.91" CONTENT="en"/><SP WIDTH="22" VPOS="394" HPOS="453"/>
							<String ID="string_65" HPOS="475" VPOS="388" WIDTH="130" HEIGHT="27" WC="0.88" CONTENT="betydligare"/><SP WIDTH="15" VPOS="388" HPOS="605"/>
							<String ID="string_66" HPOS="620" VPOS="387" WIDTH="66" HEIGHT="21" WC="0.96" CONTENT="bredd"/><SP WIDTH="15" VPOS="387" HPOS="686"/>
							<String ID="string_67" HPOS="701" VPOS="388" WIDTH="39" HEIGHT="20" WC="0.96" CONTENT="och"/><SP WIDTH="17" VPOS="388" HPOS="740"/>
							<String ID="string_68" HPOS="757" VPOS="387" WIDTH="40" HEIGHT="21" WC="0.95" CONTENT="kan"/><SP WIDTH="24" VPOS="387" HPOS="797"/>
							<String ID="string_69" HPOS="821" VPOS="388" WIDTH="70" HEIGHT="20" WC="0.96" CONTENT="därför"/><SP WIDTH="20" VPOS="388" HPOS="891"/>
							<String ID="string_70" HPOS="911" VPOS="388" WIDTH="73" HEIGHT="21" WC="0.96" CONTENT="lättare"/>
						</TextLine>
						<TextLine ID="line_8" HPOS="164" VPOS="416" WIDTH="820" HEIGHT="27">
							<String ID="string_71" HPOS="164" VPOS="418" WIDTH="47" HEIGHT="20" WC="0.96" CONTENT="höst"/><SP WIDTH="22" VPOS="418" HPOS="211"/>
							<String ID="string_72" HPOS="233" VPOS="418" WIDTH="39" HEIGHT="20" WC="0.96" CONTENT="och"/><SP WIDTH="16" VPOS="418" HPOS="272"/>
							<String ID="string_73" HPOS="288" VPOS="418" WIDTH="37" HEIGHT="19" WC="0.95" CONTENT="vår"/><SP WIDTH="14" VPOS="418" HPOS="325"/>
							<String ID="string_74" HPOS="339" VPOS="417" WIDTH="67" HEIGHT="20" WC="0.93" CONTENT="hållas"/><SP WIDTH="16" VPOS="417" HPOS="406"/>
							<String ID="string_75" HPOS="422" VPOS="417" WIDTH="115" HEIGHT="26" WC="0.92" CONTENT="navigabel,"/><SP WIDTH="16" VPOS="417" HPOS="537"/>
							<String ID="string_76" HPOS="553" VPOS="416" WIDTH="41" HEIGHT="21" WC="0.96" CONTENT="den"/><SP WIDTH="15" VPOS="416" HPOS="594"/>
							<String ID="string_77" HPOS="609" VPOS="416" WIDTH="54" HEIGHT="20" WC="0.96" CONTENT="lider"/><SP WIDTH="13" VPOS="416" HPOS="663"/>
							<String ID="string_78" HPOS="676" VPOS="416" WIDTH="47" HEIGHT="21" WC="0.96" CONTENT="icke"/><SP WIDTH="15" VPOS="416" HPOS="723"/>
							<String ID="string_79" HPOS="738" VPOS="416" WIDTH="7" HEIGHT="20" WC="0.96" CONTENT="i"/><SP WIDTH="15" VPOS="416" HPOS="745"/>
							<String ID="string_80" HPOS="760" VPOS="416" WIDTH="69" HEIGHT="27" WC="0.93" CONTENT="någon"/><SP WIDTH="17" VPOS="416" HPOS="829"/>
							<String ID="string_81" HPOS="846" VPOS="416" WIDTH="138" HEIGHT="27" WC="0.91" CONTENT="väsentligare"/>
						</TextLine>
						<TextLine ID="line_9" HPOS="164" VPOS="428" WIDTH="820" HEIGHT="49">
							<String ID="string_82" HPOS="164" VPOS="446" WIDTH="51" HEIGHT="27" WC="0.95" CONTENT="grad"/><SP WIDTH="21" VPOS="446" HPOS="215"/>
							<String ID="string_83" HPOS="236" VPOS="445" WIDTH="21" HEIGHT="21" WC="0.93" CONTENT="af"/><SP WIDTH="21" VPOS="445" HPOS="257"/>
							<String ID="string_84" HPOS="278" VPOS="446" WIDTH="155" HEIGHT="27" WC="0.90" CONTENT="uppslamning,"/><SP WIDTH="21" VPOS="446" HPOS="433"/>
							<String ID="string_85" HPOS="454" VPOS="432" WIDTH="47" HEIGHT="34" WC="0.96" CONTENT="dess"/><SP WIDTH="21" VPOS="432" HPOS="501"/>
							<String ID="string_86" HPOS="522" VPOS="433" WIDTH="51" HEIGHT="39" WC="0.96" CONTENT="djup"/><SP WIDTH="20" VPOS="433" HPOS="573"/>
							<String ID="string_87" HPOS="593" VPOS="447" WIDTH="23" HEIGHT="18" WC="0.96" CONTENT="är"/><SP WIDTH="16" VPOS="447" HPOS="616"/>
							<String ID="string_88" HPOS="632" VPOS="445" WIDTH="24" HEIGHT="20" WC="0.96" CONTENT="11"/><SP WIDTH="17" VPOS="445" HPOS="656"/>
							<String ID="string_89" HPOS="673" VPOS="445" WIDTH="35" HEIGHT="23" WC="0.96" CONTENT="fot,"/><SP WIDTH="16" VPOS="445" HPOS="708"/>
							<String ID="string_90" HPOS="724" VPOS="445" WIDTH="39" HEIGHT="20" WC="0.96" CONTENT="och"/><SP WIDTH="15" VPOS="445" HPOS="763"/>
							<String ID="string_91" HPOS="778" VPOS="445" WIDTH="59" HEIGHT="20" WC="0.96" CONTENT="torde"/><SP WIDTH="15" VPOS="445" HPOS="837"/>
							<String ID="string_92" HPOS="852" VPOS="447" WIDTH="51" HEIGHT="19" WC="0.96" CONTENT="utan"/><SP WIDTH="16" VPOS="447" HPOS="903"/>
							<String ID="string_93" HPOS="919" VPOS="428" WIDTH="65" HEIGHT="49" WC="0.87" CONTENT="större"/>
						</TextLine>
						<TextLine ID="line_10" HPOS="164" VPOS="473" WIDTH="820" HEIGHT="28">
							<String ID="string_94" HPOS="164" VPOS="474" WIDTH="113" HEIGHT="21" WC="0.96" CONTENT="kostnader"/><SP WIDTH="14" VPOS="474" HPOS="277"/>
							<String ID="string_95" HPOS="291" VPOS="475" WIDTH="74" HEIGHT="20" WC="0.93" CONTENT="kunna"/><SP WIDTH="15" VPOS="475" HPOS="365"/>
							<String ID="string_96" HPOS="380" VPOS="474" WIDTH="128" HEIGHT="27" WC="0.92" CONTENT="uppbringas"/><SP WIDTH="16" VPOS="474" HPOS="508"/>
							<String ID="string_97" HPOS="524" VPOS="473" WIDTH="30" HEIGHT="21" WC="0.95" CONTENT="till"/><SP WIDTH="17" VPOS="473" HPOS="554"/>
							<String ID="string_98" HPOS="571" VPOS="475" WIDTH="25" HEIGHT="19" WC="0.93" CONTENT="15"/><SP WIDTH="16" VPOS="475" HPOS="596"/>
							<String ID="string_99" HPOS="612" VPOS="473" WIDTH="35" HEIGHT="21" WC="0.93" CONTENT="fot."/><SP WIDTH="25" VPOS="473" HPOS="647"/>
							<String ID="string_100" HPOS="672" VPOS="469" WIDTH="104" HEIGHT="25" WC="0.91" CONTENT="Farleden"/><SP WIDTH="16" VPOS="469" HPOS="776"/>
							<String ID="string_101" HPOS="792" VPOS="473" WIDTH="90" HEIGHT="22" WC="0.93" CONTENT="emellan"/><SP WIDTH="15" VPOS="473" HPOS="882"/>
							<String ID="string_102" HPOS="897" VPOS="473" WIDTH="87" HEIGHT="28" WC="0.92" CONTENT="Björne-"/>
						</TextLine>
						<TextLine ID="line_11" HPOS="164" VPOS="501" WIDTH="821" HEIGHT="29">
							<String ID="string_103" HPOS="164" VPOS="503" WIDTH="53" HEIGHT="27" WC="0.96" CONTENT="borg"/><SP WIDTH="23" VPOS="503" HPOS="217"/>
							<String ID="string_104" HPOS="240" VPOS="503" WIDTH="39" HEIGHT="21" WC="0.92" CONTENT="och"/><SP WIDTH="22" VPOS="503" HPOS="279"/>
							<String ID="string_105" HPOS="301" VPOS="503" WIDTH="63" HEIGHT="21" WC="0.92" CONTENT="Räfsö"/><SP WIDTH="16" VPOS="503" HPOS="364"/>
							<String ID="string_106" HPOS="380" VPOS="505" WIDTH="84" HEIGHT="25" WC="0.96" CONTENT="utgöres"/><SP WIDTH="16" VPOS="505" HPOS="464"/>
							<String ID="string_107" HPOS="480" VPOS="503" WIDTH="93" HEIGHT="20" WC="0.96" CONTENT="däremot"/><SP WIDTH="16" VPOS="503" HPOS="573"/>
							<String ID="string_108" HPOS="589" VPOS="502" WIDTH="21" HEIGHT="21" WC="0.96" CONTENT="af"/><SP WIDTH="15" VPOS="502" HPOS="610"/>
							<String ID="string_109" HPOS="625" VPOS="509" WIDTH="26" HEIGHT="14" WC="0.96" CONTENT="en"/><SP WIDTH="16" VPOS="509" HPOS="651"/>
							<String ID="string_110" HPOS="667" VPOS="502" WIDTH="44" HEIGHT="21" WC="0.93" CONTENT="utaf"/><SP WIDTH="15" VPOS="502" HPOS="711"/>
							<String ID="string_111" HPOS="726" VPOS="501" WIDTH="111" HEIGHT="22" WC="0.91" CONTENT="Kumoelfs"/><SP WIDTH="14" VPOS="501" HPOS="837"/>
							<String ID="string_112" HPOS="851" VPOS="502" WIDTH="77" HEIGHT="27" WC="0.93" CONTENT="många"/><SP WIDTH="15" VPOS="502" HPOS="928"/>
							<String ID="string_113" HPOS="943" VPOS="502" WIDTH="42" HEIGHT="21" WC="0.91" CONTENT="för-"/>
						</TextLine>
						<TextLine ID="line_12" HPOS="164" VPOS="531" WIDTH="820" HEIGHT="28">
							<String ID="string_114" HPOS="164" VPOS="532" WIDTH="113" HEIGHT="27" WC="0.91" CONTENT="greningar"/><SP WIDTH="14" VPOS="532" HPOS="277"/>
							<String ID="string_115" HPOS="291" VPOS="532" WIDTH="64" HEIGHT="27" WC="0.96" CONTENT="jämte"/><SP WIDTH="16" VPOS="532" HPOS="355"/>
							<String ID="string_116" HPOS="371" VPOS="532" WIDTH="47" HEIGHT="20" WC="0.96" CONTENT="dess"/><SP WIDTH="16" VPOS="532" HPOS="418"/>
							<String ID="string_117" HPOS="434" VPOS="531" WIDTH="89" HEIGHT="21" WC="0.96" CONTENT="emellan"/><SP WIDTH="12" VPOS="531" HPOS="523"/>
							<String ID="string_118" HPOS="535" VPOS="531" WIDTH="81" HEIGHT="20" WC="0.96" CONTENT="holmar"/><SP WIDTH="10" VPOS="531" HPOS="616"/>
							<String ID="string_119" HPOS="626" VPOS="531" WIDTH="38" HEIGHT="20" WC="0.96" CONTENT="och"/><SP WIDTH="13" VPOS="531" HPOS="664"/>
							<String ID="string_120" HPOS="677" VPOS="531" WIDTH="50" HEIGHT="20" WC="0.93" CONTENT="land"/><SP WIDTH="13" VPOS="531" HPOS="727"/>
							<String ID="string_121" HPOS="740" VPOS="531" WIDTH="107" HEIGHT="20" WC="0.92" CONTENT="inklämda"/><SP WIDTH="12" VPOS="531" HPOS="847"/>
							<String ID="string_122" HPOS="859" VPOS="531" WIDTH="125" HEIGHT="27" WC="0.90" CONTENT="utloppsvik,"/>
						</TextLine>
						<TextLine ID="line_13" HPOS="163" VPOS="559" WIDTH="821" HEIGHT="28">
							<String ID="string_123" HPOS="163" VPOS="561" WIDTH="86" HEIGHT="20" WC="0.96" CONTENT="hvilken"/><SP WIDTH="15" VPOS="561" HPOS="249"/>
							<String ID="string_124" HPOS="264" VPOS="562" WIDTH="75" HEIGHT="25" WC="0.96" CONTENT="ytterst"/><SP WIDTH="14" VPOS="562" HPOS="339"/>
							<String ID="string_125" HPOS="353" VPOS="560" WIDTH="38" HEIGHT="21" WC="0.93" CONTENT="lätt"/><SP WIDTH="15" VPOS="560" HPOS="391"/>
							<String ID="string_126" HPOS="406" VPOS="560" WIDTH="105" HEIGHT="27" WC="0.92" CONTENT="tillfryser,"/><SP WIDTH="16" VPOS="560" HPOS="511"/>
							<String ID="string_127" HPOS="527" VPOS="566" WIDTH="48" HEIGHT="14" WC="0.96" CONTENT="men"/><SP WIDTH="15" VPOS="566" HPOS="575"/>
							<String ID="string_128" HPOS="590" VPOS="559" WIDTH="47" HEIGHT="21" WC="0.96" CONTENT="icke"/><SP WIDTH="14" VPOS="559" HPOS="637"/>
							<String ID="string_129" HPOS="651" VPOS="559" WIDTH="43" HEIGHT="21" WC="0.96" CONTENT="lika"/><SP WIDTH="15" VPOS="559" HPOS="694"/>
							<String ID="string_130" HPOS="709" VPOS="559" WIDTH="38" HEIGHT="21" WC="0.97" CONTENT="lätt"/><SP WIDTH="15" VPOS="559" HPOS="747"/>
							<String ID="string_131" HPOS="762" VPOS="562" WIDTH="60" HEIGHT="25" WC="0.96" CONTENT="göres"/><SP WIDTH="15" VPOS="562" HPOS="822"/>
							<String ID="string_132" HPOS="837" VPOS="559" WIDTH="53" HEIGHT="25" WC="0.93" CONTENT="isfri;"/><SP WIDTH="24" VPOS="559" HPOS="890"/>
							<String ID="string_133" HPOS="914" VPOS="559" WIDTH="70" HEIGHT="21" WC="0.90" CONTENT="elfven"/>
						</TextLine>
						<TextLine ID="line_14" HPOS="164" VPOS="588" WIDTH="821" HEIGHT="28">
							<String ID="string_134" HPOS="164" VPOS="588" WIDTH="82" HEIGHT="22" WC="0.95" CONTENT="medför"/><SP WIDTH="15" VPOS="588" HPOS="246"/>
							<String ID="string_135" HPOS="261" VPOS="589" WIDTH="79" HEIGHT="27" WC="0.95" CONTENT="årligen"/><SP WIDTH="15" VPOS="589" HPOS="340"/>
							<String ID="string_136" HPOS="355" VPOS="588" WIDTH="101" HEIGHT="27" WC="0.96" CONTENT="ofantliga"/><SP WIDTH="15" VPOS="588" HPOS="456"/>
							<String ID="string_137" HPOS="471" VPOS="594" WIDTH="80" HEIGHT="14" WC="0.96" CONTENT="massor"/><SP WIDTH="14" VPOS="594" HPOS="551"/>
							<String ID="string_138" HPOS="565" VPOS="588" WIDTH="22" HEIGHT="21" WC="0.95" CONTENT="af"/><SP WIDTH="12" VPOS="588" HPOS="587"/>
							<String ID="string_139" HPOS="599" VPOS="588" WIDTH="52" HEIGHT="20" WC="0.96" CONTENT="slam"/><SP WIDTH="13" VPOS="588" HPOS="651"/>
							<String ID="string_140" HPOS="664" VPOS="588" WIDTH="70" HEIGHT="20" WC="0.96" CONTENT="hvilka"/><SP WIDTH="11" VPOS="588" HPOS="734"/>
							<String ID="string_141" HPOS="745" VPOS="588" WIDTH="89" HEIGHT="21" WC="0.96" CONTENT="utbreda"/><SP WIDTH="11" VPOS="588" HPOS="834"/>
							<String ID="string_142" HPOS="845" VPOS="588" WIDTH="33" HEIGHT="27" WC="0.96" CONTENT="sig"/><SP WIDTH="12" VPOS="588" HPOS="878"/>
							<String ID="string_143" HPOS="890" VPOS="588" WIDTH="44" HEIGHT="20" WC="0.96" CONTENT="vidt"/><SP WIDTH="12" VPOS="588" HPOS="934"/>
							<String ID="string_144" HPOS="946" VPOS="588" WIDTH="39" HEIGHT="20" WC="0.96" CONTENT="och"/>
						</TextLine>
						<TextLine ID="line_15" HPOS="164" VPOS="616" WIDTH="821" HEIGHT="28">
							<String ID="string_145" HPOS="164" VPOS="617" WIDTH="70" HEIGHT="25" WC="0.92" CONTENT="bredt;"/><SP WIDTH="25" VPOS="617" HPOS="234"/>
							<String ID="string_146" HPOS="259" VPOS="617" WIDTH="94" HEIGHT="21" WC="0.96" CONTENT="farleden"/><SP WIDTH="25" VPOS="617" HPOS="353"/>
							<String ID="string_147" HPOS="378" VPOS="617" WIDTH="36" HEIGHT="20" WC="0.96" CONTENT="har"/><SP WIDTH="16" VPOS="617" HPOS="414"/>
							<String ID="string_148" HPOS="430" VPOS="618" WIDTH="29" HEIGHT="20" WC="0.96" CONTENT="ett"/><SP WIDTH="15" VPOS="618" HPOS="459"/>
							<String ID="string_149" HPOS="474" VPOS="617" WIDTH="50" HEIGHT="27" WC="0.96" CONTENT="djup"/><SP WIDTH="16" VPOS="617" HPOS="524"/>
							<String ID="string_150" HPOS="540" VPOS="617" WIDTH="21" HEIGHT="20" WC="0.96" CONTENT="af"/><SP WIDTH="15" VPOS="617" HPOS="561"/>
							<String ID="string_151" HPOS="576" VPOS="616" WIDTH="74" HEIGHT="21" WC="0.93" CONTENT="endast"/><SP WIDTH="15" VPOS="616" HPOS="650"/>
							<String ID="string_152" HPOS="665" VPOS="616" WIDTH="83" HEIGHT="27" WC="0.92" CONTENT="vidpass"/><SP WIDTH="16" VPOS="616" HPOS="748"/>
							<String ID="string_153" HPOS="764" VPOS="617" WIDTH="12" HEIGHT="20" WC="0.96" CONTENT="8"/><SP WIDTH="15" VPOS="617" HPOS="776"/>
							<String ID="string_154" HPOS="791" VPOS="616" WIDTH="36" HEIGHT="26" WC="0.96" CONTENT="fot,"/><SP WIDTH="16" VPOS="616" HPOS="827"/>
							<String ID="string_155" HPOS="843" VPOS="617" WIDTH="47" HEIGHT="21" WC="0.92" CONTENT="dess"/><SP WIDTH="15" VPOS="617" HPOS="890"/>
							<String ID="string_156" HPOS="905" VPOS="617" WIDTH="80" HEIGHT="27" WC="0.91" CONTENT="fördju-"/>
						</TextLine>
						<TextLine ID="line_16" HPOS="164" VPOS="644" WIDTH="821" HEIGHT="29">
							<String ID="string_157" HPOS="164" VPOS="646" WIDTH="69" HEIGHT="27" WC="0.96" CONTENT="pande"/><SP WIDTH="22" VPOS="646" HPOS="233"/>
							<String ID="string_158" HPOS="255" VPOS="648" WIDTH="22" HEIGHT="18" WC="0.93" CONTENT="är"/><SP WIDTH="20" VPOS="648" HPOS="277"/>
							<String ID="string_159" HPOS="297" VPOS="646" WIDTH="97" HEIGHT="20" WC="0.91" CONTENT="förenadt"/><SP WIDTH="15" VPOS="646" HPOS="394"/>
							<String ID="string_160" HPOS="409" VPOS="645" WIDTH="48" HEIGHT="21" WC="0.96" CONTENT="med"/><SP WIDTH="16" VPOS="645" HPOS="457"/>
							<String ID="string_161" HPOS="473" VPOS="645" WIDTH="84" HEIGHT="27" WC="0.96" CONTENT="mycket"/><SP WIDTH="15" VPOS="645" HPOS="557"/>
							<String ID="string_162" HPOS="572" VPOS="647" WIDTH="55" HEIGHT="19" WC="0.96" CONTENT="stora"/><SP WIDTH="15" VPOS="647" HPOS="627"/>
							<String ID="string_163" HPOS="642" VPOS="644" WIDTH="113" HEIGHT="21" WC="0.96" CONTENT="kostnader"/><SP WIDTH="15" VPOS="644" HPOS="755"/>
							<String ID="string_164" HPOS="770" VPOS="647" WIDTH="54" HEIGHT="19" WC="0.96" CONTENT="samt"/><SP WIDTH="15" VPOS="647" HPOS="824"/>
							<String ID="string_165" HPOS="839" VPOS="645" WIDTH="58" HEIGHT="21" WC="0.93" CONTENT="torde"/><SP WIDTH="15" VPOS="645" HPOS="897"/>
							<String ID="string_166" HPOS="912" VPOS="645" WIDTH="73" HEIGHT="21" WC="0.89" CONTENT="svårli-"/>
						</TextLine>
						<TextLine ID="line_17" HPOS="165" VPOS="674" WIDTH="482" HEIGHT="28">
							<String ID="string_167" HPOS="165" VPOS="681" WIDTH="40" HEIGHT="21" WC="0.96" CONTENT="gen"/><SP WIDTH="16" VPOS="681" HPOS="205"/>
							<String ID="string_168" HPOS="221" VPOS="674" WIDTH="72" HEIGHT="21" WC="0.91" CONTENT="kunna"/><SP WIDTH="16" VPOS="674" HPOS="293"/>
							<String ID="string_169" HPOS="309" VPOS="674" WIDTH="85" HEIGHT="28" WC="0.91" CONTENT="bringas"/><SP WIDTH="14" VPOS="674" HPOS="394"/>
							<String ID="string_170" HPOS="408" VPOS="680" WIDTH="58" HEIGHT="14" WC="0.96" CONTENT="mera"/><SP WIDTH="16" VPOS="680" HPOS="466"/>
							<String ID="string_171" HPOS="482" VPOS="676" WIDTH="26" HEIGHT="18" WC="0.94" CONTENT="än"/><SP WIDTH="16" VPOS="676" HPOS="508"/>
							<String ID="string_172" HPOS="524" VPOS="674" WIDTH="30" HEIGHT="20" WC="0.94" CONTENT="till"/><SP WIDTH="17" VPOS="674" HPOS="554"/>
							<String ID="string_173" HPOS="571" VPOS="674" WIDTH="25" HEIGHT="20" WC="0.95" CONTENT="10"/><SP WIDTH="16" VPOS="674" HPOS="596"/>
							<String ID="string_174" HPOS="612" VPOS="674" WIDTH="35" HEIGHT="20" WC="0.96" CONTENT="fot."/>
						</TextLine>
					</TextBlock>
					<TextBlock ID="block_3" HPOS="165" VPOS="702" WIDTH="821" HEIGHT="569">
						<TextLine ID="line_18" HPOS="233" VPOS="702" WIDTH="752" HEIGHT="22">
							<String ID="string_175" HPOS="233" VPOS="703" WIDTH="38" HEIGHT="21" WC="0.96" CONTENT="Att"/><SP WIDTH="14" VPOS="703" HPOS="271"/>
							<String ID="string_176" HPOS="285" VPOS="702" WIDTH="69" HEIGHT="21" WC="0.96" CONTENT="under"/><SP WIDTH="14" VPOS="702" HPOS="354"/>
							<String ID="string_177" HPOS="368" VPOS="702" WIDTH="78" HEIGHT="21" WC="0.96" CONTENT="sådana"/><SP WIDTH="14" VPOS="702" HPOS="446"/>
							<String ID="string_178" HPOS="460" VPOS="702" WIDTH="145" HEIGHT="21" WC="0.95" CONTENT="förhållanden"/><SP WIDTH="15" VPOS="702" HPOS="605"/>
							<String ID="string_179" HPOS="620" VPOS="702" WIDTH="211" HEIGHT="21" WC="0.96" CONTENT="kommunikationen"/><SP WIDTH="10" VPOS="702" HPOS="831"/>
							<String ID="string_180" HPOS="841" VPOS="702" WIDTH="92" HEIGHT="21" WC="0.93" CONTENT="emellan"/><SP WIDTH="11" VPOS="702" HPOS="933"/>
							<String ID="string_181" HPOS="944" VPOS="704" WIDTH="41" HEIGHT="19" WC="0.91" CONTENT="sta-"/>
						</TextLine>
						<TextLine ID="line_19" HPOS="166" VPOS="730" WIDTH="818" HEIGHT="28">
							<String ID="string_182" HPOS="166" VPOS="732" WIDTH="40" HEIGHT="20" WC="0.96" CONTENT="den"/><SP WIDTH="16" VPOS="732" HPOS="206"/>
							<String ID="string_183" HPOS="222" VPOS="732" WIDTH="37" HEIGHT="20" WC="0.96" CONTENT="och"/><SP WIDTH="16" VPOS="732" HPOS="259"/>
							<String ID="string_184" HPOS="275" VPOS="732" WIDTH="48" HEIGHT="20" WC="0.96" CONTENT="dess"/><SP WIDTH="15" VPOS="732" HPOS="323"/>
							<String ID="string_185" HPOS="338" VPOS="732" WIDTH="64" HEIGHT="20" WC="0.95" CONTENT="hamn"/><SP WIDTH="15" VPOS="732" HPOS="402"/>
							<String ID="string_186" HPOS="417" VPOS="732" WIDTH="67" HEIGHT="20" WC="0.89" CONTENT="mäste"/><SP WIDTH="16" VPOS="732" HPOS="484"/>
							<String ID="string_187" HPOS="500" VPOS="731" WIDTH="64" HEIGHT="21" WC="0.96" CONTENT="blifva"/><SP WIDTH="15" VPOS="731" HPOS="564"/>
							<String ID="string_188" HPOS="579" VPOS="732" WIDTH="75" HEIGHT="26" WC="0.93" CONTENT="ytterst"/><SP WIDTH="14" VPOS="732" HPOS="654"/>
							<String ID="string_189" HPOS="668" VPOS="730" WIDTH="114" HEIGHT="28" WC="0.92" CONTENT="försvärad,"/><SP WIDTH="17" VPOS="730" HPOS="782"/>
							<String ID="string_190" HPOS="799" VPOS="731" WIDTH="65" HEIGHT="27" WC="0.96" CONTENT="ligger"/><SP WIDTH="10" VPOS="731" HPOS="864"/>
							<String ID="string_191" HPOS="874" VPOS="731" WIDTH="32" HEIGHT="20" WC="0.96" CONTENT="för"/><SP WIDTH="10" VPOS="731" HPOS="906"/>
							<String ID="string_192" HPOS="916" VPOS="732" WIDTH="68" HEIGHT="26" WC="0.95" CONTENT="öppen"/>
						</TextLine>
						<TextLine ID="line_20" HPOS="166" VPOS="759" WIDTH="819" HEIGHT="28">
							<String ID="string_193" HPOS="166" VPOS="760" WIDTH="45" HEIGHT="27" WC="0.95" CONTENT="dag."/><SP WIDTH="30" VPOS="760" HPOS="211"/>
							<String ID="string_194" HPOS="241" VPOS="760" WIDTH="80" HEIGHT="21" WC="0.93" CONTENT="Endast"/><SP WIDTH="22" VPOS="760" HPOS="321"/>
							<String ID="string_195" HPOS="343" VPOS="760" WIDTH="151" HEIGHT="27" WC="0.92" CONTENT="grundgående"/><SP WIDTH="22" VPOS="760" HPOS="494"/>
							<String ID="string_196" HPOS="516" VPOS="754" WIDTH="104" HEIGHT="26" WC="0.96" CONTENT="farkoster"/><SP WIDTH="21" VPOS="754" HPOS="620"/>
							<String ID="string_197" HPOS="641" VPOS="760" WIDTH="72" HEIGHT="20" WC="0.95" CONTENT="kunna"/><SP WIDTH="23" VPOS="760" HPOS="713"/>
							<String ID="string_198" HPOS="736" VPOS="748" WIDTH="121" HEIGHT="32" WC="0.96" CONTENT="sommartid"/><SP WIDTH="15" VPOS="748" HPOS="857"/>
							<String ID="string_199" HPOS="872" VPOS="759" WIDTH="58" HEIGHT="21" WC="0.96" CONTENT="finna"/><SP WIDTH="15" VPOS="759" HPOS="930"/>
							<String ID="string_200" HPOS="945" VPOS="762" WIDTH="40" HEIGHT="24" WC="0.96" CONTENT="väg"/>
						</TextLine>
						<TextLine ID="line_21" HPOS="165" VPOS="777" WIDTH="820" HEIGHT="39">
							<String ID="string_201" HPOS="165" VPOS="796" WIDTH="42" HEIGHT="20" WC="0.92" CONTENT="upp"/><SP WIDTH="23" VPOS="796" HPOS="207"/>
							<String ID="string_202" HPOS="230" VPOS="789" WIDTH="31" HEIGHT="21" WC="0.91" CONTENT="till"/><SP WIDTH="15" VPOS="789" HPOS="261"/>
							<String ID="string_203" HPOS="276" VPOS="788" WIDTH="79" HEIGHT="22" WC="0.96" CONTENT="staden."/><SP WIDTH="31" VPOS="788" HPOS="355"/>
							<String ID="string_204" HPOS="386" VPOS="788" WIDTH="48" HEIGHT="21" WC="0.94" CONTENT="Alla"/><SP WIDTH="16" VPOS="788" HPOS="434"/>
							<String ID="string_205" HPOS="450" VPOS="790" WIDTH="65" HEIGHT="19" WC="0.96" CONTENT="större"/><SP WIDTH="15" VPOS="790" HPOS="515"/>
							<String ID="string_206" HPOS="530" VPOS="789" WIDTH="69" HEIGHT="26" WC="0.96" CONTENT="fartyg"/><SP WIDTH="15" VPOS="789" HPOS="599"/>
							<String ID="string_207" HPOS="614" VPOS="788" WIDTH="94" HEIGHT="21" WC="0.96" CONTENT="däremot"/><SP WIDTH="15" VPOS="788" HPOS="708"/>
							<String ID="string_208" HPOS="723" VPOS="788" WIDTH="67" HEIGHT="21" WC="0.96" CONTENT="måste"/><SP WIDTH="14" VPOS="788" HPOS="790"/>
							<String ID="string_209" HPOS="804" VPOS="790" WIDTH="76" HEIGHT="19" WC="0.96" CONTENT="stanna"/><SP WIDTH="14" VPOS="790" HPOS="880"/>
							<String ID="string_210" HPOS="894" VPOS="788" WIDTH="7" HEIGHT="20" WC="0.96" CONTENT="i"/><SP WIDTH="15" VPOS="788" HPOS="901"/>
							<String ID="string_211" HPOS="916" VPOS="777" WIDTH="69" HEIGHT="38" WC="0.83" CONTENT="Räfsö,"/>
						</TextLine>
						<TextLine ID="line_22" HPOS="165" VPOS="805" WIDTH="820" HEIGHT="39">
							<String ID="string_212" HPOS="165" VPOS="818" WIDTH="39" HEIGHT="20" WC="0.95" CONTENT="och"/><SP WIDTH="15" VPOS="818" HPOS="204"/>
							<String ID="string_213" HPOS="219" VPOS="824" WIDTH="100" HEIGHT="14" WC="0.96" CONTENT="varornas"/><SP WIDTH="15" VPOS="824" HPOS="319"/>
							<String ID="string_214" HPOS="334" VPOS="820" WIDTH="105" HEIGHT="24" WC="0.96" CONTENT="transport"/><SP WIDTH="14" VPOS="820" HPOS="439"/>
							<String ID="string_215" HPOS="453" VPOS="818" WIDTH="54" HEIGHT="20" WC="0.96" CONTENT="fram"/><SP WIDTH="16" VPOS="818" HPOS="507"/>
							<String ID="string_216" HPOS="523" VPOS="818" WIDTH="38" HEIGHT="20" WC="0.96" CONTENT="och"/><SP WIDTH="15" VPOS="818" HPOS="561"/>
							<String ID="string_217" HPOS="576" VPOS="816" WIDTH="43" HEIGHT="22" WC="0.96" CONTENT="åter"/><SP WIDTH="10" VPOS="816" HPOS="619"/>
							<String ID="string_218" HPOS="629" VPOS="817" WIDTH="66" HEIGHT="20" WC="0.96" CONTENT="måste"/><SP WIDTH="11" VPOS="817" HPOS="695"/>
							<String ID="string_219" HPOS="706" VPOS="816" WIDTH="114" HEIGHT="22" WC="0.96" CONTENT="förmedlas"/><SP WIDTH="10" VPOS="816" HPOS="820"/>
							<String ID="string_220" HPOS="830" VPOS="823" WIDTH="76" HEIGHT="21" WC="0.95" CONTENT="genom"/><SP WIDTH="11" VPOS="823" HPOS="906"/>
							<String ID="string_221" HPOS="917" VPOS="805" WIDTH="68" HEIGHT="39" WC="0.91" CONTENT="pråm-"/>
						</TextLine>
						<TextLine ID="line_23" HPOS="166" VPOS="845" WIDTH="819" HEIGHT="28">
							<String ID="string_222" HPOS="166" VPOS="846" WIDTH="51" HEIGHT="27" WC="0.95" CONTENT="ning"/><SP WIDTH="22" VPOS="846" HPOS="217"/>
							<String ID="string_223" HPOS="239" VPOS="846" WIDTH="48" HEIGHT="21" WC="0.96" CONTENT="med"/><SP WIDTH="20" VPOS="846" HPOS="287"/>
							<String ID="string_224" HPOS="307" VPOS="845" WIDTH="69" HEIGHT="21" WC="0.96" CONTENT="därtill"/><SP WIDTH="15" VPOS="845" HPOS="376"/>
							<String ID="string_225" HPOS="391" VPOS="846" WIDTH="93" HEIGHT="20" WC="0.93" CONTENT="hörande"/><SP WIDTH="13" VPOS="846" HPOS="484"/>
							<String ID="string_226" HPOS="497" VPOS="846" WIDTH="156" HEIGHT="27" WC="0.91" CONTENT="omlastningar,"/><SP WIDTH="15" VPOS="846" HPOS="653"/>
							<String ID="string_227" HPOS="668" VPOS="846" WIDTH="136" HEIGHT="27" WC="0.93" CONTENT="hvarigenom"/><SP WIDTH="15" VPOS="846" HPOS="804"/>
							<String ID="string_228" HPOS="819" VPOS="846" WIDTH="32" HEIGHT="20" WC="0.92" CONTENT="in-"/><SP WIDTH="15" VPOS="846" HPOS="851"/>
							<String ID="string_229" HPOS="866" VPOS="845" WIDTH="38" HEIGHT="21" WC="0.93" CONTENT="och"/><SP WIDTH="16" VPOS="845" HPOS="904"/>
							<String ID="string_230" HPOS="920" VPOS="846" WIDTH="65" HEIGHT="21" WC="0.91" CONTENT="utför-"/>
						</TextLine>
						<TextLine ID="line_24" HPOS="166" VPOS="874" WIDTH="819" HEIGHT="27">
							<String ID="string_231" HPOS="166" VPOS="874" WIDTH="44" HEIGHT="21" WC="0.93" CONTENT="seln"/><SP WIDTH="17" VPOS="874" HPOS="210"/>
							<String ID="string_232" HPOS="227" VPOS="874" WIDTH="133" HEIGHT="27" WC="0.96" CONTENT="naturligtvis"/><SP WIDTH="15" VPOS="874" HPOS="360"/>
							<String ID="string_233" HPOS="375" VPOS="874" WIDTH="103" HEIGHT="27" WC="0.96" CONTENT="betydligt"/><SP WIDTH="15" VPOS="874" HPOS="478"/>
							<String ID="string_234" HPOS="493" VPOS="874" WIDTH="100" HEIGHT="27" WC="0.94" CONTENT="fördyras."/><SP WIDTH="25" VPOS="874" HPOS="593"/>
							<String ID="string_235" HPOS="618" VPOS="874" WIDTH="55" HEIGHT="20" WC="0.96" CONTENT="Höst"/><SP WIDTH="13" VPOS="874" HPOS="673"/>
							<String ID="string_236" HPOS="686" VPOS="874" WIDTH="39" HEIGHT="20" WC="0.96" CONTENT="och"/><SP WIDTH="16" VPOS="874" HPOS="725"/>
							<String ID="string_237" HPOS="741" VPOS="874" WIDTH="37" HEIGHT="20" WC="0.96" CONTENT="vår"/><SP WIDTH="10" VPOS="874" HPOS="778"/>
							<String ID="string_238" HPOS="788" VPOS="874" WIDTH="92" HEIGHT="21" WC="0.93" CONTENT="inträder"/><SP WIDTH="11" VPOS="874" HPOS="880"/>
							<String ID="string_239" HPOS="891" VPOS="874" WIDTH="94" HEIGHT="21" WC="0.92" CONTENT="emeller-"/>
						</TextLine>
						<TextLine ID="line_25" HPOS="166" VPOS="902" WIDTH="820" HEIGHT="27">
							<String ID="string_240" HPOS="166" VPOS="903" WIDTH="28" HEIGHT="20" WC="0.95" CONTENT="tid"/><SP WIDTH="17" VPOS="903" HPOS="194"/>
							<String ID="string_241" HPOS="211" VPOS="905" WIDTH="30" HEIGHT="18" WC="0.93" CONTENT="ett"/><SP WIDTH="14" VPOS="905" HPOS="241"/>
							<String ID="string_242" HPOS="255" VPOS="903" WIDTH="84" HEIGHT="20" WC="0.88" CONTENT="svärare"/><SP WIDTH="20" VPOS="903" HPOS="339"/>
							<String ID="string_243" HPOS="359" VPOS="902" WIDTH="137" HEIGHT="21" WC="0.93" CONTENT="förhållande."/><SP WIDTH="30" VPOS="902" HPOS="496"/>
							<String ID="string_244" HPOS="526" VPOS="903" WIDTH="102" HEIGHT="20" WC="0.92" CONTENT="Farleden"/><SP WIDTH="22" VPOS="903" HPOS="628"/>
							<String ID="string_245" HPOS="650" VPOS="902" WIDTH="31" HEIGHT="21" WC="0.96" CONTENT="till"/><SP WIDTH="16" VPOS="902" HPOS="681"/>
							<String ID="string_246" HPOS="697" VPOS="903" WIDTH="74" HEIGHT="20" WC="0.93" CONTENT="staden"/><SP WIDTH="15" VPOS="903" HPOS="771"/>
							<String ID="string_247" HPOS="786" VPOS="902" WIDTH="101" HEIGHT="27" WC="0.92" CONTENT="tillfryser"/><SP WIDTH="14" VPOS="902" HPOS="887"/>
							<String ID="string_248" HPOS="901" VPOS="903" WIDTH="85" HEIGHT="26" WC="0.96" CONTENT="mycket"/>
						</TextLine>
						<TextLine ID="line_26" HPOS="166" VPOS="931" WIDTH="819" HEIGHT="27">
							<String ID="string_249" HPOS="166" VPOS="931" WIDTH="87" HEIGHT="27" WC="0.96" CONTENT="tidigare"/><SP WIDTH="16" VPOS="931" HPOS="253"/>
							<String ID="string_250" HPOS="269" VPOS="931" WIDTH="39" HEIGHT="20" WC="0.96" CONTENT="och"/><SP WIDTH="15" VPOS="931" HPOS="308"/>
							<String ID="string_251" HPOS="323" VPOS="931" WIDTH="48" HEIGHT="20" WC="0.93" CONTENT="dess"/><SP WIDTH="15" VPOS="931" HPOS="371"/>
							<String ID="string_252" HPOS="386" VPOS="931" WIDTH="78" HEIGHT="20" WC="0.92" CONTENT="istäcke"/><SP WIDTH="16" VPOS="931" HPOS="464"/>
							<String ID="string_253" HPOS="480" VPOS="931" WIDTH="91" HEIGHT="20" WC="0.92" CONTENT="afkastas"/><SP WIDTH="20" VPOS="931" HPOS="571"/>
							<String ID="string_254" HPOS="591" VPOS="931" WIDTH="85" HEIGHT="26" WC="0.96" CONTENT="mycket"/><SP WIDTH="15" VPOS="931" HPOS="676"/>
							<String ID="string_255" HPOS="691" VPOS="937" WIDTH="79" HEIGHT="20" WC="0.95" CONTENT="senare,"/><SP WIDTH="16" VPOS="937" HPOS="770"/>
							<String ID="string_256" HPOS="786" VPOS="933" WIDTH="26" HEIGHT="18" WC="0.96" CONTENT="än"/><SP WIDTH="16" VPOS="933" HPOS="812"/>
							<String ID="string_257" HPOS="828" VPOS="931" WIDTH="65" HEIGHT="27" WC="0.93" CONTENT="några"/><SP WIDTH="14" VPOS="931" HPOS="893"/>
							<String ID="string_258" HPOS="907" VPOS="931" WIDTH="78" HEIGHT="25" WC="0.92" CONTENT="svårig-"/>
						</TextLine>
						<TextLine ID="line_27" HPOS="165" VPOS="959" WIDTH="820" HEIGHT="28">
							<String ID="string_259" HPOS="165" VPOS="960" WIDTH="59" HEIGHT="20" WC="0.96" CONTENT="heter"/><SP WIDTH="15" VPOS="960" HPOS="224"/>
							<String ID="string_260" HPOS="239" VPOS="959" WIDTH="32" HEIGHT="21" WC="0.96" CONTENT="för"/><SP WIDTH="15" VPOS="959" HPOS="271"/>
							<String ID="string_261" HPOS="286" VPOS="960" WIDTH="100" HEIGHT="26" WC="0.96" CONTENT="sjöfarten"/><SP WIDTH="15" VPOS="960" HPOS="386"/>
							<String ID="string_262" HPOS="401" VPOS="959" WIDTH="34" HEIGHT="20" WC="0.96" CONTENT="vid"/><SP WIDTH="17" VPOS="959" HPOS="435"/>
							<String ID="string_263" HPOS="452" VPOS="959" WIDTH="47" HEIGHT="20" WC="0.96" CONTENT="dess"/><SP WIDTH="15" VPOS="959" HPOS="499"/>
							<String ID="string_264" HPOS="514" VPOS="960" WIDTH="64" HEIGHT="20" WC="0.96" CONTENT="hamn"/><SP WIDTH="15" VPOS="960" HPOS="578"/>
							<String ID="string_265" HPOS="593" VPOS="961" WIDTH="50" HEIGHT="26" WC="0.96" CONTENT="göra"/><SP WIDTH="15" VPOS="961" HPOS="643"/>
							<String ID="string_266" HPOS="658" VPOS="959" WIDTH="31" HEIGHT="26" WC="0.96" CONTENT="sig"/><SP WIDTH="16" VPOS="959" HPOS="689"/>
							<String ID="string_267" HPOS="705" VPOS="959" WIDTH="102" HEIGHT="27" WC="0.96" CONTENT="gällande."/><SP WIDTH="25" VPOS="959" HPOS="807"/>
							<String ID="string_268" HPOS="832" VPOS="959" WIDTH="153" HEIGHT="21" WC="0.96" CONTENT="Inkommande"/>
						</TextLine>
						<TextLine ID="line_28" HPOS="166" VPOS="987" WIDTH="819" HEIGHT="28">
							<String ID="string_269" HPOS="166" VPOS="994" WIDTH="61" HEIGHT="15" WC="0.96" CONTENT="varor"/><SP WIDTH="18" VPOS="994" HPOS="227"/>
							<String ID="string_270" HPOS="245" VPOS="988" WIDTH="65" HEIGHT="21" WC="0.96" CONTENT="måste"/><SP WIDTH="16" VPOS="988" HPOS="310"/>
							<String ID="string_271" HPOS="326" VPOS="987" WIDTH="71" HEIGHT="21" WC="0.96" CONTENT="därför"/><SP WIDTH="13" VPOS="987" HPOS="397"/>
							<String ID="string_272" HPOS="410" VPOS="988" WIDTH="73" HEIGHT="27" WC="0.96" CONTENT="längre"/><SP WIDTH="15" VPOS="988" HPOS="483"/>
							<String ID="string_273" HPOS="498" VPOS="988" WIDTH="51" HEIGHT="21" WC="0.96" CONTENT="eller"/><SP WIDTH="15" VPOS="988" HPOS="549"/>
							<String ID="string_274" HPOS="564" VPOS="988" WIDTH="82" HEIGHT="21" WC="0.96" CONTENT="kortare"/><SP WIDTH="15" VPOS="988" HPOS="646"/>
							<String ID="string_275" HPOS="661" VPOS="987" WIDTH="30" HEIGHT="21" WC="0.96" CONTENT="tid"/><SP WIDTH="16" VPOS="987" HPOS="691"/>
							<String ID="string_276" HPOS="707" VPOS="987" WIDTH="65" HEIGHT="21" WC="0.96" CONTENT="blifva"/><SP WIDTH="15" VPOS="987" HPOS="772"/>
							<String ID="string_277" HPOS="787" VPOS="987" WIDTH="98" HEIGHT="28" WC="0.96" CONTENT="liggande"/><SP WIDTH="15" VPOS="987" HPOS="885"/>
							<String ID="string_278" HPOS="900" VPOS="988" WIDTH="7" HEIGHT="20" WC="0.93" CONTENT="i"/><SP WIDTH="15" VPOS="988" HPOS="907"/>
							<String ID="string_279" HPOS="922" VPOS="987" WIDTH="63" HEIGHT="21" WC="0.91" CONTENT="Räfsö"/>
						</TextLine>
						<TextLine ID="line_29" HPOS="166" VPOS="1015" WIDTH="820" HEIGHT="29">
							<String ID="string_280" HPOS="166" VPOS="1015" WIDTH="38" HEIGHT="22" WC="0.96" CONTENT="och"/><SP WIDTH="16" VPOS="1015" HPOS="204"/>
							<String ID="string_281" HPOS="220" VPOS="1016" WIDTH="105" HEIGHT="28" WC="0.96" CONTENT="utgående"/><SP WIDTH="15" VPOS="1016" HPOS="325"/>
							<String ID="string_282" HPOS="340" VPOS="1017" WIDTH="7" HEIGHT="19" WC="0.96" CONTENT="i"/><SP WIDTH="16" VPOS="1017" HPOS="347"/>
							<String ID="string_283" HPOS="363" VPOS="1017" WIDTH="79" HEIGHT="20" WC="0.96" CONTENT="staden."/><SP WIDTH="26" VPOS="1017" HPOS="442"/>
							<String ID="string_284" HPOS="468" VPOS="1016" WIDTH="93" HEIGHT="21" WC="0.96" CONTENT="Varorna"/><SP WIDTH="17" VPOS="1016" HPOS="561"/>
							<String ID="string_285" HPOS="578" VPOS="1016" WIDTH="42" HEIGHT="21" WC="0.96" CONTENT="lida"/><SP WIDTH="15" VPOS="1016" HPOS="620"/>
							<String ID="string_286" HPOS="635" VPOS="1016" WIDTH="106" HEIGHT="21" WC="0.93" CONTENT="härunder"/><SP WIDTH="10" VPOS="1016" HPOS="741"/>
							<String ID="string_287" HPOS="751" VPOS="1016" WIDTH="146" HEIGHT="27" WC="0.92" CONTENT="mångahanda"/><SP WIDTH="12" VPOS="1016" HPOS="897"/>
							<String ID="string_288" HPOS="909" VPOS="1016" WIDTH="77" HEIGHT="21" WC="0.96" CONTENT="skador"/>
						</TextLine>
						<TextLine ID="line_30" HPOS="166" VPOS="1045" WIDTH="819" HEIGHT="27">
							<String ID="string_289" HPOS="166" VPOS="1045" WIDTH="44" HEIGHT="20" WC="0.96" CONTENT="dels"/><SP WIDTH="23" VPOS="1045" HPOS="210"/>
							<String ID="string_290" HPOS="233" VPOS="1051" WIDTH="76" HEIGHT="21" WC="0.88" CONTENT="genom"/><SP WIDTH="23" VPOS="1051" HPOS="309"/>
							<String ID="string_291" HPOS="332" VPOS="1045" WIDTH="150" HEIGHT="26" WC="0.88" CONTENT="förskämning,"/><SP WIDTH="20" VPOS="1045" HPOS="482"/>
							<String ID="string_292" HPOS="502" VPOS="1045" WIDTH="43" HEIGHT="20" WC="0.96" CONTENT="dels"/><SP WIDTH="16" VPOS="1045" HPOS="545"/>
							<String ID="string_293" HPOS="561" VPOS="1051" WIDTH="76" HEIGHT="21" WC="0.95" CONTENT="genom"/><SP WIDTH="16" VPOS="1051" HPOS="637"/>
							<String ID="string_294" HPOS="653" VPOS="1045" WIDTH="137" HEIGHT="26" WC="0.93" CONTENT="oundvikliga"/><SP WIDTH="14" VPOS="1045" HPOS="790"/>
							<String ID="string_295" HPOS="804" VPOS="1045" WIDTH="131" HEIGHT="21" WC="0.92" CONTENT="kalamiteter"/><SP WIDTH="15" VPOS="1045" HPOS="935"/>
							<String ID="string_296" HPOS="950" VPOS="1045" WIDTH="35" HEIGHT="20" WC="0.96" CONTENT="vid"/>
						</TextLine>
						<TextLine ID="line_31" HPOS="165" VPOS="1073" WIDTH="821" HEIGHT="28">
							<String ID="string_297" HPOS="165" VPOS="1073" WIDTH="156" HEIGHT="28" WC="0.90" CONTENT="magasinering"/><SP WIDTH="15" VPOS="1073" HPOS="321"/>
							<String ID="string_298" HPOS="336" VPOS="1073" WIDTH="39" HEIGHT="21" WC="0.97" CONTENT="och"/><SP WIDTH="16" VPOS="1073" HPOS="375"/>
							<String ID="string_299" HPOS="391" VPOS="1073" WIDTH="130" HEIGHT="27" WC="0.91" CONTENT="omlastning."/><SP WIDTH="30" VPOS="1073" HPOS="521"/>
							<String ID="string_300" HPOS="551" VPOS="1073" WIDTH="104" HEIGHT="27" WC="0.89" CONTENT="Sjöfarten"/><SP WIDTH="21" VPOS="1073" HPOS="655"/>
							<String ID="string_301" HPOS="676" VPOS="1073" WIDTH="67" HEIGHT="21" WC="0.93" CONTENT="måste"/><SP WIDTH="16" VPOS="1073" HPOS="743"/>
							<String ID="string_302" HPOS="759" VPOS="1073" WIDTH="92" HEIGHT="27" WC="0.93" CONTENT="afbrytas"/><SP WIDTH="15" VPOS="1073" HPOS="851"/>
							<String ID="string_303" HPOS="866" VPOS="1073" WIDTH="58" HEIGHT="28" WC="0.93" CONTENT="långt"/><SP WIDTH="15" VPOS="1073" HPOS="924"/>
							<String ID="string_304" HPOS="939" VPOS="1073" WIDTH="47" HEIGHT="20" WC="0.92" CONTENT="tidi-"/>
						</TextLine>
						<TextLine ID="line_32" HPOS="165" VPOS="1101" WIDTH="821" HEIGHT="28">
							<String ID="string_305" HPOS="165" VPOS="1109" WIDTH="49" HEIGHT="20" WC="0.96" CONTENT="gare"/><SP WIDTH="23" VPOS="1109" HPOS="214"/>
							<String ID="string_306" HPOS="237" VPOS="1102" WIDTH="39" HEIGHT="21" WC="0.96" CONTENT="och"/><SP WIDTH="21" VPOS="1102" HPOS="276"/>
							<String ID="string_307" HPOS="297" VPOS="1102" WIDTH="40" HEIGHT="20" WC="0.96" CONTENT="kan"/><SP WIDTH="25" VPOS="1102" HPOS="337"/>
							<String ID="string_308" HPOS="362" VPOS="1101" WIDTH="44" HEIGHT="22" WC="0.96" CONTENT="åter"/><SP WIDTH="21" VPOS="1101" HPOS="406"/>
							<String ID="string_309" HPOS="427" VPOS="1106" WIDTH="101" HEIGHT="23" WC="0.96" CONTENT="upptagas"/><SP WIDTH="22" VPOS="1106" HPOS="528"/>
							<String ID="string_310" HPOS="550" VPOS="1101" WIDTH="57" HEIGHT="28" WC="0.96" CONTENT="långt"/><SP WIDTH="22" VPOS="1101" HPOS="607"/>
							<String ID="string_311" HPOS="629" VPOS="1108" WIDTH="73" HEIGHT="15" WC="0.96" CONTENT="senare"/><SP WIDTH="17" VPOS="1108" HPOS="702"/>
							<String ID="string_312" HPOS="719" VPOS="1104" WIDTH="26" HEIGHT="18" WC="0.93" CONTENT="än"/><SP WIDTH="16" VPOS="1104" HPOS="745"/>
							<String ID="string_313" HPOS="761" VPOS="1102" WIDTH="72" HEIGHT="27" WC="0.91" CONTENT="nödigt"/><SP WIDTH="22" VPOS="1102" HPOS="833"/>
							<String ID="string_314" HPOS="855" VPOS="1109" WIDTH="55" HEIGHT="20" WC="0.93" CONTENT="vore,"/><SP WIDTH="22" VPOS="1109" HPOS="910"/>
							<String ID="string_315" HPOS="932" VPOS="1102" WIDTH="54" HEIGHT="21" WC="0.93" CONTENT="hälst"/>
						</TextLine>
						<TextLine ID="line_33" HPOS="168" VPOS="1130" WIDTH="817" HEIGHT="27">
							<String ID="string_316" HPOS="168" VPOS="1130" WIDTH="62" HEIGHT="21" WC="0.92" CONTENT="Räfsö"/><SP WIDTH="16" VPOS="1130" HPOS="230"/>
							<String ID="string_317" HPOS="246" VPOS="1131" WIDTH="63" HEIGHT="20" WC="0.92" CONTENT="hamn"/><SP WIDTH="16" VPOS="1131" HPOS="309"/>
							<String ID="string_318" HPOS="325" VPOS="1131" WIDTH="127" HEIGHT="20" WC="0.90" CONTENT="vintertiden"/><SP WIDTH="11" VPOS="1131" HPOS="452"/>
							<String ID="string_319" HPOS="463" VPOS="1131" WIDTH="7" HEIGHT="19" WC="0.96" CONTENT="i"/><SP WIDTH="12" VPOS="1131" HPOS="470"/>
							<String ID="string_320" HPOS="482" VPOS="1130" WIDTH="72" HEIGHT="27" WC="0.96" CONTENT="regeln"/><SP WIDTH="16" VPOS="1130" HPOS="554"/>
							<String ID="string_321" HPOS="570" VPOS="1131" WIDTH="74" HEIGHT="20" WC="0.96" CONTENT="endast"/><SP WIDTH="14" VPOS="1131" HPOS="644"/>
							<String ID="string_322" HPOS="658" VPOS="1131" WIDTH="152" HEIGHT="26" WC="0.96" CONTENT="undantagsvis"/><SP WIDTH="14" VPOS="1131" HPOS="810"/>
							<String ID="string_323" HPOS="824" VPOS="1130" WIDTH="33" HEIGHT="21" WC="0.96" CONTENT="för"/><SP WIDTH="14" VPOS="1130" HPOS="857"/>
							<String ID="string_324" HPOS="871" VPOS="1131" WIDTH="72" HEIGHT="26" WC="0.95" CONTENT="längre"/><SP WIDTH="13" VPOS="1131" HPOS="943"/>
							<String ID="string_325" HPOS="956" VPOS="1130" WIDTH="29" HEIGHT="21" WC="0.95" CONTENT="tid"/>
						</TextLine>
						<TextLine ID="line_34" HPOS="166" VPOS="1159" WIDTH="819" HEIGHT="27">
							<String ID="string_326" HPOS="166" VPOS="1159" WIDTH="105" HEIGHT="26" WC="0.91" CONTENT="tillfryser."/><SP WIDTH="32" VPOS="1159" HPOS="271"/>
							<String ID="string_327" HPOS="303" VPOS="1159" WIDTH="76" HEIGHT="20" WC="0.93" CONTENT="Staden"/><SP WIDTH="23" VPOS="1159" HPOS="379"/>
							<String ID="string_328" HPOS="402" VPOS="1159" WIDTH="66" HEIGHT="20" WC="0.96" CONTENT="måste"/><SP WIDTH="21" VPOS="1159" HPOS="468"/>
							<String ID="string_329" HPOS="489" VPOS="1159" WIDTH="69" HEIGHT="20" WC="0.96" CONTENT="därför"/><SP WIDTH="22" VPOS="1159" HPOS="558"/>
							<String ID="string_330" HPOS="580" VPOS="1159" WIDTH="68" HEIGHT="20" WC="0.96" CONTENT="under"/><SP WIDTH="14" VPOS="1159" HPOS="648"/>
							<String ID="string_331" HPOS="662" VPOS="1159" WIDTH="78" HEIGHT="27" WC="0.96" CONTENT="många"/><SP WIDTH="15" VPOS="1159" HPOS="740"/>
							<String ID="string_332" HPOS="755" VPOS="1159" WIDTH="38" HEIGHT="20" WC="0.97" CONTENT="och"/><SP WIDTH="15" VPOS="1159" HPOS="793"/>
							<String ID="string_333" HPOS="808" VPOS="1159" WIDTH="63" HEIGHT="26" WC="0.96" CONTENT="långa"/><SP WIDTH="15" VPOS="1159" HPOS="871"/>
							<String ID="string_334" HPOS="886" VPOS="1159" WIDTH="99" HEIGHT="21" WC="0.95" CONTENT="månader"/>
						</TextLine>
						<TextLine ID="line_35" HPOS="166" VPOS="1187" WIDTH="819" HEIGHT="27">
							<String ID="string_335" HPOS="166" VPOS="1188" WIDTH="21" HEIGHT="20" WC="0.95" CONTENT="af"/><SP WIDTH="14" VPOS="1188" HPOS="187"/>
							<String ID="string_336" HPOS="201" VPOS="1188" WIDTH="45" HEIGHT="20" WC="0.95" CONTENT="året"/><SP WIDTH="14" VPOS="1188" HPOS="246"/>
							<String ID="string_337" HPOS="260" VPOS="1187" WIDTH="7" HEIGHT="20" WC="0.96" CONTENT="i"/><SP WIDTH="16" VPOS="1187" HPOS="267"/>
							<String ID="string_338" HPOS="283" VPOS="1187" WIDTH="95" HEIGHT="27" WC="0.96" CONTENT="betydlig"/><SP WIDTH="15" VPOS="1187" HPOS="378"/>
							<String ID="string_339" HPOS="393" VPOS="1187" WIDTH="47" HEIGHT="21" WC="0.96" CONTENT="mån"/><SP WIDTH="18" VPOS="1187" HPOS="440"/>
							<String ID="string_340" HPOS="458" VPOS="1187" WIDTH="46" HEIGHT="21" WC="0.96" CONTENT="dela"/><SP WIDTH="16" VPOS="1187" HPOS="504"/>
							<String ID="string_341" HPOS="520" VPOS="1187" WIDTH="63" HEIGHT="21" WC="0.96" CONTENT="lotten"/><SP WIDTH="17" VPOS="1187" HPOS="583"/>
							<String ID="string_342" HPOS="600" VPOS="1187" WIDTH="21" HEIGHT="21" WC="0.96" CONTENT="af"/><SP WIDTH="15" VPOS="1187" HPOS="621"/>
							<String ID="string_343" HPOS="636" VPOS="1187" WIDTH="100" HEIGHT="26" WC="0.93" CONTENT="björnens"/><SP WIDTH="23" VPOS="1187" HPOS="736"/>
							<String ID="string_344" HPOS="759" VPOS="1187" WIDTH="135" HEIGHT="27" WC="0.91" CONTENT="vinterdvala,"/><SP WIDTH="12" VPOS="1187" HPOS="894"/>
							<String ID="string_345" HPOS="906" VPOS="1188" WIDTH="39" HEIGHT="20" WC="0.97" CONTENT="och"/><SP WIDTH="12" VPOS="1188" HPOS="945"/>
							<String ID="string_346" HPOS="957" VPOS="1188" WIDTH="28" HEIGHT="20" WC="0.96" CONTENT="alt"/>
						</TextLine>
						<TextLine ID="line_36" HPOS="167" VPOS="1215" WIDTH="817" HEIGHT="27">
							<String ID="string_347" HPOS="167" VPOS="1216" WIDTH="56" HEIGHT="20" WC="0.96" CONTENT="detta"/><SP WIDTH="16" VPOS="1216" HPOS="223"/>
							<String ID="string_348" HPOS="239" VPOS="1216" WIDTH="74" HEIGHT="20" WC="0.96" CONTENT="endast"/><SP WIDTH="15" VPOS="1216" HPOS="313"/>
							<String ID="string_349" HPOS="328" VPOS="1215" WIDTH="76" HEIGHT="26" WC="0.95" CONTENT="därför,"/><SP WIDTH="16" VPOS="1215" HPOS="404"/>
							<String ID="string_350" HPOS="420" VPOS="1218" WIDTH="29" HEIGHT="18" WC="0.96" CONTENT="att"/><SP WIDTH="15" VPOS="1218" HPOS="449"/>
							<String ID="string_351" HPOS="464" VPOS="1216" WIDTH="73" HEIGHT="20" WC="0.96" CONTENT="staden"/><SP WIDTH="15" VPOS="1216" HPOS="537"/>
							<String ID="string_352" HPOS="552" VPOS="1216" WIDTH="77" HEIGHT="20" WC="0.96" CONTENT="saknar"/><SP WIDTH="14" VPOS="1216" HPOS="629"/>
							<String ID="string_353" HPOS="643" VPOS="1222" WIDTH="27" HEIGHT="13" WC="0.96" CONTENT="en"/><SP WIDTH="15" VPOS="1222" HPOS="670"/>
							<String ID="string_354" HPOS="685" VPOS="1215" WIDTH="99" HEIGHT="27" WC="0.96" CONTENT="tidsenlig"/><SP WIDTH="19" VPOS="1215" HPOS="784"/>
							<String ID="string_355" HPOS="803" VPOS="1216" WIDTH="181" HEIGHT="20" WC="0.95" CONTENT="kommunikation"/>
						</TextLine>
						<TextLine ID="line_37" HPOS="167" VPOS="1244" WIDTH="818" HEIGHT="27">
							<String ID="string_356" HPOS="167" VPOS="1244" WIDTH="46" HEIGHT="20" WC="0.95" CONTENT="med"/><SP WIDTH="17" VPOS="1244" HPOS="213"/>
							<String ID="string_357" HPOS="230" VPOS="1244" WIDTH="41" HEIGHT="20" WC="0.96" CONTENT="den"/><SP WIDTH="15" VPOS="1244" HPOS="271"/>
							<String ID="string_358" HPOS="286" VPOS="1244" WIDTH="55" HEIGHT="27" WC="0.96" CONTENT="goda"/><SP WIDTH="14" VPOS="1244" HPOS="341"/>
							<String ID="string_359" HPOS="355" VPOS="1244" WIDTH="70" HEIGHT="26" WC="0.96" CONTENT="hamn,"/><SP WIDTH="16" VPOS="1244" HPOS="425"/>
							<String ID="string_360" HPOS="441" VPOS="1244" WIDTH="83" HEIGHT="20" WC="0.96" CONTENT="hvilken"/><SP WIDTH="18" VPOS="1244" HPOS="524"/>
							<String ID="string_361" HPOS="542" VPOS="1244" WIDTH="21" HEIGHT="20" WC="0.96" CONTENT="af"/><SP WIDTH="15" VPOS="1244" HPOS="563"/>
							<String ID="string_362" HPOS="578" VPOS="1246" WIDTH="89" HEIGHT="18" WC="0.95" CONTENT="naturen"/><SP WIDTH="16" VPOS="1246" HPOS="667"/>
							<String ID="string_363" HPOS="683" VPOS="1244" WIDTH="42" HEIGHT="20" WC="0.95" CONTENT="står"/><SP WIDTH="17" VPOS="1244" HPOS="725"/>
							<String ID="string_364" HPOS="742" VPOS="1244" WIDTH="122" HEIGHT="21" WC="0.96" CONTENT="densamma"/><SP WIDTH="15" VPOS="1244" HPOS="864"/>
							<String ID="string_365" HPOS="879" VPOS="1244" WIDTH="32" HEIGHT="21" WC="0.96" CONTENT="till"/><SP WIDTH="14" VPOS="1244" HPOS="911"/>
							<String ID="string_366" HPOS="925" VPOS="1244" WIDTH="60" HEIGHT="20" WC="0.96" CONTENT="buds."/>
						</TextLine>
					</TextBlock>
					<TextBlock ID="block_4" HPOS="166" VPOS="1272" WIDTH="820" HEIGHT="283">
						<TextLine ID="line_38" HPOS="235" VPOS="1272" WIDTH="751" HEIGHT="27">
							<String ID="string_367" HPOS="235" VPOS="1272" WIDTH="73" HEIGHT="21" WC="0.95" CONTENT="Under"/><SP WIDTH="15" VPOS="1272" HPOS="308"/>
							<String ID="string_368" HPOS="323" VPOS="1272" WIDTH="57" HEIGHT="21" WC="0.91" CONTENT="detta"/><SP WIDTH="15" VPOS="1272" HPOS="380"/>
							<String ID="string_369" HPOS="395" VPOS="1272" WIDTH="109" HEIGHT="27" WC="0.91" CONTENT="betryckta"/><SP WIDTH="15" VPOS="1272" HPOS="504"/>
							<String ID="string_370" HPOS="519" VPOS="1272" WIDTH="45" HEIGHT="27" WC="0.96" CONTENT="läge"/><SP WIDTH="16" VPOS="1272" HPOS="564"/>
							<String ID="string_371" HPOS="580" VPOS="1272" WIDTH="37" HEIGHT="20" WC="0.96" CONTENT="har"/><SP WIDTH="15" VPOS="1272" HPOS="617"/>
							<String ID="string_372" HPOS="632" VPOS="1272" WIDTH="73" HEIGHT="20" WC="0.96" CONTENT="staden"/><SP WIDTH="16" VPOS="1272" HPOS="705"/>
							<String ID="string_373" HPOS="721" VPOS="1272" WIDTH="47" HEIGHT="21" WC="0.93" CONTENT="icke"/><SP WIDTH="15" VPOS="1272" HPOS="768"/>
							<String ID="string_374" HPOS="783" VPOS="1272" WIDTH="81" HEIGHT="22" WC="0.91" CONTENT="knnnat"/><SP WIDTH="16" VPOS="1272" HPOS="864"/>
							<String ID="string_375" HPOS="880" VPOS="1275" WIDTH="65" HEIGHT="18" WC="0.96" CONTENT="annat"/><SP WIDTH="14" VPOS="1275" HPOS="945"/>
							<String ID="string_376" HPOS="959" VPOS="1275" WIDTH="27" HEIGHT="18" WC="0.96" CONTENT="än"/>
						</TextLine>
						<TextLine ID="line_39" HPOS="166" VPOS="1300" WIDTH="819" HEIGHT="27">
							<String ID="string_377" HPOS="166" VPOS="1307" WIDTH="22" HEIGHT="13" WC="0.96" CONTENT="se"/><SP WIDTH="16" VPOS="1307" HPOS="188"/>
							<String ID="string_378" HPOS="204" VPOS="1301" WIDTH="31" HEIGHT="26" WC="0.95" CONTENT="sig"/><SP WIDTH="16" VPOS="1301" HPOS="235"/>
							<String ID="string_379" HPOS="251" VPOS="1307" WIDTH="34" HEIGHT="13" WC="0.96" CONTENT="om"/><SP WIDTH="16" VPOS="1307" HPOS="285"/>
							<String ID="string_380" HPOS="301" VPOS="1301" WIDTH="53" HEIGHT="19" WC="0.93" CONTENT="efter"/><SP WIDTH="16" VPOS="1301" HPOS="354"/>
							<String ID="string_381" HPOS="370" VPOS="1303" WIDTH="87" HEIGHT="23" WC="0.92" CONTENT="utvägar"/><SP WIDTH="15" VPOS="1303" HPOS="457"/>
							<String ID="string_382" HPOS="472" VPOS="1301" WIDTH="31" HEIGHT="19" WC="0.96" CONTENT="till"/><SP WIDTH="15" VPOS="1301" HPOS="503"/>
							<String ID="string_383" HPOS="518" VPOS="1300" WIDTH="141" HEIGHT="20" WC="0.96" CONTENT="förbättrande"/><SP WIDTH="16" VPOS="1300" HPOS="659"/>
							<String ID="string_384" HPOS="675" VPOS="1301" WIDTH="21" HEIGHT="19" WC="0.93" CONTENT="af"/><SP WIDTH="15" VPOS="1301" HPOS="696"/>
							<String ID="string_385" HPOS="711" VPOS="1301" WIDTH="138" HEIGHT="19" WC="0.91" CONTENT="samfärdseln"/><SP WIDTH="15" VPOS="1301" HPOS="849"/>
							<String ID="string_386" HPOS="864" VPOS="1301" WIDTH="47" HEIGHT="19" WC="0.93" CONTENT="med"/><SP WIDTH="16" VPOS="1301" HPOS="911"/>
							<String ID="string_387" HPOS="927" VPOS="1301" WIDTH="58" HEIGHT="19" WC="0.92" CONTENT="ham-"/>
						</TextLine>
						<TextLine ID="line_40" HPOS="166" VPOS="1327" WIDTH="819" HEIGHT="28">
							<String ID="string_388" HPOS="166" VPOS="1334" WIDTH="47" HEIGHT="14" WC="0.94" CONTENT="nen."/><SP WIDTH="31" VPOS="1334" HPOS="213"/>
							<String ID="string_389" HPOS="244" VPOS="1327" WIDTH="78" HEIGHT="22" WC="0.95" CONTENT="Staden"/><SP WIDTH="21" VPOS="1327" HPOS="322"/>
							<String ID="string_390" HPOS="343" VPOS="1328" WIDTH="38" HEIGHT="20" WC="0.96" CONTENT="har"/><SP WIDTH="15" VPOS="1328" HPOS="381"/>
							<String ID="string_391" HPOS="396" VPOS="1328" WIDTH="60" HEIGHT="20" WC="0.95" CONTENT="offrat"/><SP WIDTH="14" VPOS="1328" HPOS="456"/>
							<String ID="string_392" HPOS="470" VPOS="1330" WIDTH="56" HEIGHT="18" WC="0.96" CONTENT="stora"/><SP WIDTH="15" VPOS="1330" HPOS="526"/>
							<String ID="string_393" HPOS="541" VPOS="1334" WIDTH="93" HEIGHT="14" WC="0.96" CONTENT="summor"/><SP WIDTH="14" VPOS="1334" HPOS="634"/>
							<String ID="string_394" HPOS="648" VPOS="1328" WIDTH="27" HEIGHT="26" WC="0.93" CONTENT="på"/><SP WIDTH="15" VPOS="1328" HPOS="675"/>
							<String ID="string_395" HPOS="690" VPOS="1328" WIDTH="184" HEIGHT="27" WC="0.91" CONTENT="uppmuddrandet"/><SP WIDTH="15" VPOS="1328" HPOS="874"/>
							<String ID="string_396" HPOS="889" VPOS="1328" WIDTH="21" HEIGHT="21" WC="0.93" CONTENT="af"/><SP WIDTH="14" VPOS="1328" HPOS="910"/>
							<String ID="string_397" HPOS="924" VPOS="1328" WIDTH="61" HEIGHT="21" WC="0.90" CONTENT="farle-"/>
						</TextLine>
						<TextLine ID="line_41" HPOS="167" VPOS="1356" WIDTH="819" HEIGHT="21">
							<String ID="string_398" HPOS="167" VPOS="1356" WIDTH="41" HEIGHT="21" WC="0.96" CONTENT="den"/><SP WIDTH="16" VPOS="1356" HPOS="208"/>
							<String ID="string_399" HPOS="224" VPOS="1356" WIDTH="38" HEIGHT="21" WC="0.96" CONTENT="och"/><SP WIDTH="15" VPOS="1356" HPOS="262"/>
							<String ID="string_400" HPOS="277" VPOS="1358" WIDTH="27" HEIGHT="19" WC="0.96" CONTENT="än"/><SP WIDTH="16" VPOS="1358" HPOS="304"/>
							<String ID="string_401" HPOS="320" VPOS="1358" WIDTH="66" HEIGHT="19" WC="0.96" CONTENT="större"/><SP WIDTH="14" VPOS="1358" HPOS="386"/>
							<String ID="string_402" HPOS="400" VPOS="1356" WIDTH="59" HEIGHT="20" WC="0.96" CONTENT="skola"/><SP WIDTH="15" VPOS="1356" HPOS="459"/>
							<String ID="string_403" HPOS="474" VPOS="1356" WIDTH="8" HEIGHT="20" WC="0.96" CONTENT="i"/><SP WIDTH="14" VPOS="1356" HPOS="482"/>
							<String ID="string_404" HPOS="496" VPOS="1358" WIDTH="104" HEIGHT="18" WC="0.96" CONTENT="närmaste"/><SP WIDTH="15" VPOS="1358" HPOS="600"/>
							<String ID="string_405" HPOS="615" VPOS="1356" WIDTH="84" HEIGHT="20" WC="0.96" CONTENT="framtid"/><SP WIDTH="16" VPOS="1356" HPOS="699"/>
							<String ID="string_406" HPOS="715" VPOS="1356" WIDTH="33" HEIGHT="20" WC="0.96" CONTENT="för"/><SP WIDTH="15" VPOS="1356" HPOS="748"/>
							<String ID="string_407" HPOS="763" VPOS="1357" WIDTH="56" HEIGHT="20" WC="0.95" CONTENT="detta"/><SP WIDTH="22" VPOS="1357" HPOS="819"/>
							<String ID="string_408" HPOS="841" VPOS="1356" WIDTH="97" HEIGHT="21" WC="0.91" CONTENT="ändamål"/><SP WIDTH="16" VPOS="1356" HPOS="938"/>
							<String ID="string_409" HPOS="954" VPOS="1358" WIDTH="32" HEIGHT="19" WC="0.92" CONTENT="ut-"/>
						</TextLine>
						<TextLine ID="line_42" HPOS="166" VPOS="1384" WIDTH="819" HEIGHT="29">
							<String ID="string_410" HPOS="166" VPOS="1385" WIDTH="73" HEIGHT="27" WC="0.78" CONTENT="gifvas."/><SP WIDTH="30" VPOS="1385" HPOS="239"/>
							<String ID="string_411" HPOS="269" VPOS="1385" WIDTH="50" HEIGHT="21" WC="0.93" CONTENT="Men"/><SP WIDTH="22" VPOS="1385" HPOS="319"/>
							<String ID="string_412" HPOS="341" VPOS="1384" WIDTH="105" HEIGHT="22" WC="0.92" CONTENT="farledens"/><SP WIDTH="22" VPOS="1384" HPOS="446"/>
							<String ID="string_413" HPOS="468" VPOS="1384" WIDTH="139" HEIGHT="29" WC="0.96" CONTENT="fördjupande"/><SP WIDTH="22" VPOS="1384" HPOS="607"/>
							<String ID="string_414" HPOS="629" VPOS="1391" WIDTH="76" HEIGHT="21" WC="0.92" CONTENT="genom"/><SP WIDTH="24" VPOS="1391" HPOS="705"/>
							<String ID="string_415" HPOS="729" VPOS="1385" WIDTH="157" HEIGHT="28" WC="0.92" CONTENT="uppmuddring"/><SP WIDTH="14" VPOS="1385" HPOS="886"/>
							<String ID="string_416" HPOS="900" VPOS="1385" WIDTH="38" HEIGHT="21" WC="0.96" CONTENT="har"/><SP WIDTH="15" VPOS="1385" HPOS="938"/>
							<String ID="string_417" HPOS="953" VPOS="1386" WIDTH="32" HEIGHT="20" WC="0.97" CONTENT="sin"/>
						</TextLine>
						<TextLine ID="line_43" HPOS="166" VPOS="1413" WIDTH="819" HEIGHT="29">
							<String ID="string_418" HPOS="166" VPOS="1413" WIDTH="105" HEIGHT="29" WC="0.96" CONTENT="naturliga"/><SP WIDTH="10" VPOS="1413" HPOS="271"/>
							<String ID="string_419" HPOS="281" VPOS="1414" WIDTH="142" HEIGHT="27" WC="0.96" CONTENT="begränsning"/><SP WIDTH="11" VPOS="1414" HPOS="423"/>
							<String ID="string_420" HPOS="434" VPOS="1414" WIDTH="44" HEIGHT="21" WC="0.96" CONTENT="dels"/><SP WIDTH="10" VPOS="1414" HPOS="478"/>
							<String ID="string_421" HPOS="488" VPOS="1414" WIDTH="8" HEIGHT="20" WC="0.93" CONTENT="i"/><SP WIDTH="9" VPOS="1414" HPOS="496"/>
							<String ID="string_422" HPOS="505" VPOS="1414" WIDTH="92" HEIGHT="21" WC="0.92" CONTENT="bottnets"/><SP WIDTH="11" VPOS="1414" HPOS="597"/>
							<String ID="string_423" HPOS="608" VPOS="1413" WIDTH="149" HEIGHT="25" WC="0.96" CONTENT="beskaffenhet,"/><SP WIDTH="11" VPOS="1413" HPOS="757"/>
							<String ID="string_424" HPOS="768" VPOS="1414" WIDTH="45" HEIGHT="21" WC="0.94" CONTENT="dels"/><SP WIDTH="11" VPOS="1414" HPOS="813"/>
							<String ID="string_425" HPOS="824" VPOS="1414" WIDTH="4" HEIGHT="20" WC="0.93" CONTENT="i"/><SP WIDTH="8" VPOS="1414" HPOS="828"/>
							<String ID="string_426" HPOS="836" VPOS="1414" WIDTH="41" HEIGHT="22" WC="0.93" CONTENT="den"/><SP WIDTH="9" VPOS="1414" HPOS="877"/>
							<String ID="string_427" HPOS="886" VPOS="1415" WIDTH="99" HEIGHT="26" WC="0.92" CONTENT="mycken-"/>
						</TextLine>
						<TextLine ID="line_44" HPOS="166" VPOS="1442" WIDTH="819" HEIGHT="29">
							<String ID="string_428" HPOS="166" VPOS="1444" WIDTH="35" HEIGHT="20" WC="0.96" CONTENT="het"/><SP WIDTH="22" VPOS="1444" HPOS="201"/>
							<String ID="string_429" HPOS="223" VPOS="1442" WIDTH="59" HEIGHT="28" WC="0.96" CONTENT="slam,"/><SP WIDTH="20" VPOS="1442" HPOS="282"/>
							<String ID="string_430" HPOS="302" VPOS="1443" WIDTH="87" HEIGHT="28" WC="0.96" CONTENT="hvilken"/><SP WIDTH="21" VPOS="1443" HPOS="389"/>
							<String ID="string_431" HPOS="410" VPOS="1443" WIDTH="38" HEIGHT="21" WC="0.92" CONTENT="här"/><SP WIDTH="22" VPOS="1443" HPOS="448"/>
							<String ID="string_432" HPOS="470" VPOS="1443" WIDTH="85" HEIGHT="21" WC="0.92" CONTENT="afsätter"/><SP WIDTH="22" VPOS="1443" HPOS="555"/>
							<String ID="string_433" HPOS="577" VPOS="1442" WIDTH="36" HEIGHT="27" WC="0.95" CONTENT="sig,"/><SP WIDTH="19" VPOS="1442" HPOS="613"/>
							<String ID="string_434" HPOS="632" VPOS="1443" WIDTH="39" HEIGHT="20" WC="0.96" CONTENT="och"/><SP WIDTH="15" VPOS="1443" HPOS="671"/>
							<String ID="string_435" HPOS="686" VPOS="1445" WIDTH="56" HEIGHT="19" WC="0.96" CONTENT="emot"/><SP WIDTH="15" VPOS="1445" HPOS="742"/>
							<String ID="string_436" HPOS="757" VPOS="1443" WIDTH="85" HEIGHT="21" WC="0.96" CONTENT="hvilken"/><SP WIDTH="16" VPOS="1443" HPOS="842"/>
							<String ID="string_437" HPOS="858" VPOS="1444" WIDTH="64" HEIGHT="27" WC="0.96" CONTENT="ingen"/><SP WIDTH="15" VPOS="1444" HPOS="922"/>
							<String ID="string_438" HPOS="937" VPOS="1444" WIDTH="48" HEIGHT="20" WC="0.96" CONTENT="dam"/>
						</TextLine>
						<TextLine ID="line_45" HPOS="166" VPOS="1471" WIDTH="820" HEIGHT="28">
							<String ID="string_439" HPOS="166" VPOS="1471" WIDTH="42" HEIGHT="22" WC="0.95" CONTENT="kan"/><SP WIDTH="15" VPOS="1471" HPOS="208"/>
							<String ID="string_440" HPOS="223" VPOS="1473" WIDTH="70" HEIGHT="20" WC="0.95" CONTENT="sättas."/><SP WIDTH="29" VPOS="1473" HPOS="293"/>
							<String ID="string_441" HPOS="322" VPOS="1471" WIDTH="71" HEIGHT="21" WC="0.88" CONTENT="Äfven"/><SP WIDTH="23" VPOS="1471" HPOS="393"/>
							<String ID="string_442" HPOS="416" VPOS="1477" WIDTH="34" HEIGHT="15" WC="0.96" CONTENT="om"/><SP WIDTH="16" VPOS="1477" HPOS="450"/>
							<String ID="string_443" HPOS="466" VPOS="1471" WIDTH="34" HEIGHT="21" WC="0.93" CONTENT="det"/><SP WIDTH="15" VPOS="1471" HPOS="500"/>
							<String ID="string_444" HPOS="515" VPOS="1471" WIDTH="69" HEIGHT="22" WC="0.92" CONTENT="blefve"/><SP WIDTH="15" VPOS="1471" HPOS="584"/>
							<String ID="string_445" HPOS="599" VPOS="1471" WIDTH="82" HEIGHT="28" WC="0.96" CONTENT="möjligt"/><SP WIDTH="15" VPOS="1471" HPOS="681"/>
							<String ID="string_446" HPOS="696" VPOS="1473" WIDTH="29" HEIGHT="20" WC="0.96" CONTENT="att"/><SP WIDTH="15" VPOS="1473" HPOS="725"/>
							<String ID="string_447" HPOS="740" VPOS="1478" WIDTH="77" HEIGHT="21" WC="0.93" CONTENT="genom"/><SP WIDTH="13" VPOS="1478" HPOS="817"/>
							<String ID="string_448" HPOS="830" VPOS="1472" WIDTH="156" HEIGHT="27" WC="0.91" CONTENT="uppmuddring"/>
						</TextLine>
						<TextLine ID="line_46" HPOS="166" VPOS="1500" WIDTH="819" HEIGHT="28">
							<String ID="string_449" HPOS="166" VPOS="1501" WIDTH="75" HEIGHT="26" WC="0.96" CONTENT="bringa"/><SP WIDTH="14" VPOS="1501" HPOS="241"/>
							<String ID="string_450" HPOS="255" VPOS="1501" WIDTH="95" HEIGHT="21" WC="0.96" CONTENT="farleden"/><SP WIDTH="16" VPOS="1501" HPOS="350"/>
							<String ID="string_451" HPOS="366" VPOS="1500" WIDTH="31" HEIGHT="21" WC="0.96" CONTENT="till"/><SP WIDTH="16" VPOS="1500" HPOS="397"/>
							<String ID="string_452" HPOS="413" VPOS="1500" WIDTH="26" HEIGHT="21" WC="0.96" CONTENT="10"/><SP WIDTH="16" VPOS="1500" HPOS="439"/>
							<String ID="string_453" HPOS="455" VPOS="1500" WIDTH="40" HEIGHT="21" WC="0.96" CONTENT="fots"/><SP WIDTH="16" VPOS="1500" HPOS="495"/>
							<String ID="string_454" HPOS="511" VPOS="1500" WIDTH="56" HEIGHT="28" WC="0.96" CONTENT="djup,"/><SP WIDTH="15" VPOS="1500" HPOS="567"/>
							<String ID="string_455" HPOS="582" VPOS="1500" WIDTH="69" HEIGHT="21" WC="0.96" CONTENT="såsom"/><SP WIDTH="16" VPOS="1500" HPOS="651"/>
							<String ID="string_456" HPOS="667" VPOS="1507" WIDTH="29" HEIGHT="14" WC="0.96" CONTENT="nu"/><SP WIDTH="15" VPOS="1507" HPOS="696"/>
							<String ID="string_457" HPOS="711" VPOS="1501" WIDTH="43" HEIGHT="20" WC="0.95" CONTENT="står"/><SP WIDTH="11" VPOS="1501" HPOS="754"/>
							<String ID="string_458" HPOS="765" VPOS="1500" WIDTH="73" HEIGHT="28" WC="0.96" CONTENT="ifråga,"/><SP WIDTH="10" VPOS="1500" HPOS="838"/>
							<String ID="string_459" HPOS="848" VPOS="1501" WIDTH="59" HEIGHT="21" WC="0.93" CONTENT="skola"/><SP WIDTH="9" VPOS="1501" HPOS="907"/>
							<String ID="string_460" HPOS="916" VPOS="1501" WIDTH="69" HEIGHT="21" WC="0.92" CONTENT="förde-"/>
						</TextLine>
						<TextLine ID="line_47" HPOS="166" VPOS="1529" WIDTH="820" HEIGHT="26">
							<String ID="string_461" HPOS="166" VPOS="1529" WIDTH="59" HEIGHT="20" WC="0.96" CONTENT="larna"/><SP WIDTH="8" VPOS="1529" HPOS="225"/>
							<String ID="string_462" HPOS="233" VPOS="1529" WIDTH="59" HEIGHT="21" WC="0.96" CONTENT="häraf"/><SP WIDTH="10" VPOS="1529" HPOS="292"/>
							<String ID="string_463" HPOS="302" VPOS="1529" WIDTH="64" HEIGHT="20" WC="0.96" CONTENT="blifva"/><SP WIDTH="11" VPOS="1529" HPOS="366"/>
							<String ID="string_464" HPOS="377" VPOS="1530" WIDTH="75" HEIGHT="25" WC="0.93" CONTENT="ytterst"/><SP WIDTH="10" VPOS="1530" HPOS="452"/>
							<String ID="string_465" HPOS="462" VPOS="1529" WIDTH="211" HEIGHT="21" WC="0.89" CONTENT="otillfredsställande."/><SP WIDTH="24" VPOS="1529" HPOS="673"/>
							<String ID="string_466" HPOS="697" VPOS="1529" WIDTH="94" HEIGHT="21" WC="0.96" CONTENT="Frukten"/><SP WIDTH="8" VPOS="1529" HPOS="791"/>
							<String ID="string_467" HPOS="799" VPOS="1530" WIDTH="21" HEIGHT="19" WC="0.96" CONTENT="af"/><SP WIDTH="8" VPOS="1530" HPOS="820"/>
							<String ID="string_468" HPOS="828" VPOS="1529" WIDTH="41" HEIGHT="21" WC="0.96" CONTENT="alla"/><SP WIDTH="10" VPOS="1529" HPOS="869"/>
							<String ID="string_469" HPOS="879" VPOS="1529" WIDTH="60" HEIGHT="21" WC="0.93" CONTENT="dessa"/><SP WIDTH="11" VPOS="1529" HPOS="939"/>
							<String ID="string_470" HPOS="950" VPOS="1537" WIDTH="36" HEIGHT="12" WC="0.92" CONTENT="an-"/>
						</TextLine>
					</TextBlock>
				</ComposedBlock>
			</PrintSpace>
		</Page>
	</Layout>
</alto>
