1075 1753
191 137 41 20 252
394 139 177 22 Borgareståndet
583 140 53 16 1891.
661 139 26 16 24
699 139 51 16 febr.

166 220 141 27 organisation
323 225 46 15 som
384 225 74 21 genom
474 218 112 21 frånvaron
602 218 21 20 af
637 217 133 21 ekonomiskt
787 217 65 20 motiv
867 217 71 26 lämpa
952 217 33 20 sin

165 248 78 21 rörelse
258 248 53 21 efter
325 247 55 21 hvad
396 253 45 15 som
463 247 81 20 fordras
559 246 21 21 af
595 246 56 21 olika
666 247 52 19 orts-
743 245 39 21 och
797 245 188 21 tidsförhållanden

166 277 39 20 och
227 276 55 21 hvad
303 276 32 21 för
356 275 56 21 olika
433 275 143 27 försäljnings-
592 275 39 20 och
646 273 229 28 utskänkningsställen
890 273 95 21 befinnes

166 305 111 27 gagneligt.

236 333 50 20 Men
301 333 36 20 det
351 339 37 20 ges
403 333 77 19 tvänne
495 331 182 27 omständigheter,
699 337 46 14 som
760 332 51 25 göra
826 331 30 20 att
870 329 79 21 värkan
965 329 21 21 af

166 360 262 27 bränvinshandteringens
450 359 177 27 monopolisering
645 359 38 20 hos
697 358 91 27 bolagen
802 358 9 20 i
825 358 95 27 betydlig
935 358 51 27 grad

166 389 112 27 försvagas,
298 388 33 21 för
353 390 30 19 att
404 388 47 21 icke
466 390 50 25 säga
530 387 105 28 kringgås.
664 386 48 22 Den
728 393 40 15 ena
782 386 22 21 af
819 386 61 21 dessa
895 388 90 19 omstän-

166 418 95 27 digheter
282 419 23 19 är
327 417 42 21 den
392 418 29 19 att
442 416 110 27 stadgarna
573 416 90 20 rörande
682 415 252 27 bränvinshandteringen
950 416 35 19 äro

166 446 121 20 inskränkta
302 445 31 21 till
349 445 90 27 drycker
454 445 58 20 öfver
527 445 26 20 25
569 445 28 27 9/,
612 444 51 21 eller
678 444 66 27 enligt
759 444 156 27 propositionen
928 443 59 21 öfver

167 475 26 20 22
209 475 27 26 9/,
252 473 134 22 alkoholhalt.
414 474 11 20 I
448 474 41 20 alla
511 474 26 20 de
559 472 130 27 uttalanden,
711 479 47 14 som
779 472 63 21 hafva
856 472 131 27 framlagts
977 468 14 37 i

167 503 204 21 bränvinskomiténs
393 502 139 26 betänkande,
553 502 62 20 råder
636 501 53 21 blott
711 508 27 14 en
761 500 125 27 enstämmig
899 500 88 27 mening

168 532 72 20 därom
255 533 30 19 att
299 531 57 21 detta
371 530 109 28 undantag
499 531 38 20 har
552 530 74 21 värkat
640 531 75 25 ytterst
730 529 121 27 fördärfligt.
880 528 40 21 Till
934 528 53 27 följd

167 560 21 20 af
210 560 41 21 den
273 560 89 20 sålunda
384 561 69 26 öppen
473 559 97 21 lämnade
593 560 91 25 utvägen
706 558 63 26 säljas
786 558 44 20 fritt
845 557 41 21 alla
900 557 87 27 möjliga

167 588 94 27 drycker,
284 588 102 27 börjande
406 588 49 20 med
475 588 71 26 vanlig
568 587 65 26 toddy
656 586 39 21 och
715 586 98 21 slutande
828 586 49 20 med
892 586 26 20 de
933 587 54 19 mest

168 617 153 20 ohälsosamma
341 616 145 27 blandningar,
510 616 38 20 och
564 616 70 20 denna
653 615 78 20 handel
746 617 23 18 är
783 614 47 21 icke
845 614 141 21 underkastad

168 645 25 21 de
213 645 206 27 reglementeringar,
442 651 45 14 som
508 643 252 27 bränvinshandteringen
776 642 133 27 underlyder.
940 642 47 21 Den

166 673 33 21 får
220 674 106 20 bedrifvas
339 673 27 27 pä
381 673 59 26 tider,
463 672 27 21 dä
508 672 225 27 bränvinsförsäljning
747 672 47 20 icke
809 673 30 19 är.
846 671 87 27 tillåten,
955 671 33 20 får

167 702 105 21 bedrifvas
287 702 26 27 på
329 702 74 20 sådant
418 703 40 18 sätt
470 707 45 14 som
530 702 43 26 just
587 700 31 21 till
634 700 158 27 förebyggande
804 700 22 20 af
836 700 151 26 dryckenskap,

167 732 22 19 är
204 730 107 27 förbjudet
325 730 7 20 i
347 730 59 27 fråga
421 736 34 14 om
470 729 124 27 försäljning
605 729 20 20 af
635 729 100 25 bränvin;
752 729 35 20 det
796 727 69 22 finnes
874 728 64 27 ingen
948 728 40 20 mi-

167 759 114 27 nimigräns
297 759 32 20 för
343 758 125 27 försäljning
483 758 20 20 af
518 758 53 21 slika
586 757 95 27 drycker,
699 757 40 20 och
754 757 100 27 slutligen
869 756 68 27 spelar
953 756 34 21 det

167 787 95 20 enskilda
284 787 142 26 vinstbegäret
448 787 38 20 här
505 793 26 14 en
547 786 113 27 afgörande
675 786 45 26 roll,
743 785 23 20 så
782 787 29 19 att
826 791 77 21 genom
917 785 70 20 denna

166 816 124 27 försäljning
313 815 20 21 af
354 815 90 26 drycker
466 815 68 20 under
553 815 26 20 25
602 815 27 26 ?/,
650 814 129 21 alkoholhalt
794 813 145 28 tillintetgöras
955 813 32 21 till

167 846 43 19 stor
225 844 34 21 del
274 844 26 21 de
316 843 127 28 välgörande
466 843 153 28 värkningarna
642 843 22 20 af
678 843 172 20 restriktionerna
864 843 8 19 i
888 842 99 21 afseende

167 873 12 20 å
195 872 256 27 bränvinsförsäljningen.
481 872 138 21 Uteslutande
635 871 46 21 från
696 871 260 27 bränvinslagstiftningen
967 871 22 20 af

167 901 89 27 drycker
271 901 67 20 under
353 901 41 20 den
409 901 77 20 nämda
501 900 155 21 alkoholhalten
671 901 38 26 gör
724 901 29 19 att
768 899 159 28 lagstiftningen
939 899 48 26 själf

166 929 39 21 har
219 929 54 21 visat
288 935 26 15 en
329 929 39 20 lätt
383 929 39 20 och
436 929 117 26 tillgänglig
569 931 39 24 väg
623 929 32 20 för
669 928 74 27 lagens
757 927 150 28 kringgående.
936 927 50 20 Man

166 957 42 21 kan
223 958 46 20 icke
285 957 66 21 häller
366 957 71 27 undgå
452 957 60 20 dessa
528 957 134 27 olägenheter
677 963 77 20 genom
769 958 29 19 att
812 956 68 21 fixera
892 962 27 14 en
929 955 59 28 lägre

187 986 113 27 koholhalt,
322 988 23 24 ty
368 985 34 21 det
426 985 40 21 blir
489 985 32 20 väl
543 985 58 21 alltid
624 991 27 14 en
673 985 109 26 möjlighet
797 986 29 19 att
841 984 85 27 försälja
941 991 46 14 rus-

181 1015 75 26 rycker
278 1014 49 21 med
349 1014 81 21 mindre
454 1013 127 22 alkoholhalt
603 1015 27 18 än
645 1013 41 21 den
701 1013 115 27 bestämda,
832 1013 39 20 och
885 1013 38 27 går
937 1019 50 14 man

187 1043 41 20 tför
242 1043 49 27 lågt,
307 1043 22 20 så
344 1042 71 21 träffar
429 1049 48 13 man
494 1043 85 20 därmed
595 1042 63 20 också
673 1042 93 23 vinerna,
782 1042 39 20 och
836 1041 35 21 det
886 1047 49 15 vore
951 1047 36 15 en-

182 1073 23 25 gt
219 1072 47 20 mitt
281 1070 137 22 förmenande
433 1071 47 20 icke
495 1071 33 20 väl
544 1077 34 15 om
593 1070 24 20 så
631 1070 84 21 skedde.

238 1099 188 27 Nödvändigheten
449 1101 29 19 att
501 1098 198 28 öfverhufvudtaget
720 1099 63 20 hafva
805 1098 70 27 någon
895 1098 92 20 minimi-

167 1128 51 20 eller
239 1128 152 26 maximigräns
412 1127 33 21 för
467 1127 155 21 alkoholhalten
644 1129 23 18 är
688 1127 33 21 för
738 1128 69 19 resten
822 1126 97 28 påkallad
934 1126 53 20 blott

167 1156 83 21 därutaf
271 1158 30 18 att
322 1156 204 26 inskränkningarna
543 1156 8 20 i
566 1155 252 26 bränvinshandteringen
833 1155 62 20 hafva
911 1154 75 21 tilläm-

165 1186 46 25 pats
232 1184 134 21 uteslutande
388 1184 7 20 i
416 1184 59 26 fråga
497 1190 34 14 om
552 1184 105 20 inhemskt
672 1184 94 26 bränvin,
788 1184 109 20 hvaremot
912 1183 26 20 de
955 1184 32 19 ut-

166 1212 88 28 ländska
275 1212 169 27 spritdryckerna
467 1212 53 20 varit
541 1212 110 20 frikallade
666 1212 47 20 från
730 1212 60 20 dessa
804 1211 181 26 inskränkningar.

165 1240 71 20 Äfven
259 1240 115 20 sistnämda
395 1240 108 26 undantag
526 1246 63 20 synes
609 1240 43 26 mig
674 1246 50 14 vara
745 1240 29 20 alt
789 1243 63 17 annat
868 1241 26 18 än
909 1239 77 21 fördel-

166 1269 70 26 aktigt.
259 1268 119 27 Begreppet
392 1268 111 21 inhemska
518 1268 38 21 och
573 1268 111 20 utländska
699 1268 142 26 spritdrycker
856 1270 23 18 är
888 1268 23 26 ju
921 1267 65 21 redan

165 1296 8 20 i
188 1296 39 20 och
241 1296 33 20 för
289 1296 32 26 sig
335 1298 75 24 ytterst
425 1296 87 26 relativt,
528 1298 22 24 ty
566 1296 35 20 det
616 1296 59 20 torde
691 1296 72 19 kunna
777 1297 86 25 antagas
873 1296 32 19 för
915 1296 71 25 gifvet,

166 1326 29 18 att
209 1324 8 20 i
232 1324 41 20 alla
288 1324 26 20 de
329 1323 147 27 spritdrycker,
500 1330 44 14 som
559 1323 95 27 försäljas
677 1324 68 19 under
760 1329 62 14 namn
838 1323 22 20 af
875 1322 111 21 utländska

164 1352 61 27 ingår
239 1352 32 21 till
286 1354 65 19 större
368 1352 50 20 eller
433 1352 83 20 mindre
532 1352 33 20 del
579 1352 97 20 inhemsk
691 1352 58 26 sprit,
764 1352 40 20 och
820 1352 24 20 de
860 1357 45 15 som
923 1351 63 27 säljas

165 1380 92 27 billigast
271 1381 40 21 och
325 1382 60 25 mest,
400 1380 62 21 hafva
477 1380 48 21 med
536 1380 35 21 det
581 1380 45 27 slag
636 1380 21 20 af
667 1380 99 21 utländsk
778 1380 123 27 spritdryck,
917 1380 69 20 såsom

165 1409 80 21 hvilket
255 1409 26 21 de
291 1409 117 28 uppgifvas,
418 1409 111 27 ingenting
539 1410 64 19 annat
613 1410 131 26 gemensamt
754 1411 26 18 än
789 1411 30 18 att
826 1409 26 20 de
861 1408 66 21 kallas
937 1408 48 21 med

166 1438 56 21 detta
244 1445 70 14 namn.
345 1437 39 22 Om
407 1444 48 14 man
473 1438 6 19 i
495 1437 144 28 värkligheten
660 1437 72 21 kunde
756 1437 138 28 upprätthålla
916 1437 69 27 någon

165 1467 83 21 skilnad
270 1467 79 20 mellan
370 1466 112 21 utländska
497 1467 39 20 och
550 1466 111 21 inhemska
675 1466 147 27 spritdrycker,
845 1466 68 21 skulle
929 1466 35 21 det
978 1466 8 20 i

165 1495 40 21 alla
227 1495 35 21 fall
288 1495 52 22 blott
359 1495 48 21 leda
422 1495 32 21 till
469 1497 29 19 ett
513 1501 112 22 gynnande
640 1495 21 20 af
677 1495 24 21 de
719 1495 110 21 utländska
844 1495 141 27 spritvarorna

164 1524 39 21 och
225 1524 137 27 undandraga
383 1523 73 22 landet
478 1525 29 19 ett
527 1529 45 15 mer
594 1526 26 18 än
642 1523 65 21 andra
722 1523 96 28 lämpligt
832 1523 154 27 beskattnings-

166 993 15 98 [er
