1075 1759
208 133 40 21 102
419 138 175 22 Borgareständet
606 138 52 18 1891.
680 138 11 16 7
703 138 51 18 febr.

317 218 35 21 det
366 214 73 50 första
451 218 73 27 belagd
538 218 48 20 med
600 218 76 26 arbete,
692 218 39 20 och
741 219 33 19 att
784 217 75 28 därför
869 217 126 27 erforderlig

317 246 118 21 kostnad
427 247 125 26 2,500,000
566 246 62 21 mark
647 245 67 21 måtte
729 246 38 20 vid
780 246 58 21 detta
852 246 143 21 ständermöte

318 274 95 28 beviljas.

248 331 135 28 Helsingfors
398 331 41 21 den
455 331 25 21 30
495 331 81 28 januari
592 331 60 22 1891.

737 381 50 22 Carl
803 381 122 22 Sundman.

250 445 30 22 På
294 444 155 28 framställning
463 445 21 21 af
498 445 24 21 hr
536 445 121 21 talmannen
672 445 144 20 remitterades
835 445 115 26 petitionen
965 445 30 21 till

181 474 203 28 järnvägsutskottet.

248 571 33 21 Hr
303 570 126 21 Sundman
452 571 93 26 uppläste
560 573 30 18 ett
604 572 65 19 annat
684 570 20 20 af
718 570 79 21 honom
813 569 118 22 inlämnadt
945 571 51 26 peti-

181 599 169 27 tionsmemorial,
366 598 91 28 lydande
473 599 68 20 såsom
555 599 70 27 följer:

410 673 39 20 Till
465 673 105 28 vällofliga
583 672 183 28 borgareståndet!

248 731 33 21 Då
296 730 100 21 Savolaks
410 730 88 28 järnväg
513 736 75 21 genom
603 729 91 22 bibanan
709 730 32 21 till
756 730 74 21 Tisvesi
845 731 72 20 strand
928 731 68 21 blifvit

181 759 87 22 anvisad
290 761 30 18 att
333 761 92 26 upptaga
442 759 40 21 den
497 759 66 27 trafik,
578 765 46 15 som
639 759 30 20 dit
684 759 38 20 har
737 765 26 15 en
778 759 92 28 naturlig
884 761 113 26 vattenväg

178 788 50 21 från
250 787 153 28 ofvanbelägna
423 787 127 28 vattendrag,
566 787 71 22 hvilka
652 789 92 20 närmast
759 787 84 22 beröras
858 788 21 21 af
893 787 103 28 Karttula,

180 816 107 27 Wesanto,
302 816 105 21 Pielavesi
421 817 39 20 och
475 816 81 21 Keitele
567 816 146 27 församlingar
725 817 39 20 och
776 816 116 21 medelbart
902 816 95 27 betjänar

181 845 58 20 delar
260 845 21 20 af
299 844 120 22 Wiitasaari
434 844 39 21 och
488 845 122 27 Pihtipudas
624 844 89 21 socknar
728 847 23 18 är
765 845 35 21 det
815 845 73 27 nödigt
903 847 29 19 att
947 847 49 25 göra

180 873 62 22 dessa
256 873 123 27 vattendrag
393 873 82 21 farbara
489 873 33 20 för
536 875 65 19 större
616 873 103 21 farkoster
733 879 77 22 genom
825 873 136 28 fördjupning
976 873 21 21 af

180 902 39 21 där
232 901 171 22 förekommande
419 901 54 21 sund
488 902 48 21 med
551 901 133 27 otillräckligt
699 901 123 28 vattendjup
837 902 39 21 och
887 908 26 15 en
923 901 73 22 kanal-

179 930 99 28 byggnad
292 931 40 20 och
347 930 27 21 dä
388 929 27 28 pä
429 930 117 28 Kejserliga
561 930 101 21 Senatens
682 929 165 23 föranstaltande
867 930 128 28 ditsyftande

180 959 79 28 förslag
272 959 70 21 blifvit
356 959 121 27 uppgjorda,
495 959 32 21 fär
540 960 35 27 jag
590 959 106 21 vördsamt
710 959 92 21 anhälla:

383 1017 33 20 att
431 1016 113 28 vällofliga
566 1016 174 35 borgareständet
754 1016 51 22 ville
819 1016 77 28 förena
911 1017 33 27 sig
959 1023 35 14 om

314 1045 145 22 inlämnande
469 1045 29 27 af
509 1052 27 14 en
549 1045 138 32 underdänig
698 1045 95 28 pitition
814 1047 33 20 att
867 1045 126 22 vattendra-

313 1075 35 31 get
362 1073 53 28 från
430 1074 107 21 Pielavesi
552 1074 34 21 till
600 1074 78 21 Tisvesi
696 1074 73 27 blefve,
787 1081 79 21 genom
885 1074 108 21 kanalise-

314 1103 52 26 ring
381 1103 28 26 af
420 1103 140 27 Kolutaipale
571 1105 41 19 näs
627 1103 39 20 och
680 1103 144 28 fördjupning
832 1102 29 28 af
870 1103 125 21 Säviövirta

314 1133 69 19 ström
411 1131 113 27 äfvensom
551 1131 151 32 upprensning
721 1131 28 28 af
763 1131 70 28 några
851 1131 64 26 sund,
933 1131 62 27 gjord

314 1159 79 27 farbar
403 1159 36 27 för
453 1159 105 27 farkoster
572 1159 29 28 af
616 1159 70 22 minst
706 1161 15 20 5
739 1160 44 27 fots
803 1148 134 43 djupgående
957 1160 38 21 och

315 1189 33 19 att
369 1187 57 22 detta
440 1187 76 27 arbete,
539 1187 65 22 hvars
625 1188 91 21 kostnad
737 1188 86 28 uppgår
840 1187 35 22 till
894 1188 101 26 700,000

314 1215 69 28 mark,
399 1216 66 21 måtte
479 1201 85 46 utföras
579 1217 49 20 med
641 1217 25 20 de
680 1217 79 26 anslag
773 1216 29 28 af
813 1217 116 20 allmänna
947 1223 45 14 me-

315 1245 39 26 del,
373 1251 46 21 som
441 1245 84 21 landets
543 1245 88 28 styrelse
646 1245 38 34 för
703 1245 75 28 dylika
796 1245 106 21 ändamål
921 1245 74 21 ställer

316 1261 38 33 till
373 1269 179 32 Öfverstyrelsens
572 1273 35 28 för
628 1275 52 26 väg-
702 1274 39 21 och
767 1273 228 28 vattenbyggnaderna

314 1302 135 26 förfogande.

246 1356 133 28 Helsingfors
395 1357 41 20 den
451 1357 26 21 30
493 1357 87 21 Januari
596 1357 60 21 1891.

735 1409 50 21 Carl
801 1408 122 22 Sundman.

246 1464 31 22 Pä
290 1464 79 28 förslag
383 1464 21 21 af
418 1464 25 21 hr
457 1464 121 28 Tallgvist
593 1465 67 21 beslöt
674 1465 84 22 ständet
772 1467 30 19 att
822 1466 106 21 remittera
942 1466 52 28 peti-

178 1494 72 21 tionen
265 1494 31 20 till
310 1493 204 28 järnvägsutskottet.
