1075 1761
190 131 42 20 434
392 134 176 21 Borgareståndet
581 136 53 16 1891.
659 135 22 16 18
694 140 60 12 mars.

233 215 24 20 hr
297 214 135 21 Nummelin:
463 214 72 27 Enligt
549 214 55 21 hvad
620 214 20 21 af
655 214 112 21 utskottets
780 214 132 21 betänkande
922 215 64 20 fram-

164 243 43 28 går,
229 243 62 20 hafva
311 249 27 15 en
354 242 34 21 del
407 243 21 20 af
442 243 111 21 utskottets
568 243 138 20 medlemmar
721 244 69 19 ansett
804 244 36 25 att,
862 242 27 21 då
903 243 82 20 skiftes-

164 271 105 27 reglering
283 271 169 27 ifrågakommer,
466 271 175 27 parcellägenhet,
660 277 46 14 som
720 271 145 26 förnämligast
879 271 106 27 begagnas

164 300 31 20 till
211 300 106 26 tomtplats
332 299 52 21 eller
398 298 32 22 för
444 299 120 21 industrielt
585 299 51 21 eller
651 301 64 19 annat
730 299 69 27 dylikt
814 299 103 26 ändamål,
938 299 47 21 icke

164 328 68 21 skulle
253 330 51 19 utan
319 334 89 21 egarens
426 328 108 26 samtycke
548 328 21 20 få
584 328 98 27 indragas
697 328 7 20 i
719 328 137 27 regleringen.
886 327 32 21 De
933 328 51 27 skäl,

164 363 45 15 som
231 356 70 21 härför
323 356 70 21 blifvit
414 356 131 27 framhållna,
566 362 63 21 synas
647 356 44 27 mig
705 363 51 13 vara
771 356 135 27 synnerligen
921 356 64 21 beak-

164 386 117 26 tansvärda,
297 386 39 20 och
351 386 63 26 jämte
430 385 36 21 det
480 385 34 27 jag
529 385 92 21 biträder
636 384 70 22 denna
721 385 93 27 mening,
835 384 32 21 får
881 386 35 26 jag
931 385 54 20 före-

164 414 36 27 slå,
216 416 30 19 att
259 414 125 27 paragrafen
401 414 63 20 måtte
480 414 77 20 erhålla
573 413 92 28 följande
680 413 90 27 lydelse:
795 413 190 28 ,Parcellägenhet,

164 449 45 14 som
231 441 178 28 hufvudsakligen
432 442 107 21 användes
561 442 32 21 till
615 442 107 27 tomtplats
745 441 51 22 eller
818 441 32 21 för
864 441 121 22 industrielt

165 471 50 21 eller
231 473 63 18 annat
309 471 68 26 dylikt
392 470 103 27 ändamål,
511 471 34 20 må
559 471 47 20 icke
621 472 52 19 utan
689 477 87 20 egarens
792 471 107 26 samtycke
914 471 8 19 i
934 470 50 21 skif-

164 499 137 28 tesreglering
315 499 116 28 indragas*.

232 573 32 21 Hv
285 574 138 20 Borenius:
445 573 41 27 Jag
508 573 48 21 ville
580 573 128 21 beträffande
724 573 71 20 denna
808 573 97 27 paragraf
919 573 63 20 fram-

164 602 61 26 hålla,
247 604 30 18 att
297 602 35 20 det
343 601 117 21 förefaller
474 602 44 26 mig
533 601 67 21 såsom
617 608 33 14 om
665 601 157 27 propositionen
838 601 68 20 skulle
922 601 62 21 hafva

164 631 81 27 lyckats
259 630 36 21 vid
309 630 48 20 dess
373 630 138 27 formulering
526 630 66 21 bättre
608 629 150 21 tillfredsställa
773 629 111 21 rättvisans
894 629 90 21 fordrin-

164 666 37 21 gar
216 661 26 18 än
258 658 238 22 utskottsbetänkandet.
528 658 105 22 Utskottet
648 658 38 20 har
701 658 124 27 visserligen
842 658 98 21 förutsatt
955 660 29 18 att

164 687 157 22 vederbörande
343 686 186 28 förrättningsmän
551 686 58 22 alltid
628 686 59 21 skola
703 693 39 21 ega
757 687 41 20 den
814 686 32 21 för
862 686 122 28 afgörandet

164 716 77 27 nödiga
255 716 159 26 urskiljningen.
444 716 41 26 Jag
500 716 37 20 ber
551 716 49 20 med
615 715 114 27 anledning
750 715 59 21 häraf
824 717 30 19 att
868 715 21 21 fä
903 715 81 27 päpeka

164 747 29 19 att
208 744 61 22 äfven
285 744 66 21 andra
366 744 130 27 egenskaper
506 746 27 18 än
544 744 125 27 urskiljning
684 744 74 20 härvid
773 744 72 20 kunna
859 744 85 20 komma
955 745 29 19 att

164 774 72 20 utöfva
258 774 35 20 sitt
312 772 122 28 inflytande.
466 772 105 25 Utskottet
591 773 38 20 har
649 772 71 21 vidare
741 772 111 21 motiverat
865 772 33 20 sin
913 772 70 21 ständ-

164 802 67 28 punkt
252 801 85 21 därmed
359 803 29 19 att
409 801 98 27 pröfning
526 802 23 26 ,2
570 802 25 20 de
615 801 62 27 flesta
697 800 57 28 fall”
770 800 68 22 skulle
852 801 74 21 kunna
941 801 42 21 ske.

164 830 50 21 Men
229 830 65 21 redan
309 830 57 20 detta
381 830 136 26 uttryckssätt
532 830 18 26 ,i
566 830 25 20 de
607 829 60 21 flesta
681 830 49 20 fall
745 829 88 21 innebär
848 830 23 26 ju
886 831 29 19 ett
925 829 58 21 med-

164 859 99 27 gifvande
285 858 20 20 af
327 860 30 19 att
380 858 34 20 det
436 858 46 20 icke
498 858 65 21 alltid
577 858 68 21 skulle
660 858 72 20 kunna
748 858 41 20 ske.
819 858 33 20 Dä
867 858 116 21 emellertid

164 886 119 27 betydande
305 885 137 22 ekonomiska
463 887 103 20 intressen
588 887 73 20 kunna
678 887 70 20 trädas
763 886 32 20 för
810 888 38 19 när
862 892 76 21 genom
955 888 29 19 ett

164 914 154 27 medgifvande,
339 914 75 21 sädant
429 915 12 26 $
458 915 26 19 35
499 921 30 14 nu
543 914 123 27 innehäller,
686 914 38 21 ber
741 915 35 26 jag
791 914 33 21 för
837 915 45 19 min
897 915 40 26 del,
952 914 33 21 för

165 945 29 19 att
209 943 18 26 ej
244 943 113 26 godtycket
372 943 7 19 i
394 942 78 21 sädana
491 943 37 20 fall
551 943 64 20 mätte
630 943 81 20 lämnas
727 943 63 26 nägot
806 943 97 26 spelrum,
919 944 30 19 att
963 942 21 21 fä

164 971 77 21 föreslä
261 977 27 14 en
309 970 99 27 ätergäng
423 971 32 20 till
470 971 166 27 propositionens
654 971 87 26 lydelse.
770 970 12 21 I
796 971 72 26 hvarje
883 971 100 20 händelse

164 1006 63 20 synes
249 999 44 26 mig
311 999 35 21 det
361 999 21 20 af
396 999 178 28 lagberedningen
589 999 119 27 föreslagna
723 999 106 26 uttrycket
844 1005 56 20 ,som
917 1001 23 18 är
955 999 30 20 af-

165 1027 50 22 sedd
237 1027 43 21 till"
302 1027 109 22 rättvisare
434 1029 27 18 än
481 1027 35 22 det
536 1028 21 20 af
578 1028 101 21 utskottet
699 1027 111 21 förordade
834 1034 57 20 ,som
906 1029 78 19 använ-

166 1056 35 21 des
217 1056 49 21 till".

232 1124 32 20 Hr
287 1124 127 21 Stenroth:
437 1123 89 21 Minulla
549 1124 27 20 oli
599 1123 102 21 tarkoitus
715 1124 76 21 lausua
805 1124 92 21 melkein
913 1131 70 14 samaa

164 1153 52 20 kuin
232 1152 95 21 edelliset
341 1152 89 26 puhujat
444 1152 20 26 jo
481 1155 48 17 ovat
543 1154 135 19 ennättäneet
690 1159 65 14 sanoa
765 1153 144 20 valiokunnan
920 1153 63 20 ehdo-

164 1182 57 19 tusta
231 1182 86 18 vastaan
327 1182 71 18 tämän
408 1180 92 27 pykälän
512 1180 88 20 suhteen
610 1180 21 26 ja
641 1180 72 26 yhdyn
725 1180 36 20 siis
776 1180 77 21 heidän
868 1181 115 20 lausuntoi-

164 1209 66 21 hinsa.
260 1208 109 27 Pyytäisin
385 1208 131 20 kumminkin
533 1208 118 27 puolestani
662 1209 103 26 ehdottaa,
781 1210 42 20 että
837 1208 60 21 niillä
911 1215 72 21 perus-

164 1237 63 26 teilla,
235 1237 50 26 joita
293 1237 26 20 he
329 1239 49 18 ovat
385 1236 145 26 esiintuoneet,
538 1238 56 19 tämä
600 1236 77 27 pykälä
684 1237 130 26 lykättäisiin
822 1237 89 21 takaisin
918 1237 64 21 valio-

165 1265 94 21 kuntaan
273 1264 207 28 muodostettavaksi,
496 1264 46 21 sillä
556 1265 57 20 minä
629 1271 26 14 en
671 1266 33 19 voi
721 1272 100 14 varmaan
830 1267 87 25 päättää,
928 1266 54 20 onko

164 1300 22 14 se
207 1294 130 24 muodostus,
356 1293 64 26 jonka
440 1293 38 19 hra
499 1293 122 20 Nummelin
637 1300 25 13 on
679 1294 130 25 ehdottanut,
824 1293 70 21 kaikin
910 1294 74 26 puolin

164 1328 65 20 paras.
259 1320 119 21 Mielestäni
400 1320 51 21 voisi
474 1320 59 27 ehkä,
555 1328 38 13 sen
608 1320 74 21 ohessa
697 1323 43 19 että
754 1322 90 26 jätetään
859 1322 45 26 pois
919 1322 64 27 loppu

164 1356 36 14 osa
213 1350 52 19 tästä
275 1348 109 28 pykälästä
394 1348 28 21 eli
432 1351 68 18 sanat:
512 1351 85 25 ,muuta
605 1349 52 20 kuin
669 1355 22 14 se
702 1356 42 21 osa,
754 1350 43 27 jota
807 1349 51 21 tilan
868 1350 115 20 tarkoituk-

164 1384 50 15 seen
230 1378 20 20 ei
264 1378 92 24 tarvita*,
372 1377 97 27 myöskin
485 1377 103 21 edellinen
604 1384 36 14 osa
655 1378 124 21 muodostaa
794 1378 67 22 siihen
872 1381 111 25 suuntaan,

164 1408 42 20 että
220 1407 111 26 omistajan
352 1406 180 21 suostumuksetta
546 1406 105 21 voitaisiin
665 1407 50 27 jaon
730 1407 137 28 järjestelyyn
883 1409 55 20 ottaa
953 1408 29 21 ai-

164 1437 99 19 noastaan
279 1435 118 28 palstatilat,
412 1435 51 27 joita
478 1435 20 21 ei
512 1435 85 27 käytetä
606 1436 158 27 pääasiallisesti
774 1437 207 27 maanviljelykseen.

164 1464 80 27 Pykälä
258 1464 57 21 tulisi
331 1465 54 20 siten
400 1464 130 20 kuulumaan
545 1464 111 27 joksenkin
671 1471 129 15 seuraavaan
812 1467 83 26 tapaan:
907 1466 76 27 palsta-

164 1493 41 26 tila,
220 1493 43 26 jota
279 1493 18 20 ei
312 1492 158 27 pääasiallisesti
485 1492 84 26 käytetä
583 1493 208 27 maanviljelykseen,
807 1494 76 21 älköön
898 1495 84 20 omista-

162 1522 35 26 jan
222 1521 179 20 suostumuksetta
422 1521 91 20 otettako
534 1521 49 27 jaon
603 1521 143 27 järjestelyyn.
775 1522 64 21 Tämä
858 1523 123 20 muodostus
