1075 1767
337 127 176 21 Borgareständet
526 128 53 16 1891.
604 128 11 17 7
627 128 51 16 febr.
848 123 40 21 133

94 206 176 27 ändamålsenligt
292 208 29 19 att
343 208 168 26 organisationen
527 208 21 20 af
562 208 180 21 handelsdomstol
765 208 50 21 eller
836 210 78 19 rättare

94 235 61 27 sagdt
176 235 131 21 inkallandet
329 235 21 21 af
373 235 130 28 sakkunnige
526 236 92 21 bisittare
636 237 8 20 i
661 237 162 20 handelstvister
845 237 68 20 skulle

94 265 61 26 göras
170 263 144 28 obligatoriskt
328 264 33 21 för
376 264 41 21 alla
431 265 74 21 städer.
534 264 115 21 Reformen
663 264 57 27 finge
735 265 134 26 genomföras
884 265 29 20 ef-

95 295 31 18 ter
140 291 63 22 behof
218 293 39 20 och
272 292 53 21 efter
339 293 99 27 pröfning
452 293 8 20 i
475 293 72 27 hvarje
562 293 98 21 särskildt
674 293 42 20 fall.
746 293 88 28 Frågan,
849 293 64 21 huru-

94 320 48 21 vida
165 327 26 14 en
214 321 49 21 tvist
282 321 39 20 bör
342 321 84 28 pröfvas
447 322 48 20 med
516 321 79 22 biträde
611 321 21 21 af
647 321 132 28 sakkunnige
795 321 51 22 eller
860 322 53 27 icke,

93 349 68 21 skulle
176 349 67 21 likaså
257 350 82 20 lämnas
354 353 51 18 utan
421 350 61 21 altför
504 350 84 27 mycket
600 350 127 27 detaljerade
737 350 130 21 föreskrifter
877 351 36 20 be-

93 378 79 21 roende
187 378 27 27 på
229 380 107 26 parternas
352 379 129 27 önskningar
497 379 50 22 eller
562 379 128 21 domstolens
706 379 104 28 pröfning.

162 407 30 20 På
214 407 69 28 grund
306 408 20 20 af
346 408 54 21 hvad
417 408 20 20 vi
453 408 62 21 ofvan
530 408 45 21 haft
590 410 50 19 äran
656 408 72 21 anföra
743 408 84 21 anhålla
841 408 26 27 vi,
883 410 30 19 att

93 435 105 28 vällofliga
214 436 177 28 borgareståndet,
406 436 50 21 ville
470 439 91 26 upptaga
577 437 39 20 och
631 437 31 20 till
677 437 142 27 vederbörligt
833 437 80 20 utskott

93 465 107 21 remittera
215 465 93 28 följande
323 465 79 28 förslag
417 465 31 22 till
464 465 130 28 underdånig
609 466 97 27 petition:

298 525 33 19 att
352 523 67 27 nådig
436 523 138 28 proposition
589 530 35 13 om
638 523 163 20 stadsdomstols
817 523 92 27 förstär-

230 552 68 21 kande
313 552 50 21 med
376 552 62 21 valde
453 551 165 28 affärskunnige
634 552 116 20 ledamöter
764 551 36 27 för
815 551 95 21 behand-

231 581 74 27 lingen
320 580 28 28 af
360 581 167 20 handelstvister
542 581 65 20 måtte
623 580 83 21 landets
721 580 89 21 ständer
824 580 36 21 vid
869 581 42 19 nä-

229 611 35 19 sta
280 609 103 28 landtdag
398 609 127 28 föreläggas.

161 666 133 28 Helsingfors
310 667 40 21 den
367 667 11 20 7
395 666 91 21 februari
504 667 58 20 1891.

162 723 50 22 Carl
227 724 116 21 Borenius.
653 724 80 21 Walter
748 724 94 28 Hoving.

163 792 11 21 I
196 792 93 28 enlighet
309 792 48 22 med
377 792 20 21 af
411 793 26 20 hr
450 793 132 21 Borenius
596 793 118 21 framstäldt
729 792 78 28 förslag
821 793 95 21 remitte-

94 822 60 20 rades
169 821 230 28 petitionsmemorialet
414 822 31 20 till
460 822 140 27 lagutskottet.

162 960 32 20 Hr
208 960 111 26 Nyberg
334 960 95 27 uppläste
445 962 29 18 ett
489 961 20 20 af
524 961 78 20 honom
616 961 64 27 jämte
695 961 25 20 hr
735 960 129 22 Renlund
876 966 39 14 un-

94 988 142 27 dertecknadt,
252 988 23 21 så
289 988 93 27 lydande
398 989 216 27 petitionsmemorial:

331 1069 39 21 Till
386 1069 105 27 vällofliga
505 1069 177 28 borgareståndet.

164 1125 61 21 Såväl
247 1127 35 20 vid
302 1126 53 21 1885
372 1133 45 14 som
434 1127 53 20 1888
504 1127 32 20 års
551 1126 124 27 landtdagar
689 1127 38 20 har
742 1125 171 28 borgareståndet

94 1155 96 27 upptagit
212 1155 39 20 och
272 1155 31 20 till
325 1155 137 27 lagutskottet
477 1156 114 21 remitterat
606 1155 177 28 petitionsförslag
798 1155 47 21 med
860 1155 55 26 syfte

95 1185 31 20 att
147 1183 145 22 åstadkomma
312 1190 26 14 en
362 1184 146 27 omarbetning
530 1185 21 20 af
568 1184 111 27 kejserliga
694 1184 184 27 konkursstadgan
893 1184 21 20 af

96 1213 40 20 den
159 1212 12 21 9
192 1213 114 20 november
325 1212 60 21 1868.
416 1212 106 21 Utskottet
534 1213 37 20 har
586 1212 54 21 dock
654 1213 33 20 för
702 1213 65 20 andra
782 1212 79 28 viktiga
877 1213 38 20 och

95 1241 132 20 brådskande
243 1241 92 20 ärenden
351 1241 34 20 vid
401 1241 64 27 sagda
480 1241 124 28 landtdagar
618 1241 46 20 icke
680 1241 125 21 medhunnit
823 1241 92 20 behand-

95 1269 70 27 lingen
182 1269 22 20 af
219 1269 60 21 dessa
294 1269 117 28 petitioner.

162 1297 34 21 Då
218 1298 116 21 emellertid
356 1298 57 20 såväl
437 1298 62 21 bland
522 1299 82 20 landets
626 1299 84 26 jurister
733 1305 45 13 som
793 1298 123 27 isynnerhet

95 1326 64 21 bland
176 1327 47 20 dess
238 1327 111 20 affärsmän
365 1327 42 20 den
423 1327 53 20 äsikt
491 1327 29 21 alt
534 1333 58 15 mera
606 1327 55 27 gjort
676 1327 31 27 sig
723 1326 97 28 gällande
836 1329 29 18 att
880 1326 36 20 be-

95 1355 72 20 hofvet
182 1355 21 20 af
218 1355 102 21 särskilda
335 1355 113 28 ändringar
464 1355 4 20 i
485 1356 156 27 konkurslagen
657 1355 68 21 blifvit
740 1355 110 27 oafvisligt,
863 1354 53 27 våga

97 1384 18 19 vi
130 1383 86 22 härmed
233 1384 54 26 änyo
303 1390 93 21 upprepa
411 1384 204 27 petitionsförslaget,
630 1384 7 19 i
652 1383 141 27 förhoppning
808 1385 29 18 att
849 1383 68 26 lagut-

96 1411 81 26 skottet,
193 1417 35 14 om
244 1411 160 26 borgarständet
418 1417 29 14 nu
463 1412 32 20 för
509 1411 69 26 tredje
593 1411 83 27 gängen
691 1412 118 19 remitterar
818 1411 99 26 förslaget

96 1439 30 20 till
142 1439 107 20 utskottet,
264 1439 46 20 icke
326 1439 71 20 vidare
413 1439 53 20 skall
482 1439 68 26 skjuta
565 1439 73 28 frägan
654 1439 20 21 ät
690 1439 65 20 sidan.

164 1467 62 22 Detta
242 1467 135 28 upprepande
392 1469 51 25 göra
457 1468 21 20 vi
493 1468 23 20 sä
531 1467 84 28 mycket
631 1467 64 21 hällre
710 1475 45 14 som
777 1467 68 22 finska
866 1469 51 20 han-

96 1496 192 28 delsdelegationen
304 1496 65 21 redan
383 1495 33 22 för
432 1497 97 27 omkring
543 1499 29 18 ett
588 1496 22 21 är
626 1496 64 21 sedan
706 1497 67 27 ingätt
788 1497 31 20 till
839 1497 78 27 kejser-

95 1525 42 27 liga
153 1528 85 18 senaten
255 1525 47 20 med
319 1531 27 15 en
361 1525 132 27 underdänig
508 1525 92 21 ansökan
616 1525 7 20 i
638 1525 126 27 petitionens
785 1525 60 28 syfte,
867 1532 50 14 men
