1700 1920
687 223 178 21 Borgareståndet
877 223 52 17 1891.
954 223 26 17 24
992 228 61 12 mars.
1212 217 42 21 493

459 302 147 27 anspråkslösa
628 303 79 20 motion
729 303 32 20 till
784 303 39 26 del,
846 303 94 21 anhåller
961 303 35 27 jag
1011 304 30 19 att
1055 303 21 20 få
1091 304 55 25 yttra
1161 302 65 27 några
1242 302 38 21 ord

459 331 7 19 i
489 331 114 26 anledning
623 331 21 20 af
666 331 41 20 den
726 331 126 20 förändrade
868 331 81 27 gestalt,
971 331 60 20 hvari
1045 331 235 26 författningsförslaget

459 359 114 26 uppträder
591 359 7 20 i
620 359 112 21 utskottets
750 359 137 21 betänkande.
917 359 72 27 Enligt
1002 359 45 20 min
1063 359 134 26 uppfattning
1211 359 69 20 finnes

458 387 8 20 i
482 387 78 20 allmän
574 387 35 27 lag
624 387 46 20 icke
691 387 64 27 något
773 387 121 28 stadgande,
915 394 46 14 som
976 387 139 27 bemyndigar
1130 389 105 24 guvernör
1250 388 30 19 att

459 417 92 26 upptaga
565 415 71 27 frågor
651 415 89 21 rörande
761 415 90 21 landbos
870 415 51 21 eller
936 416 123 26 hyresmans
1075 415 115 28 åläggande
1206 417 29 18 att
1250 415 30 20 af-

458 443 67 27 flytta,
541 446 51 18 utan
607 443 109 28 förbjuder
733 444 62 27 lagen
810 445 95 26 tvärtom,
926 444 7 20 i
949 445 10 20 I
973 444 46 27 kap.
1036 445 12 19 2
1065 444 12 26 $
1093 443 25 21 U.
1134 443 30 28 B.,
1185 443 95 27 uttryck-

458 471 58 27 ligen
536 474 106 24 guvernör
662 474 30 19 att
714 473 89 26 ,befatta
825 473 32 27 sig
871 472 49 20 med
936 472 35 21 det
985 479 44 13 som
1046 472 178 21 domareämbetet
1239 472 41 21 till-

458 500 79 20 hörer".
568 500 74 21 Under
656 500 121 26 inflytelsen
792 500 21 21 af
827 501 69 21 denna
911 501 139 27 uppfattning,
1071 500 39 21 och
1126 500 27 21 då
1168 500 112 27 kejserliga

458 528 152 27 förordningen
627 528 40 21 den
683 529 27 20 20
725 529 47 27 juni
788 529 60 27 1864,
870 528 86 22 hvilken
970 529 8 20 i
993 529 223 21 motionsmemorialet
1231 528 48 21 åbe-

458 563 68 21 ropas,
540 557 89 21 handlar
645 564 34 14 om
693 557 157 27 värkställighet
865 558 21 20 af
900 558 57 20 såväl
973 558 119 20 underrätts
1107 564 47 14 som
1163 559 117 25 guvernörs

459 586 75 26 utslag,
556 586 137 26 hvarigenom
716 586 90 20 brukare
829 586 22 21 af
872 592 81 14 annans
973 586 46 27 jord
1033 586 103 21 förklaras
1151 586 85 26 skyldig
1250 587 30 20 att

459 614 92 20 därifrån
566 614 55 27 vika,
635 614 38 20 har
687 615 35 27 jag
735 614 80 27 antagit
830 616 29 19 att
873 616 116 26 guvernörs
1004 615 69 26 utslag
1087 615 8 19 i
1111 614 56 21 detta
1181 614 38 21 fall
1229 614 50 21 hän-

458 642 60 21 förde
533 642 31 28 sig
580 642 74 21 endast
669 643 32 20 till
715 643 118 27 kronojord,
849 643 86 21 hvilken
949 643 72 21 kunde
1037 649 61 15 anses
1109 643 117 26 underlyda
1237 643 42 20 den

459 670 166 22 administrativa
647 672 95 26 justicen.
773 671 31 21 På
823 672 70 27 grund
914 672 60 20 häraf
995 672 96 20 affattade
1106 672 36 27 jag
1156 672 63 20 äfven
1234 672 44 20 min

457 700 80 20 motion
560 699 89 21 sålunda
671 702 30 19 att
723 700 41 21 den
786 700 88 21 berörde
897 700 156 27 värkställighet
1074 701 74 20 endast
1168 700 22 21 af
1204 700 75 21 sådant

458 728 201 27 afhysningsutslag,
681 735 45 14 som
746 729 108 20 meddelas
877 729 20 20 af
918 729 159 21 underdomstol
1097 729 7 20 i
1124 728 47 21 stad
1186 729 52 20 eller
1252 729 26 26 på

457 757 78 20 landet.
560 757 40 20 Vid
615 757 118 20 motionens
748 757 128 28 behandling
890 757 8 20 i
912 757 136 28 lagutskottet
1063 757 93 20 uttalade
1172 757 32 27 sig
1214 757 64 20 emel-

458 785 62 20 lertid
535 785 90 21 flertalet
640 785 21 20 af
676 786 110 20 utskottets
808 785 137 22 medlemmar
959 785 85 28 därhän,
1063 787 30 19 att
1108 787 106 25 guvernör
1228 792 50 14 vore

458 813 87 27 behörig
566 815 30 19 att
617 814 8 19 i
646 814 211 27 handräckningsväg
878 814 99 20 förordna
1000 820 33 14 om
1057 814 113 27 afhysning
1184 814 58 20 såväl
1258 814 20 20 af

458 841 78 21 landbo
552 848 45 14 som
613 841 21 21 af
649 842 118 27 hyresman,
783 842 68 21 under
864 842 150 27 förutsättning
1031 843 30 20 att
1075 842 64 21 saken
1156 842 46 21 icke
1217 844 61 25 göres

458 870 76 27 tvistig.
564 870 43 20 Vid
629 870 167 27 genomgäendet
818 871 21 20 af
861 871 25 20 de
908 870 126 27 handlingar
1055 871 46 20 från
1118 870 111 21 1863—64
1244 870 34 21 års

457 898 106 27 landtdag,
578 898 71 21 hvilka
664 898 121 21 tillkommit
799 899 35 20 vid
860 899 101 26 beredning
973 899 21 20 af
1005 899 40 20 den
1055 899 78 26 nådiga
1142 899 135 27 proposition,

458 932 45 15 som
520 926 55 28 legat
589 927 32 20 till
636 927 68 26 grund
719 927 34 20 för
765 927 55 20 1864
831 927 32 20 års
874 927 117 26 åberopade
1001 927 128 26 förordning,
1145 927 132 21 inhämtades

457 955 63 19 äfven
542 956 30 19 att
591 955 58 20 såväl
670 956 124 26 regeringen
817 961 45 15 som
885 955 34 20 det
940 955 119 20 dåvarande
1074 955 147 27 lagutskottets
1236 955 42 20 alla

457 982 144 28 medlemmar,
617 983 48 20 med
680 983 108 27 undantag
803 983 20 21 af
839 990 26 14 en
880 983 147 27 borgmästare,
1046 989 46 15 som
1106 985 44 19 mot
1165 984 112 20 utskottets

457 1010 133 22 betänkande
611 1012 67 26 inlagt
698 1012 134 26 reservation,
853 1012 68 26 utgått
942 1012 46 20 från
1007 1012 111 20 enahanda
1138 1012 139 26 uppfattning,

458 1039 18 21 d.
492 1046 19 14 v.
524 1046 15 14 s.
556 1041 29 19 att
601 1042 104 25 guvernör
719 1040 53 27 egde
787 1040 97 21 meddela
899 1040 194 27 afhysningsutslag
1108 1040 8 20 i
1131 1040 41 20 alla
1184 1040 41 27 fall,
1241 1040 37 20 där

458 1068 64 20 saken
544 1068 47 20 icke
613 1075 38 13 var
671 1068 76 27 tvistig.
776 1068 11 20 I
801 1068 138 21 betraktande
956 1068 65 27 häraf,
1041 1068 40 20 och
1096 1068 26 20 då
1136 1069 36 26 jag
1186 1068 32 20 för
1232 1068 46 20 min

458 1096 34 20 del
506 1096 46 20 icke
568 1096 49 20 ville
632 1097 61 20 ställa
707 1098 44 19 min
767 1097 94 20 enskilda
876 1097 87 27 mening
977 1103 42 21 upp
1034 1098 45 19 mot
1093 1096 41 21 den
1150 1096 59 27 åsikt,
1231 1103 46 14 som

457 1124 89 21 sålunda
561 1127 72 24 syntes
649 1125 63 20 hafva
726 1124 87 21 allmänt
828 1126 54 26 gjort
897 1125 32 27 sig
944 1125 102 27 gällande,
1068 1124 100 21 förenade
1183 1126 36 26 jag
1232 1125 46 26 mig

456 1153 50 20 med
527 1153 148 27 lagutskottets
697 1153 66 27 öfriga
784 1154 138 20 medlemmar
944 1154 72 20 därom
1037 1154 29 20 att
1087 1153 110 21 motionen
1213 1153 64 21 borde

457 1182 117 20 utsträckas
595 1182 78 26 jämväl
695 1182 32 20 till
741 1182 199 27 afhysningsutslag,
963 1182 86 26 afgifvet
1064 1182 22 20 af
1100 1184 114 24 guvernör;
1238 1182 38 20 och

456 1210 71 20 härtill
541 1210 54 20 hade
610 1210 35 26 jag
660 1210 23 20 så
697 1210 86 27 mycket
797 1216 58 15 mera
869 1210 51 27 skäl,
935 1216 46 14 som
995 1210 40 27 jag,
1051 1210 7 20 i
1072 1210 45 20 min
1136 1210 105 26 egenskap
1257 1210 21 20 af

456 1238 119 21 motionens
597 1238 146 27 upphofsman,
765 1239 132 27 naturligtvis
917 1238 67 21 måste
1006 1245 49 14 vara
1069 1238 127 20 intresserad
1212 1238 21 20 af
1248 1239 30 19 att

457 1266 41 21 den
515 1266 106 22 blifvande
635 1267 151 27 författningen
801 1266 55 28 finge
872 1267 23 21 så
910 1268 43 20 stor
967 1267 94 27 praktisk
1070 1266 89 21 bärvidd
1169 1273 44 14 som
1224 1266 52 27 möj-

456 1295 44 27 ligt.
529 1294 33 22 Då
577 1296 34 26 jag
627 1295 96 21 affattade
738 1296 113 26 motionen,
868 1295 72 21 tänkte
954 1296 35 26 jag
1003 1296 44 26 mig
1062 1295 89 21 sålunda
1166 1295 46 21 icke
1224 1295 52 26 möj-

456 1324 93 26 ligheten
572 1324 21 20 af
613 1325 31 19 att
665 1325 105 25 guvernör
791 1324 68 20 skulle
880 1324 73 20 kunna
967 1324 99 20 förordna
1081 1323 31 21 till
1128 1324 112 26 afhysning
1256 1323 21 21 af

457 1352 119 26 hyresman,
599 1358 49 14 men
671 1352 65 21 sedan
757 1352 60 20 inom
838 1352 101 21 utskottet
956 1352 95 27 upplysts
1067 1353 30 19 att
1111 1354 105 24 guvernör
1230 1352 47 20 fler-

456 1380 70 20 städes
541 1380 6 21 i
563 1381 210 27 handräckningsväg
794 1383 102 25 upptager
911 1380 53 20 slika
979 1380 98 27 ärenden,
1097 1386 64 21 synes
1176 1380 36 20 det
1227 1386 50 14 vara

457 1408 105 27 själffallet
583 1410 30 19 att
630 1408 157 28 författningen,
809 1415 34 14 om
859 1409 41 20 den
915 1409 95 20 kommer
1024 1408 32 21 till
1071 1408 67 27 stånd,
1161 1408 61 21 äfven
1239 1408 38 20 bör

456 1436 79 21 handla
550 1443 35 14 om
600 1437 184 27 afhysingsutslag,
805 1436 122 21 meddeladt
941 1436 22 21 af
977 1438 110 25 guvernör.
1104 1449 25 2 —
1145 1436 11 20 I
1172 1442 104 15 samman-

456 1465 57 25 hang
527 1465 88 20 härmed
629 1465 106 26 begagnar
749 1465 36 26 jag
798 1465 44 26 mig
857 1465 22 20 af
894 1465 89 20 tillfället
995 1467 30 18 att
1037 1465 69 20 såsom
1117 1466 29 19 ett
1155 1464 121 27 ytterligare

457 1491 45 21 skäl
517 1491 32 21 för
564 1492 154 27 godkännande
733 1493 22 20 af
769 1493 107 19 motionen
887 1492 80 27 påpeka
978 1498 26 14 en
1015 1492 160 27 omständighet,
1190 1492 86 20 hvilken

455 1520 95 21 hvarken
564 1520 9 20 i
587 1520 222 21 motionsmemorialet
824 1520 51 20 eller
889 1520 7 20 i
911 1520 111 20 utskottets
1037 1520 133 20 betänkande
1179 1522 97 18 närmare

457 1549 90 21 beröres.
577 1549 199 27 Lagberedningens
798 1549 77 27 förslag
894 1548 32 21 till
941 1555 29 19 ny
985 1548 160 28 utsökningslag
1159 1548 118 21 innehåller

456 1578 8 20 i
478 1578 46 27 kap.
542 1578 17 26 3,
582 1577 80 22 hvilket
683 1578 89 20 handlar
793 1584 35 15 om
850 1577 157 28 värkställighet
1029 1577 22 21 af
1068 1577 55 27 dom,
1145 1577 131 27 stadganden

456 1606 72 21 hvilka
543 1608 36 20 äro
594 1606 128 28 fullkomligt
737 1606 88 28 analoga
839 1606 49 21 med
903 1606 185 28 bestämningarna
1102 1606 8 20 i
1125 1606 55 20 1864
1191 1606 33 21 års
1234 1606 42 21 för-
