1073 1764
182 132 39 20 526
389 136 176 21 Borgareständet
578 138 54 15 1891.
657 137 8 15 1
678 137 58 19 april.

154 216 51 20 land
213 216 39 20 och
260 215 50 27 rike,
319 216 108 20 hvaremot
435 215 42 26 just
485 214 47 21 frän
540 214 26 21 de
574 214 127 26 landsdelar,
709 214 37 20 där
755 215 40 20 den
803 214 45 21 lösa
855 214 121 21 befolknin-

155 250 41 21 gen
209 246 23 18 är
244 243 99 27 talrikast,
354 244 72 20 nästan
436 243 65 27 ingen
511 243 124 27 emigration
646 242 146 21 förekommer.
808 242 168 22 Vidkommande

155 272 64 21 sedan
235 271 122 28 pästäendet
372 272 29 20 att
416 271 166 27 kronojordarna
596 271 47 21 icke
658 270 68 22 skulle
743 270 94 29 upplätas
852 271 33 21 för
894 271 81 21 koloni-

155 301 74 25 sation,
244 300 24 21 sä
282 300 197 21 öfverensstämmer
495 300 56 21 detta
566 299 113 28 påstående
695 299 86 21 alldeles
796 299 46 21 icke
852 300 49 20 med
915 300 60 21 värk-

154 329 42 27 liga
218 328 145 22 förhållandet.
392 328 30 26 Ty
445 328 64 28 enligt
532 328 54 20 hvad
610 329 35 26 jag
667 328 38 20 har
727 328 43 27 mig
788 328 83 27 bekant,
886 329 38 20 har
939 328 36 21 det

154 360 76 24 ytterst
251 357 67 21 sällan
337 356 98 27 inträffat,
452 359 29 19 att
496 356 142 28 ansökningar
653 363 34 14 om
702 359 55 25 torp-
773 357 40 21 och
827 356 149 28 nybyggesan-

154 386 126 27 läggningar
303 385 68 21 blifvit
393 385 99 27 afslagna.
522 386 41 26 Jag
585 387 43 19 tror
643 385 70 21 därför
728 387 30 19 att
773 385 26 21 de
815 385 50 27 skäl,
881 392 45 14 som
941 386 36 20 hrr

176 416 65 19 ström
256 414 39 21 och
309 414 98 27 Eneberg
422 414 7 20 i
444 414 69 20 denna
527 414 38 20 sak
580 413 119 27 framhållit,
714 413 47 21 icke
776 416 35 18 äro
827 413 77 27 giltiga.

223 442 104 27 Slutligen
349 442 65 27 torde,
429 442 7 20 i
451 442 115 28 anledning
581 442 21 20 af
616 442 25 20 hr
655 436 97 27 Äströms
767 442 106 27 uppgifter
886 442 90 21 rörande

154 471 176 27 kronojordarnes
353 471 62 27 areal,
437 470 74 22 endast
533 471 50 21 böra
598 470 127 27 framhållas,
740 472 30 19 att
784 470 101 21 Finlands
900 471 76 20 krono-

156 499 76 28 skogar
253 500 34 21 väl
307 499 33 21 för
361 499 35 21 det
410 499 131 21 närvarande
555 499 114 21 innehafva
684 506 25 14 en
725 498 95 29 betydlig
835 499 80 28 ytvidd,
927 506 50 15 men

156 530 30 19 att
208 528 60 21 dessa
286 528 113 21 förefinnas
414 528 147 21 företrädesvis
580 528 3 21 i
600 527 116 28 Uleäborgs
731 527 34 21 län
781 528 40 21 och
835 529 48 19 dess
898 528 78 20 nordli-

155 559 58 25 gaste
235 557 84 26 trakter,
341 558 54 19 samt
409 558 30 19 att
453 556 22 20 af
490 557 61 20 dessa
565 556 138 27 kronojordar
718 556 117 21 emellertid
850 556 99 27 omkring
963 557 12 20 8

155 587 13 18 ä
190 585 12 20 9
225 585 98 26 miljoner
344 585 105 20 tunnland
472 587 34 18 äro
522 585 7 20 i
550 585 107 20 finansielt
671 585 120 20 hänseende
807 587 51 18 utan
874 585 27 20 all
916 585 60 26 bety-

155 613 64 26 delse,
240 613 89 21 emedan
345 613 107 20 desamma
467 613 63 20 bland
546 614 65 19 annat
625 613 95 20 befinnas
736 619 48 14 vara
800 613 43 21 helt
858 613 40 20 och
912 613 65 20 hället

156 641 97 27 skoglösa
268 641 51 21 eller
334 641 99 21 bevuxna
448 641 49 21 med
512 641 74 21 endast
602 641 110 26 dvärgträd
723 641 40 21 och
773 641 83 21 buskar.
886 641 91 21 Därnäst

155 670 130 21 förekomma
305 669 137 27 kronojordar
456 670 7 20 i
478 669 83 28 Kuopio
576 670 36 20 län
627 669 32 20 till
675 669 40 21 den
731 669 150 28 utsträckning,
897 671 29 19 att
941 669 35 21 de-

156 704 80 15 samma
251 698 107 21 därstädes
374 698 86 21 omfatta
475 698 98 27 omkring
589 699 26 20 14
631 698 27 26 ?/,
674 698 21 20 af
708 698 68 21 länets
791 698 126 27 skogsareal,
926 704 51 15 men

154 727 8 20 i
187 727 26 20 de
229 733 37 14 sex
282 727 67 26 öfriga
363 726 63 21 länen
442 726 93 21 däremot
551 726 80 28 uppgär
646 726 101 27 ytvidden
763 726 21 20 af
798 726 178 21 kronomarkerna

155 754 32 21 till
202 754 74 21 endast
289 755 11 20 7
317 755 26 27 9,
359 754 21 21 af
395 755 60 20 dessa
469 755 46 20 läns
530 754 159 27 sammanlagda
703 755 170 27 skogsområden.

224 782 41 28 Jag
281 783 36 21 ber
331 783 32 20 till
373 783 154 26 godkännande
542 783 22 20 få
574 783 83 21 förorda
668 783 41 20 den
717 783 77 27 jämväl
803 783 20 20 af
831 784 43 27 mig
882 783 96 21 biträdda

155 811 162 21 reservationen.

223 895 33 22 Hr
277 895 166 21 Rönnbäck:
466 895 41 22 Det
527 902 64 21 synes
606 896 43 27 mig
665 902 44 14 som
725 903 34 14 om
774 897 36 20 hrr
824 896 99 28 Emeberg
938 897 39 20 och

155 924 93 21 Kivekäs
270 924 79 27 ganska
371 924 86 26 mycket
479 924 68 21 skulle
569 925 63 20 hafva
652 925 134 20 missförstätt
801 925 52 20 eller
867 925 46 21 icke
928 925 49 21 med

156 953 185 27 uppmärksamhet
355 953 118 27 genomläst
487 953 164 27 reservationen,
663 953 26 21 dä
699 953 26 21 de
735 953 82 21 kunnat
827 953 84 21 komma
923 954 54 20 fram

154 982 50 20 med
226 981 123 28 pästäendet
363 983 35 25 att,
413 981 69 21 säsom
497 982 25 20 hr
537 981 92 21 Kivekäs
644 982 106 26 uttryckte
766 982 37 27 sig,
818 985 159 19 reservanterna

155 1010 68 21 skulle
239 1010 51 26 vilja
305 1016 27 14 en
348 1010 100 27 ätergäng
463 1010 31 20 till
509 1010 26 21 de
550 1010 152 25 förhällanden,
717 1017 46 14 som
778 1010 61 28 gälde
849 1011 44 21 före
905 1012 72 26 skogs-

155 1038 74 27 lagens
244 1038 107 27 tillkomst,
367 1038 18 20 d.
401 1045 18 13 v.
435 1044 15 14 s.
466 1038 31 20 till
513 1040 29 20 ett
557 1045 58 15 mera
625 1038 91 27 ensidigt
725 1039 89 21 intresse
825 1039 32 21 för
868 1040 109 26 skogsvär-

156 1067 40 20 den
213 1069 27 18 än
255 1067 40 27 det,
310 1073 46 14 som
370 1068 38 26 gör
422 1066 32 28 sig
464 1067 96 27 gällande
571 1067 7 20 i
589 1067 131 27 skogslagen,
733 1067 57 28 eller,
800 1068 32 20 för
843 1070 29 18 att
882 1068 95 28 begagna

155 1095 25 20 hr
201 1095 109 27 Enebergs
333 1095 43 27 ord,
399 1096 29 20 att
449 1097 161 19 reservanterna
632 1096 60 20 ställa
713 1096 32 26 sig
759 1096 42 21 lika
816 1096 90 28 fientligt
921 1098 57 20 emot

156 1124 41 20 den
213 1124 90 26 opinion,
319 1130 45 14 som
379 1124 64 26 yrkar
458 1124 26 26 pä
499 1124 110 27 odlingens
624 1124 95 27 intresse,
734 1131 45 14 som
789 1126 45 20 mot
845 1125 131 27 skogslagen.

155 1151 62 21 Detta
240 1154 22 18 är
278 1152 86 21 alldeles
379 1152 46 20 icke
440 1152 63 21 fallet.
533 1152 33 21 Dä
582 1155 158 18 reservanterna
754 1153 76 27 intagit
847 1153 65 21 orden
928 1154 50 26 ,där

156 1180 74 21 sådant
253 1182 51 18 utan
321 1180 111 26 olägenhet
451 1180 33 20 för
498 1180 79 21 vården
593 1180 22 20 af
628 1181 92 20 kronans
735 1181 76 27 skogar
826 1181 37 20 ske
879 1181 59 27 kan",
954 1182 23 20 sä

155 1210 35 19 rör
213 1208 56 21 detta
291 1208 31 21 als
343 1208 47 20 icke
412 1208 245 27 nybyggeshemmanen,
672 1208 71 21 hvilka
759 1209 87 21 omtalas
861 1210 7 19 i
883 1210 93 26 skogsla-

155 1242 52 22 gens
231 1236 12 27 $
266 1237 18 26 2,
301 1238 50 19 utan
367 1236 74 21 endast
456 1236 151 28 dispositionen
622 1237 21 20 af
659 1237 25 21 de
699 1237 46 21 små
758 1237 142 27 jordstycken,
915 1238 61 20 hvar-

155 1271 34 15 om
209 1264 35 21 det
258 1271 30 14 nu
303 1266 23 19 är
340 1264 65 27 fräga,
421 1264 39 22 och
474 1265 72 21 hvilka
560 1266 57 20 förut
630 1265 47 21 icke
692 1266 81 20 kunnat
788 1266 32 20 till
835 1266 96 20 enskilda
946 1266 31 21 öf-

155 1293 119 21 verlämnas
289 1292 68 22 under
372 1293 192 24 skattemannarätt,
579 1295 51 19 utan
645 1294 74 20 endast
733 1294 27 26 pä
775 1294 88 20 arrende
874 1294 102 26 upplätas.

156 1321 73 20 Säsom
251 1321 66 20 redan
335 1320 25 20 hr
375 1320 118 20 Serlachius
509 1321 79 25 antydt,
604 1322 23 18 är
641 1320 36 21 det
691 1320 80 27 ganska
785 1323 44 19 stor
844 1321 83 21 skilnad
942 1328 34 14 om

154 1354 57 19 man,
233 1350 51 18 utan
306 1350 30 19 att
357 1350 96 18 närmare
475 1348 95 26 pointera
592 1349 181 27 kronoskogarnes
788 1349 64 21 behof
867 1349 21 21 af
902 1350 74 27 skydd,

155 1376 33 21 för
206 1376 115 28 nybyggen
336 1376 39 20 och
390 1376 112 28 kronotorp
518 1376 123 28 disponerar
656 1378 60 20 mark
731 1377 21 21 af
766 1378 152 27 jämförelsevis
934 1380 42 19 stor

155 1405 132 27 omfattning,
308 1405 52 21 eller
383 1411 35 14 om
432 1411 50 15 man
497 1412 29 14 nu
542 1408 51 19 utan
608 1405 69 28 nägon
693 1407 40 20 slik
748 1407 129 20 reservation
892 1407 32 20 till
939 1413 37 15 en-

155 1434 56 21 skild
233 1440 38 21 ego
295 1433 112 22 öfverläter
427 1434 8 20 i
456 1434 172 27 kronoskogarna
650 1435 108 27 inskjutna
774 1435 45 21 smä
833 1435 142 27 jordstycken.

155 1463 41 27 Jag
219 1463 44 20 tror
283 1463 54 20 dock
359 1462 47 21 icke
427 1464 29 19 att
470 1465 161 19 reservanterna
646 1469 37 15 ens
699 1464 68 21 skulle
781 1463 62 22 hafva
858 1466 68 19 ansett
941 1465 35 20 det

155 1491 103 21 färbehäll
272 1491 26 21 de
313 1492 55 26 gjort
383 1497 49 14 vara
447 1491 22 20 af
483 1491 75 27 nöden,
574 1491 73 21 sävida
656 1492 47 20 icke
713 1492 36 21 det
759 1492 216 27 komitöbetänkande,

155 1526 45 14 som
216 1519 91 21 utdelats
321 1519 64 21 bland
401 1519 110 22 utskottets
527 1520 137 21 medlemmar
679 1521 39 20 och
733 1527 46 14 som
793 1521 62 20 äfven
870 1521 54 20 häri
935 1521 40 27 dag
