1075 1759
207 126 40 21 236
416 132 177 21 Borgareståndet
605 133 54 16 1891.
685 133 22 16 17
719 132 51 17 febr.

181 218 38 14 nes
235 213 28 19 ett
278 212 62 27 lifligt
355 211 65 21 kändt
435 211 64 21 behof
513 212 22 20 af
549 214 30 18 ett
594 212 45 20 utaf
653 213 68 19 staten
737 210 111 22 bekostadt
858 211 105 26 lärovärk;
975 214 30 18 att

181 240 85 21 stadens
289 240 97 20 växande
408 240 109 26 betydelse
536 240 39 20 och
590 240 67 21 ökade
671 240 129 26 folkmängd,
816 240 84 20 hvilken
916 246 89 14 numera

182 268 81 27 uppgår
284 268 30 21 till
338 268 61 26 2,400
420 274 100 21 personer
539 269 39 20 och
594 269 68 20 under
677 268 24 20 de
716 271 83 18 senaste
815 268 49 21 åren
880 268 62 20 vuxit
955 268 49 21 med

182 297 27 20 20
225 298 12 19 &
252 296 26 20 25
293 303 56 21 proc.
366 303 33 14 om
415 296 49 27 året,
484 303 63 20 synes
563 296 56 27 gifva
633 297 49 20 fullt
696 297 47 20 stöd
758 296 34 21 för
807 297 47 20 dess
869 296 135 27 förhoppnin-

182 331 37 20 gar
241 325 7 20 i
271 324 57 21 detta
351 324 105 27 afseende,
479 326 55 19 samt
554 327 30 19 att
599 325 84 21 stadens
698 325 83 20 valmän
798 325 34 20 vid
848 325 87 21 allmänt
949 327 56 18 möte

181 353 34 21 för
235 353 33 21 sin
291 353 34 21 del
347 353 115 21 framhållit
483 353 68 20 såsom
574 353 33 22 för
621 355 60 19 orten
695 353 120 28 lämpligast
830 355 29 20 ett
873 353 97 21 lärovärk
985 353 22 21 af

182 381 111 22 enahanda
307 384 38 25 art,
362 388 44 14 som
419 381 35 21 det
469 382 22 20 af
505 382 25 20 hr
545 381 118 22 Söderlund
677 382 128 27 ifrågasatta,
821 382 18 21 d.
855 389 18 13 v.
887 389 15 14 s.
919 384 28 19 ett
963 382 42 26 fyr-

181 410 88 28 klassigt
290 410 97 21 lärovärk
406 412 132 25 gemensamt
552 411 33 20 för
599 417 73 21 gossar
687 411 38 20 och
740 411 75 21 flickor
829 412 54 19 samt
898 411 49 20 med
961 411 44 20 real

181 439 102 21 karaktär.
313 439 71 20 Jämte
399 439 35 21 det
448 439 35 27 jag
498 439 95 21 förordar
607 439 74 20 remiss
696 439 21 20 af
732 439 25 21 hr
772 439 130 21 Söderlunds
917 439 88 28 petition

182 467 31 21 till
229 467 105 21 allmänna
349 467 193 28 besvärsutskottet,
557 467 94 22 anhäller
666 468 35 27 jag
716 470 30 19 att
761 468 47 21 mitt
823 467 106 22 uttalande
940 467 65 22 mätte

182 496 21 21 fä
219 496 70 27 ätfölja
305 497 107 20 remissen.

251 553 33 20 Dä
305 553 64 27 ingen
392 553 72 20 vidare
479 553 91 28 begärde
586 553 65 25 ordet,
665 553 131 22 förklarades
812 553 147 21 diskussionen
975 553 30 21 af-

183 581 74 27 slutad,
273 581 105 21 hvarefter
393 582 230 26 petitionsmemorialet
638 582 21 20 af
673 582 83 21 ständet
770 582 145 21 remitterades
926 583 31 20 till
967 582 37 20 all-

183 611 78 20 männä
283 609 192 28 hesvärsutskottet,
491 611 40 20 och
546 611 67 20 skulle
628 611 102 20 remissen
747 610 82 27 åtföljas
845 611 21 20 af
880 610 125 28 protokolls-

183 638 81 27 utdrag,
279 638 144 21 innefattande
439 639 35 20 det
489 639 21 20 af
524 639 25 21 hr
564 646 41 14 von
621 639 70 20 Pfaler
705 645 30 14 nu
751 639 80 27 afgifna
845 639 111 26 yttrandet.

251 769 117 28 Föredrogs
383 771 163 20 statsutskottets
561 770 35 21 vid
611 772 82 19 senaste
709 771 86 27 plenum
814 771 115 28 bordlagda
944 771 61 20 skrif-

183 799 57 20 velse
266 799 89 20 rörande
383 798 62 21 bland
473 801 70 24 annat,
566 799 112 27 tryckning
702 800 39 20 och
766 799 112 28 utdelning
904 800 21 21 af
949 800 56 21 stän-

183 827 52 21 dens
256 827 236 28 diskussionsprotokoll
514 828 35 20 vid
569 828 144 21 innevarande
728 828 101 27 landtdag
844 830 54 19 samt
913 829 92 20 nedsätt-

182 856 52 27 ning
250 856 21 20 af
285 857 65 26 priset
364 856 33 20 för
411 856 130 27 handlingar,
557 856 110 21 tillkomna
682 857 34 20 vid
732 857 127 26 föregäende
874 857 131 26 landtdagar,

183 884 39 20 och
244 883 70 22 blefvo
337 884 26 20 de
381 884 21 21 af
420 884 101 21 utskottet
538 885 6 20 i
564 884 75 21 sådant
659 885 99 20 afseende
774 885 73 26 gjorda
862 885 78 26 förslag
955 888 50 18 utan

183 912 120 21 diskussion
325 912 123 26 godkända;
472 919 34 14 om
527 913 80 20 hvilket
629 912 70 21 beslut
720 913 102 21 utskottet
839 913 68 21 skulle
929 920 76 20 genom

183 940 110 21 skrifvelse
309 940 137 21 underrättas.

250 1071 34 21 En
306 1072 21 20 af
348 1071 36 20 hrr
399 1071 154 22 Dahlström
568 1073 41 20 och
623 1072 143 21 Forselius
782 1072 108 21 framstäld
906 1072 98 21 anhällan

183 1102 30 19 att
234 1100 21 21 fä
277 1107 50 14 vara
348 1099 141 22 fränvarande
504 1100 46 21 frän
565 1100 112 27 lördagens
692 1101 39 20 och
747 1103 92 19 närmast
854 1101 93 27 följande
962 1101 43 27 ple-

183 1135 52 14 num
250 1128 127 28 godkändes.

252 1247 90 21 Plenum
357 1247 115 21 afslutades
488 1248 26 20 kl.
532 1248 45 26 1,15
594 1255 16 14 e.
626 1255 26 13 m.

605 1287 12 12 »

789 1321 21 17 In
822 1321 61 18 fidem:

714 1355 27 21 A.
764 1356 22 21 V.
803 1355 117 28 Lindberg.
