1078 1767
195 129 41 19 140
407 133 176 22 Borgareständet
595 135 53 15 1891.
673 134 11 17 7?
696 134 50 16 febr.

169 213 207 21 storfurstendömets
391 215 116 25 postväsen,
522 214 91 26 hvilken,
629 213 67 20 såvidt
711 213 40 20 den
763 213 74 20 hänför
851 212 33 27 sig
898 212 32 22 till
942 219 47 20 reg-

168 242 59 20 lerna
247 242 33 20 för
302 242 75 27 själfva
394 242 145 27 poströrelsen,
561 242 115 26 ingalunda
689 241 122 21 förutsätter
825 248 26 14 en
866 240 123 28 förändring

169 270 22 20 af
206 270 34 21 det
255 270 66 21 finska
337 270 130 28 postvärkets
482 271 95 27 rättsliga
591 270 99 26 ställning
705 270 69 21 såsom
787 272 28 19 ett
825 269 63 21 finskt
898 270 92 20 ämbets-

169 298 51 21 värk
243 299 51 21 eller
314 299 48 21 dess
383 299 175 21 underordnande
578 299 68 21 under
661 298 64 21 andra
741 298 147 28 myndigheter
903 300 25 19 än
943 298 45 20 lan-

169 328 46 20 dets
230 334 59 21 egna,
304 328 89 20 innebär
408 328 103 20 såtillvida
526 328 46 21 icke
587 328 66 20 häller
667 327 114 27 någonting
795 327 33 21 för
842 326 100 22 Finlands
957 327 33 20 in-

170 356 76 21 vänare
262 357 91 20 oroande
370 356 51 21 eller
436 356 148 27 bekymrande.
614 356 110 21 Likaledes
740 358 22 18 är
778 356 35 20 det
830 355 158 28 otvifvelaktigt,

170 387 29 19 att
215 387 29 19 ett
258 385 163 27 genomförande
443 386 60 20 häraf
524 385 81 21 medels
625 385 125 21 utfärdande
765 385 32 21 uti
812 385 40 20 den
866 384 8 20 i
888 384 101 21 Finlands

169 414 60 27 lagar
243 413 99 28 stadgade
359 414 88 27 ordning
462 414 21 20 af
497 414 149 27 reglementen,
660 414 152 20 instruktioner
828 414 39 20 och
882 413 107 21 föreskrif-

169 446 32 17 ter
223 442 21 21 af
264 442 108 21 enahanda
389 442 98 28 innehåll,
508 450 46 14 som
576 443 25 21 de
616 443 8 20 i
638 442 154 27 kejsaredömet
807 442 101 27 gällande,
928 442 62 21 faller

169 471 58 21 inom
242 472 94 20 området
352 471 20 21 af
388 472 38 20 den
442 472 6 19 i
464 472 49 20 våra
529 472 127 27 grundlagar
673 473 100 26 regenten
793 471 6 21 i
815 471 113 21 vidsträckt
938 471 49 20 mån

170 500 124 21 tillerkända
310 500 165 21 administrativa
489 500 272 28 lagstiftningsbefogenhet.

239 528 49 21 Men
308 529 82 21 oafsedt
412 529 69 21 denna
502 529 142 28 likformighet
666 529 5 20 i
688 529 109 27 postaliskt
811 528 120 21 hänseende
946 528 41 21 för-

170 557 76 21 ordnas
262 557 100 28 därjämte
378 559 7 19 i
400 558 123 27 manifestet,
540 560 29 19 att
584 558 111 27 ledningen
711 558 21 20 af
747 557 35 22 det
792 557 67 22 finska
868 557 120 28 postvärket

170 586 53 21 skall
237 586 148 21 koncentreras
400 587 7 20 i
421 587 218 20 inrikesministerium
654 587 7 20 i
680 587 154 26 kejsaredömet
853 588 53 19 samt
921 585 68 22 öfver-

169 614 105 27 styrelsen
294 616 32 20 för
346 619 73 23 posten
434 616 39 20 och
488 615 138 27 tolegraferna
641 615 65 27 enligt
720 615 97 27 grunder,
840 621 46 14 som
900 615 8 20 i
922 615 66 20 mani-

169 643 62 21 festet
251 646 95 18 närmare
368 644 100 27 angifvas.
499 644 44 21 Och
564 651 35 14 om
619 643 35 22 det
676 646 26 18 än
726 644 65 20 måste
811 643 127 27 förutsättas,
959 645 29 19 att

169 672 87 21 härmed
276 673 46 20 icke
344 673 72 20 afsetts
431 674 30 19 att
475 673 74 26 stadga
563 673 64 26 något
643 677 55 16 emot
712 672 56 21 finsk
783 673 34 26 lag
832 672 112 27 stridande,
967 674 22 18 är

171 700 34 21 det
225 700 64 21 likväl
310 701 117 27 uppenbart
449 703 29 19 att
496 701 61 21 dessa
571 701 155 27 bestämningar
741 701 45 21 icke
802 701 187 21 öfverensstämma

169 729 48 20 med
234 729 41 21 den
289 730 192 27 rättsuppfattning,
496 737 45 14 som
557 733 23 17 är
594 731 37 19 hos
647 737 34 13 oss
696 729 97 21 rädande.
815 729 30 28 Ty
860 729 66 27 enligt
941 729 48 21 Fin-

169 757 61 20 lands
246 758 128 27 grundlagar
388 758 38 21 bör
441 759 18 26 ej
477 759 52 20 blott
542 758 83 21 landets
641 759 105 20 allmänna
760 758 88 27 styrelse
863 760 50 19 utan
927 758 61 21 äfven

171 786 25 20 de
212 786 101 21 särskilda
334 793 101 21 grenarna
457 787 20 20 af
492 787 48 21 dess
554 787 127 27 förvaltning
696 787 129 20 handhafvas
841 787 38 20 och
894 787 59 20 ledas
969 787 21 20 af

169 814 67 21 finska
252 815 148 28 myndigheter
414 817 39 19 och
469 816 4 20 i
491 815 215 22 öfverensstämmelse
721 816 48 20 med
785 815 55 21 finsk
854 815 39 27 lag.

237 843 41 21 Det
299 843 129 28 bekymmer,
451 851 45 14 som
518 845 34 20 det
567 844 76 27 nädiga
657 844 120 21 manifestet
792 844 124 27 framkallat,
939 844 51 21 ökas

171 871 59 21 däraf
252 874 29 19 att
304 872 34 21 det
356 873 31 20 till
402 873 51 27 följd
469 873 21 20 af
504 873 130 21 manifestets
649 873 19 26 ej
684 873 49 20 fullt
747 873 81 27 tydliga
843 873 109 27 affattning
967 874 23 19 är

170 900 56 21 svärt
242 902 28 19 att
285 900 90 21 bedöma
390 901 84 21 hvilken
490 901 86 21 bärvidd
593 901 115 21 detsamma
721 901 53 21 skall
786 901 84 21 komma
881 903 30 19 att
923 901 65 21 hafva.

169 928 42 21 För
232 929 36 20 vär
289 929 32 20 del
344 930 62 21 hafva
426 931 20 19 vi
461 930 70 21 funnit
546 937 26 14 en
587 930 93 27 objektiv
695 931 39 20 och
748 930 130 27 jämförande
894 930 95 26 tolkning

170 957 21 20 af
213 958 25 20 de
261 957 67 21 skilda
349 958 118 27 punkterna
487 959 8 20 i
516 959 120 20 manifestet
658 959 57 27 gifva
733 959 35 20 vid
783 959 83 20 handen
882 961 29 18 att
926 958 63 21 den
976 953 17 37 i

171 985 47 22 dess
234 986 52 21 1:sta
300 987 68 26 punkt
383 987 85 28 angifna
484 989 39 25 väg
537 988 33 20 för
583 987 118 22 införandet
716 988 7 19 i
738 987 89 21 Finland
842 987 21 20 af
872 987 117 28 reglemen-

169 1016 42 25 ten,
227 1016 65 25 taxor,
307 1015 152 21 instruktioner
473 1023 27 13 m.
515 1023 27 13 m.
558 1016 73 20 endast
648 1017 74 19 hänför
737 1016 31 27 sig
783 1016 29 21 till
829 1016 106 21 formerna
950 1016 39 20 och

169 1043 97 27 reglerna
280 1043 33 21 för
327 1045 151 26 poströrelsens
493 1044 143 27 bedrifvande,
656 1051 48 14 men
719 1045 47 20 icke
782 1045 54 20 afser
851 1046 29 19 att
895 1044 95 21 medföra

170 1071 68 28 nägon
261 1072 89 27 ändring
372 1073 8 19 i
400 1073 129 27 postvärkets
552 1073 140 27 organisation
713 1073 40 20 och
767 1073 55 20 hvad
839 1073 68 20 därtill
922 1073 67 20 hörer.

170 1099 124 22 Emellertid
308 1101 72 20 kunna
397 1102 18 19 vi
430 1101 46 20 icke
492 1102 142 26 undertrycka
648 1101 42 21 den
701 1101 100 27 farhägan
813 1103 28 19 att
852 1101 139 27 uttydningar

170 1128 8 20 i
193 1135 69 14 annan
277 1129 93 27 riktning
385 1129 103 22 mähända
504 1130 58 20 skola
577 1132 50 25 göra
642 1130 32 27 sig
689 1130 101 27 gällande.

239 1156 49 21 Med
311 1158 97 20 afseende
431 1158 57 21 såväl
509 1158 64 27 härpå
594 1165 45 14 som
662 1158 12 21 å
696 1159 55 20 hvad
772 1158 118 21 manifestet
905 1159 5 19 i
928 1157 62 28 öfrigt

171 1185 84 27 stadgar
270 1186 107 27 angående
392 1186 113 27 ledningen
521 1187 20 20 af
557 1187 34 20 det
608 1187 68 20 finska
690 1187 125 27 postvärket,
838 1193 49 14 vore
904 1187 40 26 det,
959 1187 31 20 till

170 1213 172 22 förekommande
363 1215 21 20 af
406 1215 26 20 de
454 1214 119 28 betänkliga
594 1215 81 27 följder,
693 1222 46 13 som
753 1215 60 21 häraf
827 1215 66 21 måste
908 1215 81 27 uppstå,

171 1242 21 20 af
214 1244 43 18 stor
278 1243 115 27 betydelse,
415 1249 34 14 om
469 1250 75 20 genom
561 1251 25 14 en
604 1243 61 28 nådig
680 1244 123 27 författning
818 1244 4 19 i
839 1245 71 19 ämnet
924 1244 65 20 mani-

171 1270 72 21 festets
265 1271 94 21 innehåll
379 1271 70 21 blefve
469 1272 114 21 förklaradt
606 1273 39 20 och
664 1272 133 21 modifieradt
818 1272 78 21 därhän
911 1273 30 20 att
956 1272 34 21 det

170 1299 68 19 finska
260 1300 120 25 postvärket
402 1301 30 18 till
456 1301 30 18 sin
509 1301 138 25 organisation
671 1301 39 20 och
728 1301 93 26 rättsliga
836 1301 99 26 ställning
948 1301 42 19 för-

171 1326 69 21 blefve
263 1329 29 19 ett
313 1327 65 21 finskt
400 1327 138 24 ämbetsvärk,
561 1335 45 14 som
621 1328 46 21 icke
684 1335 49 14 vore
748 1328 158 21 underordnadt
920 1328 69 27 någon

171 1357 59 18 utom
252 1355 81 21 landets
353 1356 59 27 lagar
433 1356 85 21 stående
541 1356 129 28 myndighet.
700 1357 38 20 Att
753 1363 76 21 genom
845 1363 25 14 en
886 1356 59 27 dylik
961 1356 29 20 åt-

171 1383 51 27 gärd
238 1383 41 22 den
293 1384 8 20 i
315 1385 120 21 manifestet
450 1385 95 27 åsyftade
559 1385 81 28 postala
655 1386 168 27 likformigheten
838 1386 47 20 ieke
901 1385 89 21 behöfde

171 1412 111 28 uppoffras,
296 1413 60 21 torde
372 1420 50 14 vara
435 1414 82 27 tydligt.

239 1441 31 21 På
284 1442 70 27 grund
371 1442 59 21 häraf
444 1444 39 20 och
499 1442 26 21 då
545 1443 36 21 det
595 1443 33 21 för
646 1442 100 22 Finlands
761 1443 85 21 ständer
859 1443 67 21 måste
941 1450 50 14 vara

171 1470 19 27 ej
214 1470 52 21 blott
288 1478 27 14 en
336 1471 78 27 dyrbar
433 1472 98 27 rättighet
551 1474 51 18 utan
617 1472 62 20 äfven
694 1478 26 14 en
736 1472 97 28 oafvislig
846 1472 54 28 plikt
914 1474 35 25 att,
964 1472 26 26 på

171 1498 41 22 den
227 1502 40 24 väg
281 1499 229 29 landtdagsordningen
526 1501 100 27 angifver,
641 1500 46 21 med
705 1501 128 27 undersåtlig
849 1501 93 21 vördnad
952 1501 39 20 hos

170 1528 82 21 landets
267 1529 89 20 monark
370 1528 63 22 häfda
448 1530 32 20 sin
497 1529 189 27 rättsuppfattning,
701 1530 21 20 få
738 1530 20 20 vi
772 1529 116 27 hemställa,
