1078 1759
195 126 42 20 222
409 128 175 22 Borgareståndet
597 129 54 16 1891.
674 128 23 16 14
709 127 50 17 febr.

370 210 33 19 att
416 209 10 20 i
445 209 129 20 omedelbart
587 207 162 27 sammanhang
764 208 49 20 med
829 206 159 27 Tammerfors-

304 237 172 28 Björneborgska
499 237 132 27 jernvägens
661 235 117 27 utförande
807 242 26 14 en
862 234 128 21 hamnbana

304 266 93 21 emellan
417 265 144 28 Björneborgs
579 265 50 21 stad
649 264 38 21 och
708 264 139 27 Mäntyluoto
866 263 70 21 holme
951 263 37 20 in-

304 295 38 21 vid
358 294 71 27 Räfsö
449 294 69 20 hamn
538 293 67 21 måtte
623 293 77 27 byggas
715 294 60 19 samt
789 294 33 19 att
837 292 84 21 landets
936 292 52 26 hög-

304 322 116 28 vällofliga
443 322 89 21 ständer
555 322 38 20 vid
617 322 71 20 denna
714 321 103 27 landtdag
837 320 28 28 af
879 321 35 21 till
928 320 63 21 deras

304 351 128 28 förfogande
453 350 87 22 stående
559 351 67 21 medel
646 350 36 27 för
700 350 171 27 ifrågavarande
886 348 105 22 ändamål

304 380 51 21 ville
374 379 65 21 anslå
459 386 27 14 en
503 379 25 21 så
543 380 44 20 stor
601 386 93 17 summa,
711 385 47 14 som
773 378 36 27 för
823 378 115 28 företagets
952 379 37 19 ut-

306 408 96 27 förande,
415 407 92 28 pröfvas
521 414 53 14 vara
591 407 70 27 nödig.
968 419 10 6 -

238 465 134 27 Helsingfors
387 465 40 21 den
443 464 12 21 6
471 464 92 21 februari
580 464 60 21 1891.

236 521 80 22 Robert
330 521 127 21 Junnelius.
753 520 27 21 K.
798 520 25 21 F.
845 520 74 21 Walle.

237 578 11 20 I
270 578 94 27 enlighet
384 578 48 20 med
455 578 24 20 hr
502 578 107 21 Walles
629 578 79 26 förslag
721 577 145 21 remitterades
880 577 108 27 petitions-

169 607 132 21 memorialet
315 606 31 21 till
362 607 204 27 järnvägsutskottet.

237 738 32 20 Hr
291 737 149 21 Söderlund
463 737 95 27 uppläste
579 738 28 20 ett
623 737 20 21 af
657 737 78 20 honom
750 736 116 21 inlämnadt
881 736 107 27 petitions-

169 766 110 20 memorial
294 766 21 20 af
329 766 92 27 följande
436 766 102 20 innehåll:

402 850 38 20 Till
455 850 106 27 vällofliga
577 849 180 28 borgareständet!

248 907 31 20 Vid
302 909 82 19 senaste
405 906 100 28 landtdag
527 906 94 22 uttalade
644 907 32 26 sig
690 906 112 21 ständerna
818 907 4 20 i
839 906 116 28 anledning
969 906 21 21 af

169 935 62 21 väckt
245 935 59 27 fråga
319 942 34 14 om
369 935 115 28 dragandet
506 936 21 20 af
543 942 26 14 en
583 935 187 27 förgreningsbana
789 935 47 20 från
850 935 140 21 Tammerfors

172 976 19 2 —
200 964 142 27 Björneborgs
356 964 87 27 järnväg
459 964 29 20 till
504 964 82 21 Raumo
602 964 56 20 stads
673 964 71 26 hamn,
758 963 27 27 pä
799 963 93 27 följande
908 965 49 19 sätt:

374 1020 44 27 »En
433 1021 48 20 från
495 1021 122 27 någondera
631 1021 21 20 af
667 1020 61 22 dessa
743 1021 96 27 punkter,
854 1020 71 21 Kumo
938 1020 52 21 eller

305 1049 123 27 Harjavalta
450 1049 31 21 till
502 1050 82 20 Raumo
607 1050 78 26 dragen
706 1049 78 21 bibana
805 1049 69 21 skulle
894 1048 96 22 otvifvel-

306 1078 66 26 aktigt
394 1078 26 27 pä
441 1080 29 18 ett
484 1078 95 27 lämpligt
595 1080 40 18 sätt
648 1077 169 28 förfullständiga
831 1078 159 26 järnvägskom-

306 1106 159 21 munikationen
481 1107 7 20 i
503 1106 116 21 Satakunta
633 1106 48 20 med
697 1106 98 21 afseende
811 1105 57 22 såväl
884 1106 12 21 &
908 1106 41 21 den
959 1106 31 21 lo-

306 1134 48 21 kala
369 1141 44 14 som
430 1135 41 20 den
485 1134 159 28 genomgående
658 1134 95 21 trafiken.
781 1135 84 20 Banans
880 1134 109 27 betydelse

306 1163 7 20 i
327 1163 67 21 lokalt
408 1163 121 21 hänseende
545 1163 39 21 och
599 1163 47 21 dess
660 1162 144 28 berättigande
815 1162 26 28 pä
851 1163 69 26 grund
932 1162 58 21 däraf

306 1191 41 20 kan
370 1191 46 21 icke
433 1191 137 28 ifrägasättas,
593 1192 26 20 dä
634 1192 82 20 trakten
730 1192 50 20 med
795 1191 99 21 afseende
909 1191 12 21 ä
936 1191 54 21 folk-

306 1220 65 20 täthet
396 1220 37 20 och
459 1220 227 27 odlingsförhällanden
712 1220 42 20 stär
778 1220 79 27 ganska
877 1220 51 27 högt
950 1220 39 26 och

306 1248 81 21 Raumo
403 1248 52 26 stad,
471 1248 84 21 oaktadt
569 1248 102 21 närheten
689 1248 21 20 af
725 1248 135 28 Björneborg,
881 1248 109 21 utvecklar

306 1282 26 14 en
354 1276 47 21 icke
423 1276 60 28 ringa
506 1276 144 22 affärsrörelse.
680 1276 33 21 Då
732 1276 81 21 Raumo
830 1276 106 21 dessutom
953 1277 37 20 har

306 1310 27 14 en
355 1304 42 27 god
417 1304 63 20 hamn
503 1305 30 19 dit
553 1304 147 27 järnvägsspår
722 1307 51 18 utan
795 1304 105 27 svårighet
917 1305 72 20 kunde

305 1331 65 27 ledas,
392 1334 23 18 är
437 1332 35 20 det
493 1333 101 26 naturligt
609 1334 29 18 att
652 1332 71 20 banan
738 1332 69 20 blefve
823 1338 27 14 en
864 1332 125 27 fördelaktig

306 1359 96 22 trafikled
418 1360 32 20 för
465 1360 35 21 det
514 1360 45 22 inre
575 1360 82 21 landets
672 1362 76 26 export
763 1360 39 22 och
816 1360 94 28 import.

237 1411 31 22 På
282 1412 69 27 grund
366 1412 60 20 häraf
441 1412 82 21 anhöllo
539 1412 113 21 ständerna
665 1412 8 20 i
688 1412 179 28 underdånighet:

375 1458 49 26 vAtt
439 1464 26 14 en
481 1457 164 28 bansträckning
658 1458 47 20 från
720 1457 71 22 Kumo
804 1458 51 21 eller
864 1457 124 28 Harjavalta

306 1486 32 21 till
356 1486 81 22 Raumo
459 1486 65 21 måtte
546 1486 155 21 instrumentalt
730 1486 129 22 undersökas
881 1487 108 27 samtidigt

305 1515 49 21 med
370 1514 115 22 Satakunta
500 1515 87 21 banan."
