1084 1756
179 138 41 19 124
389 140 175 21 Borgareståndet
579 142 53 16 1891.
655 140 11 16 7
679 140 49 16 febr.

152 220 39 21 del.
221 220 67 20 Dessa
302 220 98 20 bostäder
415 220 62 20 hafva
492 220 112 20 mestadels
619 220 89 25 inrymts
718 220 8 20 i
735 219 85 27 mycket
835 223 56 17 stora
905 219 66 26 bygg-

152 249 72 26 nader,
240 248 65 21 delvis
322 248 47 21 med
386 254 156 21 gemensamma
557 248 42 21 kök
614 248 32 20 för
661 247 50 21 flere
727 247 96 27 familjer.
852 247 74 21 Ehuru
942 247 29 20 äf-

151 284 41 14 ven
208 277 61 21 dessa
284 276 153 27 otvifvelaktigt
452 276 92 27 erbjudit
559 277 109 20 arbetaren
682 276 95 20 fördelen
793 276 21 20 af
824 276 67 20 bättre
903 276 69 20 bostä-

152 306 37 20 der
210 308 27 18 än
252 306 25 20 de
293 306 46 20 usla
361 304 78 28 kyffen,
461 311 46 14 som
524 305 80 21 kanske
619 304 51 27 eljes
685 305 49 20 stått
750 305 47 20 dem
812 304 31 20 till
859 304 60 22 buds,
933 304 39 20 har

152 334 35 20 det
209 334 54 20 dock
285 334 62 20 äfven
369 333 53 21 visat
437 334 33 26 sig
485 335 30 18 att
529 333 192 21 sammanförandet
736 333 21 20 af
772 339 26 14 en
813 334 65 20 större
893 332 79 27 mängd

152 362 185 26 arbetarefamiljer
352 362 39 20 och
401 362 95 20 enskilda
507 362 95 20 arbetare
611 362 7 19 i
629 361 79 21 sådana
718 360 119 22 kasärnlika
848 361 124 27 byggnader

152 390 43 21 ofta
217 390 66 21 tillika
305 390 61 27 gifvit
385 390 80 27 upphof
480 390 31 20 till
526 390 146 20 allvarsamma
693 389 202 21 missförhållanden.
926 389 46 21 Alt

152 425 58 14 mera
225 419 39 19 har
279 418 70 20 därför
364 418 40 20 den
421 418 53 20 åsikt
489 419 75 19 vunnit
580 418 68 26 insteg
663 420 29 18 att
703 418 41 20 den
754 417 123 27 lyckligaste
888 418 84 26 lösning

152 446 20 21 af
188 446 69 20 denna
271 447 60 26 fråga
346 452 50 15 vore
411 446 44 20 ifall
470 446 32 20 till
517 446 193 20 arbetarebostäder
726 445 67 21 skulle
809 446 99 26 uppföras
917 446 52 20 min-

152 475 36 20 dre
210 475 45 26 hus,
277 474 86 21 afsedda
385 474 72 26 hvarje
475 474 75 21 endast
564 474 33 21 för
612 475 29 19 ett
656 473 50 22 fåtal
721 473 90 27 familjer
827 474 37 20 och
880 474 54 20 hälst
949 474 23 20 så

152 502 102 22 inrättade
270 505 29 18 att
314 503 72 26 hvarje
401 502 65 27 familj
483 502 53 21 hade
552 503 32 20 sin
600 502 102 20 särskilda
719 502 74 20 bostad
808 502 48 21 med
872 502 55 20 skild
940 503 31 20 in-

152 531 56 27 gång
223 532 38 20 och
276 531 112 27 gårdsplan
403 531 52 21 eller
469 531 114 27 jordtäppa.
612 530 40 20 Till
667 531 59 20 dessa
745 531 98 21 bostäder
857 530 68 21 skulle
940 537 32 14 se-

152 559 42 21 dan
209 559 122 21 arbetarene
348 559 87 21 beredas
451 559 80 21 tillfälle
548 561 29 19 att
591 559 105 21 förvärfva
712 560 31 26 sig
759 559 122 27 eganderätt
895 565 77 21 genom

152 590 30 18 att
197 594 27 14 en
240 588 33 20 del
288 588 21 20 af
324 588 67 26 hyran
407 588 130 20 beräknades
552 588 70 20 såsom
640 588 128 26 afbetalning
784 588 12 20 å
810 588 64 27 priset
889 587 32 21 för
936 588 35 20 de-

152 622 85 14 samma.
267 616 41 27 Jag
329 610 99 27 behöfver
448 616 118 26 säkerligen
581 616 46 20 icke
642 618 96 18 närmare
753 616 84 27 utlägga
853 616 119 20 fördelarna

152 644 21 21 af
188 644 57 21 detta
260 646 84 25 system,
359 644 100 21 hvarmed
474 633 88 39 lyckligt
577 644 89 20 utfallna
680 644 72 20 försök
764 645 62 20 äfven
835 645 136 19 härförinnan

152 669 70 36 gjorts.
251 661 93 33 Hvilken
374 673 76 27 kraftig
479 672 7 20 h
506 661 70 39 fstäng
606 672 120 27 detsamma,
748 672 117 32 tillämpadt
884 673 7 19 i
907 675 65 19 större

152 701 64 24 skala,
231 702 68 20 skulle
315 703 74 25 utgöra
403 701 33 20 för
451 701 98 27 höjandet
565 701 20 20 af
600 690 238 38 arbetarebefolkningen
852 701 9 20 i
857 708 5 12 i
874 702 98 20 städerna

152 729 57 21 såväl
224 730 8 20 i
247 730 132 20 ekonomiskt
394 736 45 14 som
455 730 76 26 sedligt
545 729 126 26 hänseende,
686 730 56 19 inses
757 730 43 20 lätt.
825 729 48 21 Men
887 729 84 27 själffal-

160 759 20 19 et
202 760 24 18 är
247 760 30 18 att
297 758 68 26 hyran
388 758 37 20 och
443 758 64 26 priset
522 758 34 20 för
570 757 60 21 dessa
645 746 127 38 lägenheter,
794 757 44 21 ifall
861 758 110 20 arbetaren

152 786 53 20 skall
227 786 72 21 kunna
313 786 68 21 inlösa
397 779 112 31 desamma,
524 786 66 20 måste
608 774 70 32 ställas
694 786 23 20 så
731 775 43 38 lågt
790 788 29 18 att
834 786 138 27 uppförandet

152 814 21 21 af
196 815 48 20 dem
267 815 45 20 icke
327 815 42 20 kan
385 814 102 28 påräknas
501 815 85 20 komma
602 816 29 19 att
646 814 65 21 blifva
725 814 87 21 föremål
828 814 33 21 för
875 815 97 27 spekula-

152 843 49 27 tion,
214 845 50 19 utan
281 843 133 21 uteslutande
430 843 83 21 komme
529 845 30 19 att
574 843 43 21 afse
640 843 177 27 förvärkligandet
832 843 21 21 af
883 846 20 18 det
918 844 54 26 goda

152 872 124 20 ändamålet.
306 872 74 21 Under
401 872 79 20 sådana
502 871 146 21 förhållanden
664 874 22 18 är
701 872 35 20 det
751 872 17 27 ej
786 874 29 18 att
837 874 78 18 emotse
931 872 40 20 till-

156 902 92 18 komsten
264 900 20 20 af
299 900 72 27 dylika
392 900 121 26 lägenheter
528 901 7 19 i
551 902 65 19 större
636 900 64 26 skala,
716 907 32 14 om
765 900 18 27 ej
800 900 114 22 understöd
930 900 41 20 kan

152 928 102 27 påräknas
269 928 48 21 från
332 929 163 20 kommunernas
511 929 38 20 och
566 930 78 20 statens
660 928 53 26 sida;
733 929 109 20 hvaremot
857 936 27 14 en
899 929 72 27 möjlig

160 958 132 26 örhoppning
307 964 34 14 om
357 957 124 27 förmånliga
496 957 34 20 lån
541 957 33 21 för
584 957 119 21 ändamålet
713 958 105 20 sannolikt
828 957 69 21 skulle
909 957 62 21 hafva

152 985 31 21 till
205 985 79 27 påtöljd
305 988 30 18 att
357 986 130 20 kommuner.
510 986 62 26 bolag
592 986 38 20 och
646 986 94 20 enskilde
756 985 46 21 icke
818 986 108 20 underläte
942 987 30 19 att

152 1014 50 20 söka
218 1014 63 19 värka
296 1014 33 20 för
344 1014 39 20 den
400 1014 54 26 goda
469 1014 70 20 saken.
564 1014 44 20 Och
624 1014 26 20 då
666 1016 61 18 äfven
743 1013 67 21 under
825 1016 82 18 senaste
918 1014 54 20 tider

160 1042 26 20 ån
210 1042 39 20 och
269 1042 105 20 subsidier
389 1048 25 13 ur
429 1042 106 20 allmänna
557 1042 70 20 medel
641 1042 97 26 beviljats
753 1042 33 20 för
800 1042 101 20 särskilda
916 1042 56 20 olika

152 1070 97 20 ändamål
264 1072 54 18 samt
333 1070 112 21 ständerna
459 1070 77 26 jämväl
551 1070 35 20 vid
602 1072 82 18 senaste
699 1070 101 27 landtdag
811 1070 124 21 understödt
945 1077 26 13 en

166 1098 74 20 etition
262 1097 32 22 för
316 1098 119 27 beviljande
451 1098 20 20 af
486 1098 119 27 odlingslån
620 1098 21 20 åt
652 1098 82 21 mindre
750 1098 142 27 jordbrukare,
909 1099 63 26 vågar

154 1127 32 26 jag
201 1126 152 21 vördsammast
368 1126 83 21 anhålla
467 1133 33 14 om
517 1126 180 28 borgareståndets
712 1127 124 20 samvärkan
852 1127 32 20 för
899 1133 26 14 en
936 1133 35 21 ge-

151 1161 95 14 mensam
262 1155 171 26 ständerpetition
450 1155 82 20 därom:

356 1224 32 19 att
409 1223 29 26 af
457 1223 122 26 allmänna,
594 1222 36 27 för
644 1223 104 27 utlåning
764 1223 124 28 disponibla
903 1224 68 20 medel

287 1251 68 20 skulle
371 1253 44 19 mot
431 1251 63 26 nödig
509 1251 98 21 säkerhet
623 1251 96 27 utgifvas
740 1251 37 20 lån
790 1251 31 28 på
835 1251 136 28 förmånliga

288 1279 69 20 vilkor
372 1279 23 20 åt
409 1279 135 26 kommuner,
561 1279 60 26 bolag
637 1280 50 19 eller
699 1279 98 21 enskilda
804 1287 109 19 personer,
924 1287 46 13 som

287 1307 76 19 därom
385 1309 88 22 ansöka,
496 1307 37 26 för
554 1308 34 19 att
609 1307 114 20 användas
746 1307 34 20 till
794 1307 137 26 uppförande
946 1313 25 20 ar

288 1333 195 21 arbetarebostäder
497 1334 74 20 hvilka
586 1334 64 20 sedan
667 1334 59 27 finge
736 1341 76 19 genom
827 1334 70 27 ärliga
907 1334 62 27 afbe-

289 1362 113 27 talningar
417 1361 28 27 af
457 1361 123 22 arbetarene
596 1361 88 22 inlösas.

219 1424 139 28 Helsingfors,
373 1424 41 21 den
430 1424 12 20 6
458 1424 102 21 Februari
577 1425 59 20 1891.

684 1488 88 29 Ludvig
790 1489 109 28 Clouberg.
