1070 1767
163 148 40 19 542
372 151 174 21 Borgareståndet
559 152 54 16 1891.
637 152 9 16 1
659 151 58 21 april.

203 231 57 20 Enär
281 230 69 21 denna
370 230 269 28 omröstningsproposition
666 229 125 22 besvarades
815 230 50 20 med
885 230 69 20 öfver-

137 259 94 28 vägande
246 260 27 26 ja,
288 259 66 21 erhöll
369 258 41 22 den
425 258 85 28 slutliga
525 259 156 27 propositionen
695 258 93 28 följande
802 258 93 27 lydelse:

205 316 38 26 De,
266 315 74 22 hvilka
359 315 115 28 godkänna
491 316 112 21 utskottets
617 315 82 32 förslag
715 315 34 21 till
763 315 84 27 ingress
862 314 90 28 oförän-

137 344 69 27 dradt,
221 346 60 19 rösta
291 344 38 28 ja;
331 344 45 32 de,
392 344 35 20 det
440 344 44 21 icke
498 346 59 25 göra,
573 345 59 20 rösta
646 344 49 28 ne;

205 373 79 21 vinner
298 379 26 13 nej,
356 372 41 21 har
412 372 174 28 borgareständet
600 373 87 27 antagit
700 372 27 21 hr
741 372 70 21 Lilles
824 372 85 27 förslag
920 372 36 20 till

137 401 146 28 formulering
299 408 13 13 a
334 385 137 48 densamma.

206 458 42 21 Vid
264 458 104 21 värkstäld
384 458 95 28 votering
499 458 94 27 afgåfvos
609 458 25 20 17
650 458 22 27 ja
687 458 38 21 och
741 459 26 20 35
782 458 42 27 nej,
847 458 40 21 och
900 457 54 22 hade

138 487 83 21 ståndet
243 487 87 26 således,
351 487 49 20 med
419 487 133 21 förkastande
567 487 21 20 af
603 487 112 21 utskottets
729 487 84 26 förslag,
835 486 80 28 antagit
929 493 27 14 en

138 515 89 22 sålunda
241 515 128 21 formulerad
383 515 82 27 ingress
479 515 33 21 till
526 515 161 27 författningen:
710 516 30 19 att
754 515 118 27 ständerna,
887 515 69 20 under

137 544 150 27 förutsättning
302 545 29 20 att
346 543 26 21 de
386 543 121 28 ifrågasatta
527 543 244 28 lagstiftningsåtgärder,
794 549 45 15 som
855 543 44 21 afse
914 543 42 20 den

139 573 85 26 slutliga
246 572 150 27 dispositionen
417 572 21 20 af
453 572 91 21 kronans
559 571 195 28 öfverloppsjordar,
775 572 99 21 särskildt
888 571 69 22 såvidt

139 601 85 20 därmed
245 601 137 27 statsutgifter
404 600 32 21 till
457 603 65 19 större
540 601 76 27 belopp
631 601 74 20 kunna
718 600 157 28 ifrågakomma,
897 600 60 21 skola

139 629 138 22 underställas
293 629 123 21 ständernas
431 629 103 28 pröfning,
549 629 93 28 godkänt
657 629 41 21 den
713 629 76 27 nådiga
800 629 156 28 propositionen

139 658 48 21 med
202 657 157 22 nedanstående
374 657 154 28 förtydligande
544 658 112 28 ändringar
671 659 39 20 och
725 657 78 28 tillägg,
817 659 55 20 samt
881 657 33 22 för
924 657 33 21 sin

140 687 33 21 del
189 687 79 26 antagit
283 693 26 14 en
324 686 24 21 så
361 686 92 27 lydande
467 686 131 27 Förordning
613 693 18 14 o.
647 693 15 14 s.
678 693 18 14 v.

208 743 133 22 Beträffande
356 744 26 19 hr
396 750 41 15 von
453 743 80 22 Pfalers
548 743 94 27 yrkande
660 743 26 28 på
701 743 118 22 återremiss
833 743 8 20 i
856 743 55 27 syfte
927 744 30 20 att

139 773 7 20 i
161 772 233 27 författningsförslaget
416 772 67 21 skulle
501 774 102 26 upptagas
617 772 130 21 föreskrifter
762 771 107 28 angående
885 771 71 28 lägen-

138 802 97 20 heternas
249 801 111 21 införande
375 801 7 20 i
396 801 148 28 jordregistret,
559 801 121 21 framstälde
695 801 25 20 hr
734 801 121 21 talmannen
864 800 92 28 följande

139 829 269 28 omröstningsproposition
415 837 3 13 :

195 886 39 28 De,
250 886 74 21 hvilka
336 886 117 27 godkänna
466 887 112 21 utskottets
593 887 133 20 betänkande
741 887 10 20 i
764 887 73 20 denna
852 886 34 21 del
896 886 59 28 oför-

139 915 100 27 ändradt,
254 916 59 20 rösta
322 915 39 27 ja;
377 915 31 26 de,
424 915 34 21 det
472 915 45 21 icke
531 918 59 25 göra,
606 917 60 19 rösta
681 915 46 28 nej;

194 944 80 21 vinner
288 943 42 28 nej,
346 944 42 20 har
402 943 175 28 borgareständet
592 943 87 22 beslutit
693 943 158 22 återremittera
861 943 94 22 detsam-

139 979 37 14 ma
189 972 10 20 i
214 972 35 21 det
261 971 57 29 syfte
333 972 27 21 hr
374 979 43 14 von
432 972 75 27 Pfaler
521 972 119 28 föreslagit.

204 1029 162 27 Propositionen
389 1028 124 22 besvarades
533 1029 48 21 med
600 1029 153 26 öfvervägande
767 1029 28 28 ja,
818 1030 39 20 och
872 1036 37 14 var
923 1029 33 21 sä-

138 1057 59 22 ledes
212 1058 110 21 utskottets
338 1057 132 21 betänkande
485 1057 7 21 i
507 1057 69 22 denna
592 1057 34 21 del
641 1057 113 28 godkändt.

205 1114 11 20 I
231 1114 115 27 anledning
367 1113 99 28 slutligen
482 1114 21 21 af
517 1115 25 20 hr
556 1120 42 15 von
612 1114 82 21 Pfalers
709 1114 108 21 uttalande
832 1116 29 19 att
875 1114 81 21 förord-

139 1143 80 26 ningen
240 1142 88 21 berörde
349 1142 104 27 grundlag
475 1143 39 20 och
537 1143 80 20 således
633 1143 64 20 borde
713 1142 114 21 behandlas
841 1143 8 20 i
864 1143 93 27 enlighet

139 1170 48 21 med
208 1171 55 20 hvad
283 1177 35 14 om
337 1170 155 28 behandlingen
507 1171 22 20 af
542 1170 262 28 grundlagsförändringar
817 1171 69 21 finnes
901 1171 56 21 stad-

139 1199 55 27 gadt,
209 1199 131 20 framstäldes
355 1205 26 14 en
397 1199 89 21 sålunda
500 1199 128 21 formulerad
645 1199 279 28 omröstningsproposition:

208 1255 39 26 De,
269 1255 74 21 hvilka
363 1256 116 26 godkänna
498 1255 112 21 utskottets
630 1256 145 27 uppfattning
790 1256 9 21 i
814 1255 143 28 förevarande

140 1283 105 28 afseende,
260 1285 59 20 rösta
328 1283 40 27 ja;
384 1284 31 26 de,
430 1283 35 21 det
478 1283 45 22 icke
537 1286 60 24 göra,
612 1286 60 19 rösta
686 1284 49 27 nej;

207 1312 79 20 vinner
307 1311 43 27 nej,
371 1312 42 20 har
434 1311 174 27 borgareståndet
626 1313 83 19 uttalat
730 1312 33 27 sig
778 1312 85 21 därhän
878 1313 33 20 att
924 1319 34 14 nu

139 1339 146 28 föreliggande
300 1339 130 28 förordning
445 1341 63 25 utgör
522 1340 96 26 ändring
634 1340 29 26 af
672 1340 115 27 grundlag.

205 1396 161 27 Propositionen
381 1396 125 21 besvarades
521 1396 49 21 med
585 1396 153 28 öfvervägande
746 1397 27 27 ja,
789 1398 39 20 och
837 1397 54 21 hade
901 1396 57 23 stån-

141 1424 34 22 det
197 1425 81 21 således
299 1424 87 22 anslutit
406 1425 32 27 sig
459 1424 32 21 till
510 1425 41 21 den
566 1425 21 21 af
602 1424 100 22 utskottet
716 1426 93 21 uttalade
823 1426 136 27 uppfattning

141 1455 29 20 att
190 1453 150 28 förordningen
361 1454 46 20 icke
429 1453 88 21 innebär
536 1453 90 28 ändring
641 1454 21 20 af
677 1454 116 28 grundlag;
817 1455 39 21 och
871 1455 87 21 härmed

141 1489 36 15 var
192 1482 209 22 ekonomiutskottets
423 1482 131 21 betänkande
568 1488 36 15 n:o
620 1483 12 20 2
648 1482 21 21 af
684 1482 82 22 ståndet
781 1483 177 23 slutbehandladt.
