<?xml version="1.0" encoding="UTF-8"?>
<alto xmlns="http://www.loc.gov/standards/alto/ns-v3#" xmlns:xlink="http://www.w3.org/1999/xlink" xmlns:xsi="http://www.w3.org/2001/XMLSchema-instance" xsi:schemaLocation="http://www.loc.gov/standards/alto/ns-v3# http://www.loc.gov/alto/v3/alto-3-0.xsd">
	<Description>
		<MeasurementUnit>pixel</MeasurementUnit>
		<sourceImageInformation>
			<fileName>/tmp/tess_niadifjy_input.PNG</fileName>
		</sourceImageInformation>
		<OCRProcessing ID="OCR_0">
			<ocrProcessingStep>
				<processingSoftware>
					<softwareName>tesseract 5.3.4</softwareName>
				</processingSoftware>
			</ocrProcessingStep>
		</OCRProcessing>
	</Description>
	<Layout>
		<Page WIDTH="1070" HEIGHT="1761" PHYSICAL_IMG_NR="0" ID="page_0">
			<PrintSpace HPOS="0" VPOS="0" WIDTH="1070" HEIGHT="1761">
				<ComposedBlock ID="cblock_0" HPOS="344" VPOS="119" WIDTH="553" HEIGHT="26">
					<TextBlock ID="block_0" HPOS="344" VPOS="119" WIDTH="553" HEIGHT="26">
						<TextLine ID="line_0" HPOS="344" VPOS="119" WIDTH="553" HEIGHT="26">
							<String ID="string_0" HPOS="344" VPOS="123" WIDTH="176" HEIGHT="21" WC="0.92" CONTENT="Borgareståndet"/><SP WIDTH="12" VPOS="123" HPOS="520"/>
							<String ID="string_1" HPOS="532" VPOS="124" WIDTH="52" HEIGHT="17" WC="0.96" CONTENT="1891."/><SP WIDTH="25" VPOS="124" HPOS="584"/>
							<String ID="string_2" HPOS="609" VPOS="125" WIDTH="9" HEIGHT="16" WC="0.96" CONTENT="1"/><SP WIDTH="13" VPOS="125" HPOS="618"/>
							<String ID="string_3" HPOS="631" VPOS="125" WIDTH="57" HEIGHT="20" WC="0.94" CONTENT="april."/><SP WIDTH="169" VPOS="125" HPOS="688"/>
							<String ID="string_4" HPOS="857" VPOS="119" WIDTH="40" HEIGHT="21" WC="0.93" CONTENT="539"/>
						</TextLine>
					</TextBlock>
				</ComposedBlock>
				<GraphicalElement ID="cblock_1" HPOS="105" VPOS="154" WIDTH="817" HEIGHT="8"></GraphicalElement >
				<ComposedBlock ID="cblock_2" HPOS="103" VPOS="201" WIDTH="820" HEIGHT="141">
					<TextBlock ID="block_1" HPOS="103" VPOS="201" WIDTH="820" HEIGHT="141">
						<TextLine ID="line_1" HPOS="173" VPOS="201" WIDTH="750" HEIGHT="30">
							<String ID="string_5" HPOS="173" VPOS="201" WIDTH="104" HEIGHT="28" WC="0.92" CONTENT="Slutligen"/><SP WIDTH="22" VPOS="201" HPOS="277"/>
							<String ID="string_6" HPOS="299" VPOS="201" WIDTH="120" HEIGHT="22" WC="0.92" CONTENT="framstälde"/><SP WIDTH="21" VPOS="201" HPOS="419"/>
							<String ID="string_7" HPOS="440" VPOS="203" WIDTH="25" HEIGHT="21" WC="0.96" CONTENT="hr"/><SP WIDTH="15" VPOS="203" HPOS="465"/>
							<String ID="string_8" HPOS="480" VPOS="203" WIDTH="121" HEIGHT="22" WC="0.96" CONTENT="talmannen"/><SP WIDTH="15" VPOS="203" HPOS="601"/>
							<String ID="string_9" HPOS="616" VPOS="203" WIDTH="88" HEIGHT="22" WC="0.96" CONTENT="rörande"/><SP WIDTH="16" VPOS="203" HPOS="704"/>
							<String ID="string_10" HPOS="720" VPOS="204" WIDTH="111" HEIGHT="21" WC="0.95" CONTENT="utskottets"/><SP WIDTH="14" VPOS="204" HPOS="831"/>
							<String ID="string_11" HPOS="845" VPOS="204" WIDTH="78" HEIGHT="27" WC="0.96" CONTENT="förslag"/>
						</TextLine>
						<TextLine ID="line_2" HPOS="104" VPOS="229" WIDTH="818" HEIGHT="32">
							<String ID="string_12" HPOS="104" VPOS="229" WIDTH="32" HEIGHT="20" WC="0.95" CONTENT="till"/><SP WIDTH="15" VPOS="229" HPOS="136"/>
							<String ID="string_13" HPOS="151" VPOS="229" WIDTH="81" HEIGHT="32" WC="0.96" CONTENT="lydelse"/><SP WIDTH="14" VPOS="229" HPOS="232"/>
							<String ID="string_14" HPOS="246" VPOS="230" WIDTH="33" HEIGHT="21" WC="0.96" CONTENT="för"/><SP WIDTH="21" VPOS="230" HPOS="279"/>
							<String ID="string_15" HPOS="300" VPOS="231" WIDTH="5" HEIGHT="20" WC="0.91" CONTENT="1"/><SP WIDTH="16" VPOS="231" HPOS="305"/>
							<String ID="string_16" HPOS="321" VPOS="237" WIDTH="63" HEIGHT="14" WC="0.96" CONTENT="mom."/><SP WIDTH="16" VPOS="237" HPOS="384"/>
							<String ID="string_17" HPOS="400" VPOS="231" WIDTH="39" HEIGHT="20" WC="0.96" CONTENT="och"/><SP WIDTH="15" VPOS="231" HPOS="439"/>
							<String ID="string_18" HPOS="454" VPOS="232" WIDTH="41" HEIGHT="20" WC="0.96" CONTENT="den"/><SP WIDTH="15" VPOS="232" HPOS="495"/>
							<String ID="string_19" HPOS="510" VPOS="231" WIDTH="80" HEIGHT="27" WC="0.96" CONTENT="lydelse"/><SP WIDTH="15" VPOS="231" HPOS="590"/>
							<String ID="string_20" HPOS="605" VPOS="232" WIDTH="33" HEIGHT="21" WC="0.96" CONTENT="för"/><SP WIDTH="15" VPOS="232" HPOS="638"/>
							<String ID="string_21" HPOS="653" VPOS="232" WIDTH="56" HEIGHT="21" WC="0.93" CONTENT="detta"/><SP WIDTH="15" VPOS="232" HPOS="709"/>
							<String ID="string_22" HPOS="724" VPOS="239" WIDTH="68" HEIGHT="19" WC="0.93" CONTENT="mom.,"/><SP WIDTH="16" VPOS="239" HPOS="792"/>
							<String ID="string_23" HPOS="808" VPOS="239" WIDTH="45" HEIGHT="14" WC="0.93" CONTENT="som"/><SP WIDTH="15" VPOS="239" HPOS="853"/>
							<String ID="string_24" HPOS="868" VPOS="233" WIDTH="54" HEIGHT="20" WC="0.92" CONTENT="före-"/>
						</TextLine>
						<TextLine ID="line_3" HPOS="105" VPOS="257" WIDTH="816" HEIGHT="31">
							<String ID="string_25" HPOS="105" VPOS="257" WIDTH="71" HEIGHT="28" WC="0.96" CONTENT="slagits"/><SP WIDTH="14" VPOS="257" HPOS="176"/>
							<String ID="string_26" HPOS="190" VPOS="258" WIDTH="8" HEIGHT="20" WC="0.96" CONTENT="i"/><SP WIDTH="15" VPOS="258" HPOS="198"/>
							<String ID="string_27" HPOS="213" VPOS="259" WIDTH="65" HEIGHT="20" WC="0.96" CONTENT="första"/><SP WIDTH="14" VPOS="259" HPOS="278"/>
							<String ID="string_28" HPOS="292" VPOS="259" WIDTH="113" HEIGHT="27" WC="0.95" CONTENT="meningen"/><SP WIDTH="23" VPOS="259" HPOS="405"/>
							<String ID="string_29" HPOS="428" VPOS="259" WIDTH="32" HEIGHT="21" WC="0.96" CONTENT="till"/><SP WIDTH="15" VPOS="259" HPOS="460"/>
							<String ID="string_30" HPOS="475" VPOS="260" WIDTH="39" HEIGHT="20" WC="0.96" CONTENT="och"/><SP WIDTH="14" VPOS="260" HPOS="514"/>
							<String ID="string_31" HPOS="528" VPOS="259" WIDTH="49" HEIGHT="22" WC="0.96" CONTENT="med"/><SP WIDTH="16" VPOS="259" HPOS="577"/>
							<String ID="string_32" HPOS="593" VPOS="260" WIDTH="64" HEIGHT="21" WC="0.89" CONTENT="orden"/><SP WIDTH="15" VPOS="260" HPOS="657"/>
							<String ID="string_33" HPOS="672" VPOS="260" WIDTH="128" HEIGHT="28" WC="0.89" CONTENT=",afgiftsfritt"/><SP WIDTH="14" VPOS="260" HPOS="800"/>
							<String ID="string_34" HPOS="814" VPOS="261" WIDTH="107" HEIGHT="26" WC="0.77" CONTENT="upplåtas&quot;"/>
						</TextLine>
						<TextLine ID="line_4" HPOS="103" VPOS="286" WIDTH="819" HEIGHT="30">
							<String ID="string_35" HPOS="103" VPOS="286" WIDTH="32" HEIGHT="20" WC="0.96" CONTENT="uti"/><SP WIDTH="14" VPOS="286" HPOS="135"/>
							<String ID="string_36" HPOS="149" VPOS="286" WIDTH="42" HEIGHT="20" WC="0.95" CONTENT="den"/><SP WIDTH="10" VPOS="286" HPOS="191"/>
							<String ID="string_37" HPOS="201" VPOS="286" WIDTH="32" HEIGHT="20" WC="0.95" CONTENT="till"/><SP WIDTH="10" VPOS="286" HPOS="233"/>
							<String ID="string_38" HPOS="243" VPOS="286" WIDTH="141" HEIGHT="23" WC="0.96" CONTENT="betänkandet"/><SP WIDTH="10" VPOS="286" HPOS="384"/>
							<String ID="string_39" HPOS="394" VPOS="287" WIDTH="93" HEIGHT="21" WC="0.96" CONTENT="hörande"/><SP WIDTH="9" VPOS="287" HPOS="487"/>
							<String ID="string_40" HPOS="496" VPOS="289" WIDTH="161" HEIGHT="26" WC="0.95" CONTENT="reservationen,"/><SP WIDTH="11" VPOS="289" HPOS="657"/>
							<String ID="string_41" HPOS="668" VPOS="288" WIDTH="92" HEIGHT="27" WC="0.93" CONTENT="följande"/><SP WIDTH="11" VPOS="288" HPOS="760"/>
							<String ID="string_42" HPOS="771" VPOS="289" WIDTH="151" HEIGHT="27" WC="0.92" CONTENT="omröstnings-"/>
						</TextLine>
						<TextLine ID="line_5" HPOS="103" VPOS="314" WIDTH="137" HEIGHT="28">
							<String ID="string_43" HPOS="103" VPOS="314" WIDTH="137" HEIGHT="28" WC="0.95" CONTENT="proposition:"/>
						</TextLine>
					</TextBlock>
				</ComposedBlock>
				<ComposedBlock ID="cblock_3" HPOS="96" VPOS="376" WIDTH="824" HEIGHT="197">
					<TextBlock ID="block_2" HPOS="103" VPOS="376" WIDTH="817" HEIGHT="84">
						<TextLine ID="line_6" HPOS="171" VPOS="376" WIDTH="747" HEIGHT="30">
							<String ID="string_44" HPOS="171" VPOS="376" WIDTH="39" HEIGHT="27" WC="0.92" CONTENT="De,"/><SP WIDTH="16" VPOS="376" HPOS="210"/>
							<String ID="string_45" HPOS="226" VPOS="376" WIDTH="74" HEIGHT="21" WC="0.96" CONTENT="hvilka"/><SP WIDTH="13" VPOS="376" HPOS="300"/>
							<String ID="string_46" HPOS="313" VPOS="376" WIDTH="116" HEIGHT="28" WC="0.96" CONTENT="godkänna"/><SP WIDTH="14" VPOS="376" HPOS="429"/>
							<String ID="string_47" HPOS="443" VPOS="378" WIDTH="112" HEIGHT="21" WC="0.96" CONTENT="utskottets"/><SP WIDTH="14" VPOS="378" HPOS="555"/>
							<String ID="string_48" HPOS="569" VPOS="378" WIDTH="83" HEIGHT="27" WC="0.96" CONTENT="förslag"/><SP WIDTH="12" VPOS="378" HPOS="652"/>
							<String ID="string_49" HPOS="664" VPOS="378" WIDTH="36" HEIGHT="21" WC="0.96" CONTENT="till"/><SP WIDTH="10" VPOS="378" HPOS="700"/>
							<String ID="string_50" HPOS="710" VPOS="378" WIDTH="78" HEIGHT="28" WC="0.90" CONTENT="lydelse"/><SP WIDTH="10" VPOS="378" HPOS="788"/>
							<String ID="string_51" HPOS="798" VPOS="378" WIDTH="28" HEIGHT="26" WC="0.96" CONTENT="af"/><SP WIDTH="13" VPOS="378" HPOS="826"/>
							<String ID="string_52" HPOS="839" VPOS="378" WIDTH="5" HEIGHT="20" WC="0.92" CONTENT="1"/><SP WIDTH="9" VPOS="378" HPOS="844"/>
							<String ID="string_53" HPOS="853" VPOS="384" WIDTH="65" HEIGHT="15" WC="0.92" CONTENT="mom."/>
						</TextLine>
						<TextLine ID="line_7" HPOS="104" VPOS="404" WIDTH="816" HEIGHT="30">
							<String ID="string_54" HPOS="104" VPOS="404" WIDTH="29" HEIGHT="27" WC="0.90" CONTENT="af"/><SP WIDTH="11" VPOS="404" HPOS="133"/>
							<String ID="string_55" HPOS="144" VPOS="404" WIDTH="172" HEIGHT="28" WC="0.93" CONTENT="ifrågavarande"/><SP WIDTH="14" VPOS="404" HPOS="316"/>
							<String ID="string_56" HPOS="330" VPOS="405" WIDTH="234" HEIGHT="29" WC="0.91" CONTENT="författningsförslag,"/><SP WIDTH="16" VPOS="405" HPOS="564"/>
							<String ID="string_57" HPOS="580" VPOS="408" WIDTH="59" HEIGHT="19" WC="0.96" CONTENT="rösta"/><SP WIDTH="9" VPOS="408" HPOS="639"/>
							<String ID="string_58" HPOS="648" VPOS="406" WIDTH="39" HEIGHT="27" WC="0.96" CONTENT="ja;"/><SP WIDTH="21" VPOS="406" HPOS="687"/>
							<String ID="string_59" HPOS="708" VPOS="407" WIDTH="30" HEIGHT="26" WC="0.96" CONTENT="de,"/><SP WIDTH="16" VPOS="407" HPOS="738"/>
							<String ID="string_60" HPOS="754" VPOS="406" WIDTH="35" HEIGHT="21" WC="0.96" CONTENT="det"/><SP WIDTH="14" VPOS="406" HPOS="789"/>
							<String ID="string_61" HPOS="803" VPOS="406" WIDTH="44" HEIGHT="21" WC="0.96" CONTENT="icke"/><SP WIDTH="14" VPOS="406" HPOS="847"/>
							<String ID="string_62" HPOS="861" VPOS="408" WIDTH="59" HEIGHT="26" WC="0.96" CONTENT="göra,"/>
						</TextLine>
						<TextLine ID="line_8" HPOS="103" VPOS="433" WIDTH="121" HEIGHT="27">
							<String ID="string_63" HPOS="103" VPOS="435" WIDTH="59" HEIGHT="19" WC="0.96" CONTENT="rösta"/><SP WIDTH="14" VPOS="435" HPOS="162"/>
							<String ID="string_64" HPOS="176" VPOS="433" WIDTH="48" HEIGHT="27" WC="0.95" CONTENT="nej;"/>
						</TextLine>
					</TextBlock>
					<TextBlock ID="block_3" HPOS="96" VPOS="462" WIDTH="824" HEIGHT="111">
						<TextLine ID="line_9" HPOS="170" VPOS="462" WIDTH="748" HEIGHT="32">
							<String ID="string_65" HPOS="170" VPOS="462" WIDTH="79" HEIGHT="20" WC="0.96" CONTENT="vinner"/><SP WIDTH="20" VPOS="462" HPOS="249"/>
							<String ID="string_66" HPOS="269" VPOS="462" WIDTH="42" HEIGHT="27" WC="0.96" CONTENT="nej,"/><SP WIDTH="22" VPOS="462" HPOS="311"/>
							<String ID="string_67" HPOS="333" VPOS="462" WIDTH="42" HEIGHT="20" WC="0.93" CONTENT="har"/><SP WIDTH="15" VPOS="462" HPOS="375"/>
							<String ID="string_68" HPOS="390" VPOS="462" WIDTH="174" HEIGHT="28" WC="0.92" CONTENT="borgareståndet"/><SP WIDTH="13" VPOS="462" HPOS="564"/>
							<String ID="string_69" HPOS="577" VPOS="462" WIDTH="120" HEIGHT="28" WC="0.96" CONTENT="föredragit"/><SP WIDTH="13" VPOS="462" HPOS="697"/>
							<String ID="string_70" HPOS="710" VPOS="463" WIDTH="42" HEIGHT="20" WC="0.96" CONTENT="den"/><SP WIDTH="14" VPOS="463" HPOS="752"/>
							<String ID="string_71" HPOS="766" VPOS="462" WIDTH="152" HEIGHT="32" WC="0.96" CONTENT="formulering,"/>
						</TextLine>
						<TextLine ID="line_10" HPOS="102" VPOS="489" WIDTH="818" HEIGHT="29">
							<String ID="string_72" HPOS="102" VPOS="496" WIDTH="47" HEIGHT="14" WC="0.96" CONTENT="som"/><SP WIDTH="16" VPOS="496" HPOS="149"/>
							<String ID="string_73" HPOS="165" VPOS="489" WIDTH="133" HEIGHT="27" WC="0.96" CONTENT="beträffande"/><SP WIDTH="20" VPOS="489" HPOS="298"/>
							<String ID="string_74" HPOS="318" VPOS="490" WIDTH="68" HEIGHT="27" WC="0.96" CONTENT="sagda"/><SP WIDTH="14" VPOS="490" HPOS="386"/>
							<String ID="string_75" HPOS="400" VPOS="497" WIDTH="65" HEIGHT="14" WC="0.95" CONTENT="mom."/><SP WIDTH="17" VPOS="497" HPOS="465"/>
							<String ID="string_76" HPOS="482" VPOS="490" WIDTH="123" HEIGHT="28" WC="0.95" CONTENT="föreslagits"/><SP WIDTH="15" VPOS="490" HPOS="605"/>
							<String ID="string_77" HPOS="620" VPOS="490" WIDTH="35" HEIGHT="21" WC="0.96" CONTENT="uti"/><SP WIDTH="14" VPOS="490" HPOS="655"/>
							<String ID="string_78" HPOS="669" VPOS="491" WIDTH="70" HEIGHT="27" WC="0.96" CONTENT="första"/><SP WIDTH="14" VPOS="491" HPOS="739"/>
							<String ID="string_79" HPOS="753" VPOS="492" WIDTH="117" HEIGHT="26" WC="0.95" CONTENT="meningen"/><SP WIDTH="15" VPOS="492" HPOS="870"/>
							<String ID="string_80" HPOS="885" VPOS="491" WIDTH="35" HEIGHT="20" WC="0.93" CONTENT="till"/>
						</TextLine>
						<TextLine ID="line_11" HPOS="102" VPOS="518" WIDTH="816" HEIGHT="28">
							<String ID="string_81" HPOS="102" VPOS="518" WIDTH="39" HEIGHT="20" WC="0.96" CONTENT="och"/><SP WIDTH="14" VPOS="518" HPOS="141"/>
							<String ID="string_82" HPOS="155" VPOS="518" WIDTH="49" HEIGHT="20" WC="0.96" CONTENT="med"/><SP WIDTH="14" VPOS="518" HPOS="204"/>
							<String ID="string_83" HPOS="218" VPOS="518" WIDTH="67" HEIGHT="21" WC="0.93" CONTENT="orden"/><SP WIDTH="15" VPOS="518" HPOS="285"/>
							<String ID="string_84" HPOS="300" VPOS="518" WIDTH="144" HEIGHT="28" WC="0.87" CONTENT=",,afgiftsfritt"/><SP WIDTH="13" VPOS="518" HPOS="444"/>
							<String ID="string_85" HPOS="457" VPOS="518" WIDTH="118" HEIGHT="28" WC="0.66" CONTENT="upplåtas&quot;"/><SP WIDTH="14" VPOS="518" HPOS="575"/>
							<String ID="string_86" HPOS="589" VPOS="519" WIDTH="35" HEIGHT="21" WC="0.96" CONTENT="uti"/><SP WIDTH="14" VPOS="519" HPOS="624"/>
							<String ID="string_87" HPOS="638" VPOS="519" WIDTH="42" HEIGHT="21" WC="0.96" CONTENT="den"/><SP WIDTH="15" VPOS="519" HPOS="680"/>
							<String ID="string_88" HPOS="695" VPOS="519" WIDTH="142" HEIGHT="21" WC="0.93" CONTENT="betänkandet"/><SP WIDTH="13" VPOS="519" HPOS="837"/>
							<String ID="string_89" HPOS="850" VPOS="518" WIDTH="68" HEIGHT="28" WC="0.92" CONTENT="åtföl-"/>
						</TextLine>
						<TextLine ID="line_12" HPOS="96" VPOS="546" WIDTH="251" HEIGHT="27">
							<String ID="string_90" HPOS="96" VPOS="546" WIDTH="70" HEIGHT="27" WC="0.88" CONTENT="jande"/><SP WIDTH="15" VPOS="546" HPOS="166"/>
							<String ID="string_91" HPOS="181" VPOS="546" WIDTH="166" HEIGHT="22" WC="0.95" CONTENT="reservationen."/>
						</TextLine>
					</TextBlock>
				</ComposedBlock>
				<ComposedBlock ID="cblock_4" HPOS="101" VPOS="608" WIDTH="819" HEIGHT="114">
					<TextBlock ID="block_4" HPOS="101" VPOS="608" WIDTH="819" HEIGHT="114">
						<TextLine ID="line_13" HPOS="169" VPOS="608" WIDTH="751" HEIGHT="29">
							<String ID="string_92" HPOS="169" VPOS="608" WIDTH="42" HEIGHT="20" WC="0.93" CONTENT="Vid"/><SP WIDTH="16" VPOS="608" HPOS="211"/>
							<String ID="string_93" HPOS="227" VPOS="608" WIDTH="81" HEIGHT="21" WC="0.92" CONTENT="anstäld"/><SP WIDTH="15" VPOS="608" HPOS="308"/>
							<String ID="string_94" HPOS="323" VPOS="609" WIDTH="96" HEIGHT="28" WC="0.91" CONTENT="votering"/><SP WIDTH="14" VPOS="609" HPOS="419"/>
							<String ID="string_95" HPOS="433" VPOS="609" WIDTH="94" HEIGHT="27" WC="0.92" CONTENT="afgäfvos"/><SP WIDTH="17" VPOS="609" HPOS="527"/>
							<String ID="string_96" HPOS="544" VPOS="609" WIDTH="25" HEIGHT="21" WC="0.96" CONTENT="19"/><SP WIDTH="15" VPOS="609" HPOS="569"/>
							<String ID="string_97" HPOS="584" VPOS="609" WIDTH="21" HEIGHT="27" WC="0.96" CONTENT="ja"/><SP WIDTH="15" VPOS="609" HPOS="605"/>
							<String ID="string_98" HPOS="620" VPOS="609" WIDTH="40" HEIGHT="21" WC="0.96" CONTENT="och"/><SP WIDTH="15" VPOS="609" HPOS="660"/>
							<String ID="string_99" HPOS="675" VPOS="609" WIDTH="26" HEIGHT="20" WC="0.96" CONTENT="33"/><SP WIDTH="11" VPOS="609" HPOS="701"/>
							<String ID="string_100" HPOS="712" VPOS="609" WIDTH="41" HEIGHT="27" WC="0.96" CONTENT="nej,"/><SP WIDTH="14" VPOS="609" HPOS="753"/>
							<String ID="string_101" HPOS="767" VPOS="609" WIDTH="7" HEIGHT="20" WC="0.96" CONTENT="i"/><SP WIDTH="11" VPOS="609" HPOS="774"/>
							<String ID="string_102" HPOS="785" VPOS="609" WIDTH="51" HEIGHT="27" WC="0.96" CONTENT="följd"/><SP WIDTH="10" VPOS="609" HPOS="836"/>
							<String ID="string_103" HPOS="846" VPOS="609" WIDTH="74" HEIGHT="20" WC="0.67" CONTENT="hvaraf"/>
						</TextLine>
						<TextLine ID="line_14" HPOS="101" VPOS="636" WIDTH="819" HEIGHT="28">
							<String ID="string_104" HPOS="101" VPOS="636" WIDTH="83" HEIGHT="21" WC="0.95" CONTENT="ståndet"/><SP WIDTH="22" VPOS="636" HPOS="184"/>
							<String ID="string_105" HPOS="206" VPOS="636" WIDTH="81" HEIGHT="22" WC="0.95" CONTENT="således"/><SP WIDTH="22" VPOS="636" HPOS="287"/>
							<String ID="string_106" HPOS="309" VPOS="637" WIDTH="95" HEIGHT="21" WC="0.96" CONTENT="omfattat"/><SP WIDTH="20" VPOS="637" HPOS="404"/>
							<String ID="string_107" HPOS="424" VPOS="637" WIDTH="41" HEIGHT="21" WC="0.96" CONTENT="den"/><SP WIDTH="22" VPOS="637" HPOS="465"/>
							<String ID="string_108" HPOS="487" VPOS="637" WIDTH="138" HEIGHT="27" WC="0.96" CONTENT="formulering"/><SP WIDTH="15" VPOS="637" HPOS="625"/>
							<String ID="string_109" HPOS="640" VPOS="644" WIDTH="45" HEIGHT="14" WC="0.96" CONTENT="som"/><SP WIDTH="15" VPOS="644" HPOS="685"/>
							<String ID="string_110" HPOS="700" VPOS="637" WIDTH="32" HEIGHT="21" WC="0.93" CONTENT="för"/><SP WIDTH="15" VPOS="637" HPOS="732"/>
							<String ID="string_111" HPOS="747" VPOS="637" WIDTH="113" HEIGHT="21" WC="0.93" CONTENT="omordade"/><SP WIDTH="15" VPOS="637" HPOS="860"/>
							<String ID="string_112" HPOS="875" VPOS="643" WIDTH="45" HEIGHT="15" WC="0.92" CONTENT="mo-"/>
						</TextLine>
						<TextLine ID="line_15" HPOS="102" VPOS="665" WIDTH="816" HEIGHT="28">
							<String ID="string_113" HPOS="102" VPOS="666" WIDTH="58" HEIGHT="20" WC="0.96" CONTENT="ment"/><SP WIDTH="14" VPOS="666" HPOS="160"/>
							<String ID="string_114" HPOS="174" VPOS="665" WIDTH="118" HEIGHT="28" WC="0.96" CONTENT="föreslagits"/><SP WIDTH="21" VPOS="665" HPOS="292"/>
							<String ID="string_115" HPOS="313" VPOS="665" WIDTH="31" HEIGHT="21" WC="0.96" CONTENT="uti"/><SP WIDTH="14" VPOS="665" HPOS="344"/>
							<String ID="string_116" HPOS="358" VPOS="666" WIDTH="163" HEIGHT="27" WC="0.96" CONTENT="reservationen,"/><SP WIDTH="22" VPOS="666" HPOS="521"/>
							<String ID="string_117" HPOS="543" VPOS="666" WIDTH="51" HEIGHT="21" WC="0.96" CONTENT="eller"/><SP WIDTH="14" VPOS="666" HPOS="594"/>
							<String ID="string_118" HPOS="608" VPOS="666" WIDTH="47" HEIGHT="21" WC="0.96" CONTENT="från"/><SP WIDTH="15" VPOS="666" HPOS="655"/>
							<String ID="string_119" HPOS="670" VPOS="666" WIDTH="57" HEIGHT="21" WC="0.93" CONTENT="detta"/><SP WIDTH="15" VPOS="666" HPOS="727"/>
							<String ID="string_120" HPOS="742" VPOS="665" WIDTH="89" HEIGHT="28" WC="0.92" CONTENT="förslags"/><SP WIDTH="15" VPOS="665" HPOS="831"/>
							<String ID="string_121" HPOS="846" VPOS="665" WIDTH="72" HEIGHT="27" WC="0.96" CONTENT="början"/>
						</TextLine>
						<TextLine ID="line_16" HPOS="101" VPOS="693" WIDTH="499" HEIGHT="29">
							<String ID="string_122" HPOS="101" VPOS="693" WIDTH="32" HEIGHT="21" WC="0.96" CONTENT="till"/><SP WIDTH="15" VPOS="693" HPOS="133"/>
							<String ID="string_123" HPOS="148" VPOS="694" WIDTH="39" HEIGHT="20" WC="0.96" CONTENT="och"/><SP WIDTH="14" VPOS="694" HPOS="187"/>
							<String ID="string_124" HPOS="201" VPOS="694" WIDTH="50" HEIGHT="21" WC="0.95" CONTENT="med"/><SP WIDTH="15" VPOS="694" HPOS="251"/>
							<String ID="string_125" HPOS="266" VPOS="694" WIDTH="65" HEIGHT="21" WC="0.93" CONTENT="orden"/><SP WIDTH="15" VPOS="694" HPOS="331"/>
							<String ID="string_126" HPOS="346" VPOS="694" WIDTH="127" HEIGHT="28" WC="0.88" CONTENT=",afgiftsfritt"/><SP WIDTH="15" VPOS="694" HPOS="473"/>
							<String ID="string_127" HPOS="488" VPOS="695" WIDTH="112" HEIGHT="27" WC="0.70" CONTENT="upplåtas&quot;."/>
						</TextLine>
					</TextBlock>
				</ComposedBlock>
				<ComposedBlock ID="cblock_5" HPOS="102" VPOS="756" WIDTH="818" HEIGHT="50">
					<TextBlock ID="block_5" HPOS="102" VPOS="756" WIDTH="818" HEIGHT="50">
						<TextLine ID="line_17" HPOS="170" VPOS="756" WIDTH="750" HEIGHT="28">
							<String ID="string_128" HPOS="170" VPOS="756" WIDTH="33" HEIGHT="21" WC="0.93" CONTENT="Hr"/><SP WIDTH="22" VPOS="756" HPOS="203"/>
							<String ID="string_129" HPOS="225" VPOS="756" WIDTH="136" HEIGHT="21" WC="0.91" CONTENT="Stenroth"/><SP WIDTH="22" VPOS="756" HPOS="361"/>
							<String ID="string_130" HPOS="383" VPOS="757" WIDTH="97" HEIGHT="21" WC="0.96" CONTENT="anmälde"/><SP WIDTH="18" VPOS="757" HPOS="480"/>
							<String ID="string_131" HPOS="498" VPOS="759" WIDTH="31" HEIGHT="19" WC="0.96" CONTENT="att"/><SP WIDTH="14" VPOS="759" HPOS="529"/>
							<String ID="string_132" HPOS="543" VPOS="757" WIDTH="41" HEIGHT="20" WC="0.96" CONTENT="han"/><SP WIDTH="15" VPOS="757" HPOS="584"/>
							<String ID="string_133" HPOS="599" VPOS="757" WIDTH="47" HEIGHT="21" WC="0.96" CONTENT="icke"/><SP WIDTH="14" VPOS="757" HPOS="646"/>
							<String ID="string_134" HPOS="660" VPOS="757" WIDTH="49" HEIGHT="20" WC="0.96" CONTENT="med"/><SP WIDTH="15" VPOS="757" HPOS="709"/>
							<String ID="string_135" HPOS="724" VPOS="757" WIDTH="33" HEIGHT="20" WC="0.96" CONTENT="sin"/><SP WIDTH="15" VPOS="757" HPOS="757"/>
							<String ID="string_136" HPOS="772" VPOS="758" WIDTH="43" HEIGHT="19" WC="0.96" CONTENT="röst"/><SP WIDTH="14" VPOS="758" HPOS="815"/>
							<String ID="string_137" HPOS="829" VPOS="756" WIDTH="91" HEIGHT="28" WC="0.96" CONTENT="bidragit"/>
						</TextLine>
						<TextLine ID="line_18" HPOS="102" VPOS="785" WIDTH="330" HEIGHT="21">
							<String ID="string_138" HPOS="102" VPOS="785" WIDTH="32" HEIGHT="20" WC="0.95" CONTENT="till"/><SP WIDTH="16" VPOS="785" HPOS="134"/>
							<String ID="string_139" HPOS="150" VPOS="785" WIDTH="35" HEIGHT="20" WC="0.95" CONTENT="det"/><SP WIDTH="14" VPOS="785" HPOS="185"/>
							<String ID="string_140" HPOS="199" VPOS="792" WIDTH="30" HEIGHT="13" WC="0.96" CONTENT="nu"/><SP WIDTH="15" VPOS="792" HPOS="229"/>
							<String ID="string_141" HPOS="244" VPOS="785" WIDTH="78" HEIGHT="21" WC="0.96" CONTENT="fattade"/><SP WIDTH="14" VPOS="785" HPOS="322"/>
							<String ID="string_142" HPOS="336" VPOS="785" WIDTH="96" HEIGHT="21" WC="0.95" CONTENT="beslutet."/>
						</TextLine>
					</TextBlock>
				</ComposedBlock>
				<ComposedBlock ID="cblock_6" HPOS="102" VPOS="847" WIDTH="820" HEIGHT="227">
					<TextBlock ID="block_6" HPOS="102" VPOS="847" WIDTH="820" HEIGHT="227">
						<TextLine ID="line_19" HPOS="168" VPOS="847" WIDTH="752" HEIGHT="28">
							<String ID="string_143" HPOS="168" VPOS="847" WIDTH="100" HEIGHT="22" WC="0.96" CONTENT="Härefter"/><SP WIDTH="20" VPOS="847" HPOS="268"/>
							<String ID="string_144" HPOS="288" VPOS="847" WIDTH="63" HEIGHT="22" WC="0.96" CONTENT="skred"/><SP WIDTH="23" VPOS="847" HPOS="351"/>
							<String ID="string_145" HPOS="374" VPOS="847" WIDTH="83" HEIGHT="22" WC="0.96" CONTENT="ståndet"/><SP WIDTH="21" VPOS="847" HPOS="457"/>
							<String ID="string_146" HPOS="478" VPOS="848" WIDTH="31" HEIGHT="21" WC="0.95" CONTENT="till"/><SP WIDTH="23" VPOS="848" HPOS="509"/>
							<String ID="string_147" HPOS="532" VPOS="848" WIDTH="130" HEIGHT="27" WC="0.95" CONTENT="omröstning"/><SP WIDTH="24" VPOS="848" HPOS="662"/>
							<String ID="string_148" HPOS="686" VPOS="847" WIDTH="128" HEIGHT="21" WC="0.95" CONTENT="beträffande"/><SP WIDTH="19" VPOS="847" HPOS="814"/>
							<String ID="string_149" HPOS="833" VPOS="847" WIDTH="26" HEIGHT="20" WC="0.96" CONTENT="hr"/><SP WIDTH="19" VPOS="847" HPOS="859"/>
							<String ID="string_150" HPOS="878" VPOS="853" WIDTH="42" HEIGHT="15" WC="0.96" CONTENT="von"/>
						</TextLine>
						<TextLine ID="line_20" HPOS="102" VPOS="875" WIDTH="818" HEIGHT="28">
							<String ID="string_151" HPOS="102" VPOS="875" WIDTH="81" HEIGHT="22" WC="0.91" CONTENT="Pfalers"/><SP WIDTH="20" VPOS="875" HPOS="183"/>
							<String ID="string_152" HPOS="203" VPOS="876" WIDTH="78" HEIGHT="27" WC="0.96" CONTENT="förslag"/><SP WIDTH="15" VPOS="876" HPOS="281"/>
							<String ID="string_153" HPOS="296" VPOS="878" WIDTH="30" HEIGHT="18" WC="0.96" CONTENT="att"/><SP WIDTH="21" VPOS="878" HPOS="326"/>
							<String ID="string_154" HPOS="347" VPOS="877" WIDTH="5" HEIGHT="19" WC="0.90" CONTENT="1"/><SP WIDTH="16" VPOS="877" HPOS="352"/>
							<String ID="string_155" HPOS="368" VPOS="882" WIDTH="62" HEIGHT="14" WC="0.95" CONTENT="mom."/><SP WIDTH="24" VPOS="882" HPOS="430"/>
							<String ID="string_156" HPOS="454" VPOS="876" WIDTH="67" HEIGHT="21" WC="0.93" CONTENT="skulle"/><SP WIDTH="22" VPOS="876" HPOS="521"/>
							<String ID="string_157" HPOS="543" VPOS="876" WIDTH="161" HEIGHT="21" WC="0.91" CONTENT="återremitteras"/><SP WIDTH="21" VPOS="876" HPOS="704"/>
							<String ID="string_158" HPOS="725" VPOS="876" WIDTH="33" HEIGHT="21" WC="0.96" CONTENT="för"/><SP WIDTH="19" VPOS="876" HPOS="758"/>
							<String ID="string_159" HPOS="777" VPOS="878" WIDTH="30" HEIGHT="18" WC="0.96" CONTENT="att"/><SP WIDTH="18" VPOS="878" HPOS="807"/>
							<String ID="string_160" HPOS="825" VPOS="875" WIDTH="95" HEIGHT="27" WC="0.95" CONTENT="undergå"/>
						</TextLine>
						<TextLine ID="line_21" HPOS="103" VPOS="904" WIDTH="819" HEIGHT="28">
							<String ID="string_161" HPOS="103" VPOS="904" WIDTH="89" HEIGHT="28" WC="0.95" CONTENT="ändring"/><SP WIDTH="16" VPOS="904" HPOS="192"/>
							<String ID="string_162" HPOS="208" VPOS="904" WIDTH="84" HEIGHT="27" WC="0.96" CONTENT="därhän,"/><SP WIDTH="15" VPOS="904" HPOS="292"/>
							<String ID="string_163" HPOS="307" VPOS="906" WIDTH="30" HEIGHT="20" WC="0.93" CONTENT="att"/><SP WIDTH="15" VPOS="906" HPOS="337"/>
							<String ID="string_164" HPOS="352" VPOS="904" WIDTH="115" HEIGHT="28" WC="0.92" CONTENT="afgittsfritt"/><SP WIDTH="14" VPOS="904" HPOS="467"/>
							<String ID="string_165" HPOS="481" VPOS="904" WIDTH="128" HEIGHT="28" WC="0.96" CONTENT="upplåtande"/><SP WIDTH="19" VPOS="904" HPOS="609"/>
							<String ID="string_166" HPOS="628" VPOS="904" WIDTH="21" HEIGHT="21" WC="0.93" CONTENT="af"/><SP WIDTH="15" VPOS="904" HPOS="649"/>
							<String ID="string_167" HPOS="664" VPOS="904" WIDTH="113" HEIGHT="28" WC="0.92" CONTENT="kronojord"/><SP WIDTH="14" VPOS="904" HPOS="777"/>
							<String ID="string_168" HPOS="791" VPOS="904" WIDTH="47" HEIGHT="20" WC="0.96" CONTENT="icke"/><SP WIDTH="16" VPOS="904" HPOS="838"/>
							<String ID="string_169" HPOS="854" VPOS="904" WIDTH="68" HEIGHT="21" WC="0.96" CONTENT="skulle"/>
						</TextLine>
						<TextLine ID="line_22" HPOS="102" VPOS="932" WIDTH="820" HEIGHT="28">
							<String ID="string_170" HPOS="102" VPOS="932" WIDTH="157" HEIGHT="28" WC="0.91" CONTENT="ifrågakomma,"/><SP WIDTH="15" VPOS="932" HPOS="259"/>
							<String ID="string_171" HPOS="274" VPOS="939" WIDTH="49" HEIGHT="15" WC="0.97" CONTENT="men"/><SP WIDTH="15" VPOS="939" HPOS="323"/>
							<String ID="string_172" HPOS="338" VPOS="935" WIDTH="35" HEIGHT="25" WC="0.96" CONTENT="att,"/><SP WIDTH="16" VPOS="935" HPOS="373"/>
							<String ID="string_173" HPOS="389" VPOS="933" WIDTH="37" HEIGHT="21" WC="0.96" CONTENT="där"/><SP WIDTH="15" VPOS="933" HPOS="426"/>
							<String ID="string_174" HPOS="441" VPOS="934" WIDTH="102" HEIGHT="20" WC="0.96" CONTENT="särskilda"/><SP WIDTH="12" VPOS="934" HPOS="543"/>
							<String ID="string_175" HPOS="555" VPOS="933" WIDTH="179" HEIGHT="27" WC="0.96" CONTENT="omständigheter"/><SP WIDTH="10" VPOS="933" HPOS="734"/>
							<String ID="string_176" HPOS="744" VPOS="932" WIDTH="109" HEIGHT="28" WC="0.93" CONTENT="påkallade"/><SP WIDTH="11" VPOS="932" HPOS="853"/>
							<String ID="string_177" HPOS="864" VPOS="932" WIDTH="58" HEIGHT="21" WC="0.92" CONTENT="med-"/>
						</TextLine>
						<TextLine ID="line_23" HPOS="103" VPOS="960" WIDTH="819" HEIGHT="29">
							<String ID="string_178" HPOS="103" VPOS="961" WIDTH="99" HEIGHT="28" WC="0.90" CONTENT="gifvande"/><SP WIDTH="15" VPOS="961" HPOS="202"/>
							<String ID="string_179" HPOS="217" VPOS="961" WIDTH="21" HEIGHT="21" WC="0.95" CONTENT="af"/><SP WIDTH="14" VPOS="961" HPOS="238"/>
							<String ID="string_180" HPOS="252" VPOS="962" WIDTH="120" HEIGHT="27" WC="0.96" CONTENT="ytterligare"/><SP WIDTH="22" VPOS="962" HPOS="372"/>
							<String ID="string_181" HPOS="394" VPOS="962" WIDTH="111" HEIGHT="27" WC="0.96" CONTENT="förmåner,"/><SP WIDTH="23" VPOS="962" HPOS="505"/>
							<String ID="string_182" HPOS="528" VPOS="962" WIDTH="74" HEIGHT="21" WC="0.96" CONTENT="sådant"/><SP WIDTH="19" VPOS="962" HPOS="602"/>
							<String ID="string_183" HPOS="621" VPOS="961" WIDTH="71" HEIGHT="21" WC="0.96" CONTENT="kunde"/><SP WIDTH="15" VPOS="961" HPOS="692"/>
							<String ID="string_184" HPOS="707" VPOS="962" WIDTH="88" HEIGHT="26" WC="0.96" CONTENT="beviljas"/><SP WIDTH="14" VPOS="962" HPOS="795"/>
							<String ID="string_185" HPOS="809" VPOS="962" WIDTH="8" HEIGHT="19" WC="0.96" CONTENT="i"/><SP WIDTH="15" VPOS="962" HPOS="817"/>
							<String ID="string_186" HPOS="832" VPOS="961" WIDTH="54" HEIGHT="21" WC="0.95" CONTENT="form"/><SP WIDTH="15" VPOS="961" HPOS="886"/>
							<String ID="string_187" HPOS="901" VPOS="960" WIDTH="21" HEIGHT="21" WC="0.95" CONTENT="af"/>
						</TextLine>
						<TextLine ID="line_24" HPOS="102" VPOS="989" WIDTH="819" HEIGHT="29">
							<String ID="string_188" HPOS="102" VPOS="990" WIDTH="102" HEIGHT="27" WC="0.92" CONTENT="frihetsår,"/><SP WIDTH="22" VPOS="990" HPOS="204"/>
							<String ID="string_189" HPOS="226" VPOS="990" WIDTH="81" HEIGHT="21" WC="0.96" CONTENT="hvilkas"/><SP WIDTH="21" VPOS="990" HPOS="307"/>
							<String ID="string_190" HPOS="328" VPOS="990" WIDTH="117" HEIGHT="21" WC="0.96" CONTENT="maximum"/><SP WIDTH="20" VPOS="990" HPOS="445"/>
							<String ID="string_191" HPOS="465" VPOS="990" WIDTH="118" HEIGHT="28" WC="0.79" CONTENT="ständerna|"/><SP WIDTH="15" VPOS="990" HPOS="583"/>
							<String ID="string_192" HPOS="598" VPOS="990" WIDTH="54" HEIGHT="21" WC="0.93" CONTENT="dock"/><SP WIDTH="14" VPOS="990" HPOS="652"/>
							<String ID="string_193" HPOS="666" VPOS="990" WIDTH="53" HEIGHT="27" WC="0.93" CONTENT="egde"/><SP WIDTH="15" VPOS="990" HPOS="719"/>
							<String ID="string_194" HPOS="734" VPOS="990" WIDTH="125" HEIGHT="26" WC="0.95" CONTENT="bestämma;"/><SP WIDTH="23" VPOS="990" HPOS="859"/>
							<String ID="string_195" HPOS="882" VPOS="989" WIDTH="39" HEIGHT="21" WC="0.96" CONTENT="och"/>
						</TextLine>
						<TextLine ID="line_25" HPOS="102" VPOS="1018" WIDTH="819" HEIGHT="28">
							<String ID="string_196" HPOS="102" VPOS="1018" WIDTH="121" HEIGHT="22" WC="0.92" CONTENT="framstälde"/><SP WIDTH="22" VPOS="1018" HPOS="223"/>
							<String ID="string_197" HPOS="245" VPOS="1018" WIDTH="25" HEIGHT="21" WC="0.96" CONTENT="hr"/><SP WIDTH="21" VPOS="1018" HPOS="270"/>
							<String ID="string_198" HPOS="291" VPOS="1019" WIDTH="122" HEIGHT="21" WC="0.95" CONTENT="talmannen"/><SP WIDTH="22" VPOS="1019" HPOS="413"/>
							<String ID="string_199" HPOS="435" VPOS="1019" WIDTH="7" HEIGHT="20" WC="0.95" CONTENT="i"/><SP WIDTH="18" VPOS="1019" HPOS="442"/>
							<String ID="string_200" HPOS="460" VPOS="1018" WIDTH="75" HEIGHT="22" WC="0.95" CONTENT="sådant"/><SP WIDTH="14" VPOS="1018" HPOS="535"/>
							<String ID="string_201" HPOS="549" VPOS="1018" WIDTH="99" HEIGHT="22" WC="0.95" CONTENT="afseende"/><SP WIDTH="15" VPOS="1018" HPOS="648"/>
							<String ID="string_202" HPOS="663" VPOS="1018" WIDTH="93" HEIGHT="28" WC="0.93" CONTENT="följande"/><SP WIDTH="15" VPOS="1018" HPOS="756"/>
							<String ID="string_203" HPOS="771" VPOS="1018" WIDTH="150" HEIGHT="27" WC="0.90" CONTENT="omröstnings-"/>
						</TextLine>
						<TextLine ID="line_26" HPOS="103" VPOS="1048" WIDTH="137" HEIGHT="26">
							<String ID="string_204" HPOS="103" VPOS="1048" WIDTH="137" HEIGHT="26" WC="0.95" CONTENT="proposition:"/>
						</TextLine>
					</TextBlock>
				</ComposedBlock>
				<ComposedBlock ID="cblock_7" HPOS="101" VPOS="1108" WIDTH="820" HEIGHT="143">
					<TextBlock ID="block_7" HPOS="101" VPOS="1108" WIDTH="820" HEIGHT="86">
						<TextLine ID="line_27" HPOS="170" VPOS="1108" WIDTH="751" HEIGHT="29">
							<String ID="string_205" HPOS="170" VPOS="1109" WIDTH="34" HEIGHT="22" WC="0.95" CONTENT="De"/><SP WIDTH="15" VPOS="1109" HPOS="204"/>
							<String ID="string_206" HPOS="219" VPOS="1109" WIDTH="75" HEIGHT="22" WC="0.95" CONTENT="hvilka"/><SP WIDTH="14" VPOS="1109" HPOS="294"/>
							<String ID="string_207" HPOS="308" VPOS="1109" WIDTH="10" HEIGHT="21" WC="0.96" CONTENT="i"/><SP WIDTH="14" VPOS="1109" HPOS="318"/>
							<String ID="string_208" HPOS="332" VPOS="1109" WIDTH="72" HEIGHT="22" WC="0.96" CONTENT="denna"/><SP WIDTH="14" VPOS="1109" HPOS="404"/>
							<String ID="string_209" HPOS="418" VPOS="1110" WIDTH="35" HEIGHT="21" WC="0.96" CONTENT="del"/><SP WIDTH="12" VPOS="1110" HPOS="453"/>
							<String ID="string_210" HPOS="465" VPOS="1109" WIDTH="116" HEIGHT="28" WC="0.93" CONTENT="godkänna"/><SP WIDTH="14" VPOS="1109" HPOS="581"/>
							<String ID="string_211" HPOS="595" VPOS="1110" WIDTH="178" HEIGHT="25" WC="0.91" CONTENT="reservanternes,"/><SP WIDTH="23" VPOS="1110" HPOS="773"/>
							<String ID="string_212" HPOS="796" VPOS="1109" WIDTH="29" HEIGHT="27" WC="0.96" CONTENT="af"/><SP WIDTH="10" VPOS="1109" HPOS="825"/>
							<String ID="string_213" HPOS="835" VPOS="1108" WIDTH="86" HEIGHT="21" WC="0.96" CONTENT="ståndet"/>
						</TextLine>
						<TextLine ID="line_28" HPOS="103" VPOS="1137" WIDTH="815" HEIGHT="29">
							<String ID="string_214" HPOS="103" VPOS="1138" WIDTH="118" HEIGHT="28" WC="0.96" CONTENT="omfattade"/><SP WIDTH="14" VPOS="1138" HPOS="221"/>
							<String ID="string_215" HPOS="235" VPOS="1137" WIDTH="83" HEIGHT="28" WC="0.96" CONTENT="förslag"/><SP WIDTH="15" VPOS="1137" HPOS="318"/>
							<String ID="string_216" HPOS="333" VPOS="1138" WIDTH="36" HEIGHT="20" WC="0.96" CONTENT="till"/><SP WIDTH="15" VPOS="1138" HPOS="369"/>
							<String ID="string_217" HPOS="384" VPOS="1138" WIDTH="77" HEIGHT="28" WC="0.96" CONTENT="lydelse"/><SP WIDTH="20" VPOS="1138" HPOS="461"/>
							<String ID="string_218" HPOS="481" VPOS="1138" WIDTH="36" HEIGHT="27" WC="0.96" CONTENT="för"/><SP WIDTH="14" VPOS="1138" HPOS="517"/>
							<String ID="string_219" HPOS="531" VPOS="1139" WIDTH="11" HEIGHT="20" WC="0.95" CONTENT="1"/><SP WIDTH="15" VPOS="1139" HPOS="542"/>
							<String ID="string_220" HPOS="557" VPOS="1145" WIDTH="64" HEIGHT="14" WC="0.92" CONTENT="mom."/><SP WIDTH="17" VPOS="1145" HPOS="621"/>
							<String ID="string_221" HPOS="638" VPOS="1137" WIDTH="148" HEIGHT="28" WC="0.91" CONTENT="oförändradt,"/><SP WIDTH="23" VPOS="1137" HPOS="786"/>
							<String ID="string_222" HPOS="809" VPOS="1139" WIDTH="58" HEIGHT="19" WC="0.96" CONTENT="rösta"/><SP WIDTH="10" VPOS="1139" HPOS="867"/>
							<String ID="string_223" HPOS="877" VPOS="1137" WIDTH="41" HEIGHT="28" WC="0.96" CONTENT="ja;"/>
						</TextLine>
						<TextLine ID="line_29" HPOS="101" VPOS="1167" WIDTH="353" HEIGHT="27">
							<String ID="string_224" HPOS="101" VPOS="1167" WIDTH="32" HEIGHT="26" WC="0.96" CONTENT="de,"/><SP WIDTH="15" VPOS="1167" HPOS="133"/>
							<String ID="string_225" HPOS="148" VPOS="1167" WIDTH="35" HEIGHT="20" WC="0.96" CONTENT="det"/><SP WIDTH="13" VPOS="1167" HPOS="183"/>
							<String ID="string_226" HPOS="196" VPOS="1167" WIDTH="45" HEIGHT="20" WC="0.96" CONTENT="icke"/><SP WIDTH="14" VPOS="1167" HPOS="241"/>
							<String ID="string_227" HPOS="255" VPOS="1169" WIDTH="59" HEIGHT="25" WC="0.96" CONTENT="göra,"/><SP WIDTH="17" VPOS="1169" HPOS="314"/>
							<String ID="string_228" HPOS="331" VPOS="1168" WIDTH="60" HEIGHT="18" WC="0.95" CONTENT="rösta"/><SP WIDTH="14" VPOS="1168" HPOS="391"/>
							<String ID="string_229" HPOS="405" VPOS="1167" WIDTH="49" HEIGHT="27" WC="0.94" CONTENT="nej;"/>
						</TextLine>
					</TextBlock>
					<TextBlock ID="block_8" HPOS="101" VPOS="1194" WIDTH="817" HEIGHT="57">
						<TextLine ID="line_30" HPOS="170" VPOS="1194" WIDTH="748" HEIGHT="28">
							<String ID="string_230" HPOS="170" VPOS="1194" WIDTH="79" HEIGHT="21" WC="0.95" CONTENT="vinner"/><SP WIDTH="21" VPOS="1194" HPOS="249"/>
							<String ID="string_231" HPOS="270" VPOS="1195" WIDTH="42" HEIGHT="27" WC="0.95" CONTENT="nej,"/><SP WIDTH="20" VPOS="1195" HPOS="312"/>
							<String ID="string_232" HPOS="332" VPOS="1194" WIDTH="42" HEIGHT="21" WC="0.92" CONTENT="har"/><SP WIDTH="20" VPOS="1194" HPOS="374"/>
							<String ID="string_233" HPOS="394" VPOS="1194" WIDTH="174" HEIGHT="28" WC="0.88" CONTENT="borgareståndet"/><SP WIDTH="23" VPOS="1194" HPOS="568"/>
							<String ID="string_234" HPOS="591" VPOS="1194" WIDTH="88" HEIGHT="21" WC="0.88" CONTENT="beslutit"/><SP WIDTH="18" VPOS="1194" HPOS="679"/>
							<String ID="string_235" HPOS="697" VPOS="1194" WIDTH="157" HEIGHT="21" WC="0.88" CONTENT="återremittera"/><SP WIDTH="17" VPOS="1194" HPOS="854"/>
							<String ID="string_236" HPOS="871" VPOS="1200" WIDTH="47" HEIGHT="14" WC="0.92" CONTENT="mo-"/>
						</TextLine>
						<TextLine ID="line_31" HPOS="101" VPOS="1223" WIDTH="526" HEIGHT="28">
							<String ID="string_237" HPOS="101" VPOS="1225" WIDTH="81" HEIGHT="19" WC="0.93" CONTENT="mentet"/><SP WIDTH="14" VPOS="1225" HPOS="182"/>
							<String ID="string_238" HPOS="196" VPOS="1224" WIDTH="10" HEIGHT="20" WC="0.90" CONTENT="i"/><SP WIDTH="14" VPOS="1224" HPOS="206"/>
							<String ID="string_239" HPOS="220" VPOS="1223" WIDTH="34" HEIGHT="21" WC="0.96" CONTENT="det"/><SP WIDTH="14" VPOS="1223" HPOS="254"/>
							<String ID="string_240" HPOS="268" VPOS="1223" WIDTH="56" HEIGHT="28" WC="0.96" CONTENT="syfte"/><SP WIDTH="16" VPOS="1223" HPOS="324"/>
							<String ID="string_241" HPOS="340" VPOS="1223" WIDTH="27" HEIGHT="21" WC="0.89" CONTENT="hr"/><SP WIDTH="15" VPOS="1223" HPOS="367"/>
							<String ID="string_242" HPOS="382" VPOS="1230" WIDTH="42" HEIGHT="14" WC="0.93" CONTENT="von"/><SP WIDTH="15" VPOS="1230" HPOS="424"/>
							<String ID="string_243" HPOS="439" VPOS="1223" WIDTH="76" HEIGHT="27" WC="0.92" CONTENT="Pfaler"/><SP WIDTH="11" VPOS="1223" HPOS="515"/>
							<String ID="string_244" HPOS="526" VPOS="1223" WIDTH="101" HEIGHT="28" WC="0.92" CONTENT="påyrkat."/>
						</TextLine>
					</TextBlock>
				</ComposedBlock>
				<ComposedBlock ID="cblock_8" HPOS="101" VPOS="1279" WIDTH="817" HEIGHT="85">
					<TextBlock ID="block_9" HPOS="101" VPOS="1279" WIDTH="817" HEIGHT="85">
						<TextLine ID="line_32" HPOS="170" VPOS="1279" WIDTH="748" HEIGHT="27">
							<String ID="string_245" HPOS="170" VPOS="1280" WIDTH="159" HEIGHT="26" WC="0.95" CONTENT="Propositionen"/><SP WIDTH="14" VPOS="1280" HPOS="329"/>
							<String ID="string_246" HPOS="343" VPOS="1280" WIDTH="125" HEIGHT="20" WC="0.96" CONTENT="besvarades"/><SP WIDTH="10" VPOS="1280" HPOS="468"/>
							<String ID="string_247" HPOS="478" VPOS="1280" WIDTH="49" HEIGHT="21" WC="0.93" CONTENT="med"/><SP WIDTH="10" VPOS="1280" HPOS="527"/>
							<String ID="string_248" HPOS="537" VPOS="1280" WIDTH="154" HEIGHT="26" WC="0.92" CONTENT="öfvervägande"/><SP WIDTH="10" VPOS="1280" HPOS="691"/>
							<String ID="string_249" HPOS="701" VPOS="1280" WIDTH="27" HEIGHT="26" WC="0.96" CONTENT="ja,"/><SP WIDTH="15" VPOS="1280" HPOS="728"/>
							<String ID="string_250" HPOS="743" VPOS="1279" WIDTH="31" HEIGHT="21" WC="0.96" CONTENT="till"/><SP WIDTH="9" VPOS="1279" HPOS="774"/>
							<String ID="string_251" HPOS="783" VPOS="1279" WIDTH="52" HEIGHT="27" WC="0.96" CONTENT="följd"/><SP WIDTH="10" VPOS="1279" HPOS="835"/>
							<String ID="string_252" HPOS="845" VPOS="1279" WIDTH="73" HEIGHT="21" WC="0.96" CONTENT="hvaraf"/>
						</TextLine>
						<TextLine ID="line_33" HPOS="102" VPOS="1307" WIDTH="816" HEIGHT="28">
							<String ID="string_253" HPOS="102" VPOS="1310" WIDTH="169" HEIGHT="20" WC="0.90" CONTENT="reservanternas"/><SP WIDTH="15" VPOS="1310" HPOS="271"/>
							<String ID="string_254" HPOS="286" VPOS="1308" WIDTH="77" HEIGHT="27" WC="0.96" CONTENT="förslag"/><SP WIDTH="15" VPOS="1308" HPOS="363"/>
							<String ID="string_255" HPOS="378" VPOS="1308" WIDTH="32" HEIGHT="21" WC="0.96" CONTENT="till"/><SP WIDTH="14" VPOS="1308" HPOS="410"/>
							<String ID="string_256" HPOS="424" VPOS="1307" WIDTH="81" HEIGHT="28" WC="0.96" CONTENT="lydelse"/><SP WIDTH="10" VPOS="1307" HPOS="505"/>
							<String ID="string_257" HPOS="515" VPOS="1308" WIDTH="34" HEIGHT="21" WC="0.96" CONTENT="för"/><SP WIDTH="18" VPOS="1308" HPOS="549"/>
							<String ID="string_258" HPOS="567" VPOS="1308" WIDTH="3" HEIGHT="20" WC="0.90" CONTENT="I"/><SP WIDTH="11" VPOS="1308" HPOS="570"/>
							<String ID="string_259" HPOS="581" VPOS="1314" WIDTH="57" HEIGHT="14" WC="0.96" CONTENT="mom"/><SP WIDTH="10" VPOS="1314" HPOS="638"/>
							<String ID="string_260" HPOS="648" VPOS="1308" WIDTH="8" HEIGHT="20" WC="0.93" CONTENT="i"/><SP WIDTH="10" VPOS="1308" HPOS="656"/>
							<String ID="string_261" HPOS="666" VPOS="1308" WIDTH="137" HEIGHT="20" WC="0.92" CONTENT="ofvannämdt"/><SP WIDTH="10" VPOS="1308" HPOS="803"/>
							<String ID="string_262" HPOS="813" VPOS="1307" WIDTH="105" HEIGHT="25" WC="0.96" CONTENT="afseende,"/>
						</TextLine>
						<TextLine ID="line_34" HPOS="101" VPOS="1336" WIDTH="241" HEIGHT="28">
							<String ID="string_263" HPOS="101" VPOS="1336" WIDTH="22" HEIGHT="21" WC="0.96" CONTENT="af"/><SP WIDTH="15" VPOS="1336" HPOS="123"/>
							<String ID="string_264" HPOS="138" VPOS="1336" WIDTH="82" HEIGHT="22" WC="0.96" CONTENT="ståndet"/><SP WIDTH="15" VPOS="1336" HPOS="220"/>
							<String ID="string_265" HPOS="235" VPOS="1337" WIDTH="107" HEIGHT="27" WC="0.96" CONTENT="godkänts."/>
						</TextLine>
					</TextBlock>
				</ComposedBlock>
				<ComposedBlock ID="cblock_9" HPOS="101" VPOS="1392" WIDTH="819" HEIGHT="141">
					<TextBlock ID="block_10" HPOS="101" VPOS="1392" WIDTH="819" HEIGHT="141">
						<TextLine ID="line_35" HPOS="169" VPOS="1392" WIDTH="750" HEIGHT="26">
							<String ID="string_266" HPOS="169" VPOS="1392" WIDTH="50" HEIGHT="20" WC="0.91" CONTENT="Med"/><SP WIDTH="22" VPOS="1392" HPOS="219"/>
							<String ID="string_267" HPOS="241" VPOS="1392" WIDTH="150" HEIGHT="20" WC="0.91" CONTENT="föranledande"/><SP WIDTH="23" VPOS="1392" HPOS="391"/>
							<String ID="string_268" HPOS="414" VPOS="1392" WIDTH="20" HEIGHT="20" WC="0.97" CONTENT="af"/><SP WIDTH="20" VPOS="1392" HPOS="434"/>
							<String ID="string_269" HPOS="454" VPOS="1392" WIDTH="25" HEIGHT="19" WC="0.92" CONTENT="hr"/><SP WIDTH="20" VPOS="1392" HPOS="479"/>
							<String ID="string_270" HPOS="499" VPOS="1392" WIDTH="109" HEIGHT="26" WC="0.88" CONTENT="Enebergs"/><SP WIDTH="14" VPOS="1392" HPOS="608"/>
							<String ID="string_271" HPOS="622" VPOS="1392" WIDTH="78" HEIGHT="26" WC="0.96" CONTENT="förslag"/><SP WIDTH="15" VPOS="1392" HPOS="700"/>
							<String ID="string_272" HPOS="715" VPOS="1398" WIDTH="34" HEIGHT="13" WC="0.96" CONTENT="om"/><SP WIDTH="16" VPOS="1398" HPOS="749"/>
							<String ID="string_273" HPOS="765" VPOS="1392" WIDTH="117" HEIGHT="19" WC="0.95" CONTENT="återremiss"/><SP WIDTH="15" VPOS="1392" HPOS="882"/>
							<String ID="string_274" HPOS="897" VPOS="1392" WIDTH="22" HEIGHT="19" WC="0.96" CONTENT="af"/>
						</TextLine>
						<TextLine ID="line_36" HPOS="101" VPOS="1418" WIDTH="818" HEIGHT="28">
							<String ID="string_275" HPOS="101" VPOS="1419" WIDTH="159" HEIGHT="27" WC="0.91" CONTENT="ifrägavarande"/><SP WIDTH="15" VPOS="1419" HPOS="260"/>
							<String ID="string_276" HPOS="275" VPOS="1426" WIDTH="62" HEIGHT="14" WC="0.96" CONTENT="mom."/><SP WIDTH="15" VPOS="1426" HPOS="337"/>
							<String ID="string_277" HPOS="352" VPOS="1420" WIDTH="8" HEIGHT="19" WC="0.96" CONTENT="i"/><SP WIDTH="15" VPOS="1420" HPOS="360"/>
							<String ID="string_278" HPOS="375" VPOS="1419" WIDTH="55" HEIGHT="27" WC="0.93" CONTENT="syfte"/><SP WIDTH="16" VPOS="1419" HPOS="430"/>
							<String ID="string_279" HPOS="446" VPOS="1420" WIDTH="29" HEIGHT="19" WC="0.92" CONTENT="ätt"/><SP WIDTH="15" VPOS="1420" HPOS="475"/>
							<String ID="string_280" HPOS="490" VPOS="1420" WIDTH="116" HEIGHT="20" WC="0.92" CONTENT="detsamma"/><SP WIDTH="14" VPOS="1420" HPOS="606"/>
							<String ID="string_281" HPOS="620" VPOS="1419" WIDTH="68" HEIGHT="20" WC="0.96" CONTENT="skulle"/><SP WIDTH="16" VPOS="1419" HPOS="688"/>
							<String ID="string_282" HPOS="704" VPOS="1418" WIDTH="75" HEIGHT="21" WC="0.93" CONTENT="ändras"/><SP WIDTH="16" VPOS="1418" HPOS="779"/>
							<String ID="string_283" HPOS="795" VPOS="1419" WIDTH="78" HEIGHT="19" WC="0.92" CONTENT="därhän"/><SP WIDTH="16" VPOS="1419" HPOS="873"/>
							<String ID="string_284" HPOS="889" VPOS="1420" WIDTH="30" HEIGHT="19" WC="0.96" CONTENT="att"/>
						</TextLine>
						<TextLine ID="line_37" HPOS="101" VPOS="1446" WIDTH="818" HEIGHT="28">
							<String ID="string_285" HPOS="101" VPOS="1448" WIDTH="63" HEIGHT="20" WC="0.88" CONTENT="äfven"/><SP WIDTH="23" VPOS="1448" HPOS="164"/>
							<String ID="string_286" HPOS="187" VPOS="1448" WIDTH="79" HEIGHT="20" WC="0.88" CONTENT="sädana"/><SP WIDTH="20" VPOS="1448" HPOS="266"/>
							<String ID="string_287" HPOS="286" VPOS="1447" WIDTH="81" HEIGHT="21" WC="0.92" CONTENT="kronan"/><SP WIDTH="17" VPOS="1447" HPOS="367"/>
							<String ID="string_288" HPOS="384" VPOS="1446" WIDTH="106" HEIGHT="28" WC="0.92" CONTENT="tillhöriga"/><SP WIDTH="14" VPOS="1446" HPOS="490"/>
							<String ID="string_289" HPOS="504" VPOS="1453" WIDTH="81" HEIGHT="15" WC="0.91" CONTENT="mossar"/><SP WIDTH="15" VPOS="1453" HPOS="585"/>
							<String ID="string_290" HPOS="600" VPOS="1447" WIDTH="39" HEIGHT="21" WC="0.93" CONTENT="och"/><SP WIDTH="14" VPOS="1447" HPOS="639"/>
							<String ID="string_291" HPOS="653" VPOS="1447" WIDTH="54" HEIGHT="26" WC="0.90" CONTENT="kärr,"/><SP WIDTH="22" VPOS="1447" HPOS="707"/>
							<String ID="string_292" HPOS="729" VPOS="1452" WIDTH="46" HEIGHT="16" WC="0.93" CONTENT="som"/><SP WIDTH="14" VPOS="1452" HPOS="775"/>
							<String ID="string_293" HPOS="789" VPOS="1446" WIDTH="46" HEIGHT="21" WC="0.93" CONTENT="icke"/><SP WIDTH="15" VPOS="1446" HPOS="835"/>
							<String ID="string_294" HPOS="850" VPOS="1446" WIDTH="69" HEIGHT="20" WC="0.92" CONTENT="blifvit"/>
						</TextLine>
						<TextLine ID="line_38" HPOS="102" VPOS="1475" WIDTH="818" HEIGHT="28">
							<String ID="string_295" HPOS="102" VPOS="1475" WIDTH="27" HEIGHT="28" WC="0.96" CONTENT="pä"/><SP WIDTH="14" VPOS="1475" HPOS="129"/>
							<String ID="string_296" HPOS="143" VPOS="1475" WIDTH="48" HEIGHT="22" WC="0.92" CONTENT="dess"/><SP WIDTH="15" VPOS="1475" HPOS="191"/>
							<String ID="string_297" HPOS="206" VPOS="1475" WIDTH="125" HEIGHT="22" WC="0.92" CONTENT="beskostnad"/><SP WIDTH="15" VPOS="1475" HPOS="331"/>
							<String ID="string_298" HPOS="346" VPOS="1475" WIDTH="112" HEIGHT="28" WC="0.92" CONTENT="torrlagda,"/><SP WIDTH="13" VPOS="1475" HPOS="458"/>
							<String ID="string_299" HPOS="471" VPOS="1475" WIDTH="56" HEIGHT="28" WC="0.93" CONTENT="finge"/><SP WIDTH="16" VPOS="1475" HPOS="527"/>
							<String ID="string_300" HPOS="543" VPOS="1475" WIDTH="21" HEIGHT="21" WC="0.93" CONTENT="ät"/><SP WIDTH="14" VPOS="1475" HPOS="564"/>
							<String ID="string_301" HPOS="578" VPOS="1475" WIDTH="82" HEIGHT="21" WC="0.92" CONTENT="enskild"/><SP WIDTH="15" VPOS="1475" HPOS="660"/>
							<String ID="string_302" HPOS="675" VPOS="1481" WIDTH="77" HEIGHT="21" WC="0.93" CONTENT="person"/><SP WIDTH="10" VPOS="1481" HPOS="752"/>
							<String ID="string_303" HPOS="762" VPOS="1475" WIDTH="95" HEIGHT="27" WC="0.92" CONTENT="försäljas"/><SP WIDTH="10" VPOS="1475" HPOS="857"/>
							<String ID="string_304" HPOS="867" VPOS="1475" WIDTH="53" HEIGHT="21" WC="0.94" CONTENT="eller"/>
						</TextLine>
						<TextLine ID="line_39" HPOS="101" VPOS="1503" WIDTH="764" HEIGHT="30">
							<String ID="string_305" HPOS="101" VPOS="1504" WIDTH="103" HEIGHT="29" WC="0.93" CONTENT="upplåtas,"/><SP WIDTH="15" VPOS="1504" HPOS="204"/>
							<String ID="string_306" HPOS="219" VPOS="1504" WIDTH="131" HEIGHT="22" WC="0.93" CONTENT="framstäldes"/><SP WIDTH="15" VPOS="1504" HPOS="350"/>
							<String ID="string_307" HPOS="365" VPOS="1504" WIDTH="99" HEIGHT="27" WC="0.96" CONTENT="slutligen"/><SP WIDTH="15" VPOS="1504" HPOS="464"/>
							<String ID="string_308" HPOS="479" VPOS="1503" WIDTH="92" HEIGHT="28" WC="0.93" CONTENT="följande"/><SP WIDTH="16" VPOS="1503" HPOS="571"/>
							<String ID="string_309" HPOS="587" VPOS="1504" WIDTH="278" HEIGHT="27" WC="0.62" CONTENT="omröstningsproposition:"/>
						</TextLine>
					</TextBlock>
				</ComposedBlock>
				<GraphicalElement ID="cblock_10" HPOS="1066" VPOS="1430" WIDTH="2" HEIGHT="331"></GraphicalElement >
			</PrintSpace>
		</Page>
	</Layout>
</alto>
