1075 1761
186 130 41 19 258
393 134 177 21 Borgareständet
582 134 53 17 1891.
659 135 27 16 24
697 134 51 18 febr.

160 213 23 20 ät
196 215 169 25 guvernörernes
379 212 184 28 förgodtfinnande
577 213 30 20 att
621 212 123 27 bestämma,
761 213 39 19 när
809 211 103 22 värdshus
924 211 60 21 skola

160 241 118 28 tillstängas
293 241 38 21 och
347 242 30 19 att
391 240 79 27 bevilja
484 242 30 20 ett
528 240 103 21 värdshus
642 242 41 19 rätt
693 242 31 19 att
733 239 56 22 hålla
800 240 99 21 dörrarne
908 240 74 27 längre

160 271 70 26 öppna
251 271 27 19 än
294 271 29 20 ett
338 270 70 20 annat.
436 269 34 21 Då
485 269 112 21 ständerna
613 275 29 14 nu
657 269 93 27 lagstifta
764 269 90 21 rörande
869 268 114 28 öppenhål-

160 298 73 21 landet
254 298 21 20 af
296 297 246 27 utminuteringsställen,
564 303 63 21 synes
642 297 36 21 det
692 297 45 27 mig
751 298 30 20 att
794 298 8 20 i
818 297 70 21 denna
902 296 82 22 förord-

160 326 52 28 ning
233 326 63 21 äfven
317 326 73 21 kunde
412 326 50 27 ingå
484 328 29 19 ett
535 326 87 20 allmänt
644 325 116 28 stadgande
782 325 89 22 rörande
889 325 42 21 den
946 324 37 27 tid,

160 354 121 22 hvarunder
302 354 104 22 värdshus
427 354 40 21 och
482 354 65 21 andra
562 354 230 28 utskänkningsställen
807 354 21 21 få
842 360 51 15 vara
907 355 76 26 öppna.

160 383 41 28 Jag
223 384 38 20 har
282 383 63 21 äfven
362 384 40 20 sett
416 384 30 20 att
459 383 9 20 i
482 382 205 22 bränvinskomiténs
701 382 79 28 förslag
794 382 61 28 ingår
870 384 29 20 ett
915 382 69 27 dylikt

160 412 121 27 stadgande.
311 411 44 21 Där
369 411 94 27 föreslås,
478 413 30 19 att
522 411 41 21 alla
578 411 230 27 utskänkningsställen
823 410 59 22 skola
897 412 86 25 stängas

160 440 27 21 kl.
211 440 12 21 6
246 446 16 15 e.
285 447 27 14 m.
341 439 38 21 Ett
399 440 23 21 sä
444 439 90 22 radikalt
549 439 39 22 och
603 439 116 28 opraktiskt
733 439 79 28 förslag
826 439 37 21 vill
878 440 34 27 jag
928 439 54 21 dock

159 468 48 21 icke
229 475 50 14 vara
300 469 49 21 med
372 475 40 21 om,
434 468 27 21 dä
476 469 40 26 det,
532 468 68 21 säsom
615 468 72 27 kändt,
702 470 23 19 är
740 468 78 21 allmän
832 467 105 28 landssed,
953 469 30 20 att

160 497 42 21 den
224 497 23 20 sä
268 497 84 21 kallade
377 497 94 21 «totinen
493 497 58 21 aika»
576 497 70 26 börjar
667 497 52 20 först
740 497 36 20 vid
796 497 58 21 detta
868 496 115 28 klockslag.

159 525 50 22 Men
227 527 30 20 ett
271 525 117 28 stadgande
402 525 8 21 i
425 525 58 22 detta
497 526 55 27 syfte
567 525 68 22 skulle
651 525 54 21 dock
719 525 107 28 behöfvas,
842 525 39 22 och
895 525 38 21 har
947 525 37 27 jag

160 554 59 21 tänkt
233 554 44 28 mig
291 556 30 19 att
336 556 30 19 ett
380 553 95 29 generelt
489 554 76 21 sädant
578 553 72 22 kunde
665 554 27 27 gä
706 555 24 20 ut
744 554 27 27 pä
786 555 30 20 att
831 553 41 22 alla
881 553 102 22 utskänk-

160 583 138 26 ningsställen
313 583 59 20 skola
387 584 85 26 stängas
486 583 28 20 kl.
532 583 32 20 12.
593 582 50 21 Men
658 583 34 20 för
706 584 30 19 att
752 583 54 20 dock
821 582 73 21 därvid
908 582 75 20 kunna

158 611 8 21 i
181 611 70 27 någon
265 611 51 21 män
331 610 111 28 tillgodose
462 611 56 21 olika
533 610 189 22 samhällsklassers
738 610 88 28 tidigare
841 610 52 22 eller
907 616 75 15 senare

158 638 154 27 lefnadsvanor,
327 639 69 21 skulle
411 639 36 21 det
461 640 51 20 bero
527 639 26 28 pä
568 641 133 26 guvernören
716 640 36 26 att,
762 640 27 27 pä
799 639 73 21 därom
882 639 21 21 af
915 639 68 21 stads-

159 668 132 28 fullmäktige
313 668 39 21 och
374 668 108 27 magistrat
497 668 59 27 gjord
571 668 161 28 framställning,
746 668 78 27 bevilja
839 674 27 15 en
881 667 34 22 del
930 668 53 20 eller

159 696 42 21 alla
220 697 103 20 värdshus
345 696 99 27 rättighet
459 698 29 20 att
503 696 55 22 hälla
573 696 100 22 dörrarne
689 698 69 26 öppna
772 702 75 16 senare
861 696 28 28 pä
902 698 80 25 natten,

158 724 89 22 likasom
262 725 13 21 å
289 724 66 22 andra
370 724 61 22 sidan
446 726 30 20 att
490 724 122 28 bestämma,
627 724 105 22 huruvida
747 725 42 21 alla
804 724 51 22 eller
868 731 27 15 en
903 724 35 21 del
948 726 34 19 ut-

158 753 206 28 skänkningsställen
386 753 60 21 skola
467 755 84 25 stängas
573 753 36 21 vid
630 760 27 14 en
672 753 88 27 tidigare
775 754 79 20 timme.
883 753 11 21 I
908 753 73 27 hvarje

158 781 101 22 händelse
281 788 62 14 anser
363 782 35 27 jag
419 784 30 19 att
464 782 62 21 äfven
541 782 84 21 stadens
640 782 149 28 myndigheter
803 782 51 21 böra
868 782 64 21 hafva
946 782 37 21 sitt

158 810 37 21 ord
217 810 49 22 med
281 810 8 21 i
303 810 57 28 laget
382 810 39 21 och
436 812 30 20 att
481 810 36 22 det
530 810 47 22 icke
591 810 44 21 helt
650 810 40 21 och
703 810 66 22 hållet
783 810 43 21 kan
840 810 142 22 öfverlämnas

158 838 21 22 ät
193 840 144 26 guvernörens
352 838 105 28 godtycke
472 840 31 20 att
518 840 62 20 äfven
595 840 107 26 gentemot
717 839 41 21 alla
773 839 136 21 kommunala
919 846 62 20 myn-

158 867 105 27 digheters
278 867 109 21 utlåtande
402 867 117 22 bestämma
534 868 35 21 det
583 874 41 14 ena
639 867 52 21 eller
705 868 66 20 andra
785 867 135 28 klockslaget.
940 867 41 27 Jag

158 902 62 14 anser
241 895 24 21 sä
285 896 87 26 mycket
393 902 59 15 mera
470 895 45 22 skäl
530 895 101 28 föreligga
646 897 30 20 att
689 895 70 22 införa
774 897 29 20 ett
817 896 116 27 stadgande
948 897 33 19 rö-

157 923 66 22 rande
246 924 142 21 värdshusens
403 924 173 27 öppenhällande,
591 930 46 15 som
651 930 50 15 man
716 924 49 21 med
781 924 45 21 skäl
840 925 43 20 kan
897 923 85 22 förebrä

158 952 41 22 den
219 953 131 21 närvarande
372 952 267 28 bränvinslagstiftningen,
660 954 29 20 att
709 953 42 21 den
769 953 66 22 stiftat
849 954 84 26 stränga
948 959 33 15 re-

157 981 120 21 striktioner
298 981 33 21 för
353 981 42 21 alla
416 981 80 21 sädana
510 981 108 27 värdshus,
633 988 46 14 som
694 981 89 22 besökas
798 982 183 26 hufvudsakligast

157 1009 21 21 af
200 1010 27 20 de
249 1009 138 21 obemedlade
405 1010 40 20 och
460 1010 184 26 arbetareklassen,
659 1010 110 21 hvaremot
784 1010 32 26 de,
831 1016 46 15 som
892 1010 89 21 besökas

157 1037 21 21 af
201 1038 26 20 de
240 1044 59 15 mera
314 1038 111 26 förmögna
440 1038 39 20 och
494 1038 85 21 bildade
593 1038 114 26 klasserna,
723 1038 22 20 fä
759 1038 67 21 hällas
841 1040 69 25 öppna
924 1038 56 20 huru

157 1066 63 27 länge
241 1072 46 14 som
301 1066 61 20 hälst.
391 1065 28 21 Vi
433 1066 67 21 mäste
516 1072 22 15 se
553 1066 32 21 till
600 1068 30 19 att
645 1066 21 20 vi
680 1066 47 21 icke
742 1066 58 21 stifta
814 1066 66 28 nägra
893 1066 88 21 klassla-

156 1100 46 21 gar;
219 1094 50 27 vilja
284 1094 21 21 vi
319 1094 33 21 för
367 1100 27 15 en
410 1094 34 21 del
459 1094 21 21 af
494 1094 151 28 befolkningen
655 1094 69 22 införa
733 1095 151 27 restriktioner,
895 1094 25 22 sä
929 1095 52 21 böra

156 1122 21 20 vi
192 1122 63 22 äfven
269 1129 51 15 vara
335 1122 92 21 beredda
442 1122 28 28 pä
484 1125 30 19 att
528 1122 72 28 föregä
614 1122 49 22 med
678 1123 51 27 godt
744 1123 98 27 exempel
852 1124 39 20 och
902 1123 79 21 under-

156 1150 61 22 kasta
231 1157 34 14 oss
281 1151 48 21 dem
344 1150 34 21 för
392 1157 54 21 egen
462 1150 39 22 del.

224 1178 48 21 Den
294 1181 55 18 mest
371 1179 215 28 anmärkningsvärda
606 1179 94 26 nyheten
717 1179 9 20 i
740 1179 37 22 det
790 1186 30 14 nu
835 1179 144 28 föreliggande

155 1207 101 28 förslaget
277 1209 25 19 är
321 1207 48 27 den,
390 1214 45 15 som
449 1207 61 28 ingär
524 1208 8 20 i
547 1207 12 28 $
575 1208 33 27 10,
623 1207 110 28 angäende
748 1207 147 28 fördelningen
911 1207 21 21 af
946 1209 33 20 ut-

154 1235 150 28 minuterings-
325 1236 39 20 och
379 1235 256 28 utskänkningsbolagens
650 1237 61 20 vinst.
741 1235 46 22 Här
800 1236 88 21 föresläs
903 1237 30 20 att
947 1235 33 22 för

156 1263 113 22 framtiden
284 1264 75 21 endast
373 1266 31 20 tre
420 1264 144 22 ättondedelar
579 1264 45 21 utaf
639 1264 61 22 dessa
715 1264 74 28 bolags
804 1265 56 21 vinst
875 1264 68 21 skulle
958 1265 23 20 fä

155 1292 108 20 användas
284 1292 33 20 till
331 1292 80 20 sädana
425 1293 104 25 ändamäl,
544 1293 33 20 för
590 1292 72 21 hvilka
677 1293 26 20 de
717 1293 67 20 hittils
798 1293 70 21 blifvit
882 1293 98 26 dispone-

154 1319 57 26 rade,
234 1319 18 20 d.
275 1327 19 13 v.
316 1325 15 15 s.
346 1319 33 21 till
394 1319 154 28 befrämjandet
562 1320 22 21 af
597 1319 141 27 nykterheten
754 1320 40 22 och
808 1320 41 21 den
864 1320 115 21 arbetande

157 1347 162 27 befolkningens
340 1347 65 21 bästa.
434 1347 12 20 I
465 1348 69 20 stället
551 1347 95 21 förordas
661 1348 8 20 i
682 1349 157 26 propositionen
854 1350 30 19 att
898 1348 80 21 hälften

154 1376 23 21 af
191 1375 48 22 hela
254 1376 84 21 vinsten
353 1375 54 22 skall
422 1375 82 22 tillfalla
519 1375 273 22 kommunikationsfonden
808 1376 38 21 och
858 1376 122 29 därutöfver

154 1411 27 15 en
197 1404 122 22 åttondedel
333 1404 92 21 tilldelas
440 1404 156 29 hushållnings-
611 1404 39 22 och
664 1405 249 28 landtbrukssällskapen.
939 1405 39 21 Äf-

154 1439 42 15 ven
216 1433 8 21 i
244 1433 206 22 bränvinskomiténs
476 1433 133 22 betänkande
633 1433 61 28 ingår
720 1435 30 21 ett
770 1434 100 21 liknande
894 1434 83 27 förslag.

154 1461 61 22 Dock
234 1462 39 21 har
290 1468 50 15 man
358 1462 38 21 där
415 1462 33 21 till
465 1462 101 28 bolagens
581 1462 40 21 och
635 1463 109 21 städernas
760 1463 123 28 disposition
897 1463 80 21 lämnat

154 1490 43 22 fem
217 1490 146 22 åttondedelar
382 1490 21 22 af
421 1491 85 22 vinsten
523 1492 40 21 och
581 1490 90 29 anslagit
687 1494 71 20 resten
779 1492 45 22 dels
849 1492 21 21 åt
885 1492 93 21 hushåll-

154 1519 189 28 ningssällskapen,
369 1519 45 22 dels
441 1520 32 21 till
497 1520 121 28 fördelning
643 1521 91 22 emellan
754 1521 223 22 landskommunerna.
