1089 1764
207 136 40 20 510
414 141 174 20 Borgareståndet
601 143 53 16 1891.
679 143 8 15 1
700 141 57 21 april.

180 223 48 24 taga
247 226 45 14 mer
313 222 27 18 än
361 226 27 14 en
409 220 101 26 tredjedel
525 220 21 20 af
559 220 82 20 landets
656 220 61 26 areal,
739 220 24 20 sä
777 219 105 21 förefaller
897 220 35 20 det
947 226 45 14 som

180 255 34 14 om
229 248 100 21 utskottet
344 248 53 20 dock
412 248 53 20 hade
480 248 96 21 förutsatt
590 248 38 20 hos
643 248 111 20 ständerna
769 254 27 14 en
808 248 62 26 något
882 249 43 19 stor
934 248 58 26 själf-

179 276 119 27 försakelse,
322 276 26 21 dä
363 276 35 21 det
420 278 63 24 antog
498 278 29 19 att
542 276 25 21 de
582 279 50 18 utan
647 276 71 20 vidare
734 276 67 20 skulle
816 276 49 27 vilja
880 276 70 21 lämna
964 283 27 15 en

179 305 23 21 sä
217 305 113 21 vidsträckt
344 304 98 21 fullmakt
457 304 21 21 ät
492 305 123 27 regeringen
633 304 125 21 beträffande
774 311 26 14 en
815 304 23 21 sä
850 304 94 28 betydlig
957 305 34 21 del

180 334 20 20 af
214 334 76 20 landet.
307 346 27 2 —
348 333 62 21 Hvad
425 333 64 21 sedan
505 333 96 21 beträffar
621 332 74 28 själfva
710 333 98 27 förslaget
823 332 31 22 till
868 333 123 28 förordning

179 363 7 19 i
202 364 75 25 ämnet,
292 368 46 15 som
353 362 21 20 af
388 362 100 20 utskottet
502 362 121 27 föreslagits,
639 361 23 21 sä
676 362 65 20 mäste
756 362 35 26 jag
805 362 8 20 i
827 362 56 20 detta
893 362 98 21 afseende

179 393 93 19 närmast
286 391 83 21 ansluta
384 390 42 27 mig
442 390 30 21 till
488 390 39 21 den
542 390 133 23 reservation,
691 397 46 14 som
751 390 82 27 ätföljer
845 390 145 22 betänkandet.

179 419 60 21 Dock
254 425 62 22 synes
332 419 35 21 det
381 419 43 27 mig
439 421 29 19 att
483 419 34 21 det
531 419 8 20 i
554 419 165 21 reservationens
737 418 65 21 första
816 418 57 21 kläm
887 419 104 27 ingäende

180 448 121 26 uttalandet,
324 450 29 18 att
374 447 111 21 ständerna
505 448 49 20 med
571 447 106 21 tillförsikt
691 449 66 19 motse
773 449 29 19 att
815 447 86 27 möjliga
916 448 76 27 princi-

178 476 63 28 piella
255 476 145 27 förändringar
415 476 126 21 beträffande
556 476 174 26 kronojordarnes
745 476 122 26 disposition
882 476 59 20 skola
953 482 39 14 un-

180 505 108 21 derställas
303 504 123 21 ständernas
441 504 102 28 pröfning,
564 504 38 20 bör
617 504 84 27 skärpas
720 504 125 20 ätminstone
860 504 23 20 sä
897 504 31 21 till
944 504 48 21 vida

180 536 30 19 att
224 534 56 20 detta
294 533 54 21 skall
362 534 74 26 utgöra
451 540 27 14 en
492 533 147 27 förutsättning
652 533 33 20 för
699 532 122 21 ständernas
839 533 117 27 antagande
971 533 21 20 af

180 562 70 21 denna
269 562 127 27 förordning,
418 568 34 14 om
473 568 49 14 man
542 561 47 21 icke
611 561 36 21 vill
667 561 27 27 gå
715 561 23 20 sä
758 561 58 27 långt
831 563 29 19 att
874 562 35 20 det
924 561 68 21 skulle

180 590 113 28 uppställas
314 590 69 20 säsom
402 592 28 19 ett
445 590 73 26 vilkor,
538 590 80 20 hvilket
633 590 58 20 torde
707 596 50 14 vara
771 589 112 28 olämpligt.
912 590 79 20 Vidare

180 620 41 20 kan
243 620 35 26 jag
298 619 46 20 icke
365 619 111 27 godkänna
497 618 34 20 det
551 618 8 20 i
577 618 99 27 förslaget
690 618 110 20 förordade
816 618 109 27 afgiftsfria
940 625 52 20 upp-

179 648 93 20 lätandet
294 647 20 21 af
332 647 118 27 kronojord,
472 646 79 21 hvilket
565 647 105 21 förefaller
684 647 44 27 mig
743 646 110 28 oformligt.
883 647 69 21 Priset
965 646 27 28 pä

178 676 75 27 jorden
268 676 41 20 kan
324 682 50 14 vara
389 678 64 18 större
469 675 51 21 eller
533 675 88 28 mindre,
635 682 50 14 men
699 675 64 27 nägot
772 675 66 21 mäste
849 676 35 20 det
895 676 33 20 väl
938 676 54 20 dock

179 705 58 20 alltid
253 711 54 14 vara.
329 704 44 21 Och
388 711 34 14 om
437 704 7 20 i
459 704 100 20 särskilda
573 704 38 21 fall
626 704 203 27 omständigheterna
840 704 71 21 kunde
922 704 69 20 föran-

179 733 47 21 leda
241 733 119 27 beviljande
372 733 22 20 af
403 732 119 27 ytterligare
533 732 110 27 förmäner,
658 732 23 20 sä
690 732 71 20 kunde
771 732 23 27 ju
805 733 60 20 dessa
876 733 115 27 medgifvas

178 762 8 19 i
200 762 55 20 form
270 761 20 20 af
305 761 102 26 frihetsär,
422 761 81 20 hvilkas
517 762 117 19 maximum
649 761 54 20 dock
717 760 64 21 borde
797 761 20 21 af
832 761 112 21 ständerna
955 761 36 20 be-

179 792 103 18 stämmas.
313 789 103 27 Slutligen
437 796 63 20 synes
520 789 43 27 mig
585 789 62 21 också
661 789 8 20 i
683 789 133 27 lagförslaget
837 790 51 20 böra
902 789 89 27 antydas

181 818 27 27 på
223 818 55 20 hvad
293 819 39 19 sätt
348 818 25 20 de
388 818 8 20 i
411 818 114 20 detsamma
540 818 111 20 omnämda
673 817 148 27 lägenheterna
836 818 58 20 skola
909 818 83 20 anteck-

179 852 39 14 nas
233 846 7 20 i
256 846 25 20 de
296 846 139 28 jordregister,
458 852 33 14 om
506 846 61 20 hvars
587 846 110 20 införande
712 846 114 27 stadgande
840 846 60 27 ingår
914 846 8 20 i
936 846 55 27 jord-

180 874 165 28 delningslagen.
368 874 30 21 På
413 874 40 21 alla
469 874 60 21 dessa
543 874 50 27 skäl,
609 881 44 14 som
668 874 35 27 jag
717 874 44 21 haft
771 877 50 18 äran
831 875 77 26 anföra,
924 874 67 22 skulle

178 904 36 26 jag
228 903 52 27 yrka
294 903 27 27 på
337 903 149 21 betänkandets
501 902 117 22 återremiss
629 903 30 20 till
672 902 105 28 utskottet,
792 903 32 21 för
834 905 29 19 att
873 903 117 21 omarbetas

179 932 57 20 såväl
251 932 7 20 i
273 932 99 20 afseende
387 932 12 20 å
413 932 116 20 motiverna
544 938 45 14 som
604 931 73 27 själfva
692 931 113 27 lagtexten.

246 1016 33 21 Hr
300 1016 139 21 Forsman:
470 1015 33 21 Då
523 1017 36 27 jag
580 1016 21 21 af
622 1016 181 27 borgareståndets
825 1016 137 22 medlemmar
983 1018 8 19 i

179 1045 198 20 ekonomiutskottet
392 1046 23 18 är
429 1044 41 20 den
486 1045 58 25 ende,
559 1051 45 14 som
620 1044 95 21 omfattat
729 1045 111 20 utskottets
852 1045 138 27 betänkande,

179 1073 23 20 så
217 1073 93 20 anhåller
324 1073 35 27 jag
373 1074 30 19 att
417 1072 31 20 till
464 1079 26 14 en
510 1073 72 27 början
596 1073 22 20 få
631 1072 97 28 klargöra
743 1073 168 27 skiljaktigheten
927 1074 63 20 emel-

178 1102 36 20 lan
229 1101 110 21 utskottets
354 1101 39 21 och
408 1103 167 19 reservanternes
590 1101 137 27 formulering
742 1102 21 20 af
777 1101 157 27 ifrågavarande
946 1102 44 26 lag-

178 1130 83 27 förslag.
282 1129 11 21 I
309 1130 12 26 $
337 1130 12 20 2
365 1129 21 21 af
400 1129 124 27 skogslagen
539 1130 88 26 stadgas,
643 1131 29 19 att
687 1136 34 14 om
733 1130 58 20 inom
800 1130 92 20 kronans
907 1130 83 27 ,skogs-

178 1158 88 26 marker,
281 1158 87 20 säframt
383 1157 25 21 de
423 1158 18 26 ej
458 1158 67 20 blifvit
541 1158 19 20 af
575 1159 87 19 senaten
676 1158 33 20 för
722 1158 142 26 kronoparker
872 1158 118 21 förklarade

178 1187 39 20 och
238 1186 8 20 i
268 1186 69 20 denna
359 1186 105 26 egenskap
484 1186 114 20 bibehällas
621 1185 50 21 eller
693 1186 82 26 pröfvas
798 1186 68 20 därtill
882 1186 108 28 behöflige,

178 1214 68 21 finnes
260 1214 52 27 jord,
328 1220 45 14 som
388 1215 23 19 är
424 1214 75 27 tjänlig
508 1214 32 20 till
551 1214 109 27 äkerbruk,
674 1214 38 20 bör
722 1214 122 21 densamma
853 1214 54 21 ifrän
918 1215 72 27 skogs-

178 1243 87 21 marken
285 1243 95 26 utbrytas
402 1244 53 19 samt
470 1243 69 20 säsom
553 1243 97 27 nybygge
667 1243 51 20 eller
732 1243 112 27 kronotorp
860 1243 20 21 ät
895 1243 95 21 enskilda

179 1277 99 22 personer
300 1271 128 21 öfverlätas*.
457 1271 48 20 Den
519 1271 51 26 jord,
593 1277 45 15 som
653 1271 88 20 sålunda
756 1271 32 20 för
803 1271 71 28 odling
889 1272 101 27 utbrytes,

179 1299 52 20 skall
248 1299 32 20 väl
294 1299 8 19 i
316 1299 27 20 de
358 1299 60 20 flesta
432 1299 36 20 fall
490 1301 83 24 utgöras
596 1300 21 19 af
631 1301 65 18 större
712 1300 204 26 sammanhängande
931 1300 59 19 kom-

178 1327 79 26 plexer,
272 1333 46 14 som
332 1327 73 20 kunna
418 1326 81 21 indelas
514 1326 31 21 till
559 1326 113 27 nybyggen
688 1327 51 20 eller
750 1327 122 27 kronotorp;
887 1333 50 15 men
949 1327 41 21 den

178 1355 42 20 kan
242 1354 63 22 ocksä
326 1355 98 20 stundom
440 1361 48 14 vara
503 1354 22 21 af
539 1354 22 21 sä
575 1354 52 22 liten
641 1355 55 26 vidd,
719 1357 29 18 att
763 1355 39 20 den
818 1355 46 21 icke
880 1362 64 21 egnar
959 1356 31 27 sig

177 1384 33 20 för
229 1383 243 28 nybyggosauläggning,
494 1383 39 21 och
554 1383 32 21 för
605 1383 74 21 sådant
692 1383 37 21 fall
744 1383 124 22 förbehålles
882 1391 31 14 nu
926 1385 8 20 i
948 1384 42 21 för-

177 1412 202 27 fattningsförslaget
393 1412 80 21 kronan
488 1413 40 19 rätt
543 1412 28 21 att
586 1412 68 21 säsom
667 1412 186 28 skattelägenheter
864 1413 21 21 ät
894 1413 96 21 enskilda

177 1447 99 22 personer
290 1441 85 28 upplåta
390 1441 72 26 dylika
476 1440 81 21 mindre
571 1441 140 27 jordstycken,
724 1454 27 2 —
761 1443 30 20 ett
805 1441 123 28 förfarande,
944 1449 45 14 som

178 1470 68 21 skulle
266 1470 84 21 komma
371 1470 7 20 i
398 1469 58 28 fräga
478 1469 62 21 äfven
561 1470 27 21 dä
610 1469 21 22 af
648 1471 64 20 större
727 1470 101 22 utbrutna
841 1471 148 27 jordomräden

178 1499 84 21 komme
284 1500 30 20 att
334 1499 76 21 äterstä
423 1499 81 20 mindre
518 1498 59 28 bitar,
599 1499 71 20 hvilka
685 1499 18 27 ej
719 1499 113 28 lämpligen
846 1500 70 21 kunde
931 1500 58 21 inbe-

178 1528 69 27 gripas
261 1527 8 20 i
284 1527 26 22 de
325 1527 12 21 &
352 1528 61 20 dessa
427 1527 100 20 områden
542 1527 89 28 anlagda
645 1527 120 28 nybyggen.
787 1528 33 21 Då
834 1535 29 14 nu
874 1529 60 20 dessa
944 1529 45 20 små
