1075 1764
322 134 178 21 Borgareståndet
513 134 51 17 1891.
588 134 23 17 12
622 137 61 13 mars.
844 127 41 21 401

90 214 96 22 verifikat
206 214 21 20 af
249 214 124 22 domstolen.
402 213 51 22 Men
474 214 56 21 detta
545 213 68 21 skulle
628 213 33 21 för
675 212 113 28 åklagaren
803 212 108 22 förorsaka

89 242 121 27 betydande
225 242 79 21 besvär.
334 242 33 21 Då
381 242 90 21 domstol
486 242 89 28 afgifver
588 241 139 28 förteckning,
742 242 39 20 har
795 241 42 21 den
852 241 60 27 bety-

91 271 57 21 delse
164 272 51 20 utan
230 270 100 27 verifikat,
345 276 50 16 men
410 270 27 21 då
451 270 98 28 åklagare
564 272 38 26 gör
617 270 41 27 det,
668 270 23 20 så
700 270 67 21 måste
779 271 41 20 han
829 269 83 29 bilägga

91 299 129 21 domstolens
234 299 147 21 förordnande.

159 356 34 20 Hr
207 356 145 20 Stänbäck:
368 356 33 21 Hr
415 355 118 22 Serlachius
544 356 73 27 tyckes
625 362 50 15 anse
683 357 30 19 att
721 356 26 20 de
754 355 160 29 ifrågavarande

92 384 184 28 förteckningarna
298 384 65 22 borde
385 384 94 22 utfärdas
494 385 21 20 af
529 385 101 21 domaren
650 385 39 20 och
703 384 48 21 icke
766 384 21 21 af
802 384 112 28 åklagaren

92 413 26 27 på
134 412 35 22 det
183 413 86 21 medlen
283 412 65 22 måtte
363 413 73 21 kunna
451 415 94 25 uttagas;
560 419 51 15 men
625 414 114 26 meningen
747 413 50 21 med
805 413 60 21 dessa
872 411 43 23 för-

92 441 123 27 teckningar
233 444 23 18 är
270 441 116 27 ingalunda
401 443 30 19 att
446 441 26 21 de
487 442 59 20 skola
561 442 58 26 tjäna
636 442 68 20 såsom
715 441 138 26 exekutorial,
863 444 51 18 utan

92 470 56 21 afses
163 470 48 20 med
227 470 184 28 bestämningarna
425 470 7 21 i
448 470 100 28 förslaget
562 470 31 21 till
603 470 126 28 kungörelse
740 472 30 19 att
782 472 133 26 guvernören

91 498 54 22 skall
161 498 79 21 erhålla
255 498 151 22 underrättelse
423 506 35 14 om
472 499 62 21 hvem
550 505 46 16 som
611 498 38 21 bör
663 500 76 20 ersätta
755 498 26 22 de
793 498 121 22 utbetalade

93 528 121 21 förskotten.
245 527 42 21 Går
307 527 35 22 det
361 528 79 21 därhän
455 530 30 19 att
498 528 85 21 medlen
599 527 51 22 böra
664 528 111 21 exekutivt
789 529 88 26 uttagas,
892 527 24 21 så

93 556 67 22 måste
175 556 69 27 utslag
258 556 68 22 finnas
341 556 32 21 till
388 557 67 20 hands
470 557 33 20 för
518 559 30 19 att
562 556 122 22 exekveras:

161 612 34 22 Då
216 613 66 27 ingen
304 613 73 21 vidare
398 613 71 22 anhöll
489 620 35 14 om
539 614 59 21 ordet
614 614 38 20 och
668 613 147 21 diskussionen
829 613 87 21 härmed

93 642 112 21 förklarats
228 642 96 27 afslutad,
347 641 121 22 framstälde
485 643 26 19 hr
525 642 127 26 talmannen,
667 642 27 27 på
708 641 70 28 grund
793 641 22 21 af
829 642 26 21 de
871 641 46 21 där-

94 670 69 21 under
178 670 73 28 gjorda
266 670 127 27 yrkandena,
408 670 93 28 följande
517 670 281 28 omröstningsproposition
789 666 12 36 :

163 727 39 26 De,
219 727 75 20 hvilka
308 727 117 28 godkänna
439 727 111 22 utskottets
572 727 143 28 förevarande
737 727 178 27 resolutionsför-

94 755 48 28 slag
156 755 10 21 i
180 755 121 28 anledning
317 755 29 28 af
356 755 104 28 förslaget
475 755 34 22 till
524 756 124 28 kungörelse
667 755 6 21 i
680 755 80 28 ämnet,
770 757 59 19 rösta
833 755 40 28 ja;
885 755 32 27 de,

96 784 35 21 det
144 784 46 21 icke
202 786 60 26 göra,
276 786 60 19 rösta
351 784 47 28 nej;

165 813 80 20 vinner
266 813 42 28 nej,
328 813 43 21 har
392 813 174 28 borgareständet
587 813 92 26 beslutit,
700 815 34 19 att
754 811 81 23 sådant
855 814 60 20 utta-

97 841 69 27 lande,
182 849 48 14 som
244 841 101 22 utskottet
359 841 50 22 däri
424 841 118 28 föreslagit,
555 841 45 22 icke
614 841 56 22 skall
684 848 39 21 ega
738 848 57 15 rum.

164 898 44 21 Vid
229 898 106 21 värkstäld
357 899 97 27 votering
469 899 94 27 afgåfvos
578 899 28 20 24
620 899 21 26 ja
656 899 39 20 och
711 899 26 20 26
753 898 41 28 nej,
810 898 39 21 och
863 898 55 21 hade

97 926 83 21 ståndet
188 927 81 21 således
279 927 85 21 beslutit
370 929 29 19 att
405 927 66 27 något
477 927 108 21 uttalande
593 927 47 20 från
648 927 124 21 ständernas
780 927 59 20 sida
830 922 10 37 i
847 927 72 20 anled-

97 955 52 27 ning
164 955 21 21 af
200 955 36 22 det
249 955 8 21 i
272 955 77 28 nådiga
363 956 156 27 propositionen
533 955 105 28 ingående
650 955 78 27 förslag
739 955 31 21 till
783 972 8 11 ,,
792 955 125 28 kungörelse

97 990 35 15 om
152 984 56 20 hvad
231 990 46 14 som
299 986 23 18 är
336 986 31 19 att
381 984 92 27 iakttaga
487 984 49 21 med
551 984 99 21 afseende
666 984 12 20 å
692 983 144 21 utbetalandet
851 983 21 21 af
887 990 31 14 er-

97 1012 117 28 sättningar
237 1012 44 21 utaf
302 1012 107 21 allmänna
430 1013 71 20 medel
519 1013 20 20 åt
554 1012 73 21 vitnen
641 1012 7 20 i
663 1012 110 21 brottmål"
788 1012 46 21 icke
849 1012 69 20 skulle

98 1047 39 21 ega
151 1047 53 14 rum.
235 1040 45 22 Och
294 1041 87 21 härmed
399 1047 37 14 var
453 1041 146 27 lagutskottets
614 1040 132 22 betänkande
761 1040 88 21 rörande
864 1040 55 21 före-

97 1069 91 21 varande
203 1069 59 27 fråga
277 1069 175 21 slutbehandladt.

165 1182 118 28 Föredrogs
298 1183 44 27 lag-
357 1184 39 20 och
411 1184 209 20 ekonomiutskottets
636 1182 131 22 betänkande
783 1188 34 15 n:o
833 1183 12 19 1
861 1182 7 20 i
883 1188 37 14 an-

98 1211 87 27 ledning
206 1212 22 20 af
242 1212 77 27 nådiga
333 1212 156 27 propositionen
504 1218 34 14 n:o
555 1212 11 20 1
583 1210 109 28 angående
708 1210 85 28 delning
808 1210 21 21 af
843 1210 76 28 jordlä-

98 1240 101 28 genheter
215 1240 39 20 och
269 1247 35 14 om
318 1240 99 27 legoaftal
431 1240 90 20 rörande
535 1240 47 27 jord
597 1240 27 26 på
638 1240 76 21 landet.

167 1296 30 22 På
219 1296 79 28 förslag
319 1296 21 21 af
362 1296 35 21 hrr
419 1293 99 25 Öhman
541 1296 39 22 och
602 1296 104 28 Elving
721 1296 43 21 blef
778 1294 143 22 betänkandet

98 1325 118 21 emellertid
232 1325 54 27 ånyo
303 1324 110 28 bordlagdt
428 1325 31 21 till
475 1327 58 19 nästa
547 1325 91 27 plenum.

167 1437 119 28 Föredrogs
302 1438 106 20 allmänna
419 1437 197 22 besvärsutskottets
627 1437 35 20 vid
673 1439 82 19 senaste
763 1436 86 27 plenum
859 1436 63 21 bord-

99 1465 64 28 lagda
182 1466 134 21 betänkande
336 1473 34 14 n:o
387 1466 11 21 5
414 1465 7 21 i
436 1465 114 28 anledning
566 1465 21 22 af
602 1467 29 20 ett
645 1465 7 20 i
666 1464 154 29 prästeståndet
833 1465 89 28 ingifvet

100 1495 210 27 petitionsmemorial
332 1501 35 15 om
389 1495 136 21 tillsättandet
546 1495 22 20 af
582 1501 27 14 en
623 1494 79 21 komité
716 1495 33 20 för
764 1495 30 20 att
808 1494 73 27 pröfva
896 1493 25 21 de

101 1523 205 28 missförhållanden,
321 1530 46 15 som
383 1523 65 21 vållas
464 1524 20 20 af
499 1523 152 28 emigrationen
666 1523 32 20 till
712 1522 107 23 Amerika.

166 1564 32 16 N:o
214 1568 24 17 13.
832 1561 22 18 26
