1700 1925
646 214 177 21 Borgareståndet
837 215 52 16 1891.
915 215 21 16 16
949 219 60 12 mars.
1170 208 41 20 445

418 295 106 21 arvoisten
546 295 140 26 määräalojen
706 295 75 20 välillä.
811 294 26 21 Ei
852 294 61 21 voine
928 294 116 26 myöskään
1059 294 70 20 laskea
1145 293 93 27 epäilyk-

417 329 40 14 sen
472 323 102 26 alaiseksi,
589 323 66 20 kuten
669 322 159 21 valiokuntakin
844 322 183 27 perustelmissaan
1044 322 114 24 mainitsee,
1182 321 57 21 ett'ei

418 351 96 26 yleisenä
529 351 98 20 esineenä
641 351 56 20 koko
712 351 49 20 tälle
777 350 124 21 asetukselle
916 350 32 20 ole
959 350 153 27 vapaehtoinen
1122 349 116 21 maaosien-

418 379 107 26 luovutus,
547 379 45 20 kun
613 379 120 20 sitävastoin
749 378 73 21 käsillä
837 379 60 20 oleva
911 378 77 27 pykälä
1002 378 111 21 tarkoittaa
1128 377 110 28 pakollista

417 407 192 22 maanluovutusta.
639 407 70 20 Tähän
728 407 89 23 nähden,
838 407 21 26 ja
874 407 65 20 koska
956 406 117 21 mielestäni
1089 406 19 20 ei
1124 406 115 27 myöskään

419 437 79 20 mitään
513 436 162 27 käytännöllistä
691 437 61 26 syytä
767 435 32 21 ole
811 435 107 27 olemassa,
933 435 49 27 joka
993 435 110 27 pakottaisi
1113 435 127 20 asetukseen

418 466 57 20 ottaa
496 464 46 21 sille
564 464 111 21 kokonaau
697 465 84 20 vieraan
796 465 20 26 ja
835 464 67 21 siihen
917 464 183 21 kuulumattoman
1117 463 121 27 säädöksen,

418 493 106 21 rohkenen
542 493 97 21 ehdottaa
654 494 42 19 että
710 492 55 21 koko
780 495 56 18 tämä
850 492 77 28 pykälä
942 492 129 28 pyhittäisiin
1085 492 51 28 pois.

487 551 32 20 Hr
534 550 176 21 Serlachius:
733 550 42 21 Det
790 551 21 20 af
825 551 25 20 hr
864 550 93 21 Kivekäs
972 550 73 27 gjorda
1059 550 100 28 förslaget
1171 550 67 21 skulle

418 579 72 21 kunna
512 579 62 20 hafva
597 581 29 19 ett
645 579 52 20 visst
711 579 149 27 berättigande,
883 585 35 14 om
932 585 51 14 man
998 579 107 27 samtidigt
1120 579 71 20 kunde
1206 582 33 17 ut-

418 608 70 26 stryka
505 608 41 20 alla
562 607 25 21 de
603 607 130 28 stadganden
748 607 7 20 i
770 608 67 27 lagen,
852 615 46 14 som
912 607 92 28 päbjuda
1019 610 30 19 att
1063 608 34 20 vid
1114 608 90 27 fällning
1219 608 21 20 af

417 637 32 27 sjö
472 636 52 21 eller
538 637 66 20 ström
626 643 27 14 en
676 636 133 27 lösningsrätt,
832 642 26 15 en
874 636 120 28 skyldighet
1009 638 29 19 att
1053 638 44 19 mot
1111 637 58 21 lösen
1186 636 53 21 afstä

418 665 80 27 jorden,
521 665 53 21 skall
595 672 38 20 ega
655 672 53 14 rum.
739 664 49 22 Men
809 665 23 21 sä
854 666 41 20 kan
911 665 46 21 icke
973 665 42 21 ske.
1045 665 41 21 Det
1102 668 23 18 är
1139 665 101 27 päbjudet

418 696 30 19 att
462 693 90 28 fällning
566 694 33 20 fär
613 694 36 20 ske
665 696 51 18 utan
731 695 30 19 att
775 694 41 20 alla
831 693 157 22 vederbörande
999 694 110 27 jordegare
1120 694 71 21 därom
1204 696 35 18 äro

418 729 56 20 ense,
490 723 38 20 och
544 724 30 19 att
589 722 115 28 jordegare,
719 722 72 21 hvilka
805 722 46 21 icke
862 722 50 27 vilja
925 722 82 27 deltaga
1018 723 4 20 i
1035 723 85 23 arbetet,
1136 725 35 18 äro
1182 723 57 26 skyl-

419 752 49 26 diga
482 753 30 19 att
527 751 53 21 afstä
595 752 46 20 sina
656 751 58 21 delar
729 751 21 20 af
764 751 154 27 tillandningen
933 753 44 19 mot
992 751 64 27 lösen,
1075 758 45 14 som
1135 751 104 21 beräknas

418 780 53 20 efter
485 780 109 20 faststälda
609 786 98 21 grunder.
736 779 33 21 Dä
784 780 22 20 sä
821 782 24 19 är
858 780 145 27 förhällandet,
1019 780 40 21 och
1074 780 26 21 dä
1116 782 69 19 vatten
1200 780 39 20 och

418 808 128 22 vattenkraft
569 808 152 28 otvifvelaktiet
743 811 23 18 är
787 815 25 14 en
834 808 94 28 betydlig
950 809 82 25 förmån
1049 809 32 20 för
1097 811 28 19 ett
1140 809 97 20 hemman

419 839 55 19 samt
496 837 46 21 icke
564 837 54 21 blott
633 837 57 21 detta
705 839 70 19 vatten
792 838 38 20 och
845 838 156 20 vattenkraften
1015 838 27 26 gä
1057 837 109 27 förlorade,
1188 839 52 19 utan

419 866 63 21 också
505 866 35 21 det
561 866 103 27 vederlag,
687 873 44 13 som
747 868 55 18 trädt
819 866 7 20 i
842 866 69 21 stället
925 873 77 20 genom
1017 866 62 21 andel
1094 866 7 20 i
1117 866 122 21 tillandnin-

419 901 47 20 gen,
489 895 23 20 sä
533 897 23 17 är
571 895 35 20 det
620 894 46 21 klart
690 896 29 19 att
734 901 77 20 genom
827 901 25 14 en
868 894 65 21 sådan
948 895 84 26 lösning
1047 901 26 14 en
1088 895 95 26 betydlig
1198 895 41 20 för-

419 923 90 26 ändring
532 923 20 20 af
574 924 131 19 hemmanets
727 923 144 26 egoförmäner
893 923 53 24 sker,
970 923 81 20 säledes
1075 923 63 20 ocksä
1156 923 20 20 af
1192 923 47 20 dess

418 951 164 27 skatteförmäga
598 951 37 21 och
652 951 137 21 ekonomiska
808 951 68 21 värde.
909 951 62 20 Däraf
986 957 63 21 synes
1065 952 52 20 böra
1131 951 56 27 följa,
1211 953 29 19 att

418 979 54 21 slika
487 980 33 20 för
535 982 29 19 ett
579 980 98 21 hemman
694 979 78 28 viktiga
796 980 136 27 förändringar
950 980 46 20 icke
1011 980 51 20 böra
1077 980 38 21 och
1131 980 72 20 kunna
1218 979 21 22 fä

419 1015 86 20 passera
520 1010 51 19 utan
587 1010 30 19 att
631 1009 35 20 det
681 1008 68 21 finnes
764 1009 130 26 handlingar,
917 1008 72 21 hvilka
1004 1008 68 21 utvisa
1087 1010 30 19 att
1131 1015 27 14 en
1174 1008 66 21 sädan

418 1037 124 27 förändring
562 1037 39 20 har
615 1037 60 23 skett,
698 1038 22 26 ty
735 1037 7 20 i
758 1039 63 18 annat
836 1037 37 20 fall
887 1037 84 20 komme
987 1043 49 14 man
1052 1037 84 27 därhän,
1159 1039 30 18 att
1205 1037 35 20 det

419 1072 29 14 nu
464 1065 100 27 stadgade
580 1066 144 27 jordregistret
740 1066 45 20 icke
800 1066 69 20 blefve
885 1065 132 28 fullständigt
1027 1066 37 20 och
1077 1067 30 19 att
1115 1066 47 20 icke
1173 1065 67 21 häller

419 1094 119 21 kartvärket
560 1094 69 21 blefve
651 1094 137 27 fullständigt.
818 1094 41 21 Det
880 1093 111 28 uppgifves
1013 1095 29 19 att
1064 1095 120 20 hemmanet
1202 1094 38 21 har

418 1123 56 20 vissa
490 1123 111 25 förmåner,
617 1129 44 14 som
678 1123 35 20 det
727 1123 86 20 faktiskt
827 1123 46 20 icke
889 1123 42 20 har.
962 1123 27 20 Sä
1006 1123 62 26 länge
1084 1123 156 26 bestämningar

418 1151 8 20 i
442 1151 79 27 antydd
536 1151 94 28 riktning
644 1151 69 21 finnas
728 1151 7 20 i
750 1151 67 28 lagen,
837 1151 66 21 måste
918 1151 159 27 lagstiftningen
1092 1151 63 21 också
1170 1157 29 15 se-
1208 1151 32 20 till

420 1181 29 19 att
471 1180 120 20 kartvärket
614 1180 38 20 och
673 1180 144 27 jordregistret
831 1182 35 18 äro
881 1179 143 27 fullständiga,
1047 1180 39 20 och
1101 1180 35 27 jag
1151 1180 41 19 kan
1208 1179 32 20 för

418 1209 43 19 min
479 1208 34 20 del
527 1208 48 20 icke
589 1207 58 22 finna
662 1207 68 28 nägon
747 1214 70 14 annan
836 1207 86 28 lämplig
936 1208 54 27 plats
1005 1207 32 21 för
1053 1207 56 21 detta
1124 1207 116 27 stadgande

419 1238 27 19 än
461 1237 8 19 i
484 1236 70 21 denna
568 1236 129 27 förordning,
712 1243 46 14 som
773 1237 84 27 stadgar
872 1243 34 14 om
921 1236 135 27 jordregister
1075 1238 54 18 samt
1144 1236 96 20 vilkoren

420 1265 39 20 och
474 1265 82 21 formen
571 1265 33 20 för
618 1265 139 27 jorddelning.
787 1265 70 20 Äfven
873 1265 35 20 det
922 1271 30 14 nu
966 1264 160 27 ifrägavarande
1142 1264 98 28 stadgan-

419 1293 36 21 det
474 1293 114 21 innefattar
609 1294 24 26 ju
653 1300 27 14 en
695 1294 87 27 delning
797 1294 20 20 af
831 1293 174 27 jordlägenheter,
1027 1300 34 14 om
1077 1293 63 21 också
1155 1299 25 15 en
1197 1293 43 21 del-

418 1322 53 26 ning
493 1322 27 27 pä
534 1322 69 26 grund
619 1322 21 20 af
654 1322 69 27 tväng.
753 1322 38 20 Att
807 1322 56 21 detta
879 1322 213 26 författningsförslag
1106 1322 46 20 icke
1168 1322 72 20 behöf-

420 1357 37 13 ver
477 1352 91 25 upptaga
584 1350 25 21 de
625 1350 73 27 vilkor,
713 1350 69 21 under
795 1350 72 21 hvilka
881 1350 69 26 dylikt
964 1350 64 28 tväng
1043 1356 50 21 eger
1107 1357 53 19 rum,
1176 1352 22 18 är
1214 1356 27 14 en

419 1379 38 20 sak
478 1378 32 21 för
532 1379 37 26 sig,
590 1385 49 14 men
661 1385 34 14 om
717 1379 83 20 formen
822 1378 32 22 för
868 1378 157 21 fullbordandet
1041 1379 20 20 af
1076 1378 65 21 sädan
1156 1378 85 27 lösning

420 1407 38 21 bör
472 1407 152 27 förordningen
638 1407 107 21 innehälla
762 1408 137 26 bestämning.
929 1407 41 27 Jag
984 1407 41 20 kan
1040 1407 47 20 icke
1102 1407 66 20 häller
1182 1406 58 21 finna

419 1437 31 19 att
465 1435 42 21 den
521 1435 43 20 stär
578 1436 7 20 i
600 1436 87 20 motsats
701 1435 32 21 till
749 1436 12 26 $
777 1436 18 25 9,
810 1436 30 26 ity
856 1437 29 19 att
900 1435 11 27 $
928 1436 18 26 9,
961 1435 69 21 säsom
1041 1436 25 20 hr
1075 1435 92 21 Kivekäs
1178 1435 62 21 äfven

418 1464 120 25 framhållit,
560 1464 54 20 talar
636 1470 34 14 om
691 1464 34 20 det
739 1464 100 25 frivilliga
853 1464 88 25 utbytet,
965 1464 11 25 $
993 1465 26 20 38
1035 1463 44 21 åter
1094 1471 32 13 om
1144 1463 36 21 det
1194 1463 46 21 icke

419 1491 100 27 frivilliga
533 1491 88 27 utbytet.
644 1491 41 27 Jag
700 1497 61 14 anser
772 1491 122 27 paragrafen
906 1491 46 20 icke
963 1491 52 20 blott
1025 1491 70 27 nyttig
1104 1493 52 18 utan
1166 1493 75 24 ytterst

420 1519 127 28 nödvändig.

486 1577 34 21 Hr
541 1576 131 22 Kivekäs:
704 1576 88 21 Vastoin
807 1577 44 26 sitä,
873 1576 51 21 mitä
939 1576 38 21 hra
991 1576 119 21 Serlachius
1125 1578 55 19 tässä
1194 1576 46 21 lau-

419 1606 41 27 sui,
482 1605 108 22 rohkenen
612 1605 72 22 laskea
702 1605 226 28 epäilyksenalaiseksi,
952 1605 45 21 eikö
1013 1605 81 21 voitaisi
1110 1605 131 21 lainsäädän-
