<?xml version="1.0" encoding="UTF-8"?>
<alto xmlns="http://www.loc.gov/standards/alto/ns-v3#" xmlns:xlink="http://www.w3.org/1999/xlink" xmlns:xsi="http://www.w3.org/2001/XMLSchema-instance" xsi:schemaLocation="http://www.loc.gov/standards/alto/ns-v3# http://www.loc.gov/alto/v3/alto-3-0.xsd">
	<Description>
		<MeasurementUnit>pixel</MeasurementUnit>
		<sourceImageInformation>
			<fileName>/tmp/tess_45moggeo_input.PNG</fileName>
		</sourceImageInformation>
		<OCRProcessing ID="OCR_0">
			<ocrProcessingStep>
				<processingSoftware>
					<softwareName>tesseract 5.3.4</softwareName>
				</processingSoftware>
			</ocrProcessingStep>
		</OCRProcessing>
	</Description>
	<Layout>
		<Page WIDTH="1117" HEIGHT="1817" PHYSICAL_IMG_NR="0" ID="page_0">
			<PrintSpace HPOS="0" VPOS="0" WIDTH="1117" HEIGHT="1817">
				<ComposedBlock ID="cblock_0" HPOS="335" VPOS="143" WIDTH="556" HEIGHT="27">
					<TextBlock ID="block_0" HPOS="335" VPOS="143" WIDTH="556" HEIGHT="27">
						<TextLine ID="line_0" HPOS="335" VPOS="143" WIDTH="556" HEIGHT="27">
							<String ID="string_0" HPOS="335" VPOS="149" WIDTH="161" HEIGHT="18" WC="0.89" CONTENT="Presteståndet"/><SP WIDTH="13" VPOS="149" HPOS="496"/>
							<String ID="string_1" HPOS="509" VPOS="150" WIDTH="57" HEIGHT="17" WC="0.96" CONTENT="1872."/><SP WIDTH="28" VPOS="150" HPOS="566"/>
							<String ID="string_2" HPOS="594" VPOS="150" WIDTH="13" HEIGHT="16" WC="0.96" CONTENT="3"/><SP WIDTH="11" VPOS="150" HPOS="607"/>
							<String ID="string_3" HPOS="618" VPOS="150" WIDTH="51" HEIGHT="20" WC="0.96" CONTENT="juni."/><SP WIDTH="168" VPOS="150" HPOS="669"/>
							<String ID="string_4" HPOS="837" VPOS="143" WIDTH="54" HEIGHT="22" WC="0.96" CONTENT="1545"/>
						</TextLine>
					</TextBlock>
				</ComposedBlock>
				<GraphicalElement ID="cblock_1" HPOS="91" VPOS="184" WIDTH="831" HEIGHT="4"></GraphicalElement >
				<ComposedBlock ID="cblock_2" HPOS="91" VPOS="229" WIDTH="830" HEIGHT="84">
					<TextBlock ID="block_1" HPOS="91" VPOS="229" WIDTH="830" HEIGHT="84">
						<TextLine ID="line_1" HPOS="92" VPOS="229" WIDTH="829" HEIGHT="27">
							<String ID="string_5" HPOS="92" VPOS="231" WIDTH="25" HEIGHT="19" WC="0.96" CONTENT="är"/><SP WIDTH="22" VPOS="231" HPOS="117"/>
							<String ID="string_6" HPOS="139" VPOS="231" WIDTH="44" HEIGHT="20" WC="0.96" CONTENT="satt"/><SP WIDTH="14" VPOS="231" HPOS="183"/>
							<String ID="string_7" HPOS="197" VPOS="230" WIDTH="7" HEIGHT="20" WC="0.96" CONTENT="i"/><SP WIDTH="15" VPOS="230" HPOS="204"/>
							<String ID="string_8" HPOS="219" VPOS="229" WIDTH="72" HEIGHT="21" WC="0.96" CONTENT="stället"/><SP WIDTH="16" VPOS="229" HPOS="291"/>
							<String ID="string_9" HPOS="307" VPOS="229" WIDTH="32" HEIGHT="21" WC="0.93" CONTENT="för"/><SP WIDTH="16" VPOS="229" HPOS="339"/>
							<String ID="string_10" HPOS="355" VPOS="229" WIDTH="151" HEIGHT="26" WC="0.90" CONTENT="domkapitlen."/><SP WIDTH="31" VPOS="229" HPOS="506"/>
							<String ID="string_11" HPOS="537" VPOS="229" WIDTH="51" HEIGHT="22" WC="0.95" CONTENT="Men"/><SP WIDTH="16" VPOS="229" HPOS="588"/>
							<String ID="string_12" HPOS="604" VPOS="229" WIDTH="61" HEIGHT="27" WC="0.96" CONTENT="ingår"/><SP WIDTH="16" VPOS="229" HPOS="665"/>
							<String ID="string_13" HPOS="681" VPOS="229" WIDTH="36" HEIGHT="21" WC="0.97" CONTENT="det"/><SP WIDTH="16" VPOS="229" HPOS="717"/>
							<String ID="string_14" HPOS="733" VPOS="229" WIDTH="18" HEIGHT="26" WC="0.96" CONTENT="ej"/><SP WIDTH="16" VPOS="229" HPOS="751"/>
							<String ID="string_15" HPOS="767" VPOS="229" WIDTH="7" HEIGHT="21" WC="0.96" CONTENT="i"/><SP WIDTH="17" VPOS="229" HPOS="774"/>
							<String ID="string_16" HPOS="791" VPOS="229" WIDTH="70" HEIGHT="21" WC="0.93" CONTENT="denna"/><SP WIDTH="14" VPOS="229" HPOS="861"/>
							<String ID="string_17" HPOS="875" VPOS="229" WIDTH="46" HEIGHT="20" WC="0.92" CONTENT="för-"/>
						</TextLine>
						<TextLine ID="line_2" HPOS="92" VPOS="257" WIDTH="828" HEIGHT="28">
							<String ID="string_18" HPOS="92" VPOS="257" WIDTH="91" HEIGHT="28" WC="0.95" CONTENT="fattning"/><SP WIDTH="16" VPOS="257" HPOS="183"/>
							<String ID="string_19" HPOS="199" VPOS="258" WIDTH="64" HEIGHT="25" WC="0.96" CONTENT="något"/><SP WIDTH="16" VPOS="258" HPOS="263"/>
							<String ID="string_20" HPOS="279" VPOS="258" WIDTH="116" HEIGHT="26" WC="0.96" CONTENT="stadgande"/><SP WIDTH="11" VPOS="258" HPOS="395"/>
							<String ID="string_21" HPOS="406" VPOS="258" WIDTH="81" HEIGHT="27" WC="0.96" CONTENT="härom,"/><SP WIDTH="13" VPOS="258" HPOS="487"/>
							<String ID="string_22" HPOS="500" VPOS="259" WIDTH="25" HEIGHT="20" WC="0.96" CONTENT="är"/><SP WIDTH="13" VPOS="259" HPOS="525"/>
							<String ID="string_23" HPOS="538" VPOS="258" WIDTH="36" HEIGHT="21" WC="0.96" CONTENT="det"/><SP WIDTH="10" VPOS="258" HPOS="574"/>
							<String ID="string_24" HPOS="584" VPOS="258" WIDTH="58" HEIGHT="21" WC="0.96" CONTENT="klart"/><SP WIDTH="12" VPOS="258" HPOS="642"/>
							<String ID="string_25" HPOS="654" VPOS="259" WIDTH="34" HEIGHT="20" WC="0.96" CONTENT="att"/><SP WIDTH="10" VPOS="259" HPOS="688"/>
							<String ID="string_26" HPOS="698" VPOS="258" WIDTH="18" HEIGHT="26" WC="0.96" CONTENT="ej"/><SP WIDTH="9" VPOS="258" HPOS="716"/>
							<String ID="string_27" HPOS="725" VPOS="257" WIDTH="66" HEIGHT="27" WC="0.93" CONTENT="något"/><SP WIDTH="13" VPOS="257" HPOS="791"/>
							<String ID="string_28" HPOS="804" VPOS="257" WIDTH="116" HEIGHT="27" WC="0.92" CONTENT="stämpladt"/>
						</TextLine>
						<TextLine ID="line_3" HPOS="91" VPOS="286" WIDTH="294" HEIGHT="27">
							<String ID="string_29" HPOS="91" VPOS="292" WIDTH="81" HEIGHT="21" WC="0.95" CONTENT="papper"/><SP WIDTH="15" VPOS="292" HPOS="172"/>
							<String ID="string_30" HPOS="187" VPOS="287" WIDTH="96" HEIGHT="20" WC="0.95" CONTENT="kommer"/><SP WIDTH="15" VPOS="287" HPOS="283"/>
							<String ID="string_31" HPOS="298" VPOS="287" WIDTH="6" HEIGHT="20" WC="0.96" CONTENT="i"/><SP WIDTH="16" VPOS="287" HPOS="304"/>
							<String ID="string_32" HPOS="320" VPOS="286" WIDTH="65" HEIGHT="27" WC="0.96" CONTENT="fråga."/>
						</TextLine>
					</TextBlock>
				</ComposedBlock>
				<ComposedBlock ID="cblock_3" HPOS="91" VPOS="342" WIDTH="830" HEIGHT="343">
					<TextBlock ID="block_2" HPOS="91" VPOS="342" WIDTH="830" HEIGHT="343">
						<TextLine ID="line_4" HPOS="161" VPOS="342" WIDTH="758" HEIGHT="28">
							<String ID="string_33" HPOS="161" VPOS="343" WIDTH="84" HEIGHT="21" WC="0.92" CONTENT="Doktor"/><SP WIDTH="15" VPOS="343" HPOS="245"/>
							<String ID="string_34" HPOS="260" VPOS="343" WIDTH="168" HEIGHT="27" WC="0.90" CONTENT="Alopaeus:"/><SP WIDTH="31" VPOS="343" HPOS="428"/>
							<String ID="string_35" HPOS="459" VPOS="343" WIDTH="41" HEIGHT="27" WC="0.96" CONTENT="Jag"/><SP WIDTH="23" VPOS="343" HPOS="500"/>
							<String ID="string_36" HPOS="523" VPOS="343" WIDTH="32" HEIGHT="22" WC="0.96" CONTENT="för"/><SP WIDTH="20" VPOS="343" HPOS="555"/>
							<String ID="string_37" HPOS="575" VPOS="343" WIDTH="42" HEIGHT="22" WC="0.96" CONTENT="min"/><SP WIDTH="17" VPOS="343" HPOS="617"/>
							<String ID="string_38" HPOS="634" VPOS="343" WIDTH="34" HEIGHT="21" WC="0.96" CONTENT="del"/><SP WIDTH="16" VPOS="343" HPOS="668"/>
							<String ID="string_39" HPOS="684" VPOS="343" WIDTH="37" HEIGHT="21" WC="0.96" CONTENT="ber"/><SP WIDTH="16" VPOS="343" HPOS="721"/>
							<String ID="string_40" HPOS="737" VPOS="345" WIDTH="32" HEIGHT="19" WC="0.96" CONTENT="att"/><SP WIDTH="14" VPOS="345" HPOS="769"/>
							<String ID="string_41" HPOS="783" VPOS="343" WIDTH="22" HEIGHT="21" WC="0.96" CONTENT="få"/><SP WIDTH="15" VPOS="343" HPOS="805"/>
							<String ID="string_42" HPOS="820" VPOS="343" WIDTH="57" HEIGHT="21" WC="0.96" CONTENT="fästa"/><SP WIDTH="15" VPOS="343" HPOS="877"/>
							<String ID="string_43" HPOS="892" VPOS="342" WIDTH="27" HEIGHT="21" WC="0.96" CONTENT="de"/>
						</TextLine>
						<TextLine ID="line_5" HPOS="91" VPOS="369" WIDTH="830" HEIGHT="30">
							<String ID="string_44" HPOS="91" VPOS="372" WIDTH="65" HEIGHT="21" WC="0.93" CONTENT="värde"/><SP WIDTH="21" VPOS="372" HPOS="156"/>
							<String ID="string_45" HPOS="177" VPOS="372" WIDTH="78" HEIGHT="21" WC="0.92" CONTENT="talares"/><SP WIDTH="23" VPOS="372" HPOS="255"/>
							<String ID="string_46" HPOS="278" VPOS="372" WIDTH="195" HEIGHT="27" WC="0.96" CONTENT="uppmärksamhet,"/><SP WIDTH="23" VPOS="372" HPOS="473"/>
							<String ID="string_47" HPOS="496" VPOS="379" WIDTH="46" HEIGHT="14" WC="0.96" CONTENT="som"/><SP WIDTH="24" VPOS="379" HPOS="542"/>
							<String ID="string_48" HPOS="566" VPOS="372" WIDTH="63" HEIGHT="21" WC="0.96" CONTENT="hafva"/><SP WIDTH="22" VPOS="372" HPOS="629"/>
							<String ID="string_49" HPOS="651" VPOS="372" WIDTH="63" HEIGHT="27" WC="0.96" CONTENT="yrkat"/><SP WIDTH="15" VPOS="372" HPOS="714"/>
							<String ID="string_50" HPOS="729" VPOS="372" WIDTH="28" HEIGHT="27" WC="0.96" CONTENT="på"/><SP WIDTH="15" VPOS="372" HPOS="757"/>
							<String ID="string_51" HPOS="772" VPOS="371" WIDTH="111" HEIGHT="22" WC="0.96" CONTENT="införande"/><SP WIDTH="14" VPOS="371" HPOS="883"/>
							<String ID="string_52" HPOS="897" VPOS="369" WIDTH="24" HEIGHT="22" WC="0.96" CONTENT="af"/>
						</TextLine>
						<TextLine ID="line_6" HPOS="91" VPOS="400" WIDTH="828" HEIGHT="27">
							<String ID="string_53" HPOS="91" VPOS="401" WIDTH="69" HEIGHT="21" WC="0.96" CONTENT="denna"/><SP WIDTH="16" VPOS="401" HPOS="160"/>
							<String ID="string_54" HPOS="176" VPOS="401" WIDTH="133" HEIGHT="26" WC="0.93" CONTENT="bestämning"/><SP WIDTH="15" VPOS="401" HPOS="309"/>
							<String ID="string_55" HPOS="324" VPOS="400" WIDTH="71" HEIGHT="27" WC="0.91" CONTENT="derpå,"/><SP WIDTH="17" VPOS="400" HPOS="395"/>
							<String ID="string_56" HPOS="412" VPOS="403" WIDTH="32" HEIGHT="18" WC="0.96" CONTENT="att"/><SP WIDTH="16" VPOS="403" HPOS="444"/>
							<String ID="string_57" HPOS="460" VPOS="401" WIDTH="36" HEIGHT="21" WC="0.96" CONTENT="det"/><SP WIDTH="16" VPOS="401" HPOS="496"/>
							<String ID="string_58" HPOS="512" VPOS="401" WIDTH="18" HEIGHT="26" WC="0.96" CONTENT="ej"/><SP WIDTH="16" VPOS="401" HPOS="530"/>
							<String ID="string_59" HPOS="546" VPOS="403" WIDTH="24" HEIGHT="18" WC="0.96" CONTENT="är"/><SP WIDTH="16" VPOS="403" HPOS="570"/>
							<String ID="string_60" HPOS="586" VPOS="401" WIDTH="72" HEIGHT="20" WC="0.93" CONTENT="derför"/><SP WIDTH="15" VPOS="401" HPOS="658"/>
							<String ID="string_61" HPOS="673" VPOS="401" WIDTH="62" HEIGHT="26" WC="0.92" CONTENT="sagdt"/><SP WIDTH="15" VPOS="401" HPOS="735"/>
							<String ID="string_62" HPOS="750" VPOS="403" WIDTH="33" HEIGHT="18" WC="0.96" CONTENT="att"/><SP WIDTH="15" VPOS="403" HPOS="783"/>
							<String ID="string_63" HPOS="798" VPOS="401" WIDTH="46" HEIGHT="20" WC="0.96" CONTENT="icke"/><SP WIDTH="11" VPOS="401" HPOS="844"/>
							<String ID="string_64" HPOS="855" VPOS="400" WIDTH="64" HEIGHT="21" WC="0.96" CONTENT="dessa"/>
						</TextLine>
						<TextLine ID="line_7" HPOS="92" VPOS="429" WIDTH="827" HEIGHT="27">
							<String ID="string_65" HPOS="92" VPOS="429" WIDTH="145" HEIGHT="26" WC="0.96" CONTENT="expeditioner"/><SP WIDTH="15" VPOS="429" HPOS="237"/>
							<String ID="string_66" HPOS="252" VPOS="429" WIDTH="61" HEIGHT="21" WC="0.96" CONTENT="skola"/><SP WIDTH="15" VPOS="429" HPOS="313"/>
							<String ID="string_67" HPOS="328" VPOS="429" WIDTH="95" HEIGHT="21" WC="0.96" CONTENT="utfärdas"/><SP WIDTH="17" VPOS="429" HPOS="423"/>
							<String ID="string_68" HPOS="440" VPOS="429" WIDTH="27" HEIGHT="27" WC="0.93" CONTENT="på"/><SP WIDTH="16" VPOS="429" HPOS="467"/>
							<String ID="string_69" HPOS="483" VPOS="429" WIDTH="244" HEIGHT="27" WC="0.91" CONTENT="kartasigillatapapper."/><SP WIDTH="17" VPOS="429" HPOS="727"/>
							<String ID="string_70" HPOS="744" VPOS="429" WIDTH="30" HEIGHT="21" WC="0.96" CONTENT="De"/><SP WIDTH="11" VPOS="429" HPOS="774"/>
							<String ID="string_71" HPOS="785" VPOS="429" WIDTH="134" HEIGHT="21" WC="0.96" CONTENT="förekomma"/>
						</TextLine>
						<TextLine ID="line_8" HPOS="91" VPOS="457" WIDTH="828" HEIGHT="27">
							<String ID="string_72" HPOS="91" VPOS="457" WIDTH="105" HEIGHT="27" WC="0.91" CONTENT="nemligen"/><SP WIDTH="22" VPOS="457" HPOS="196"/>
							<String ID="string_73" HPOS="218" VPOS="458" WIDTH="7" HEIGHT="20" WC="0.93" CONTENT="i"/><SP WIDTH="20" VPOS="458" HPOS="225"/>
							<String ID="string_74" HPOS="245" VPOS="458" WIDTH="43" HEIGHT="21" WC="0.88" CONTENT="5:te"/><SP WIDTH="15" VPOS="458" HPOS="288"/>
							<String ID="string_75" HPOS="303" VPOS="457" WIDTH="132" HEIGHT="27" WC="0.93" CONTENT="afdelningen"/><SP WIDTH="17" VPOS="457" HPOS="435"/>
							<String ID="string_76" HPOS="452" VPOS="464" WIDTH="47" HEIGHT="20" WC="0.92" CONTENT="pag."/><SP WIDTH="17" VPOS="464" HPOS="499"/>
							<String ID="string_77" HPOS="516" VPOS="458" WIDTH="12" HEIGHT="21" WC="0.96" CONTENT="6"/><SP WIDTH="17" VPOS="458" HPOS="528"/>
							<String ID="string_78" HPOS="545" VPOS="458" WIDTH="38" HEIGHT="21" WC="0.95" CONTENT="der"/><SP WIDTH="15" VPOS="458" HPOS="583"/>
							<String ID="string_79" HPOS="598" VPOS="458" WIDTH="37" HEIGHT="21" WC="0.96" CONTENT="det"/><SP WIDTH="15" VPOS="458" HPOS="635"/>
							<String ID="string_80" HPOS="650" VPOS="459" WIDTH="44" HEIGHT="20" WC="0.92" CONTENT="står"/><SP WIDTH="16" VPOS="459" HPOS="694"/>
							<String ID="string_81" HPOS="710" VPOS="459" WIDTH="69" HEIGHT="23" WC="0.88" CONTENT=",,samt"/><SP WIDTH="16" VPOS="459" HPOS="779"/>
							<String ID="string_82" HPOS="795" VPOS="458" WIDTH="42" HEIGHT="20" WC="0.96" CONTENT="alla"/><SP WIDTH="14" VPOS="458" HPOS="837"/>
							<String ID="string_83" HPOS="851" VPOS="457" WIDTH="68" HEIGHT="21" WC="0.96" CONTENT="andra"/>
						</TextLine>
						<TextLine ID="line_9" HPOS="92" VPOS="486" WIDTH="827" HEIGHT="27">
							<String ID="string_84" HPOS="92" VPOS="487" WIDTH="67" HEIGHT="20" WC="0.96" CONTENT="under"/><SP WIDTH="24" VPOS="487" HPOS="159"/>
							<String ID="string_85" HPOS="183" VPOS="487" WIDTH="24" HEIGHT="20" WC="0.96" CONTENT="de"/><SP WIDTH="24" VPOS="487" HPOS="207"/>
							<String ID="string_86" HPOS="231" VPOS="486" WIDTH="66" HEIGHT="27" WC="0.90" CONTENT="högre"/><SP WIDTH="23" VPOS="486" HPOS="297"/>
							<String ID="string_87" HPOS="320" VPOS="486" WIDTH="158" HEIGHT="27" WC="0.90" CONTENT="afdelningarne"/><SP WIDTH="21" VPOS="486" HPOS="478"/>
							<String ID="string_88" HPOS="499" VPOS="487" WIDTH="47" HEIGHT="21" WC="0.96" CONTENT="icke"/><SP WIDTH="20" VPOS="487" HPOS="546"/>
							<String ID="string_89" HPOS="566" VPOS="487" WIDTH="102" HEIGHT="20" WC="0.93" CONTENT="särskildt"/><SP WIDTH="16" VPOS="487" HPOS="668"/>
							<String ID="string_90" HPOS="684" VPOS="487" WIDTH="127" HEIGHT="20" WC="0.92" CONTENT="omnämnde"/><SP WIDTH="16" VPOS="487" HPOS="811"/>
							<String ID="string_91" HPOS="827" VPOS="486" WIDTH="92" HEIGHT="21" WC="0.92" CONTENT="embets-"/>
						</TextLine>
						<TextLine ID="line_10" HPOS="91" VPOS="514" WIDTH="828" HEIGHT="27">
							<String ID="string_92" HPOS="91" VPOS="515" WIDTH="58" HEIGHT="25" WC="0.96" CONTENT="verk,"/><SP WIDTH="23" VPOS="515" HPOS="149"/>
							<String ID="string_93" HPOS="172" VPOS="515" WIDTH="147" HEIGHT="26" WC="0.96" CONTENT="myndigheter"/><SP WIDTH="15" VPOS="515" HPOS="319"/>
							<String ID="string_94" HPOS="334" VPOS="515" WIDTH="39" HEIGHT="21" WC="0.93" CONTENT="och"/><SP WIDTH="15" VPOS="515" HPOS="373"/>
							<String ID="string_95" HPOS="388" VPOS="515" WIDTH="134" HEIGHT="26" WC="0.92" CONTENT="tjenstemän,"/><SP WIDTH="16" VPOS="515" HPOS="522"/>
							<String ID="string_96" HPOS="538" VPOS="515" WIDTH="70" HEIGHT="21" WC="0.91" CONTENT="såvidt"/><SP WIDTH="16" VPOS="515" HPOS="608"/>
							<String ID="string_97" HPOS="624" VPOS="515" WIDTH="98" HEIGHT="21" WC="0.96" CONTENT="befrielse"/><SP WIDTH="15" VPOS="515" HPOS="722"/>
							<String ID="string_98" HPOS="737" VPOS="515" WIDTH="45" HEIGHT="21" WC="0.96" CONTENT="från"/><SP WIDTH="17" VPOS="515" HPOS="782"/>
							<String ID="string_99" HPOS="799" VPOS="514" WIDTH="120" HEIGHT="27" WC="0.96" CONTENT="skyldighet"/>
						</TextLine>
						<TextLine ID="line_11" HPOS="91" VPOS="543" WIDTH="828" HEIGHT="27">
							<String ID="string_100" HPOS="91" VPOS="545" WIDTH="33" HEIGHT="20" WC="0.93" CONTENT="att"/><SP WIDTH="14" VPOS="545" HPOS="124"/>
							<String ID="string_101" HPOS="138" VPOS="544" WIDTH="88" HEIGHT="21" WC="0.92" CONTENT="kartera"/><SP WIDTH="21" VPOS="544" HPOS="226"/>
							<String ID="string_102" HPOS="247" VPOS="543" WIDTH="131" HEIGHT="27" WC="0.95" CONTENT="handlingar,"/><SP WIDTH="16" VPOS="543" HPOS="378"/>
							<String ID="string_103" HPOS="394" VPOS="550" WIDTH="45" HEIGHT="15" WC="0.95" CONTENT="som"/><SP WIDTH="16" VPOS="550" HPOS="439"/>
							<String ID="string_104" HPOS="455" VPOS="544" WIDTH="31" HEIGHT="21" WC="0.95" CONTENT="till"/><SP WIDTH="17" VPOS="544" HPOS="486"/>
							<String ID="string_105" HPOS="503" VPOS="544" WIDTH="63" HEIGHT="21" WC="0.91" CONTENT="dessa"/><SP WIDTH="14" VPOS="544" HPOS="566"/>
							<String ID="string_106" HPOS="580" VPOS="544" WIDTH="90" HEIGHT="26" WC="0.91" CONTENT="ingifvas"/><SP WIDTH="16" VPOS="544" HPOS="670"/>
							<String ID="string_107" HPOS="686" VPOS="544" WIDTH="51" HEIGHT="20" WC="0.96" CONTENT="eller"/><SP WIDTH="15" VPOS="544" HPOS="737"/>
							<String ID="string_108" HPOS="752" VPOS="543" WIDTH="22" HEIGHT="21" WC="0.96" CONTENT="af"/><SP WIDTH="15" VPOS="543" HPOS="774"/>
							<String ID="string_109" HPOS="789" VPOS="543" WIDTH="48" HEIGHT="21" WC="0.92" CONTENT="dem"/><SP WIDTH="16" VPOS="543" HPOS="837"/>
							<String ID="string_110" HPOS="853" VPOS="543" WIDTH="66" HEIGHT="21" WC="0.92" CONTENT="utfär-"/>
						</TextLine>
						<TextLine ID="line_12" HPOS="91" VPOS="571" WIDTH="828" HEIGHT="28">
							<String ID="string_111" HPOS="91" VPOS="573" WIDTH="39" HEIGHT="20" WC="0.96" CONTENT="das"/><SP WIDTH="14" VPOS="573" HPOS="130"/>
							<String ID="string_112" HPOS="144" VPOS="572" WIDTH="47" HEIGHT="21" WC="0.96" CONTENT="icke"/><SP WIDTH="16" VPOS="572" HPOS="191"/>
							<String ID="string_113" HPOS="207" VPOS="572" WIDTH="66" HEIGHT="21" WC="0.94" CONTENT="finnes"/><SP WIDTH="11" VPOS="572" HPOS="273"/>
							<String ID="string_114" HPOS="284" VPOS="573" WIDTH="5" HEIGHT="20" WC="0.96" CONTENT="i"/><SP WIDTH="12" VPOS="573" HPOS="289"/>
							<String ID="string_115" HPOS="301" VPOS="573" WIDTH="68" HEIGHT="20" WC="0.96" CONTENT="denna"/><SP WIDTH="11" VPOS="573" HPOS="369"/>
							<String ID="string_116" HPOS="380" VPOS="572" WIDTH="124" HEIGHT="27" WC="0.96" CONTENT="förordning"/><SP WIDTH="9" VPOS="572" HPOS="504"/>
							<String ID="string_117" HPOS="513" VPOS="573" WIDTH="142" HEIGHT="26" WC="0.93" CONTENT="uttryckligen"/><SP WIDTH="9" VPOS="573" HPOS="655"/>
							<String ID="string_118" HPOS="664" VPOS="572" WIDTH="140" HEIGHT="27" WC="0.89" CONTENT="medgifven*."/><SP WIDTH="27" VPOS="572" HPOS="804"/>
							<String ID="string_119" HPOS="831" VPOS="571" WIDTH="88" HEIGHT="22" WC="0.96" CONTENT="Således"/>
						</TextLine>
						<TextLine ID="line_13" HPOS="92" VPOS="600" WIDTH="827" HEIGHT="27">
							<String ID="string_120" HPOS="92" VPOS="601" WIDTH="67" HEIGHT="26" WC="0.96" CONTENT="gäller"/><SP WIDTH="22" VPOS="601" HPOS="159"/>
							<String ID="string_121" HPOS="181" VPOS="601" WIDTH="60" HEIGHT="21" WC="0.96" CONTENT="detta"/><SP WIDTH="23" VPOS="601" HPOS="241"/>
							<String ID="string_122" HPOS="264" VPOS="601" WIDTH="117" HEIGHT="26" WC="0.96" CONTENT="stadgande"/><SP WIDTH="23" VPOS="601" HPOS="381"/>
							<String ID="string_123" HPOS="404" VPOS="601" WIDTH="6" HEIGHT="20" WC="0.96" CONTENT="i"/><SP WIDTH="24" VPOS="601" HPOS="410"/>
							<String ID="string_124" HPOS="434" VPOS="601" WIDTH="117" HEIGHT="21" WC="0.96" CONTENT="allmänhet"/><SP WIDTH="15" VPOS="601" HPOS="551"/>
							<String ID="string_125" HPOS="566" VPOS="601" WIDTH="42" HEIGHT="21" WC="0.96" CONTENT="alla"/><SP WIDTH="16" VPOS="601" HPOS="608"/>
							<String ID="string_126" HPOS="624" VPOS="601" WIDTH="65" HEIGHT="21" WC="0.93" CONTENT="andra"/><SP WIDTH="17" VPOS="601" HPOS="689"/>
							<String ID="string_127" HPOS="706" VPOS="601" WIDTH="140" HEIGHT="21" WC="0.91" CONTENT="embetsverk."/><SP WIDTH="30" VPOS="601" HPOS="846"/>
							<String ID="string_128" HPOS="876" VPOS="600" WIDTH="43" HEIGHT="21" WC="0.95" CONTENT="Det"/>
						</TextLine>
						<TextLine ID="line_14" HPOS="91" VPOS="629" WIDTH="828" HEIGHT="27">
							<String ID="string_129" HPOS="91" VPOS="631" WIDTH="24" HEIGHT="20" WC="0.96" CONTENT="är"/><SP WIDTH="23" VPOS="631" HPOS="115"/>
							<String ID="string_130" HPOS="138" VPOS="629" WIDTH="55" HEIGHT="22" WC="0.93" CONTENT="blott"/><SP WIDTH="22" VPOS="629" HPOS="193"/>
							<String ID="string_131" HPOS="215" VPOS="630" WIDTH="62" HEIGHT="26" WC="0.91" CONTENT="sagdt"/><SP WIDTH="22" VPOS="630" HPOS="277"/>
							<String ID="string_132" HPOS="299" VPOS="631" WIDTH="32" HEIGHT="20" WC="0.96" CONTENT="att"/><SP WIDTH="16" VPOS="631" HPOS="331"/>
							<String ID="string_133" HPOS="347" VPOS="630" WIDTH="25" HEIGHT="21" WC="0.96" CONTENT="de"/><SP WIDTH="16" VPOS="630" HPOS="372"/>
							<String ID="string_134" HPOS="388" VPOS="629" WIDTH="17" HEIGHT="27" WC="0.93" CONTENT="ej"/><SP WIDTH="17" VPOS="629" HPOS="405"/>
							<String ID="string_135" HPOS="422" VPOS="629" WIDTH="91" HEIGHT="22" WC="0.91" CONTENT="behöfva"/><SP WIDTH="16" VPOS="629" HPOS="513"/>
							<String ID="string_136" HPOS="529" VPOS="630" WIDTH="53" HEIGHT="21" WC="0.96" CONTENT="höra"/><SP WIDTH="15" VPOS="630" HPOS="582"/>
							<String ID="string_137" HPOS="597" VPOS="629" WIDTH="32" HEIGHT="22" WC="0.93" CONTENT="till"/><SP WIDTH="16" VPOS="629" HPOS="629"/>
							<String ID="string_138" HPOS="645" VPOS="629" WIDTH="48" HEIGHT="22" WC="0.92" CONTENT="4:de"/><SP WIDTH="16" VPOS="629" HPOS="693"/>
							<String ID="string_139" HPOS="709" VPOS="629" WIDTH="141" HEIGHT="27" WC="0.95" CONTENT="afdelningen,"/><SP WIDTH="17" VPOS="629" HPOS="850"/>
							<String ID="string_140" HPOS="867" VPOS="631" WIDTH="52" HEIGHT="18" WC="0.96" CONTENT="utan"/>
						</TextLine>
						<TextLine ID="line_15" HPOS="91" VPOS="658" WIDTH="716" HEIGHT="27">
							<String ID="string_141" HPOS="91" VPOS="660" WIDTH="33" HEIGHT="19" WC="0.96" CONTENT="att"/><SP WIDTH="15" VPOS="660" HPOS="124"/>
							<String ID="string_142" HPOS="139" VPOS="659" WIDTH="26" HEIGHT="20" WC="0.97" CONTENT="de"/><SP WIDTH="16" VPOS="659" HPOS="165"/>
							<String ID="string_143" HPOS="181" VPOS="658" WIDTH="21" HEIGHT="21" WC="0.96" CONTENT="få"/><SP WIDTH="16" VPOS="658" HPOS="202"/>
							<String ID="string_144" HPOS="218" VPOS="658" WIDTH="95" HEIGHT="27" WC="0.96" CONTENT="begagna"/><SP WIDTH="16" VPOS="658" HPOS="313"/>
							<String ID="string_145" HPOS="329" VPOS="659" WIDTH="58" HEIGHT="26" WC="0.96" CONTENT="lägre"/><SP WIDTH="16" VPOS="659" HPOS="387"/>
							<String ID="string_146" HPOS="403" VPOS="659" WIDTH="80" HEIGHT="24" WC="0.96" CONTENT="kartor,"/><SP WIDTH="17" VPOS="659" HPOS="483"/>
							<String ID="string_147" HPOS="500" VPOS="659" WIDTH="28" HEIGHT="20" WC="0.96" CONTENT="då"/><SP WIDTH="15" VPOS="659" HPOS="528"/>
							<String ID="string_148" HPOS="543" VPOS="659" WIDTH="26" HEIGHT="20" WC="0.96" CONTENT="de"/><SP WIDTH="16" VPOS="659" HPOS="569"/>
							<String ID="string_149" HPOS="585" VPOS="659" WIDTH="52" HEIGHT="20" WC="0.96" CONTENT="höra"/><SP WIDTH="15" VPOS="659" HPOS="637"/>
							<String ID="string_150" HPOS="652" VPOS="659" WIDTH="33" HEIGHT="20" WC="0.95" CONTENT="till"/><SP WIDTH="16" VPOS="659" HPOS="685"/>
							<String ID="string_151" HPOS="701" VPOS="658" WIDTH="40" HEIGHT="21" WC="0.92" CONTENT="den"/><SP WIDTH="16" VPOS="658" HPOS="741"/>
							<String ID="string_152" HPOS="757" VPOS="659" WIDTH="50" HEIGHT="20" WC="0.88" CONTENT="5:te."/>
						</TextLine>
					</TextBlock>
				</ComposedBlock>
				<ComposedBlock ID="cblock_4" HPOS="92" VPOS="714" WIDTH="829" HEIGHT="222">
					<TextBlock ID="block_3" HPOS="92" VPOS="714" WIDTH="829" HEIGHT="222">
						<TextLine ID="line_16" HPOS="161" VPOS="714" WIDTH="758" HEIGHT="27">
							<String ID="string_153" HPOS="161" VPOS="715" WIDTH="111" HEIGHT="21" WC="0.92" CONTENT="Professor"/><SP WIDTH="23" VPOS="715" HPOS="272"/>
							<String ID="string_154" HPOS="295" VPOS="722" WIDTH="18" HEIGHT="14" WC="0.92" CONTENT="v."/><SP WIDTH="24" VPOS="722" HPOS="313"/>
							<String ID="string_155" HPOS="337" VPOS="715" WIDTH="110" HEIGHT="21" WC="0.96" CONTENT="Essen:"/><SP WIDTH="31" VPOS="715" HPOS="447"/>
							<String ID="string_156" HPOS="478" VPOS="715" WIDTH="43" HEIGHT="21" WC="0.93" CONTENT="Det"/><SP WIDTH="15" VPOS="715" HPOS="521"/>
							<String ID="string_157" HPOS="536" VPOS="717" WIDTH="24" HEIGHT="19" WC="0.96" CONTENT="är"/><SP WIDTH="16" VPOS="717" HPOS="560"/>
							<String ID="string_158" HPOS="576" VPOS="716" WIDTH="51" HEIGHT="20" WC="0.96" CONTENT="visst"/><SP WIDTH="15" VPOS="716" HPOS="627"/>
							<String ID="string_159" HPOS="642" VPOS="717" WIDTH="55" HEIGHT="24" WC="0.96" CONTENT="sant,"/><SP WIDTH="16" VPOS="717" HPOS="697"/>
							<String ID="string_160" HPOS="713" VPOS="721" WIDTH="45" HEIGHT="15" WC="0.96" CONTENT="som"/><SP WIDTH="16" VPOS="721" HPOS="758"/>
							<String ID="string_161" HPOS="774" VPOS="714" WIDTH="78" HEIGHT="22" WC="0.93" CONTENT="doktor"/><SP WIDTH="16" VPOS="714" HPOS="852"/>
							<String ID="string_162" HPOS="868" VPOS="714" WIDTH="51" HEIGHT="21" WC="0.91" CONTENT="Alo-"/>
						</TextLine>
						<TextLine ID="line_17" HPOS="93" VPOS="743" WIDTH="826" HEIGHT="27">
							<String ID="string_163" HPOS="93" VPOS="750" WIDTH="59" HEIGHT="20" WC="0.89" CONTENT="peus"/><SP WIDTH="22" VPOS="750" HPOS="152"/>
							<String ID="string_164" HPOS="174" VPOS="744" WIDTH="118" HEIGHT="26" WC="0.96" CONTENT="anmärkte,"/><SP WIDTH="23" VPOS="744" HPOS="292"/>
							<String ID="string_165" HPOS="315" VPOS="746" WIDTH="32" HEIGHT="18" WC="0.96" CONTENT="att"/><SP WIDTH="22" VPOS="746" HPOS="347"/>
							<String ID="string_166" HPOS="369" VPOS="744" WIDTH="69" HEIGHT="21" WC="0.96" CONTENT="denna"/><SP WIDTH="18" VPOS="744" HPOS="438"/>
							<String ID="string_167" HPOS="456" VPOS="744" WIDTH="120" HEIGHT="21" WC="0.95" CONTENT="auktoritet"/><SP WIDTH="17" VPOS="744" HPOS="576"/>
							<String ID="string_168" HPOS="593" VPOS="744" WIDTH="3" HEIGHT="20" WC="0.96" CONTENT="i"/><SP WIDTH="16" VPOS="744" HPOS="596"/>
							<String ID="string_169" HPOS="612" VPOS="744" WIDTH="76" HEIGHT="20" WC="0.96" CONTENT="sådant"/><SP WIDTH="16" VPOS="744" HPOS="688"/>
							<String ID="string_170" HPOS="704" VPOS="743" WIDTH="37" HEIGHT="21" WC="0.96" CONTENT="fall"/><SP WIDTH="16" VPOS="743" HPOS="741"/>
							<String ID="string_171" HPOS="757" VPOS="743" WIDTH="68" HEIGHT="21" WC="0.96" CONTENT="måste"/><SP WIDTH="16" VPOS="743" HPOS="825"/>
							<String ID="string_172" HPOS="841" VPOS="743" WIDTH="78" HEIGHT="21" WC="0.96" CONTENT="räknas"/>
						</TextLine>
						<TextLine ID="line_18" HPOS="92" VPOS="771" WIDTH="829" HEIGHT="27">
							<String ID="string_173" HPOS="92" VPOS="772" WIDTH="33" HEIGHT="21" WC="0.94" CONTENT="till"/><SP WIDTH="23" VPOS="772" HPOS="125"/>
							<String ID="string_174" HPOS="148" VPOS="772" WIDTH="54" HEIGHT="26" WC="0.96" CONTENT="dem,"/><SP WIDTH="25" VPOS="772" HPOS="202"/>
							<String ID="string_175" HPOS="227" VPOS="778" WIDTH="44" HEIGHT="15" WC="0.96" CONTENT="som"/><SP WIDTH="25" VPOS="778" HPOS="271"/>
							<String ID="string_176" HPOS="296" VPOS="774" WIDTH="87" HEIGHT="20" WC="0.96" CONTENT="nämnas"/><SP WIDTH="23" VPOS="774" HPOS="383"/>
							<String ID="string_177" HPOS="406" VPOS="773" WIDTH="6" HEIGHT="20" WC="0.93" CONTENT="i"/><SP WIDTH="22" VPOS="773" HPOS="412"/>
							<String ID="string_178" HPOS="434" VPOS="773" WIDTH="44" HEIGHT="21" WC="0.92" CONTENT="5:te"/><SP WIDTH="22" VPOS="773" HPOS="478"/>
							<String ID="string_179" HPOS="500" VPOS="772" WIDTH="146" HEIGHT="26" WC="0.91" CONTENT="afdelningens"/><SP WIDTH="23" VPOS="772" HPOS="646"/>
							<String ID="string_180" HPOS="669" VPOS="772" WIDTH="53" HEIGHT="26" WC="0.96" CONTENT="slut;"/><SP WIDTH="18" VPOS="772" HPOS="722"/>
							<String ID="string_181" HPOS="740" VPOS="778" WIDTH="47" HEIGHT="15" WC="0.96" CONTENT="men"/><SP WIDTH="13" VPOS="778" HPOS="787"/>
							<String ID="string_182" HPOS="800" VPOS="772" WIDTH="37" HEIGHT="26" WC="0.96" CONTENT="jag"/><SP WIDTH="15" VPOS="772" HPOS="837"/>
							<String ID="string_183" HPOS="852" VPOS="771" WIDTH="69" HEIGHT="21" WC="0.96" CONTENT="skulle"/>
						</TextLine>
						<TextLine ID="line_19" HPOS="92" VPOS="800" WIDTH="829" HEIGHT="26">
							<String ID="string_184" HPOS="92" VPOS="806" WIDTH="51" HEIGHT="16" WC="0.95" CONTENT="anse"/><SP WIDTH="16" VPOS="806" HPOS="143"/>
							<String ID="string_185" HPOS="159" VPOS="802" WIDTH="32" HEIGHT="20" WC="0.96" CONTENT="att"/><SP WIDTH="16" VPOS="802" HPOS="191"/>
							<String ID="string_186" HPOS="207" VPOS="801" WIDTH="35" HEIGHT="21" WC="0.96" CONTENT="det"/><SP WIDTH="15" VPOS="801" HPOS="242"/>
							<String ID="string_187" HPOS="257" VPOS="807" WIDTH="50" HEIGHT="15" WC="0.96" CONTENT="vore"/><SP WIDTH="15" VPOS="807" HPOS="307"/>
							<String ID="string_188" HPOS="322" VPOS="801" WIDTH="39" HEIGHT="21" WC="0.96" CONTENT="allt"/><SP WIDTH="14" VPOS="801" HPOS="361"/>
							<String ID="string_189" HPOS="375" VPOS="801" WIDTH="53" HEIGHT="25" WC="0.96" CONTENT="skäl,"/><SP WIDTH="17" VPOS="801" HPOS="428"/>
							<String ID="string_190" HPOS="445" VPOS="801" WIDTH="27" HEIGHT="21" WC="0.96" CONTENT="då"/><SP WIDTH="15" VPOS="801" HPOS="472"/>
							<String ID="string_191" HPOS="487" VPOS="802" WIDTH="71" HEIGHT="20" WC="0.96" CONTENT="denna"/><SP WIDTH="15" VPOS="802" HPOS="558"/>
							<String ID="string_192" HPOS="573" VPOS="802" WIDTH="118" HEIGHT="20" WC="0.95" CONTENT="auktoritet"/><SP WIDTH="15" VPOS="802" HPOS="691"/>
							<String ID="string_193" HPOS="706" VPOS="802" WIDTH="24" HEIGHT="19" WC="0.96" CONTENT="är"/><SP WIDTH="15" VPOS="802" HPOS="730"/>
							<String ID="string_194" HPOS="745" VPOS="801" WIDTH="64" HEIGHT="20" WC="0.96" CONTENT="ställd"/><SP WIDTH="16" VPOS="801" HPOS="809"/>
							<String ID="string_195" HPOS="825" VPOS="801" WIDTH="6" HEIGHT="20" WC="0.96" CONTENT="i"/><SP WIDTH="16" VPOS="801" HPOS="831"/>
							<String ID="string_196" HPOS="847" VPOS="800" WIDTH="74" HEIGHT="21" WC="0.95" CONTENT="stället"/>
						</TextLine>
						<TextLine ID="line_20" HPOS="92" VPOS="828" WIDTH="829" HEIGHT="28">
							<String ID="string_197" HPOS="92" VPOS="829" WIDTH="34" HEIGHT="21" WC="0.93" CONTENT="för"/><SP WIDTH="23" VPOS="829" HPOS="126"/>
							<String ID="string_198" HPOS="149" VPOS="830" WIDTH="152" HEIGHT="24" WC="0.91" CONTENT="domkapitlen,"/><SP WIDTH="22" VPOS="830" HPOS="301"/>
							<String ID="string_199" HPOS="323" VPOS="832" WIDTH="32" HEIGHT="18" WC="0.93" CONTENT="att"/><SP WIDTH="23" VPOS="832" HPOS="355"/>
							<String ID="string_200" HPOS="378" VPOS="830" WIDTH="158" HEIGHT="26" WC="0.91" CONTENT="kartasigillata"/><SP WIDTH="22" VPOS="830" HPOS="536"/>
							<String ID="string_201" HPOS="558" VPOS="830" WIDTH="88" HEIGHT="26" WC="0.93" CONTENT="afgiften"/><SP WIDTH="16" VPOS="830" HPOS="646"/>
							<String ID="string_202" HPOS="662" VPOS="830" WIDTH="68" HEIGHT="20" WC="0.96" CONTENT="skulle"/><SP WIDTH="16" VPOS="830" HPOS="730"/>
							<String ID="string_203" HPOS="746" VPOS="835" WIDTH="51" HEIGHT="15" WC="0.95" CONTENT="vara"/><SP WIDTH="15" VPOS="835" HPOS="797"/>
							<String ID="string_204" HPOS="812" VPOS="829" WIDTH="43" HEIGHT="21" WC="0.96" CONTENT="lika"/><SP WIDTH="15" VPOS="829" HPOS="855"/>
							<String ID="string_205" HPOS="870" VPOS="828" WIDTH="51" HEIGHT="26" WC="0.96" CONTENT="hög,"/>
						</TextLine>
						<TextLine ID="line_21" HPOS="92" VPOS="857" WIDTH="828" HEIGHT="27">
							<String ID="string_206" HPOS="92" VPOS="864" WIDTH="46" HEIGHT="15" WC="0.95" CONTENT="som"/><SP WIDTH="22" VPOS="864" HPOS="138"/>
							<String ID="string_207" HPOS="160" VPOS="858" WIDTH="35" HEIGHT="21" WC="0.93" CONTENT="vid"/><SP WIDTH="16" VPOS="858" HPOS="195"/>
							<String ID="string_208" HPOS="211" VPOS="858" WIDTH="156" HEIGHT="26" WC="0.91" CONTENT="domkapitlens"/><SP WIDTH="16" VPOS="858" HPOS="367"/>
							<String ID="string_209" HPOS="383" VPOS="858" WIDTH="145" HEIGHT="26" WC="0.96" CONTENT="expeditioner"/><SP WIDTH="16" VPOS="858" HPOS="528"/>
							<String ID="string_210" HPOS="544" VPOS="858" WIDTH="39" HEIGHT="22" WC="0.96" CONTENT="och"/><SP WIDTH="15" VPOS="858" HPOS="583"/>
							<String ID="string_211" HPOS="598" VPOS="860" WIDTH="32" HEIGHT="19" WC="0.96" CONTENT="att"/><SP WIDTH="16" VPOS="860" HPOS="630"/>
							<String ID="string_212" HPOS="646" VPOS="858" WIDTH="40" HEIGHT="21" WC="0.96" CONTENT="den"/><SP WIDTH="17" VPOS="858" HPOS="686"/>
							<String ID="string_213" HPOS="703" VPOS="858" WIDTH="88" HEIGHT="21" WC="0.96" CONTENT="sålunda"/><SP WIDTH="16" VPOS="858" HPOS="791"/>
							<String ID="string_214" HPOS="807" VPOS="858" WIDTH="66" HEIGHT="20" WC="0.93" CONTENT="borde"/><SP WIDTH="17" VPOS="858" HPOS="873"/>
							<String ID="string_215" HPOS="890" VPOS="857" WIDTH="30" HEIGHT="21" WC="0.91" CONTENT="in-"/>
						</TextLine>
						<TextLine ID="line_22" HPOS="93" VPOS="886" WIDTH="826" HEIGHT="28">
							<String ID="string_216" HPOS="93" VPOS="886" WIDTH="58" HEIGHT="22" WC="0.96" CONTENT="föras"/><SP WIDTH="22" VPOS="886" HPOS="151"/>
							<String ID="string_217" HPOS="173" VPOS="888" WIDTH="6" HEIGHT="20" WC="0.92" CONTENT="i"/><SP WIDTH="23" VPOS="888" HPOS="179"/>
							<String ID="string_218" HPOS="202" VPOS="886" WIDTH="47" HEIGHT="22" WC="0.92" CONTENT="4:de"/><SP WIDTH="19" VPOS="886" HPOS="249"/>
							<String ID="string_219" HPOS="268" VPOS="886" WIDTH="140" HEIGHT="27" WC="0.96" CONTENT="afdelningen."/><SP WIDTH="31" VPOS="886" HPOS="408"/>
							<String ID="string_220" HPOS="439" VPOS="887" WIDTH="41" HEIGHT="21" WC="0.94" CONTENT="Det"/><SP WIDTH="16" VPOS="887" HPOS="480"/>
							<String ID="string_221" HPOS="496" VPOS="887" WIDTH="18" HEIGHT="27" WC="0.96" CONTENT="ej"/><SP WIDTH="18" VPOS="887" HPOS="514"/>
							<String ID="string_222" HPOS="532" VPOS="889" WIDTH="24" HEIGHT="19" WC="0.96" CONTENT="är"/><SP WIDTH="15" VPOS="889" HPOS="556"/>
							<String ID="string_223" HPOS="571" VPOS="887" WIDTH="65" HEIGHT="26" WC="0.96" CONTENT="något"/><SP WIDTH="15" VPOS="887" HPOS="636"/>
							<String ID="string_224" HPOS="651" VPOS="886" WIDTH="46" HEIGHT="22" WC="0.96" CONTENT="skäl"/><SP WIDTH="16" VPOS="886" HPOS="697"/>
							<String ID="string_225" HPOS="713" VPOS="889" WIDTH="33" HEIGHT="19" WC="0.93" CONTENT="att"/><SP WIDTH="15" VPOS="889" HPOS="746"/>
							<String ID="string_226" HPOS="761" VPOS="886" WIDTH="102" HEIGHT="27" WC="0.91" CONTENT="nedflytta"/><SP WIDTH="16" VPOS="886" HPOS="863"/>
							<String ID="string_227" HPOS="879" VPOS="886" WIDTH="40" HEIGHT="20" WC="0.96" CONTENT="den"/>
						</TextLine>
						<TextLine ID="line_23" HPOS="94" VPOS="915" WIDTH="154" HEIGHT="21">
							<String ID="string_228" HPOS="94" VPOS="915" WIDTH="32" HEIGHT="21" WC="0.95" CONTENT="till"/><SP WIDTH="17" VPOS="915" HPOS="126"/>
							<String ID="string_229" HPOS="143" VPOS="915" WIDTH="40" HEIGHT="21" WC="0.93" CONTENT="den"/><SP WIDTH="16" VPOS="915" HPOS="183"/>
							<String ID="string_230" HPOS="199" VPOS="916" WIDTH="49" HEIGHT="20" WC="0.91" CONTENT="5:te."/>
						</TextLine>
					</TextBlock>
				</ComposedBlock>
				<ComposedBlock ID="cblock_5" HPOS="91" VPOS="971" WIDTH="832" HEIGHT="285">
					<TextBlock ID="block_4" HPOS="91" VPOS="971" WIDTH="832" HEIGHT="285">
						<TextLine ID="line_24" HPOS="162" VPOS="971" WIDTH="759" HEIGHT="28">
							<String ID="string_231" HPOS="162" VPOS="972" WIDTH="84" HEIGHT="21" WC="0.96" CONTENT="Doktor"/><SP WIDTH="24" VPOS="972" HPOS="246"/>
							<String ID="string_232" HPOS="270" VPOS="972" WIDTH="171" HEIGHT="27" WC="0.96" CONTENT="Hornborg:"/><SP WIDTH="31" VPOS="972" HPOS="441"/>
							<String ID="string_233" HPOS="472" VPOS="972" WIDTH="112" HEIGHT="22" WC="0.96" CONTENT="Professor"/><SP WIDTH="22" VPOS="972" HPOS="584"/>
							<String ID="string_234" HPOS="606" VPOS="972" WIDTH="63" HEIGHT="22" WC="0.93" CONTENT="Cleve"/><SP WIDTH="23" VPOS="972" HPOS="669"/>
							<String ID="string_235" HPOS="692" VPOS="973" WIDTH="90" HEIGHT="21" WC="0.92" CONTENT="nämnde"/><SP WIDTH="16" VPOS="973" HPOS="782"/>
							<String ID="string_236" HPOS="798" VPOS="973" WIDTH="32" HEIGHT="20" WC="0.93" CONTENT="att"/><SP WIDTH="15" VPOS="973" HPOS="830"/>
							<String ID="string_237" HPOS="845" VPOS="971" WIDTH="76" HEIGHT="27" WC="0.92" CONTENT="ifräga-"/>
						</TextLine>
						<TextLine ID="line_25" HPOS="93" VPOS="1000" WIDTH="828" HEIGHT="28">
							<String ID="string_238" HPOS="93" VPOS="1000" WIDTH="79" HEIGHT="22" WC="0.91" CONTENT="komna"/><SP WIDTH="15" VPOS="1000" HPOS="172"/>
							<String ID="string_239" HPOS="187" VPOS="1001" WIDTH="117" HEIGHT="21" WC="0.92" CONTENT="auktoritet"/><SP WIDTH="16" VPOS="1001" HPOS="304"/>
							<String ID="string_240" HPOS="320" VPOS="1002" WIDTH="17" HEIGHT="26" WC="0.91" CONTENT="ej"/><SP WIDTH="18" VPOS="1002" HPOS="337"/>
							<String ID="string_241" HPOS="355" VPOS="1001" WIDTH="67" HEIGHT="21" WC="0.95" CONTENT="skulle"/><SP WIDTH="16" VPOS="1001" HPOS="422"/>
							<String ID="string_242" HPOS="438" VPOS="1008" WIDTH="51" HEIGHT="14" WC="0.96" CONTENT="vara"/><SP WIDTH="15" VPOS="1008" HPOS="489"/>
							<String ID="string_243" HPOS="504" VPOS="1004" WIDTH="32" HEIGHT="18" WC="0.93" CONTENT="ett"/><SP WIDTH="16" VPOS="1004" HPOS="536"/>
							<String ID="string_244" HPOS="552" VPOS="1001" WIDTH="190" HEIGHT="27" WC="0.91" CONTENT="lärarekollegium."/><SP WIDTH="30" VPOS="1001" HPOS="742"/>
							<String ID="string_245" HPOS="772" VPOS="1001" WIDTH="41" HEIGHT="27" WC="0.96" CONTENT="Jag"/><SP WIDTH="16" VPOS="1001" HPOS="813"/>
							<String ID="string_246" HPOS="829" VPOS="1000" WIDTH="33" HEIGHT="21" WC="0.96" CONTENT="för"/><SP WIDTH="15" VPOS="1000" HPOS="862"/>
							<String ID="string_247" HPOS="877" VPOS="1000" WIDTH="44" HEIGHT="21" WC="0.96" CONTENT="min"/>
						</TextLine>
						<TextLine ID="line_26" HPOS="94" VPOS="1029" WIDTH="828" HEIGHT="27">
							<String ID="string_248" HPOS="94" VPOS="1029" WIDTH="35" HEIGHT="21" WC="0.96" CONTENT="del"/><SP WIDTH="23" VPOS="1029" HPOS="129"/>
							<String ID="string_249" HPOS="152" VPOS="1029" WIDTH="41" HEIGHT="21" WC="0.93" CONTENT="kan"/><SP WIDTH="24" VPOS="1029" HPOS="193"/>
							<String ID="string_250" HPOS="217" VPOS="1029" WIDTH="18" HEIGHT="27" WC="0.90" CONTENT="ej"/><SP WIDTH="24" VPOS="1029" HPOS="235"/>
							<String ID="string_251" HPOS="259" VPOS="1030" WIDTH="56" HEIGHT="21" WC="0.96" CONTENT="finna"/><SP WIDTH="21" VPOS="1030" HPOS="315"/>
							<String ID="string_252" HPOS="336" VPOS="1032" WIDTH="71" HEIGHT="22" WC="0.96" CONTENT="annat,"/><SP WIDTH="23" VPOS="1032" HPOS="407"/>
							<String ID="string_253" HPOS="430" VPOS="1032" WIDTH="26" HEIGHT="19" WC="0.96" CONTENT="än"/><SP WIDTH="24" VPOS="1032" HPOS="456"/>
							<String ID="string_254" HPOS="480" VPOS="1032" WIDTH="33" HEIGHT="19" WC="0.96" CONTENT="att"/><SP WIDTH="17" VPOS="1032" HPOS="513"/>
							<String ID="string_255" HPOS="530" VPOS="1030" WIDTH="40" HEIGHT="21" WC="0.93" CONTENT="den"/><SP WIDTH="16" VPOS="1030" HPOS="570"/>
							<String ID="string_256" HPOS="586" VPOS="1029" WIDTH="138" HEIGHT="27" WC="0.93" CONTENT="ovilkorligen"/><SP WIDTH="16" VPOS="1029" HPOS="724"/>
							<String ID="string_257" HPOS="740" VPOS="1029" WIDTH="69" HEIGHT="21" WC="0.92" CONTENT="mäste"/><SP WIDTH="14" VPOS="1029" HPOS="809"/>
							<String ID="string_258" HPOS="823" VPOS="1035" WIDTH="51" HEIGHT="15" WC="0.96" CONTENT="vara"/><SP WIDTH="16" VPOS="1035" HPOS="874"/>
							<String ID="string_259" HPOS="890" VPOS="1030" WIDTH="32" HEIGHT="19" WC="0.96" CONTENT="ett"/>
						</TextLine>
						<TextLine ID="line_27" HPOS="94" VPOS="1057" WIDTH="828" HEIGHT="29">
							<String ID="string_260" HPOS="94" VPOS="1058" WIDTH="193" HEIGHT="28" WC="0.79" CONTENT="lärarekollegium,"/><SP WIDTH="22" VPOS="1058" HPOS="287"/>
							<String ID="string_261" HPOS="309" VPOS="1065" WIDTH="47" HEIGHT="15" WC="0.95" CONTENT="men"/><SP WIDTH="23" VPOS="1065" HPOS="356"/>
							<String ID="string_262" HPOS="379" VPOS="1059" WIDTH="39" HEIGHT="21" WC="0.96" CONTENT="här"/><SP WIDTH="23" VPOS="1059" HPOS="418"/>
							<String ID="string_263" HPOS="441" VPOS="1059" WIDTH="46" HEIGHT="21" WC="0.96" CONTENT="med"/><SP WIDTH="25" VPOS="1059" HPOS="487"/>
							<String ID="string_264" HPOS="512" VPOS="1065" WIDTH="26" HEIGHT="15" WC="0.93" CONTENT="en"/><SP WIDTH="16" VPOS="1065" HPOS="538"/>
							<String ID="string_265" HPOS="554" VPOS="1059" WIDTH="77" HEIGHT="26" WC="0.96" CONTENT="speciel"/><SP WIDTH="16" VPOS="1059" HPOS="631"/>
							<String ID="string_266" HPOS="647" VPOS="1058" WIDTH="104" HEIGHT="26" WC="0.93" CONTENT="funktion,"/><SP WIDTH="17" VPOS="1058" HPOS="751"/>
							<String ID="string_267" HPOS="768" VPOS="1058" WIDTH="104" HEIGHT="26" WC="0.93" CONTENT="nemligen"/><SP WIDTH="17" VPOS="1058" HPOS="872"/>
							<String ID="string_268" HPOS="889" VPOS="1057" WIDTH="33" HEIGHT="21" WC="0.96" CONTENT="för"/>
						</TextLine>
						<TextLine ID="line_28" HPOS="93" VPOS="1087" WIDTH="830" HEIGHT="27">
							<String ID="string_269" HPOS="93" VPOS="1088" WIDTH="33" HEIGHT="20" WC="0.89" CONTENT="att"/><SP WIDTH="26" VPOS="1088" HPOS="126"/>
							<String ID="string_270" HPOS="152" VPOS="1087" WIDTH="111" HEIGHT="21" WC="0.89" CONTENT="bedömma"/><SP WIDTH="23" VPOS="1087" HPOS="263"/>
							<String ID="string_271" HPOS="286" VPOS="1087" WIDTH="83" HEIGHT="27" WC="0.90" CONTENT="aflagda"/><SP WIDTH="23" VPOS="1087" HPOS="369"/>
							<String ID="string_272" HPOS="392" VPOS="1087" WIDTH="47" HEIGHT="27" WC="0.96" CONTENT="prof"/><SP WIDTH="22" VPOS="1087" HPOS="439"/>
							<String ID="string_273" HPOS="461" VPOS="1087" WIDTH="39" HEIGHT="21" WC="0.90" CONTENT="och"/><SP WIDTH="22" VPOS="1087" HPOS="500"/>
							<String ID="string_274" HPOS="522" VPOS="1087" WIDTH="85" HEIGHT="21" WC="0.90" CONTENT="utfärda"/><SP WIDTH="16" VPOS="1087" HPOS="607"/>
							<String ID="string_275" HPOS="623" VPOS="1087" WIDTH="69" HEIGHT="27" WC="0.92" CONTENT="betyg."/><SP WIDTH="31" VPOS="1087" HPOS="692"/>
							<String ID="string_276" HPOS="723" VPOS="1087" WIDTH="42" HEIGHT="21" WC="0.92" CONTENT="För"/><SP WIDTH="16" VPOS="1087" HPOS="765"/>
							<String ID="string_277" HPOS="781" VPOS="1087" WIDTH="63" HEIGHT="25" WC="0.92" CONTENT="öfrigt"/><SP WIDTH="15" VPOS="1087" HPOS="844"/>
							<String ID="string_278" HPOS="859" VPOS="1092" WIDTH="64" HEIGHT="15" WC="0.96" CONTENT="anser"/>
						</TextLine>
						<TextLine ID="line_29" HPOS="91" VPOS="1114" WIDTH="831" HEIGHT="28">
							<String ID="string_279" HPOS="91" VPOS="1115" WIDTH="39" HEIGHT="26" WC="0.93" CONTENT="jag"/><SP WIDTH="15" VPOS="1115" HPOS="130"/>
							<String ID="string_280" HPOS="145" VPOS="1116" WIDTH="64" HEIGHT="20" WC="0.92" CONTENT="ocksä"/><SP WIDTH="22" VPOS="1116" HPOS="209"/>
							<String ID="string_281" HPOS="231" VPOS="1117" WIDTH="43" HEIGHT="19" WC="0.96" CONTENT="rätt"/><SP WIDTH="25" VPOS="1117" HPOS="274"/>
							<String ID="string_282" HPOS="299" VPOS="1116" WIDTH="38" HEIGHT="21" WC="0.93" CONTENT="och"/><SP WIDTH="17" VPOS="1116" HPOS="337"/>
							<String ID="string_283" HPOS="354" VPOS="1116" WIDTH="68" HEIGHT="26" WC="0.92" CONTENT="billigt"/><SP WIDTH="15" VPOS="1116" HPOS="422"/>
							<String ID="string_284" HPOS="437" VPOS="1118" WIDTH="33" HEIGHT="19" WC="0.96" CONTENT="att"/><SP WIDTH="14" VPOS="1118" HPOS="470"/>
							<String ID="string_285" HPOS="484" VPOS="1116" WIDTH="62" HEIGHT="21" WC="0.93" CONTENT="detta"/><SP WIDTH="14" VPOS="1116" HPOS="546"/>
							<String ID="string_286" HPOS="560" VPOS="1116" WIDTH="114" HEIGHT="25" WC="0.92" CONTENT="kollegium"/><SP WIDTH="17" VPOS="1116" HPOS="674"/>
							<String ID="string_287" HPOS="691" VPOS="1116" WIDTH="38" HEIGHT="20" WC="0.96" CONTENT="hör"/><SP WIDTH="16" VPOS="1116" HPOS="729"/>
							<String ID="string_288" HPOS="745" VPOS="1116" WIDTH="31" HEIGHT="20" WC="0.93" CONTENT="till"/><SP WIDTH="17" VPOS="1116" HPOS="776"/>
							<String ID="string_289" HPOS="793" VPOS="1115" WIDTH="48" HEIGHT="21" WC="0.93" CONTENT="4:de"/><SP WIDTH="15" VPOS="1115" HPOS="841"/>
							<String ID="string_290" HPOS="856" VPOS="1114" WIDTH="66" HEIGHT="21" WC="0.93" CONTENT="afdel-"/>
						</TextLine>
						<TextLine ID="line_30" HPOS="94" VPOS="1143" WIDTH="823" HEIGHT="27">
							<String ID="string_291" HPOS="94" VPOS="1144" WIDTH="76" HEIGHT="26" WC="0.91" CONTENT="ningen"/><SP WIDTH="15" VPOS="1144" HPOS="170"/>
							<String ID="string_292" HPOS="185" VPOS="1143" WIDTH="40" HEIGHT="22" WC="0.93" CONTENT="och"/><SP WIDTH="15" VPOS="1143" HPOS="225"/>
							<String ID="string_293" HPOS="240" VPOS="1144" WIDTH="18" HEIGHT="26" WC="0.93" CONTENT="ej"/><SP WIDTH="18" VPOS="1144" HPOS="258"/>
							<String ID="string_294" HPOS="276" VPOS="1144" WIDTH="31" HEIGHT="21" WC="0.93" CONTENT="till"/><SP WIDTH="16" VPOS="1144" HPOS="307"/>
							<String ID="string_295" HPOS="323" VPOS="1145" WIDTH="52" HEIGHT="25" WC="0.88" CONTENT="5:te;"/><SP WIDTH="18" VPOS="1145" HPOS="375"/>
							<String ID="string_296" HPOS="393" VPOS="1151" WIDTH="47" HEIGHT="14" WC="0.96" CONTENT="men"/><SP WIDTH="16" VPOS="1151" HPOS="440"/>
							<String ID="string_297" HPOS="456" VPOS="1151" WIDTH="34" HEIGHT="14" WC="0.93" CONTENT="om"/><SP WIDTH="18" VPOS="1151" HPOS="490"/>
							<String ID="string_298" HPOS="508" VPOS="1144" WIDTH="85" HEIGHT="21" WC="0.92" CONTENT="ständet"/><SP WIDTH="17" VPOS="1144" HPOS="593"/>
							<String ID="string_299" HPOS="610" VPOS="1150" WIDTH="61" HEIGHT="15" WC="0.96" CONTENT="anser"/><SP WIDTH="15" VPOS="1150" HPOS="671"/>
							<String ID="string_300" HPOS="686" VPOS="1145" WIDTH="32" HEIGHT="20" WC="0.93" CONTENT="att"/><SP WIDTH="16" VPOS="1145" HPOS="718"/>
							<String ID="string_301" HPOS="734" VPOS="1144" WIDTH="108" HEIGHT="26" WC="0.87" CONTENT="uttrycket"/><SP WIDTH="15" VPOS="1144" HPOS="842"/>
							<String ID="string_302" HPOS="857" VPOS="1143" WIDTH="18" HEIGHT="26" WC="0.92" CONTENT="ej"/><SP WIDTH="17" VPOS="1143" HPOS="875"/>
							<String ID="string_303" HPOS="892" VPOS="1144" WIDTH="25" HEIGHT="19" WC="0.96" CONTENT="är"/>
						</TextLine>
						<TextLine ID="line_31" HPOS="94" VPOS="1172" WIDTH="827" HEIGHT="27">
							<String ID="string_304" HPOS="94" VPOS="1172" WIDTH="124" HEIGHT="27" WC="0.65" CONTENT="tillräckligt"/><SP WIDTH="23" VPOS="1172" HPOS="218"/>
							<String ID="string_305" HPOS="241" VPOS="1172" WIDTH="82" HEIGHT="27" WC="0.94" CONTENT="tydligt,"/><SP WIDTH="18" VPOS="1172" HPOS="323"/>
							<String ID="string_306" HPOS="341" VPOS="1173" WIDTH="26" HEIGHT="20" WC="0.96" CONTENT="dä"/><SP WIDTH="15" VPOS="1173" HPOS="367"/>
							<String ID="string_307" HPOS="382" VPOS="1173" WIDTH="75" HEIGHT="20" WC="0.93" CONTENT="endast"/><SP WIDTH="15" VPOS="1173" HPOS="457"/>
							<String ID="string_308" HPOS="472" VPOS="1173" WIDTH="186" HEIGHT="26" WC="0.92" CONTENT="lärarekollegium"/><SP WIDTH="16" VPOS="1173" HPOS="658"/>
							<String ID="string_309" HPOS="674" VPOS="1173" WIDTH="6" HEIGHT="20" WC="0.93" CONTENT="i"/><SP WIDTH="17" VPOS="1173" HPOS="680"/>
							<String ID="string_310" HPOS="697" VPOS="1173" WIDTH="116" HEIGHT="20" WC="0.92" CONTENT="allmänhet"/><SP WIDTH="15" VPOS="1173" HPOS="813"/>
							<String ID="string_311" HPOS="828" VPOS="1173" WIDTH="24" HEIGHT="20" WC="0.93" CONTENT="är"/><SP WIDTH="16" VPOS="1173" HPOS="852"/>
							<String ID="string_312" HPOS="868" VPOS="1177" WIDTH="53" HEIGHT="20" WC="0.92" CONTENT="upp-"/>
						</TextLine>
						<TextLine ID="line_32" HPOS="94" VPOS="1200" WIDTH="827" HEIGHT="28">
							<String ID="string_313" HPOS="94" VPOS="1203" WIDTH="66" HEIGHT="24" WC="0.96" CONTENT="taget,"/><SP WIDTH="17" VPOS="1203" HPOS="160"/>
							<String ID="string_314" HPOS="177" VPOS="1201" WIDTH="24" HEIGHT="21" WC="0.96" CONTENT="sä"/><SP WIDTH="20" VPOS="1201" HPOS="201"/>
							<String ID="string_315" HPOS="221" VPOS="1201" WIDTH="60" HEIGHT="21" WC="0.96" CONTENT="torde"/><SP WIDTH="16" VPOS="1201" HPOS="281"/>
							<String ID="string_316" HPOS="297" VPOS="1201" WIDTH="36" HEIGHT="21" WC="0.93" CONTENT="det"/><SP WIDTH="14" VPOS="1201" HPOS="333"/>
							<String ID="string_317" HPOS="347" VPOS="1201" WIDTH="19" HEIGHT="26" WC="0.96" CONTENT="ej"/><SP WIDTH="17" VPOS="1201" HPOS="366"/>
							<String ID="string_318" HPOS="383" VPOS="1201" WIDTH="76" HEIGHT="22" WC="0.93" CONTENT="saknas"/><SP WIDTH="15" VPOS="1201" HPOS="459"/>
							<String ID="string_319" HPOS="474" VPOS="1201" WIDTH="116" HEIGHT="27" WC="0.96" CONTENT="anledning"/><SP WIDTH="15" VPOS="1201" HPOS="590"/>
							<String ID="string_320" HPOS="605" VPOS="1203" WIDTH="32" HEIGHT="19" WC="0.93" CONTENT="att"/><SP WIDTH="15" VPOS="1203" HPOS="637"/>
							<String ID="string_321" HPOS="652" VPOS="1201" WIDTH="101" HEIGHT="21" WC="0.96" CONTENT="särskildt"/><SP WIDTH="16" VPOS="1201" HPOS="753"/>
							<String ID="string_322" HPOS="769" VPOS="1203" WIDTH="76" HEIGHT="19" WC="0.96" CONTENT="nämna"/><SP WIDTH="16" VPOS="1203" HPOS="845"/>
							<String ID="string_323" HPOS="861" VPOS="1200" WIDTH="60" HEIGHT="21" WC="0.96" CONTENT="detta"/>
						</TextLine>
						<TextLine ID="line_33" HPOS="94" VPOS="1229" WIDTH="123" HEIGHT="27">
							<String ID="string_324" HPOS="94" VPOS="1229" WIDTH="123" HEIGHT="27" WC="0.90" CONTENT="kollegium."/>
						</TextLine>
					</TextBlock>
				</ComposedBlock>
				<ComposedBlock ID="cblock_6" HPOS="94" VPOS="1284" WIDTH="828" HEIGHT="143">
					<TextBlock ID="block_5" HPOS="94" VPOS="1284" WIDTH="828" HEIGHT="86">
						<TextLine ID="line_34" HPOS="164" VPOS="1284" WIDTH="756" HEIGHT="29">
							<String ID="string_325" HPOS="164" VPOS="1286" WIDTH="111" HEIGHT="21" WC="0.96" CONTENT="Professor"/><SP WIDTH="16" VPOS="1286" HPOS="275"/>
							<String ID="string_326" HPOS="291" VPOS="1286" WIDTH="106" HEIGHT="22" WC="0.93" CONTENT="Cleve:"/><SP WIDTH="23" VPOS="1286" HPOS="397"/>
							<String ID="string_327" HPOS="420" VPOS="1286" WIDTH="32" HEIGHT="21" WC="0.93" CONTENT="Då"/><SP WIDTH="16" VPOS="1286" HPOS="452"/>
							<String ID="string_328" HPOS="468" VPOS="1287" WIDTH="125" HEIGHT="26" WC="0.91" CONTENT="inspektorn"/><SP WIDTH="16" VPOS="1287" HPOS="593"/>
							<String ID="string_329" HPOS="609" VPOS="1286" WIDTH="33" HEIGHT="21" WC="0.93" CONTENT="för"/><SP WIDTH="15" VPOS="1286" HPOS="642"/>
							<String ID="string_330" HPOS="657" VPOS="1286" WIDTH="158" HEIGHT="21" WC="0.92" CONTENT="normalskolan"/><SP WIDTH="11" VPOS="1286" HPOS="815"/>
							<String ID="string_331" HPOS="826" VPOS="1284" WIDTH="94" HEIGHT="22" WC="0.93" CONTENT="hvarken"/>
						</TextLine>
						<TextLine ID="line_35" HPOS="94" VPOS="1314" WIDTH="828" HEIGHT="28">
							<String ID="string_332" HPOS="94" VPOS="1317" WIDTH="25" HEIGHT="18" WC="0.91" CONTENT="är"/><SP WIDTH="26" VPOS="1317" HPOS="119"/>
							<String ID="string_333" HPOS="145" VPOS="1315" WIDTH="75" HEIGHT="21" WC="0.92" CONTENT="rektor"/><SP WIDTH="26" VPOS="1315" HPOS="220"/>
							<String ID="string_334" HPOS="246" VPOS="1315" WIDTH="53" HEIGHT="21" WC="0.93" CONTENT="eller"/><SP WIDTH="22" VPOS="1315" HPOS="299"/>
							<String ID="string_335" HPOS="321" VPOS="1315" WIDTH="74" HEIGHT="25" WC="0.91" CONTENT="lärare,"/><SP WIDTH="23" VPOS="1315" HPOS="395"/>
							<String ID="string_336" HPOS="418" VPOS="1315" WIDTH="42" HEIGHT="21" WC="0.96" CONTENT="kan"/><SP WIDTH="20" VPOS="1315" HPOS="460"/>
							<String ID="string_337" HPOS="480" VPOS="1315" WIDTH="38" HEIGHT="27" WC="0.89" CONTENT="jag"/><SP WIDTH="22" VPOS="1315" HPOS="518"/>
							<String ID="string_338" HPOS="540" VPOS="1315" WIDTH="18" HEIGHT="27" WC="0.89" CONTENT="ej"/><SP WIDTH="24" VPOS="1315" HPOS="558"/>
							<String ID="string_339" HPOS="582" VPOS="1316" WIDTH="50" HEIGHT="25" WC="0.91" CONTENT="inse,"/><SP WIDTH="24" VPOS="1316" HPOS="632"/>
							<String ID="string_340" HPOS="656" VPOS="1317" WIDTH="32" HEIGHT="19" WC="0.96" CONTENT="att"/><SP WIDTH="15" VPOS="1317" HPOS="688"/>
							<String ID="string_341" HPOS="703" VPOS="1315" WIDTH="37" HEIGHT="21" WC="0.96" CONTENT="det"/><SP WIDTH="15" VPOS="1315" HPOS="740"/>
							<String ID="string_342" HPOS="755" VPOS="1317" WIDTH="24" HEIGHT="18" WC="0.97" CONTENT="är"/><SP WIDTH="15" VPOS="1317" HPOS="779"/>
							<String ID="string_343" HPOS="794" VPOS="1317" WIDTH="31" HEIGHT="18" WC="0.93" CONTENT="ett"/><SP WIDTH="16" VPOS="1317" HPOS="825"/>
							<String ID="string_344" HPOS="841" VPOS="1314" WIDTH="81" HEIGHT="21" WC="0.93" CONTENT="lärare-"/>
						</TextLine>
						<TextLine ID="line_36" HPOS="94" VPOS="1343" WIDTH="123" HEIGHT="27">
							<String ID="string_345" HPOS="94" VPOS="1343" WIDTH="123" HEIGHT="27" WC="0.92" CONTENT="kollegium,"/>
						</TextLine>
					</TextBlock>
					<TextBlock ID="block_6" HPOS="164" VPOS="1400" WIDTH="552" HEIGHT="27">
						<TextLine ID="line_37" HPOS="164" VPOS="1400" WIDTH="552" HEIGHT="27">
							<String ID="string_346" HPOS="164" VPOS="1401" WIDTH="57" HEIGHT="20" WC="0.93" CONTENT="Herr"/><SP WIDTH="15" VPOS="1401" HPOS="221"/>
							<String ID="string_347" HPOS="236" VPOS="1401" WIDTH="163" HEIGHT="20" WC="0.89" CONTENT="talmannen"/><SP WIDTH="15" VPOS="1401" HPOS="399"/>
							<String ID="string_348" HPOS="414" VPOS="1400" WIDTH="126" HEIGHT="22" WC="0.93" CONTENT="framstälde"/><SP WIDTH="16" VPOS="1400" HPOS="540"/>
							<String ID="string_349" HPOS="556" VPOS="1401" WIDTH="52" HEIGHT="21" WC="0.92" CONTENT="härä"/><SP WIDTH="15" VPOS="1401" HPOS="608"/>
							<String ID="string_350" HPOS="623" VPOS="1400" WIDTH="93" HEIGHT="27" WC="0.96" CONTENT="följande"/>
						</TextLine>
					</TextBlock>
				</ComposedBlock>
				<ComposedBlock ID="cblock_7" HPOS="164" VPOS="1457" WIDTH="148" HEIGHT="27">
					<TextBlock ID="block_7" HPOS="164" VPOS="1457" WIDTH="148" HEIGHT="27">
						<TextLine ID="line_38" HPOS="164" VPOS="1457" WIDTH="148" HEIGHT="27">
							<String ID="string_351" HPOS="164" VPOS="1457" WIDTH="135" HEIGHT="27" WC="0.92" CONTENT="Proposition"/><SP WIDTH="8" VPOS="1457" HPOS="299"/>
							<String ID="string_352" HPOS="307" VPOS="1465" WIDTH="5" HEIGHT="14" WC="0.91" CONTENT=":"/>
						</TextLine>
					</TextBlock>
				</ComposedBlock>
				<ComposedBlock ID="cblock_8" HPOS="94" VPOS="1513" WIDTH="829" HEIGHT="57">
					<TextBlock ID="block_8" HPOS="94" VPOS="1513" WIDTH="829" HEIGHT="57">
						<TextLine ID="line_39" HPOS="164" VPOS="1513" WIDTH="759" HEIGHT="28">
							<String ID="string_353" HPOS="164" VPOS="1514" WIDTH="43" HEIGHT="21" WC="0.91" CONTENT="Vill"/><SP WIDTH="24" VPOS="1514" HPOS="207"/>
							<String ID="string_354" HPOS="231" VPOS="1514" WIDTH="87" HEIGHT="22" WC="0.91" CONTENT="ständet"/><SP WIDTH="21" VPOS="1514" HPOS="318"/>
							<String ID="string_355" HPOS="339" VPOS="1515" WIDTH="7" HEIGHT="20" WC="0.93" CONTENT="i"/><SP WIDTH="23" VPOS="1515" HPOS="346"/>
							<String ID="string_356" HPOS="369" VPOS="1515" WIDTH="48" HEIGHT="21" WC="0.93" CONTENT="4:de"/><SP WIDTH="22" VPOS="1515" HPOS="417"/>
							<String ID="string_357" HPOS="439" VPOS="1515" WIDTH="135" HEIGHT="26" WC="0.93" CONTENT="afdelningen"/><SP WIDTH="23" VPOS="1515" HPOS="574"/>
							<String ID="string_358" HPOS="597" VPOS="1515" WIDTH="72" HEIGHT="26" WC="0.92" CONTENT="intaga"/><SP WIDTH="23" VPOS="1515" HPOS="669"/>
							<String ID="string_359" HPOS="692" VPOS="1514" WIDTH="35" HEIGHT="21" WC="0.96" CONTENT="det"/><SP WIDTH="22" VPOS="1514" HPOS="727"/>
							<String ID="string_360" HPOS="749" VPOS="1514" WIDTH="22" HEIGHT="21" WC="0.93" CONTENT="af"/><SP WIDTH="20" VPOS="1514" HPOS="771"/>
							<String ID="string_361" HPOS="791" VPOS="1513" WIDTH="132" HEIGHT="28" WC="0.91" CONTENT="öfverlärarn"/>
						</TextLine>
						<TextLine ID="line_40" HPOS="94" VPOS="1541" WIDTH="829" HEIGHT="29">
							<String ID="string_362" HPOS="94" VPOS="1542" WIDTH="102" HEIGHT="22" WC="0.96" CONTENT="Kihlman"/><SP WIDTH="15" VPOS="1542" HPOS="196"/>
							<String ID="string_363" HPOS="211" VPOS="1543" WIDTH="122" HEIGHT="27" WC="0.93" CONTENT="föreslagna"/><SP WIDTH="15" VPOS="1543" HPOS="333"/>
							<String ID="string_364" HPOS="348" VPOS="1543" WIDTH="102" HEIGHT="27" WC="0.91" CONTENT="tillägget,"/><SP WIDTH="17" VPOS="1543" HPOS="450"/>
							<String ID="string_365" HPOS="467" VPOS="1543" WIDTH="184" HEIGHT="25" WC="0.83" CONTENT=",normalskolaus"/><SP WIDTH="15" VPOS="1543" HPOS="651"/>
							<String ID="string_366" HPOS="666" VPOS="1543" WIDTH="121" HEIGHT="26" WC="0.92" CONTENT="Inspektor-"/><SP WIDTH="12" VPOS="1543" HPOS="787"/>
							<String ID="string_367" HPOS="799" VPOS="1542" WIDTH="40" HEIGHT="21" WC="0.93" CONTENT="och"/><SP WIDTH="9" VPOS="1542" HPOS="839"/>
							<String ID="string_368" HPOS="848" VPOS="1541" WIDTH="75" HEIGHT="22" WC="0.46" CONTENT="Ofver-"/>
						</TextLine>
					</TextBlock>
				</ComposedBlock>
				<ComposedBlock ID="cblock_9" HPOS="1096" VPOS="316" WIDTH="21" HEIGHT="34">
					<TextBlock ID="block_9" HPOS="1096" VPOS="316" WIDTH="21" HEIGHT="34">
						<TextLine ID="line_41" HPOS="1096" VPOS="316" WIDTH="21" HEIGHT="34">
							<String ID="string_369" HPOS="1096" VPOS="316" WIDTH="21" HEIGHT="34" WC="0.81" CONTENT="/a"/>
						</TextLine>
					</TextBlock>
				</ComposedBlock>
				<GraphicalElement ID="cblock_10" HPOS="1114" VPOS="709" WIDTH="3" HEIGHT="387"></GraphicalElement >
			</PrintSpace>
		</Page>
	</Layout>
</alto>
