1117 1817
317 138 161 17 Presteståndet
490 138 55 17 1872.
570 139 26 17 24
608 138 48 22 maj.
827 132 53 22 1277

150 218 206 27 Kontraktsprosten
368 217 147 22 Granfelt
527 218 145 21 understödde
682 220 86 25 prosten
779 218 129 26 Rosengren.

151 276 142 26 Domprosten
312 274 141 22 Renvall:
477 274 89 22 Prosten
583 275 134 26 Rosengrens
733 275 100 26 farhågor
847 280 62 21 synas

83 304 42 27 mig
147 311 51 14 vara
219 303 86 22 alldeles
321 303 97 27 onödiga,
434 303 27 21 då
477 305 9 24 $
504 303 26 21 10
545 305 62 25 säger
622 305 32 19 att
670 303 40 22 den
725 309 84 21 person,
825 309 45 15 som
885 305 25 18 är

82 332 173 27 röstberättigad,
277 331 53 22 skall
353 338 50 15 vara
426 331 116 27 välfrejdad
557 332 39 21 och
612 331 63 22 hafva
690 331 55 22 finsk
761 331 148 27 medborgare-

82 363 50 19 rätt.
162 361 41 26 Jag
224 362 35 19 vet
281 360 52 25 icke,
356 360 54 21 huru
433 367 25 14 en
478 360 46 21 icke
540 360 81 21 kristen
637 361 41 21 kan
695 361 86 21 komma
796 360 31 21 till
842 360 67 27 åtnju-

82 390 65 21 tande
167 389 23 22 af
201 389 184 26 medborgarerätt
399 389 8 20 i
422 389 97 21 Finland.
550 389 49 20 Men
615 389 42 21 kan
673 389 41 21 han
731 390 82 25 engång
827 389 82 26 åtnjuta

82 418 55 21 finsk
163 417 182 27 medborgarerätt
368 417 40 22 och
431 419 23 19 är
477 417 123 27 välfrejdad,
622 417 24 22 så
669 417 40 22 bör
732 418 41 21 han
796 417 34 22 väl
845 417 64 22 också

82 446 73 22 kunna
169 446 21 21 få
205 446 66 27 väljas
286 445 31 22 till
333 445 184 28 stadsfullmägtig.

151 503 51 22 Vice
225 505 73 25 pastor
320 503 210 22 Westerlund:
561 504 144 26 Domprosten
729 503 89 22 Renvall
843 503 38 21 har
903 502 5 21 i

83 532 118 21 hufvudsak
223 531 134 22 förekommit
379 532 42 27 mig
443 532 40 21 och
504 532 36 27 jag
562 532 36 21 vill
618 531 83 22 derföre
716 532 73 21 förena
805 532 42 27 mig
863 531 46 21 med

85 561 83 21 honom.

154 618 30 21 På
206 617 50 22 herr
291 617 175 22 talmannens
489 617 156 28 framställning
668 618 112 27 godkände
796 617 84 22 ståndet
896 617 12 28 &

84 647 28 22 28
129 647 134 21 oförändrad.

152 699 15 26 $
181 699 30 21 29
226 698 121 26 godkändes
363 698 102 26 enhälligt
480 700 52 19 utan
548 698 126 22 diskussion.

153 755 100 21 Rörande
267 755 15 27 $
297 756 28 20 30
339 755 85 27 yttrade

153 812 153 28 Kyrkoherden
325 812 90 22 Roos:
445 812 41 21 Vid
502 813 13 20 4
530 812 12 28 &
558 818 38 15 var
611 812 36 21 det
662 812 59 26 fråga
737 818 34 15 om
787 814 31 19 att
833 813 77 24 antaga

85 843 104 25 guvernör
205 847 40 15 von
261 841 78 21 Essens
355 840 38 22 och
409 840 107 28 professor
526 841 124 21 Ehrströms
658 840 253 22 reservation
796 836 10 36 i
816 840 95 22 afseende

85 870 13 21 å
113 870 102 26 rättighet
230 869 33 21 till
279 869 108 27 afsägelse,
407 869 2 21 i
424 869 102 21 händelse
542 876 48 14 man
606 871 45 19 mot
666 869 31 21 sin
714 868 51 29 vilja
781 869 66 21 blifvit
863 868 47 22 vald

86 898 33 21 till
141 898 68 26 någon
232 898 97 21 funktion
351 898 56 21 inom
430 898 136 26 kommunen,
590 904 48 15 men
661 898 40 21 den
724 901 75 23 antogs
818 898 53 20 icke.
900 896 11 22 I

86 926 69 22 denna
177 926 100 27 paragraf
297 926 68 22 skulle
387 926 35 22 det
444 933 28 14 nu
488 927 27 26 gå
530 933 27 15 an
573 928 32 20 att
620 928 84 26 mycket
719 927 48 21 kort
783 926 86 27 tillägga
885 931 25 15 en

86 955 82 21 klausul
191 955 6 21 i
221 956 58 20 detta
301 955 59 27 syfte,
383 955 7 21 i
412 954 101 22 händelse
536 955 36 21 det
592 955 68 21 skulle
682 962 61 14 anses
758 954 83 28 skäligt.
871 954 40 26 Jag

86 983 33 22 för
140 984 41 20 min
205 983 33 22 del
261 984 73 27 tycker
355 986 32 18 att
409 984 35 21 det
466 986 25 18 är
506 983 64 22 hårdt
585 985 32 19 att
632 984 71 26 tvinga
719 984 68 26 någon
804 986 31 18 att
850 982 61 22 funk-

86 1013 82 21 tionera
190 1012 7 21 i
219 1018 26 15 en
265 1012 88 28 styrelse
375 1012 51 22 eller
446 1013 86 24 nämnd,
556 1012 26 22 då
604 1012 43 21 han
661 1012 47 22 icke
723 1018 63 16 anser
800 1012 31 26 sig
847 1010 64 22 hafva

86 1041 95 26 förmåga
211 1041 71 21 dertill
312 1040 51 22 eller
393 1040 23 22 af
444 1047 25 15 en
495 1041 52 21 eller
572 1047 70 15 annan
668 1041 112 26 anledning
804 1041 46 21 icke
877 1039 34 21 vill

87 1070 42 21 det.
160 1069 71 22 Skulle
252 1070 36 26 jag
311 1070 61 20 vinna
393 1069 116 21 understöd
532 1069 7 21 i
564 1070 59 20 detta
643 1069 99 22 afseende
765 1069 21 21 af
800 1069 73 25 andra,
888 1068 24 21 så

87 1098 74 28 tycker
179 1099 38 26 jag
239 1100 32 19 att
292 1104 48 15 man
355 1098 75 21 lättast
445 1098 67 21 skulle
527 1098 22 21 få
564 1098 124 26 paragrafen
705 1098 114 21 förändrad
834 1098 27 26 på
877 1098 35 20 det

87 1129 49 21 sätt,
159 1129 32 18 att
213 1133 48 15 man
284 1126 67 21 skulle
366 1126 55 27 gifva
437 1127 40 20 den
493 1126 91 27 följande
600 1126 91 27 lydelse:
708 1127 59 24 ,Den
783 1133 46 14 som
844 1124 68 22 blifvit

88 1155 48 21 vald
151 1155 31 21 till
197 1155 178 26 stadsfullmägtig
391 1155 51 21 eller
457 1161 71 15 annan
543 1155 139 21 kommunens
693 1155 135 21 funktionär"
840 1160 17 15 o.
867 1160 16 15 s.
893 1159 18 15 v.

88 1184 39 21 och
143 1184 64 21 sedan
223 1184 6 20 i
245 1183 36 22 det
295 1183 91 27 följande
401 1189 45 21 ,om
462 1183 43 21 han
521 1183 53 22 efter
589 1183 138 27 tjenstgöring
741 1183 8 21 i
759 1183 80 21 samma
849 1188 63 21 egen-

88 1211 64 28 skap"
176 1212 6 21 i
205 1212 71 21 stället
297 1212 32 21 för
350 1212 17 27 ,i
387 1212 107 26 egenskap
517 1212 23 21 af
557 1211 198 28 stadsfullmägtig'*.
785 1212 65 21 Detta
866 1210 47 21 med

88 1240 97 22 afseende
200 1241 13 21 &
229 1241 66 20 första
317 1247 63 14 mom.
396 1241 7 20 i
418 1240 132 27 paragrafen.
581 1240 125 22 Sedermera
721 1241 48 20 med
785 1239 98 22 afseende
899 1239 13 20 å

88 1269 66 21 andra
177 1275 62 16 mom.
262 1269 67 21 finner
349 1269 36 26 jag
400 1269 17 26 ej
434 1269 124 26 tillräckligt
573 1269 46 21 skäl
635 1271 32 19 att
682 1269 73 26 frängä
770 1269 40 21 den
826 1267 87 28 princip,

88 1304 45 15 som
155 1299 115 26 genomgär
292 1297 274 27 kommunalförfattningen
581 1298 27 26 pä
623 1297 78 24 landet,
718 1299 37 20 der
771 1297 35 21 det
821 1296 91 26 stadgas,

88 1328 32 19 att
143 1326 46 26 den,
213 1333 45 14 som
281 1328 23 19 är
325 1326 48 21 vald
388 1326 32 21 till
436 1326 94 21 ledamot
544 1327 7 20 i
566 1326 202 21 kommunalnämnd
783 1325 51 22 eller
849 1325 64 20 också

89 1354 32 21 till
144 1355 126 21 ordförande
293 1354 51 22 eller
367 1355 174 21 viceordförande
561 1354 8 21 i
583 1354 219 27 kommunalstämma,
818 1355 42 20 kan
875 1353 39 21 hos

88 1383 213 22 kommunalstämma
325 1383 53 21 söka
400 1382 98 23 befrielse
521 1382 39 22 och
582 1382 100 27 uppgifva
704 1383 79 25 skälen,
800 1383 27 26 pä
842 1381 71 21 hvilka

88 1411 42 22 han
152 1412 80 26 stödjer
254 1412 31 21 sin
309 1411 86 22 önskan.
426 1411 72 28 Enligt
522 1412 59 21 detta
603 1413 94 20 moment
718 1411 67 22 skulle
806 1411 26 21 de
848 1410 65 25 öfrige

88 1440 191 27 stadsfullmägtige
301 1440 20 21 fä
342 1441 73 26 afgöra
436 1441 7 20 i
466 1440 72 21 saken.
568 1440 40 27 Jag
626 1446 62 15 anser
704 1440 35 21 det
754 1446 58 15 mera
827 1438 86 26 analogt

89 1469 48 20 med
158 1469 39 20 den
213 1469 87 27 princip,
316 1475 46 15 som
379 1469 56 26 gjort
450 1469 31 26 sig
497 1468 57 21 förut
569 1468 104 27 gällande,
690 1470 31 19 att
737 1469 6 20 i
759 1468 91 27 enlighet
865 1466 48 21 med

89 1497 40 20 den
145 1497 111 26 kejserliga
271 1497 157 27 propositionen
443 1497 44 21 läta
503 1497 37 21 det
555 1503 50 15 vara
620 1497 194 22 rädhusstämmans
829 1496 38 21 sak
882 1497 33 19 att

88 1525 74 27 pröfva
177 1525 26 22 de
218 1525 82 26 hinder,
317 1532 44 15 som
377 1525 67 22 blifvit
459 1525 129 27 förebragta.
