1117 1817
219 145 56 21 1708
429 150 163 18 Presteståndet
604 152 56 16 1872.
686 152 19 16 11
717 151 52 21 juni.

341 259 148 34 Tisdagen
508 259 56 28 den
584 259 31 28 11
633 259 70 34 juni
721 259 42 28 kl.
781 259 33 28 12
832 267 39 19 m.

257 328 87 21 Plenum
361 329 108 26 öppnades
492 329 48 21 med
556 329 22 21 af
597 329 199 26 kontraktsprosten
811 329 80 21 Berner
905 329 28 26 på
947 328 68 22 finska

188 356 88 27 språket
291 357 71 21 hållen
377 357 48 21 bön.

258 499 42 22 Vid
321 500 52 21 härä
396 501 62 22 skedt
473 507 83 20 upprop
572 501 104 21 befunnos
691 501 96 21 ständets
803 500 97 27 samtlige
916 501 100 21 medlem-

189 534 46 15 mar
257 530 139 27 närvarande,
418 529 93 22 förutom
535 530 136 26 domprosten
687 529 96 27 Renvall,
809 536 45 15 som
871 529 24 22 af
907 529 58 22 förut
980 535 35 15 an-

189 557 92 21 tecknad
297 558 63 21 orsak
376 565 37 14 var
428 559 88 21 hindrad
533 560 33 19 att
581 558 79 21 infinna
675 559 36 26 sig.

257 700 85 22 Tvenne
362 701 198 27 protokollsutdrag
583 701 108 27 angående
713 701 96 22 ständets
825 702 67 20 under
907 701 107 27 gårdagen

188 728 81 22 fattade
286 729 69 22 beslut
371 731 109 26 upplästes
495 730 33 21 till
540 731 113 26 justering.

258 872 121 27 Föredrogs
402 879 24 15 en
450 873 112 22 skrifvelse
578 873 46 21 frän
640 873 141 27 lagutskottet
797 872 24 22 af
835 873 40 21 den
892 874 27 20 10
934 873 79 21 dennes

188 900 23 22 af
225 900 94 28 följande
334 902 91 26 lydelse:

241 986 108 24 FINLANDS
365 982 113 29 STÄNDERS

187 1029 345 55 Lagutskott.

199 1112 123 23 Helsingfors,
335 1113 34 17 den
381 1114 24 17 10
413 1113 47 22 juni
468 1114 52 17 1872

321 1147 26 18 JM
361 1148 38 17 133.

590 1080 41 21 Till
647 1080 138 27 Högvördiga
795 1079 162 23 Presteständet

257 1227 40 21 Vid
318 1227 150 28 föredragning
490 1228 22 21 af
534 1229 26 21 de
576 1229 203 26 protokollsutdrag,
796 1228 125 21 förmedelst
941 1227 73 22 hvilka

186 1255 100 27 samtliga
306 1256 95 21 Ständen
417 1257 95 26 delgifvit
528 1257 152 26 Lagutskottet
695 1258 46 20 sina
757 1257 70 21 beslut
842 1257 6 20 i
865 1257 112 25 anledning
992 1256 23 21 af

186 1283 60 22 Hans
267 1284 120 27 Kejserliga
409 1285 112 27 Majestäts
543 1286 78 26 nädiga
643 1286 141 27 proposition,
801 1285 109 27 angäende
925 1285 89 26 ändring

187 1312 40 21 och
242 1312 118 28 förklaring
375 1314 24 20 af
413 1315 23 20 21
456 1314 10 27 &
484 1315 26 20 10
525 1314 49 27 kap.
590 1315 24 20 R.
632 1315 31 25 B.,
679 1315 40 20 har
733 1314 154 27 Lagutskottet
903 1313 110 26 inhemtat,

187 1343 32 18 att
235 1341 49 22 dess
307 1343 40 20 den
363 1343 28 20 28
406 1343 113 26 nyssvikne
534 1343 43 26 Maj
593 1343 82 26 afgifna
690 1343 136 21 betänkande
841 1343 7 20 i
864 1342 113 27 anledning
993 1343 23 20 af

187 1369 149 26 omförmälda,
359 1371 78 26 nådiga
459 1371 133 27 proposition
616 1372 68 21 blifvit
700 1371 23 21 af
737 1371 100 27 samtliga
853 1371 94 21 Ständen
963 1371 49 26 god-

187 1397 67 22 kändt
277 1399 6 20 i
306 1399 39 21 allt
367 1399 70 28 öfrigt,
457 1402 59 19 utom
532 1402 32 19 att
579 1400 156 27 Ridderskapet
751 1400 40 21 och
806 1400 69 21 Adeln
891 1400 82 25 antagit
988 1405 25 15 en

187 1426 116 27 sälydande
325 1428 92 26 ingress:
442 1429 62 24 ,Med
520 1429 90 26 ändring
626 1429 38 21 och
680 1429 118 26 förklaring
812 1428 23 21 af
850 1429 25 20 21
893 1428 12 27 &
923 1429 26 20 10
964 1428 48 26 kap.

186 1455 24 20 R.
227 1455 24 21 B.
268 1456 76 21 varder
359 1457 121 26 stadgadt*,
496 1459 55 19 samt
566 1459 32 19 att
613 1457 104 27 Borgare-
732 1457 39 22 och
787 1457 163 21 Bondeständen
967 1456 46 21 från

187 1483 41 21 den
251 1484 24 21 af
295 1485 153 26 Lagutskottet
470 1485 121 28 föreslagna
606 1485 211 27 författningstexten
833 1485 98 21 uteslutit
947 1485 66 21 orden

187 1518 48 18 »Om
251 1513 100 21 anmälan
367 1513 39 22 hos
421 1513 115 22 Hofrätten
552 1514 39 21 och
607 1514 72 21 vidare
695 1515 139 26 iakttagelser
843 1514 109 21 derefter".
969 1514 44 21 Och

187 1544 56 19 emte
268 1542 36 21 det
327 1542 41 21 den
384 1543 28 26 af
427 1543 157 26 Ridderskapet
600 1543 39 21 och
655 1543 68 22 Adeln
739 1545 93 24 antagna
848 1543 81 26 ingress
945 1543 67 24 torde,
