1117 1817
43 16 726 36 n
988 12 129 44 N

347 160 160 18 Presteständet
520 162 55 17 1872.
600 162 26 17 29
639 162 47 21 maj.
854 157 54 21 1429

179 241 24 27 O)
225 241 44 21 från
293 240 185 28 borgareständet:
502 242 21 27 1)
550 241 21 22 af
592 241 40 22 den
654 243 34 25 21,
709 241 28 22 23
753 241 39 22 och
808 242 27 21 25
852 241 85 26 dennes,

112 270 22 21 sä
147 269 100 28 lydande:

385 309 82 27 Utdrag
478 310 22 21 af
510 309 191 28 Borgareständets
712 309 107 28 protokoll
827 309 35 22 vid
868 309 70 22 landt-

317 339 67 26 dagen
399 339 6 20 i
422 339 131 26 Helsingfors
570 338 39 21 den
625 339 34 26 21,
676 339 27 20 23
720 338 38 21 och
775 339 26 20 25
818 339 40 26 maj
876 338 60 22 1872.

179 383 120 27 Föredrogs
322 383 178 22 Bankutskottets
523 383 135 22 betänkande
681 383 40 21 N:o
738 385 13 19 4
766 383 6 21 i
788 383 113 27 anledning
917 383 22 21 af

112 412 37 21 det
171 412 46 21 utaf
239 412 128 21 Ständernes
385 412 194 27 Bankfullmäktige
595 412 119 27 uppgjorda
729 411 79 27 förslag
824 411 31 22 till
870 412 67 27 regle-

112 443 69 19 mente
195 441 33 20 för
243 440 101 21 Finlands
359 441 67 25 Bank,
440 441 66 26 jemte
522 443 31 18 ett
568 441 68 20 under
651 441 40 20 N:o
707 442 12 20 5
736 440 87 27 afgifvet
837 440 100 22 särskildt

113 469 133 21 betänkande
262 469 108 26 angående
385 469 11 27 8
412 470 12 20 5
441 469 21 21 af
476 469 107 27 förslaget.

179 498 41 21 Vid
243 497 98 22 ärendets
365 497 128 27 behandling
515 498 69 21 beslöt
605 497 181 27 Borgareståndet
809 497 32 22 till
860 497 77 22 nedan-

113 527 90 20 nämnda
218 526 115 26 ändringen
349 526 6 21 i
371 526 91 27 följande
478 527 27 26 $$
522 526 21 21 af
558 526 150 25 betänkandet,
725 526 114 27 nemligen:

181 555 14 26 $
210 557 20 19 3.
261 554 60 22 Efter
342 555 62 21 skedt
419 555 201 26 tillkännagifvande
636 555 72 21 derom
725 557 32 18 att
772 555 51 20 sista
839 561 62 14 mom.
917 554 22 21 af

112 583 204 26 Bankfullmäktiges
339 583 77 27 förslag
437 583 32 22 till
490 584 70 21 denna
582 583 11 28 $
613 583 67 21 blifvit
702 583 23 21 af
739 583 86 26 misstag
840 583 45 21 från
902 583 35 20 be-

112 612 117 21 tänkandet
251 612 148 25 bortlemnadt,
421 611 79 22 beslöts
516 615 32 18 att
564 612 124 25 detsamma,
705 612 78 21 hvilket
798 612 23 21 af
833 612 104 26 Borgare-

112 641 86 21 ståndet
223 640 128 27 godkändes,
367 640 67 22 skulle
450 641 6 20 i
472 641 138 26 reglementet
626 641 89 26 intagas,
731 641 24 20 så
771 640 98 27 lydande:
894 640 43 27 ,De

112 669 136 21 härförinnan
267 669 103 27 beviljade
386 669 99 27 anslagen
502 670 32 20 för
550 669 123 24 dårvården,
690 669 32 21 för
737 669 145 21 realskolorna
898 668 40 21 och

112 697 33 21 för
163 697 104 22 särskilda
277 697 103 21 anstalter
392 697 31 21 till
434 698 138 26 jordbrukets
582 697 156 27 upphjelpande
749 697 60 21 skola
820 697 54 21 dock
885 697 52 21 tills-

112 726 71 21 vidare
199 727 50 25 utgå
264 726 47 21 med
327 726 64 21 redan
407 726 102 26 stadgade
525 726 94 26 belopp".

180 754 16 27 $
209 756 20 19 4.
261 754 133 26 Godkändes,
409 754 89 22 sålunda
514 754 64 22 likväl
595 756 31 19 att
636 754 91 22 särskild
738 754 131 26 underdånig
880 754 57 21 hem-

112 782 77 22 ställan
204 783 6 21 i
227 785 70 19 ämnet
312 783 68 21 skulle
395 785 62 25 göras
472 786 56 18 samt
544 786 31 18 att
590 784 105 20 utskottet
711 783 102 26 derjemte
829 782 65 22 borde
904 784 34 19 ut-

113 812 74 20 arbeta
210 812 121 20 alternativt
352 812 80 26 förslag
455 812 33 20 till
511 812 40 21 den
567 811 79 27 lydelse
662 812 33 26 S:n
711 812 84 20 komme
810 814 32 18 att
857 811 81 21 erhålla
1112 807 4 37 |

112 840 33 20 för
160 840 39 21 den
216 840 100 21 händelse
332 842 31 19 att
379 840 59 21 Hans
454 840 118 27 Kejserliga
587 840 100 26 Majestät
706 840 45 21 icke
767 840 68 21 skulle
850 840 6 20 i
872 840 66 20 näder
1112 836 3 34 |

113 868 72 22 bifalla
206 868 70 22 dertill
299 871 32 19 att
352 869 150 21 Direktionens
518 869 32 21 för
565 868 101 22 Finlands
682 868 60 22 Bank
757 868 118 27 befattning
889 868 49 21 med
1115 851 2 64 |

112 899 65 19 stats-
193 897 39 21 och
248 897 162 21 militieverkens
425 898 75 20 fonder
516 897 110 27 upphörde
637 897 39 21 och
689 897 86 21 hvarvid
783 896 78 27 jemväl
872 896 66 22 borde

112 925 22 22 af
155 926 105 20 utskottet
283 926 88 21 föreslås
394 926 25 21 de
442 926 115 26 ändringar
578 926 7 20 i
601 925 67 27 öfriga
684 926 24 26 $$
724 925 39 21 och
777 925 8 21 i
800 928 76 23 staten,
892 931 46 15 som
1115 920 1 54 |

112 954 60 21 deraf
187 954 127 26 päkallades,
333 955 5 20 i
354 954 51 27 följd
422 954 72 22 hvaraf
509 954 192 27 Borgareständets
716 954 70 21 beslut
801 954 6 21 i
824 954 61 21 dessa
901 954 36 20 de-

112 982 32 22 lar
159 982 22 22 af
194 983 89 21 ärendet
297 983 54 25 finge
367 983 109 21 betraktas
492 984 70 20 såsom
578 983 75 21 endast
668 982 107 27 vilkorligt
791 982 108 27 vidtagna.
1114 984 1 12 |

180 1011 15 27 $
209 1013 36 20 27.
276 1012 95 20 Emedan
391 1012 35 20 det
441 1012 6 20 i
463 1012 69 20 denna
548 1013 11 25 8
575 1012 67 20 under
658 1018 62 16 mom.
737 1011 13 21 d
766 1010 172 22 förekommande

111 1040 124 25 stadgande,
251 1042 32 19 att
297 1040 102 26 gäldenär
411 1040 53 21 skall
480 1046 76 20 genom
569 1040 131 26 egenhändig
709 1040 146 26 anteckning
844 1035 12 35 å
865 1039 72 21 skuld-

112 1068 57 21 sedel
193 1068 61 21 hafva
277 1069 108 26 medgifvit
407 1069 47 21 dess
476 1069 146 26 pantsättning
644 1069 7 21 i
677 1068 93 26 Banken,
786 1068 42 22 kan
844 1067 93 22 medföra

112 1096 108 27 betydliga
243 1096 130 27 svärigheter
396 1097 39 21 och
458 1098 116 26 omgängar
594 1098 7 20 i
622 1098 26 20 de
670 1096 42 25 fall,
729 1097 26 21 dä
770 1097 128 27 gäldenären
914 1098 24 19 är

112 1124 71 21 bosatt
202 1126 13 20 &
230 1132 68 14 annan
315 1128 34 18 ort
364 1128 27 19 än
407 1126 46 25 den,
470 1126 38 21 der
523 1126 120 21 skuldsedel
659 1126 106 21 användes
781 1126 68 21 säsom
865 1125 73 20 säker-

111 1153 37 21 het
169 1153 32 21 för
215 1153 35 22 län
265 1160 25 15 ur
305 1154 94 25 Banken,
416 1154 64 21 borde
497 1154 155 21 ofvannämnda
667 1154 116 25 stadgande
799 1153 77 22 ändras
891 1153 47 21 der-

111 1181 48 26 hän,
177 1184 31 19 att
224 1183 89 20 berörde
329 1183 126 26 anteckning
470 1183 18 26 ej
505 1182 90 21 behöfde
611 1182 138 26 ovilkorligen
765 1184 63 25 göras
834 1177 13 37 ä
864 1181 74 27 sjelfva

110 1210 142 26 skuldsedeln,
269 1213 50 19 utan
335 1210 60 22 äfven
411 1212 27 25 pä
454 1214 65 18 annat
534 1213 43 19 sätt
592 1211 100 21 affattadt
701 1210 100 27 skriftligt
812 1210 125 27 begifvande

111 1239 32 20 till
156 1239 146 22 skuldsedelns
319 1239 177 28 hypothiserande
512 1240 6 20 i
534 1239 88 22 Banken
637 1239 55 26 finge
707 1239 106 21 aflemnas.

179 1268 16 27 $
209 1269 34 20 31.
274 1269 81 25 Antogs
371 1268 65 27 enligt
451 1268 205 26 Bankfullmäktiges
672 1267 84 27 förslag.

180 1297 15 25 $
210 1298 34 19 73.
276 1296 39 21 Till
339 1296 65 22 orden
428 1297 65 24 ,eller
509 1299 39 18 när
562 1297 151 21 Direktionens
730 1296 126 21 ordförande
871 1295 66 22 sädan

111 1324 158 27 Ofverläggning
285 1325 76 26 begär"
378 1325 68 21 skulle
461 1325 98 26 tilläggas
575 1325 53 25 ,och
643 1325 153 26 Fullmäktiges
812 1323 127 22 ordförande

112 1353 70 21 dertill
205 1353 104 26 bifaller",
333 1353 52 22 eller
404 1356 66 19 annat
492 1354 68 27 dylikt
581 1354 92 26 uttryck,
696 1360 44 15 som
756 1353 88 21 innebär
859 1354 32 19 att
907 1352 31 21 till

110 1384 131 23 gemensamt
263 1382 157 21 sammanträde
443 1382 6 21 i
472 1382 60 21 detta
554 1382 36 21 fall
614 1382 110 21 fordrades
739 1382 46 21 icke
800 1381 91 22 allenast
906 1383 32 19 att

110 1410 206 21 Bankdirektionens
337 1411 128 20 ordförande
486 1411 76 21 sådant
584 1411 85 25 eskade,
692 1413 51 18 utan
765 1410 40 22 ock
820 1412 32 19 att
867 1409 71 22 Bank-

111 1438 142 27 fullmäktiges
269 1439 127 21 ordförande
412 1439 70 21 dertill
498 1439 123 27 samtyckte.

179 1468 14 25 $
209 1469 34 19 98.
274 1467 41 21 Vid
331 1467 70 22 denna
415 1467 11 28 $
444 1467 66 22 borde
525 1467 73 27 tillägg
613 1469 62 24 göras
686 1467 73 21 derom
771 1469 33 19 att
815 1467 26 21 dä
852 1467 85 26 tjenste-

111 1501 48 15 man
180 1495 51 22 eller
254 1495 81 27 betjent
357 1496 6 21 i
383 1495 87 22 Banken
494 1497 27 26 pä
540 1496 42 21 viss
597 1496 31 21 tid
644 1495 67 22 blifvit
726 1495 46 22 frän
788 1495 101 27 tjenstens
905 1497 33 19 ut-

111 1523 72 27 öfning
204 1524 61 26 skild,
287 1524 68 21 skulle
371 1524 93 21 beslutet
480 1524 80 26 derom,
576 1524 61 21 äfven
653 1530 34 15 om
703 1524 117 21 detsamma
835 1523 104 22 öfverkla-

110 1552 71 27 gades,
197 1555 75 24 genast
287 1553 26 26 gå
329 1553 6 20 i
351 1552 167 27 verkställighet.
