1117 1817
228 124 55 21 1370
439 130 163 18 Presteståndet
616 131 56 17 1872.
692 130 25 17 27
729 130 48 21 maj.

266 210 120 27 Föredrogs
411 210 174 22 statsutskottets
610 210 118 27 bordlagda
752 210 135 21 betänkande
914 210 110 25 angående

199 238 99 25 samtliga
313 239 34 21 vid
362 238 129 28 landtdagen
508 239 24 20 år
550 239 54 21 1872
619 239 125 26 ifrågasatta
759 238 75 27 anslag
849 240 56 19 samt
915 239 65 20 sättet
990 237 35 22 för

198 266 138 23 anskaffande
358 267 23 22 af
402 268 69 21 medel
494 267 32 22 till
550 267 114 25 desamma,
680 267 89 27 afgifvet
783 267 28 26 pä
825 267 69 27 grund
910 267 22 21 af
946 267 26 21 36
988 267 35 26 Si

198 295 230 28 landtdagsordningen
451 297 41 21 den
518 297 24 20 15
559 296 54 27 april
631 297 60 20 1869.
720 296 161 21 Betänkandets
897 295 67 22 första
979 301 45 16 mo-

198 326 59 19 ment
272 324 13 21 å
299 325 60 21 sidan
376 326 12 20 5
403 325 125 26 godkändes
544 325 103 26 enhälligt
662 327 51 19 utan
730 325 127 20 diskussion.

266 393 78 21 Likaså
359 394 68 21 andra
442 395 116 20 momentet
574 393 12 22 å
602 393 60 22 sidan
678 394 19 21 6.

266 461 115 28 Angående
396 462 69 27 tredje
480 464 129 19 momentets
624 462 67 21 första
705 463 70 26 punkt
791 462 12 21 å
818 462 61 21 sidan
896 463 13 20 9
920 462 104 27 begärdes

198 489 62 22 ordet
275 490 54 22 först
344 491 23 20 af

266 557 87 24 Rektor
363 560 169 21 Rosendal:
556 559 41 28 Jag
612 559 90 22 utbeder
717 560 44 26 mig
776 562 33 19 att
822 560 23 21 få
860 560 55 21 fästa
928 559 95 22 ståndets

197 588 190 26 uppmärksamhet
401 588 28 27 på
444 589 166 26 formuleringen
626 589 23 20 af
662 588 140 22 förevarande
817 591 101 25 moment,
935 589 36 20 der
986 589 37 20 det

197 615 71 22 heter:
293 619 46 22 att
360 617 82 21 landets
466 617 112 27 högloflige
601 617 112 27 ständer,
710 611 13 38 i
730 617 102 22 händelse
851 618 26 21 de
892 617 83 22 besluta
990 619 32 19 att

197 645 64 26 åtaga
276 645 32 28 sig
323 646 84 26 garanti
422 646 34 21 för
472 653 41 20 nya
528 646 91 21 statslån
634 646 32 21 till
680 646 171 27 jernvägsnätets
864 645 159 26 utsträckande,

196 674 67 20 måtte
278 680 25 14 ur
319 674 285 21 kommunikationsfondens
620 675 113 26 tillgångar
749 675 80 26 årligen
845 675 82 25 anslä;*
943 680 19 16 o.
975 681 15 14 s.
1001 680 19 15 v.

196 702 76 21 hvaraf
285 702 62 27 följer
362 705 32 19 att
409 705 31 19 ett
455 703 155 27 godkännande
626 703 22 21 af
663 704 59 20 detta
737 706 94 18 moment
847 704 87 20 innebär
944 706 31 18 ett
986 703 36 21 be-

197 730 42 22 slut
255 737 34 15 om
305 733 31 19 ett
351 732 76 20 sädant
442 732 96 21 statslän.
561 732 65 21 Detta
642 734 24 18 är
682 732 53 21 dock
752 738 25 15 en
789 732 44 24 sak,
847 738 45 15 som
905 738 62 20 synes
980 732 42 26 mig

197 759 44 21 täla
263 762 32 18 att
318 760 66 21 tänka
405 760 27 27 pä
450 760 65 26 nägot
530 766 85 21 nogare.
646 761 42 21 För
704 761 41 21 min
763 761 33 21 del
812 761 69 21 skulle
893 761 38 26 jag
946 760 76 22 ätmin-

197 790 60 19 stone
274 788 86 22 besinna
376 789 42 27 mig
433 789 65 21 minst
513 789 36 21 tvä
562 789 87 27 gänger,
665 790 64 20 innan
743 790 35 26 jag
794 790 125 21 fördriftade
935 790 40 26 mig
988 791 34 19 att

197 816 90 27 bidraga
309 817 32 21 till
364 820 32 18 ett
411 818 67 26 dylikt
496 818 76 21 beslut.
603 818 26 21 Vi
645 818 63 21 hafva
723 818 110 22 allaredan
850 818 81 27 lyckats
946 818 76 21 arbeta

197 851 35 15 oss
254 852 43 20 upp
320 846 33 20 till
373 852 25 15 en
415 846 115 22 statsskuld
547 846 23 21 af
583 847 134 26 44,000,000.
747 847 76 21 Denna
838 847 35 21 vill
886 853 47 15 man
947 853 27 15 nu
988 849 32 24 yt-

197 874 100 23 terligare
313 874 41 21 öka
369 875 48 21 med
432 876 28 20 20
476 875 97 27 miljoner
588 888 28 3 —
631 882 25 14 en
672 876 149 21 konsiderabel
838 882 81 14 summa
935 882 41 20 nog
988 875 34 21 för

195 904 31 20 ett
249 902 57 26 land,
329 903 77 21 sädant
428 910 45 15 som
496 904 53 22 värt.
579 904 49 21 Man
648 904 41 21 kan
705 904 52 21 visst
773 906 57 25 säga,
846 906 32 19 att
893 904 36 21 det
941 903 24 27 ju
980 904 40 20 har

195 931 62 27 ingen
273 932 41 20 nöd
331 932 48 21 med
395 932 71 25 saken,
482 933 28 21 dä
525 939 49 15 man
590 933 39 21 har
644 933 125 27 tillräckligt
785 933 67 21 medel
865 933 32 21 till
909 934 60 19 ränta
980 932 40 21 och

194 960 131 26 amortering
334 960 30 22 uti
373 961 26 21 de
407 967 75 21 genom
494 961 186 21 bränvinsskatten
691 962 80 26 årligen
783 962 115 26 inflytande
909 961 111 23 1,165.000

194 988 67 26 mark,
285 995 48 15 men
355 990 74 26 frägan
452 992 24 19 är
496 990 46 26 just
563 996 34 15 om
613 997 48 14 man
677 990 108 27 verkligen
800 991 42 21 kan
857 990 49 21 med
921 990 99 21 säkerhet

194 1016 96 28 päräkna
313 1018 62 21 dessa
399 1019 116 26 1,165,000.
546 1019 66 21 Detta
633 1025 62 15 anser
715 1020 38 26 jag
768 1026 51 14 vara
836 1018 95 28 omöjligt
946 1021 32 18 att
992 1018 29 27 pä

193 1045 92 22 förhand
307 1049 55 18 veta.
392 1046 38 22 Om
452 1054 49 14 man
524 1054 29 14 nu
568 1048 68 20 skulle
652 1050 51 19 utan
718 1048 79 26 vidare,
814 1048 39 21 och
869 1050 51 19 utan
936 1049 32 19 att
982 1053 38 15 ens

194 1074 58 21 tiden
276 1076 39 20 när
331 1075 38 21 och
386 1077 66 20 sättet
467 1076 55 21 huru
538 1076 36 21 det
592 1076 145 27 ifrägakomna
754 1077 59 21 länet
826 1077 67 21 borde
908 1079 110 23 upptagas,

193 1109 50 15 vore
266 1103 27 27 pä
315 1103 128 27 aflägsnaste
466 1106 42 20 sätt
530 1105 100 27 antydda,
651 1105 54 21 fatta
720 1106 72 20 beslut
807 1112 34 14 om
857 1106 122 24 detsamma,
996 1104 24 22 sä

193 1131 69 21 skulle
277 1131 77 22 sädant
369 1133 134 26 naturligtvis
518 1134 109 25 innebära,
643 1136 33 18 att
691 1134 36 20 det
743 1134 54 26 finge
813 1134 6 21 i
835 1134 32 21 sin
883 1133 71 21 helhet
967 1139 52 21 upp-

193 1162 61 23 tagas
277 1160 32 21 till
333 1161 39 21 och
388 1162 47 21 med
450 1164 74 24 genast
540 1162 54 21 efter
610 1163 139 26 landtdagens
765 1163 49 20 slut.
844 1162 43 21 För
903 1162 42 21 min
960 1162 60 26 ringa

193 1188 33 21 del
249 1191 46 18 tror
314 1189 44 27 jag,
380 1192 32 19 att
428 1190 36 21 det
479 1197 49 14 vore
544 1190 34 21 för
593 1191 42 21 alla
651 1191 113 21 händelser
779 1191 84 21 säkrast
877 1193 33 18 att
925 1191 46 20 med
988 1192 31 19 ett

193 1217 77 21 sådant
293 1217 133 28 läneföretag
448 1219 69 21 skulle
536 1219 62 21 anstå
614 1219 127 22 åtminstone
758 1222 31 19 ett
804 1226 44 19 par,
863 1222 33 19 tre
911 1219 30 24 är,
958 1219 61 21 hvar-

192 1245 69 22 under
277 1247 62 20 dessa
358 1248 112 23 1,165.000
484 1248 68 27 ärliga
567 1248 66 25 mark,
649 1248 136 27 naturligtvis
800 1248 69 21 skulle
885 1248 54 26 stiga
949 1248 32 21 till
992 1254 27 15 en

192 1273 47 22 icke
259 1275 24 20 sä
298 1275 52 21 liten
365 1282 91 19 summa,
471 1276 101 22 hvarmed
588 1277 32 21 till
636 1283 26 14 en
678 1277 74 26 början
769 1279 31 19 ett
814 1277 83 21 mindre
909 1277 109 26 jernvägs-

191 1302 86 27 företag
292 1303 71 22 kunde
379 1305 87 21 utföras.

194 1399 4 4 N
263 1371 91 22 Prosten
371 1372 161 28 Grönberg:
562 1373 41 22 Till
618 1374 170 27 jernvägsnätets
806 1374 147 27 ntsträckning
970 1374 49 22 ville

189 1405 38 21 jag
242 1399 33 22 för
290 1401 42 20 min
349 1401 34 21 del
398 1401 86 22 förorda
499 1402 111 21 inhemska
625 1403 41 26 län,
679 1403 39 22 och
729 1404 48 20 med
789 1403 40 22 den
840 1403 179 27 förutsättningen

191 1428 126 27 godkänner
330 1429 37 27 jag
384 1431 8 20 1
410 1432 122 20 momentet.

253 1497 216 33 WKontraktsprosten
494 1499 76 22 doktor
594 1500 141 27 Alopeus:
766 1501 41 26 Jag
823 1501 63 27 hyser
901 1501 64 22 också
980 1503 37 23 be-

190 1525 145 28 tänkligheter
351 1527 34 21 vid
404 1529 32 20 att
451 1528 85 21 absolut
550 1529 114 26 godkänna
678 1529 133 22 närvarande
829 1532 9 18 1
855 1533 100 22 moment,
971 1532 46 22 der-
