1117 1817
332 140 161 18 Presteståndet
507 140 55 17 1872.
588 140 23 17 14
621 140 53 21 juni.
839 133 55 21 1753

95 223 54 25 göra
172 227 26 15 en
220 221 105 26 byggnad.
355 221 41 26 Jag
418 222 45 19 tror
482 223 38 23 att,
536 227 34 15 om
586 220 47 21 icke
648 220 69 27 någon
733 219 194 27 sammanhållning

96 250 67 21 finnes
182 249 3 21 i
201 249 40 21 den
264 255 157 21 gemensamma
442 248 102 23 kärleken
567 249 33 21 till
620 248 185 22 fäderneslandets
820 248 65 27 lagar,
902 248 24 21 så

96 278 72 27 hjelpa
189 278 47 21 icke
252 278 25 21 de
293 280 56 25 yttre
369 284 107 15 murarna.
506 277 34 22 Då
554 284 49 15 man
619 277 33 21 vid
677 278 69 20 denna
761 277 104 26 landtdag
879 276 47 21 icke

96 307 40 21 har
159 307 87 26 beviljat
267 306 69 21 medel
358 307 33 20 till
412 307 32 20 för
467 306 49 21 hela
535 306 73 21 landet
623 306 79 27 vigtiga
717 305 100 22 ändamål
833 305 50 21 eller
899 305 28 21 då

96 341 50 16 man
168 335 128 21 åtminstone
319 335 38 21 har
380 335 93 21 minskat
496 335 55 21 hvad
573 341 44 15 som
635 335 69 21 blifvit
719 335 91 26 begärdt
824 334 33 21 för
872 334 55 21 folk-

97 364 244 26 skoleundervisningen,
358 363 118 22 dårvården
493 363 40 22 och
548 363 204 27 fängelseväsendet,
769 363 24 21 så
808 363 74 27 tycker
890 363 37 26 jag

96 394 34 19 att
153 392 36 21 det
211 395 60 24 tager
286 393 32 26 sig
332 393 37 21 illa
385 394 23 19 ut
423 394 33 19 att
472 392 76 27 bevilja
563 399 26 14 en
602 392 46 21 half
661 392 72 27 miljon
749 392 62 21 mark
827 392 32 21 till
874 397 53 22 upp-

96 421 91 50 Pa
207 421 24 21 af
250 423 31 19 ett
301 421 46 26 hus,
369 427 46 15 som
438 421 96 22 kommer
550 423 32 19 att
597 421 107 27 begagnas
720 422 13 20 4
748 421 103 20 mänader
865 421 63 20 hvart

106 451 55 20 emte
177 450 30 21 är.

167 517 90 23 Prosten
280 518 98 27 Hjelt:
408 518 42 27 Jag
471 518 33 21 för
526 519 42 20 min
592 519 34 21 del
650 518 68 21 skulle
741 518 64 21 ocksä
831 518 97 27 afstyrka

97 547 159 26 inbjudningen,
279 546 32 21 till
324 547 47 21 dess
386 547 91 26 hindret,
501 553 45 15 som
569 547 39 21 har
633 547 55 21 varit
703 547 90 21 orsaken
810 547 69 21 dertill
895 548 33 19 att

98 575 157 22 bondeständet
277 575 47 22 icke
346 576 41 20 har
409 576 82 21 kunnat
513 576 84 21 biträda
619 576 117 21 utskottets
756 575 86 28 förslag,
859 575 69 21 blifvit

98 605 150 26 undandröjdt.

168 673 153 26 Kyrkoherden
345 673 168 21 Snellman:
544 673 68 21 Äfven
633 674 36 26 jag
692 674 68 20 skulle
786 673 95 27 afstyrka
896 673 33 21 in-

98 701 130 27 bjudningen
244 702 27 26 pä
287 702 39 20 den
341 702 69 26 grund
426 702 154 27 förnämligast,
596 704 32 19 att
642 702 37 27 jag
694 704 59 24 tager
769 702 33 21 för
817 702 66 26 gifvet
895 703 33 19 att

99 730 150 26 ridderskapet
271 730 39 21 och
334 731 61 21 adeln
421 730 97 22 kommer
540 732 32 19 att
592 732 53 25 göra
668 737 26 15 en
715 731 66 21 sädan
797 730 131 27 inbjudning.

100 758 75 21 Skälet
197 759 32 21 till
252 759 168 21 bondeständets
436 761 78 25 vägran
530 762 33 18 att
578 760 68 20 inlösa
662 760 137 20 riddarhuset
814 759 39 21 och
869 759 61 21 verk-

100 787 63 21 ställa
179 787 158 27 tillbyggnaden
353 790 30 22 är,
400 788 53 21 efter
469 788 56 20 hvad
539 788 36 26 jag
590 788 56 26 hört,
662 790 33 19 att
710 788 157 21 bondeståndet
882 788 47 20 icke

100 815 55 21 hade
170 816 65 21 fattat
251 817 62 24 klart,
329 816 105 22 huruvida
450 817 100 27 möjligen
566 817 146 27 skyldigheten
728 819 31 19 att
771 816 119 22 återbetala
903 817 26 20 de

102 844 90 24 152,000
208 851 26 15 m.
250 845 100 21 hvarmed
365 846 137 20 riddarhuset
517 847 24 19 är
556 846 121 26 graveradt,
694 846 67 20 skulle
772 846 87 26 åläggas
870 847 60 19 stän-

99 872 73 24 derna,
189 873 45 21 ifall
250 874 137 21 riddarhuset
402 874 68 21 skulle
486 874 85 21 inlösas.
608 874 49 21 Men
674 874 53 21 efter
742 874 55 22 hvad
811 874 36 27 jag
863 874 67 21 hörde

100 902 7 20 i
123 901 38 26 går
177 902 23 20 af
213 908 25 14 en
256 902 23 20 af
293 905 98 18 senatens
413 902 145 26 medlemmar,
580 902 23 22 så
619 904 24 20 är
659 903 36 21 det
720 904 47 20 med
784 903 40 21 den
840 903 90 21 skulden

100 930 31 24 så,
147 932 38 22 att,
202 932 38 19 när
256 931 135 21 riddarhuset
407 932 99 26 byggdes,
523 932 23 20 så
562 932 92 20 fattades
666 932 68 20 denna
746 938 83 15 summa
839 932 6 20 i
857 932 73 20 husets

101 958 139 27 uppförande,
257 960 85 20 hvarför
358 960 148 26 ridderskapet
520 960 72 21 anhöll
609 966 33 15 om
659 963 31 18 ett
706 960 41 26 lån,
763 960 82 21 hvilket
855 960 75 21 bevill-

98 987 69 27 jades.
197 988 45 20 När
258 989 65 20 sedan
345 990 76 19 räntan
438 989 67 27 härpå
521 989 67 21 skulle
605 989 89 25 betalas,
710 989 122 21 förklarade
848 988 82 22 ridder-

102 1016 75 26 skapet
200 1018 32 19 att
255 1017 48 21 dess
326 1017 114 27 tillgångar
455 1024 52 14 voro
523 1018 24 20 så
563 1018 119 26 medtagne,
699 1020 30 19 att
746 1018 35 20 det
797 1018 46 21 icke
858 1017 72 21 kunde

101 1045 87 25 erlägga
203 1047 83 24 räntan,
302 1046 86 20 hvarför
411 1046 35 21 det
461 1046 72 21 anhöll
550 1053 33 14 om
599 1048 32 19 att
646 1046 22 21 få
683 1046 58 22 lånet
756 1046 115 26 räntefritt,
891 1046 40 21 och

102 1073 72 21 härtill
197 1074 89 21 svarade
307 1074 123 27 Majestätet
452 1077 31 19 att
506 1075 40 21 han
564 1075 45 21 icke
625 1075 100 21 fordrade
741 1078 32 18 att
789 1075 58 21 lånet
861 1074 70 22 skulle

101 1101 137 25 återbetalas,
263 1105 51 19 utan
337 1105 32 19 att
385 1104 38 20 den
440 1110 96 14 summan
553 1103 68 21 skulle
636 1104 67 26 gifvas
718 1104 69 20 såsom
804 1104 127 20 subvention

101 1130 35 20 för
151 1131 147 21 riddarhusets
315 1132 115 26 byggande.
454 1132 48 20 Men
519 1132 149 26 ridderskapet
683 1133 88 20 svarade
787 1135 32 18 att
835 1132 36 21 det
884 1132 47 21 icke

102 1158 48 21 ville
174 1159 62 21 hafva
257 1160 58 21 lånet
338 1160 70 21 såsom
429 1160 69 27 gäfva,
521 1163 50 18 utan
588 1161 76 20 endast
680 1161 93 21 önskade
789 1163 33 18 att
837 1160 21 21 få
874 1160 57 21 åter-

102 1187 73 21 betala
190 1189 43 26 det,
249 1191 38 18 när
303 1188 83 21 tillfälle
411 1189 78 26 gåfves.
522 1189 94 21 Sålunda
631 1191 24 18 är
671 1189 58 21 lånet
743 1190 6 20 i
766 1189 74 27 sjelfva
855 1189 76 20 verket

101 1215 136 23 efterskänkt
260 1217 23 21 af
303 1218 103 25 styrelsen
429 1219 38 20 och
491 1218 149 26 ridderskapet
663 1218 39 21 och
717 1218 62 21 adeln
796 1219 56 20 lärer
867 1217 64 21 hafva

102 1245 136 22 underrättat
254 1246 156 21 bondeståndet
426 1252 33 15 om
475 1248 33 19 att
523 1246 69 27 någon
608 1246 155 27 återbetalning
774 1247 48 20 från
834 1246 96 21 ståndets

102 1273 47 21 sida
171 1273 47 22 icke
239 1275 96 20 kommer
351 1275 6 20 i
373 1275 65 26 fråga,
455 1275 85 20 hvarför
552 1275 37 27 jag
605 1277 45 19 tror
666 1278 31 18 att
713 1275 162 25 bondeståndet,
891 1276 40 19 när

102 1301 37 21 det
162 1302 86 22 hindret
271 1303 149 27 undanrödjes,
443 1303 18 27 ej
485 1303 54 21 skall
562 1305 65 24 vägra
649 1305 32 20 att
703 1304 74 21 förena
793 1305 31 25 sig
840 1303 48 22 med
905 1303 26 21 de

103 1330 69 27 öfriga
187 1331 96 22 stånden.

172 1394 111 21 Professor
305 1394 159 22 Forsman:
494 1395 44 20 För
561 1395 43 21 min
627 1395 34 21 del
684 1395 68 21 skulle
774 1395 37 26 jag
827 1401 57 20 anse,
900 1396 32 19 att

102 1422 127 27 inbjudning
251 1423 68 21 borde
341 1425 63 25 göras
426 1423 46 22 icke
494 1424 76 20 endast
585 1423 32 22 till
633 1423 154 22 bondeståndet
802 1426 52 19 utan
870 1423 62 21 äfven

103 1451 33 20 till
158 1451 149 27 ridderskapet
329 1452 39 21 och
391 1452 62 21 adeln
468 1452 40 21 och
524 1453 68 20 skulle
608 1452 69 21 denna
692 1458 74 15 senare
782 1452 108 21 innehålla
906 1458 26 15 en

103 1479 84 21 uttalad
210 1480 87 26 önskan,
321 1483 32 18 att
373 1481 148 26 ridderskapet
544 1481 24 20 så
591 1481 47 20 ville
661 1481 114 20 formulera
798 1481 36 20 det
854 1481 6 20 i
884 1481 49 20 dess

102 1508 109 26 protokoll
227 1509 87 26 intagna
329 1509 91 21 vilkoret
435 1509 110 26 angående
562 1509 150 26 öfvertagande
730 1509 22 21 af
765 1509 130 21 förbindelse
911 1508 23 21 af

105 1537 91 25 152,000
219 1538 68 25 mark,
310 1540 32 18 att
357 1538 149 27 ridderskapet
522 1538 38 21 och
576 1538 62 21 adeln
654 1538 68 21 skulle
737 1537 96 22 förklara
848 1537 31 26 sig
895 1537 38 22 be-

829 1577 32 17 111
