1117 1817
321 129 160 17 Presteståndet
494 130 55 16 1872.
568 130 27 16 24
607 130 48 20 maj.
824 123 51 21 1291

149 210 30 21 På
201 210 73 20 derom
298 209 61 26 gjord
382 208 160 27 framställning,
558 209 123 25 godkändes
697 208 12 28 &
725 210 35 24 55,
776 208 49 21 med
840 208 67 21 vilkor

80 239 32 20 att
135 238 44 21 deri
201 237 68 22 skulle
291 237 83 27 intagas
397 237 109 26 anvisning
529 243 34 15 om
579 237 66 26 tiden,
662 239 61 19 orten
739 236 39 22 och
794 238 64 20 sättet
873 235 33 22 för

80 265 115 22 anförande
211 265 22 22 af
247 265 74 22 besvär
337 265 58 22 öfver
410 266 66 21 skedd
492 266 102 26 taxering.

149 323 25 28 $$
190 323 85 21 56—60
289 323 123 26 godkändes
428 323 101 26 enhälligt
544 325 52 19 utan
612 323 126 21 diskussion.

150 382 8 18 I
173 380 99 21 afseende
287 381 12 20 å
315 381 10 25 $
342 381 25 20 61
385 380 93 21 önskade

149 439 87 25 prosten
259 436 72 27 Hjelt
351 437 116 24 förklaring
483 436 58 22 öfver
556 437 55 20 hvad
627 437 48 20 med
691 437 35 21 det
742 436 44 22 deri
802 436 107 21 förekom-

82 465 75 22 mande
173 465 107 28 uttrycket
296 465 134 28 ,utskylder*
447 465 68 21 skulle
530 465 84 21 förstås.

150 523 111 21 Professor
284 523 161 21 Ehrström
468 522 98 27 upplyste
582 524 32 19 att
630 522 85 21 dermed
732 521 98 22 menades
846 524 13 19 t.
877 527 30 15 ex.

82 551 61 28 afgift
157 551 32 22 för
205 551 106 27 fastighet.

151 608 128 27 Paragrafen
295 608 44 21 blef
353 607 92 22 härefter
460 608 105 26 godkänd.

151 665 12 27 8
179 666 26 20 62
221 665 122 27 godkändes
359 665 101 26 enhälligt
476 667 50 19 utan
542 665 125 21 diskussion.

152 722 115 27 Angående
283 722 14 28 &
313 722 26 21 63
355 722 84 28 yttrade

154 779 147 27 kyrkoherden
326 779 166 21 Snellman:
524 779 40 27 Jag
579 786 63 15 anser
658 782 32 18 att
705 779 65 21 sådan
786 778 122 22 besvärsan-

86 808 80 26 visning
181 810 23 19 är
220 808 68 26 gifven
303 808 6 20 i
325 809 27 20 55
368 808 11 27 &
395 808 39 21 och
451 808 27 21 då
494 808 66 21 borde
576 808 32 21 väl
625 808 40 21 den
680 808 6 20 i
702 808 11 27 $
729 808 27 21 63
771 808 84 21 ändras.

153 865 111 21 Professor
287 866 101 21 Cleve:
419 865 43 27 Mig
485 865 107 21 förefaller
615 865 36 21 det
670 871 45 15 som
732 865 39 21 den
787 865 123 21 besvärsan-

86 894 87 26 visning,
196 900 45 15 som
262 894 37 21 här
314 894 67 21 finnes
404 894 120 26 omnämnd,
540 900 88 14 numera
644 900 49 14 vore
709 893 128 27 öfverflödig,
853 892 58 25 eller,

86 924 81 20 rättare
182 923 68 26 sagdt,
267 922 64 22 borde
347 924 90 20 ersättas
453 922 23 21 af
490 923 39 20 den
546 922 202 26 besvärsanvisning,
767 922 87 21 hvarom
867 921 44 27 just

86 950 86 22 beslöts.
203 952 42 20 Det
263 953 24 19 är
303 952 55 20 klart
376 953 33 19 att
424 951 118 27 debitering
557 952 49 20 sker
621 951 6 21 i
644 950 50 27 följd
710 951 21 21 af
745 951 102 26 taxering,
864 956 47 14 men

88 986 34 14 om
143 980 218 26 debiteringsmännen
385 980 77 20 skrifva
486 986 26 14 en
533 980 77 26 oriktig
631 979 128 26 debetsedel,
773 979 42 21 kan
832 978 80 22 debite-

87 1009 72 25 ringen
182 1008 34 21 väl
239 1008 16 26 ej
273 1008 50 22 bero
339 1008 21 21 af
374 1008 74 26 denna,
464 1011 52 18 utan
531 1008 23 22 af
566 1009 130 25 taxeringen,
712 1008 39 21 och
766 1008 89 21 sålunda
870 1006 41 22 kan

88 1036 97 22 besväret
199 1036 46 22 icke
261 1039 49 19 röra
325 1039 65 19 annat
406 1039 25 19 än
448 1039 32 19 att
495 1036 145 27 debiteringen
656 1037 45 21 icke
717 1039 24 18 är
752 1036 159 22 öfverensstäm-

88 1066 75 20 mande
179 1066 48 20 med
242 1066 128 26 taxeringen.
393 1065 10 21 I
418 1066 36 20 det
469 1065 59 21 fallet
544 1066 82 20 anvisas
642 1065 75 21 besvär
732 1065 31 21 till
773 1066 138 26 guvernören,

88 1094 80 21 hvilket
181 1094 36 26 jag
233 1100 61 15 anser
309 1094 69 21 strida
393 1097 57 18 emot
464 1094 56 21 hvad
535 1094 57 21 förut
607 1096 24 19 är
646 1094 114 21 beslutadt.

156 1150 91 22 Prosten
271 1151 98 26 Hjelt:
411 1151 28 21 Så
460 1150 44 21 vidt
524 1151 36 26 jag
581 1151 82 20 kunnat
685 1151 53 20 fatta
759 1150 71 25 saken,
852 1149 61 26 gälde

89 1179 94 26 tillägget
206 1180 7 20 i
233 1180 12 27 &
267 1181 26 20 55
310 1179 71 28 sjelfva
397 1179 129 27 taxeringen,
542 1185 48 15 men
606 1179 59 21 detta
680 1179 66 26 gäller
761 1178 152 26 debiteringen.

90 1207 40 22 Om
146 1214 25 15 en
187 1214 76 21 person
279 1210 82 19 taxeras
379 1208 31 21 till
426 1209 92 25 400,000
534 1208 60 21 mark
610 1207 39 22 och
665 1207 41 22 han
722 1207 70 22 derför
807 1207 54 21 skall
877 1206 37 21 be-

91 1236 43 21 tala
157 1238 11 19 5
191 1237 34 26 %/,
248 1237 23 21 sä
293 1237 69 21 kunde
385 1237 221 26 debiteringsmännen
628 1236 78 21 skrifva
729 1237 26 20 12
777 1236 34 26 9%.
850 1235 65 21 Detta

90 1265 67 26 gäller
171 1265 82 22 säledes
275 1265 72 27 sjelfva
362 1265 206 27 uppbördslängden,
584 1265 48 21 icke
647 1265 128 26 taxeringen,
790 1264 46 21 icke
851 1269 64 21 grun-

91 1293 46 26 den,
153 1293 53 22 efter
221 1294 84 21 hvilken
318 1294 36 27 jag
370 1294 53 21 skall
440 1293 76 26 betala,
533 1296 52 19 utan
600 1293 56 21 hvad
669 1293 36 27 jag
720 1293 53 21 skall
786 1292 77 22 betala.

92 1379 48 21 di
158 1351 206 28 Kontraktsprosten
388 1351 154 26 Sohlberg
566 1351 102 21 förenade
694 1351 32 26 sig
755 1350 48 21 med
828 1350 87 27 prosten

111 1379 46 27 jelt.

160 1435 111 22 Professor
311 1436 145 21 Ehrström:
472 1435 41 27 Jag
524 1435 98 22 framhöll
633 1435 64 22 ocksä
707 1441 48 22 nyss
765 1437 32 19 att
810 1435 35 21 det
855 1435 25 20 är
890 1439 26 15 en

93 1464 81 21 skilnad
191 1464 89 21 emellan
297 1464 118 27 debitering
431 1464 39 21 och
479 1464 102 27 taxering.
602 1464 41 26 Jag
654 1464 89 21 nämnde
754 1463 33 26 dä,
799 1465 38 24 att,
848 1461 68 22 skulle

92 1493 46 21 icke
161 1493 101 21 särskildt
285 1493 75 21 besvär
375 1493 109 26 angående
499 1493 96 26 taxering
611 1499 38 20 ega
664 1499 52 19 rum,
732 1493 23 20 sä
770 1491 70 22 kunde
855 1489 62 22 äfven

92 1522 123 26 taxeringen
237 1523 66 20 sättas
324 1521 7 21 i
353 1521 65 27 fråga.
448 1521 33 21 De
504 1521 6 20 i
532 1521 26 22 63
574 1521 12 27 &
602 1521 127 22 omnämnda
744 1520 102 22 besvären
861 1519 56 26 gälla
