1117 1817
351 134 161 18 Presteståndet
525 135 55 17 1872.
604 135 12 17 5
627 134 51 21 juni.
838 128 54 21 1597

96 213 39 21 och
148 214 41 21 6:te
205 214 83 26 stycket
303 216 89 23 antogos
408 214 64 26 enligt
488 214 150 24 betänkandet,
654 214 63 21 likväl
733 214 48 20 med
793 213 128 26 uteslutning

95 241 46 22 från
157 243 43 20 6:te
215 242 82 26 stycket
313 241 22 22 af
348 242 62 21 ordet
430 242 231 26 ,kommunalnämnd*.
692 242 44 21 Och
753 241 68 22 beslöt
837 241 84 21 ståndet

96 271 101 26 derjemte
213 273 32 18 att
261 271 46 20 hela
323 271 10 26 $
349 271 68 21 skulle
433 271 89 21 likasom
538 271 54 26 3:dje
608 271 90 21 artikeln
715 271 5 20 i
737 271 47 20 dess
797 270 78 23 helhet,
889 269 31 22 till

95 301 106 19 utskottet
223 299 174 26 återremitteras,
420 299 32 22 för
474 302 32 18 att
524 299 142 26 omredigeras
681 300 6 20 i
703 298 218 22 öfverensstämmelse

96 327 48 21 med
167 327 25 21 de
214 327 22 21 af
257 327 84 22 ståndet
365 328 32 21 för
420 328 122 27 försäljning
565 329 21 20 af
608 328 88 21 bränvin
712 327 39 22 och
767 327 66 21 andra
849 327 72 21 starka

96 355 89 28 drycker
200 359 92 23 antagna
308 357 37 20 och
363 357 38 21 här
417 357 84 26 angifna
516 357 98 26 grunder.

165 384 25 27 &&
206 385 27 21 48
249 385 39 21 och
304 386 27 20 49
347 389 90 22 antogos
452 385 66 27 enligt
533 385 115 22 utskottets
664 384 141 22 betänkande.

165 414 10 25 8
199 414 33 20 50.
263 413 68 21 Jemte
355 415 35 20 det
412 414 128 26 rättigheten
564 415 31 20 till
617 413 151 26 utminutering
790 413 23 21 af
833 413 87 20 bränvin

95 441 93 21 hvarken
205 443 5 19 i
227 443 47 20 stad
291 442 50 21 eller
356 444 27 25 på
398 442 72 21 landet
486 443 67 21 skulle
564 449 50 15 vara
626 443 133 25 beskattning
770 441 151 25 underkastad,

95 470 123 26 godkändes
234 471 39 20 den
290 469 19 22 af
325 472 105 20 utskottet
444 471 34 21 för
490 472 222 25 utskänkningsrätten
725 471 5 20 i
742 471 47 20 stad
802 469 120 26 föreslagna

96 498 57 21 skatt
177 499 21 20 af
219 499 74 27 fyratio
317 500 62 26 penni
399 500 31 21 för
445 500 72 27 hvarje
533 501 75 25 kanna,
624 500 84 21 hvilken
724 501 58 19 skatt
797 499 68 20 skulle
880 498 41 21 för-

97 526 64 24 delas,
181 529 69 20 såsom
267 528 21 21 af
302 529 105 20 utskottet
423 529 67 20 blifvit
506 529 115 21 förordadt.
652 529 10 20 I
678 527 92 26 enlighet
786 527 49 21 med
849 527 72 20 betän-

96 555 79 22 kandet
197 559 88 24 antogos
301 557 58 21 äfven
376 557 67 26 öfriga
462 557 156 27 bestämningar
632 557 6 21 i
654 557 18 27 8,
688 557 83 20 hvilken
787 555 68 22 skulle
870 555 6 20 i
893 555 27 20 öf-

96 585 196 21 verensstämmelse
312 586 47 21 med
375 586 95 21 ståndets
486 587 88 20 sålunda
590 586 80 21 fattade
686 585 69 21 beslut
771 584 150 26 omredigeras.

165 613 11 27 $
193 614 23 20 51
235 614 121 26 godkändes
371 615 33 20 för
419 615 63 24 öfrigt
498 615 66 26 enligt
576 615 142 21 betänkandet
731 616 58 18 utom
803 615 32 18 att
845 613 18 26 $,
875 618 45 15 som

96 647 28 15 nu
147 643 76 25 ansågs
245 643 69 20 lemna
332 649 46 15 rum
394 643 32 21 för
442 643 56 21 olika
514 643 101 27 tolkning,
632 643 67 21 skulle
715 642 143 25 omredigeras
874 641 44 20 der-

96 669 47 25 hän,
166 673 31 17 att
213 677 24 14 ur
253 671 121 21 densamma
390 673 91 25 tydligen
498 672 122 26 framginge,
638 672 35 20 det
689 670 176 26 minutförsäljare
881 669 40 21 och

96 698 128 22 utskänkare
247 700 67 20 under
335 700 54 21 intet
410 700 68 21 vilkor
500 700 55 26 finge
571 700 90 26 utborga
677 699 50 21 eller
743 699 32 21 till
791 698 102 26 förtäring
908 698 13 20 å

96 726 71 22 stället
182 728 69 20 såsom
267 728 60 26 gåfva
343 728 63 22 aflåta
422 729 94 21 bränvin.

164 756 11 26 $
191 756 27 20 52
235 759 74 25 antogs
324 757 65 27 enligt
404 758 116 21 utskottets
536 757 139 21 betänkande.

165 785 12 26 $
200 785 27 21 53
249 786 122 25 godkändes
394 786 64 27 enligt
481 786 143 21 betänkandet
647 786 6 20 i
676 785 69 26 öfrigt,
766 786 58 19 utom
841 786 31 18 att
887 785 33 19 ut-

96 812 191 27 skänkningsställe
309 815 68 21 under
392 817 46 19 sön-
454 815 39 21 och
510 815 128 26 helgedagar
652 814 67 21 borde
735 813 67 21 hållas
818 812 103 24 tillslutet,

96 841 46 21 från
164 842 88 21 klockan
275 849 36 15 sex
334 849 33 15 om
391 843 83 22 aftonen
491 843 174 27 nästföregående
681 842 119 26 söcknedag
815 841 31 21 till
863 840 58 21 kloc-

96 870 41 21 kan
153 876 35 15 sex
205 877 32 14 om
255 877 113 21 morgonen
385 872 158 27 derpåföljande
559 872 124 25 söcknedag.

165 898 12 27 8
194 900 27 20 54
238 902 74 25 antogs
328 901 65 26 enligt
409 902 116 20 utskottets
542 900 138 22 betänkande.

165 927 10 27 $
199 929 26 20 55
241 929 123 24 godkändes
380 930 66 26 enligt
464 930 150 25 betänkandet,
631 929 47 21 med
694 928 40 21 den
750 927 123 26 förändring
889 928 32 19 att

96 956 65 21 orden
177 956 46 25 ,till
239 957 68 27 någon
324 958 148 27 hufvudsaklig
488 959 44 21 del"
548 958 67 22 skulle
631 957 57 26 utgå.

164 986 13 25 8
199 986 33 20 55.
263 986 10 21 I
296 986 217 22 öfverensstämmelse
536 987 46 21 med
606 986 91 22 beslutet
719 985 33 21 vid
774 985 28 21 46
825 984 10 27 $
843 983 77 28 skulle

96 1013 68 21 denna
179 1014 11 26 $
208 1014 43 21 helt
268 1015 37 21 och
322 1015 65 21 hållet
403 1016 110 21 uteslutas.

164 1042 11 27 8
192 1043 33 21 57.
257 1044 10 20 I
289 1044 71 20 stället
383 1044 32 20 för
437 1044 68 22 denna
526 1047 74 21 antogs
616 1042 199 22 deremotsvarande
831 1041 11 28 $
858 1041 6 21 i
880 1040 40 22 den

96 1070 76 27 nädiga
188 1072 164 26 propositionen.

164 1100 11 26 $
191 1101 27 20 58
234 1100 122 26 godkändes
373 1101 65 27 enligt
453 1102 117 20 utskottets
585 1100 140 22 betänkande.

165 1128 11 27 $
200 1129 27 20 59
249 1132 74 23 antogs
345 1130 65 24 enligt
426 1130 149 21 betänkandet.
590 1141 27 2 —
634 1129 9 20 I
660 1129 35 20 det
710 1128 67 21 finska
793 1126 128 27 exemplaret

96 1158 121 20 anmärktes
237 1158 69 20 såsom
322 1158 88 27 tryckfel
426 1160 33 19 att
474 1158 5 21 i
496 1157 72 22 stället
583 1157 31 21 för
630 1157 65 21 orden
711 1155 121 27 ,suurempi
848 1155 74 26 puolta

96 1185 103 21 kolmatta
215 1186 98 21 kannua*
330 1187 33 20 stå
379 1187 65 21 orden
461 1187 121 26 ,suurempi
598 1185 74 28 puolta
687 1185 101 21 kannua*.

165 1214 23 27 $$
205 1215 84 20 60—63
305 1215 122 26 godkändes
443 1215 65 27 enligt
525 1215 115 21 utskottets
655 1213 140 22 betänkande.

165 1242 10 27 $
199 1243 28 20 64
243 1247 74 23 antogs
333 1244 64 26 enligt
413 1245 133 26 professoren
565 1243 74 22 Cleves
654 1242 136 25 reservation,
807 1241 50 21 eller
873 1240 48 21 med

96 1271 148 22 utelemnande
260 1272 21 21 af
295 1273 66 20 andra
377 1273 81 27 stycket
474 1272 46 22 från
537 1273 39 20 den
593 1272 21 21 af
628 1271 105 21 utskottet
748 1270 119 26 föreslagna
879 1269 41 20 for-

96 1299 135 27 muleringen.

164 1329 12 25 8
193 1330 26 20 65
236 1329 122 26 godkändes
374 1329 65 27 enligt
454 1330 116 21 utskottets
586 1328 138 22 betänkande.

165 1358 12 25 8
194 1358 26 20 66
237 1360 74 24 antogs
327 1358 66 27 enligt
408 1359 39 20 den
464 1359 78 26 nådiga
557 1357 163 28 propositionen.

165 1387 25 26 88
207 1387 83 20 67—-92
307 1387 122 26 godkändes
444 1387 66 26 enligt
526 1387 114 21 utskottets
656 1384 138 22 betänkande.

166 1417 10 24 8
201 1415 26 21 93
251 1417 75 24 antogs
349 1415 65 27 enligt
430 1416 39 21 den
485 1416 78 25 nådiga
578 1414 157 27 propositionen
751 1413 39 21 och
807 1412 115 21 utskottets

96 1443 134 22 betänkande
253 1444 6 20 i
283 1444 68 26 öfrigt,
371 1446 57 19 utom
445 1446 31 19 att
492 1445 66 20 orden
575 1459 10 9 ,
589 1443 38 21 och
642 1441 91 22 särskild
748 1441 106 27 angifvare
870 1446 52 20 upp-

96 1473 68 20 trädt*
179 1473 69 20 skulle
263 1473 123 21 utelemnas.

165 1503 24 24 SS
205 1502 85 20 94—99
306 1501 122 26 godkändes
444 1501 67 26 enligt
526 1501 114 21 utskottets
656 1499 141 22 betänkande.

165 1529 162 22 Formulärerne
343 1530 32 21 till
391 1530 108 27 protokoll
516 1529 39 22 och
572 1529 83 26 dagbok
667 1529 33 20 vid
711 1527 150 22 brännerierne
872 1527 51 25 god-

96 1558 79 22 kändes
194 1559 147 20 oförändrade.
