1117 1817
0 13 468 39 SEEN
677 13 406 39 EA

207 158 55 21 1430
418 164 162 18 Presteståndet
594 165 54 17 1872.
673 165 26 17 29
711 164 48 21 maj.

245 243 16 27 $
275 244 49 20 102.
354 243 11 22 I
388 243 35 22 det
444 243 24 22 af
488 243 169 22 Bankutskottet
679 244 32 21 till
731 243 69 22 denna
815 244 11 25 $
841 243 74 27 gjorda
932 242 74 27 tillägg

176 270 69 23 skulle
261 271 65 22 orden
343 271 65 28 ,eller
423 272 155 27 Fullmäktige"
596 273 50 26 utgå
662 273 38 20 och
717 272 62 21 ordet
794 272 83 24 ,tinna*
893 271 6 21 i
912 271 91 27 enlighet

177 299 88 22 dermed
281 301 82 20 ändras.

245 329 16 26 $
275 330 47 19 114.
352 329 70 22 Borde
436 329 6 21 i
459 329 67 22 andra
541 329 84 28 stycket
640 329 6 21 i
662 329 71 22 stället
748 329 33 21 för
795 335 36 21 ,en
845 328 157 22 Bankkommis-

176 356 55 21 sarie
254 357 39 21 och
315 364 26 15 en
363 358 86 21 kassör"
472 358 50 21 heta
543 365 39 18 ,en
599 358 208 21 Bankkommissarie
823 357 48 22 med
887 357 82 21 biträde
982 356 23 21 af

177 391 26 14 en
220 385 87 21 kassör”
323 387 69 20 såsom
409 387 231 21 öfverensstämmande
656 387 47 20 med
719 386 40 21 den
775 386 96 21 lokution
881 392 46 15 som
939 385 6 22 i
956 391 47 16 ena-

176 413 71 22 handa
262 413 36 22 fall
313 414 60 22 äfven
389 415 27 26 på
431 416 67 20 andra
513 415 77 21 ställen
606 415 6 21 i
628 415 100 25 förslaget
744 415 122 26 begagnats.

245 442 36 27 Ny
305 443 15 26 $
343 443 78 21 mellan
446 444 30 27 $$
499 445 42 19 144
560 443 38 21 och
614 445 49 19 145.
694 443 61 22 Efter
771 443 64 21 orden
851 443 96 27 ,inropas
960 442 43 21 för"

177 470 68 22 skulle
269 471 78 22 införas
372 472 134 27 ,skyddande
522 472 42 26 af",
581 472 84 21 hvartill
681 473 60 20 äfven
759 472 115 21 motiverne
889 471 32 22 till
937 471 67 22 denna

177 499 12 26 $
204 499 56 26 gifva
275 500 119 27 anledning.

245 528 32 21 De
293 529 58 21 delar
366 529 22 21 af
402 529 154 22 ofvannämnda
572 529 33 27 88,
622 529 111 22 hvaremot
749 529 165 26 anmärkningen
931 528 37 21 här
983 527 19 26 ej

176 555 69 22 blifvit
267 557 80 26 gjorda,
371 557 106 22 äfvensom
500 558 99 26 samtliga
620 558 66 26 öfriga
701 558 26 27 $$
743 558 39 21 och
799 558 100 25 förslaget
915 557 29 21 till
960 558 44 19 stat

175 583 34 22 för
231 585 101 22 Finlands
354 586 61 21 Bank
437 589 55 18 samt
514 587 183 26 framställningen
720 593 34 14 om
771 586 33 21 val
820 586 23 21 af
857 592 26 15 en
899 585 104 22 bankfull-

176 613 82 27 mäktig
278 614 65 27 jemte
360 617 32 19 tre
407 615 136 26 suppleanter
559 615 32 21 för
607 615 76 21 honom
700 615 39 22 och
756 617 32 19 tre
803 614 201 27 revisorssupplean-

177 644 38 23 ter,
239 643 69 20 såsom
332 644 38 20 ock
391 644 116 21 utskottets
523 644 68 21 under
607 643 40 22 N:o
662 645 12 20 5
691 644 78 26 afgifna
785 643 132 21 betänkande
934 641 69 22 blefvo

176 669 22 21 af
219 671 180 26 Borgareståndet
419 672 119 26 godkände,
554 672 117 26 hvarjemte
687 673 89 20 ärendet
791 671 31 21 till
838 671 166 21 Bankutskottet

175 698 198 23 återremitterades
389 700 31 21 för
436 700 127 26 vidtagande
580 700 22 21 af
616 701 27 20 de
658 701 6 20 i
680 700 133 22 förestående
830 701 65 20 måtto
906 699 98 21 berlutna

176 728 121 26 ändringar,
321 732 58 18 utom
401 729 54 21 hvad
479 728 117 22 beträffade
620 730 12 26 &
651 730 34 26 31,
702 730 38 20 och
757 729 32 21 för
805 732 31 18 att
852 728 55 26 gifva
923 728 24 26 $$
963 728 40 20 den

177 756 148 27 nummerföljd
346 758 46 20 dem
408 757 137 25 tillkommer;
563 758 39 20 och
618 758 66 20 borde
700 758 73 20 dervid
789 757 101 27 afhjelpas
905 756 98 27 följande,

176 786 58 19 utom
251 785 26 21 de
292 785 22 21 af
327 786 104 21 utskottet
447 786 147 26 observerade,
606 786 6 20 i
624 786 144 21 betänkandet
778 786 172 21 förekommande
964 784 39 22 och

175 812 23 21 af
219 813 182 27 Borgareständet
420 814 112 22 anmärkta
548 814 96 28 tryckfel,
661 814 113 27 nemligen:
791 815 11 27 $
820 815 24 20 16
860 813 107 22 saknaden
983 813 22 21 af

175 840 222 29 förbindningstecken
420 843 54 21 efter
497 843 62 21 ordet
582 843 81 27 ,bank*
684 844 12 20 å
721 844 30 26 $:s
767 843 66 27 tredje
849 843 47 24 rad;
913 842 10 27 $
940 844 26 19 27
982 842 20 21 b.

175 870 68 26 punkt
266 871 6 20 i
296 870 71 22 stället
388 871 32 21 för
442 872 118 20 semikolon
582 872 54 21 efter
652 872 60 21 ordet
728 871 179 26 ,börsnotering*;
923 870 12 28 &
954 872 49 20 119:

176 898 207 24 «Benkdirektions*
407 900 5 20 i
435 900 71 21 stället
529 900 33 21 för
586 900 242 25 ,Bankdirektionens*;
852 900 67 21 första
935 906 38 20 nya
991 900 13 26 $

175 926 54 22 efter
252 928 11 26 $
286 928 51 20 126:
361 928 225 25 ,Bankdirektonens*
603 929 6 20 i
624 929 72 21 stället
713 929 32 21 för
761 928 241 25 ,Bankdirektionens*;

175 955 67 22 andra
258 962 41 21 nya
313 956 12 27 $
341 956 53 22 efter
409 957 11 27 &
437 958 49 20 126:
503 958 67 26 punkt
584 958 6 20 i
607 958 72 20 stället
694 958 32 20 för
741 957 118 21 semikolon
875 956 54 22 efter
939 957 65 20 slutet

175 983 22 21 af
218 990 64 16 mom.
303 984 22 25 b;
345 985 14 27 8
378 986 49 21 128:
444 986 132 24 ,hankassa*
593 986 7 20 i
616 986 72 21 stället
702 986 33 21 för
751 986 154 30 phandkassa*;
922 985 12 27 $
952 986 50 20 131:

176 1012 63 25 whör*
262 1014 6 20 i
291 1013 71 21 stället
383 1014 32 22 för
436 1014 77 25 ,bör*;
538 1014 39 21 och
600 1015 12 27 S
631 1016 38 20 142
686 1014 161 25 ,löftesskifter*
864 1014 5 20 i
885 1013 71 21 stället
972 1013 32 21 för

176 1040 179 28 plöftesskrifter*.

245 1070 61 22 Hvad
328 1071 179 26 Borgareständet
530 1072 90 20 sälunda
642 1071 93 21 beslutat
757 1070 68 22 skulle
841 1077 75 20 genom
933 1073 71 24 proto-

175 1097 134 29 kollsutdrag
325 1099 106 21 meddelas
447 1100 26 20 de
488 1100 67 26 öfriga
568 1100 89 21 ständen
673 1100 38 21 och
727 1100 174 21 Bankutskottet.

802 1151 20 16 In
835 1150 53 17 fidem
896 1156 3 11 :

760 1185 21 20 S.
801 1185 132 21 Calamnius.

244 1241 21 26 2)
289 1241 21 21 af
332 1241 40 22 den
388 1243 27 20 27
431 1242 85 25 dennes,
532 1249 34 14 om
582 1243 96 20 ständets
693 1242 70 21 beslut
779 1244 32 19 att
826 1242 5 21 i
848 1241 93 27 enlighet
957 1241 47 22 med

175 1268 244 23 talmanskonferensens
435 1270 78 27 förslag
528 1271 40 21 hos
584 1271 59 21 Hans
658 1271 120 26 Kejserliga
793 1269 102 29 Majestät
910 1270 5 21 i
927 1270 77 21 under-

175 1297 102 26 dänighet
302 1299 84 20 anmäla
401 1301 31 18 att
448 1299 36 21 det
498 1299 47 21 icke
561 1299 70 21 kunde
647 1300 47 20 med
709 1299 101 22 säkerhet
825 1299 97 25 förutses,
939 1299 65 20 huru-

174 1325 49 22 vida
247 1327 36 20 det
298 1333 51 14 vore
365 1327 80 26 möjligt
460 1330 32 19 att
507 1328 91 26 tidigare
614 1330 26 19 än
656 1327 32 22 till
704 1329 39 20 den
763 1329 24 20 15
803 1327 141 21 instundande
958 1327 46 26 juni

174 1354 115 22 medhinna
305 1355 155 27 behandlingen
473 1356 22 21 af
509 1356 41 21 alla
566 1357 26 20 de
608 1357 97 25 ärender,
723 1362 46 15 som
780 1357 13 20 &
803 1356 124 21 ständernas
939 1355 65 21 hand-

174 1382 101 28 läggning
289 1383 118 22 ankomma.

244 1496 121 23 Fortsattes
386 1498 46 21 med
456 1499 155 26 granskningen
636 1499 129 27 paragrafvis
781 1499 22 20 af
817 1498 187 21 Ekonomiutskot-

174 1526 43 19 tets
233 1525 135 32 betänkande
383 1526 7 21 i
406 1527 112 26 anledning
534 1527 21 21 af
570 1528 76 26 nädiga
661 1527 159 27 propositionen
837 1527 109 26 angäende
962 1525 42 22 till-

174 1553 110 27 verkning,
300 1553 128 28 försäljning,
444 1556 79 27 upplag
539 1556 38 21 och
593 1555 87 27 forsling
696 1556 21 21 af
731 1556 95 21 bränvin.
