1117 1817
223 159 55 21 1224
435 166 162 18 Presteståndet
610 168 55 16 1872.
690 168 25 16 23
728 167 47 21 maj.

193 244 66 27 något
278 245 44 22 helt
343 250 64 17 annat
423 248 24 19 är
463 247 37 20 det
514 249 34 18 att
563 247 18 26 ej
597 247 28 27 på
640 247 152 26 förfallodagen
809 246 62 21 hafva
885 246 46 27 fyllt
947 245 70 22 kassa-

193 273 120 24 kreditivet,
329 280 34 15 om
378 281 48 15 man
439 277 75 20 ämnar
529 275 131 22 fortfarande
671 275 57 22 hålla
739 275 161 22 kassakreditiv.
923 275 10 21 I
943 275 75 20 sådant

192 302 44 25 fall,
253 308 34 15 om
303 309 25 15 en
343 309 77 21 person
435 304 40 21 har
490 303 59 22 skött
564 305 38 20 sitt
616 304 162 23 kassakreditiv,
794 310 45 15 som
855 303 42 22 han
908 303 39 22 bör
957 303 61 21 sköta

193 331 42 25 det,
258 331 39 22 och
322 331 36 22 vill
377 332 131 22 fortfarande
529 333 84 26 åtnjuta
628 333 154 22 kassakreditiv
797 333 7 21 i
820 339 25 15 en
862 332 63 25 bank,
941 332 23 21 så
979 331 39 22 bör

193 359 42 21 han
258 359 116 22 behandlas
395 367 44 15 som
462 367 27 16 en
512 361 41 27 god
568 361 59 22 kund
642 361 40 22 och
698 361 18 28 ej
732 362 70 21 såsom
818 367 26 15 en
860 361 57 27 dålig
933 361 18 21 d.
968 367 17 14 v.
1000 367 16 14 s.

192 387 42 22 han
258 388 39 21 bör
319 389 18 27 ej
363 389 118 26 bestraffas,
504 392 52 19 utan
579 390 83 22 banken
679 391 38 20 bör
733 390 68 21 bocka
817 390 32 26 sig
863 389 34 22 för
912 396 25 15 en
953 389 64 22 sådan

191 416 65 21 kund.
287 417 30 27 Ty
333 417 25 22 de
374 418 61 22 bästa
450 419 88 25 kunder,
554 425 46 15 som
616 425 25 15 en
657 419 56 21 bank
728 419 41 21 kan
785 419 70 25 hafva,
871 421 37 18 äro
929 418 26 21 de
971 424 46 21 per-

191 451 69 19 soner,
282 452 45 15 som
350 446 62 22 hafva
434 447 162 24 kassakreditiv,
612 447 87 22 emedan
715 448 26 21 de
756 449 53 26 göra
823 447 46 22 sina
885 447 76 21 affärer
973 447 44 26 just

191 475 7 20 i
224 474 40 21 den
289 474 64 25 bank,
378 475 37 22 der
439 476 27 21 de
490 476 64 21 hafva
576 476 161 22 kassakreditiv.
778 476 43 21 Gör
847 476 82 21 banken
948 475 69 22 såsom

191 502 202 28 Föreningsbanken
409 504 75 22 hittills
500 505 56 27 gjort
572 505 19 21 d.
608 511 17 14 v.
643 511 15 15 s.
675 507 106 25 uppsäger
789 504 177 22 kassakreditivet
976 504 39 21 hos

191 537 108 21 personer,
321 533 72 21 hvilka
417 533 63 22 hafva
496 533 92 27 erbjudit
604 533 38 22 full
657 533 106 24 säkerhet,
779 533 40 22 och
835 533 36 22 det
886 535 51 19 utan
952 533 65 26 något

191 560 52 26 skäl,
267 561 28 21 då
317 561 38 27 går
377 562 36 21 det
434 562 70 21 såsom
530 563 36 21 det
581 563 39 20 har
636 563 46 26 gått
697 563 48 21 med
761 562 208 27 Föreningsbanken,
985 563 32 20 att

190 589 85 21 kunden
299 591 79 20 vänder
397 591 32 26 sig
444 591 49 21 bort
508 591 48 21 från
571 591 40 22 den
628 591 83 21 banken
726 591 33 22 till
774 597 25 16 en
815 597 70 15 annan
901 591 62 25 bank,
980 590 37 21 der

191 617 26 22 de
239 617 67 22 hellre
330 619 71 21 betala
422 626 26 15 en
472 619 64 28 högre
558 622 68 23 ränta,
650 622 26 19 än
699 620 26 21 de
740 620 45 21 låta
800 619 31 28 sig
847 620 24 21 så
885 619 131 27 godtyckligt

191 646 122 22 behandlas.
344 647 111 22 Utskottet
470 648 39 21 har
525 648 44 27 lagt
584 651 46 19 stor
644 649 44 26 vigt
704 649 72 27 derpå,
792 650 32 19 att
839 647 177 22 kassakreditivet

189 675 69 21 skulle
280 676 73 20 ställas
376 677 29 20 så.
425 680 33 18 att
474 677 84 21 banken
573 677 68 21 skulle
657 677 122 26 derigenom
795 677 63 21 vinna
873 677 88 24 kunder,
977 676 38 21 och

190 703 36 21 det
248 706 24 18 är
294 704 48 21 rakt
357 705 6 20 i
379 705 52 21 strid
455 706 47 20 med
522 706 68 21 denna
605 706 113 26 grundsats
734 712 45 15 som
795 706 36 20 det
846 705 116 27 påstående
977 704 39 21 har

189 731 70 22 blifvit
275 732 76 28 gjordt,
367 736 32 18 att
420 734 106 27 nemligen
541 740 29 15 nu
584 734 70 21 införa
669 734 122 22 straffränta
806 734 33 21 för
854 734 47 25 den,
917 740 44 15 som
977 733 39 21 har

189 760 116 28 ordentligt
319 761 59 22 skött
393 762 37 22 sitt
445 762 161 25 kassakreditiv,
623 769 47 15 men
686 764 27 26 på
728 762 154 28 förfallodagen
898 762 19 27 ej
928 762 39 21 har
980 762 36 21 det

189 788 48 22 fullt
253 790 89 22 emedan
357 790 42 22 han
414 791 93 27 följande
523 792 41 26 dag
578 794 74 19 ämnar
668 792 95 27 begagna
779 792 42 21 det.

259 858 91 22 Prosten
374 858 154 28 Grönberg:
552 860 46 21 Den
620 860 122 21 kassakund
757 866 46 15 som
819 859 27 27 på
862 859 155 27 förfallodagen

189 886 40 21 har
251 886 104 22 inbetalat
377 888 37 21 sitt
436 888 98 25 kreditiv,
551 890 24 20 är
591 895 26 15 en
633 888 105 28 ordentlig
753 888 64 26 kund,
834 888 39 21 och
889 888 34 21 för
938 888 77 21 honom

187 914 97 22 kommer
306 916 82 21 således
411 916 18 27 ej
453 917 40 21 den
516 919 94 25 procent,
634 917 87 21 hvarom
746 923 27 15 nu
795 919 23 19 är
834 917 75 25 taladt,
925 916 6 21 i
947 916 67 26 fråga.

188 943 48 21 Men
252 944 27 21 då
295 944 41 21 han
352 945 19 27 ej
387 945 38 21 har
440 946 90 21 inbetalt
546 946 37 21 sitt
599 946 58 21 förra
672 946 92 21 kreditiv
779 945 40 21 och
834 945 65 27 begär
915 948 29 18 ett
960 947 53 25 nytt,

179 972 31 25 så
233 974 24 19 är
278 972 35 22 det
326 973 24 27 ju
365 980 25 14 en
407 974 185 27 läneomsättning,
609 974 87 22 hvarför
710 974 161 26 ifrågavarande
887 976 87 24 procent
990 975 24 19 är

187 1000 88 22 alldeles
290 1002 117 27 rättsenlig.

257 1029 41 27 Jag
313 1030 94 22 biträder
421 1031 83 21 således
520 1034 86 24 prosten
622 1031 64 28 Hjelt.

255 1098 56 22 Herr
327 1099 154 22 talmannen
497 1099 131 22 framställde
644 1100 93 21 härefter
753 1099 94 27 följande

254 1166 145 27 Proposition:

253 1229 131 22 Godkänner
400 1230 85 21 ståndet
500 1237 64 15 mom.
582 1233 10 19 1
609 1231 23 20 af
646 1231 12 27 8
673 1231 28 21 40
716 1231 65 26 enligt
797 1229 215 22 utskottsbetänkan-

185 1257 42 28 det,
242 1258 52 21 eller
309 1258 62 21 icke?
393 1259 46 21 Den
455 1265 45 16 som
515 1259 125 27 godkänner
655 1261 116 20 momentet
784 1259 66 27 enligt
861 1257 150 25 betänkandet,

184 1292 75 15 svarar
280 1287 33 27 ja;
337 1287 40 22 den
399 1287 36 22 det
456 1287 46 22 icke
518 1289 39 26 gör
577 1294 73 15 svarar
666 1288 40 27 nej.
737 1288 80 21 Vinner
833 1287 40 27 nej,
889 1287 123 26 godkännes

184 1321 63 15 mom.
265 1316 10 20 1
293 1315 6 21 i
315 1315 11 28 $
341 1316 29 21 40
385 1316 6 21 i
407 1315 93 28 enlighet
516 1316 47 21 med
579 1316 203 27 bankfullmäktiges
797 1316 86 27 förslag.

252 1377 132 22 Besvarades
405 1379 48 21 med
468 1380 30 21 23
509 1379 28 27 ja
552 1379 40 21 och
608 1380 12 20 9
636 1379 40 26 nej.
707 1379 118 22 Momentet
843 1380 8 20 1
869 1377 46 22 blef
927 1377 83 22 således

183 1405 110 27 godkändt
309 1407 6 21 i
331 1406 93 28 enlighet
438 1407 49 22 med
502 1407 247 22 utskottsbetänkandet.

251 1469 12 26 $
279 1470 85 21 41—66
380 1470 124 27 godkändes
520 1470 102 27 enhälligt
637 1472 51 20 utan
704 1470 127 21 diskussion.

251 1531 46 22 Mot
320 1533 13 27 $
351 1533 28 21 67
394 1533 112 22 anmärkte
522 1533 78 22 doktor
614 1533 133 28 Alopaeus
763 1536 32 19 att
811 1533 81 21 antalet
907 1533 24 21 af
943 1532 67 21 bank-

181 1559 134 28 fullmäktige
331 1561 39 22 och
387 1562 137 26 suppleanter
538 1562 47 21 icke
600 1562 61 21 fanns
676 1563 44 20 deri
737 1561 99 27 angifvet.
