1117 1817
334 148 161 17 Presteståndet
508 148 56 17 1872.
590 148 24 16 10
626 148 51 20 juni.
833 142 54 20 1705

159 228 41 21 Vid
216 228 74 21 härom
306 227 66 22 skedd
387 227 159 27 öfverläggning
554 227 39 21 har
602 227 36 21 det
645 229 59 24 synts
712 227 113 21 Utskottet
835 226 82 27 lämpli-

90 259 48 24 gast
154 257 39 20 och
209 256 83 21 enklast
307 258 32 19 att
354 256 82 21 fördela
455 256 101 26 beloppet
572 256 22 21 af
607 256 90 21 berörde
712 255 85 27 afgifter
812 255 7 21 i
834 255 83 21 trettio-

91 286 42 21 fem
149 285 44 21 lika
208 287 58 19 stora
289 285 65 25 delar,
371 285 22 20 af
408 285 72 20 hvilka
495 285 41 20 tolf
550 284 68 21 skulle
634 284 88 27 åläggas
737 283 159 27 presterskapet
911 283 7 21 i

91 310 47 25 Åbo
162 313 109 26 Erkestift,
295 313 29 21 tio
347 313 160 27 presterskapet
522 313 6 21 i
544 313 70 26 Borgå
630 313 39 21 och
684 319 36 14 sex
736 313 161 26 presterskapet
911 312 6 20 i

92 343 84 26 Kuopio
193 343 52 24 stift,
261 342 35 21 två
311 342 119 26 Kejserliga
446 341 293 22 Alexanders-Universitetet
753 341 7 21 i
776 341 97 26 Finland,
882 340 37 21 två

91 371 145 21 skollärarene
252 371 6 20 i
274 365 46 26 Åbo
337 371 39 20 och
391 371 37 20 två
443 370 145 21 skollärarene
603 371 6 20 i
625 370 70 27 Borgå
710 369 46 22 stift
771 372 56 18 samt
843 376 25 14 en
884 369 34 21 del

92 399 144 22 skollärarene
251 399 6 21 i
270 399 84 26 Kuopio
370 399 52 24 stift,
438 401 32 18 att
485 398 108 27 uppbäras
608 399 7 20 i
630 398 133 21 förhållande
779 399 33 20 till
828 398 39 21 den
882 398 35 21 lön

92 428 73 27 hvarje
181 428 90 21 medlem
287 428 22 21 af
323 427 26 22 de
365 428 69 21 skilda
449 427 190 27 korporationerna
656 427 99 27 åtnjuter.

162 456 113 27 Angående
299 457 123 26 uppbörden
443 456 23 21 af
488 456 128 26 ofvansagde
638 455 85 26 afgifter
746 455 39 22 och
801 455 118 21 arvodenas

92 485 141 21 tillställanda
255 485 23 21 åt
300 485 145 21 ledamöterna
465 485 7 20 i
495 485 139 20 förenämnda
657 484 88 21 Utskott
761 484 39 21 har
815 483 104 22 Enskilda

93 514 197 21 Besvärsutskottet
305 516 70 19 ansett
391 515 30 25 sig
436 513 54 21 böra
505 513 78 21 föreslå
599 515 31 18 att
641 513 137 27 Högvördiga
786 512 133 21 Prestestån-

94 543 37 20 det
152 543 49 20 ville
224 543 6 20 i
253 542 102 27 afgående
371 542 111 21 skrifvelse
498 542 92 21 anmoda
606 541 141 27 domkapitlet
762 542 5 20 i
783 535 47 27 Åbo
847 543 32 18 att
894 547 25 14 ur

93 571 41 21 den
157 571 68 20 under
247 571 150 26 domkapitlets
420 571 129 26 förvaltning
572 570 88 21 stående
680 569 239 22 archivimedelsfonden

94 600 121 20 utanordna
237 599 38 21 och
299 600 134 21 förskottsvis
448 599 98 21 utbetala
568 599 161 26 ifrågavarande
744 599 93 21 arvoden
853 598 67 27 enligt

92 628 24 21 af
130 628 158 21 vederbörande
311 628 213 21 utskottsledamöter
541 628 119 26 afgifvande
672 628 122 25 räkningar,
810 626 109 22 hvarefter

93 657 142 26 domkapitlet
257 657 70 20 kunde
352 657 27 26 på
401 659 43 18 sätt
462 657 124 26 lämpligast
601 662 62 20 synes
679 656 22 21 af
715 657 26 20 de
756 655 106 22 särskilda
877 655 43 21 val-

93 692 121 20 grupperna
229 685 91 21 indrifva
341 685 36 21 det
392 685 76 27 belopp
485 684 79 22 enhvar
579 684 22 21 af
616 684 46 21 dem
679 685 39 20 bör
733 684 86 27 påföras
834 684 33 20 till
882 684 38 20 be-

94 714 105 21 täckande
221 714 23 20 af
265 714 26 20 de
311 720 25 14 ur
351 714 64 20 redan
431 714 93 20 nämnda
540 713 50 21 fond
605 713 120 27 förskjutna
740 713 89 25 medlen,
846 713 7 19 i
868 712 52 21 hvil-

95 742 36 21 ket
153 742 101 21 afseende
271 742 139 27 domkapitlet
425 742 6 20 i
447 736 47 27 Åbo
510 742 62 21 torde
587 743 57 19 sätta
658 742 32 26 sig
706 742 5 20 i
727 741 129 21 förbindelse
871 740 49 22 med

94 771 146 26 domkapitlen
255 771 7 20 i
278 771 70 27 Borgå
366 771 39 21 och
421 771 84 26 Kuopio
522 772 55 20 samt
593 770 154 21 Consistorium
763 770 157 21 Academicum.

268 828 30 20 På
315 828 102 21 Enskilda
434 828 210 20 Besvärsutskottets
660 829 89 25 vägnar:

426 880 27 19 A.
474 878 27 21 G.
522 878 66 28 Borg.

166 970 117 22 Bordlades
305 970 242 26 bevillningsutskottets
570 970 78 26 förslag
671 970 31 20 till
718 969 204 27 sammanjemkning

98 999 24 21 af
143 999 101 21 ständens
259 999 121 26 skiljaktiga
395 999 76 26 beslut,
488 998 132 22 beträffande
635 999 115 21 utskottets
767 998 134 21 betänkande
916 998 7 20 i

99 1028 113 26 anledning
227 1027 22 22 af
263 1028 76 26 nådiga
354 1028 158 26 propositionen
529 1034 33 14 om
578 1026 275 28 stäinpelpappersatgiften.

167 1118 118 21 Bordlades
308 1118 239 21 kommunalutskottets
570 1118 79 26 förslag
672 1118 32 20 till
719 1117 205 26 sammanjemkning

99 1147 22 21 af
142 1147 101 21 ständens
266 1147 121 26 skiljaktiga
404 1147 70 21 beslut
490 1146 130 21 beträffande
637 1146 114 21 utskottets
767 1145 135 22 betänkande
917 1145 6 20 i

99 1175 114 27 anledning
235 1175 21 22 af
278 1176 76 26 nädiga
374 1175 157 27 propositionen
548 1181 34 15 om
598 1175 109 21 införande
722 1175 23 21 af
758 1173 167 22 kommunalför-

98 1204 95 27 valtning
208 1205 6 20 i
229 1204 53 21 stad.

168 1255 111 21 Professor
294 1255 148 22 Ehrström
465 1254 72 22 anhöll
553 1261 34 14 om
603 1254 61 21 ordet
680 1254 39 21 och
736 1254 93 26 yttrade:
861 1253 64 22 Kom-

101 1283 178 22 munalutskottet
293 1283 39 21 har
347 1284 45 21 haft
407 1284 39 21 den
462 1283 76 27 lyckan
554 1285 32 19 att
603 1283 33 20 vid
652 1283 68 20 denna
734 1282 102 27 landtdag
851 1282 21 21 fä
887 1288 39 15 an-

101 1313 68 20 vända
185 1319 24 14 en
225 1312 64 21 bland
305 1312 26 21 de
351 1312 135 27 skickligaste
502 1312 132 21 sekreterare
649 1317 44 15 som
709 1311 89 21 ständen
815 1310 63 21 hafva
894 1312 32 19 att

100 1341 83 26 förfoga
207 1341 64 21 öfver.
304 1341 48 21 Han
375 1344 75 23 antogs
465 1341 6 20 i
487 1340 79 21 medlet
590 1339 21 22 af
632 1339 91 21 februari
740 1340 76 20 månad
832 1339 39 21 och
887 1339 39 20 har

101 1369 64 22 sedan
189 1369 54 26 dess,
267 1369 88 21 likasom
377 1369 111 24 utskottet,
512 1369 56 20 varit
591 1369 6 20 i
620 1368 37 21 full
674 1368 133 21 verksamhet
823 1368 56 21 ända
894 1367 32 21 till

101 1398 69 21 denna
191 1398 37 25 tid,
252 1398 47 20 med
323 1398 80 21 afbrott
425 1397 75 21 endast
516 1397 23 21 af
552 1403 38 20 par
606 1397 83 26 veckor,
705 1396 120 21 hvarunder
840 1396 25 21 de
877 1397 49 20 sär-

100 1426 69 21 skilda
184 1426 90 21 ständen
290 1426 131 21 behandlade
437 1426 116 21 utskottets
569 1425 132 21 betänkande
714 1425 40 21 och
765 1425 66 21 under
842 1424 84 21 hvilken

100 1455 32 20 tid
152 1455 40 20 han
211 1455 95 20 biträdde
321 1455 140 26 lagutskottet
476 1454 32 21 för
524 1453 152 28 uppsättandet
692 1453 22 21 af
728 1454 35 20 tvä
778 1453 149 21 betänkanden

101 1485 44 19 mot
167 1483 100 21 särskildt
289 1483 77 21 arvode
382 1483 21 21 af
417 1483 41 20 350
473 1483 68 20 mark.
572 1482 33 21 Dä
620 1482 52 21 hans
688 1482 135 21 verksamhet
837 1481 90 22 sälunda

102 1511 67 22 blifvit
191 1514 63 24 tagen
270 1513 6 19 i
291 1512 92 26 anspräk
398 1511 67 21 under
480 1517 26 15 en
522 1511 31 20 tid
569 1511 21 20 af
604 1511 6 20 i
626 1511 36 20 det
676 1512 106 19 närmaste
797 1511 14 20 4
826 1509 102 22 mänader

102 1539 39 22 och
157 1539 112 28 möjligtvis
285 1541 56 20 ännu
356 1540 42 21 kan
413 1542 59 24 tagas
488 1539 6 21 i
510 1539 100 26 anspräk,
622 1539 63 26 ansäg
699 1537 229 22 kommunalutskottet

824 1577 34 17 108
