1117 1817
215 160 56 21 1590
452 165 161 18 Presteståndet
626 166 56 17 1872.
706 166 13 16 4
730 165 52 21 juni.

186 245 55 21 Dess
263 247 60 25 nytta
339 245 40 21 och
395 245 109 27 betydelse
521 247 25 19 är
561 245 66 21 redan
643 245 118 21 framstäld.
791 245 40 27 Jag
847 251 62 15 anser
924 244 40 21 den
980 249 33 15 sa-

186 273 41 21 ken
248 279 51 16 vara
318 274 85 27 mycket
418 274 39 21 kär
471 274 34 21 för
521 274 42 26 mig
580 274 39 21 och
636 274 38 21 har
690 273 90 27 derföre,
795 273 68 22 ehuru
875 273 38 27 jag
927 273 46 21 icke
988 274 24 19 är

186 301 89 28 behörig
289 304 32 19 att
336 303 6 20 i
359 302 68 21 denna
443 303 59 20 krets
516 304 59 25 yttra
590 303 43 26 mig
648 309 34 14 om
698 309 25 14 en
739 302 66 21 sådan
821 301 65 28 fråga,
901 301 59 28 tyckt
971 301 44 26 mig

187 330 53 22 böra
263 331 68 21 uttala
353 331 48 21 mitt
419 337 73 15 varma
508 331 127 26 deltagande
651 331 76 21 derför.
758 331 41 26 Jag
814 331 97 21 förordar
926 329 88 22 sålunda

187 359 50 21 herr
252 359 65 21 Reins
333 360 138 21 reservation.

257 415 120 22 Statsrådet
399 417 156 21 Lindelöf:
576 416 41 27 Jag
639 416 55 22 hade
717 416 76 21 önskat
816 418 32 19 att
870 416 46 22 icke
939 415 73 21 vidare

187 444 92 21 behöfva
294 445 106 26 uppträda
414 445 6 21 i
436 445 70 21 denna
520 445 67 27 fråga,
602 451 49 15 men
667 445 36 22 det
718 445 105 21 oväntade
839 444 113 27 motstånd,
966 450 45 14 som

187 473 117 21 utskottets
320 473 134 22 betänkande
470 474 39 21 har
524 476 48 19 rönt
588 474 38 21 hos
642 474 106 26 åtskillige
764 474 67 21 talare
847 473 39 22 och
902 473 35 21 det
952 473 59 25 ringa

188 502 134 27 deltagande,
349 509 44 14 som
409 503 48 20 vårt
472 503 60 20 lands
548 502 89 21 främsta
653 503 159 26 vetenskapliga
827 502 110 21 samfunde
952 501 59 21 kom-

187 531 40 20 mit
249 531 33 20 till
305 531 42 24 del,
370 531 38 20 har
422 531 57 26 gjort
495 531 27 26 på
537 531 43 27 mig
596 533 32 19 ett
643 531 23 21 så
681 531 129 21 nedslående
825 531 90 26 intryck,
930 532 33 19 att
975 529 38 27 jag

188 559 62 21 deraf
267 559 66 22 finner
349 560 42 25 mig
406 560 76 21 manad
498 562 32 19 att
544 562 60 25 yttra
618 559 67 27 några
700 560 45 21 ord.
775 559 110 22 Professor
901 559 111 21 Ehrström

188 587 91 27 begynte
295 589 37 20 sitt
347 589 136 26 andragaude
500 589 92 25 dermed,
608 591 32 18 att
655 588 41 21 han
712 589 33 20 för
761 589 32 20 sin
809 588 34 21 del
859 588 50 21 sade
925 587 30 27 sig
966 587 47 21 icke

188 616 53 27 hysa
264 616 65 27 några
351 617 120 26 synnerliga
493 617 131 26 sympathier
646 617 33 21 för
701 617 250 26 vetenskapssocieteten,
973 615 39 22 och

188 645 42 20 han
246 645 95 22 uttalade
357 646 32 20 sin
406 646 114 21 förundran
536 646 98 21 deröfver
650 648 31 19 att
696 646 108 20 allmänna
820 645 193 21 besvärsutskottet

189 674 54 20 hade
266 674 81 21 kunnat
369 675 44 19 visa
433 677 31 18 ett
479 674 77 21 sädant
571 675 89 20 intresse
676 673 32 22 för
723 676 32 19 ett
771 673 103 25 samfund,
891 679 44 15 som
951 675 23 18 är
990 672 23 21 sä

188 702 131 21 fremmande
342 702 33 21 för
397 702 25 21 de
445 702 155 22 humanistiska
620 703 157 25 sträfvandena,
801 704 32 19 att
856 702 35 21 det
914 702 45 20 icke
975 707 38 15 ens

188 730 40 21 har
251 730 68 27 nägon
343 734 147 23 representant
511 732 32 20 för
565 731 179 27 vetenskapernas
767 731 122 26 vetenskap,
905 730 108 21 äfvensom

188 759 35 21 för
245 760 150 20 sträfvandena
418 760 6 20 i
447 760 47 20 värt
515 762 47 24 eget
577 760 57 25 land,
651 762 32 19 att
699 760 36 20 det
751 760 46 20 icke
813 759 92 21 befattar
919 759 32 26 sig
966 758 48 21 med

188 788 110 26 forskning
313 788 109 27 angäende
438 788 150 21 fosterlandets
604 791 64 18 natur
684 788 38 21 och
738 788 51 21 folk.
819 788 40 26 Jag
874 788 68 20 slutar
954 786 63 22 häraf

189 819 32 18 att
241 816 108 27 professor
371 817 111 21 Ehrström
506 817 45 21 icke
568 817 38 21 har
622 817 53 27 tagit
691 817 116 26 tillräcklig
821 816 56 21 notis
893 822 33 15 om
942 819 71 18 veten-

189 845 194 26 skapssocietetens
405 846 144 25 sträfvanden,
566 848 22 24 ty
604 846 244 26 vetenskapssocieteten
864 845 39 21 har
918 846 5 20 i
939 844 75 27 sjelfva

188 874 75 20 verket
286 873 56 27 gjort
364 874 136 26 forskningar
522 874 109 26 angäende
654 874 161 21 förhällandena
830 874 6 20 i
853 876 48 24 eget
915 873 50 21 land
980 872 33 22 till

189 908 26 15 en
238 902 77 26 speciel
338 902 88 27 uppgift.
458 903 45 20 Den
527 903 39 20 har
588 902 6 21 i
610 902 76 21 sädant
701 902 100 21 afseende
817 902 87 26 utgifvit
919 908 25 14 en
960 901 54 21 serie

189 930 23 21 af
236 930 24 21 sä
275 931 84 21 kallade
376 947 10 8 ,
389 930 79 28 Bidrag
482 932 32 20 till
530 931 118 21 kännedom
665 931 23 21 af
701 931 101 21 Finlands
817 934 64 18 natur
897 931 38 21 och
951 930 63 25 folk",

189 959 22 21 af
232 959 73 21 hvilka
327 959 55 21 ända
404 959 31 21 till
451 960 27 20 29
494 960 94 26 volymer
604 960 75 21 hittills
695 960 64 20 hafva
774 960 119 20 utkommit.
923 959 40 26 Jag
978 958 36 21 vill

190 987 75 21 anföra
288 988 59 20 detta
372 988 76 21 endast
462 988 33 21 för
511 990 32 19 att
558 988 67 21 afvisa
641 988 36 21 det
692 988 123 27 pästäende,
831 990 32 18 att
878 988 134 25 vetenskaps-

189 1016 117 21 societeten
327 1016 68 21 skulle
420 1016 63 22 hafva
503 1016 55 22 varit
579 1017 131 21 fremmande
732 1017 35 21 för
788 1016 149 22 sträfvandena
952 1016 7 20 i
975 1016 39 20 och

189 1044 212 27 undersökningarna
424 1044 23 22 af
469 1048 47 24 eget
539 1046 55 20 land.
625 1046 143 26 Domprosten
790 1045 89 21 Renvall
902 1044 65 26 ansäg
982 1046 32 19 att

189 1075 70 25 nägon
283 1073 83 21 aflönad
389 1074 56 26 plats
467 1074 7 20 i
494 1074 243 26 vetenskapssocieteten
754 1074 46 20 icke
816 1080 50 14 vore
882 1073 86 27 lämplig
982 1074 33 19 att

189 1102 99 26 inrättas,
309 1102 88 21 emedan
414 1102 36 21 det
464 1102 68 21 skulle
548 1109 51 14 vara
615 1105 32 19 att
662 1102 54 21 inslä
731 1108 25 14 en
773 1108 26 21 ny
815 1102 99 26 riktning,
930 1101 85 21 hvilken

190 1130 100 26 möjligen
313 1130 69 21 skulle
405 1130 62 21 hafva
487 1131 31 20 till
541 1131 59 26 följd,
619 1133 33 18 att
667 1137 48 14 man
731 1130 114 21 framdeles
861 1130 67 21 skulle
943 1130 72 20 fordra

190 1158 93 27 aflöning
306 1158 33 21 för
362 1159 43 20 alla
427 1159 138 21 medlemmar
580 1159 6 21 i
602 1160 122 20 societeten.
756 1159 42 21 Det
813 1161 24 18 är
852 1159 120 26 visserligen
989 1164 27 14 en

190 1193 27 20 ny
240 1187 101 26 riktning,
364 1193 45 15 som
430 1187 40 21 här
492 1187 61 26 afses,
570 1190 21 24 ty
608 1189 36 20 det
658 1188 68 21 skulle
741 1188 58 26 gälla
815 1194 24 14 en
855 1187 124 26 utvidgning
994 1186 25 21 af

190 1215 243 27 vetenskapssocieteten
450 1216 6 20 i
472 1216 76 21 sädant
563 1216 61 26 syfte,
640 1219 32 18 att
687 1217 40 20 den
738 1216 114 21 framdeles
863 1215 68 21 skulle
943 1215 73 21 kunna

189 1244 102 21 utveckla
307 1245 31 26 sig
353 1244 33 21 till
402 1251 25 14 en
438 1245 233 26 vetenskapsakademi,
684 1245 39 20 och
735 1245 6 20 i
753 1251 25 14 en
790 1243 225 27 vetenskapsakademi

190 1272 75 26 finnas,
288 1273 68 20 såsom
381 1279 48 15 man
451 1276 39 21 vet,
513 1273 98 21 atlönade
626 1274 87 26 platser,
729 1273 68 21 ehuru
813 1273 36 21 det
864 1273 46 20 icke
925 1274 23 19 är
965 1272 50 21 nöd-

190 1301 89 26 vändigt
301 1303 32 18 att
353 1301 42 21 alla
417 1301 80 26 platser
512 1301 61 21 skola
588 1308 51 14 vara
656 1301 101 22 aflönade.
788 1301 41 21 Det
845 1301 41 21 kan
901 1301 115 26 ingalunda

190 1335 63 16 anses
274 1329 56 27 ligga
345 1329 6 21 i
366 1330 118 26 petitionen
504 1332 30 19 ett
554 1330 78 21 sädant
647 1330 97 27 syftemäl
761 1332 32 19 att
808 1330 125 21 societetens
949 1329 67 21 förut-

190 1357 94 22 varande
299 1357 137 22 medlemmar
451 1358 68 21 skulle
534 1364 75 21 genom
626 1359 68 20 denna
709 1358 89 27 petition
814 1358 20 21 fä
845 1358 69 26 nägon
926 1357 90 22 särskild

190 1385 91 22 förmon.
311 1386 50 21 Man
383 1386 65 27 begär
471 1387 74 20 endast
566 1387 131 21 anställande
713 1388 22 19 af
748 1387 176 26 vetenskapsmän
939 1386 6 21 i
962 1385 55 21 vissa

190 1416 85 23 ämnen,
298 1414 70 21 hvilka
391 1417 36 18 äro
449 1415 23 21 af
493 1415 39 21 den
553 1417 69 25 natur,
639 1417 31 20 att
686 1415 25 21 de
727 1415 6 21 i
749 1415 47 21 värt
812 1415 49 21 land
876 1415 65 20 borde
957 1413 60 22 odlas

191 1443 39 21 och
251 1445 33 19 att
298 1443 136 26 forskningen
450 1443 57 21 inom
524 1443 61 22 deras
601 1444 86 21 omräde
703 1445 24 20 är
741 1443 134 28 synnerligen
891 1442 125 27 maktpälig-

190 1471 76 27 gande.
297 1471 142 27 Domprosten
462 1471 87 22 Renvall
564 1472 88 21 anförde
667 1472 71 21 vidare
754 1474 33 19 att
801 1472 36 21 det
852 1471 113 26 ingalunda
980 1477 38 14 var

190 1500 78 25 utredt,
293 1502 32 19 att
341 1500 241 27 vetenskapssocieteten
598 1500 137 21 öfverhufvud
750 1500 91 21 behöfde
856 1501 66 25 nägra
937 1499 79 26 anslag.

190 1527 41 27 Jag
249 1528 41 21 har
305 1528 63 21 likväl
384 1528 49 21 sökt
448 1531 32 19 att
494 1529 7 20 i
516 1529 48 20 mitt
579 1529 212 26 petitionsmemorial
806 1529 75 20 utreda
897 1528 39 21 den
951 1528 66 21 saken

191 1556 40 21 och
246 1556 101 22 särskildt
363 1557 90 27 häntydt
468 1557 28 26 pä
512 1557 25 21 de
552 1557 177 26 meteorologiska
744 1557 167 26 forskningarna,
923 1562 45 15 som
979 1562 39 15 un-
