1117 1817
389 137 161 18 Presteståndet
562 138 56 17 1872.
832 131 53 21 1773

88 218 81 27 gäende
185 218 204 26 församlingslärare
404 220 50 19 utan
471 218 101 21 afsennde
587 218 13 20 &
616 218 35 20 det
667 220 67 22 ämne,
752 217 59 20 hvari
827 216 41 21 han
879 216 36 21 vid

88 247 74 21 skolan
186 246 83 21 komme
292 248 31 19 att
345 246 119 24 undervisa,
488 249 30 18 ett
542 247 68 20 större
634 245 57 22 antal
712 244 203 27 församlingslärare

88 275 55 22 skall
159 275 51 21 söka
229 275 83 21 inträde
327 275 6 20 i
349 275 85 21 skolans
450 275 70 26 tjenst,
538 274 134 21 alldenstund
685 273 142 27 öfvergängen
839 275 24 19 är
873 273 40 20 för-

90 304 77 21 svärad
189 309 76 21 genom
289 304 25 20 de
335 303 141 26 mängfaldiga
495 303 52 26 prof,
564 309 44 15 som
624 303 33 20 för
672 303 125 26 kompetens
813 301 30 22 till
859 301 56 21 skol-

89 333 88 26 tjenster
199 332 51 21 böra
274 331 100 28 afläggas,
398 338 46 15 men
469 332 27 21 dä
518 331 76 22 sådant
614 331 64 21 likväl
694 337 49 15 vore
759 330 100 21 tänkbart
875 329 39 22 och

90 361 97 26 stegrade
202 360 143 27 uppofiringar
361 361 121 25 derigenom
498 361 70 20 kunde
584 360 127 21 statsverket
727 359 132 27 tillskyndas,
876 358 38 21 har

90 389 157 27 presteständet
262 389 110 25 förmenat,
389 391 31 18 att
436 395 24 14 en
478 389 57 26 hvar,
551 395 45 14 som
610 388 46 21 frän
667 388 92 27 kyrkans
772 388 64 27 tjenst
849 387 65 21 öfver-

90 419 39 26 gär
151 417 31 21 till
205 418 80 25 skolan,
302 424 47 14 men
365 417 110 21 derstädes
491 417 45 21 icke
552 417 102 21 bekläder
669 415 246 28 religionslärarebefatt-

91 446 56 27 ning,
170 446 137 25 ovilkorligen
329 446 66 21 borde
410 446 66 21 under
492 446 40 21 fem
549 447 35 20 ärs
599 446 31 21 tid
646 445 61 22 hafva
723 445 54 21 varit
791 444 124 23 skollärare,

90 475 62 21 ionan
176 475 41 21 han
240 474 54 27 finge
316 475 84 21 komma
415 475 5 20 i
436 474 125 27 ätnjutande
577 475 23 20 af
610 474 160 26 ifrägavarande
786 473 129 26 löneförhöj-

90 503 147 27 ningsförmän.

160 533 29 20 Pä
213 532 25 21 de
261 531 52 26 skäl,
336 531 157 26 presteständet
508 531 90 22 sälunda
613 531 46 22 haft
674 531 65 21 näder
754 531 80 24 anföra,
851 531 64 26 vägar

92 561 156 22 presteständet
272 561 5 20 i
294 561 95 26 djupaste
405 560 171 27 underdänighet
591 560 92 24 anhålla,
699 560 36 21 det
751 559 82 22 täcktes
848 559 67 21 Eders

92 589 115 27 Kejserliga
224 589 99 26 Majestät
339 589 6 20 i
361 589 65 21 näder
442 589 76 26 tilläta,

365 649 38 22 att,
422 645 88 28 jemlikt
535 646 81 26 nådiga
645 645 164 28 Förordningen
830 644 29 27 af
875 644 40 20 den

298 676 28 19 30
353 675 60 20 Mars
432 675 64 26 1865,
517 677 119 24 prestman,
658 675 56 26 efter
737 674 34 20 det
787 674 43 20 han
846 672 70 27 öfver-

295 704 48 26 gätt
358 704 32 26 pä
408 702 203 26 skollärarebanan,
627 704 65 19 mätte
708 702 69 20 under
793 702 68 27 ofvan
877 708 38 13 an-

295 732 66 27 gifna
383 732 69 20 vilkor
469 732 30 26 få
523 731 63 27 äfven
604 732 7 19 i
626 731 102 27 afseende
744 732 13 19 ä
770 731 92 27 pension
878 730 39 20 och

298 760 178 28 löneförhöjning
500 760 162 27 tillgodoräkna
685 760 32 26 sig
733 760 49 20 sina
799 760 7 19 i
821 758 96 28 kyrkans

298 789 63 25 tjenst
379 789 142 27 förvärfvade
537 789 109 27 tjensteär.

161 846 33 21 3:o
211 846 44 21 Hos
277 846 161 21 Presteständet
462 846 39 21 har
524 852 24 14 en
573 846 46 20 dess
643 845 88 21 medlem
752 845 32 21 vid
801 844 116 27 påstående

92 875 101 26 landtdag
216 875 56 26 gjort
294 874 152 26 framställning
463 881 34 15 om
514 874 64 22 behof
593 874 21 21 af
628 873 289 22 accouchementsinrättnin-

92 910 51 19 gens
158 904 6 20 i
180 903 131 27 Helsingfors
331 903 132 27 utvidgande,
480 906 55 18 samt
554 904 68 20 säsom
639 902 45 21 skäl
700 902 69 21 dertill
787 902 68 21 anfört
871 901 45 21 huf-

93 932 150 26 vudsakligast,
267 934 32 19 att
321 932 62 20 bland
400 932 105 26 allmogen
522 938 24 14 en
563 932 76 25 mängd
656 931 177 21 barnaföderskor
849 930 5 20 i
871 930 46 20 sak-

93 961 40 21 nad
156 960 22 21 af
201 960 89 27 kunnigt
312 960 82 21 biträde
410 960 34 21 vid
460 960 152 26 förlossningen
629 960 53 26 tagit
697 960 66 20 skada
779 959 32 21 till
827 959 24 21 lif
866 958 51 21 eller

93 988 64 22 helsa.
188 989 95 21 Delande
307 989 39 21 den
369 990 60 25 äsigt,
446 995 44 15 som
514 989 30 21 uti
566 988 91 22 berörda
680 988 154 26 framställning
849 987 69 21 funnit

92 1018 38 20 sitt
152 1018 90 27 uttryck,
267 1018 37 20 har
326 1018 156 26 presteständet
505 1018 46 26 gätt
571 1017 6 21 i
593 1017 123 26 författning
732 1023 33 15 om
781 1016 136 21 inhemtande

92 1046 22 21 af
128 1046 111 26 utredning
255 1046 89 21 rörande
360 1046 17 26 ej
395 1046 80 21 mindre
491 1046 107 26 omfånget
613 1046 23 20 af
649 1045 134 21 förenämnde
806 1044 112 22 accouche-

92 1075 185 26 mentsinrättning
299 1077 26 19 än
348 1075 80 21 antalet
443 1075 22 21 af
480 1081 27 14 nu
524 1074 108 27 hefintliga
649 1074 156 26 barnmorskor,
823 1073 95 23 hvarige-

94 1110 48 14 nom
159 1103 125 27 upplysning
300 1104 89 24 vunnits,
407 1106 31 18 att
453 1104 68 20 under
536 1104 74 26 loppet
626 1103 22 21 af
662 1103 28 20 tio
707 1103 40 20 år
744 1097 12 37 i
761 1101 99 22 medeltal
871 1101 45 21 från

92 1132 317 26 accouchementsinrättningen
431 1132 167 21 utexaminerats
618 1132 30 20 tio
664 1131 151 20 barnmorskor
831 1130 87 26 årligen,

92 1162 55 19 samt
169 1162 31 19 att
222 1160 31 21 för
277 1160 130 21 närvarande
426 1160 6 21 i
448 1159 72 22 landet
537 1160 66 21 finnas
619 1159 74 21 inalles
710 1159 118 21 tvåhundra
844 1158 12 21 å
872 1159 46 20 två-

93 1188 158 27 hundrafyratio
275 1189 145 21 examinerade
444 1189 157 23 barnmorskor,
625 1189 21 20 af
666 1188 70 21 hvilka
759 1186 160 27 trefjerdedelar

93 1219 37 19 äro
147 1217 84 21 bosatta
246 1217 6 20 i
268 1217 99 22 städerna
383 1218 39 20 och
438 1217 76 21 endast
529 1223 26 15 en
570 1217 101 26 fjerdedel
688 1217 25 26 på
729 1216 77 21 landet.

162 1246 37 21 Att
223 1247 58 20 detta
305 1246 63 24 antal,
391 1246 53 21 hvad
468 1245 144 27 landsbygden
636 1246 71 25 angår,
729 1245 120 26 pätagligen
873 1243 46 21 icke

94 1277 117 18 motsvarar
234 1275 105 26 behofvet,
363 1275 61 20 torde
447 1274 17 27 ej
482 1275 72 20 kunna
568 1274 108 23 förnekas;
692 1273 39 22 och
747 1274 65 20 ehuru
829 1273 89 20 orsaken

94 1302 31 21 till
148 1303 64 21 redan
237 1303 92 26 antydda
351 1303 183 21 missförhållande
558 1302 88 21 emellan
670 1302 79 21 antalet
772 1300 148 23 examinerade

94 1331 151 21 barnmorskor
265 1332 6 19 i
286 1332 99 20 städerna
401 1331 39 22 och
455 1333 28 25 på
498 1331 73 21 landet
587 1331 129 26 väsentligen
733 1331 62 20 beror
808 1330 21 21 af
845 1329 74 21 allmo-

94 1366 51 20 gens
159 1359 129 22 fortfarande
304 1359 109 27 oförmåga
428 1362 32 19 att
476 1360 44 20 inse
536 1363 77 23 gagnet
628 1359 22 21 af
665 1360 70 20 dessas
754 1359 89 23 biträde,
860 1358 31 21 får
907 1357 13 21 å

94 1389 66 20 andra
182 1389 60 20 sidan
265 1389 46 20 icke
327 1389 95 25 förbises,
438 1391 31 18 att
485 1388 221 26 landtbefolkningens
722 1388 59 26 ringa
796 1387 124 21 förtroende

95 1416 30 21 till
149 1417 146 21 examinerade
319 1417 150 21 barnmorskor
490 1417 24 20 så
530 1416 80 21 tillvida
634 1418 50 25 äger
699 1416 59 26 giltig
774 1416 75 26 grund,
866 1417 32 18 att
914 1415 5 20 i

94 1446 85 20 svårare
202 1445 35 22 fall
261 1445 44 21 ofta
327 1445 22 22 af
363 1445 46 21 dem
426 1446 17 25 ej
461 1445 40 21 kan
518 1445 106 26 påräknas
640 1445 94 21 verksam
751 1444 62 27 hjelp,
831 1443 88 22 emedan

94 1473 26 21 de
142 1474 45 21 icke
210 1476 37 19 äro
271 1474 131 26 berättigade
425 1476 31 18 att
473 1473 29 21 till
522 1473 154 21 barnsbördens
692 1473 117 21 afslutande
826 1472 95 26 tillgripa

94 1502 155 21 instrumenter.
282 1503 31 20 Då
329 1502 141 21 allmänheten
486 1502 89 21 sålunda
592 1509 32 14 ser
640 1508 25 14 en
682 1502 75 25 mängd
769 1501 152 25 förlossningar

94 1530 103 27 lyckligen
220 1531 104 21 slutförda
347 1531 66 20 under
435 1530 72 27 tillsyn
524 1530 22 21 af
560 1530 136 26 förståndiga,
713 1536 46 14 men
776 1530 5 20 i
797 1530 62 26 yrket
874 1528 46 21 icke
