1117 1817
348 157 160 18 Presteståndet
520 158 54 16 1872.
599 158 26 16 25
638 158 47 20 maj.
853 151 55 21 1333

110 237 73 26 sjelfva
199 237 17 26 ej
232 237 85 21 komma
333 239 32 18 att
380 237 20 21 få
415 237 69 26 någon
496 236 33 22 del
540 236 22 22 af
574 237 40 21 den
627 236 112 27 folkskola,
751 242 45 15 som
810 236 47 21 med
868 235 70 22 denna

111 265 113 26 bevillning
239 265 85 28 åsyftas,
341 271 78 19 ogerna
434 265 102 27 erlägges,
553 265 39 21 och
608 267 32 19 ett
654 265 77 21 sådant
746 267 43 18 sätt
805 265 67 20 måste
885 265 53 20 mot-

111 294 74 21 arbeta
199 293 73 22 saken.
292 294 32 21 En
337 294 66 21 talare
414 293 139 22 beskärmade
566 294 32 26 sig
608 293 58 22 öfver
676 293 36 21 det
723 293 69 22 finska
802 293 77 21 folkets
889 292 48 26 låga

111 322 131 27 ståndpunkt
257 323 6 20 i
279 322 147 27 mångahanda
442 323 72 20 måtto.
546 322 45 21 Här
602 328 38 15 var
651 324 31 19 ett
692 322 97 26 genmäle
799 321 22 21 af
831 327 26 16 en
867 327 70 15 annan

111 352 51 21 värd
178 351 73 25 talare,
267 357 45 15 som
325 351 37 26 jag
377 351 35 20 vill
429 350 92 24 biträda;
535 350 37 27 jag
587 350 35 21 vill
639 351 103 26 nemligen
758 353 51 24 taga
823 350 36 21 det
869 349 68 22 finska

111 379 66 22 folket
197 380 6 20 i
226 379 81 22 försvar
329 380 6 20 i
361 380 76 25 många
452 379 113 22 afseenden
579 380 45 26 just
639 382 57 18 emot
711 379 62 21 dessa
789 378 148 22 förnärmande

111 407 164 28 beskyllniogar.
305 408 40 26 Jag
367 414 62 15 anser
452 408 35 21 det
509 408 68 21 finska
593 407 73 26 folket,
682 407 48 22 med
746 407 41 22 den
803 407 47 26 låga
865 406 72 22 stånd-

111 437 67 27 punkt
193 437 36 21 det
244 437 45 21 står
304 437 33 26 på,
353 437 18 26 ej
387 437 33 21 stå
435 437 23 20 så
474 436 72 21 alltför
561 437 83 26 mycket
660 436 57 27 lägre
733 438 27 19 än
774 435 82 22 folket
848 430 10 38 i
869 441 25 16 en
903 434 34 22 hel

111 466 42 27 hop
174 465 67 22 andra
264 465 79 21 länder.
374 465 41 21 Det
438 465 67 21 finska
528 465 66 21 folket
610 465 79 21 saknar
704 465 17 26 ej
739 465 106 24 förstånd;
861 463 77 22 intelli-

111 497 63 23 genta
197 500 100 21 personer
319 493 68 22 finnas
405 494 63 21 bland
485 493 110 27 allmogen.
626 493 40 27 Jag
682 493 38 21 har
736 493 120 22 erfarenhet
871 491 67 26 deraf,

111 523 89 21 emedan
220 523 37 26 jag
279 522 107 21 förmenar
408 523 42 26 mig
472 522 63 21 hafva
557 524 43 19 sett
623 522 36 21 det
674 522 67 21 finska
757 521 67 22 folket
839 522 24 21 så
877 523 60 24 nära,

112 557 44 16 som
172 553 55 20 trots
242 552 69 25 någon
326 551 21 21 af
363 551 35 21 det
414 551 128 26 högvördiga
558 551 96 21 ståndets
669 550 143 21 medlemmar.
839 550 62 21 Hvad
911 555 26 16 en

112 586 68 15 annan
203 579 53 22 värd
271 579 67 21 talare
354 579 90 22 nämnde
460 586 34 15 om
511 580 39 21 den
566 579 180 26 utomordentliga
761 579 95 21 fördelen
872 578 22 21 af
907 578 31 21 in-

111 611 70 19 ternat
196 609 6 20 i
218 608 141 27 seminarium,
377 609 36 20 det
427 608 35 21 vill
475 608 37 27 jag
528 607 90 22 betvifla.
649 608 31 27 Ty
695 608 46 21 icke
756 610 44 19 tror
810 608 32 26 jag
856 607 28 27 pä
894 607 42 25 det,

112 640 31 18 att
165 637 26 21 de
214 637 54 21 ifrån
293 637 60 21 dessa
369 638 93 20 internat
477 637 108 26 utgångna
600 637 98 21 eleverna
713 636 61 21 skola
791 635 96 22 medföra
902 635 35 21 nå-

110 672 41 20 gon
173 665 106 27 synnerlig
303 665 131 25 trollformel,
456 665 33 21 för
510 668 32 18 att
562 665 98 27 bibringa
681 665 45 21 sina
747 665 70 21 elever
837 671 25 15 en
879 670 58 15 mera

111 693 165 27 utomordentlig
292 694 83 26 lydnad,
392 696 25 19 än
433 694 55 20 hvad
504 700 75 20 genom
596 693 123 27 uppfostran
735 693 6 21 i
758 694 47 20 vårt
819 693 49 21 land
880 693 58 21 förut

111 722 39 21 har
165 722 167 22 åstadkommits.
363 722 40 26 Jag
419 722 93 22 biträder
526 722 91 22 sälunda
632 722 115 21 utskottets
764 721 139 27 betänkande,
914 721 23 21 sä

112 751 83 27 mycket
215 750 72 26 hellre,
309 757 46 15 som
379 751 47 21 dess
449 751 73 27 anslag
544 753 36 19 äro
597 750 87 27 ungefär
699 750 26 22 de
741 757 80 15 samma
836 756 45 16 som
897 749 40 21 den

112 779 76 27 nådiga
203 779 158 27 propositionen
377 780 92 25 fordrar;
486 786 48 14 men
547 780 37 26 jag
599 779 35 21 vill
650 779 54 21 dock
719 785 66 20 gerna
800 779 60 21 äfven
875 778 62 21 inkli-

111 814 51 15 nera
184 808 31 21 till
239 808 39 21 den
301 808 153 23 modifikation,
470 814 46 15 som
531 807 108 28 professor
654 808 102 21 Forsman
772 808 39 21 och
827 808 26 20 hr
867 807 70 21 Meur-

112 843 48 15 man
176 836 7 21 i
199 836 30 22 sin
246 837 128 21 reservation
391 836 121 22 framhållit.

180 894 80 26 Biskop
284 894 180 21 Schauman:
487 894 45 21 Här
547 894 62 21 hafva
624 894 22 21 af
661 894 48 21 dem
724 900 45 14 som
785 894 54 26 tagit
854 892 83 22 utskot-

111 924 42 19 tets
175 922 134 21 betänkande
330 922 6 21 i
362 922 87 25 försvar,
471 922 69 21 blifvit
555 922 89 22 anförda
659 922 106 27 åtskilliga
780 922 53 22 skäl.
864 922 38 21 Ett
917 920 22 22 af

110 951 48 21 dem
184 957 62 15 anser
258 951 37 26 jag
310 957 50 15 vara
375 951 22 21 af
411 953 80 19 största
507 951 43 25 vigt
566 951 39 21 och
621 952 42 24 det,
680 957 45 15 som
741 954 54 18 mest
810 950 68 22 skulle
894 949 43 22 tale

111 979 33 21 för
159 979 116 21 utskottets
291 980 143 25 betänkande;
450 980 60 21 detta
524 980 45 21 skäl
586 982 24 18 är
625 980 36 21 det
676 980 22 20 af
712 979 52 27 prof.
781 980 103 21 Forsman
903 978 34 21 be-

112 1008 83 25 tonade,
212 1008 37 21 det
264 1008 103 26 nemligen
384 1010 38 22 att,
438 1008 28 21 då
482 1014 26 15 en
524 1008 39 22 och
578 1015 82 14 samma
675 1008 100 22 kommun
790 1007 68 23 skulle
873 1007 21 21 få
907 1007 31 21 in-

112 1038 55 19 rätta
190 1036 50 21 flere
263 1036 124 26 folkskolor,
407 1038 23 20 så
445 1036 69 22 blefve
531 1037 78 27 följden
625 1037 48 25 den,
689 1040 32 18 att
735 1036 146 22 folkskolorna
895 1036 42 21 för-

112 1064 113 22 vandlades
246 1065 31 21 till
299 1065 180 25 småbarnskolor,
503 1065 84 21 hvartill
610 1066 26 20 de
656 1065 113 27 ingalunda
785 1068 37 18 äro
837 1064 101 22 ämnade-

110 1094 42 26 Jag
174 1093 39 21 har
234 1094 42 26 mig
292 1093 79 21 bekant
385 1096 32 18 att
432 1094 28 26 på
474 1094 108 26 åtskilliga
597 1094 76 21 ställen
688 1094 132 21 förfarandet
835 1094 56 20 varit
905 1094 31 20 så.

112 1122 57 25 dant,
185 1124 32 19 att
233 1128 55 20 man,
304 1123 33 20 för
353 1124 32 19 att
400 1122 20 21 få
435 1123 50 26 ihop
502 1129 24 14 en
543 1122 67 27 skola,
626 1123 39 20 och
682 1123 35 20 det
729 1122 45 27 just
790 1122 6 21 i
812 1122 26 21 de
848 1122 90 21 försam-

110 1150 75 27 lingar,
201 1150 36 21 der
253 1151 26 20 de
294 1150 60 21 flesta
369 1150 118 22 folkskolor
502 1151 106 25 inrättats,
624 1151 39 21 har
678 1150 53 27 tagit
747 1153 57 19 emot
819 1151 60 25 barn,
892 1156 45 15 som

111 1179 54 21 efter
185 1179 254 26 folkskoleförfattningen
462 1179 18 26 ej
504 1179 67 22 borde
594 1179 20 22 få
632 1180 94 25 inträde;
743 1179 40 22 och
799 1179 47 21 med
861 1179 76 21 erkän-

111 1207 68 22 nande
205 1207 20 21 af
241 1208 24 20 de
281 1210 59 19 stora
355 1207 127 26 förtjenster,
500 1208 183 27 öfverinspektorn
698 1209 33 20 för
746 1207 145 22 folkskolorna
906 1207 31 21 in-

112 1236 49 26 lagt,
177 1236 24 21 så
216 1239 46 18 tror
274 1236 43 27 jag,
333 1239 32 18 att
380 1236 50 21 felet
445 1236 48 21 litet
509 1237 66 26 ligger
591 1237 38 21 hos
645 1237 83 26 honom,
745 1237 29 26 ity
790 1238 32 20 att
833 1236 47 25 han,
892 1241 45 16 som

111 1265 54 20 varit
188 1265 84 26 mycket
295 1265 47 21 mån
366 1271 33 15 om
416 1267 33 19 att
463 1265 21 21 få
500 1265 26 21 de
541 1266 46 21 små
602 1265 101 22 skolorna
718 1265 49 22 bort
783 1265 39 22 och
839 1264 56 21 velat
910 1264 28 27 på

111 1293 38 21 allt
161 1295 44 19 sätt
220 1293 101 27 befrämja
336 1293 26 21 de
377 1293 65 26 högre
458 1293 146 22 folkskolorna
619 1293 61 22 äfven
696 1295 26 26 på
737 1293 118 22 bekostnad
871 1292 22 22 af
902 1293 36 20 det

111 1321 104 24 ändamål,
230 1321 33 21 för
278 1321 79 22 hvilket
373 1322 26 21 de
414 1324 36 19 äro
467 1322 112 24 inrättade,
596 1322 45 21 haft
656 1322 108 27 ingenting
774 1324 57 19 emot
842 1323 32 20 att
884 1321 53 21 barn

110 1352 61 24 tagas
193 1350 21 21 in
236 1350 6 21 i
266 1350 39 21 den
321 1350 66 27 högre
402 1350 126 26 folkskolan,
545 1351 71 21 hvilka
632 1353 26 19 än
674 1351 18 26 ej
708 1351 61 21 hafva
785 1351 40 21 den
841 1349 97 28 kunskap

110 1384 45 15 som
179 1378 112 22 erfordras.
322 1378 49 22 Men
394 1379 58 21 detta
468 1379 106 22 missbruk
590 1379 39 22 och
642 1379 163 22 öfverträdande
820 1378 23 22 af
856 1377 83 23 författ-

110 1407 77 26 ningen
203 1413 62 15 anser
277 1406 38 27 jag
333 1407 18 26 ej
367 1407 103 22 innebära
484 1407 67 27 något
565 1407 47 22 skäl
627 1410 33 19 att
674 1409 51 26 göra
741 1407 40 22 den
797 1407 23 22 af
832 1406 107 22 utskottet

109 1435 114 22 förordade
246 1435 151 27 inskränkning
420 1436 6 21 i
450 1436 74 27 anslag
539 1436 33 21 för
585 1435 51 22 flere
651 1436 126 22 folkskolors
793 1435 122 22 inrättande
932 1434 7 22 i

111 1469 26 16 en
160 1463 127 27 församling,
308 1470 34 15 om
359 1464 59 21 detta
434 1464 56 21 blott
505 1465 49 21 sker
568 1465 7 21 i
591 1465 216 22 öfverensstämmelse
822 1464 48 21 med
885 1463 54 22 folk-

110 1491 86 22 skolans
219 1493 102 20 ändamål.
352 1493 41 26 Jag
415 1499 63 15 anser
498 1493 84 22 derföre
601 1493 62 27 ingen
678 1499 70 16 annan
763 1492 152 26 inskränkning
931 1491 8 22 i

111 1521 92 20 nämnda
224 1520 99 22 afseende
345 1521 107 25 behöfvas,
475 1523 28 20 än
519 1524 32 19 att
566 1528 48 15 man
629 1521 54 22 skall
700 1528 49 15 vara
765 1522 84 27 mycket
863 1523 74 24 sträng

110 1548 35 21 vid
160 1548 159 28 tillämpningen
335 1549 22 21 af
370 1549 270 28 folkskoleförfattningens
655 1550 129 21 föreskrifter
795 1556 34 15 om
841 1549 95 22 vilkoren
