1117 1817
225 144 54 20 1546
442 148 163 18 Presteståndet
618 150 57 16 1872.
699 150 13 16 3
723 149 51 21 juni.

195 228 205 27 lärarekollegium*,
416 229 53 22 eller
484 229 63 21 icke?
562 229 54 26 Den,
632 235 44 15 som
693 229 36 21 vill
745 229 72 26 intaga
832 229 103 26 tillägget,
947 233 75 15 svarar

194 257 33 27 ja;
242 258 40 21 den
298 258 37 21 det
349 258 47 21 icke
411 257 37 22 vill
464 264 74 15 svarar
553 258 42 26 nej.

264 314 131 21 Besvarades
411 315 48 20 med
478 315 24 20 15
516 314 22 27 ja
554 315 39 20 och
608 316 30 19 20
654 315 45 26 nej;
717 314 39 21 och
772 313 68 22 skulle
849 314 82 21 således
939 313 84 26 tilläget

195 343 46 21 icke
257 343 89 26 intagas,
362 345 52 19 utan
429 343 48 21 4:de
493 343 133 26 afdelningen
644 343 64 21 blifva
724 343 135 21 oförändrad.

265 399 122 22 Utskottets
409 400 79 27 förslag
506 407 34 14 om
557 400 74 27 tillägg
646 401 6 20 i
669 400 94 21 tariffens
779 400 66 21 andra
860 400 68 27 punkt
943 400 40 21 litt.
1000 399 23 26 b)

196 428 23 21 af
233 429 62 20 ordet
310 429 202 26 ,gravationsbevis*
528 429 124 27 godkändes
668 429 103 27 enhälligt
786 431 52 18 utan
854 429 124 20 diskussion.

265 485 122 22 Utskottets
409 487 81 26 förslag
510 486 32 21 till
558 493 55 14 anm.
630 488 8 19 1
658 487 53 20 efter
726 485 82 22 tariffen
825 486 128 26 godkändes,
970 485 54 21 lika-

195 520 46 15 som
257 515 40 20 ock
312 515 101 26 förslaget
428 515 32 21 till
476 522 55 14 anm.
547 516 12 19 5
575 515 47 24 (sid.
639 515 29 27 8).

267 571 121 22 Utskottets
404 572 80 27 förslag
500 573 48 26 (sid.
565 573 22 25 8)
604 572 108 27 angående
728 573 36 20 det
780 572 59 21 förra
851 571 126 28 stadgandet
989 577 33 15 om

197 600 88 22 bilbrefs
301 601 126 21 utfärdande
444 601 27 26 på
490 602 12 20 2
518 601 72 21 marks
605 601 156 26 kartasigillata
777 601 122 26 godkändes
916 600 107 27 enhälligt.

267 657 114 27 Angående
396 659 108 25 kartering
520 658 22 21 af
557 658 310 26 bouppteckningsinstrument
882 657 84 27 yttrade

267 714 82 21 Rektor
373 715 159 21 Hallstén:
562 714 57 22 Sista
642 715 83 27 stycket
748 721 34 15 om
806 714 170 27 bouppteckning
996 714 28 26 på

197 742 60 21 sidan
280 744 13 20 9
316 743 6 21 i
344 743 112 27 kejserliga
477 744 157 26 propositionen
657 744 39 20 har
711 744 70 20 blifvit
796 743 154 21 missförstådd.
980 743 45 21 Der

197 770 46 22 står
271 772 115 26 nemligen:
413 772 59 25 ,Har
497 772 75 22 afliden
597 778 75 21 person
697 772 26 26 på
745 772 50 21 flere
817 774 58 18 orter
891 772 133 20 efterlemnat

197 800 110 26 egendom,
331 801 111 21 hvaröfver
466 801 105 21 särskilda
592 801 197 27 bouppteckningar
805 800 68 21 blifvit
889 800 134 27 upprättade,

198 828 54 21 skall
276 830 190 20 sammanräknade
489 830 148 26 behållningen
661 830 66 26 enligt
749 830 62 20 dessa
828 829 197 26 bouppteckningar

198 859 61 24 tagas
283 858 32 21 till
335 858 69 26 grund
427 858 33 21 för
480 859 143 25 beräkningen
640 858 22 21 af
676 858 199 28 stämpelbeloppet,
891 858 78 20 hvilket
986 858 39 20 bör

198 885 33 21 för
247 886 98 27 samtliga
361 887 195 27 bouppteckningar
572 887 143 21 kontrolleras
731 887 34 21 vid
782 887 39 21 den
838 887 97 25 domstol,
952 886 30 21 dit
998 886 27 20 de

198 914 109 26 ingifvas*.
340 915 39 21 Om
396 922 27 14 nu
439 922 25 14 en
481 922 76 20 person
574 916 38 20 har
629 916 45 20 haft
690 916 103 26 egendom
806 915 55 21 både
877 915 5 20 i
899 916 74 20 staden
984 914 40 21 och

198 943 28 26 på
249 944 79 25 landet,
352 945 23 20 så
398 944 53 21 skall
476 945 135 25 karteringen
631 944 37 21 ske
690 944 54 21 efter
761 944 38 21 den
816 945 152 19 sammansatta
983 943 42 21 för-

198 972 119 25 mögenhet,
327 972 39 21 och
376 972 358 28 bouppteckningsinstrumenteten
745 973 79 20 brukar
833 972 89 26 mången
931 972 93 20 inlemna

199 1000 33 21 till
248 1001 91 21 domstol
356 1001 54 21 både
426 1002 6 20 i
448 1002 46 20 stad
511 1001 39 21 och
565 1002 28 26 på
609 1002 77 20 landet.
713 1002 70 25 Begge
800 1001 143 21 domstolarne
954 1000 72 21 kunna

199 1028 74 22 fordra
295 1029 36 21 full
355 1030 109 26 kartering
486 1030 32 21 för
542 1030 39 21 den
604 1033 153 18 sammansatta
773 1030 135 26 egendomen.
940 1029 28 21 Sä
983 1029 43 21 kan

199 1058 34 20 väl
256 1058 19 26 ej
296 1064 50 15 vara
363 1059 122 26 meningen;
501 1061 51 18 utan
569 1059 110 26 meningen
696 1061 23 18 är
734 1058 42 25 väl,
792 1061 33 18 att
840 1058 36 21 det
891 1058 54 20 skall
961 1057 66 21 blifva

199 1086 35 20 vid
251 1087 40 20 den
307 1094 40 14 ena
365 1087 125 21 domstolen.
520 1088 41 25 Jag
577 1087 68 21 skulle
661 1088 84 20 derföre
761 1086 78 22 föreslå
857 1086 92 27 följande
965 1086 60 20 orda-

199 1114 90 27 lydelse:
307 1115 58 27 ,Den
382 1116 98 24 domstol,
497 1116 55 20 inom
569 1116 64 20 hvars
649 1116 109 26 domvärjo
775 1116 39 20 den
831 1115 76 20 aflidne
919 1115 33 20 vid
964 1114 62 21 döds-

199 1142 61 22 fallet
276 1145 55 20 varit
346 1144 202 21 mantalsskrifven*.

270 1201 83 20 Doktor
369 1201 164 26 Alopaeus:
558 1201 40 26 Jag
614 1201 68 21 måste
697 1203 103 18 motsätta
816 1201 43 26 mig
875 1201 35 20 det
923 1200 22 21 af
953 1200 73 21 rektor

201 1229 97 21 Hallsten
314 1229 120 26 föreslagna
449 1230 173 26 förtydligandet,
638 1232 32 18 att
682 1236 24 14 en
717 1235 78 21 person
807 1229 137 26 ovilkorligen
957 1229 69 20 skulle

199 1257 70 21 mästa
284 1257 79 27 ingifva
379 1258 30 21 sin
426 1259 172 25 bouppteckning
613 1259 55 20 inom
686 1259 39 20 den
743 1258 115 25 domvärjo,
870 1258 36 20 der
918 1257 40 20 han
973 1257 54 20 varit

199 1287 193 20 mantalsskrifven.
423 1287 42 21 Det
485 1287 70 20 kunde
577 1287 49 20 leda
648 1287 31 20 till
702 1287 89 26 mycken
815 1287 65 20 oreda
895 1286 39 21 och
951 1285 77 26 mänga

200 1314 165 28 vidlyftigheter,
389 1316 88 20 emedan
500 1322 24 14 en
546 1322 77 20 person
640 1315 44 21 ofta
699 1317 24 19 är
739 1315 184 21 mantalsskrifven
940 1315 26 25 pä
982 1314 45 21 helt

200 1345 67 19 annat
289 1343 69 26 ställe,
379 1345 25 19 än
422 1344 36 21 der
474 1344 41 20 han
532 1344 38 21 bor
587 1344 38 21 och
642 1344 71 25 vistas,
730 1343 28 21 dä
774 1344 41 20 han
832 1343 38 21 har
886 1343 98 26 lägenhet
1000 1342 27 26 pä

201 1371 58 21 olika
275 1373 75 20 ställen
367 1373 5 20 i
390 1373 76 20 landet.
490 1372 42 27 Jag
548 1375 45 18 tror
609 1375 32 18 att
656 1372 153 27 författningen
825 1374 24 19 är
865 1371 23 22 sä
904 1371 124 26 tillräckligt

201 1399 53 26 klar,
272 1402 32 19 att
319 1401 18 26 ej
354 1401 69 26 nägon
439 1401 72 21 vidare
526 1401 118 26 förklaring
660 1401 107 21 behöfves.

270 1457 90 21 Prosten
405 1458 143 21 Durchman
564 1458 143 21 understödde
724 1457 74 22 rektor
813 1457 103 21 Hallsten.

271 1514 88 21 Prosten
382 1515 100 26 Hjelt:
514 1515 70 26 Enligt
600 1515 41 21 min
658 1515 55 26 äsigt
729 1515 40 20 bör
781 1515 24 26 ju
820 1514 61 21 alltid
897 1513 130 27 bouppteck-

200 1542 215 27 ningsinstrumentet
430 1544 80 21 lemnas
526 1543 32 22 till
574 1545 40 20 den
630 1543 98 27 domstol,
741 1543 38 21 der
790 1543 40 21 den
839 1543 76 20 aflidne
923 1548 105 21 personen
