1117 1817
211 132 54 21 1648
441 129 162 26 Presteständet
616 138 56 17 1872.
696 138 12 17 6
719 138 52 20 juni.

180 219 33 19 att
227 216 26 21 de
269 217 70 21 derför
354 218 68 21 skulle
438 219 52 24 göra
505 217 48 22 hela
569 218 159 26 propositionen
747 217 113 26 oantaglig.
891 217 69 22 Sedan
969 217 36 26 jag

179 252 28 14 nu
229 251 76 20 genom
329 245 149 22 diskussionen
502 246 90 21 kommit
615 245 118 22 underfund
749 246 48 21 med
813 248 32 18 att
860 245 24 21 sä
899 247 24 19 är
939 245 65 21 fallet.

179 273 97 22 anhåller
301 275 36 26 jag
363 276 32 19 att
419 274 21 21 få
465 275 53 26 yrka
543 275 27 26 pä
595 275 99 20 ärendets
709 275 122 20 återremiss
846 274 31 21 till
893 274 111 23 utskottet,

179 302 81 21 hvilket
283 309 41 20 nog
348 305 52 19 utan
424 303 107 27 svårighet
553 305 56 19 ännu
632 303 62 21 torde
709 303 64 21 hinna
788 303 107 21 inkomma
911 303 48 20 med
974 304 32 19 ett

178 333 48 25 nytt
241 331 86 26 förslag.

178 421 7 22 ;
249 393 51 22 Vice
322 396 74 24 pastor
418 389 85 26 Öller
530 394 101 21 förenade
654 395 31 26 sig
706 394 48 21 med
776 394 40 21 den
832 393 126 28 föregäende
973 395 31 20 ta-

187 416 57 38 aren.
905 433 2 3 :

248 490 142 27 Domprosten
406 491 127 21 Renvall:
564 491 39 21 Att
623 491 141 26 lagutskottet
780 491 149 20 företrädesvis
944 491 59 20 ställt

179 518 31 27 sig
233 519 28 26 på
283 519 36 21 det
342 521 68 19 rättas
432 519 148 26 ståndspunkt,
603 519 41 21 kan
660 519 34 21 väl
709 519 46 21 icke
771 525 62 16 anses
849 519 68 21 såsom
934 519 68 26 någon

179 547 150 27 oegentlighet.
359 548 39 21 Att
418 549 96 20 deremot
537 554 50 15 anse
602 548 161 26 ifrågavarande
779 547 223 27 obligationsinnehaf-

179 581 49 15 vare
244 576 107 24 rättslösa,
369 578 23 19 är
407 576 128 27 fullkomligt
550 578 63 21 orätt,
630 579 22 24 ty
668 577 25 20 de
709 577 70 20 kunna
795 583 41 20 nog
851 578 53 25 göra
914 576 32 21 sin
960 578 43 19 rätt

178 604 98 26 gällande
300 605 28 26 på
348 606 69 25 grund
440 605 22 21 af
483 605 46 21 sina
549 605 147 26 obligationer.
727 605 42 21 Det
785 607 23 19 är
823 605 55 21 blott
893 605 60 26 fråga
968 611 33 14 om

178 635 30 18 att
233 634 26 20 de
281 633 47 21 icke
351 633 68 22 skulle
442 634 21 21 få
488 640 25 15 en
528 633 145 26 förmånsrätt,
690 640 44 15 som
750 634 93 21 kränker
859 634 78 20 andras
953 635 49 19 rätt.

177 661 42 21 Det
242 663 25 19 är
289 662 54 20 dock
366 662 41 26 det,
432 669 44 14 som
495 663 105 20 utskottet
616 662 68 21 funnit
700 663 5 19 i
721 663 41 20 den
778 663 113 25 kejserliga
909 662 93 26 proposi-

177 689 80 21 tionen.
289 690 41 26 Jag
345 690 68 22 måste
429 691 25 21 be
471 693 31 19 att
517 691 21 21 få
554 690 54 22 fästa
624 691 215 27 uppmärksamheten
855 691 27 26 på
900 691 41 26 det,
957 696 45 15 som

177 718 45 21 står
244 718 27 26 på
288 719 12 21 3
316 718 37 22 sid.
373 719 24 21 af
409 719 150 27 betänkandet,
574 720 33 20 för
622 722 32 18 att
669 720 50 24 visa,
736 719 35 21 det
787 719 104 21 utskottet
907 718 28 28 på
949 719 54 21 intet

177 748 43 20 sätt
235 748 25 20 är
275 749 58 19 emot
348 748 41 20 den
405 748 77 26 nådiga
497 748 172 26 propositionens
685 748 60 27 syfte,
760 748 73 21 såvida
848 748 105 26 nämligen
967 748 36 20 det

177 774 36 22 vill
239 775 100 21 försäkra
363 776 266 26 obligationsinnehafvare
655 783 25 14 en
706 777 117 26 betryggad
845 778 43 19 rätt
903 778 31 19 att
950 778 52 24 göra

177 804 46 20 sina
245 804 201 27 fordringsanspråk
469 805 104 26 gällande.
605 805 60 21 Hvad
682 812 25 14 en
723 805 75 27 lyckad
815 805 78 27 utgång
909 805 23 21 af
946 805 56 20 åter-

176 833 75 20 remiss
274 833 72 26 angår,
370 833 24 21 så
416 834 108 21 förefaller
547 834 40 20 den
603 834 43 26 mig
661 834 84 26 mycket
761 834 139 26 tvifvelaktig.
931 833 72 26 Enligt

176 861 154 26 lagutskottets
346 862 96 21 uttalade
457 862 85 27 mening
558 862 68 21 skulle
642 869 26 14 en
683 862 122 21 återremiss
821 862 52 21 böra
888 862 69 21 förmå
969 864 33 18 ut-

177 890 80 20 skottet
272 892 33 19 att
320 890 61 21 äfven
397 890 117 27 framlägga
530 893 31 19 ett
576 890 78 28 förslag
665 891 30 21 till
711 890 186 27 koncenssionslag
909 891 32 20 för
947 890 55 27 jern-

175 920 72 24 vägar.
278 918 81 22 Derom
381 919 39 21 har
442 926 26 14 en
484 920 89 26 petition
590 919 69 21 blifvit
675 920 102 26 besluten,
793 926 47 14 men
855 919 26 21 de
898 918 104 22 särskilda

176 947 89 21 stånden
288 947 29 21 ha
339 947 64 21 likväl
426 948 46 20 icke
487 948 81 21 kunnat
584 948 65 21 blifva
665 954 49 15 ense
730 954 34 15 om
780 948 43 20 alla
838 948 25 21 de
879 950 123 23 momenter,

175 981 46 15 som
237 976 6 20 i
260 976 69 21 denna
345 976 171 26 koncessionslag
535 976 67 22 skulle
625 976 55 27 ingå,
703 979 52 18 utan
772 976 84 21 derföre
871 976 84 22 förenat
971 976 31 26 sig

176 1010 34 15 om
233 1010 25 15 en
282 1004 133 27 underdånig
437 1005 100 21 anhållan
560 1008 32 18 att
614 1011 26 15 en
656 1005 131 26 proposition
804 1006 72 20 derom
892 1005 33 21 till
941 1006 61 19 nästa

175 1032 104 27 landtdag
295 1033 68 21 skulle
379 1033 117 21 utarbetas.
520 1034 38 20 Att
574 1040 25 14 en
615 1034 172 26 koncessionslag
802 1033 67 21 måste
885 1033 94 21 utfärdas
995 1033 7 20 i

175 1062 154 26 sammanhang
350 1062 48 20 med
421 1065 70 18 svaret
512 1062 29 26 på
563 1062 144 26 föreliggande
729 1062 67 26 fråga,
819 1068 62 21 synes
905 1062 60 21 äfven
980 1061 24 21 af

175 1089 114 27 kejserliga
303 1090 151 26 förordningen
471 1096 46 21 pag.
534 1092 12 19 3
562 1092 11 24 $
591 1091 19 24 3,
626 1097 45 14 som
687 1090 48 26 sjelf
745 1097 148 20 praesumerar
904 1093 31 18 ett
945 1090 55 21 stad-

174 1118 69 26 gande
259 1119 6 20 i
281 1125 26 14 en
331 1118 177 27 koncessionslag.
540 1120 41 19 Det
604 1119 55 20 hade
682 1120 89 19 sålunda
790 1119 55 21 varit
859 1120 37 19 det
911 1121 91 18 rättaste

174 1148 33 19 att
222 1147 123 26 regeringen
362 1147 49 26 sjelf
425 1147 54 21 hade
501 1147 101 26 framlagt
616 1147 7 21 i
639 1147 152 27 sammanhang
807 1147 46 21 med
870 1147 69 21 denna
954 1153 48 20 pro-

174 1175 100 26 position,
290 1175 65 21 också
370 1181 26 15 en
413 1175 34 27 lag
462 1176 33 21 för
511 1175 137 22 koncessions
663 1176 118 26 beviljande
797 1175 32 22 för
839 1175 98 22 enskilda
945 1175 57 26 jern-

173 1203 142 27 vägsföretag.
346 1204 34 21 Då
404 1204 77 21 sådant
503 1204 19 27 ej
545 1205 63 26 skett,
631 1204 67 21 måste
714 1205 83 20 landets
813 1204 86 21 ständer
915 1205 87 20 invänta

174 1238 26 14 en
223 1232 132 27 proposition
380 1232 78 21 derom.
489 1233 41 26 Jag
546 1233 68 21 skulle
630 1233 108 26 ingenting
754 1233 46 20 haft
815 1235 58 19 emot
887 1235 32 18 att
934 1233 7 20 i
957 1233 45 26 lag-

173 1260 120 21 utskottets
316 1261 134 21 betänkande
473 1261 55 21 hade
550 1262 6 20 i
580 1261 64 22 slutet
666 1262 90 21 uttalats
779 1267 25 15 en
828 1261 81 21 önskan
925 1267 33 14 om
975 1267 26 20 ny

173 1289 136 26 proposition
331 1289 34 21 till
388 1291 62 20 nästa
466 1290 102 26 landtdag
584 1289 109 28 angående
708 1290 120 26 underpant
843 1290 6 21 i
863 1289 139 27 jernvägsan-

173 1317 132 27 läggningar.

242 1385 111 22 Professor
376 1386 165 21 Ehrström:
572 1387 43 20 För
637 1387 43 20 min
704 1387 33 20 del
760 1393 63 14 anser
835 1386 37 27 jag
887 1386 36 21 det
938 1386 63 21 hafva

173 1414 54 21 varit
243 1414 24 21 så
282 1415 84 26 mycket
382 1415 81 21 mindre
479 1415 45 21 skäl
540 1417 32 19 att
590 1416 70 20 uttala
675 1422 25 14 en
711 1415 65 21 sådan
789 1415 87 24 önskan,
887 1421 46 14 som
943 1417 58 18 stän-

173 1443 66 20 derna
265 1443 64 20 redan
354 1443 63 21 hafva
440 1444 87 21 beslutit
542 1446 32 19 att
589 1443 127 26 petitionera
731 1450 34 15 om
781 1450 25 15 em
823 1443 177 27 koncessionslag,

173 1471 84 21 hvilken
282 1472 60 21 äfven
363 1472 68 21 skulle
447 1472 113 21 framhålla
575 1471 155 28 behöfligheten
747 1472 22 21 af
784 1474 31 19 ett
830 1472 116 25 stadgande
962 1478 38 14 an-

171 1499 82 27 gående
277 1501 103 26 vilkoren,
403 1501 121 20 hvarunder
539 1501 120 26 underpant
674 1501 5 20 i
693 1501 222 26 jernvägsbyggnader
930 1501 70 20 kunde

172 1528 117 22 meddelas.
320 1529 42 21 Det
386 1535 37 15 var
438 1529 90 21 sålunda
544 1529 87 26 onödigt
646 1531 33 19 att
695 1530 140 26 lagutskottet
851 1529 68 20 skulle
934 1530 66 25 ytter-
