1117 1817
214 121 55 22 1330
433 128 161 18 Presteständet
606 129 56 17 1872.
683 129 26 16 25
719 124 49 25 fnaj.

185 214 45 15 som
246 208 50 26 vilja
311 208 80 21 inrätta
406 209 73 21 skolor
493 209 7 20 i
516 215 25 14 en
557 209 109 21 kommun.
697 208 112 21 Utskottet
823 210 63 25 säger
900 208 61 27 blott,
978 211 32 19 att

184 236 69 21 medel
276 237 18 26 ej
318 237 65 21 borde
405 237 71 21 ansläs
494 237 32 21 för
542 243 25 15 en
584 237 100 22 kommun
700 236 33 22 till
748 243 46 15 mer
809 238 26 20 än
852 243 26 15 en
893 237 67 26 skola,
976 244 34 15 om

185 265 18 26 ej
225 264 151 28 folkmängden
393 265 126 27 öfverstiger
534 267 64 24 4,000
614 272 108 21 personer.
753 266 39 21 Om
809 266 19 20 vi
844 268 78 24 antaga
937 268 32 19 att
984 273 26 14 en

184 293 108 28 kommun,
312 300 45 15 som
373 294 39 21 har
427 301 26 14 en
470 294 123 27 befolkning
608 295 166 26 understigande
790 295 63 23 4,000
869 301 106 20 personer,
991 295 19 26 ej

184 322 6 21 i
206 322 32 21 sin
253 322 72 21 helhet
341 323 35 21 vill
392 323 80 22 inrätta
487 323 124 26 folkskolor,
628 323 25 21 sä
667 323 42 21 kan
725 323 40 25 väl,
781 329 34 15 om
832 323 56 21 blott
903 323 26 21 de
943 323 67 22 vilkor

184 357 46 14 som
253 353 38 19 äro
313 351 128 22 föreskrifna
464 353 6 20 i
492 352 54 21 1866
562 351 34 22 ärs
612 351 125 27 författning
753 351 113 28 uppfyllas,
882 352 61 21 skola
958 358 52 21 upp-

184 379 87 21 komma
293 379 96 27 sälunda,
411 383 32 18 att
466 381 96 21 enskilda
581 387 102 20 personer
698 380 74 21 förena
787 381 32 26 sig
835 381 72 20 derom
924 381 39 21 och
978 387 33 14 er-

185 407 57 22 hålla
257 409 136 27 statsanslag.
422 409 32 21 De
468 409 24 21 af
506 409 161 22 statsutskottet
682 409 114 20 förordade
811 409 134 21 föreskrifter
955 409 56 27 gälla

184 437 109 21 dessutom
317 438 76 21 endast
414 438 33 21 för
470 439 12 20 5
504 438 30 21 år.
565 438 38 21 Om
620 444 49 15 man
685 437 92 22 derefter
793 437 68 22 finner
875 440 34 19 att
923 438 36 21 det
975 438 35 21 be-

185 465 74 21 höfves
279 465 50 22 flere
345 466 119 21 folkskolor
479 467 7 20 i
501 467 73 26 hvarje
590 467 107 24 kommun,
715 466 23 21 så
754 468 24 19 är
794 473 48 14 man
847 461 14 36 i
880 467 83 20 tillfälle
978 468 32 19 att

184 494 121 21 sedermera
321 495 75 20 föröka
410 495 106 27 anslagen.
550 495 42 21 För
608 497 32 19 att
655 495 132 21 förekomma
803 501 25 15 en
851 496 110 25 orättvisa,
972 495 38 20 har

184 523 107 21 utskottet
305 523 111 27 föreslagit
431 523 68 22 vilkor
514 524 33 21 för
562 523 120 28 beviljande
698 523 23 22 af
735 523 62 21 dessa
812 524 81 26 anslag.

253 552 41 26 Jag
309 552 35 21 vill
361 552 112 21 framhålla
488 552 61 21 äfven
565 559 25 14 en
607 559 70 14 annan
693 552 63 21 orsak
772 553 31 20 till
820 553 39 20 den
871 552 24 21 af
906 552 104 21 utskottet

185 579 85 28 hyllade
293 581 90 24 mening.
414 581 46 23 Om,
483 581 69 21 såsom
568 581 61 21 fallet
644 581 61 24 varit,
721 581 50 20 flere
787 581 118 21 folkskolor
921 582 89 20 inrättas

184 609 7 20 i
215 615 25 14 en
265 609 107 23 kommun,
394 610 23 21 så
440 609 64 22 blifva
525 610 25 21 de
566 610 19 27 ej
602 610 120 26 ordentliga
737 609 65 28 högre
818 609 125 24 folkskolor,
958 612 52 19 utan

185 637 122 22 förvandlas
330 638 132 27 småningom
485 639 33 20 till
543 639 68 26 lägre;
628 639 39 21 och
683 640 33 19 att
731 639 47 20 med
794 638 123 21 statsmedel
933 639 77 20 under-

185 665 58 21 hålla
269 667 57 25 lägre
341 667 125 25 folkskolor,
481 667 68 21 måste
564 673 62 15 anses
642 673 52 15 vara
709 667 162 27 principvidrigt
886 667 39 21 och
942 667 68 21 befor-

185 694 38 21 dra
239 696 32 20 ett
286 695 57 25 ondt,
359 696 31 26 ity
405 697 38 25 att,
460 702 33 14 om
509 698 69 18 staten
594 696 74 26 åtager
684 696 32 26 sig
731 697 32 19 att
774 695 121 27 ombesörja
907 696 40 20 den
958 696 53 21 allra

184 722 69 22 första
269 724 183 26 undervisningen,
468 724 39 21 den
524 725 122 25 derigenom
658 724 85 27 aflyfter
758 724 46 21 från
818 724 143 21 föräldrarnes
973 731 37 14 ax-

185 752 32 20 lar
232 758 26 15 en
275 752 73 26 börda,
365 759 44 15 som
427 753 64 21 borde
507 753 56 21 hvila
578 752 27 27 på
621 754 54 20 dem.
707 753 48 21 Men
770 753 45 21 ifall
830 759 49 15 man
894 753 55 21 låter
965 752 45 22 för-

184 780 102 22 äldrarna
301 781 71 27 skjuta
387 781 54 21 ifrån
458 782 31 26 sig
504 782 70 20 denna
588 781 121 27 skyldighet
725 782 39 20 och
780 783 69 19 trösta
863 782 33 26 sig
911 782 48 20 med
970 782 39 20 den

185 809 87 25 tanken,
297 812 32 18 att
344 813 70 18 staten
430 810 75 27 åtager
520 810 32 27 sig
565 811 125 26 uppfostran
705 811 23 20 af
741 811 63 20 deras
820 810 61 24 barn,
897 810 24 21 så
935 810 73 21 erkän-

185 844 38 14 ner
237 844 49 14 man
303 838 18 27 ej
337 838 93 27 familjen
446 839 69 21 såsom
528 839 120 21 institution
659 839 61 21 äfven
731 838 33 22 för
774 839 92 21 barnens
877 838 132 27 uppfostran.

185 866 62 21 Hvad
271 866 46 22 åter
342 867 66 27 angår
430 869 66 19 sättet
520 870 32 18 att
570 868 150 24 framkomma,
736 870 33 19 att
785 868 19 26 ej
821 868 105 26 beviljade
941 867 68 21 medel

185 894 61 22 skola
269 895 65 21 blifva
357 896 98 21 orättvist
470 896 116 25 fördelade,
603 896 39 21 har
655 896 37 27 jag
707 896 73 21 derom
796 896 33 21 för
845 896 43 21 min
904 896 34 21 del
953 896 57 21 varit

184 924 122 26 tvehågsen.
336 924 42 27 Jag
400 924 85 22 förenar
508 925 43 27 mig
566 925 123 27 visserligen
704 925 7 21 i
726 925 117 21 utskottets
859 925 87 27 förslag,
962 931 48 15 men

184 952 40 20 har
245 953 109 26 ingenting
377 956 63 23 emot,
456 960 34 14 om
506 954 84 20 ståndet
606 954 35 20 vill
657 954 74 20 förena
746 954 33 26 sig
793 954 48 20 med
857 953 69 27 någon
942 953 23 21 af
978 959 32 15 re-

184 983 145 19 servanterne.
359 982 155 27 Montgomery,
537 982 89 21 Kiseleff
650 982 39 21 och
712 982 73 27 andra,
809 982 52 21 eller
881 982 66 21 också
961 982 48 21 med

184 1009 26 21 hr
232 1009 104 22 Forsman
359 1010 39 21 och
421 1010 117 22 Meurman.
568 1010 31 28 Ty
622 1011 26 21 de
663 1010 62 27 skilja
740 1010 33 28 sig
787 1010 56 22 blott
859 1010 50 26 deri,
925 1012 33 20 att
974 1010 36 21 hrr

184 1038 105 21 Forsman
311 1038 40 22 och
374 1038 111 22 Meurman
507 1039 111 27 föreslagit
642 1042 32 18 ett
692 1040 108 20 bestämdt
815 1039 58 21 antal
889 1039 72 21 skolor
976 1038 34 22 för

184 1066 73 27 hvarje
285 1067 107 26 kommun,
408 1074 48 14 men
472 1068 26 20 de
514 1068 66 27 öfrige
596 1072 160 18 reservanterne
773 1068 79 21 lemnat
867 1068 60 21 detta
942 1068 23 21 åt
980 1067 29 21 öf-

184 1096 144 26 verstyrelsen
345 1098 32 19 att
393 1096 123 21 bestämma.

253 1151 91 22 Prosten
359 1152 163 22 Borenius:
544 1153 40 26 Jag
600 1153 38 22 ber
653 1155 33 20 att
700 1153 21 21 få
735 1153 74 22 förena
824 1153 58 26 mig
875 1147 13 37 i
893 1153 55 21 hvad
961 1159 48 21 pro-

183 1179 68 22 fessor
266 1180 103 22 Forsman
385 1181 7 20 i
407 1181 73 26 frågan
494 1183 73 25 yttrat.
598 1181 72 28 Några
685 1181 38 22 ord
733 1181 54 22 skall
798 1182 37 26 jag
847 1181 64 22 likväl
924 1181 86 27 tillägga

184 1208 48 21 med
255 1208 99 22 afseende
377 1210 13 21 &
412 1209 26 21 de
460 1209 164 28 beskyllningar,
647 1217 46 15 som
716 1212 73 25 pastor
804 1209 135 22 Westerlund
954 1210 56 27 gjort

184 1237 151 22 statutskottet
356 1237 33 22 för
409 1237 55 22 både
486 1238 186 27 misshushälloing
696 1239 39 21 och
749 1238 91 22 snälhet.
870 1239 78 21 Pastor
965 1238 46 21 We-

183 1265 98 22 sterlund
303 1266 39 21 har
365 1266 83 27 beskylt
467 1267 105 21 utskottet
586 1267 33 21 för
634 1270 32 19 att
681 1267 94 22 tanklöst
790 1267 63 22 hafva
867 1267 61 27 gifvit
942 1267 68 21 anvis-

183 1293 52 27 ning
257 1295 28 26 pä
300 1295 97 26 miljoner
412 1295 33 21 för
457 1295 205 28 jernvägsbyggnad,
678 1296 39 21 och
733 1297 32 20 att
779 1296 48 21 åter
840 1296 13 21 å
869 1295 67 22 andra
950 1295 60 22 sidan

183 1321 64 22 hafva
270 1323 56 21 velat
341 1323 85 27 knappa
441 1323 20 21 in
478 1323 32 22 för
524 1324 84 27 mycket
624 1325 27 26 pä
666 1324 119 22 bekostnad
800 1324 23 22 af
836 1323 174 27 folkbildningen.

183 1350 33 21 De
239 1351 104 26 miljoner,
365 1358 46 15 som
432 1352 160 22 statsutskottet
614 1353 60 26 gifvit
688 1353 111 26 anvisning
815 1353 33 26 pä,
864 1352 62 22 hafva
942 1352 68 22 blifvit

182 1379 103 21 anvisade
306 1379 33 22 för
361 1383 32 18 att
416 1381 122 26 möjliggöra
560 1380 51 23 flere
630 1381 229 27 jernvägsbyggnader,
874 1382 27 26 pä
917 1381 37 21 det
969 1381 42 21 väl-

183 1408 77 26 mägan
283 1408 122 27 derigenom
428 1415 75 16 senare
525 1410 65 21 mätte
614 1410 82 27 spridas
717 1409 58 22 inom
795 1409 82 26 landet;
894 1412 23 25 ty
933 1409 27 22 dä
975 1409 36 22 det

183 1437 90 26 uppstär
295 1439 31 19 ett
348 1437 131 22 allmännare
501 1437 97 22 välständ
621 1439 6 20 i
644 1438 79 27 landet,
739 1439 24 21 sä
778 1437 64 22 blifva
857 1438 153 21 kommunerna

183 1465 64 21 ocksä
270 1471 46 15 mer
336 1465 7 21 i
365 1466 63 21 ständ
449 1468 33 19 att
496 1466 56 27 sörja
566 1466 33 21 för
614 1467 32 26 sig
661 1467 39 21 och
715 1467 33 21 för
762 1467 32 21 sin
811 1466 100 27 bildning.
942 1466 67 22 Stats-

182 1493 108 22 utskottet
304 1493 40 22 har
359 1497 70 18 ansett
444 1495 46 21 skäl
505 1501 51 15 vara
571 1497 32 19 att
618 1495 55 22 ända
688 1495 33 21 till
733 1495 28 22 20
771 1495 98 27 miljoner
878 1495 69 21 skulle
958 1501 52 21 upp-

183 1522 62 26 tagas
267 1521 33 22 för
319 1522 229 28 jernvägsbyggnader,
571 1524 40 21 och
634 1526 33 19 att
686 1524 114 21 ständerna
815 1525 67 20 mätte
897 1525 113 26 garantera
