1117 1817
221 134 55 22 1756
444 141 161 18 Presteståndet
618 142 54 16 1872.
697 142 22 16 14
730 141 51 21 juni.

259 220 150 22 Betänkandet
423 221 125 26 godkändes
564 222 46 20 med
627 222 37 21 det
679 222 74 26 tillägg
768 223 33 19 att
816 221 86 21 ståndet
912 220 108 21 bestämdt

191 249 108 27 påyrkade
315 249 12 27 $
345 251 23 20 11
385 249 6 21 i
407 249 151 22 betänkandet.

259 432 34 21 Kl.
312 433 25 20 12
353 432 117 21 framförde
492 433 40 21 den
548 439 15 14 s.
581 433 20 20 k.
618 434 58 19 stora
699 432 152 26 deputationen
875 432 45 27 fyra
943 432 76 21 under-

191 460 77 27 dåniga
290 461 114 26 petitioner
428 461 33 21 till
487 461 59 21 Hans
572 461 100 21 Exellens
698 461 225 26 Generalguvernören
948 461 71 26 grefve

190 489 124 26 Adlerberg.

260 651 47 20 Den
323 651 23 20 af
359 651 85 21 ståndet
460 651 66 21 under
542 651 121 27 professorn
675 651 114 21 Forsmans
803 651 116 20 antörande
930 649 88 22 afsända

191 679 153 26 deputationen
360 679 96 21 återkom
472 680 39 20 och
527 680 125 21 meddelade
669 681 32 19 att
716 679 96 21 ständets
827 679 126 27 inbjudning
973 678 46 20 blif-

191 708 30 20 vit
237 708 103 26 välvilligt
355 710 121 24 emottagen
499 708 39 21 och
554 709 23 21 af
592 709 25 21 de
633 708 119 27 respektive
769 708 90 21 stånden
875 707 68 21 skulle
958 709 60 24 tagas

191 736 68 21 under
275 736 103 27 pröfning.

261 897 55 21 Herr
331 898 144 20 talmannen
487 897 132 21 framställde
630 897 79 27 förslag
719 898 32 20 att
766 897 89 27 inbjuda
871 896 147 27 borgarestån-

191 925 36 21 det
243 927 32 19 att
290 925 75 27 frångå
381 926 47 20 dess
451 927 108 25 angående
575 926 121 27 byggandet
711 926 23 20 af
745 926 90 26 jernväg
849 926 46 21 från
911 925 107 21 Tammer-

190 954 44 21 fors
250 954 33 21 till
299 949 137 27 Österbotten
459 954 80 22 fattade
563 955 70 21 beslut
654 954 40 22 och
709 954 75 21 förena
799 955 32 26 sig
846 954 47 21 med
909 954 26 21 de
951 954 68 26 öfriga

191 982 90 22 stånden
297 983 72 21 derom
385 985 39 23 att,
439 984 7 20 i
462 983 101 21 händelse
574 983 188 27 jernvägslinierne
778 983 46 21 från
840 982 131 22 Tavastehus
986 982 32 21 till

190 1011 133 21 Tavastehus
346 1012 32 20 till
401 1012 142 21 Tammerfors
566 1012 39 21 och
628 1012 47 21 från
698 1006 47 26 Åbo
761 1012 32 20 till
809 1012 77 20 Wiiala
901 1011 70 21 blefve
986 1013 33 18 ut-

191 1039 62 21 förda
269 1040 23 21 af
305 1040 150 22 innehafvaren
477 1041 47 21 utaf
543 1041 41 20 den
599 1040 13 21 å
628 1041 64 26 sagde
708 1040 68 21 banor
792 1040 123 21 meddelade
931 1040 88 20 konces-

191 1068 46 21 sion
261 1069 39 20 och
321 1071 82 19 statens
425 1070 150 20 mellankomst
598 1069 82 21 således
696 1068 45 22 icke
758 1069 135 21 erfordrades
908 1068 33 21 för
957 1068 62 21 dessa

191 1096 79 22 banors
292 1098 178 26 förverkligande,
493 1098 51 21 eller
560 1099 6 19 i
582 1098 100 21 händelse
702 1100 71 18 staten
789 1098 68 20 skulle
873 1098 69 26 bygga
958 1098 62 20 dessa

191 1125 75 26 banor,
283 1132 47 15 men
347 1126 54 21 efter
416 1127 62 20 deras
493 1127 149 20 fullbordande
658 1128 56 19 ännu
729 1126 69 21 skulle
821 1126 81 21 återstå
918 1126 64 26 något
998 1126 22 20 af

191 1154 26 21 de
233 1154 36 21 vid
283 1155 144 20 innevarande
450 1155 102 26 landtdag
572 1155 33 21 för
627 1155 247 20 kommunikationernas
890 1154 128 27 utvidgande

190 1183 104 26 anslagna
309 1183 76 26 medel,
401 1184 62 21 dessa
478 1184 6 20 i
500 1184 24 21 så
540 1184 37 20 fall
592 1184 55 26 finge
663 1184 108 27 användas
787 1183 32 21 för
835 1183 122 22 omedelbar
968 1183 51 21 fort-

191 1211 95 27 sättning
301 1211 23 21 af
335 1212 116 27 jernvägen
467 1212 46 21 från
528 1212 143 21 Tammerfors
687 1212 31 21 till
735 1212 144 21 Österbotten.

260 1273 82 22 Härvid
358 1275 85 26 yttrade
459 1275 41 26 sig:

200 1364 4 4 N
260 1336 52 21 Vice
334 1339 75 24 pastor
431 1337 112 22 Lilius:
574 1338 41 26 Jag
630 1344 62 15 anser
708 1344 25 15 en
749 1338 126 27 inbjudning
890 1337 46 22 icke
952 1337 66 26 lämp-

191 1364 34 27 lig,
242 1365 27 20 dä
285 1371 26 15 en
327 1366 57 26 dylik
400 1365 58 22 förut
474 1366 68 21 blifvit
554 1366 68 27 gjord,
639 1373 47 14 men
701 1366 86 27 afslogs.

260 1422 84 21 Doktor
368 1423 168 26 Alopaeus:
566 1423 40 27 Jag
629 1430 63 15 anser
713 1423 66 21 saken
802 1430 51 14 vara
876 1423 23 21 af
912 1423 41 20 den
969 1423 49 26 vigt,

188 1451 34 20 att
237 1449 72 22 försök
325 1451 48 21 med
389 1452 124 26 inbjudning
528 1452 66 21 borde
610 1454 70 25 göras.

260 1508 52 21 Vice
334 1511 75 24 pastor
431 1509 177 21 Vesterlund
630 1509 80 27 yrkade
733 1509 27 26 på
775 1509 132 26 inbjudning,
923 1509 95 26 emedan,

190 1536 29 21 då
241 1536 58 21 förra
323 1537 84 27 gången
422 1537 126 27 inbjudning
563 1538 85 27 skedde,
664 1537 163 22 förhållandena
842 1543 51 16 voro
909 1537 67 21 andra
992 1539 27 19 än
