1117 1817
227 139 54 21 1532
441 146 162 18 Presteständet
617 147 55 16 1872.
697 147 12 16 3
720 146 51 22 juni.

197 225 101 21 behöfver
323 226 119 26 motiveras,
469 226 97 21 hvarföre
590 227 36 21 det
646 226 77 27 jemväl
740 233 49 14 vore
805 226 97 27 lämpligt
918 228 31 19 att
964 226 7 21 i
987 226 38 21 det

198 259 40 22 nya
262 253 143 22 betänkandet
428 255 88 27 inrycka
538 261 26 15 en
587 255 118 21 motiverad
724 255 155 27 framställning
893 255 22 21 af
929 255 26 21 de
970 255 52 24 skäl,

197 288 45 15 som
258 282 71 21 kunna
344 283 68 21 förmä
426 284 106 21 utskottet
548 286 32 19 att
595 283 99 27 antingen
710 283 106 28 tillstyrka
831 290 25 15 en
873 290 26 21 ny
913 283 111 21 redaktion

197 309 22 22 af
233 311 46 26 S:en
295 311 51 21 eller
361 311 94 28 afstyrka
471 313 128 20 densamma.

267 368 120 21 Statsrädet
403 369 145 21 Lindelöf:
580 369 39 26 Jag
635 369 35 21 vill
686 369 99 26 päminna
801 369 42 26 mig
859 371 30 18 att
905 369 4 20 i
921 368 103 21 inlednin-

199 402 40 20 gen
255 396 31 21 till
303 397 237 22 kommunalutskottets
556 397 135 22 betänkande
706 397 59 21 äfven
782 397 54 22 talas
852 404 33 14 om
902 397 65 21 andra
983 397 41 20 för-

199 431 74 15 moner
295 427 26 19 än
344 426 84 24 sädana,
452 432 45 15 som
520 429 40 24 äga
582 426 185 27 grundlagshelgd,
783 426 39 21 och
839 428 32 19 att
885 426 37 21 der
937 428 87 19 nämnes

197 455 32 19 att
244 453 87 26 afsigten
348 455 17 25 ej
384 455 52 20 varit
452 457 32 18 att
499 455 106 26 upphäfva
621 455 41 21 alla
676 455 80 21 sädana
772 454 111 22 förmäner.
914 455 43 20 Der
968 454 55 21 talas

199 481 101 22 särskildt
325 489 33 14 om
385 483 39 20 den
447 483 208 27 undantagsförmon,
678 489 44 15 som
743 485 24 19 är
783 483 116 26 medgifven
915 489 107 20 personer,

197 517 45 14 som
265 511 61 21 hafva
349 511 85 27 uppfört
456 512 94 23 stenhus,
574 514 32 19 att
628 512 68 21 under
719 518 24 15 en
760 511 41 22 viss
817 511 30 22 tid
863 518 50 14 vara
928 511 94 21 befriade

197 539 46 21 från
267 540 282 27 ingvarteringsskyldighet,
576 540 38 21 och
634 541 35 20 det
684 543 87 18 nämnes
787 542 31 19 att
834 540 89 27 afsigten
939 540 18 25 ej
972 546 50 14 vore

197 570 32 18 att
245 568 61 21 dessa
321 575 101 20 personer
436 569 68 21 skulle
520 570 26 25 gå
558 569 62 21 miste
636 575 33 15 om
686 569 39 21 den
741 569 83 20 förmon
840 575 45 14 som
893 569 46 20 dem
955 567 68 22 blifvit

196 595 122 22 tillerkänd.
350 597 47 21 Men
422 598 58 21 detta
496 600 24 18 är
536 600 46 23 sagt
598 598 6 20 i
620 597 140 27 inledningen.
779 591 17 37 I
816 597 73 26 sjelfva
906 597 114 21 betänkan-

196 624 36 21 det
248 625 53 21 talas
318 626 17 25 ej
347 626 72 21 vidare
435 633 34 14 om
486 626 39 21 deu
544 627 72 24 saken,
633 626 38 21 och
685 626 36 27 jag
737 626 68 21 skulle
821 626 66 21 önska
902 626 20 21 fä
937 625 85 27 upplys-

197 653 49 26 ning
262 660 41 19 om,
319 654 102 21 huruvida
438 655 98 26 möjligen
553 655 36 20 det
604 655 22 21 af
640 655 48 21 herr
701 655 81 21 Kurtén
795 654 118 26 föreslagna
923 654 99 21 amande-

197 684 80 18 mentet
292 682 39 21 kan
349 684 48 19 röra
413 684 79 20 sädana
516 683 131 27 rättigheter,
663 689 44 15 som
724 683 17 26 ej
759 682 62 22 hafva
836 682 185 27 grundlagshelgd,

196 709 103 22 huruvida
322 710 43 22 deri
389 711 83 22 säledes
495 712 68 21 skulle
587 712 55 26 ligga
664 712 65 26 nägot
744 711 147 27 upphäfvande
907 712 22 20 af
942 711 79 21 sädana

196 738 113 26 förmoner,
332 746 45 14 som
393 740 65 21 redan
474 738 61 23 hafva
552 740 69 21 blifvit
636 740 127 21 tillerkända
780 740 54 20 vissa
850 739 136 21 medlemmar
1001 739 23 21 af

196 767 219 22 stadskommunerna.
445 769 40 25 Jag
502 768 115 27 medgifver
632 771 32 19 att
679 769 68 21 denna
763 768 38 21 sak
817 770 24 19 är
856 768 33 21 för
904 768 41 27 mig
961 767 61 22 oklar

196 795 39 21 och
259 796 82 21 derföre
365 796 67 22 skulle
453 798 35 26 jag
511 804 65 20 gerna
598 804 22 14 se
643 800 31 18 att
696 804 24 14 en
737 796 112 27 utredning
865 796 68 22 skulle
949 797 73 21 vinnas

195 830 76 20 genom
286 825 107 21 remissen.

265 882 142 26 Domprosten
426 882 85 27 Borg:
528 882 40 27 Jag
584 883 34 21 vill
634 882 85 21 anhålla
735 888 34 15 om
785 884 32 19 att
833 884 96 19 närmare
945 882 21 21 få
981 882 41 20 för-

196 908 59 22 klara
281 910 48 27 mig.
359 910 40 27 Jag
415 918 67 18 anser,
499 913 31 19 att
546 913 31 19 ett
592 911 82 21 utskott
688 911 115 27 ingalunda
819 911 41 21 kan
875 910 74 22 ställas
965 910 57 22 öfver

196 938 121 22 ständerna.
355 939 44 21 När
418 942 31 18 ett
464 940 62 20 stånd
542 940 39 20 har
596 940 62 20 fattat
674 942 30 18 ett
720 939 76 25 beslut,
813 940 68 20 såsom
898 946 27 14 nu
941 941 81 25 preste-

195 966 86 22 ständet
303 968 62 26 gjort,
389 968 40 20 kan
452 969 58 20 detta
525 968 61 21 ständ
603 968 17 26 ej
637 968 156 21 äterremittera
809 968 46 27 &:en
872 968 30 20 till
919 968 104 20 utskottet

195 994 39 22 och
251 995 44 21 läta
310 996 37 21 sitt
362 996 70 22 beslut
448 998 39 20 stä.
518 996 31 27 Ty
571 997 103 21 utskottet
690 998 24 19 är
729 996 81 21 bundet
825 996 22 21 af
861 996 161 26 landtdagsord-

195 1023 83 27 ningen.
309 1024 102 22 Kommer
426 1026 68 20 denna
511 1025 74 21 remiss
600 1025 32 21 till
647 1025 106 21 utskottet
767 1026 31 22 sä,
814 1027 32 19 att
865 1024 157 27 presteständet

195 1052 112 22 vidblifver
329 1053 37 21 sitt
389 1053 75 26 beslut,
486 1054 24 21 sä
531 1054 67 20 mäste
620 1054 104 20 utskottet
743 1053 79 21 handla
837 1054 66 26 enligt
918 1052 104 28 grundlag

195 1080 39 21 och
248 1083 51 24 säga
315 1084 46 23 ,,tre
377 1082 73 21 ständs
470 1082 68 21 beslut
553 1083 45 21 står
613 1082 60 21 fast''.
705 1082 72 21 Annat
793 1084 24 18 är
833 1082 42 23 det,
891 1088 34 14 om
941 1084 80 22 preste-

195 1109 85 21 ständet
296 1110 34 20 vill
346 1111 130 25 suspendera
491 1110 48 22 hela
554 1111 37 21 sitt
607 1110 74 21 beslut.
711 1110 41 25 Jag
769 1110 114 26 medgifver
898 1112 32 19 att
945 1110 37 21 det
998 1112 24 18 är

194 1137 84 26 mycket
301 1140 49 23 rätt,
374 1141 31 18 att
428 1141 32 18 ett
480 1139 63 21 ständ
559 1139 97 26 inbjuder
672 1140 30 19 ett
717 1141 66 18 annat
799 1141 31 18 att
846 1138 73 27 frängä
934 1139 37 20 sitt
986 1138 35 21 be-

194 1165 49 25 slut,
267 1172 47 15 men
337 1169 32 18 att
385 1167 59 21 detta
461 1167 75 21 vidblir
551 1168 38 20 sitt
605 1167 69 21 beslut
690 1167 38 21 och
744 1167 170 21 äterremitterar
928 1167 53 27 $:en,
998 1169 24 18 är

194 1194 71 26 nägot,
282 1201 45 14 som
341 1195 36 26 jag
393 1196 73 26 tycker
481 1198 31 19 att
528 1196 17 26 ej
563 1196 40 21 kan
619 1195 48 22 leda
683 1195 31 22 till
729 1195 66 26 nägot
811 1195 94 21 resultat.
935 1195 87 26 Jagan-

193 1229 34 14 ser
249 1223 84 21 derföre
355 1226 33 19 att
410 1225 17 19 vi
444 1225 77 20 endera
536 1224 60 21 skola
612 1224 73 27 frångå
701 1225 46 20 vårt
764 1223 69 21 beslut
849 1223 38 22 och
903 1223 116 22 äterremit-

193 1253 46 19 tera
256 1252 52 25 &:en,
325 1251 52 22 eller
392 1253 18 26 ej
427 1253 74 26 frångå
517 1253 36 20 det
570 1253 38 21 och
624 1253 17 26 ej
658 1252 157 21 återremittera
832 1252 128 21 densamma.

262 1309 143 26 Domprosten
428 1309 137 22 Renvall:
596 1309 44 27 Mig
664 1315 61 21 synes
749 1311 31 19 att
796 1309 127 26 tillräckliga
938 1309 46 21 skäl
1000 1309 22 21 af

193 1336 176 27 borgareständet
393 1338 33 21 vid
446 1338 46 21 dess
508 1338 124 27 inbjudning
647 1339 17 26 ej
682 1337 69 22 blifvit
767 1337 95 23 anförda,
878 1337 32 21 för
925 1340 32 18 att
972 1343 48 21 pre-

192 1365 119 21 steständet
334 1365 68 22 skulle
424 1366 74 27 frängä
521 1367 35 20 det
573 1367 74 24 beslut,
664 1373 44 15 som
725 1367 36 20 det
776 1366 57 21 förut
848 1367 7 20 i
871 1366 64 21 saken
951 1366 69 22 fattat,

192 1394 91 21 rörande
300 1395 11 20 7
327 1394 17 27 $.
375 1394 40 27 Jag
431 1397 35 19 vet
482 1395 16 26 ej
516 1395 88 21 hvartill
620 1395 35 21 det
665 1395 74 26 tjenar,
753 1397 32 18 att
799 1395 157 26 presteständet
969 1396 51 19 utan

191 1422 72 21 vidare
287 1423 170 21 äterremitterar
473 1424 68 21 denna
558 1424 11 26 $
586 1423 31 21 till
633 1423 89 22 särskild
739 1422 134 27 ompröfning
889 1423 22 20 af
925 1423 95 20 kommu-

192 1450 142 21 nalutskottet
359 1451 33 21 för
414 1454 32 19 att
461 1452 125 27 sedermera,
603 1452 25 21 dä
645 1453 39 20 den
700 1451 145 21 äterkommer
861 1451 97 26 derifrän,
974 1452 47 20 äter

191 1478 54 21 fatta
268 1485 81 16 samma
371 1480 76 25 beslut,
464 1487 44 14 som
524 1487 29 14 nu
568 1487 25 14 en
609 1481 55 26 gäng
680 1483 23 18 är
718 1479 85 22 fattadt.
834 1480 41 26 Jag
890 1480 68 21 skulle
974 1480 46 20 der-

190 1506 45 21 före
251 1507 71 27 afböja
337 1508 164 27 inbjudningens
518 1510 125 25 antagande.
