1117 1817
353 118 159 19 Presteståndet
524 120 56 16 1872.
603 120 14 15 4
627 119 51 21 juni.
840 113 54 21 1575

96 201 65 24 teten,
178 205 47 15 men
241 198 64 22 likväl
320 198 39 22 har
375 199 67 21 denna
458 198 54 22 efter
525 199 46 21 sina
588 198 80 22 krafter
683 200 63 23 egnat
765 198 159 26 uppmärksam-

96 227 37 22 het
147 229 24 20 åt
185 227 129 26 arkeolögin.
344 227 41 21 Det
401 227 65 21 finnes
482 227 6 20 i
504 227 126 21 societetens
645 226 86 21 skrifter
746 226 108 27 vidlyftiga
871 231 54 20 upp-

96 258 69 19 satser
189 255 22 22 af
234 255 107 27 professor
364 255 76 22 Geitlin
462 255 7 21 i
492 255 60 22 dessa
575 257 81 19 ämnen.
687 255 49 21 Men
760 261 34 14 om
811 254 35 21 det
861 254 64 21 också

98 284 113 27 medgifves
235 286 32 19 att
289 284 114 21 societeten
426 290 57 15 mera
504 284 48 21 litet
573 283 74 22 verkat
662 284 5 20 i
684 284 59 21 detta
759 283 127 25 hänseende,
902 282 24 21 så

97 312 66 22 borde
178 313 47 20 icke
241 312 36 21 det
292 315 75 24 utgöra
383 313 64 26 något
462 312 75 21 hinder
551 312 33 21 för
599 311 142 22 anställandet
756 311 21 22 af
789 318 24 14 en
825 310 101 27 arkeolog

98 341 34 21 vid
153 341 123 25 societeten,
299 343 22 24 ty
344 340 119 22 ändamålet
484 347 49 15 vore
546 341 44 26 just
606 347 28 15 nu
650 343 32 19 att
697 341 87 25 utvidga
799 340 127 21 societetens

98 369 134 22 verksamhet
255 369 22 21 åt
293 369 50 22 flere
359 369 49 25 håll,
425 369 39 22 och
480 369 36 22 det
531 369 69 22 skulle
615 369 121 27 lämpligast
751 368 113 27 befrämjas
880 368 46 21 der-

98 399 83 26 igenom
204 400 32 19 att
256 398 122 26 arkeologin
393 398 68 21 skulle
477 398 20 21 få
512 398 32 27 sig
560 404 24 15 en
600 397 91 22 särskild
707 399 147 25 representant
869 397 57 21 inom

98 427 121 21 societeten.
250 427 39 20 Att
311 427 6 20 i
340 433 25 14 en
389 426 84 21 framtid
496 433 26 14 en
544 427 91 20 särskild
658 426 97 21 akademi
771 425 32 21 för
818 425 108 26 arkeologi

98 455 40 22 och
161 455 87 21 historie
272 455 40 21 kan
336 455 63 21 blifva
420 455 22 21 af
457 455 98 21 behofvet
571 455 98 27 påkallad
685 455 6 20 i
707 455 47 21 vårt
769 454 56 26 land,
843 453 34 21 vill
890 453 37 27 jag

98 483 45 22 icke
166 485 57 20 sätta
244 484 6 20 i
273 483 68 27 fråga;
361 490 46 14 men
420 483 37 27 jag
474 486 45 19 tror
534 486 32 19 att
582 484 36 21 det
633 485 56 19 ännu
705 489 50 15 vore
770 483 33 20 för
818 483 63 26 tidigt
896 483 31 20 att

98 512 79 21 inrätta
199 519 26 14 en
248 513 71 20 sådan.
350 512 10 21 I
383 512 65 21 andra
470 512 73 21 länder
558 512 66 22 finnas
640 511 122 27 visserligen
775 512 66 26 jemte
857 512 71 19 veten-

98 541 187 27 skapsakademier
300 541 64 21 också
380 541 245 26 antigvitetsakademier
643 547 17 14 o.
678 547 15 14 s.
710 547 24 20 v.,
750 546 47 15 men
811 540 39 21 den
862 539 66 21 histo-

99 569 57 22 riska
178 570 81 26 gången
283 569 60 21 torde
365 569 62 21 likväl
446 569 6 21 i
472 569 116 21 allmänhet
610 569 61 21 hafva
694 569 54 20 varit
771 569 47 25 den,
839 570 32 19 att
887 567 41 21 den

100 598 103 24 akademi,
227 604 44 15 som
294 597 53 22 först
369 597 67 22 blifvit
458 598 99 24 inrättad,
581 597 38 22 har
641 598 45 21 haft
709 600 30 19 ett
765 597 88 21 allmänt
868 595 59 28 syfte,

100 626 39 21 har
154 626 98 21 omfattat
268 626 45 21 icke
329 626 54 21 blott
397 627 229 26 naturvetenskaperna
638 629 50 18 utan
702 626 63 21 ocksä
777 626 25 21 de
814 624 114 22 historiska

100 655 173 26 vetenskaperna,
296 655 39 21 och
357 657 31 19 att
411 655 52 21 först
485 655 127 23 sedermera,
634 657 38 19 när
688 655 161 20 verksamheten
865 653 63 22 efter-

100 683 56 21 hand
177 683 68 21 blifvit
261 689 56 15 mera
332 683 118 26 utvecklad,
466 686 31 18 ett
512 683 138 27 särskiljande
666 682 22 22 af
702 682 53 21 vissa
771 682 104 21 brancher
891 681 38 21 har

101 714 80 19 ansetts
200 712 71 20 kunna
286 711 111 21 erfordras.
427 712 41 26 Jag
490 718 62 14 anser
575 712 35 20 det
632 718 45 14 som
701 711 106 26 professor
825 710 103 21 Forsman

100 740 39 21 här
155 740 68 21 anfört
240 740 107 26 angående
368 740 39 21 den
424 740 122 21 tillämnade
562 740 123 21 akademien
699 740 44 26 just
759 746 50 14 vara
825 742 30 18 ett
871 738 58 21 bevis

102 771 57 19 emot
181 768 162 27 tidsenligheten
366 768 22 21 af
406 775 25 15 en
451 769 66 21 sädan
542 768 117 27 inrättning
680 768 38 21 hos
741 774 40 15 oss.
819 766 110 22 Professor

101 797 103 21 Forsman
220 800 64 23 antog
299 797 104 25 nämligen
419 799 32 19 att
467 804 25 14 en
508 800 45 18 stor
569 797 33 21 del
618 797 22 21 af
655 797 25 21 de
698 797 143 23 medlemmar,
856 794 75 22 hvaraf

102 826 59 20 detta
175 826 98 21 samfund
287 825 68 21 skulle
367 826 84 21 komma
467 828 31 18 att
514 826 66 26 bestä,
598 826 44 21 icke
658 825 67 22 skulle
736 826 72 20 kunna
820 824 109 21 betraktas

102 854 69 21 säsom
187 854 105 27 egentliga
307 854 181 27 vetenskapsmän.
520 854 42 21 Det
576 854 68 22 skulle
660 854 88 21 sälunda
764 853 65 21 delvis
845 853 85 21 komma

102 885 32 19 att
157 882 64 22 blifva
248 884 31 20 ett
293 882 96 22 samfund
405 882 22 22 af
442 882 128 22 dilettanter.
601 883 48 21 Men
666 883 26 21 dä
707 888 62 16 anser
781 882 36 26 jag
834 882 35 20 det
884 880 45 22 icke

102 917 51 15 vara
174 911 74 27 riktigt
270 913 31 19 att
323 911 55 21 kalla
399 917 25 15 en
445 912 66 20 sädan
533 911 93 26 förening
646 911 105 24 akademi;
768 913 22 25 ty
807 910 39 22 den
862 909 68 21 skulle

102 940 46 21 icke
171 940 85 21 komma
279 941 31 19 att
331 941 52 25 göra
397 940 45 20 skäl
458 939 32 21 för
506 942 31 19 ett
552 940 76 21 sådant
644 946 67 15 namn.
742 939 50 21 Icke
808 938 66 22 heller
888 938 42 20 kan

102 968 35 27 jag
158 968 113 26 godkänna
295 968 35 21 det
350 968 121 27 pästäende,
490 971 32 19 att
545 968 142 22 anställandet
702 968 22 21 af
737 974 26 15 en
779 967 102 26 arkeolog
896 966 35 21 vid

104 996 241 27 vetenskapssocieteten
361 996 68 22 skulle
445 997 85 21 komma
545 999 32 19 att
587 997 109 21 motverka
715 997 40 21 den
767 995 114 22 historiska
892 994 39 22 och

104 1025 147 26 arkeologiska
272 1025 135 27 forskningen
429 1025 56 21 inom
509 1025 79 21 landet.
618 1026 75 20 Denna
708 1025 108 25 forskning
832 1024 45 26 har,
892 1023 40 21 lik-

104 1060 44 15 som
160 1054 40 20 den
211 1054 226 26 naturvetenskapliga,
449 1054 63 21 behof
522 1054 22 21 af
553 1055 76 25 mänga
640 1054 87 26 krafter,
738 1054 45 20 icke
795 1053 55 21 blott
861 1054 72 19 veten-

104 1082 119 27 skapsmän,
249 1085 51 18 utan
323 1082 60 21 äfven
406 1083 72 25 andra,
501 1088 45 16 som
570 1082 113 22 intressera
706 1083 31 26 sig
760 1082 32 20 för
811 1081 66 21 saken
893 1080 38 21 och

104 1117 45 15 som
165 1110 88 27 bidraga
269 1110 32 22 till
315 1111 108 21 samlande
438 1111 24 21 af
475 1111 96 21 material
583 1110 32 22 för
625 1110 115 22 forskaren.
763 1110 40 27 Jag
814 1108 119 22 föreställer

104 1139 41 26 mig
169 1139 82 21 derföre
273 1141 31 19 att
320 1145 25 14 en
361 1139 133 27 arkeologisk
511 1139 52 21 eller
577 1139 101 21 historisk
694 1139 94 26 förening
803 1138 81 26 ganska
899 1137 34 20 väl

103 1167 42 22 kan
161 1167 91 21 existera
268 1167 107 27 derjemte,
391 1167 75 22 liksom
482 1167 62 22 äfven
560 1174 28 15 nu
604 1174 24 15 en
645 1168 95 26 förening
755 1168 33 21 för
800 1166 82 26 zoologi
894 1165 39 22 och

104 1196 87 21 botanik
215 1197 107 24 existerar,
345 1196 105 27 nämligen
472 1196 116 27 sällskapet
609 1203 39 20 pro
663 1196 62 21 fauna
741 1199 21 18 et
777 1195 52 22 flora
845 1194 88 26 fennica,

104 1225 67 20 ehuru
195 1225 60 20 dessa
278 1224 103 21 brancher
396 1227 36 19 äro
449 1225 175 26 representerade
639 1225 55 21 inom
706 1223 227 28 vetenskapssocieten.

104 1253 73 26 Enligt
200 1253 42 20 min
265 1253 54 26 äsigt
340 1253 68 21 skulle
424 1253 36 21 det
475 1253 6 20 i
496 1253 44 21 alla
555 1253 36 21 fall
606 1253 32 21 för
653 1253 112 26 ledningen
780 1252 23 22 af
818 1252 26 21 de
859 1251 74 21 arkeo-

104 1281 82 26 logiska
202 1281 161 26 forskningarna
378 1281 105 22 erfordras
499 1288 27 15 en
541 1281 123 26 auktoritet,
680 1282 6 20 i
701 1284 84 24 spetsen
801 1281 34 20 för
850 1279 84 22 hvilken

104 1311 68 20 mäste
186 1310 34 21 stä
235 1316 26 15 en
277 1310 183 27 vetenskapsman,
476 1310 40 21 och
531 1310 49 21 mitt
592 1310 94 27 yrkande
696 1311 38 25 gär
744 1310 76 21 endast
828 1311 23 19 ut
863 1308 71 27 derpä,

105 1340 32 19 att
152 1338 68 21 denne
243 1339 175 26 vetenskapsman
435 1339 70 20 skulle
520 1338 54 21 höra
588 1339 32 20 till
636 1338 243 27 vetenskapssocieteten
895 1336 40 22 och

104 1366 69 21 tillika
188 1367 57 20 inom
260 1367 32 21 sin
307 1367 82 21 sektion
401 1369 75 25 utgöra
487 1367 41 21 den
537 1367 75 27 högsta
623 1367 157 27 vetenskapliga
791 1365 144 23 auktoriteten

104 1395 7 21 i
126 1395 126 22 hithörande
267 1395 76 26 frägor.

176 1423 112 22 Professor
313 1430 17 14 v.
357 1424 74 24 Essen,
452 1430 45 15 som
521 1424 7 21 i
550 1423 117 22 allmänhet
689 1424 112 26 godkände
817 1423 118 21 utskottets

106 1451 143 26 betänkande,
272 1452 73 27 gjorde
369 1453 53 20 dock
442 1452 75 21 dervid
540 1459 26 14 en
590 1452 141 27 anmärkning
743 1459 34 14 om
793 1452 27 21 de
835 1451 100 27 arvoden,

106 1487 45 14 som
167 1480 70 21 blifvit
252 1481 121 26 föreslagna
388 1481 32 21 för
436 1481 26 21 de
479 1483 33 19 tre
523 1481 161 26 venskapsmän,
696 1487 44 15 som
752 1481 34 20 vid
798 1479 137 27 vetenskaps-

106 1510 115 20 societeten
245 1509 68 21 skulle
334 1509 107 22 anställas.
472 1509 69 22 Dessa
560 1509 92 22 arvoden
673 1515 50 15 voro
739 1509 114 26 nämligen,
869 1508 66 27 enligt
