1117 1817
342 175 160 18 Presteståndet
514 176 55 17 1872.
592 176 26 17 23
630 176 48 21 maj.
842 170 54 20 1225

165 255 52 22 Vice
232 257 73 24 pastor
322 255 132 26 Dahlberg
470 255 99 27 upplyste
584 257 33 19 att
633 255 133 26 bestämning
783 255 73 21 derom
868 254 57 21 före-

98 284 48 21 kom
162 284 27 27 på
203 290 49 21 pag.
269 285 33 23 54,
319 283 66 22 hvarå
400 284 64 27 sagde
480 284 102 27 paragraf
596 283 103 27 enhälligt
713 283 131 27 godkändes.

165 340 24 28 88
206 341 83 21 68—95
305 341 123 26 godkändes
444 341 104 27 enhälligt
563 343 51 19 utan
630 341 127 21 diskussion.

166 397 115 27 Angående
300 398 13 26 8
329 399 34 25 96,
379 397 149 22 innehållande
543 398 119 27 stadgande
678 398 73 21 derom
767 399 33 20 att
815 398 56 21 vissa
886 397 39 21 hos

99 426 204 22 bankodirektionen
326 425 173 23 förekommande
522 427 91 21 ärender
635 427 68 21 skulle
726 427 23 21 af
769 426 70 27 någon
860 425 65 22 bland

98 455 144 22 ledamöterne
257 455 7 21 i
280 455 86 21 korthet
381 456 115 21 antecknas
512 456 7 21 i
534 462 26 15 en
575 455 132 26 minnesbok,
717 461 46 16 som
774 455 34 21 vid
821 460 104 16 samman-

98 484 71 21 trädes
193 484 42 21 slut
257 483 65 22 borde
341 484 92 26 justeras
455 485 39 20 och
518 484 38 21 hos
580 484 133 21 direktionen
736 484 103 25 förvaras,
859 482 66 27 ansåg

99 515 85 24 prosten
207 512 76 27 Hjelt
305 515 30 18 ett
357 513 77 21 sådant
456 513 122 22 förfarande
600 513 116 26 olämpligt,
740 515 51 18 utan
807 512 66 22 borde
889 511 36 22 be-

98 541 70 26 hörigt
183 541 218 27 memorialprotokoll
417 541 6 22 i
438 541 43 22 alla
497 542 91 21 ärender
603 541 57 22 föras
675 541 23 22 af
712 541 41 22 den
768 541 39 21 hos
823 541 102 22 direktio-

99 576 39 15 nen
154 569 107 22 anställda
276 570 103 21 notarien.

167 627 120 21 Statsrådet
302 627 122 22 Lindelöf
438 627 47 22 åter
500 627 65 27 ansåg
581 627 99 22 förandet
696 627 22 22 af
731 629 32 20 ett
777 627 87 21 kortare
881 633 43 14 me-

98 655 184 27 morialprotokoll
297 656 46 21 icke
359 655 95 22 medföra
470 656 117 26 synnerligt
602 656 76 22 besvär
693 655 33 22 för
742 656 40 21 den
798 655 126 22 direktions-

98 684 99 25 ledamot,
214 690 45 15 som
275 684 86 21 dermed
377 686 37 25 tog
429 684 125 27 befattning.

166 740 31 22 På
212 741 61 27 gjord
287 740 156 28 framställning
457 742 113 26 godkände
586 741 85 22 ståndet
686 742 13 26 $
714 742 27 20 96
758 740 136 22 oförändrad.

167 798 12 27 $
193 798 26 21 97
235 798 123 26 godkändes
374 798 102 27 enhälligt
492 801 52 19 utan
560 798 126 21 diskussion.

167 855 9 21 I
192 854 99 22 afseende
307 854 12 22 å
335 855 13 27 &
364 856 27 20 98
407 855 104 27 begärdes
526 856 62 21 ordet
603 855 23 21 af

167 912 91 21 Prosten
280 912 164 26 Rosengren:
468 912 43 21 Det
532 912 108 22 förefaller
655 912 42 26 mig
713 912 70 21 såsom
798 911 67 21 första
881 917 44 15 mo-

100 942 89 20 mentets
212 940 53 22 sista
285 941 84 26 mening
392 940 67 22 skulle
475 940 44 22 tåla
534 941 70 27 någon
620 940 139 27 anmärkning
774 940 7 22 i
796 940 100 22 afseende
912 939 13 22 å

99 969 66 21 orden
188 969 21 24 »,i
232 969 143 21 direktionens
395 969 71 21 beslut
489 969 31 21 uti
543 969 68 27 öfriga
626 970 39 20 här
681 969 127 21 omnämnda
823 969 44 26 fall,
883 969 42 21 kan

99 998 88 26 ändring
203 1004 50 14 vare
268 998 31 26 sig
313 1004 76 20 genom
406 998 76 21 besvär
498 998 52 21 eller
564 998 78 27 klagan
656 998 46 21 icke
718 998 80 21 sökas".
822 997 58 22 Dät.
891 1004 33 14 ex.

99 1032 25 16 en
147 1032 77 21 person
247 1026 39 21 har
308 1026 70 22 blifvit
400 1026 66 22 afsatt
487 1026 47 22 från
556 1027 32 21 sin
609 1026 65 26 tjenst
690 1026 39 22 och
745 1026 27 28 på
787 1026 79 22 honom
882 1026 42 21 kan

98 1055 51 21 falla
171 1062 26 14 en
219 1055 88 27 skugga,
330 1055 70 21 såsom
423 1061 51 15 vore
497 1055 41 21 han
561 1055 19 27 ej
604 1055 74 21 endast
697 1061 25 15 en
738 1055 120 27 oordentlig
873 1057 52 19 utan

98 1083 64 22 också
185 1090 26 15 en
233 1084 109 26 bedräglig
357 1084 133 26 tjensteman,
506 1085 39 20 och
561 1084 78 22 honom
654 1086 77 25 vägras
745 1084 53 21 söka
812 1084 91 26 ändring
917 1082 8 22 i

99 1112 87 27 behörig
201 1112 88 25 instans,
305 1118 62 16 anser
381 1112 36 27 jag
432 1113 36 21 det
484 1119 51 15 vara
550 1119 26 14 en
591 1112 119 27 kränkning
725 1114 6 20 i
743 1113 53 21 hans
807 1114 50 23 rätt,
871 1112 54 20 hvil-

98 1141 40 21 ken
154 1140 42 21 han
211 1141 70 21 såsom
296 1141 140 26 medborgare
452 1141 66 21 borde
534 1141 90 26 åtnjuta.
646 1141 41 27 Jag
702 1147 63 15 anser
780 1141 34 21 för
829 1141 44 20 min
883 1140 41 25 del,

97 1171 33 19 att
144 1175 26 15 en
185 1169 135 27 tjensteman,
335 1175 46 16 som
397 1171 23 19 är
435 1169 92 22 tilltalad
542 1169 34 22 för
592 1169 62 22 svåra
668 1170 118 25 förseelser,
802 1169 40 22 bör
857 1169 22 21 få
889 1168 36 22 be-

98 1199 61 20 svära
181 1198 31 26 sig
235 1197 58 22 öfver
316 1201 31 18 ett
370 1198 76 27 utslag,
463 1198 137 27 hvarigenom
616 1198 18 27 ej
650 1198 76 21 endast
741 1198 53 21 hans
810 1197 65 28 tjenst
890 1197 34 21 vid

98 1226 83 21 banken
204 1226 77 22 honom
298 1226 105 27 beröfvas,
418 1229 53 18 utan
487 1227 61 21 äfven
564 1227 54 21 hans
633 1227 170 27 medborgerliga
818 1225 107 23 anseende

96 1255 43 21 kan
154 1255 43 21 lida
212 1261 25 15 en
254 1255 94 27 betydlig
363 1255 73 27 skada,
451 1255 41 22 och
505 1255 36 27 jag
556 1255 69 22 skulle
640 1255 83 22 således
737 1255 87 26 föreslå,
840 1257 33 19 att
889 1254 36 21 det

97 1284 65 21 borde
185 1284 6 21 i
207 1283 152 28 författningen
375 1286 100 23 utsättas,
490 1284 55 21 inför
560 1284 86 21 hvilken
661 1285 81 20 instans
757 1284 41 21 han
813 1284 8 21 i
836 1284 37 21 det
885 1282 39 21 fal-

97 1312 30 21 let
141 1311 33 22 får
189 1312 67 27 draga
271 1312 72 27 målet,
359 1312 39 22 och
414 1313 38 21 der
467 1313 217 22 bankodirektionens
695 1313 69 27 utslag
775 1313 60 21 öfver
845 1312 79 21 honom

98 1341 69 22 skulle
181 1341 72 22 kunna
268 1341 92 27 pröfvas.

164 1398 111 21 Professor
298 1399 146 22 Forsman:
467 1399 41 26 Jag
532 1398 86 22 förenar
640 1399 43 26 mig
697 1399 7 20 i
720 1398 41 21 den
776 1397 148 26 anmärkning,

96 1433 45 16 som
157 1427 85 26 gjordes
257 1427 23 21 af
293 1429 89 25 pastorn
397 1427 130 27 Rosengren,
541 1427 39 22 och
591 1427 68 21 skulle
670 1427 67 21 önska
749 1429 32 19 att
791 1426 54 21 höra
854 1425 71 27 någon

96 1455 24 22 af
132 1455 106 22 utskottet
253 1455 95 22 försvara
364 1456 31 26 sig
410 1456 49 21 med
474 1455 114 28 anledning
602 1455 24 22 af
639 1455 174 27 anmärkningen.

164 1507 151 27 Öfverläraren
334 1513 138 21 Kihlman:
496 1513 10 21 I
522 1513 12 27 $
550 1514 27 20 98
592 1513 24 21 af
629 1512 202 27 bankfullmäktiges
846 1511 79 26 förslag

96 1540 60 22 heter
174 1541 37 21 det
225 1541 7 21 i
247 1541 66 22 slutet
328 1541 23 21 af
365 1541 68 22 första
448 1541 84 28 stycket
546 1544 33 19 att
594 1541 20 26 yi
630 1541 145 22 direktionens
789 1540 72 22 beslut
876 1539 7 22 i
899 1539 26 22 de

95 1569 44 26 fall,
155 1575 45 15 som
216 1569 40 21 här
271 1571 127 23 omnämnts,
414 1570 42 21 kan
472 1570 96 26 ändring,
583 1576 50 15 vare
648 1570 32 26 sig
694 1575 76 21 genom
786 1569 77 21 besvär
873 1568 53 21 eller
