1117 1817
321 128 160 18 Presteståndet
494 129 53 17 1872.
569 129 26 17 25
607 129 48 20 maj.
820 122 53 21 1293

205 237 155 33 Lördagen
379 237 56 27 den
455 237 33 27 25
507 237 60 33 maj
587 237 42 26 kl.
648 236 35 27 10
700 236 22 27 f.
742 244 37 19 m.

83 354 10 3 +
121 325 12 36 =
147 331 70 21 Sedan
232 329 41 22 bön
289 330 27 27 pä
331 329 88 22 svenska
435 329 87 27 språket
535 329 69 22 blifvit
616 329 104 21 förrättad
731 329 22 21 af
761 329 44 21 vice
816 332 86 23 pastorn

79 359 85 21 Öller
187 360 54 20 samt
264 365 81 20 upprop
369 358 127 24 verkställts,
520 358 142 21 antecknades
681 359 68 20 såsom
764 356 139 23 frånvarande

79 387 60 27 proff.
161 393 18 15 v.
203 387 74 26 Essen,
301 387 95 21 Granfelt
417 387 39 21 och
479 387 118 25 Ehrström,
620 387 7 20 i
642 386 50 27 följd
705 386 20 21 af
741 386 94 21 anmäldt
850 385 55 27 sjuk-

80 415 135 22 domsförfall.

149 547 122 22 Justerades
294 547 45 27 fyra
362 547 196 27 protokollsutdrag
578 547 46 22 från
640 547 166 22 sammanträdet
822 546 39 22 den
877 546 27 21 23

82 577 38 21 och
136 577 27 20 24
177 576 142 21 innevarande
335 577 82 20 månad.

152 708 119 26 Föredrogs
293 708 170 21 statsutskottets
484 707 117 27 bordlagda
623 707 133 21 betänkande
771 707 6 21 i
793 706 113 26 anledning

84 736 22 22 af
128 736 57 22 Hans
206 736 117 27 Kejserliga
344 736 112 27 Majestäts
471 736 77 27 nådiga
564 736 131 28 proposition
710 736 109 26 angående
834 734 72 22 bevill-

83 765 49 27 ning
147 765 31 21 till
194 764 205 28 fängelseväsendets
414 765 114 21 ordnande.

153 828 66 22 Ordet
234 828 102 26 begärdes
351 827 52 22 först
419 828 22 21 af

154 892 88 20 Prosten
265 891 150 26 Borenius,
439 898 45 14 som
507 891 98 27 yttrade:
636 891 40 27 Jag
698 890 39 22 har
752 890 88 22 anhållit
855 889 53 22 att
896 885 15 37 i

86 920 68 21 denna
175 920 60 26 fråga
257 920 51 21 först
323 919 21 21 få
359 922 57 24 yttra
431 920 48 26 mig,
496 920 39 20 och
551 920 36 21 det
602 919 22 22 af
638 922 76 19 tvenne
729 920 52 21 skäl.
811 920 42 20 Det
869 924 40 15 ena

86 951 24 19 är
124 950 32 20 att
171 948 32 22 för
219 949 36 21 det
269 948 129 27 högvördiga
413 948 85 22 ståndet
514 948 20 22 få
550 948 89 26 anmäla,
655 951 32 18 att
703 948 25 21 de
743 949 6 20 i
765 949 52 21 sista
829 947 79 21 menin-

86 983 40 20 gen
149 977 20 21 af
187 977 106 27 professor
308 977 157 27 Montgomerys
480 978 130 20 reservation
627 980 57 24 (pag.
700 978 21 25 7)
737 976 172 22 förekommande

87 1006 64 21 orden
168 1006 43 24 ,för
227 1006 116 21 ordnandet
359 1006 6 20 i
377 1006 217 21 öfverensstämmelse
605 1006 47 21 med
666 1006 35 21 det
711 1005 197 27 fångvårdssystem,

86 1040 46 16 som
153 1034 42 22 kan
217 1035 64 21 varda
309 1037 92 24 antaget,
428 1034 22 22 af
472 1034 177 27 öfveruppsigten,
673 1034 174 26 undervisningen
871 1032 38 22 och

87 1063 131 27 själavården
234 1063 34 21 vid
283 1063 146 27 fängelserna;
447 1063 53 21 dock
516 1063 44 21 att”
576 1070 18 14 o.
611 1070 16 14 s.
641 1070 17 14 v.
671 1063 51 21 böra
735 1063 88 21 sålunda
833 1064 76 20 rättas:

88 1092 46 24 »för
156 1092 117 21 ordnandet
295 1092 22 21 af
338 1092 179 26 öfveruppsigten,
543 1092 239 24 arbetsverksamheten,
803 1090 108 22 undervis-

88 1121 75 25 ningen
187 1120 39 21 och
249 1120 132 27 själavården
396 1121 7 20 i
418 1120 133 27 fängelserna
566 1120 6 21 i
588 1120 217 21 öfverensstämmelse
821 1120 47 20 med
884 1118 25 21 de

87 1149 7 21 i
117 1149 76 26 nådiga
207 1149 150 26 förordningen
373 1149 22 21 af
409 1149 39 21 den
464 1149 27 20 26
507 1149 120 21 November
644 1149 53 21 1866
714 1148 119 21 fastställda
847 1153 64 21 grun-

89 1177 50 24 der
136 1173 12 36 ;
163 1177 54 21 dock
238 1179 45 20 att"
302 1184 18 15 o.
337 1184 16 15 s.
369 1184 18 15 v.
404 1191 26 2 —
446 1178 42 21 Det
504 1177 66 22 andra
586 1177 68 22 skälet
670 1177 31 21 till
717 1177 42 21 min
774 1177 99 21 anhållan
889 1177 23 19 är

88 1208 32 19 att
135 1206 54 21 fästa
203 1206 95 21 ständets
313 1206 187 27 uppmärksamhet
516 1206 28 27 pä
559 1206 167 21 reservationens
741 1208 58 19 stora
814 1205 43 26 vigt
873 1203 39 22 och

90 1235 112 27 betydelse.
234 1235 110 22 Utskottet
366 1235 39 20 har
419 1235 103 27 tillstyrkt
537 1237 32 19 att
584 1235 114 21 ständerna
714 1234 47 21 ville
776 1234 32 21 till
824 1234 25 21 de
865 1234 48 19 när-

89 1266 54 19 mast
159 1263 104 28 behöfliga
278 1263 142 28 fängelsernas
436 1263 155 27 uppbyggande
606 1266 56 19 samt
677 1263 30 21 till
723 1263 40 21 den
778 1263 67 20 första
859 1267 54 21 upp-

89 1292 120 27 sättningen
232 1293 22 21 af
275 1292 196 22 arbetsverkstäder
494 1292 39 21 och
554 1292 72 21 skolor
641 1292 35 21 vid
690 1289 222 29 fängelsevärdanstal-

89 1324 60 19 terna
176 1321 5 20 i
203 1323 32 19 ett
257 1321 31 21 för
304 1321 37 21 allt
357 1321 58 22 anslä
431 1321 92 22 200,000
539 1321 59 21 mark
614 1321 32 20 för
662 1320 71 26 hvarje
749 1320 21 21 af
784 1320 50 21 ären
852 1318 61 24 1873,

90 1351 61 24 1874,
170 1350 61 24 1875,
248 1350 53 21 1876
317 1349 40 22 och
374 1351 60 20 1877.
465 1349 73 27 Ealigt
554 1350 60 21 dessa
630 1349 156 26 bestämningar
800 1347 68 22 skulle
883 1346 31 21 lö-

89 1385 66 15 nerna
176 1378 33 21 för
229 1378 142 27 fängelsernas
395 1378 125 26 direktörer,
536 1378 142 27 predikanter,
694 1377 67 22 lärare
777 1377 39 21 och
831 1375 83 22 arbets-

90 1407 71 22 ledare
184 1407 97 21 förblifva
303 1407 146 26 oförändrade,
472 1406 39 21 och
534 1406 82 21 säledes
635 1406 107 27 ingenting
757 1408 62 24 göras
834 1405 32 20 för
881 1405 33 19 att

90 1435 32 22 till
138 1435 59 22 dessa
213 1435 78 27 vigtiga
307 1435 141 27 befattningar
464 1435 82 21 erhälla
558 1434 47 22 fullt
615 1435 99 26 lämpliga
728 1440 105 21 personer,
847 1432 67 21 ehuru

91 1465 36 21 det
141 1466 58 19 stora
222 1464 98 21 behofvet
339 1463 21 22 af
375 1470 25 15 en
416 1464 128 26 förbättring
559 1463 7 21 i
582 1463 58 22 detta
656 1463 97 28 afseende
768 1463 65 20 redan
849 1460 66 21 borde

91 1499 49 15 vara
163 1492 122 27 tillräckligt
300 1493 69 20 insedt
387 1492 39 21 och
442 1493 91 20 erkändt
549 1492 22 21 af
584 1492 48 21 alla.
663 1491 66 22 Äfven
742 1491 35 27 jag
793 1490 68 22 håller
875 1488 39 26 för,

91 1523 32 20 att
138 1521 79 22 sädana
232 1520 86 28 utgifter
333 1527 46 15 som
395 1521 68 27 dessa,
480 1520 119 27 egentligen
615 1520 52 21 böra
682 1519 103 22 bestridas
801 1518 47 22 med
859 1517 56 22 ordi-
