1117 1817
220 133 55 21 1766
425 140 163 17 Prestestänäet
600 140 54 16 1872.
680 140 21 16 15
713 140 51 20 juni.

190 219 68 26 villigt
280 220 107 26 uppofirat
409 220 121 26 privilegier
556 220 33 20 för
605 219 146 27 befrämjande
767 219 23 21 af
804 220 69 19 denna
889 219 32 20 för
937 218 82 21 landets

190 247 35 21 väl
247 247 24 21 sä
291 248 78 27 vigtiga
385 248 39 27 lag,
440 249 60 20 detta
514 248 55 21 skall
585 248 24 21 af
623 248 178 26 borgareständet
816 254 28 14 nu
861 247 39 21 och
915 247 105 26 framgent

189 276 7 21 i
212 276 95 21 tacksam
330 277 112 26 hägkomst
463 277 95 21 bevaras.
591 277 48 20 Men
662 277 60 20 detta
737 283 38 14 var
790 276 46 21 icke
853 276 36 21 det
905 276 53 21 enda
973 275 49 26 prof

190 305 28 26 pä
233 305 184 27 tillmötesgående
432 305 47 22 från
495 305 169 27 presteständets
680 305 52 24 sida,
746 305 37 27 jag
796 305 39 20 har
848 306 51 19 äran
913 303 106 22 framföra.

190 333 78 26 Mänga
283 334 66 21 andra
365 334 63 21 hafva
443 334 87 26 funnits,
547 334 39 21 och
603 333 107 22 mähända
725 334 40 21 har
781 334 36 21 det
832 334 57 20 inom
901 333 58 21 detta
970 333 51 26 hög-

190 362 88 27 vördiga
293 362 64 21 ständ
373 363 81 20 kunnat
470 363 70 21 tolkas
564 363 69 20 säsom
649 369 51 14 vore
716 362 179 27 borgareständet
910 362 46 21 icke
971 361 49 21 fullt

190 390 43 21 lika
258 391 61 26 böjdt
341 391 33 21 för
397 391 191 27 tillmötesgående,
606 392 26 20 dä
648 391 67 21 under
731 391 108 26 gårdagen
855 397 25 14 en
897 390 123 27 inbjudning

189 419 48 20 frän
252 420 157 26 presteständet
424 420 46 21 icke
486 420 70 21 blifvit
572 420 23 21 af
609 420 178 26 borgareständet
803 421 98 25 antagen.
928 419 41 21 Det
981 419 39 20 har

191 450 58 24 synts
270 449 43 26 mig
333 451 33 18 att
379 449 37 26 jag
433 449 65 21 borde
513 449 21 20 fä
548 449 36 20 vid
600 449 60 20 detta
676 448 83 21 tillfälle
776 448 109 21 vördsamt
901 448 69 21 erinra
986 453 33 16 om

190 478 33 19 att
239 477 68 21 denna
323 477 60 26 fräga
399 477 46 22 icke
460 477 62 27 gälde
538 479 32 20 att
586 477 56 21 afstä
658 477 46 21 frän
721 483 25 15 en
763 477 104 26 rättighet
882 477 51 20 eller
945 475 75 26 fördel,

190 508 22 23 ty
228 505 27 21 dä
271 506 54 21 hade
348 505 152 27 inbjudningen
520 506 47 21 icke
589 506 82 21 kunnat
687 508 65 19 annat
768 507 26 19 än
810 506 48 20 med
873 505 70 26 glädje
960 505 58 21 bifal-

189 533 38 22 las.
259 534 47 21 Men
330 535 36 20 det
388 535 62 26 gälde
466 541 26 14 en
507 535 67 26 fråga,
590 535 7 20 i
615 535 84 20 hvilken
725 534 54 21 efter
794 534 143 26 mångfaldiga
953 534 67 21 öfver-

190 562 123 27 läggningar
334 569 24 15 en
381 564 42 21 fast
438 563 141 27 öfvertygelse
596 563 55 21 hade
667 563 92 21 utbildat
775 563 39 26 sig,
830 569 26 14 en
873 562 145 27 öfvertygelse,

190 597 45 15 som
257 591 47 22 icke
327 592 70 21 kunde
416 592 79 21 rubbas
510 599 77 20 genom
604 592 41 21 den
661 591 126 27 inbjudning
802 591 102 21 hvarmed
920 591 99 26 borgare-

189 619 86 22 ständet
291 621 137 21 behedrades.

258 649 60 21 Dock
334 651 23 19 är
373 650 36 20 det
424 649 46 21 icke
486 649 56 21 blott
557 649 27 26 pä
606 649 114 26 ärendena,
737 649 208 26 angelägenheterna
960 648 59 21 stän-

190 677 40 21 den
253 678 90 20 emellan
367 684 44 14 som
428 679 19 19 vi
463 677 63 21 kasta
548 684 26 14 en
596 677 111 26 äterblick,
723 678 27 20 dä
766 679 37 19 det
817 677 68 27 gäller
899 679 32 19 att
947 677 72 26 skiljas

189 705 47 21 frän
252 706 135 26 landtdagen.
417 706 31 21 De
472 706 57 21 olika
552 706 90 21 stäuden
659 706 26 21 de
701 708 38 19 äro
755 706 103 21 Finlands
873 707 146 25 representan-

189 736 39 18 ter.
259 735 90 21 Theorin
373 735 41 21 kan
437 735 123 26 visserligen
584 735 54 26 hysa
662 735 71 21 tvifvel
758 741 34 15 om
812 734 128 27 riktigheten
956 733 22 21 af
992 740 26 15 en

190 762 67 22 sädan
268 764 234 26 representationsform
513 770 45 14 som
570 763 111 26 Finlands;
696 764 113 26 praktiken
821 763 38 21 och
872 763 69 21 denna
951 763 68 21 landt-

190 792 41 26 dag
254 792 39 21 har
315 792 54 21 visat
392 794 32 19 att
448 792 72 26 hvarje
540 792 63 21 ständ
627 794 58 19 vetat
704 794 33 19 att
752 792 64 21 ställa
833 792 37 26 sig,
886 792 46 21 icke
948 791 69 21 säsom

190 820 205 22 ständsintressenas
410 823 178 24 representanter,
605 823 52 19 utan
674 821 70 21 säsom
760 821 187 21 fäderneslandets.
977 820 41 26 Jag

190 848 63 22 utber
269 850 42 26 mig
327 852 32 18 att
369 850 21 20 fä
401 850 101 20 särskildt
513 849 114 21 framhälla
638 850 101 20 hurusom
751 850 36 20 det
798 849 130 27 högvördiga
938 851 80 24 preste-

190 877 92 25 ständet,
298 878 63 21 hvars
377 878 136 21 medlemmar
529 878 39 21 och
584 878 64 21 hvars
659 878 160 21 kommittenter
831 878 86 21 tillhöra
927 884 26 14 en
964 883 54 15 sam-

190 906 120 27 hällsklass,
331 913 45 15 som
399 913 76 21 genom
498 907 70 21 sekler
590 906 47 27 gått
652 907 6 20 i
674 910 85 23 spetsen
782 906 34 21 för
841 906 122 26 bildningen
978 906 40 20 och

189 935 154 27 upplysningen
366 936 5 20 i
395 936 78 25 landet,
494 935 78 27 jemväl
596 936 65 20 sedan
684 936 70 20 sekler
778 936 55 20 varit
856 934 162 27 medborgare
1004 930 18 36 i

189 964 73 20 ordets
277 964 85 21 fullaste
378 964 90 27 mening.
499 964 45 21 Den
560 964 166 26 protestantiske
742 966 85 24 presten
843 964 40 20 har
895 963 67 27 aldrig
976 963 42 21 iso-

190 992 53 21 lerat
259 993 32 25 sig
305 992 48 22 frän
369 992 73 26 folket,
459 993 39 20 har
513 992 68 27 aldrig
597 992 104 27 hängifvit
712 993 31 25 sig
754 993 22 20 ät
787 999 26 15 en
825 992 84 27 religiös
921 991 97 22 abstrak-

190 1021 51 25 tion,
255 1020 41 22 han
313 1022 38 20 har
366 1021 66 21 lefvat
447 1022 48 20 med
511 1021 55 25 dem,
583 1021 33 21 för
631 1021 82 21 hvilkas
729 1021 126 27 upplysning
871 1021 41 20 han
924 1020 38 21 har
972 1026 46 15 ver-

189 1049 44 26 kat,
260 1049 39 21 och
322 1050 47 20 från
393 1050 30 21 sin
447 1050 122 21 erfarenhet
591 1050 68 21 måste
680 1050 41 20 han
737 1050 72 20 kunna
825 1051 27 25 pä
868 1052 31 18 ett
914 1048 105 28 upphöjdt

189 1080 45 18 sätt,
248 1078 101 21 betrakta
363 1079 83 20 landets
462 1078 77 27 frägor,
555 1079 25 21 de
596 1078 91 27 andliga,
703 1079 25 21 de
739 1078 86 26 sociala,
837 1078 26 21 de
874 1078 143 26 ekonomiska,

190 1106 55 21 huru
261 1113 49 15 man
334 1109 26 19 än
376 1107 36 21 vill
428 1107 57 21 kalla
500 1108 54 20 dem.
585 1107 75 21 Denna
676 1108 61 26 äsigt,
754 1113 46 15 som
813 1107 38 26 jag
867 1106 38 21 har
921 1106 50 21 bedt
986 1108 32 19 att

189 1135 22 20 fä
225 1135 70 21 uttala
309 1135 35 21 vid
361 1135 59 21 detta
435 1135 90 25 tillfälle,
542 1135 81 27 äsigten
640 1136 73 20 derom
728 1137 33 19 att
772 1135 101 21 Finlands
883 1135 134 26 presteständ

189 1163 46 21 icke
252 1163 55 22 blott
322 1166 159 24 representerar
496 1164 133 26 specialister
645 1163 22 22 ät
682 1166 31 19 ett
729 1164 54 21 enda
799 1164 50 24 häll,
866 1165 25 19 är
901 1163 23 21 sä
934 1163 84 26 mycket

189 1199 60 14 mera
271 1193 120 25 berättigad
413 1199 35 20 nu,
471 1193 64 20 sedan
557 1199 25 14 en
598 1192 103 21 värdefull
718 1193 113 26 tillökning
847 1192 46 21 från
909 1191 109 22 vetenska-

189 1227 52 20 pens
265 1221 38 20 och
326 1221 188 26 undervisningens
538 1221 78 20 härdar
639 1221 89 21 kommit
751 1221 158 26 presteständet
931 1220 32 21 till
984 1219 34 22 del

189 1255 76 21 genom
282 1250 39 20 den
338 1249 210 27 landtdagsordning,
564 1256 45 14 som
625 1249 20 21 vi
660 1250 43 21 alla
718 1252 49 18 veta
777 1251 33 19 att
822 1249 24 21 sä
859 1249 52 24 högt
923 1248 93 21 värdera.

258 1278 151 27 Landtdagens
427 1279 84 25 timglas
527 1279 39 20 har
581 1278 73 21 runnit
670 1281 28 23 ut,
714 1278 48 21 dess
777 1278 51 21 verk
839 1279 25 20 är
880 1277 138 26 fullbordadt,

189 1307 55 20 intet
268 1307 42 20 kan
333 1313 44 14 mer
400 1306 73 27 läggas
496 1307 78 26 dertill,
590 1307 54 20 intet
659 1313 45 15 mer
720 1307 45 20 deri
781 1307 112 20 förändras
909 1306 50 21 eller
975 1306 43 20 för-

189 1335 90 21 bättras.
310 1335 49 21 Med
375 1341 38 15 oro
428 1335 7 21 i
451 1335 69 22 sinnet
541 1335 61 21 torde
625 1335 34 21 väl
683 1335 73 26 hvarje
775 1337 160 24 samvetsgrann
951 1334 67 21 delta-

189 1369 50 21 gare
255 1364 7 20 i
279 1364 59 21 detta
353 1363 145 22 ständermöte
515 1363 73 27 skiljas
604 1364 101 25 härifrän,
721 1364 49 21 med
787 1370 36 14 oro
837 1363 104 26 deröfver,
953 1363 65 20 huru-

189 1392 49 21 vida
264 1392 54 21 hvad
341 1399 49 14 man
413 1393 69 25 bjudit
504 1393 32 20 till
559 1395 33 18 att
614 1394 53 25 göra
690 1394 23 19 är
737 1395 65 18 annat
817 1394 27 19 än
860 1392 70 21 säsom
946 1391 73 26 hvarje

189 1421 115 26 menskligt
326 1421 59 25 verk,
408 1421 70 21 säsom
500 1421 126 21 menniskan
641 1421 54 27 sjelf,
712 1421 123 26 bristfälligt
851 1421 39 20 och
906 1420 111 21 ofullkom-

189 1449 44 26 ligt,
256 1455 48 15 men
327 1450 149 20 medvetandet
498 1449 22 22 af
541 1452 33 18 att
595 1450 63 21 hafva
681 1450 56 20 velat
753 1450 36 21 det
804 1449 63 21 bästa
881 1449 68 20 mäste
964 1449 6 20 i
986 1448 32 21 sin

190 1484 49 14 mon
255 1478 86 26 skingra
357 1479 69 20 denna
442 1484 42 15 oro.
516 1478 32 21 En
570 1478 76 25 talare,
662 1478 32 21 till
711 1478 63 21 hvars
790 1478 38 21 ord
845 1479 36 20 det
895 1477 68 21 finska
977 1477 41 21 fol-

189 1506 37 21 ket
248 1509 50 18 vant
321 1507 31 26 sig
373 1509 33 18 att
421 1507 47 20 med
484 1507 80 20 andakt
580 1507 39 20 och
635 1506 151 27 hängifvenhet
801 1507 78 26 lyssna,
896 1506 39 20 har
947 1506 32 21 för
992 1512 25 15 en

189 1535 63 20 stund
265 1535 64 21 sedan
345 1535 6 20 i
367 1535 89 26 templet
471 1537 73 24 yttrat,
556 1537 30 19 att
598 1535 64 22 sedan
674 1536 18 20 vi
705 1535 70 26 skiljts
787 1535 94 21 härifrän
892 1534 46 21 frän
949 1535 69 20 landt-
