1117 1817
206 146 54 21 1742
417 152 162 18 Presteständet
592 154 56 16 1872.
675 154 22 16 13
707 153 52 21 juni.

175 232 37 21 det
227 232 19 27 ej
262 231 67 22 finnes
344 233 67 26 några
426 233 210 21 kommunikationer
651 233 46 21 från
714 233 36 21 det
765 233 46 20 inre
826 233 23 20 af
869 233 72 20 landet
956 231 46 24 och,

174 261 92 21 oaktadt
282 261 35 22 det
333 261 74 27 hittills
423 261 18 27 ej
458 261 80 22 funnits
554 262 72 21 bättre
641 261 215 26 kommunikationer,
868 263 23 19 är
902 261 36 21 det
949 260 55 21 ändå

176 289 66 26 fallet,
259 292 33 19 att
307 290 6 20 i
329 290 140 21 Österbotten
484 291 71 26 släpas
570 290 90 27 plankor
676 291 47 20 med
740 291 73 20 hästar
829 291 26 20 10
871 290 36 21 mil
919 290 40 20 ned
971 289 32 21 till

176 318 84 21 kusten.
291 319 32 20 Då
339 319 36 20 det
388 319 45 26 just
448 321 24 18 är
488 319 189 26 skogsprodukter,
689 319 27 27 på
727 319 71 20 hvilka
811 319 47 20 vårt
869 318 60 21 lands
939 318 64 21 fram-

174 347 33 20 tid
223 347 68 26 beror,
308 347 89 22 likasom
413 348 63 21 dessa
491 348 33 21 för
534 349 132 20 närvarande
678 349 75 25 utgöra
764 343 147 36 jernvägarnas
924 348 80 20 största

175 375 102 26 inkomst,
300 382 63 15 anser
383 376 36 27 jag
444 378 32 19 att
498 383 49 14 man
563 376 18 27 ej
598 377 39 20 bör
653 377 66 20 räkna
735 377 36 20 det
786 376 33 21 för
833 376 52 21 liten
900 376 55 21 vinst
970 375 33 21 för

173 404 115 27 jernvägen
304 407 33 18 att
351 405 27 25 gå
393 411 76 20 genom
492 405 82 21 sådana
589 405 89 25 trakter,
695 404 110 21 hvarifrån
821 404 182 27 skogsprodukter

176 433 71 20 kunna
271 433 56 21 föras
349 434 31 21 till
403 434 84 21 kusten.
518 434 78 21 Vidare
622 434 38 21 har
676 434 77 21 doktor
769 433 114 26 Hornborg
898 433 104 26 anmärkt,

175 464 34 18 att
224 461 40 21 den
281 462 123 27 sträckning
419 463 73 20 utmed
508 462 82 25 kusten,
600 462 85 21 hvilken
701 463 23 20 af
738 462 163 27 öfverstyrelsen
912 461 32 21 för
955 463 48 24 väg-

175 490 41 21 och
231 491 309 21 vattenkommunikationerna
556 493 24 19 är
594 491 127 26 föreslagen,
736 491 64 20 likväl
811 497 28 14 nu
851 491 66 20 borde
927 490 76 27 under-

176 519 69 20 sökas.
277 519 46 21 Den
347 521 23 19 är
393 520 85 21 okulärt
503 520 118 22 undersökt
636 520 22 21 af
671 520 96 26 ingeniör
783 519 90 27 Pipping
888 519 27 26 på
931 518 72 21 Öfver-

175 548 116 26 styrelsens
307 548 121 27 befallning,
444 555 48 14 men
517 549 128 26 öfvergifven
662 548 32 21 för
709 549 26 20 de
751 548 138 26 svårigheter,
905 554 44 15 som
967 547 36 21 der

176 578 64 22 möta,
256 577 99 21 hvarföre
370 577 42 21 han
428 577 68 21 vände
512 578 31 25 sig
559 577 22 21 åt
597 577 36 21 det
648 577 50 26 håll,
715 577 37 21 der
765 577 42 20 han
819 577 120 21 sedermera
950 576 53 21 före-

175 605 64 26 slagit
255 611 26 14 en
298 605 106 22 blifvande
417 606 95 27 jernväg.
540 606 86 27 Doktor
647 606 114 26 Hornborg
777 605 39 21 har
831 605 106 21 dessutom
954 605 48 20 åbe-

176 635 69 25 ropat,
268 636 33 19 att
323 634 51 21 flera
397 641 101 20 personer
514 635 6 20 i
536 634 138 21 Österbotten
698 635 63 20 hafva
783 635 54 20 talat
859 634 33 21 för
907 641 25 14 en
948 633 55 22 bana

175 664 99 19 närmare
290 663 83 24 kusten,
389 663 72 21 hvilka
476 669 102 21 personer
594 663 38 21 der
648 663 65 21 borde
729 663 64 20 hafva
809 663 57 20 lokal
877 663 125 20 kännedom.

175 690 93 22 Hvarför
291 691 153 27 borgerskapet
459 692 6 20 i
482 692 152 20 kuststäderna
657 692 48 26 vilja
728 691 63 21 hafva
814 691 69 21 banan
906 693 97 19 närmare

175 719 84 26 kusten,
275 721 24 19 är
315 720 135 27 temmeligen
467 721 61 20 klart.
561 720 41 21 Det
618 722 24 19 är
658 720 32 21 för
705 722 33 19 att
753 720 21 21 få
790 720 118 20 bibanorna
924 719 23 21 sä
965 719 38 21 bil-

175 748 43 26 liga
241 754 45 15 som
309 749 89 26 möjligt,
415 750 87 20 emedan
526 749 26 21 de
568 749 80 26 befara,
665 751 32 19 att
713 749 101 21 städerna
829 748 82 21 kanske
926 754 77 15 annars

175 776 69 21 skulle
266 777 65 21 blifva
354 780 52 18 utan
426 778 95 26 jernväg,
545 780 22 24 ty
591 778 40 20 den
647 778 68 21 skulle
731 778 86 20 komma
832 780 32 18 att
879 777 26 26 gä
921 777 82 21 direkte

175 805 32 21 till
232 805 113 27 Uleäborg.
375 806 49 21 Men
448 807 47 25 den,
518 812 45 15 som
590 807 80 20 känner
691 806 164 21 förhällandena
870 808 49 22 rätt,
935 806 68 21 mäste

175 840 51 15 anse
249 834 36 21 det
301 841 51 14 vara
371 842 26 14 en
413 835 129 27 omöjlighet.
574 835 30 27 Ty
620 836 36 20 det
671 837 24 19 är
710 835 24 21 sä
749 836 63 23 klart,
828 841 45 14 som
890 834 56 21 klart
961 834 41 21 kan

175 869 57 19 vara,
249 865 32 19 att
297 864 65 20 Wasa
377 864 54 20 först
447 865 67 20 måste
530 864 22 20 få
564 864 96 26 jernväg,
676 864 64 20 innan
757 863 107 27 Uleåborg
875 863 41 21 kan
926 863 21 21 få
961 863 40 21 det.

175 891 43 21 För
241 891 64 27 öfrigt
328 894 45 19 tror
386 893 36 26 jag
438 893 42 26 mig
506 892 64 21 också
585 894 40 24 äga
641 893 68 26 någon
725 892 58 21 lokal
798 892 118 21 kännedom
933 891 17 27 ej
968 898 35 14 en-

175 920 48 21 dast
239 920 12 20 å
268 921 25 20 de
309 923 64 25 orter,
390 927 43 15 som
450 922 56 26 ligga
522 923 96 19 närmast
633 921 83 25 kusten,
731 923 52 19 utan
799 921 64 21 också
879 920 11 21 å
907 920 25 21 de
945 922 58 19 orter

175 955 46 15 som
245 949 56 27 ligga
324 956 58 14 mera
404 950 67 26 uppåt
494 950 77 26 landet,
595 950 39 21 och
650 956 62 14 anser
725 950 42 26 jag,
783 951 32 19 att
831 949 94 21 fördelen
941 949 22 21 af
977 955 25 15 en

175 977 56 21 bana
253 978 74 26 längre
352 978 66 27 uppåt
440 979 71 21 landet
534 980 24 19 är
580 978 23 21 så
618 978 6 21 i
642 980 81 25 ögonen
744 978 100 26 fallande,
867 980 32 18 att
920 984 48 14 man
984 978 18 26 ej

176 1006 66 21 borde
258 1006 73 21 kunna
345 1006 95 22 bestrida
456 1007 42 21 det.

245 1063 84 21 Doktor
352 1064 166 26 Alopaeus:
550 1064 33 21 Då
606 1065 36 20 det
664 1064 137 26 naturligtvis
823 1064 68 21 måste
913 1070 51 14 vara
982 1064 22 20 af

174 1094 47 18 stor
244 1092 44 26 vigt
310 1095 32 18 att
365 1099 26 14 en
414 1093 44 25 sak,
480 1099 44 15 som
540 1094 24 19 är
580 1093 23 21 så
619 1093 114 21 omtvistad
746 1099 44 15 som
808 1093 75 25 denna,
899 1095 104 24 noggrant

175 1121 132 20 undersökes
323 1121 71 20 förrän
411 1128 47 14 man
475 1122 71 26 börjar
562 1122 48 20 med
624 1121 191 26 jernvägsföretag,
831 1122 73 25 tycker
917 1121 36 26 jag
971 1123 31 18 att

175 1149 37 20 det
227 1151 24 18 är
268 1155 25 14 en
309 1149 135 27 förbättring,
461 1156 44 15 som
529 1149 178 27 borgareståndet
722 1150 117 25 föreslagit,
855 1149 84 21 hvilken
955 1149 47 21 vårt

175 1177 63 21 stånd
261 1177 116 27 ingalunda
393 1178 65 21 borde
474 1178 101 21 förkasta.
605 1179 30 26 Ty
651 1179 21 26 ju
688 1185 147 20 noggrannare
851 1178 151 21 undersöknin-

174 1212 39 20 gar
229 1206 37 21 ske
282 1207 6 20 i
304 1213 25 14 en
346 1207 23 20 så
385 1207 65 26 vigtig
466 1207 38 20 sak
519 1213 45 15 som
581 1207 74 25 denna,
672 1208 63 19 innan
753 1207 107 20 bestämdt
878 1207 68 20 beslut
962 1207 40 20 fat-

176 1238 39 22 tas,
233 1235 60 20 desto
310 1235 71 21 bättre
397 1237 23 19 är
436 1237 42 19 det.
508 1236 41 25 Jag
564 1235 68 21 skulle
649 1235 82 22 derföre
749 1235 106 27 tilistyrka
874 1235 128 26 antagandet

174 1263 25 20 af
213 1263 189 26 borgareståndets
418 1264 128 27 inbjudning.

245 1320 84 21 Doktor
351 1321 176 26 Hornborg:
558 1321 42 21 Det
623 1327 44 14 som
691 1321 44 21 vice
757 1323 75 24 pastor
854 1320 100 21 Törnudd
974 1327 28 14 nu

174 1351 73 18 senast
270 1349 95 24 anförde,
388 1350 104 25 nemligen
516 1351 32 19 att
570 1349 177 26 borgareståndet
768 1349 77 21 önskat
860 1349 69 20 banan
945 1355 57 14 mera

175 1379 102 24 vesterut,
293 1377 33 21 för
342 1380 31 18 att
389 1384 23 15 se
428 1385 25 14 en
470 1378 109 27 möjlighet
594 1381 32 18 att
642 1378 22 21 få
679 1379 118 20 bibanorna
819 1378 32 20 till
867 1378 82 25 kusten,
965 1384 37 14 an-

175 1412 35 14 ser
223 1406 37 26 jag
275 1406 103 21 innebära
393 1407 36 20 det
445 1407 111 26 vigtigaste
580 1407 69 20 skälet
664 1407 33 20 för
713 1406 188 26 borgareståndets
916 1406 86 26 förslag,

175 1434 39 21 och
237 1435 85 26 glömde
346 1435 37 20 sist
399 1438 32 18 att
452 1435 93 26 åberopa
561 1435 42 24 det,
620 1435 68 21 såsom
705 1438 31 17 ett
752 1435 123 26 ytterligare
890 1435 64 20 motiv
969 1434 33 21 för

174 1464 121 25 antagande
319 1463 22 21 af
363 1464 186 26 borgareständets
569 1464 131 26 inbjudning.
720 1464 53 27 Det
788 1465 24 19 är
828 1464 18 26 ej
863 1464 67 25 någon
947 1463 55 21 vinst

174 1491 34 20 för
230 1492 80 25 landet,
333 1498 34 15 om
390 1493 170 25 producenterna
583 1492 45 21 från
652 1493 48 20 hela
716 1492 139 21 Österbotten
871 1494 50 24 taga
936 1493 66 24 vägen

175 1519 33 21 till
231 1519 115 28 Uleåborg,
369 1521 33 20 för
424 1524 34 18 att
477 1521 92 20 derifrån
586 1521 105 26 utskeppa
707 1521 46 20 sina
768 1521 124 26 produkter.
922 1520 42 21 Det
979 1522 24 19 är

175 1550 33 19 att
222 1548 48 21 fara
285 1555 76 20 genom
383 1549 92 22 Halikko
492 1550 31 20 till
539 1549 92 27 Sverige,
647 1550 70 21 såsom
733 1549 119 21 ordstäfvet
867 1549 65 26 lyder.
962 1549 41 26 Jag
