1117 1817
205 152 56 20 1446
436 157 162 19 Presteståndet
611 158 55 18 1872.
691 158 26 18 29
729 157 47 21 maj.

175 236 142 27 ningsförslag
339 243 26 16 en
389 237 134 28 bestämning
544 238 110 27 angående
678 238 40 21 den
741 237 114 22 utländska
877 237 130 28 spritvarans

176 265 91 27 gradtal,
290 266 85 21 hvilken
398 266 140 27 bestämning,
561 273 34 15 om
612 267 40 21 den
668 266 115 27 behörigen
799 265 125 26 efterlefves,
939 265 68 22 måste

176 294 66 21 verka
267 296 32 19 att
322 295 57 26 dylik
402 295 106 27 spritvara
530 295 42 21 blir
594 295 136 27 temmeligen
753 295 39 26 dyr
813 294 51 22 eller
879 294 127 22 åtminstone

177 322 76 28 dyrare
279 325 26 19 än
331 323 115 22 bränvinet.
478 323 50 22 Men
556 324 36 21 det
614 326 24 19 är
660 323 130 22 fortfarande
812 323 43 21 min
871 323 54 21 fasta
939 323 69 21 öfver-

176 351 88 27 tygelse,
288 353 39 25 att,
349 352 71 21 derest
443 352 33 21 för
491 352 151 27 försäljningen
659 352 108 21 minimum
784 351 21 22 af
819 358 26 15 en
861 353 61 26 qvart
937 351 69 22 kanna

177 379 124 26 bibehålles,
325 381 129 21 åtminstone
476 381 112 21 städernas
610 381 117 21 arbetande
743 380 122 27 befolkning
880 379 126 28 ohjelpligen

177 409 24 20 är
223 407 172 28 tillspillogifven.
426 409 32 21 De
481 409 144 27 iakttagelser,
646 410 36 26 jag
705 409 54 22 varit
782 409 6 21 i
804 409 83 21 tillfälle
902 411 31 18 att
947 411 59 24 göra,

177 436 63 22 hafva
255 437 39 22 hos
310 437 42 27 mig
367 437 100 28 stadgadt
483 438 67 21 denna
567 437 148 28 öfvertygelse;
732 438 39 21 och
785 438 36 26 jag
837 440 46 18 tror
897 439 32 19 att
940 437 65 22 saken

177 471 87 16 numera
289 466 47 21 icke
361 472 50 15 vore
430 466 88 27 afhjelpt
533 473 37 15 ens
586 467 92 25 dermed,
694 469 33 18 att
742 473 48 14 man
806 466 67 21 skulle
890 465 117 22 bestämma

177 493 108 22 minimum
309 494 32 21 till
363 495 45 21 balf
428 495 77 24 kanna,
521 495 98 21 hvarföre
633 495 36 27 jag
684 495 129 21 fortfarande
829 495 67 20 måste
911 494 52 27 yrka
978 495 28 26 på

178 524 33 19 att
226 529 63 15 mom.
306 524 19 26 c)
341 525 86 25 antages
442 524 48 21 med
506 524 137 21 utesiutande
659 523 22 22 af
695 524 60 21 ordet
771 523 143 26 ,fjerdedels".

247 580 56 21 Herr
317 580 157 22 talmannen
510 581 132 21 framställde
658 581 93 22 härefter
767 580 92 27 följande

245 637 145 27 Proposition:

246 694 41 21 Vill
303 694 85 22 ståndet
403 695 113 26 godkänna
532 700 62 16 mom.
612 695 18 26 c)
647 695 6 21 i
665 695 10 27 8
686 696 25 20 45
726 694 145 24 oförändradt,
883 694 50 20 eller
943 693 61 21 icke?

177 722 46 21 Den
239 728 45 16 som
301 722 35 22 vill
352 723 113 26 godkänna
481 729 61 15 mom.
560 722 144 25 oförändradt,
721 729 74 15 svarar
807 722 32 26 ja;
856 722 39 21 den
912 722 35 21 det
959 722 45 21 icke

177 750 43 27 vill,
244 757 73 15 svarar
332 752 40 26 nej.
403 752 80 21 Vinner
498 752 40 26 nej,
555 751 86 28 utbytas
657 752 65 21 orden
739 758 40 18 ,,en
795 750 112 28 fjerdedels
922 750 82 22 kanna"

178 781 57 19 emot
251 786 40 18 ,en
307 780 45 21 half
365 780 87 22 kanna".

246 836 132 22 Besvarades
405 838 47 20 med
478 837 154 27 öfvervägande
658 838 41 26 nej.
731 837 72 21 Orden
830 843 39 18 ,en
895 836 111 27 fjerdedels

177 864 85 22 kanna"
279 865 67 21 skulle
362 865 82 22 således
460 866 86 26 utbytas
562 868 57 19 emot
634 872 36 21 ,en
687 866 44 21 half
745 866 87 20 kanna".

246 916 116 26 Angående
378 922 62 16 mom.
458 917 19 23 d)
493 917 93 27 yttrade:

247 967 154 27 Kyrkoherden
425 968 169 22 Snellman:
624 968 41 27 Jag
686 968 68 22 skulle
777 967 123 27 visserligen
916 966 32 22 för
963 968 42 20 min

177 995 34 22 del
231 1002 29 19 se,
284 998 32 19 att
338 1002 25 15 en
385 1002 37 21 sup
445 996 55 28 finge
524 997 66 27 köpas
614 1000 49 18 utan
680 999 49 19 mat.
761 996 48 22 Men
823 996 37 26 jag
875 1002 62 14 anser
953 996 53 21 dock

177 1024 161 26 bestämningen
353 1031 33 15 om
403 1028 43 18 mat
462 1032 50 14 vara
523 1028 31 18 ett
565 1026 108 21 korrektiv
682 1028 44 18 mot
739 1026 41 20 den
792 1030 69 16 massa
871 1024 135 26 lönnkrogar,

177 1058 45 16 som
246 1053 65 21 redan
335 1053 67 21 finnas.
438 1054 73 22 Skulle
533 1060 25 15 en
574 1054 128 21 utskänkare
718 1054 63 21 hafva
797 1052 94 22 tillstånd
907 1054 31 19 att
953 1052 53 27 sälja

177 1080 89 22 bränvin
283 1082 76 26 suptal,
376 1083 23 20 så
415 1084 45 20 tror
473 1082 37 27 jag
526 1085 31 19 att
573 1083 60 21 desse
650 1083 129 21 utskänkare
794 1081 67 22 skulle
877 1083 57 24 göra,
951 1082 55 20 hvad

178 1109 74 22 hittills
276 1110 80 26 polisen
379 1112 54 20 visat
456 1111 31 26 sig
506 1111 46 21 icke
568 1112 72 20 kunna
655 1113 58 24 göra,
730 1112 13 20 d
768 1117 16 15 v.
802 1117 16 14 s.
835 1110 47 21 med
898 1109 108 27 framgång

177 1137 54 22 vaka
255 1137 58 22 öfver
333 1139 163 26 lönnkrogarne,
513 1139 81 22 hvilkas
610 1139 57 21 antal
683 1139 123 26 härigenom
823 1138 67 21 skulle
906 1138 100 21 minskas.

179 1165 31 22 På
226 1166 71 21 denna
312 1167 69 26 grund
397 1167 67 22 skulle
477 1168 37 27 jag
529 1168 85 21 anhålla
630 1171 32 18 att
678 1175 61 14 mom.
758 1167 121 21 bibehölles.

246 1217 85 22 Doktor
353 1217 165 28 Alopaeus:
548 1219 41 26 Jag
612 1218 38 22 ber
672 1218 55 21 blott
751 1219 34 20 att
799 1217 20 22 få
835 1223 100 21 upprepa,
952 1217 54 21 hvad

175 1245 37 27 jag
226 1247 69 26 yttrat
310 1253 33 14 om
360 1253 63 15 mom.
440 1247 18 28 c)
474 1247 106 26 nämligen
596 1249 32 19 att
640 1247 37 27 jag
692 1247 65 21 också
773 1246 48 21 ville
831 1245 106 22 bibehålla
949 1245 59 21 detta

177 1280 72 20 mom.,
274 1281 47 15 men
344 1275 48 21 med
415 1276 36 21 det
473 1275 110 26 förbehåll,
600 1278 32 19 att
647 1276 35 21 det
697 1275 70 22 skulle
782 1274 57 27 gälla
854 1275 74 20 endast
943 1274 6 21 i
965 1275 43 20 stä-

179 1302 72 25 derna,
269 1303 18 26 ej
303 1304 27 26 på
345 1303 78 22 landet.

248 1355 84 21 Doktor
355 1354 157 23 Granfelt:
543 1351 68 26 Äfven
632 1356 36 26 jag
689 1362 62 15 anser
775 1355 36 21 det
830 1354 131 27 nödvändigt
976 1355 32 20 att

179 1382 132 23 utskänkare
334 1383 66 22 finnes
415 1384 5 20 i
436 1384 107 25 städerna,
560 1391 46 14 men
623 1384 67 21 skulle
706 1384 68 21 tillika
791 1383 67 21 önska
874 1385 32 19 att
921 1383 36 20 det
973 1383 35 20 be-

178 1411 102 24 stämdes,
296 1411 55 22 huru
366 1413 76 26 många
459 1419 64 20 supar
538 1413 32 20 för
585 1414 82 25 gången
683 1413 22 21 åt
721 1412 80 22 enhvar
816 1412 55 26 finge
886 1411 72 27 gifvas,
974 1417 34 15 om

178 1439 36 22 det
229 1439 42 22 kan
287 1440 148 22 kontrolleras.

248 1487 149 26 Öfverläraren
421 1493 153 20 Kihlman:
607 1493 7 20 I
635 1492 35 21 det
686 1491 58 22 fallet
761 1494 32 19 att
809 1491 78 21 doktor
903 1490 105 22 Granfelts

178 1519 79 27 förslag
280 1521 37 25 går
339 1520 91 26 igenom,
454 1521 68 21 skulle
542 1521 36 26 jag
600 1521 83 25 föreslå,
699 1523 32 18 att
747 1527 49 14 man
812 1521 64 20 också
891 1519 67 22 skulle
974 1519 34 21 be-

178 1549 93 20 stämma
285 1548 84 27 glasens
384 1549 85 22 storlek.
