1117 1817
349 136 161 18 Presteståndet
523 137 55 17 1872.
604 137 12 17 6
627 129 51 29 juni.
844 131 53 21 1647

171 217 90 20 Prosten
285 216 159 27 Rosengren:
474 210 114 33 Åtskilliga
612 217 64 20 ärade
699 217 74 25 talare,
796 223 45 15 som
864 216 64 21 hafva

104 245 73 26 ogillat
197 245 118 20 utskottets
337 245 141 23 betänkande,
498 245 61 20 hafva
575 245 72 21 derför
661 245 57 20 velat
733 245 86 21 förorda
835 251 24 15 en
873 245 55 21 åter-

104 274 74 21 remiss
201 273 32 21 till
258 273 111 23 utskottet,
392 273 67 21 under
481 273 79 27 hoppet
580 276 32 19 att
628 273 105 22 utskottet
748 274 67 21 under
831 273 39 22 den
886 279 42 21 nog

103 303 63 20 korta
188 302 38 25 tid,
251 308 44 14 som
319 301 99 24 återstår,
441 301 68 22 skulle
532 302 63 21 hinna
618 302 100 21 utarbeta
734 304 31 19 ett
780 304 48 25 nytt
842 302 86 27 förslag.

104 331 31 21 De
158 330 63 21 hafva
245 330 57 27 gjort
326 331 42 25 det,
391 330 90 21 oaktadt
496 330 23 21 af
540 331 152 26 lagutskottets
707 331 138 24 medlemmar
859 330 70 21 blifvit

104 359 123 22 försäkradt
249 361 32 18 att
304 359 105 21 utskottet
430 359 46 21 icke
498 359 81 21 kunnat
597 359 79 21 handla
691 359 134 21 annorlunda
841 361 25 19 än
882 365 45 15 som

105 388 63 21 skett.
197 387 49 21 Med
269 387 98 21 afseende
390 387 12 21 å
424 387 39 21 den
479 388 127 26 utveckling,
623 388 172 26 kreditsystemet
811 388 27 27 på
853 393 75 16 senare

106 417 55 20 tider
183 416 54 25 tagit
260 415 39 22 och
321 416 47 21 med
391 415 98 22 afseende
505 416 57 26 derå,
578 419 32 18 att
624 416 252 27 jernvägsanläggningar
891 418 37 19 äro

105 445 65 26 något
191 444 88 21 alldeles
302 447 53 24 nytt,
377 445 66 20 finnes
465 445 37 20 det
516 445 46 21 icke
577 445 7 21 i
600 445 37 20 vår
651 445 130 26 lagstiftning
797 445 24 21 så
836 445 39 20 lätt
891 451 38 14 an-

104 473 207 27 knytningspunkter
333 473 33 21 för
389 473 53 21 dem.
485 473 45 21 Här
552 475 24 19 är
591 473 83 21 således
696 473 147 26 lagstiftandet
857 473 71 22 svårt;

104 502 47 21 icke
173 502 66 26 något
262 504 37 23 att,
323 502 68 21 såsom
415 508 47 15 man
488 504 67 25 säger,
572 505 50 24 taga
636 502 47 21 från
699 501 78 28 hyllan.
807 502 42 21 För
865 502 65 26 öfrigt

105 530 36 21 vill
162 530 36 27 jag
214 531 46 20 icke
275 537 102 20 upprepa,
396 530 52 21 hvad
466 537 45 14 som
527 531 64 20 redan
607 530 70 21 blifvit
692 531 81 26 yttradt
788 530 142 27 lagutskottet

106 558 33 22 till
155 559 89 21 försvar.
275 559 40 26 Jag
332 558 32 22 för
379 559 42 21 min
437 559 33 21 del
486 559 124 26 godkänner
626 559 151 21 betänkandet.

175 616 142 27 Domprosten
340 616 84 27 Borg:
454 616 41 27 Jag
517 615 85 22 förenar
625 617 43 26 mig
683 617 48 20 med
747 616 54 27 dem,
816 622 45 15 som
876 615 54 28 yrka

106 644 27 27 på
149 644 128 21 återremiss.

175 701 82 21 Rektor
279 701 162 21 Rosendal:
472 701 73 21 Under
568 702 39 20 den
627 701 120 21 diskussion
763 708 44 14 som
824 701 39 21 här
877 701 54 21 fort-

107 731 52 26 gått,
183 730 63 21 hafva
268 732 32 19 tre
325 730 58 21 olika
405 730 78 26 åsigter
504 730 57 26 gjort
584 731 31 25 sig
636 730 104 26 gällande.
772 730 32 21 En
820 730 33 21 del
869 730 22 21 af
905 730 26 20 de

107 759 65 21 ärade
197 760 74 24 talare,
294 765 45 15 som
362 759 124 21 understödt
503 759 39 21 den
559 758 113 27 kejserliga
688 759 164 26 propositionen,
868 758 63 21 hafva

107 788 63 26 yrkat
185 788 28 26 på
229 788 48 20 dess
293 788 120 26 antagande
428 787 140 26 oförändrad;
579 788 67 20 andra
657 787 63 21 hafva
730 787 107 21 försvarat
847 786 84 22 utskot-

108 818 41 19 tets
173 816 145 23 betänkande;
341 816 68 20 andra
430 816 98 26 slutligen
540 816 62 21 hafva
617 816 56 21 velat
688 816 27 26 gå
731 822 25 14 en
772 815 103 21 medelväl
891 814 40 22 och

108 844 62 27 yrkat
193 845 27 25 på
243 844 98 21 ärendets
364 844 128 21 återremiss.
526 844 40 21 Vid
589 846 31 19 ett
642 844 83 27 flygtigt
747 844 141 21 betraktande
911 843 23 21 af

108 873 65 21 saken
189 873 71 21 kunde
276 879 51 15 man.
340 873 52 21 visst
403 873 67 27 tycka,
487 874 33 20 att
535 873 39 21 den
586 874 52 20 sista
650 874 91 25 utvägen
751 879 50 15 vore
812 873 41 20 den
864 872 68 21 bästa.

109 901 48 21 Men
181 902 45 25 här,
250 902 74 20 liksom
348 901 45 21 ofta
415 908 84 20 annars,
522 902 60 20 torde
604 902 137 26 medelvägen
760 901 45 21 icke
821 907 51 15 vara
888 900 45 21 det-

108 936 88 18 samma,
213 936 46 15 som
275 930 40 21 den
330 936 66 15 sanna
412 930 79 21 midten.
528 930 41 26 Jag
584 936 62 15 anser
662 932 32 18 att
709 930 36 20 det
755 930 26 26 pä
794 931 32 19 ett
838 929 94 21 tillräck-

110 958 38 27 ligt
171 959 152 26 öfvertygande
346 961 43 19 sätt
411 958 39 21 har
465 958 69 21 blifvit
550 958 102 26 bevisadt,
668 961 32 18 att
715 958 106 21 utskottet
837 957 96 27 omöjligt

111 994 88 14 numera
214 988 69 20 skulle
298 987 65 21 hinna
377 986 28 27 pä
420 989 31 19 ett
466 987 186 21 tillfredställande
667 988 43 20 sätt
725 987 46 21 lösa
787 987 40 21 den
842 986 90 27 uppgift,

109 1022 45 14 som
177 1022 48 14 man
247 1016 36 20 vill
305 1016 75 26 ålägga
402 1016 42 20 det.
474 1015 70 21 Osksä
558 1016 41 20 kan
614 1016 36 26 jag
665 1016 46 20 icke
725 1016 114 26 godkänna
855 1017 31 19 ett
901 1014 32 21 sä-

110 1045 52 20 dant
185 1044 100 21 stiftande
307 1046 23 19 af
344 1044 34 27 lag
393 1044 7 21 i
415 1044 117 27 fyrspräng,
551 1044 85 21 hvartill
652 1050 48 15 man
717 1050 28 14 nu
761 1044 35 20 vill
812 1044 73 25 tvinga
899 1045 34 19 ut-

109 1074 88 20 skottet.
230 1073 49 21 Man
302 1073 39 21 har
363 1074 43 25 lagt
421 1073 105 21 utskottet
546 1072 32 22 till
594 1073 41 21 last
650 1076 33 17 att
698 1073 36 20 det
750 1072 136 21 uteslutande
901 1072 32 21 af-

109 1104 43 18 sett
174 1102 39 20 den
228 1102 105 26 juridiska
353 1102 60 20 sidan
429 1101 23 21 af
465 1102 65 20 saken
546 1102 39 20 och
601 1101 87 21 alldeles
704 1102 79 20 lemnat
799 1101 39 21 den
855 1100 78 21 ekono-

110 1130 68 21 miska
201 1130 86 21 derhän.
319 1130 47 20 Men
383 1136 32 14 om
439 1130 121 26 nägondera
584 1130 38 20 har
638 1130 124 24 företrädet,
777 1129 42 20 kan
835 1128 37 21 det
887 1128 46 21 icke

111 1158 71 27 nekas,
198 1161 33 18 att
246 1159 35 20 det
294 1158 106 27 juridiska
415 1160 116 19 momentet
546 1158 45 21 stär
606 1158 82 25 främst,
700 1160 31 19 att
742 1157 135 21 menniskans
891 1158 43 19 rätt

110 1187 19 26 ej
145 1187 98 21 kränkes.
274 1187 42 21 För
333 1187 53 20 hvad
403 1189 23 18 är
442 1187 41 26 det,
498 1193 44 14 som
560 1193 48 14 man
624 1187 47 20 med
688 1193 24 14 en
728 1186 66 21 sädan
809 1186 125 26 skyndsam-

110 1216 37 20 het
162 1216 35 20 vill
213 1215 28 21 ha
256 1221 26 15 en
297 1215 34 27 lag
347 1215 174 21 ästadkommen?
535 1215 33 26 Jo,
584 1215 33 21 för
632 1218 32 18 att
680 1215 17 26 ej
713 1215 82 20 kränka
811 1215 62 20 deras
883 1215 50 24 rätt,

109 1250 46 15 som
178 1244 63 21 hafva
263 1244 71 21 inlätit
356 1244 32 26 sig
408 1244 26 27 pä
450 1246 31 19 ett
496 1244 89 26 företag,
600 1243 34 21 för
649 1243 62 21 hvars
725 1242 169 27 förverkligande
908 1248 26 15 en

110 1273 66 20 sädan
192 1272 34 27 lag
242 1273 68 20 skulle
327 1279 50 14 vara
392 1273 128 26 nödvändig.
550 1272 118 21 Ständerna
683 1278 51 15 vore
744 1272 83 21 säledes
837 1271 98 26 skyldiga

110 1303 39 24 att,
172 1301 89 21 emedan
285 1303 30 19 ett
338 1301 52 21 eller
411 1301 51 20 flera
479 1301 62 26 bolag
563 1301 33 20 för
612 1301 31 26 sig
659 1300 99 27 uppgjort
773 1307 25 14 en
815 1299 59 25 affär,
889 1305 45 15 som

111 1331 26 20 de
159 1336 52 15 erna
233 1329 76 27 utföra,
332 1329 59 21 stifta
414 1336 24 14 en
461 1329 41 26 lag.
532 1329 40 26 Jag
595 1335 73 15 menar
683 1332 32 17 att
730 1329 25 20 de
771 1328 95 22 enskilde
883 1328 52 21 böra

111 1360 57 19 rätta
191 1359 31 25 sig
245 1359 54 20 efter
317 1358 26 21 de
359 1359 7 20 i
381 1358 72 21 landet
468 1358 98 26 gällande
582 1358 64 25 lagar.
678 1357 42 21 För
735 1357 42 21 min
794 1356 34 22 del
843 1357 43 20 kan
899 1356 35 27 jag

111 1387 83 21 säledes
219 1387 46 21 icke
289 1392 64 16 annat
376 1389 26 18 än
427 1387 88 20 alldeles
540 1386 124 26 obetingadt
686 1385 114 28 godkänna
818 1385 117 21 utskottets

111 1415 142 22 betänkande.

179 1472 208 27 Kontraktsprosten
409 1471 152 27 Sohlberg:
590 1471 41 26 Jag
653 1471 39 21 har
714 1471 65 21 redan
794 1471 6 20 i
817 1471 49 21 mitt
880 1470 56 21 före-

111 1501 82 26 gäende
208 1501 100 26 yttrande
324 1500 116 26 medgifvit,
456 1503 32 18 att
504 1501 35 20 det
554 1500 7 21 i
576 1500 113 27 kejserliga
704 1499 159 27 propositionen
881 1498 56 21 före-

112 1529 67 22 finnes
202 1529 84 26 brister,
309 1529 67 21 ehuru
397 1529 36 26 jag
451 1529 47 21 icke
513 1529 76 20 trodde
604 1531 33 18 att
652 1529 26 20 de
693 1534 52 15 voro
760 1528 23 21 sä
799 1527 138 27 väsendtliga,

834 1566 33 18 105
