1117 1817
327 152 162 18 Presteståndet
501 154 56 16 1872.
583 154 23 16 14
616 153 52 21 juni.
843 148 54 21 1757

98 239 35 20 nu,
148 233 7 20 i
171 233 36 20 det
229 239 48 15 man
301 233 28 20 då
350 233 46 21 icke
412 233 77 21 trodde
504 235 33 19 att
552 233 204 21 koncessionärerne
771 232 69 21 skulle
855 232 73 21 kunna

97 261 72 22 utföra
183 255 154 28 Åbo—Wiiala
352 261 76 21 banan.
459 261 35 21 Nu
509 263 46 20 tror
570 268 49 15 man
635 261 43 22 det.

167 324 90 21 Prosten
280 324 167 27 Rosengren
471 324 83 21 fästade
579 324 217 27 uppmärksamheten
811 324 28 27 på
853 325 32 20 att
901 323 26 22 de

98 353 24 21 af
135 352 129 21 Vesterlund
280 353 128 21 omnämnda
423 353 130 21 förändrade
568 352 162 22 förhållandena
741 353 22 20 af
775 352 152 28 deputationen

98 381 62 22 äfven
176 381 66 21 borde
258 381 94 22 betonas.
383 381 125 22 Förordade
524 381 131 27 inbjudning.

167 444 205 27 Kontraktsprosten
396 444 158 27 Sohlberg
576 445 66 26 ansåg
664 444 46 21 icke
732 446 32 19 att
779 444 66 21 saken
860 443 67 22 borde

98 473 110 21 föranleda
223 473 32 20 till
271 473 82 26 åtgärd.
371 473 99 26 Ryktena
481 479 34 15 om
526 473 203 21 koncessionärerna
741 473 75 26 ovissa,
829 473 99 24 ,komma

98 501 40 22 och
153 502 47 26 gå".
230 501 59 27 Egen
311 501 121 22 erfarenhet
451 502 24 21 af
488 502 77 27 Hangö
581 502 71 21 banan
668 502 41 21 kan
725 502 74 21 härvid
815 501 112 27 åberopas.

98 531 114 20 Dessutom
228 530 110 21 anmärkte
353 531 91 24 talaren,
460 533 33 18 att
516 531 26 20 de
558 531 27 20 20
600 530 127 27 miljonerna
742 532 57 19 ännu
814 530 46 21 icke
875 536 52 15 voro

98 559 126 27 upplånade,
250 559 39 21 och
312 561 32 19 att
366 565 34 15 om
423 559 25 21 de
470 559 48 22 icke
540 559 109 26 behöfves,
675 559 36 21 det
726 565 49 16 vore
792 559 88 26 onödigt
895 560 33 19 att

98 587 49 22 låna
163 588 53 21 dem.

167 650 84 21 Doktor
274 651 175 26 Hornborg:
481 651 32 20 De
537 651 140 21 oscillerande
693 651 96 26 ryktena,
811 657 44 14 som
869 650 58 26 jern-

98 681 65 25 vägar
178 680 97 26 vanligen
291 681 37 19 äro
345 679 164 25 underkastade,
526 681 37 19 äro
579 679 27 27 på
614 679 133 21 närvarande
757 679 38 21 fall
806 679 18 27 ej
836 679 91 26 tillämp-

97 708 50 26 liga,
171 708 88 21 emedan
283 708 35 21 det
340 708 27 26 på
390 708 239 26 penningemarknaden
645 708 69 21 blifvit
730 708 85 25 bekant,
832 709 32 19 att
879 707 49 21 Fin-

98 736 61 22 lands
185 737 86 21 ständer
287 736 102 27 enhälligt
404 736 96 22 beslutat
515 737 32 26 sig
562 736 33 21 för
610 736 112 27 byggande
737 736 22 21 af
771 731 156 26 Äbo—Wiiala

98 766 77 25 banan,
198 766 7 20 i
225 765 100 21 händelse
348 766 47 20 icke
418 766 176 20 koncessionärer
616 765 70 21 skulle
711 767 51 25 göra
787 766 41 20 det.
859 764 70 22 Häraf

98 794 82 21 önskan
203 794 39 21 hos
265 794 47 21 dem
335 797 32 18 att
387 794 87 26 placera
496 794 46 21 sina
564 800 81 20 pengar
660 794 7 20 i
680 796 31 18 ett
733 794 83 26 tillfölje
832 794 23 20 af
868 793 59 21 detta

98 822 158 22 ständerbeslut
271 823 64 21 solidt
351 822 89 27 företag.
470 823 42 26 Jag
528 823 98 21 förordar
642 822 84 22 derföre
742 822 131 27 inbjudning.

167 886 143 26 Domprosten
325 886 86 26 Borg:
442 886 66 26 Ingen
525 886 50 26 risk,
592 892 34 14 om
642 885 65 21 också
722 886 90 26 ryktena
827 885 46 27 icke
889 886 38 19 äro

98 920 73 16 sanna.
201 914 110 26 Pengarne
335 915 106 20 användas
457 915 6 20 i
479 920 76 16 senare
577 914 61 21 fallet
662 914 129 28 vilkorligen
806 914 33 20 för
855 913 72 21 Öster-

98 943 110 21 bottniska
223 943 76 21 banan.

167 1006 90 21 Prosten
281 1006 99 26 Hjelt:
411 1006 33 20 Då
467 1006 160 26 presteståndet
651 1006 65 20 redan
739 1005 57 21 förut
817 1005 56 26 gjort
896 1006 31 19 ett

98 1034 79 25 försök,
201 1040 44 15 som
270 1034 84 27 afslogs,
376 1034 24 21 så
415 1036 24 19 är
454 1034 37 21 det
508 1034 111 27 olämpligt
634 1036 32 18 att
682 1036 81 19 utsätta
778 1034 31 26 sig
825 1034 32 20 för
873 1034 54 20 smä-

98 1063 62 21 leken
176 1063 23 21 af
213 1066 31 18 ett
259 1065 47 25 nytt
321 1064 107 26 nederlag,
444 1063 89 21 hvarom
549 1070 49 14 man
614 1063 42 21 kan
672 1069 51 15 vara
738 1063 23 21 så
773 1062 85 27 mycket
868 1068 60 14 mera

98 1092 48 24 viss,
169 1098 45 15 som
239 1098 49 14 man
311 1094 34 19 vet
367 1094 33 18 att
423 1092 36 20 det
474 1092 7 20 i
497 1092 179 26 borgareståndet
696 1091 66 21 finnes
784 1098 25 14 en
825 1090 101 26 fraktion,

98 1126 45 15 som
166 1120 27 27 på
219 1121 54 20 intet
297 1121 68 20 vilkor
380 1120 36 21 vill
432 1120 106 21 öfverlåta
554 1120 22 21 åt
592 1121 124 26 regeringen
732 1122 31 18 att
779 1120 26 25 på
821 1119 69 27 grund
905 1118 25 21 af

98 1149 48 21 dess
169 1149 162 28 instrumentala
354 1149 187 26 undersökningen
564 1149 40 21 och
626 1151 52 18 utan
701 1149 125 20 ständernas
842 1147 86 27 bepröf-

98 1177 67 22 vande
181 1177 69 27 bygga
266 1173 173 26 Österbottniska
455 1177 77 21 banan.

167 1235 110 21 Professor
300 1241 18 14 v.
342 1235 107 21 Essen:
480 1235 42 26 Jag
544 1234 68 21 finner
634 1234 46 21 icke
701 1234 147 26 skadligheten
863 1233 23 20 af
901 1239 26 14 en

98 1263 131 27 inbjudning,
246 1264 18 26 ej
281 1263 66 22 heller
363 1263 69 26 någon
451 1263 109 27 synnerlig
575 1263 87 26 smälek,
678 1263 6 20 i
700 1263 100 20 händelse
816 1263 23 20 af
852 1261 74 27 afslag.

98 1292 32 20 En
153 1291 125 27 inbjudning
299 1295 90 18 tvärtom
413 1292 81 21 vittnar
518 1298 33 15 om
568 1292 107 27 synnerlig
690 1291 107 21 nitälskan
812 1291 33 21 för
861 1291 66 20 saken

98 1320 39 21 hos
152 1321 164 26 presteståndet.
346 1321 41 26 Jag
402 1321 100 20 förordar
517 1320 64 21 alltså
593 1320 133 27 inbjudning.

167 1377 70 22 Sedan
249 1378 147 21 diskussionen
411 1377 118 22 förklarats
544 1377 102 26 afslutad,
661 1377 132 21 framställde
809 1377 48 20 herr
873 1375 54 22 tal-

98 1412 104 15 mannen
239 1406 92 27 följande

167 1463 148 26 Proposition:

166 1520 43 22 Vill
232 1521 86 20 ståndet
341 1520 84 21 besluta
448 1522 33 19 att
504 1519 124 27 ytterligare
648 1519 87 26 inbjuda
751 1517 178 28 borgareståndet

97 1551 33 19 att
145 1548 76 27 frångå
237 1549 48 21 dess
301 1549 70 21 beslut
385 1549 7 20 i
408 1548 60 27 fråga
490 1555 35 14 om
539 1548 249 27 jernvägssträckningen
803 1547 47 21 från
865 1547 63 20 Tam-
