1117 1817
357 133 161 17 Presteständet
532 133 56 17 1872.
612 133 22 17 31
646 132 48 22 maj.
855 127 54 21 1477

112 214 47 21 med
171 213 74 28 sjelfva
253 212 157 27 inbetalningen
422 212 22 21 af
453 213 86 21 skatten
550 212 54 21 skall
618 212 91 21 förfaras
717 212 40 21 och
765 212 86 21 hvilken
863 212 76 27 åtgärd

114 242 52 21 skall
181 242 97 27 vidtagas
293 241 6 22 i
315 241 102 22 händelse
432 241 40 21 den
487 241 47 21 icke
550 241 105 21 inbetalas
671 247 19 14 o.
705 247 17 14 s.
738 247 18 14 v.

180 299 113 21 Professor
316 298 158 21 Ehrström
500 298 51 21 sade
573 298 32 27 sig
627 304 52 15 vara
694 297 145 22 förekommen
854 297 23 22 af
891 303 48 22 pro-

113 327 66 22 fessor
193 327 71 22 Cleve.

182 384 83 21 Doktor
284 383 174 27 Hornborg:
489 383 69 21 Afven
570 383 38 27 jag
623 385 24 19 är
662 383 145 22 förekommen
823 383 23 21 af
859 383 81 27 profes-

114 419 35 15 sor
172 412 62 21 Cleve
257 412 39 21 och
315 412 35 21 vill
366 412 76 21 endast
455 411 95 28 tillägga,
566 414 33 19 att
612 412 37 27 jag
664 412 81 21 känner
761 418 25 15 en
803 412 52 21 eller
870 418 69 15 annan

114 441 101 26 småstad,
237 447 45 15 som
306 447 48 14 man
369 441 49 20 sökt
432 442 54 25 göra
501 441 31 20 till
549 443 31 18 ett
596 440 77 22 Sodom
690 441 39 20 och
745 440 104 22 Gomorra
863 446 76 21 genom

114 469 130 22 inrättandet
259 469 23 22 af
295 469 160 27 privilegierade
471 469 232 27 utskänkningsställen
718 469 7 21 i
740 469 74 27 hvarje
829 469 59 27 gård.

182 527 110 21 Professor
307 526 158 21 Forsman:
496 526 71 21 Också
580 526 36 27 jag
632 527 89 20 ämnade
736 527 6 20 i
757 526 121 21 hufvudsak
889 528 51 25 säga

114 555 117 22 detsamma
247 562 45 15 som
307 555 108 26 professor
430 555 63 21 Cleve
510 555 39 21 och
565 555 35 21 vill
617 556 75 21 endast
707 555 56 21 fästa
778 555 162 27 uppmärksam-

114 584 62 21 heten
193 585 72 20 dervid
281 586 38 23 att,
332 585 39 20 när
387 584 153 26 utminutering
555 584 27 27 på
598 584 78 24 landet,
692 583 65 27 enligt
767 584 96 21 ståndets
878 583 61 28 åsigt,

114 613 45 21 icke
183 613 67 21 skulle
265 613 22 21 få
303 619 38 20 ega
356 619 53 19 rum,
425 612 69 21 skulle
511 613 120 20 inkomsten
647 612 23 21 af
684 613 151 26 utminutering
850 613 39 21 och
905 613 34 20 ut-

114 641 119 27 skänkning
248 641 65 21 blifva
329 644 31 18 ett
375 641 132 26 privilegium
526 641 33 21 för
575 641 106 24 städerna,
697 641 6 21 i
719 641 114 27 synnerhet
847 641 92 21 utminu-

114 671 102 25 teringen.
247 670 30 26 Ty
295 670 39 20 allt
350 669 87 21 bränvin
453 669 97 21 kommer
565 670 125 20 hädanefter
705 672 32 18 att
752 670 66 26 köpas
834 669 46 21 från
897 671 42 19 stä-

114 699 66 21 derna
201 698 38 21 och
263 699 40 20 den
321 698 67 26 afgift,
405 704 44 14 som
465 698 84 21 betalas
565 698 33 21 för
612 698 130 26 rättigheten
758 700 31 19 att
805 699 135 26 utminutera,

114 727 39 22 bör
176 727 5 21 i
205 726 51 27 följd
277 726 61 22 deraf
351 727 18 26 ej
385 727 27 26 gå
427 726 32 21 till
476 727 26 21 de
516 727 133 26 kommuner,
666 733 45 15 som
727 726 62 22 hafva
805 726 134 22 uteslutande

114 756 132 26 privilegium
261 755 28 27 på
304 756 158 26 utminutering.

185 812 91 22 Prosten
291 812 100 27 Hjelt:
414 812 40 26 Jag
470 812 68 21 skulle
554 812 32 21 till
602 812 54 21 hvad
671 812 36 26 jag
722 812 57 21 förut
794 814 68 25 yttrat
873 812 67 21 önska

114 841 93 27 tillägga,
232 843 33 19 att
289 843 69 19 staten
385 840 65 27 enligt
473 842 42 20 min
534 841 55 26 åsigt
605 841 67 21 måste
688 842 62 25 åtaga
765 841 32 27 sig
812 843 32 19 att
859 842 82 20 ersätta

114 870 215 21 stadskommunerna
352 870 143 20 kostnaderna
515 869 33 21 för
564 870 39 20 den
620 870 99 24 kontroll,
736 876 44 14 som
796 871 24 19 är
835 869 22 21 af
870 869 70 21 nöden

115 898 33 21 för
168 900 31 19 att
222 898 113 21 öfvervaka
355 901 32 18 att
402 898 18 27 ej
437 898 130 26 lönnkrogar
582 900 97 25 uppväxa
695 898 114 27 derstädes,
825 898 115 26 utgifterna

115 927 33 21 för
165 929 69 19 större
256 926 135 28 polisstyrka,
408 933 44 15 som
468 926 102 22 städerna
584 927 34 21 för
634 927 59 21 detta
708 927 100 21 ändamål
822 926 67 22 måste
905 927 33 20 in-

115 957 63 24 rätta,
194 956 65 20 borde
276 956 138 26 ovilkorligen
430 955 100 21 bekostas
546 956 22 20 af
582 955 200 27 bevillningsmedel.

183 1012 51 22 Vice
257 1014 74 25 pastor
354 1012 206 22 Westerlund:
591 1007 19 27 Ä
626 1018 39 16 ena
680 1012 59 21 sidan
755 1012 68 21 skulle
839 1012 35 27 jag
889 1018 50 15 anse

115 1042 36 20 det
173 1041 71 21 bättre
267 1040 230 22 öfverensstämmande
519 1042 49 20 med
590 1041 26 21 de
633 1040 75 24 beslut,
724 1041 84 21 ständet
823 1041 70 27 fattat,
908 1042 32 19 att

115 1070 85 21 ståndet
225 1076 29 14 nu
279 1070 68 21 skulle
372 1070 89 24 besluta,
484 1072 33 18 att
539 1070 101 21 städerna
661 1070 46 20 icke
726 1070 34 21 mä
777 1069 63 21 hafva
855 1069 85 21 andel
927 1065 17 34 i

115 1099 68 20 denna
203 1098 68 27 afgift,
293 1105 47 15 men
363 1098 12 21 å
398 1098 67 21 andra
488 1098 60 21 sidan
567 1104 61 15 anser
640 1098 38 27 jag
694 1098 21 21 af
729 1105 81 14 samma
825 1098 53 26 skäl,
895 1104 45 15 som

114 1129 85 24 prosten
223 1127 58 26 Hjelt
304 1133 28 14 nu
355 1127 38 20 har
416 1127 77 25 anfört,
517 1127 37 20 det
576 1133 51 14 vara
649 1127 128 26 nödvändigt
793 1129 32 18 att
839 1127 101 20 städerna

115 1155 60 21 skola
199 1155 81 21 erhålla
301 1155 63 21 andel
390 1155 23 21 af
434 1155 64 26 sagde
525 1155 66 27 afgift.
630 1155 223 21 Landskommunerna
877 1155 64 20 hafva

114 1184 142 26 undandragit
278 1184 31 26 sig
332 1184 36 21 det
391 1184 129 21 omoraliska
543 1183 121 27 inflytande,
687 1190 44 15 som
747 1190 26 15 en
788 1183 153 26 utminutering

114 1213 52 20 eller
188 1212 143 27 utskänkning
346 1212 87 21 medför.
463 1213 49 20 Men
528 1219 29 14 nu
572 1212 74 27 tyckas
662 1212 26 21 de
703 1212 19 27 ej
738 1213 49 26 vilja
802 1212 139 26 undandraga

115 1241 32 26 sig
161 1243 33 18 att
209 1243 50 24 taga
274 1241 34 21 del
323 1241 7 20 i
346 1241 40 21 den
402 1241 66 26 afgift,
481 1247 46 15 som
538 1241 27 26 pä
576 1247 25 14 en
612 1247 70 14 annan
696 1241 111 21 kommuns
823 1241 118 21 moralitets

115 1269 119 22 bekostnad
249 1269 42 21 kan
307 1269 135 27 hopbringas.
466 1270 87 21 Kanske
568 1269 39 21 har
620 1269 36 27 jag
672 1269 18 27 ej
706 1271 43 19 rätt
760 1269 75 27 tydligt
845 1269 96 26 uttryckt

115 1299 50 26 mig;
189 1304 48 15 men
260 1298 42 21 min
319 1299 83 26 mening
417 1300 24 19 är
456 1299 46 25 den,
519 1300 33 19 att
567 1298 27 21 dä
610 1298 211 21 landskommunerne
837 1297 18 27 ej
871 1297 70 21 tillåta

114 1327 145 26 utskänkning
279 1326 38 21 och
333 1327 243 26 utskänkningsställens
591 1327 122 20 inrättande
728 1327 56 20 inom
801 1327 37 20 sitt
853 1325 88 22 omräde

115 1355 39 22 och
177 1355 89 21 sälunda
288 1355 138 27 undandraga
448 1355 32 27 sig
502 1355 27 21 de
545 1355 96 26 skadliga
658 1355 183 27 inverkningarna,
856 1354 84 21 fordras

116 1384 35 21 det
173 1383 64 22 ocksä
259 1384 154 26 principenligt,
436 1386 32 19 att
491 1384 26 21 de
540 1384 19 26 ej
582 1383 34 22 mä
638 1384 85 26 deltaga
739 1384 7 21 i
762 1385 39 19 den
818 1384 60 24 vinst,
894 1388 47 16 som

116 1412 67 21 andra
197 1412 132 27 kommuner,
343 1413 105 26 nämligen
464 1412 221 27 stadskommunerna,
702 1413 74 26 bringa
791 1412 23 21 ät
829 1411 78 22 landet.

184 1469 141 26 Domprosten
341 1469 137 21 Renvall:
505 1469 42 26 Jag
562 1471 46 19 tror
622 1471 33 19 att
670 1469 43 21 vice
725 1471 73 24 pastor
805 1467 136 23 Westerlund

116 1497 38 22 har
177 1497 137 21 missförstått
332 1500 87 24 prosten
437 1497 66 27 Hjelt,
519 1497 28 21 dä
562 1498 42 20 han
618 1499 48 25 sagt
682 1500 31 18 att
728 1501 85 23 prosten
829 1496 60 27 Hjelt
903 1496 38 27 pä-

116 1525 61 28 yrkat
199 1528 32 19 att
253 1526 101 21 städerna
373 1526 69 21 skulle
457 1525 21 22 fä
493 1526 70 26 nägon
578 1526 62 21 andel
656 1525 23 22 af
692 1526 41 21 den
748 1525 114 28 intlytande
877 1525 64 21 brän-
