1117 1817
336 159 160 18 Presteständet
509 160 54 17 1872.
589 161 12 16 &
614 160 51 20 juni.
844 154 53 21 1607

102 243 65 18 annat
190 242 26 19 än
239 241 32 19 att
293 239 129 22 inrättandet
440 239 22 22 af
476 242 32 19 ett
522 239 84 21 institut
621 239 106 22 såtillvida
743 245 37 15 var
795 241 32 20 ett
842 239 86 26 misstag

102 275 45 15 som
163 275 49 15 man
228 267 75 22 trodde
319 270 31 19 att
366 268 40 21 den
422 268 103 21 utkomna
540 267 150 27 förordningen
706 268 68 21 skulle
785 268 70 21 kunna
868 267 60 22 reali-

102 303 63 16 seras.
198 297 49 20 Men
271 296 36 21 det
331 296 100 21 förhåller
446 297 32 26 sig
494 297 48 20 med
558 297 69 20 denna
643 296 122 27 förordning
781 303 45 14 som
842 297 47 20 med
905 296 23 21 så

102 326 76 26 många
201 325 73 25 andra,
297 327 32 19 att
351 331 48 15 man
422 325 45 21 icke
483 325 54 26 tagit
552 325 135 26 möjligheten
703 328 32 18 att
750 325 101 21 realisera
866 325 39 20 den
922 325 5 20 i

102 353 147 22 betraktande.
280 353 10 22 I
305 353 50 27 följd
371 353 22 22 af
407 356 31 19 att
454 354 156 21 forstmännens
626 353 57 22 antal
699 353 140 22 reducerades
855 353 31 22 till
902 359 26 15 en

104 382 100 27 fjerdedel
221 382 21 21 af
255 382 36 21 det
306 382 153 27 ursprungliga,
476 383 44 24 har,
537 382 67 21 skulle
618 382 36 26 jag
670 385 40 20 tro,
721 382 132 25 naturligtvis
866 382 62 26 ingen

104 417 41 20 ung
165 417 47 15 man
229 411 70 20 vidare
315 411 82 21 kunnat
413 417 53 20 egna
481 411 31 26 sig
528 411 22 21 åt
566 411 81 21 studier
662 411 22 21 åt
699 411 59 21 detta
774 411 49 24 båll,
840 412 87 20 emedan

103 439 62 27 ingen
188 439 66 26 utsigt
277 439 32 22 till
331 439 112 22 befordran
464 439 74 26 finnes,
554 439 39 22 och
610 439 82 22 derföre
707 440 39 21 har
761 440 106 21 institutet
882 439 46 21 icke

104 468 67 21 heller
194 467 45 22 haft
261 469 65 25 några
349 468 100 21 alumner.
480 469 38 20 Att
542 471 30 18 ett
595 468 90 24 institut,
701 474 44 15 som
761 469 46 20 står
823 468 44 25 öde,
882 468 47 21 icke

104 497 90 21 allenast
216 496 38 21 bör
277 496 122 27 upphäfvas,
423 499 49 18 utan
496 497 6 20 i
526 497 72 26 sjelfva
617 497 73 20 verket
706 499 23 19 är
745 497 41 24 det,
803 499 24 18 är
843 503 24 14 en
883 496 46 21 klar

104 525 44 21 sak.
180 525 47 21 Men
249 526 5 19 i
272 525 35 21 det
323 525 58 21 fallet
396 525 41 21 kan
453 532 49 14 man
518 525 82 22 ändock
616 525 64 22 också
696 527 48 25 taga
759 526 6 19 i
781 525 147 25 betraktande,

105 553 102 22 huruvida
226 554 45 21 icke
287 556 30 18 ett
333 554 75 21 sådant
424 555 84 20 institut
524 555 6 20 i
546 561 25 14 en
587 554 47 21 icke
650 553 71 22 alltför
736 554 92 26 aflägsen
844 553 85 22 framtid

104 583 41 20 kan
171 582 65 21 blifva
251 583 135 26 nödvändigt,
403 585 21 25 ty
437 583 36 26 jag
489 585 45 19 tror
549 583 46 20 icke
611 585 38 22 att,
665 583 5 20 i
687 583 35 20 fall
738 583 191 26 forsttjenstemän-

104 617 40 15 nen
161 611 60 21 skola
237 611 70 21 kunna
323 611 67 21 bildas
407 611 5 21 i
429 612 47 20 vårt
492 614 48 24 eget
556 611 56 26 land,
628 611 35 21 det
677 611 41 21 kan
735 611 37 22 ske
783 611 34 21 vid
831 611 98 21 Mustiala

105 639 52 22 eller
179 643 31 18 ett
233 640 142 27 polytekniskt
398 640 90 25 institut,
514 643 50 18 utan
588 642 23 19 är
627 641 35 20 det
678 641 27 20 då
720 640 71 21 bättre
807 642 31 19 att
853 645 75 20 genom

105 668 114 21 anslående
241 668 22 20 af
277 668 116 26 stipendier
409 668 77 21 bereda
502 669 47 20 dem
566 668 81 21 tillfälle
663 671 32 18 att
711 669 81 20 utbilda
808 669 31 26 sig
854 669 27 25 på
896 670 34 18 ut-

104 696 57 22 rikes
178 700 38 18 ort.
247 696 40 27 Jag
302 696 68 22 skulle
386 696 81 22 således
484 696 85 27 utbedja
586 697 42 27 mig
644 699 32 19 att
691 697 20 21 få
727 697 86 21 alldeles
824 696 106 22 bestämdt

105 725 94 27 afstyrka
215 725 114 21 ntskottets
345 725 116 24 utlåtande,
478 726 24 20 så
518 726 43 21 vidt
577 726 35 20 det
627 725 67 27 gäller
709 726 134 20 forststatens
855 724 75 22 reduk-

105 754 52 24 tion,
179 760 46 14 men
251 754 55 21 hvad
329 754 64 21 Evois
412 754 107 26 beträffar,
535 754 105 27 tillstyrka
658 754 121 22 detsamma.
797 755 23 20 så
836 754 43 20 vidt
895 754 36 20 det

105 784 35 19 rör
163 783 116 21 institutets
301 783 131 27 indragning,
456 789 46 15 men
527 783 113 25 ingalunda
663 782 131 22 beträftande
817 782 114 22 forstmäns

106 810 94 27 bildning
215 811 34 21 vid
265 811 100 21 Mustiala
379 811 217 21 landtbruksinstitut.

174 839 62 22 Hvad
257 840 46 20 åter
326 840 228 26 landtmäterikorpsen
577 840 107 25 beträffar,
708 842 37 19 äro
769 840 25 21 de
817 839 114 26 bedröfliga

106 867 159 22 förbållandena
280 869 27 26 på
323 869 58 21 detta
397 868 38 22 fält
450 868 162 27 allmänneligen
628 869 70 21 kända
715 868 38 22 och
769 868 62 22 torde
843 874 24 15 en
879 868 52 26 peti-

106 897 43 21 tion
173 897 5 20 i
203 897 58 21 detta
281 897 98 21 afseende
395 904 50 14 vara
461 898 87 20 alldeles
564 898 22 20 af
600 897 99 22 behofvet
713 897 106 27 påkallad.
851 896 80 22 Härvid

106 931 61 15 anser
190 925 64 21 också
274 926 37 26 jag
333 926 40 20 den
389 926 116 21 förnämsta
520 927 44 25 vigt
579 926 56 26 ligga
651 926 71 27 derpå,
739 928 32 19 att
787 926 84 26 dispens
886 925 45 21 icke

106 953 72 26 längre
194 954 119 27 medgifves,
330 954 18 21 d.
366 961 18 14 v.
401 961 15 15 s.
432 957 32 19 att
480 955 26 21 de
522 955 158 26 vetenskapliga
696 954 124 26 fordringar,
836 960 45 15 som
899 960 32 14 re-

107 982 40 21 dan
163 988 74 20 genom
255 982 115 22 bestående
385 983 148 27 förordningar
548 983 112 26 erfordras,
677 983 60 21 skola
753 982 123 25 bibehållas,
893 982 39 21 och

107 1013 32 19 att
154 1017 25 15 en
196 1011 169 27 löneförhöjning
381 1012 65 21 måtte
462 1012 44 21 ske.
538 1012 48 21 Med
602 1014 31 19 ett
648 1012 45 26 ord,
710 1018 25 15 en
751 1011 105 27 reglering
870 1017 62 21 synes

107 1039 41 27 mig
164 1039 87 22 alldeles
266 1040 124 27 nödvändig.

175 1096 206 28 Kontraktsprosten
403 1097 155 22 Granfelt:
581 1098 42 20 För
639 1098 42 20 min
698 1098 33 20 del
747 1097 69 21 skulle
829 1097 37 27 jag
881 1102 51 16 anse

107 1127 31 19 att
161 1132 25 14 en
209 1126 167 25 reorganisation
399 1126 20 21 af
440 1126 156 21 forstväsendet
612 1126 4 20 i
634 1127 46 20 vårt
696 1126 47 21 land
760 1128 24 19 är
799 1125 22 21 af
835 1125 98 21 behofvet

106 1153 105 27 påkallad.
243 1154 72 21 Redan
332 1155 35 20 det
383 1157 32 18 att
429 1155 107 20 institutet
551 1154 31 21 för
598 1154 113 21 forstmäns
722 1154 123 21 utbildande
856 1156 23 19 är
890 1153 41 21 till-

107 1183 64 20 slutet
194 1182 5 20 i
223 1182 51 21 brist
291 1183 26 26 på
333 1183 75 25 elever,
425 1185 23 19 är
464 1183 66 26 enligt
546 1184 40 20 min
602 1183 55 26 åsigt
673 1185 30 19 ett
719 1183 86 21 talande
821 1182 56 21 bevis
894 1182 38 25 för,

107 1213 32 18 att
154 1211 170 26 organisationen
339 1211 22 22 af
375 1211 155 22 forstväsendet
546 1212 45 21 icke
608 1214 116 19 motsvarar
735 1211 30 22 sin
777 1210 154 22 bestämmelse.

107 1239 110 22 Utskottet
240 1239 38 21 har
300 1240 109 26 föreslagit
431 1240 127 27 indragning
573 1240 22 21 af
608 1241 71 24 Evois,
696 1241 38 20 och
748 1241 36 25 jag
800 1243 45 18 tror
861 1241 30 19 att
907 1239 26 21 de

106 1267 67 27 flesta,
189 1274 44 16 som
250 1268 71 22 känna
336 1269 83 21 landets
435 1269 135 26 önskningar,
587 1269 69 20 lemna
672 1270 36 19 sitt
724 1269 57 20 bifall
799 1268 75 21 dertill.
891 1267 42 22 Det

107 1298 30 22 är,
153 1298 46 20 tror
211 1297 44 26 jag,
269 1303 24 15 en
310 1297 88 22 allmänt
413 1297 94 22 rådande
522 1298 56 24 åsigt
593 1298 6 20 i
615 1298 46 20 vårt
677 1297 56 24 land,
749 1299 32 19 att
797 1297 136 21 forstinstitu-

107 1327 32 19 tet
158 1325 39 22 och
213 1325 154 22 forstväsendet
383 1327 69 20 såsom
468 1326 77 21 sådant
560 1327 27 26 på
602 1326 54 21 intet
671 1327 30 19 vis
717 1329 119 18 motsvarar
851 1326 30 20 sin
898 1325 35 21 be-

107 1354 128 25 stämmelse,
258 1354 43 21 lika
323 1354 47 21 litet
385 1361 45 15 som
447 1361 48 14 man
511 1355 67 21 under
593 1355 121 20 nuvarande
730 1354 145 21 förhållanden
892 1353 41 21 kan

107 1382 70 21 känna
198 1383 31 26 sig
252 1383 84 21 belåten
353 1383 48 21 med
417 1383 214 25 landtmäteristaten,
648 1384 65 20 sådan
729 1383 39 21 den
785 1382 128 21 framträder
927 1382 6 20 i

108 1411 47 21 vårt
169 1411 56 26 land,
242 1412 108 21 äfvensom
369 1411 229 22 landtbruksväsendet
615 1412 47 20 med
683 1412 47 20 dess
742 1411 121 21 nuvarande
875 1417 59 19 orga-

108 1439 97 22 nisation.
237 1440 68 21 Dessa
320 1442 32 19 tre
368 1440 104 21 brancher
487 1439 27 26 af,
531 1447 33 14 om
578 1441 36 26 jag
630 1441 23 20 så
669 1440 32 21 får
716 1442 56 23 säga,
789 1445 80 16 samma
882 1439 51 26 älig-

107 1468 68 26 gande
198 1469 6 20 i
227 1469 99 21 afseende
346 1469 13 20 &
373 1469 48 21 vårt
436 1469 61 21 lands
512 1469 102 26 vigtigare
631 1469 104 26 näringar,
752 1468 105 26 nämligen
874 1467 60 21 äker-

108 1496 53 21 bruk
185 1497 38 21 och
247 1497 191 27 skogshandtering
460 1500 57 18 samt
539 1497 136 21 landtmäteri
694 1497 65 21 borde
774 1497 47 21 icke
837 1503 50 14 vara
902 1496 32 21 åt-

108 1525 69 21 skilda
199 1528 50 19 utan
272 1526 164 21 sammanförda.
466 1525 34 22 De
522 1525 53 22 höra
596 1525 66 27 enligt
678 1525 41 21 min
735 1525 56 27 åsigt
805 1525 24 21 så
845 1524 89 21 tillsam-

108 1559 67 20 mans,
195 1556 32 19 att
242 1554 127 21 bithörande
385 1554 89 27 tjenster
489 1555 47 20 icke
551 1554 65 21 borde
632 1553 91 22 fördelas
737 1555 28 26 på
781 1553 68 22 skilda
863 1559 72 20 perso-
