1117 1817
224 142 54 21 1624
470 148 162 18 Presteståndet
645 150 54 16 1872.
724 150 12 16 5
747 148 51 21 juni.

194 228 157 20 gemensamma
366 222 27 21 bo
409 223 109 26 tillhöriga
534 226 110 24 egenom*.
675 223 39 21 Om
731 225 114 19 momentet
861 225 88 24 antages
964 222 5 20 i
981 222 36 20 sitt

195 251 121 20 nuvarande
332 251 66 24 skick,
415 254 45 18 tror
474 251 36 27 jag
526 254 32 19 att
570 252 36 21 det
619 252 67 21 skulle
697 252 56 27 gifva
764 251 114 27 anledning
889 251 30 21 till
931 250 86 26 mycken

195 279 50 21 tvist
261 279 38 21 och
316 280 83 26 mycket
411 280 99 27 krångel.

263 336 206 27 Kontraktsprosten
493 337 166 26 Alopaeus:
682 338 70 20 Jemte
775 337 36 21 det
824 337 36 27 jag
876 337 84 20 förenar
976 336 42 27 mig

194 365 47 20 med
258 368 85 23 prosten
360 365 64 26 Iljelt,
441 366 38 21 ber
492 367 36 26 jag
544 369 32 18 att
591 366 21 21 fä
628 366 125 24 äterhemta,
769 366 55 20 hvad
838 366 36 26 jag
886 366 62 21 redan
960 365 5 20 i
977 365 40 20 den

193 393 155 22 förberedande
370 394 147 21 diskussionen
540 395 77 24 anfört,
640 395 20 20 d.
677 401 17 14 v.
709 401 16 14 s.
747 397 32 18 att
799 394 37 27 jag
851 395 46 20 icke
913 394 40 21 kan
969 393 49 22 obe-

194 422 83 26 tingadt
292 424 57 19 rösta
365 423 33 20 för
413 429 25 15 en
454 424 90 25 petition
560 430 34 14 om
610 426 32 18 att
658 424 123 26 giftorätten
797 423 60 21 alltid
874 423 67 21 skulle
953 421 64 22 blifva

194 450 73 26 sådan,
293 454 33 18 att
349 451 40 21 den
411 458 39 15 ena
474 453 77 20 makan
574 452 61 21 alltid
658 452 68 21 skulle
749 452 80 20 erhålla
846 452 79 21 hälften
941 451 22 20 af
977 451 39 20 den

193 485 158 20 gemensamma
366 481 136 25 egendomen,
520 483 21 24 ty
555 481 37 26 jag
607 487 63 14 anser
686 481 44 20 deri
747 481 56 26 ligga
814 487 25 15 en
851 483 44 18 stor
909 480 107 25 orättvisa,

195 508 27 21 dä
245 508 35 21 det
303 509 66 20 finnes
392 509 50 21 flere
466 509 58 22 barn.
556 509 124 21 Orättvisan
697 509 68 22 blefve
781 511 76 23 större,
873 511 38 18 när
927 509 89 20 hustrun

194 537 39 20 dör
255 537 39 21 och
320 544 90 14 mannen
434 538 41 21 blir
497 545 57 20 gvar,
572 539 67 20 under
654 539 40 20 den
710 538 177 27 förutsättningen
904 537 112 26 nämligen,

194 567 32 19 att
249 572 90 15 mannen
362 567 118 26 egentligen
504 569 24 18 är
544 567 48 26 den,
608 573 44 15 som
669 567 76 26 drager
761 567 82 26 försorg
859 573 33 14 om
908 566 39 21 och
964 572 52 20 upp-

193 593 79 22 fostrar
295 595 84 20 barnen.
410 595 40 27 Jag
474 596 67 21 skulle
564 595 67 21 önska
656 603 22 14 se
701 596 69 21 denna
792 596 102 21 orättvisa
909 594 107 27 utjemnad

193 629 75 20 genom
285 623 64 26 något
365 625 116 25 stadgande
498 625 4 20 i
520 625 36 20 det
571 625 54 26 syfte
642 627 38 21 att,
697 625 36 20 der
751 625 36 20 det
809 625 65 20 finnes
893 624 49 20 flere
957 623 58 24 barn,

193 653 62 20 dessa
277 653 68 20 skulle
368 653 80 21 erhålla
472 656 75 18 tvenne
569 653 60 21 delar
650 654 38 20 och
705 653 77 21 makan
799 659 24 14 en
841 652 42 25 del;
899 653 66 20 finnes
981 651 34 21 det

192 680 56 20 blott
263 687 25 14 en
306 681 154 27 bröstarfvinge
477 682 38 20 och
532 688 24 14 en
573 682 152 20 efterlefvande
742 682 67 24 make,
827 682 33 20 må
871 681 36 21 det
919 680 26 21 då
958 680 58 20 delas

190 708 74 26 jemnt.
295 709 30 21 På
351 710 60 20 dessa
438 711 94 25 grunder
554 710 68 21 skulle
648 710 37 27 jag
708 710 78 21 föreslå
801 712 32 18 att
849 710 58 20 detta
923 712 92 18 moment

192 737 68 21 skulle
283 738 89 21 sålunda
395 739 118 25 förändras,
536 741 33 19 att
595 739 44 21 deri
665 739 83 26 inginge
764 745 25 15 en
806 738 87 26 önskan,
909 740 32 18 att
957 738 58 20 Hans

193 766 100 26 Majestät
316 766 47 22 ville
386 767 43 21 låta
452 768 108 26 förelägga
577 768 83 20 landets
676 768 87 20 ständer
778 770 31 18 ett
825 767 78 25 förslag
918 766 32 21 till
966 766 49 20 tids-

192 795 56 26 enlig
271 796 89 26 ändring
376 796 5 20 i
398 802 27 14 nu
441 797 98 25 gällande
563 797 166 26 lagstadganden
747 803 33 14 om
796 796 104 26 giftorätt,
916 797 51 19 utan
983 797 32 18 att

191 824 66 26 något
274 824 70 21 vidare
360 825 72 21 derom
449 826 6 20 i
472 825 115 26 petitionen
604 825 107 21 nämndes.

261 881 110 21 Professor
393 882 173 20 Ehrström:
598 882 40 27 Jag
661 882 38 20 har
715 882 34 20 för
763 882 43 20 min
823 882 32 20 del
872 881 47 21 med
936 881 80 26 verklig

192 910 108 20 beundran
324 912 48 21 sett,
396 910 54 21 huru
474 913 84 23 prosten
583 911 57 26 Hjelt
662 911 48 20 sökt
731 912 75 24 tränga
822 911 21 20 in
859 911 5 19 i
880 910 42 20 alla
937 909 77 27 frågor,

191 944 44 15 som
252 939 102 20 förevarit
370 939 33 21 vid
420 939 68 21 denna
504 940 107 26 landtdag,
629 939 38 21 och
684 940 93 20 tilldelar
792 939 49 21 herr
856 942 85 23 prosten
955 938 59 21 verk-

192 967 55 26 ligen
263 968 118 26 uppriktigt
397 968 41 20 min
454 968 88 26 aktning
558 968 34 20 för
608 968 65 21 detta.
705 968 47 20 Men
762 968 36 26 jag
810 968 66 20 måste
890 967 124 26 beklagligt-

191 996 30 20 vis
243 1002 29 14 nu
295 998 82 24 nämna,
393 999 32 18 att
440 999 87 23 prosten
544 996 58 27 Hjelt
618 999 24 18 är
658 997 87 20 alldeles
762 997 27 25 på
804 996 115 26 villovägar
934 996 6 20 i
956 996 58 25 fråga

191 1030 34 15 om
241 1025 61 20 ordet
318 1041 8 8 ,
331 1025 116 25 giftorätt".
478 1025 40 21 Det
538 1026 110 20 utmärker
662 1025 55 21 blott
733 1026 42 24 det,
791 1031 44 15 som
852 1024 104 21 hvardera
971 1030 44 14 ma-

191 1053 40 21 ken
248 1053 39 21 har
303 1054 6 20 i
322 1054 35 20 det
368 1058 157 22 gemensamma
535 1054 57 26 boet,
603 1054 38 21 och
656 1054 38 20 bör
707 1054 137 26 petitioneras
857 1060 34 14 om
904 1055 31 18 att
947 1053 67 20 denna

190 1082 62 20 andel
278 1082 67 21 måtte
368 1082 64 21 blifva
454 1082 44 21 lika
514 1082 33 21 för
563 1083 105 20 hvardera
683 1083 84 20 maken.
797 1082 42 21 Det
855 1084 23 19 är
893 1082 46 20 icke
955 1081 59 26 fråga

191 1116 33 14 om
250 1116 102 16 mannens
378 1113 42 19 rätt
446 1113 31 19 att
502 1111 86 26 försälja
614 1112 38 20 och
676 1111 99 26 förpanta
791 1111 100 20 hustruns
907 1110 107 25 egendom.

190 1139 78 20 Derom
285 1140 23 23 är
323 1139 46 20 icke
386 1139 35 21 det
437 1140 93 25 ringaste
545 1140 69 25 sagdt,
630 1139 39 21 och
686 1140 39 20 den
741 1139 23 20 af
779 1139 48 20 herr
843 1141 86 24 prosten
939 1138 75 27 gjorda

190 1167 166 26 anmärkningen
373 1170 24 18 är
412 1168 83 21 derföre
511 1169 45 20 icke
573 1169 96 25 befogad.

259 1196 49 21 Med
324 1196 98 21 afseende
439 1197 12 20 å
468 1197 199 26 kontraktsprosten
684 1197 114 26 Alopaeus'
815 1195 144 26 anmärkning,
973 1194 41 22 till-

190 1224 54 21 låter
257 1225 37 26 jag
310 1225 42 26 mig
367 1227 78 19 nämna
460 1228 39 22 att,
515 1227 39 19 när
570 1226 62 20 dessa
647 1225 114 27 petitioner
777 1225 53 20 först
846 1224 97 26 utgjorde
959 1224 55 20 före-

190 1253 41 20 mål
247 1253 35 21 för
297 1253 159 27 öfverläggning
472 1255 6 20 i
494 1254 146 26 lagutskottet,
654 1254 36 26 jag
705 1253 33 22 för
755 1254 42 20 min
813 1253 33 20 del
863 1252 94 21 uttalade
974 1253 39 20 den

189 1281 60 26 åsigt,
265 1284 32 19 att
313 1283 25 20 de
349 1283 204 23 missförhållanden,
562 1289 46 14 som
617 1283 112 26 möjligtvis
739 1283 39 20 här
787 1282 39 21 och
835 1282 37 20 der
881 1281 71 21 kunde
960 1287 53 20 upp-

188 1310 40 24 stå,
244 1310 66 21 borde
326 1311 27 26 på
369 1317 80 15 samma
464 1311 55 26 gång
534 1311 142 21 förekommas
692 1311 121 26 derigenom
829 1312 32 19 att
876 1309 62 22 äfven
950 1312 64 18 testa-

189 1339 162 21 mentsfriheten
367 1339 67 21 skulle
450 1340 6 21 i
472 1340 69 26 någon
557 1346 48 15 mon
622 1340 102 26 utvidgas.
756 1339 125 21 Sedermera
897 1340 38 19 när
953 1340 61 19 ären-

189 1367 36 21 det
240 1367 100 27 slutligen
356 1368 116 27 föredrogs,
488 1375 38 14 var
538 1369 38 26 jag
591 1369 123 20 förhindrad
730 1370 33 19 att
778 1367 163 22 tillstädesvara.
973 1367 40 26 Jag

187 1395 40 21 har
249 1396 84 21 således
353 1396 47 21 icke
422 1397 124 21 medverkat
562 1397 31 20 till
610 1397 58 21 detta
684 1397 110 21 utlåtande
810 1396 39 21 och
865 1396 68 21 skulle
948 1402 66 20 gerna

188 1424 65 21 hafva
268 1427 48 25 sett,
331 1428 33 18 att
379 1425 65 26 något
460 1426 6 20 i
482 1426 58 20 detta
556 1425 54 27 syfte
626 1426 69 21 skulle
711 1425 64 21 hafva
790 1425 89 20 kommit
895 1425 38 20 till.
965 1424 48 21 Men

185 1453 37 26 jag
245 1460 64 15 anser
330 1454 117 26 petitionen
471 1454 60 21 äfven
554 1455 6 20 i
582 1455 48 20 dess
652 1454 122 21 nuvarande
797 1453 58 22 skick
872 1453 71 21 kunna
958 1453 54 26 afgå,

188 1482 89 21 emedan
300 1483 123 26 regeringen
447 1483 46 20 icke
516 1483 60 20 torde
600 1483 112 20 underlåta
727 1485 33 18 att
776 1484 50 24 taga
842 1481 65 22 saken
922 1481 7 21 i
945 1481 68 21 öfver-

187 1511 95 25 vägande
299 1511 39 21 och
355 1511 93 26 tillägga,
465 1511 54 22 hvad
535 1511 99 26 tilläggas
651 1511 44 21 bör.
