1117 1817
331 153 161 17 Presteståndet
505 154 55 16 1872.
580 154 12 16 5
604 154 50 20 juni.
843 148 54 21 1625

167 233 91 21 Prosten
274 233 91 27 Hjelt:
396 233 40 27 Jag
452 233 68 21 skulle
536 233 54 21 först
605 233 50 26 vilja
670 233 110 26 anmärka,
796 235 33 19 att
843 233 84 21 utskot-

100 263 33 20 tet
157 262 47 26 gått
230 261 72 26 längre
318 263 26 19 än
363 262 172 26 petitionärerne.
566 261 68 22 Desse
652 261 62 21 hafva
729 262 47 21 icke
792 262 75 26 begärt
883 262 42 24 det,

100 296 45 15 som
161 290 106 21 utskottet
284 290 115 27 föreslagit.
430 290 42 21 För
488 291 36 20 det
539 291 67 20 andra
622 290 70 21 skulle
704 291 38 26 jag
753 290 50 27 vilja
813 289 114 22 hemställa

99 319 34 20 till
149 319 108 26 professor
273 319 118 26 Ehrström,
407 325 33 15 om
456 319 46 20 icke
519 319 59 21 detta
593 319 108 26 verkligen
713 319 99 26 utvidgar
825 325 101 14 mannens

100 347 157 27 målsmanskap
280 347 33 21 för
335 347 95 25 hustrun,
448 354 32 14 om
496 348 46 21 icke
559 354 91 14 mannen
665 347 32 22 får
713 354 26 15 en
755 349 70 20 större
841 349 44 19 rätt
899 349 28 19 än

99 375 42 22 han
157 376 58 21 förut
231 376 45 21 haft
291 375 59 22 öfver
365 376 31 21 sin
412 376 86 21 hustrus
514 376 86 27 arfjord.

168 432 111 21 Professor
301 433 174 21 Ehrström:
499 433 71 27 Derpå
593 433 97 21 anhåller
709 433 37 26 jag
769 435 32 18 att
824 432 20 21 få
864 439 63 14 svara

99 462 39 24 att,
161 461 24 20 så
207 461 61 26 länge
292 462 22 20 11
340 461 49 27 kap.
413 461 23 21 G.
460 462 24 20 B.
507 463 24 19 är
554 461 144 26 oförändradt,
722 462 78 21 sådant
821 461 47 21 icke
883 461 43 21 kan

98 496 40 20 ega
154 496 53 15 rum.

169 547 30 21 På
222 548 72 20 derom
317 547 61 27 gjord
400 547 162 27 framställning,
586 547 44 21 blef
651 547 146 21 betänkandet
816 547 110 25 godkändt

100 575 47 21 med
164 576 155 26 öfvervägande
335 576 115 26 pluralitet,
470 576 87 21 hvarom
574 576 140 21 medstånden
730 575 39 22 och
785 576 142 26 lagutskottet

100 604 65 21 borde
182 605 5 20 i
204 605 197 26 protokollsutdrag
414 605 142 20 underrättas.

169 736 119 25 Föredrogs
304 736 150 26 lagutskottets
470 736 117 26 bordlagda
605 735 134 22 betänkande
755 736 5 20 i
776 735 113 27 anledning
905 734 22 22 af

98 766 33 19 ett
155 764 31 21 till
208 764 130 21 hedervärda
363 764 155 21 bondeståndet
540 764 86 26 ingifvet
649 764 216 26 petitionsmemorial,
889 770 36 15 an-

98 792 82 27 gående
195 793 88 26 ändring
298 793 23 21 af
334 793 72 26 lagens
421 793 131 26 stadganden
568 799 34 15 om
618 793 84 26 iagfart.

166 849 146 21 Betänkandet
335 849 121 26 godkändes
478 849 102 27 enhälligt
602 851 50 19 utan
678 849 130 24 diskussion;
836 849 87 21 hvarom

100 878 138 21 medstånden
259 878 38 21 och
313 878 139 26 lagutskottet
469 878 66 21 borde
550 878 6 20 i
572 878 195 26 protokollsutdrag
782 877 141 21 underrättas.

167 1009 120 27 Föredrogs
303 1010 149 26 lagutskottets
468 1009 117 27 bordlagda
604 1009 133 21 betänkande
753 1009 6 21 i
775 1008 113 26 anledning
903 1008 22 22 af

98 1039 32 19 ett
152 1038 56 20 inom
231 1038 175 26 borgareståndet
428 1038 63 21 väckt
512 1041 60 22 samt,
597 1038 53 21 efter
672 1038 67 21 skedd
757 1038 130 26 inbjudning,
904 1037 21 21 af

98 1066 147 27 ridderskapet
268 1066 39 22 och
329 1066 62 22 adeln
414 1067 109 26 godkändt
541 1066 186 27 petitionsförslag,
744 1066 109 26 angående
869 1072 54 20 upp-

98 1094 103 21 häfvande
224 1096 22 20 af
267 1096 38 20 den
324 1095 108 21 adelsman
448 1095 160 21 tillkommande
625 1096 181 26 utpantningsrätt
821 1094 38 21 hos
875 1094 48 22 dess

96 1122 151 22 frälsebönder.

165 1179 90 22 Ståndet
280 1180 111 27 godkände
415 1180 145 21 betänkandet
585 1181 102 26 enhälligt
713 1182 50 19 utan
791 1179 130 25 diskussion;

96 1208 80 21 hvilket
204 1209 65 21 borde
296 1209 136 21 medstånden
461 1209 39 21 och
528 1209 140 26 lagutskottet
694 1209 6 20 i
728 1208 195 27 protokollsutdrag

96 1237 114 21 meddelas.

164 1357 119 27 Föredrogs
305 1357 173 22 bankutskottets
497 1357 117 25 bordlagda
630 1357 140 26 betänkande,
786 1357 5 20 i
809 1356 114 27 anledning

96 1385 21 22 af
131 1385 200 28 bankfullmäktiges
347 1386 77 27 förslag
439 1386 32 21 till
487 1386 131 27 uppförande
634 1386 22 21 af
670 1388 31 19 ett
717 1389 46 24 nytt
779 1385 102 22 bankhus.

164 1454 90 22 Ståndet
281 1455 111 26 godkände
418 1454 145 21 betänkandet
589 1453 102 27 enhälligt
715 1456 50 19 utan
791 1453 131 26 diskussion;

95 1483 87 21 hvarom
205 1483 154 21 underrättelse
380 1483 66 21 borde
468 1483 7 20 i
495 1482 196 28 protokollsutdrag
706 1482 47 27 afgå
769 1482 32 21 till
817 1481 105 22 medstån-

95 1511 40 21 den
151 1511 40 21 och
207 1511 166 22 bankutskottet.
