1117 1817
347 127 161 17 Presteståndet
521 128 54 16 1872.
593 129 13 15 4
618 128 50 20 juni.

844 123 54 21 1577

321 275 118 27 Samma
458 275 56 33 dag
531 275 43 27 kl.
592 275 16 28 5
626 282 25 21 e.
670 283 38 20 m.

172 350 119 21 Fortsattes
324 350 39 21 den
396 350 34 21 vid
461 349 157 28 förmiddagens
643 351 159 20 sammanträde
827 350 100 21 afbrutna

99 379 147 20 diskussionen
263 385 34 14 om
313 378 106 21 allmänna
434 379 204 21 besvärsutskottets
651 379 135 21 betänkande
796 379 7 21 i
815 379 113 26 anledning

101 407 23 21 af
147 408 56 20 inom
228 407 146 26 ridderskapet
392 407 39 21 och
447 407 61 21 adeln
524 410 56 19 samt
596 410 79 23 preste-
690 407 40 22 och
746 407 182 26 borgarestånden

99 436 127 21 framstälda
241 436 179 26 petitionsförslag
436 436 91 21 rörande
542 436 45 21 dels
603 436 129 27 utvidgande
745 436 23 21 af
777 436 69 21 finska
856 439 72 18 veten-

99 465 93 21 societen
209 465 37 20 och
262 465 121 20 inrättande
399 465 23 21 af
440 471 26 14 en
482 465 225 26 vetenskapsakademi
723 465 33 21 för
770 465 97 25 Finland,
883 464 46 22 dels

100 493 75 27 anslag
189 499 26 15 ur
230 493 106 21 allmänna
352 493 68 21 medel
436 493 33 21 för
484 493 104 21 särskilda
604 493 160 27 vetenskapliga
779 493 105 22 ändamål.

170 549 67 22 Ordet
252 550 96 21 tillsades
363 550 54 21 först

173 607 106 26 professor
300 607 169 24 Ehrström,
490 614 44 15 som
558 608 96 27 yttrade:
686 608 75 21 Såsom
781 609 148 25 representant

99 636 35 21 för
149 642 25 15 en
191 637 121 26 vetenskap,
329 643 44 14 som
390 638 34 19 rör
440 637 32 25 sig
487 637 57 20 inom
560 637 79 20 andens
654 637 65 26 gebit,
737 637 80 20 känner
831 637 36 26 jag
881 636 47 21 icke

103 664 68 26 någon
194 665 106 26 synnerlig
319 666 84 24 maning
419 667 31 18 att
466 665 52 26 hysa
534 667 45 19 stor
594 666 90 26 sympati
700 665 33 20 för
749 671 25 15 en
791 665 136 26 vetenskaps-

102 693 94 26 societet,
219 699 44 15 som
286 693 67 21 håller
374 694 31 26 sig
428 694 22 20 så
475 694 130 20 fremmande
626 694 33 20 för
675 694 60 20 detta
750 693 65 27 gebit,
839 696 32 18 att
887 693 40 21 den

102 721 46 21 icke
163 728 37 14 ens
216 721 38 21 har
270 728 25 14 en
311 722 56 26 plats
382 722 34 21 för
431 722 179 26 vetenskapernas
626 722 121 26 vetenskap,
764 721 96 26 filosofin,
871 723 57 19 ännu

102 750 81 21 mindre
205 750 34 21 för
261 750 26 21 de
311 750 79 21 sociala
408 750 173 27 vetenskaperna.
614 751 47 21 Men
678 751 59 21 detta
752 750 89 21 oaktadt
855 752 24 19 är
892 750 37 26 jag

102 778 123 26 tillräckligt
240 780 45 19 stor
300 781 40 19 vän
356 779 23 21 af
392 779 142 26 vetenskapen
550 780 6 20 i
573 779 116 21 allmänhet
703 779 33 21 för
745 781 33 19 att
788 785 57 15 unna
854 781 73 19 veten-

100 806 158 27 skapssocieten
274 808 38 20 allt
327 808 52 26 godt
394 808 39 21 och
449 814 62 15 anser
526 808 42 26 mig
584 807 32 22 för
632 808 39 21 den
687 808 55 20 skull
759 808 52 20 böra
822 807 107 27 tillstyrka

100 836 121 26 antagande
242 836 23 20 af
285 836 150 24 betänkandet,
461 836 22 21 så
507 836 45 21 vidt
572 837 36 20 det
631 838 35 19 rör
682 836 88 27 petition
787 842 33 15 om
837 836 91 26 aflöning

101 864 33 20 för
149 870 26 15 en
190 864 35 21 vid
240 864 242 27 vetenskapssocieteten
493 865 84 21 anstäld
594 865 130 26 meteorolog
739 864 39 22 och
793 864 82 28 geolog,
889 864 39 21 lik-
951 874 4 4 -

100 898 46 15 som
163 893 64 21 också
241 893 6 21 i
263 892 60 28 fråga
339 900 32 14 om
388 895 32 19 att
435 894 159 21 universitetets
610 894 131 26 magnetiska
759 893 168 21 observatorium

101 920 66 22 måtte
189 922 74 20 ställas
278 922 67 20 under
361 922 254 27 vetenskapssocietetens
631 922 105 21 inseende.
767 922 49 21 Men
833 922 96 21 deremot

101 950 68 21 måste
183 950 36 26 jag
235 950 89 27 beklaga
340 953 32 19 att
388 957 25 14 en
429 951 94 21 ledamot
538 951 24 21 af
576 951 69 21 denna
660 951 219 26 vetenskapssocietet
889 949 40 21 här

101 978 39 21 har
155 978 106 27 begagnat
275 980 32 25 sig
322 979 23 21 af
359 979 93 21 tillfället
468 982 32 18 att
515 980 67 20 väcka
597 979 64 21 täflan
677 979 47 21 med
738 981 30 19 ett
781 982 65 18 annat
856 980 73 20 veten-

101 1006 92 28 skapligt
217 1007 98 21 samfund
337 1008 57 20 inom
417 1008 47 21 vårt
487 1008 50 21 land
561 1008 121 26 derigenom
703 1009 32 19 att
757 1008 48 24 han,
821 1008 65 20 sedan
902 1013 26 15 en

100 1036 93 20 ledamot
213 1036 23 20 af
257 1036 59 21 detta
331 1036 66 21 andra
413 1036 104 26 samfund,
534 1043 44 15 som
595 1037 67 21 tillika
686 1038 23 19 är
725 1036 92 21 ledamot
832 1036 7 21 i
853 1038 72 18 veten-

99 1064 188 26 skapssocieteten,
303 1067 44 19 satt
363 1066 5 20 i
387 1065 59 27 fråga
461 1068 33 18 att
509 1072 26 14 en
546 1066 54 20 skild
611 1066 98 20 akademi
720 1064 33 22 för
767 1064 55 22 finsk
838 1064 87 21 historie

100 1092 39 22 och
162 1093 108 26 arkeologi
295 1094 67 20 skulle
383 1094 90 20 inrättas
496 1094 40 21 och
554 1094 61 20 äfven
631 1094 68 21 skulle
715 1093 21 21 få
751 1094 30 26 sig
797 1093 78 21 vården
891 1098 34 15 om

100 1121 83 21 landets
206 1122 133 20 fornminnen
363 1122 132 25 anförtrodd,
519 1122 69 21 funnit
604 1123 32 26 sig
651 1122 77 21 manad
744 1125 32 18 att
791 1122 52 21 söka
861 1121 65 27 rycka

99 1149 60 22 detta
175 1149 121 27 Eris-äpple
311 1150 22 21 åt
350 1151 249 26 vetenskapssocieteten.
614 1151 41 26 Jag
670 1150 68 21 finner
753 1151 36 20 det
801 1150 62 21 likväl
875 1155 52 15 vara

100 1178 95 26 omöjligt
211 1178 32 21 för
259 1179 132 21 närvarande
406 1179 32 21 för
454 1179 243 26 vetenskapssocieteten
714 1181 31 19 att
761 1179 72 21 kunna
845 1178 82 21 erhålla

99 1207 125 20 detsamma.
255 1207 41 21 Det
312 1208 41 20 kan
369 1208 47 21 icke
431 1214 28 15 nu
475 1208 65 21 blifva
556 1207 60 27 fråga
631 1214 33 15 om
680 1210 38 23 att,
735 1208 70 20 såsom
821 1207 106 21 utskottet

101 1235 38 21 har
154 1235 116 26 föreslagit,
286 1236 117 26 petitionen
424 1243 33 14 om
479 1238 32 19 att
527 1237 57 24 ,alla
599 1237 25 20 de
640 1236 133 27 åligganden,
789 1242 44 15 som
849 1241 76 21 genom

99 1264 41 21 den
164 1264 77 27 nådiga
263 1265 160 26 propositionen
440 1265 109 26 angående
572 1265 93 21 forntida
687 1265 181 20 minnesmärkens
884 1263 43 22 fer-

100 1293 69 20 dande
185 1293 39 20 och
240 1292 119 22 bevarande
375 1293 109 21 åhvälfvas
500 1293 147 22 consistorium
660 1293 34 21 vid
705 1293 119 27 Kejserliga
835 1292 92 21 Alexan-

100 1321 48 21 ders
178 1322 153 21 universitetet,
352 1321 67 22 blefve
442 1322 149 27 öfverflyttade
613 1323 27 26 på
663 1322 264 27 vetenskapssocieteten*,

100 1352 23 24 ty
139 1350 64 21 sedan
227 1350 156 26 presteståndet
398 1351 82 26 engång
495 1351 40 20 har
551 1352 63 19 fattat
630 1351 36 20 det
681 1351 70 20 beslut
766 1353 32 18 att
813 1349 114 28 godkänna

99 1378 41 21 den
156 1378 112 27 kejserliga
283 1379 159 26 propositionen
458 1379 109 26 angående
583 1379 120 26 antagande
718 1379 23 21 af
757 1385 25 14 en
801 1378 126 26 författning

98 1413 36 14 om
150 1407 93 20 forntida
258 1407 181 22 minnesmärkens
455 1407 100 22 fredande
572 1407 38 22 och
627 1407 119 21 bevarande
761 1410 55 18 samt
825 1407 102 20 särskildt

99 1435 8 20 i
130 1435 25 21 de
177 1435 129 27 paragrafer,
331 1442 44 15 som
399 1436 75 26 ålägga
497 1436 148 21 consistorium
662 1436 144 21 academicum
822 1435 60 21 detta
897 1435 30 20 in-

100 1464 82 25 seende,
208 1464 71 21 kunde
301 1464 36 21 det
359 1464 33 21 väl
408 1465 46 20 icke
470 1464 64 21 blifva
549 1465 60 26 fråga
624 1471 34 14 om
674 1467 32 18 att
722 1465 127 26 petitionera
861 1463 7 21 i
879 1463 48 21 rakt

100 1495 88 18 motsatt
211 1492 98 27 riktning.
339 1493 113 21 Dessutom
475 1493 103 21 förhåller
600 1493 36 20 det
661 1493 37 26 sig,
725 1493 68 21 såsom
820 1492 107 27 professor

99 1519 104 23 Forsman
219 1521 64 20 redan
299 1521 88 21 alldeles
403 1521 73 27 riktigt
490 1521 106 24 anmärkt,
612 1521 29 27 så,
656 1524 32 18 att
704 1521 35 21 det
755 1521 115 27 ingalunda
885 1520 42 21 kan
