1117 1817
331 140 161 18 Presteståndet
506 141 56 16 1872.
585 141 27 17 24
625 140 47 22 maj.
837 135 56 21 1243

95 221 54 20 melt
169 221 120 21 hänseende
311 221 48 20 litet
381 220 108 21 företräde
506 220 89 21 framför
610 220 125 22 utskottets.
766 221 54 20 Dess
836 220 12 27 &
864 221 61 26 lyder

97 250 105 24 wMedlem
225 249 23 21 af
269 249 161 21 stadskommun
446 251 24 18 är
486 249 86 26 enhvar,
587 255 46 15 som
650 249 6 20 i
672 249 75 21 staden
763 249 40 21 har
817 249 106 27 burskap;

96 283 47 16 som
158 278 62 21 idkar
235 277 84 27 handel,
335 277 162 22 fabriksrörelse
508 277 52 22 eller
573 284 70 15 annan
654 277 113 22 beskattad
779 278 76 25 näring
867 278 57 21 inom

96 307 75 20 staden
187 307 53 20 eller
255 307 48 20 dess
319 306 97 26 område;
432 312 45 15 som
494 307 38 20 der
547 312 50 20 eger
612 306 46 26 hus,
674 307 55 20 tomt
742 306 53 21 eller
802 306 59 27 jord;
872 305 53 22 eller

97 340 45 16 som
166 335 91 26 lagligen
280 335 39 20 har
338 335 38 20 sitt
391 335 27 20 bo
434 335 40 21 och
490 335 90 21 hemvist
595 335 7 20 i
618 335 97 20 staden".
745 335 44 21 När
805 341 48 14 man
869 335 56 21 läser

96 364 67 21 orden
186 363 39 22 här
247 363 6 21 i
276 363 40 22 den
339 363 90 26 ordning
452 369 45 16 som
520 363 26 21 de
568 363 140 25 förekomma,
727 363 24 21 så
766 366 47 18 tror
828 369 48 15 man
893 366 32 18 att

97 392 63 21 dessa
175 393 37 20 äro
228 392 157 27 bestämningar
401 392 51 21 eller
468 392 105 21 särskilda
588 392 165 26 korporationer
769 391 23 22 af
806 392 119 21 stadsboar.

97 420 50 21 Men
169 420 24 21 så
215 422 24 19 är
255 421 19 26 ej
290 421 66 21 fallet.
385 421 66 26 Ingen
468 421 55 21 enda
538 420 23 21 af
576 421 63 20 dessa
654 421 166 26 korporationer
835 420 38 21 hör
889 427 36 14 en-

98 449 39 27 ligt
158 449 43 21 min
221 449 64 21 tanke
301 449 32 21 till
349 447 26 23 de
391 449 105 27 egentliga
512 449 224 22 stadsinnevånarena.
767 449 32 22 De
814 451 37 19 äro
867 449 59 21 inbe-

97 478 76 27 gripna
193 477 54 22 först
262 479 67 20 under
345 478 25 21 de
386 478 66 21 orden
468 478 56 24 ,alla
540 484 46 15 som
601 477 93 27 lagligen
710 478 63 21 hafva
789 478 38 21 sitt
842 478 27 21 bo
885 477 40 22 och

100 506 90 21 hemvist
204 506 7 21 i
226 506 93 21 staden".
349 507 32 20 De
397 508 37 19 äro
450 507 42 20 alla
509 509 57 18 utom
583 507 135 20 kommunen.
749 507 48 20 Men
814 507 5 20 i
835 507 90 20 allmän-

99 535 37 21 het
159 535 79 21 brukar
260 541 47 15 man
331 535 61 21 alltid
416 535 97 27 begynna
535 535 48 21 med
604 535 37 21 det
656 537 55 19 mest
725 535 113 24 allmänna,
855 535 72 21 derför

99 563 40 22 har
159 563 36 27 jag
217 563 109 27 föreslagit
349 564 101 27 ,medlem
473 564 23 21 af
516 564 162 21 stadskommun
699 566 24 19 är
739 564 86 24 enhvar,
841 570 44 15 som
901 565 25 20 är

99 593 53 20 eller
168 592 90 27 lagligen
273 593 40 20 bör
328 599 52 14 vara
395 593 37 20 der
448 593 203 26 mantalsskrifven*,
667 593 40 21 och
722 593 66 20 sedan
804 593 85 20 komma
900 593 26 20 de

98 627 109 21 personer,
228 627 45 15 som
289 621 18 27 ej
323 623 38 19 äro
377 621 84 21 bosatte
481 621 1 21 i
498 621 136 25 kommunen,
650 628 47 14 men
714 621 71 21 hvilka
801 621 66 26 enligt
881 621 45 26 gäl-

101 649 62 22 lande
179 649 127 28 författning
321 650 52 21 böra
389 650 78 21 räknas
478 650 32 21 till
522 650 136 25 kommunen,
669 650 105 26 nemligen
786 650 61 21 äfven
859 666 10 9 ,,
873 650 54 21 hvar

100 678 40 21 och
163 684 25 15 en
209 679 85 20 hvilken
311 680 50 19 utan
377 680 33 19 att
424 684 52 15 vara
494 679 3 20 i
513 679 128 20 kommunen
657 678 192 25 mantalsskrifven,
865 679 62 20 idkar

100 706 84 26 handel,
207 706 170 24 fabriksrörelse,
400 707 118 21 handtverk
541 707 52 21 eller
614 714 70 14 annan
709 707 116 21 beskattad
850 707 76 26 näring

100 735 58 21 inom
174 736 75 20 staden
265 736 52 20 eller
332 736 48 20 dess
396 735 93 26 område,
505 736 52 21 eller
573 736 109 21 derstädes
694 742 50 20 eger
755 735 39 21 hus
805 735 39 21 och
855 736 72 20 tomt".

101 764 49 21 Men
173 764 36 22 det
231 764 61 21 torde
313 770 62 15 anses
397 770 59 15 mera
470 764 71 21 såsom
557 770 26 15 en
598 764 123 26 smakfråga
736 766 27 19 än
779 770 26 15 en
820 764 107 26 sakfråga;

99 792 38 27 jag
160 792 38 22 har
220 793 65 21 också
307 793 19 26 ej
349 792 34 22 för
405 793 39 21 den
463 793 57 21 skull
535 793 110 32 föreslagit
660 799 25 15 en
701 793 156 33 omredigering
872 792 23 21 af
909 792 18 33 8,

102 823 52 19 utan
177 822 36 21 det
236 822 38 21 har
297 822 56 20 skett
376 822 45 20 helt
439 822 39 20 och
494 822 68 20 hållet
576 822 6 20 i
598 822 37 24 det
650 822 55 26 syfte
721 828 45 14 som
782 823 123 19 omnämnes
921 821 6 21 i

101 850 13 27 8
138 850 25 20 37
186 850 7 21 i
216 850 40 21 den
275 850 132 26 motivering,
423 856 45 15 som
484 850 86 27 föregår
586 850 206 26 omformuleringen,
809 850 39 21 och
864 850 64 20 hvars

102 879 127 26 uppläsning
241 879 37 27 jag
293 885 62 15 anser
370 879 39 21 här
424 878 112 27 obehöflig,
552 879 89 21 emedan
657 879 40 21 den
713 880 24 20 är
746 867 61 33 känd
821 878 23 22 af
853 878 76 21 betän-

102 906 86 22 kandet.
211 908 75 20 Ehuru
301 908 36 20 det
351 914 30 14 nu
397 909 23 19 är
436 908 106 26 orättvist,
558 908 23 20 så
596 908 39 20 har
650 908 106 20 utskottet
771 907 64 21 likväl
847 907 18 27 ej
876 907 53 21 kun-

102 937 39 19 nat
161 936 108 27 tillstyrka
284 936 68 26 någon
368 936 88 21 rättelse
471 936 7 21 i
494 936 59 21 detta
568 936 190 26 missförhållande,
775 936 39 21 och
831 936 36 20 det
881 934 48 22 huf-

102 964 140 27 vudsakligen
257 964 24 22 af
294 964 36 22 två
345 964 46 22 skäl
407 964 72 22 hvilka
494 965 122 26 uppräknas
632 964 7 21 i
654 970 47 21 pag.
720 965 24 21 13
756 965 120 25 ,utskottet
888 964 40 20 har

102 992 66 22 likväl
183 993 46 21 icke
244 993 6 21 i
266 994 54 20 strid
335 995 48 19 med
398 993 113 27 förslagets
527 994 48 20 hela
590 993 54 27 syfte
660 995 71 19 ansett
746 994 31 26 sig
788 994 72 20 kunna
872 992 56 21 före-

103 1021 33 21 slå
158 1022 65 26 något
245 1022 237 27 undantagsstadgande
498 1022 33 21 för
546 1022 60 21 detta
621 1022 90 21 enstaka
726 1022 139 25 förhållande,
881 1027 46 15 som

103 1050 124 22 tillkommit
249 1051 34 21 för
305 1053 32 19 att
358 1050 83 27 skydda
456 1051 112 21 städernas
583 1050 161 27 näringsidkare
761 1052 44 19 mot
820 1056 25 15 en
862 1050 70 26 ojemn

103 1078 135 22 konkurrens
259 1079 40 21 och
321 1086 45 14 som
387 1079 90 26 derföre,
493 1080 6 20 i
514 1079 38 21 fall
568 1080 88 20 rättelse
672 1080 56 20 visar
743 1079 32 26 sig
790 1079 65 25 nödig
870 1078 62 22 äfven

105 1106 40 22 bör
166 1108 95 27 undergå
281 1108 112 27 jemkning
414 1114 76 20 genom
513 1108 90 26 ändring
618 1108 23 21 af
654 1108 26 21 de
697 1108 174 26 lagstadganden,
887 1113 46 15 som

104 1135 78 27 skapat
197 1136 136 22 detsamma".
355 1137 43 20 Det
413 1136 39 21 har
468 1136 90 21 sålunda
573 1137 57 20 velat
640 1136 134 27 undanrödja
785 1138 77 19 tvenne
872 1137 61 19 stora

105 1164 200 22 missförhållanden
327 1171 76 21 genom
427 1165 161 21 bibehållandet
610 1164 24 21 af
654 1165 108 26 förslaget,
777 1164 105 27 nemligen
899 1163 34 22 för

103 1194 35 19 att
152 1193 83 27 skydda
249 1194 112 21 städernas
375 1194 163 27 näringsidkare
552 1195 46 20 mot
613 1200 26 15 en
655 1193 70 27 ojemn
740 1193 139 26 konkurrens,
893 1192 39 21 och

105 1223 34 19 för
154 1222 35 21 det
205 1223 68 20 andra
289 1223 88 21 emedan
393 1223 88 20 rättelse
497 1223 73 20 derom
586 1222 40 21 bör
642 1223 63 20 sökas
720 1228 75 21 genom
811 1222 90 26 ändring
911 1221 24 21 af

105 1250 27 21 de
148 1250 122 28 lagstadgar
285 1257 45 15 som
346 1251 78 27 skapat
438 1251 125 22 detsamma.
593 1251 42 26 Jag
649 1251 38 21 vill
702 1251 53 21 först
770 1253 59 24 yttra
843 1249 44 27 mig
897 1255 35 15 om

104 1278 38 22 det
157 1285 75 16 senare
247 1279 66 22 fallet.
343 1279 111 22 Utskottet
470 1279 39 22 har
524 1279 19 27 ej
559 1280 81 21 kunnat
655 1279 88 22 förorda
757 1279 70 27 någon
842 1278 91 27 ändring

105 1307 7 21 i
130 1313 25 16 en
171 1308 99 27 gällande
285 1308 127 27 författning
427 1308 52 21 eller
494 1308 7 21 i
514 1315 26 14 en
555 1308 134 26 författning,
704 1314 45 15 som
765 1309 24 20 är
804 1309 92 24 antagen
911 1306 24 21 af

104 1337 118 21 ständerna
237 1337 40 22 och
293 1337 118 22 stadfästad
427 1337 23 21 af
464 1337 60 21 Hans
540 1337 107 26 Majestät.
673 1337 31 21 De
720 1336 165 26 bestämningar,
897 1341 35 15 om

105 1363 74 23 hvilka
200 1371 29 16 nu
252 1367 25 20 är
298 1366 66 27 fråga,
386 1365 116 22 förefinnas
523 1366 8 21 i
552 1365 79 32 nådiga
646 1365 150 26 förordningen
811 1364 24 22 af
848 1364 41 21 den
904 1364 29 21 24

106 1392 95 23 februari
225 1394 54 21 1868
301 1401 34 14 om
351 1394 77 21 handel
444 1394 39 21 och
500 1394 102 27 näringar
616 1394 7 21 i
638 1393 97 22 Finland.
766 1393 112 22 Utskottet
893 1393 40 20 har

105 1421 21 27 ej
149 1423 57 20 velat
227 1423 50 26 ingå
299 1423 27 26 på
346 1425 32 19 att
393 1423 66 26 något
474 1423 6 20 i
496 1423 37 21 det
548 1423 111 20 afseendet
674 1422 117 24 förändras,
807 1421 77 22 medan
899 1423 34 18 ut-

104 1451 84 31 skottet
211 1451 65 22 likväl
299 1451 58 27 sjelft
378 1454 45 19 mot
438 1457 82 15 samma
539 1451 127 27 författning
681 1451 128 21 bestämmer
824 1450 47 25 och,
887 1455 46 16 som

103 1478 38 27 jag
155 1481 52 25 tror,
223 1482 45 19 mot
281 1480 48 21 dess
344 1480 106 27 egentliga
465 1480 65 27 afsigt
545 1480 51 21 ökat
612 1479 48 22 dess
676 1479 139 22 skattebörda
831 1485 33 14 om
881 1478 52 21 hvil-

106 1507 38 21 ket
159 1507 40 22 här
213 1510 25 19 är
253 1509 65 26 fråga.
341 1509 30 26 Ty
387 1515 34 14 om
436 1515 26 14 en
478 1509 35 20 del
528 1509 70 20 såsom
614 1508 169 27 burskapsegare
799 1507 64 21 hafva
878 1506 55 21 varit

105 1535 99 28 skyldiga
225 1538 34 20 att
281 1537 86 27 deltaga
381 1537 6 21 i
403 1537 29 21 all
447 1537 107 26 borgerlig
569 1539 72 24 tunga,
657 1537 25 20 så
696 1535 63 22 hafva
774 1536 25 21 de
815 1535 66 22 likväl
896 1541 36 15 an-
