1117 1817
340 125 160 18 Presteståndet
514 126 54 17 1872.
592 126 27 17 24
631 126 49 20 maj.
840 120 53 20 1279

96 206 39 21 har
149 206 22 21 af
185 206 105 21 utskottet
305 206 5 20 i
327 206 47 20 dess
389 206 126 25 motivering
530 206 77 26 pagina
622 206 28 20 24
661 205 123 26 tillräckligt
797 205 126 25 vederlagts.

97 234 43 22 Der
155 237 60 24 säges
231 234 116 26 nämligen:
365 233 121 25 ,Utskottet
501 240 62 15 anser
578 234 55 21 dock
648 233 67 22 denna
732 233 99 27 pröfning
842 233 17 26 ej
872 233 51 21 böra

97 262 140 23 öfverlämnas
251 263 23 21 åt
289 262 176 26 rådhusstämma,
482 262 87 21 emedan
585 263 59 21 detta
659 261 68 22 skulle
742 262 56 26 gifva
811 261 112 26 anledning

98 291 32 22 till
153 291 90 26 onödiga
265 291 114 26 omgångar
403 291 38 21 och
464 290 136 27 svårigheter,
624 293 52 19 enär
699 291 23 21 så
737 290 33 22 väl
787 291 25 20 de
828 290 95 27 väljande

97 326 46 15 som
169 321 25 20 de
219 319 61 22 valda
305 320 6 20 i
338 319 25 21 de
385 319 61 22 flesta
461 319 35 21 fall
512 319 108 22 sannolikt
635 319 62 21 hafva
713 319 102 26 aflägsnat
831 319 32 26 sig
878 318 45 22 från

98 351 111 23 stämman,
234 348 63 21 innan
325 350 96 19 rösterne
446 347 75 22 hunnit
545 348 180 26 sammanräknas,
745 347 136 27 hvarigenom
897 353 27 21 ny

98 379 100 20 stämmas
223 376 108 28 utlysande
355 376 40 21 blir
410 376 22 21 af
446 377 75 20 nöden.
552 377 10 21 I
578 377 26 20 de
618 377 79 25 städer,
713 382 44 15 som
773 376 33 21 för
821 376 56 21 valet
891 376 33 21 in-

98 406 58 21 delas
178 406 6 20 i
206 405 123 24 valkretsar,
352 405 66 21 hålles
439 405 106 21 dessutom
561 405 46 21 icke
624 406 69 25 någon
707 405 171 21 rådhusstämma
892 404 33 21 för

99 434 96 27 väljande
217 432 21 22 af
260 433 194 27 stadsfullmägtige.
485 433 111 22 Utskottet
611 433 88 22 föreslår
716 433 89 25 derföre,
821 435 32 19 att
867 432 58 28 pröf-

99 463 75 26 ningen
191 463 21 20 af
226 461 100 28 uppgifna
341 462 76 21 hinder
432 463 34 20 må
481 462 113 21 ankomma
609 463 27 26 på
652 462 65 26 öfrige
727 461 197 28 stadsfullmägtige,

99 491 7 21 i
121 491 81 21 hvilkas
217 491 70 21 beslut
301 491 91 26 ändring
407 491 7 20 i
429 490 69 27 vanlig
515 491 88 26 ordning
618 491 32 21 får
665 491 80 21 sökas".

168 520 61 21 Hvad
249 520 46 21 åter
311 523 85 23 prosten
412 519 122 27 Rosengren
550 519 70 21 anfört
636 525 33 16 om
686 519 35 21 det
737 519 119 26 oegentliga
870 519 8 21 i
893 520 32 20 att

100 549 88 26 ändring
211 549 6 20 i
237 548 69 21 beslut
329 548 38 21 bör
387 548 63 21 sökas
464 548 40 21 hos
518 550 138 25 guvernören,
673 554 62 15 anser
747 547 36 27 jag
799 547 64 22 också
879 547 46 22 icke

101 583 49 15 vara
175 577 22 21 af
221 577 38 21 den
285 577 50 26 vigt,
363 583 44 14 som
434 579 87 24 prosten
537 577 122 26 Rosengren
675 576 72 27 tyckes
762 576 101 23 förmena.
895 576 30 27 Ty

100 607 131 25 guvernören
247 605 74 27 plägar
336 605 60 22 alltid
411 605 93 21 infordra
520 605 109 21 utlåtande
642 605 22 21 af
674 605 40 21 den
725 605 122 23 auktoritet,
859 605 67 22 under

100 635 83 20 hvilken
211 641 26 14 en
264 634 65 21 sådan
355 640 75 20 person
456 637 99 22 sorteras,
576 633 83 22 hvilken
675 633 116 22 auktoritet
806 634 120 21 sedermera

100 663 78 21 utlåter
194 663 37 25 sig,
248 662 102 21 huruvida
365 662 98 21 afseende
479 662 27 27 på
522 663 26 21 de
564 662 22 22 af
600 663 39 20 den
655 662 94 21 sökande
757 661 87 22 anförda
852 662 73 22 skälen

102 691 99 21 behöfver
216 691 65 21 fästas
297 690 51 22 eller
363 690 52 22 icke.

169 771 31 21 På
221 771 155 26 framställning
399 770 21 22 af
441 770 49 22 herr
512 770 168 22 talmannen
700 770 44 22 blef
758 772 11 25 8
785 771 28 21 30
828 770 98 27 godkänd

102 800 47 21 med
165 800 152 26 öfvervägande
333 799 115 27 pluralitet.

170 880 10 21 I
195 880 98 21 afseende
308 880 12 21 å
335 880 12 27 8
363 880 24 20 31
405 880 85 27 yttrade

171 959 153 28 Kyrkoherden
340 959 91 21 Roos:
462 959 41 26 Jag
519 959 73 27 tycker
608 961 32 19 att
655 959 39 21 här
709 961 24 19 är
747 966 25 14 en
789 959 118 27 otydlighet
921 959 7 20 i

103 988 40 22 den
166 990 25 20 31
215 988 18 27 $,
257 988 104 26 nämligen
377 988 75 26 deruti,
468 990 34 18 att
517 988 190 26 stadsfullmägtige
723 988 31 20 till
770 988 27 27 !/;
813 988 47 26 afgä
875 988 54 21 efter

104 1017 34 21 det
161 1017 66 21 första
249 1017 46 21 året
319 1016 38 22 och
377 1017 47 21 åter
439 1016 53 21 efter
508 1018 31 20 ett
554 1017 34 20 års
604 1016 82 27 förlopp
701 1016 80 22 hälften
797 1016 22 22 af
833 1017 25 21 de
874 1016 55 21 åter-

103 1046 94 25 stående,
220 1045 107 21 hvarefter
349 1045 35 21 det
407 1045 60 21 heter
490 1048 32 18 att
543 1047 46 25 nytt
604 1045 34 21 val
654 1045 22 21 af
690 1045 129 27 fullmögtige
835 1045 7 21 i
858 1045 26 21 de
899 1044 29 22 af-

103 1074 91 26 gåendes
217 1074 61 20 ställe
301 1074 32 21 för
349 1074 25 20 de
389 1073 93 27 följande
498 1076 32 18 tre
546 1074 50 20 åren
612 1074 106 21 förrättas.
747 1074 40 26 Jag
802 1074 73 26 tycker
890 1075 38 24 att,

104 1103 32 21 för
158 1103 72 26 hvarje
252 1102 55 27 gång
328 1102 27 27 !/;
371 1102 22 21 af
407 1102 191 27 stadsfullmägtige
613 1102 64 26 afgår,
694 1102 39 21 bör
745 1102 184 26 kompletterings-

104 1131 33 21 val
161 1131 37 21 ske
223 1133 55 19 samt
305 1133 31 19 att
357 1130 81 21 derföre
462 1130 54 21 efter
539 1131 65 20 orden
628 1147 4 8 ,
634 1133 55 25 nytt
704 1130 43 21 val*
763 1130 65 21 orden
844 1130 85 27 ,hvarje

104 1160 67 26 gång"
188 1159 65 22 borde
269 1159 108 27 inskjutas.

174 1239 112 21 Professor
308 1239 173 22 Ehrström:
512 1238 41 27 Jag
567 1239 42 21 kan
625 1239 46 21 icke
687 1239 56 21 finna
758 1241 32 19 att
805 1237 125 28 paragrafen

106 1268 6 21 i
134 1268 59 21 detta
217 1267 97 22 afseende
336 1267 68 22 skulle
422 1273 50 16 vara
488 1267 90 27 otydlig;
595 1269 39 19 när
649 1268 36 21 det
701 1267 60 22 heter
775 1270 32 19 att
823 1265 108 23 stadsfull-

106 1297 91 26 mägtige
224 1296 60 21 skola
309 1296 64 27 väljas
395 1295 33 22 för
449 1298 33 19 tre
505 1297 30 23 år,
552 1296 38 21 och
606 1296 27 21 då
648 1296 36 21 det
699 1298 24 19 är
737 1295 106 22 bestämdt
858 1297 32 19 att
905 1301 26 15 en

106 1324 103 27 tredjedel
232 1325 23 21 af
277 1325 46 20 dem
346 1324 80 27 årligen
447 1324 66 27 afgår,
536 1325 24 20 så
580 1326 24 19 är
619 1324 35 22 det
670 1325 57 20 klart
741 1327 32 19 att
789 1324 55 22 valet
858 1323 73 27 hvarje

106 1355 55 26 gång
176 1353 67 27 gäller
258 1359 25 16 en
299 1353 109 27 tredjedel.

175 1421 90 22 Ståndet
287 1421 65 26 ansåg
371 1420 167 27 anmärkningen
560 1421 47 21 icke
626 1421 52 22 böra
693 1421 108 22 föranleda
815 1420 32 22 till
862 1420 69 27 någon

107 1449 81 28 åtgärd,
204 1451 51 20 utan
271 1449 110 27 godkände
396 1449 11 28 $
423 1449 25 21 31
466 1449 134 22 oförändrad.

177 1518 29 27 $$
221 1519 88 20 32—48
325 1517 121 27 godkändes
462 1517 103 27 enhälligt
580 1519 51 20 utan
647 1518 124 21 diskussion.

841 1556 22 18 82
