1117 1817
332 144 161 18 Presteståndet
505 146 56 17 1872.
585 146 26 16 28
623 146 48 20 maj.
833 139 54 21 1195

161 226 130 21 Godkänner
305 225 85 21 ståndet
406 225 150 26 lagutskottets
572 226 139 20 förevarande
722 225 135 22 betänkande
868 225 51 20 eller

92 253 59 22 icke?
172 254 47 21 Den
241 260 45 15 som
307 253 123 27 godkänner
452 253 151 27 betänkandet,
626 260 75 15 svarar
713 253 35 28 ja;
765 254 40 21 den
821 253 36 21 det
872 253 46 21 icke

92 284 44 25 gör,
160 288 73 16 svarar
255 282 40 27 nej.
324 281 79 22 Vinner
426 282 40 27 nej,
490 282 38 21 har
550 282 86 21 ståndet
651 283 83 26 antagit
750 283 40 20 den
806 281 113 27 kejserliga

92 311 167 27 propositionen.

161 367 131 22 Besvarades
308 367 47 22 med
371 367 153 27 öfvervägande
538 368 34 26 ja;
593 367 39 22 och
648 367 44 22 blef
706 367 82 22 således
804 367 115 21 betänkan-

94 397 35 21 det
144 396 22 22 af
179 397 86 21 ståndet
279 396 119 27 godkändt;
415 396 86 21 hvarom
516 396 156 21 underrättelse
687 396 68 21 skulle
770 396 7 21 i
793 395 126 28 protokolls-

94 425 77 27 utdrag
186 424 107 22 meddelas
309 425 137 21 medständen
462 425 40 21 och
517 424 147 28 lagutskottet.

163 568 120 27 Föredrogs
305 568 151 27 lagutskottets
471 568 117 27 bordlagda
604 568 134 22 betänkande
753 569 7 20 i
773 568 112 26 anledning
901 567 22 21 af

95 597 27 22 H.
145 597 26 21 K.
195 597 50 22 M:ts
267 597 76 27 nådiga
365 597 139 27 proposition,
520 597 108 27 angående
644 597 116 27 förklaring
775 597 21 21 af
810 598 13 19 4
839 596 38 22 och
894 596 27 21 20

95 627 27 25 88
139 627 24 20 17
179 625 48 28 kap.
244 626 24 21 R.
284 626 24 21 B.

164 683 67 21 Ordet
246 682 102 27 begärdes
363 682 52 22 först
430 682 22 22 af

164 740 109 22 Professor
289 740 155 26 Ehrström,
459 746 46 15 som
521 740 110 22 anmärkte
646 742 31 19 ett
692 740 87 27 tryckfel
791 740 6 20 i
808 739 113 27 lagtexten.

96 768 31 22 På
149 770 48 20 näst
219 768 52 22 sista
291 768 64 22 raden
377 768 45 22 står
444 768 104 27 nemligen
570 768 58 26 ,ifall
644 770 73 26 parten
734 768 35 22 det
785 768 82 26 äskar*,
884 767 39 21 bör

97 797 49 22 heta
162 797 56 24 ifall
234 799 75 25 parten
325 797 36 21 det
376 797 96 21 önskar".

165 854 207 27 Kontraktsprosten
393 854 77 21 doktor
492 854 144 27 Alopaeus:
659 854 43 21 För
724 854 43 21 min
783 854 33 21 del
832 854 42 20 kan
887 853 37 27 jag

98 882 45 22 icke
159 882 45 22 helt
219 882 40 22 och
274 882 65 22 hållet
354 883 112 21 instämma
481 883 7 20 i
504 883 36 21 det
555 882 78 28 förslag
649 883 32 21 till
696 882 111 22 redaktion
823 882 20 21 af
857 883 14 20 4
884 881 40 21 och

98 912 27 21 20
147 910 150 28 paragraferne
320 912 25 20 17
361 912 48 26 kap.
425 911 207 27 rättegångsbalken,
648 918 46 14 som
708 911 105 21 utskottet
828 910 95 22 föreslår.

98 940 74 21 Ehuru
192 940 37 26 jag
251 939 48 22 fullt
313 942 24 19 är
352 946 49 15 ense
417 940 47 21 med
480 940 141 26 lagutskottet
636 946 34 15 om
686 940 40 21 den
741 940 122 26 grundsats,
879 944 44 16 som

99 968 36 22 det
156 968 39 22 har
217 968 70 21 anfört
308 968 71 22 dertill
401 971 32 19 att
456 968 36 22 det
509 968 46 22 icke
572 968 116 28 tillstyrker
703 968 130 27 antagandet
848 967 22 22 af
883 967 42 21 den

97 996 111 28 kejserliga
223 997 158 27 propositionen
396 997 6 21 i
418 997 31 21 sin
464 997 79 27 helhet,
558 997 24 21 så
598 997 88 21 innebär
701 997 53 21 dock
767 997 44 27 just
823 996 39 22 den
873 996 52 21 sista

98 1025 65 22 raden
184 1026 6 20 i
214 1026 41 21 den
270 1026 119 26 föreslagna
404 1026 108 26 lagtexten
528 1032 25 15 en
568 1025 163 27 omständighet,
747 1032 45 15 som
806 1026 36 26 jag
857 1024 68 22 fioner

97 1054 80 26 ganska
201 1054 108 27 betänklig
331 1057 32 18 att
385 1054 77 21 bifalla.
494 1054 72 27 Enligt
589 1054 40 22 den
652 1054 42 22 kan
714 1054 85 22 hvilken
815 1056 48 25 part
878 1059 45 15 som

98 1082 55 22 helst
168 1082 125 21 trakassera
309 1085 30 19 ett
354 1082 56 28 slags
425 1083 74 23 vittne,
516 1083 47 21 med
578 1082 52 22 eller
645 1086 51 18 utan
711 1083 52 25 skäl,
774 1085 33 19 att
817 1081 107 23 ovilkorli-

98 1117 40 20 gen
154 1113 97 24 närvara,
267 1118 34 14 om
317 1114 74 24 parten
407 1111 84 21 fordrar
506 1114 32 19 att
553 1112 49 26 sjelf
610 1111 20 21 få
641 1112 53 21 höra
703 1112 55 21 hvad
769 1112 76 20 vittnet
856 1113 68 24 säger.

97 1139 41 27 Jag
159 1139 69 22 skulle
253 1146 50 15 anse
325 1142 32 19 att
379 1139 36 22 det
438 1146 50 15 vore
504 1139 130 28 tillräckligt,
650 1146 34 15 om
699 1140 98 27 pröfning
813 1139 21 21 af
848 1139 40 21 den
904 1138 22 21 af

98 1170 75 25 parten
195 1168 75 27 gjorda
292 1168 93 26 fordran,
409 1170 31 19 att
463 1168 77 21 vittnet
555 1168 54 22 skall
626 1169 62 21 höras
703 1169 6 20 i
725 1171 86 24 partens
826 1169 98 24 närvaro,

98 1203 50 15 vore
163 1196 116 22 öfverlåten
294 1198 21 20 åt
332 1197 124 25 domstolen,
473 1197 40 21 och
529 1197 64 27 yrkar
609 1197 83 21 derföre
706 1197 33 21 för
753 1197 43 21 min
812 1197 41 24 del,
869 1196 7 21 i
889 1195 36 22 det

95 1225 37 27 jag
154 1224 32 22 för
208 1225 63 27 öfrigt
293 1225 117 27 tillstyrker
432 1225 131 27 antagandet
585 1225 22 22 af
624 1225 131 27 paragrafen,
770 1227 32 20 att
818 1225 40 21 den
873 1225 52 20 sista

99 1253 110 27 meningen
233 1254 66 21 borde
322 1253 88 22 sålunda
434 1253 85 27 ändras,
537 1256 37 25 att,
591 1253 45 22 ifall
651 1256 74 25 parten
741 1254 35 21 det
792 1253 79 22 önskar
885 1252 40 22 och

100 1282 118 21 domstolen
242 1282 83 27 pröfvat
345 1283 76 20 sådant
443 1282 75 27 nödigt
539 1289 57 19 vara,
614 1283 6 20 i
635 1282 71 22 stället
721 1282 32 21 för
769 1283 61 20 ordet
846 1281 79 26 ,eller*

99 1310 65 22 borde
180 1311 37 21 der
232 1312 34 20 stå
281 1311 51 28 ,och
348 1313 70 19 vara".

166 1367 111 22 Professor
293 1367 149 22 Ehrström:
458 1367 44 22 Det
512 1367 98 22 förvånar
620 1367 48 28 mig,
679 1369 32 20 att
723 1367 78 22 doktor
812 1367 113 27 Alopaeus,

100 1396 27 21 då
141 1395 42 22 han
199 1396 105 22 erkänner
319 1396 151 27 lagutskottets
487 1396 95 26 motiver,
598 1396 65 21 likväl
679 1396 41 21 kan
735 1396 78 21 föreslå
823 1402 26 15 en
860 1395 67 22 sådan

99 1424 95 27 ändring.
224 1425 152 26 Lagutskottet
399 1425 39 21 har
460 1425 92 27 afstyrkt
569 1425 128 26 antagandet
712 1425 21 21 af
747 1425 39 20 den
802 1424 124 26 förklaring,

98 1459 45 15 som
166 1453 55 22 varit
242 1453 117 27 föreslagen
375 1453 132 22 beträffande
522 1454 14 20 4
551 1453 124 27 paragrafen
692 1455 24 19 17
733 1453 48 27 kap.
797 1453 25 21 R.
838 1453 32 25 B.,
887 1452 40 21 och

98 1481 111 22 inskränkt
229 1482 32 21 sin
283 1482 137 27 formulering
436 1481 32 22 till
483 1481 116 27 förklaring
614 1481 22 22 af
650 1483 27 20 20
692 1481 133 28 paragrafen,
841 1481 28 27 på
883 1483 44 19 sätt

98 1516 45 15 som
165 1510 64 26 skett,
251 1511 44 26 just
317 1510 90 26 derföre,
428 1512 32 19 att
481 1510 141 26 lagutskottet
637 1510 46 21 icke
697 1511 80 20 kunnat
793 1509 86 27 förbise,
895 1511 32 20 att

99 1544 26 15 en
143 1540 45 20 stor
203 1539 110 21 rättsvåda
328 1539 42 21 kan
386 1539 76 27 uppstå
478 1539 122 26 derigenom
616 1540 32 19 att
664 1538 77 22 vittnen
758 1539 63 20 höras
837 1539 6 20 i
859 1538 68 21 brott-
