1117 1817
218 129 54 21 1386
434 134 162 18 Presteståndet
609 136 55 16 1872.
677 136 26 16 27
720 135 47 21 maj.

257 215 68 21 Sedan
342 214 148 23 diskussionen
513 215 87 21 härmed
617 215 70 21 blifvit
702 215 100 26 afslutad,
818 214 131 22 framställde
965 214 50 21 herr

188 243 120 22 talmannen
324 243 93 27 följande

257 301 134 26 Proposition
400 308 4 13 :

257 368 129 22 Godkänner
401 369 85 21 ståndet
501 369 139 22 förevarande
656 369 134 21 betänkande
807 368 138 22 oförändradt
960 368 53 21 eller

187 395 60 23 icke?
271 397 45 21 Den
339 404 45 15 som
406 398 124 27 godkänner
553 398 144 21 betänkandet
719 404 74 15 svarar
814 397 29 27 ja,
859 397 40 21 den
916 397 35 21 det
965 397 48 21 icke

187 427 39 25 gör
249 432 73 15 svarar
346 426 40 27 nej.
417 426 79 21 Vinner
512 427 40 27 nej,
568 427 54 21 skall
638 427 71 26 hvarje
725 427 13 26 $
753 426 7 21 i
776 426 145 21 betänkandet
937 426 75 21 under-

188 454 73 21 kastas
277 455 90 21 särskild
383 455 137 27 proposition.

257 512 132 21 Besvarades
403 512 48 21 med
468 512 32 21 18
513 512 26 26 ja
555 512 39 21 och
612 513 24 20 15
653 512 40 26 nej.

257 575 148 21 Betänkandet
429 574 46 22 blef
498 575 82 21 således
606 575 141 21 oförändradt
771 574 120 27 godkändt;
924 574 87 21 hvarom

188 603 155 21 underrättelse
367 603 67 21 skulle
456 604 7 21 i
485 603 196 27 protokollsutdrag
704 603 49 27 afgå
770 603 33 21 till
818 603 138 21 medstånden
971 602 40 21 och

189 631 210 22 ekonomiutskottet.

257 803 120 27 Föredrogs
400 804 215 21 ekonomiutskottets
631 803 118 27 bordlagda
765 803 136 21 betänkande
916 803 6 21 i
938 803 72 21 anled-

188 831 49 26 ning
261 832 22 20 af
305 832 58 20 Hans
385 832 118 27 Kejserliga
526 832 112 27 Majestäts
654 832 77 26 nådiga
747 832 138 26 proposition,
902 832 109 26 angående

186 860 143 27 tillverkning,
345 860 129 28 försäljning,
490 861 78 27 upplag
584 861 39 21 och
639 861 87 26 forsling
742 860 23 22 af
779 860 94 21 bränvin.

257 922 68 22 Sedan
341 923 44 21 vice
401 927 86 23 pastorn
504 923 126 21 Vesterlund
648 923 38 22 och
703 923 78 21 doktor
797 923 98 21 Granfelt
909 923 62 27 yrkat
983 923 28 26 på

186 950 156 23 betänkandets
364 952 122 27 ytterligare
509 952 159 27 bordläggning,
690 958 47 15 men
755 952 39 21 den
810 952 129 21 sistnämnde
955 951 56 21 från-

185 979 48 26 gått
248 980 37 20 sitt
300 980 101 26 yrkande,
417 981 69 21 beslöt
502 980 84 22 ståndet
602 984 50 23 taga
668 980 145 22 betänkandet
825 980 66 21 under
902 980 108 26 pröfning;

186 1008 40 20 och
241 1008 95 22 tillsades
352 1009 59 21 ordet
427 1010 53 20 först

188 1092 3 4 N
256 1065 90 21 Prosten
369 1066 176 21 Durchman:
570 1072 43 16 som
637 1067 84 26 yttrade
745 1066 32 26 sig
800 1066 101 26 skriftligt
923 1066 27 26 pä
971 1065 39 22 föl-

183 1094 64 26 jande
264 1096 48 18 sätt.

187 1183 3 4 N
255 1156 41 26 Jag
318 1156 96 21 anhäller
434 1160 32 18 att
481 1157 21 21 fä
519 1157 30 21 till
565 1157 130 27 protokollet
709 1157 95 27 följande
818 1157 138 21 antecknadt:
978 1156 33 21 Dä

185 1189 6 14 i
211 1183 104 22 utskottet
338 1185 158 26 öfverläggning
518 1185 112 22 förehades
654 1187 91 20 rörande
768 1186 151 26 lämpligheten
943 1185 22 21 af
978 1187 32 18 att

183 1212 81 21 inrätta
281 1213 330 27 bränvinsutskänkningsställen
629 1215 3 20 i
652 1214 215 21 landskommunerne
886 1214 39 21 och
938 1214 72 27 sedan,

185 1240 54 21 efter
263 1241 36 21 det
322 1242 57 21 olika
402 1242 78 27 äsigter
503 1243 6 20 i
529 1243 73 26 frägan
622 1243 96 25 uttalats,
735 1243 158 25 omröstningen
910 1243 100 26 företogs,

185 1269 58 26 afgaf
261 1270 37 26 jag
320 1271 43 20 min
387 1271 64 20 rösti
468 1271 93 26 enlighet
577 1272 46 20 med
640 1274 172 18 reservanternes
828 1271 142 27 afstyrkande.
1000 1271 11 21 1

185 1297 64 27 öfrigt
272 1299 131 20 misströstar
420 1299 36 26 jag
471 1300 78 25 derom,
566 1303 32 17 att
614 1300 115 26 någonting
744 1300 34 21 för
793 1300 141 27 nykterheten
949 1299 61 21 verk-

185 1329 55 18 samt
264 1327 142 21 befordrande
428 1328 42 20 kan
494 1328 5 20 i
524 1329 68 20 denna
608 1329 38 20 sak
662 1329 113 26 lagstiftas,
791 1329 86 26 sälänge
893 1328 62 26 riklig
969 1328 40 21 och

184 1354 40 21 lätt
240 1355 88 27 tillgång
343 1356 28 26 pä
387 1357 135 26 rusgifvande
538 1357 89 26 drycker
647 1356 73 27 finnes,
737 1363 46 15 som
798 1359 39 24 gör
852 1357 36 21 det
903 1357 32 20 för
950 1357 59 20 lönn-

184 1382 106 27 krögaren
313 1384 82 27 möjligt
410 1387 32 18 att
458 1385 95 21 anskaffa
569 1386 32 26 sig
616 1385 80 21 sädana
712 1385 23 21 sä
753 1386 84 26 mycket
852 1385 77 21 honom
947 1385 62 21 beha-

183 1417 51 20 gar;
259 1412 39 21 allt
321 1413 82 21 derföre
426 1413 66 26 ansäg
504 1413 37 27 jag
557 1414 35 20 det
609 1420 51 14 vara
675 1420 26 15 en
717 1415 52 20 nära
785 1414 28 26 pä
827 1413 97 27 förspilld
939 1413 69 26 möda,

184 1442 33 19 att
239 1441 54 20 söka
313 1447 77 20 genom
405 1442 86 26 partielt
506 1442 75 27 gjorda
596 1442 129 27 prohibitiva
741 1443 100 26 ätgärder
857 1442 39 21 och
911 1443 99 25 stadgan-

184 1468 41 21 den
248 1469 107 21 förbättra
377 1470 39 21 och
431 1470 63 21 vinna
509 1471 83 25 sädant,
608 1477 45 15 som
669 1471 76 20 endast
760 1477 76 20 genom
853 1477 24 15 en
893 1470 117 27 genomgri-

183 1497 70 25 pande
269 1498 132 26 lagstiftning
416 1498 33 21 för
465 1499 92 21 hemmet
572 1499 40 21 och
627 1500 6 20 i
649 1499 100 26 hemmet,
767 1499 18 22 d.
803 1501 17 19 ä.
837 1505 76 20 genom
929 1505 25 15 en
967 1505 43 15 om-

183 1525 102 26 sorgsfull
306 1526 40 21 och
369 1527 79 21 värdad
471 1527 124 27 uppfostran
615 1527 45 22 stär
674 1530 32 19 att
721 1527 70 27 ernäs,
807 1528 40 21 och
863 1528 60 21 detta
937 1528 74 26 gjorde
