1117 1817
227 126 56 22 1310
453 133 162 18 Presteståndet
627 134 55 17 1872.
707 134 25 17 25
745 133 47 21 maj.

197 208 26 20 15
239 209 78 22 röster;
333 214 48 14 men
396 208 64 21 sedan
476 208 86 21 ståndet
577 208 77 21 bifallit
670 208 107 26 professor
790 207 115 22 Forsmans
917 206 104 27 afsägelse

196 235 23 22 af
239 236 126 27 uppdraget,
385 236 79 21 skedde
480 236 76 27 omval,
572 236 88 21 hvarvid
680 237 26 21 30
722 238 69 19 röster
806 235 85 22 tillföllo
907 235 115 22 statsrådet

197 264 150 22 Lindelöf.

265 321 40 22 Till
321 322 326 27 bankfullmägtigssuppleanter
662 322 87 27 utsågos
764 322 95 21 således:
871 321 151 22 referendarie-

197 350 146 21 sekreteraren
393 351 181 26 Waenerberg,
590 351 144 21 öfverläraren
779 351 92 20 Kihlman
909 350 39 22 och
959 351 63 20 stats-

197 379 61 21 rädet
274 379 152 22 Lindelöf.

267 435 103 28 Slutligen
395 437 103 26 föreslogs
525 436 33 21 val
584 436 23 21 af
627 438 33 19 tre
682 435 236 28 revisorssuppleanter,
933 436 88 21 hvarvid

198 465 184 26 öfverinspektorn
409 465 154 27 Bergroth
589 465 68 21 erhöll
682 465 33 24 24,
740 465 107 27 professor
874 465 89 21 Cleve
990 465 31 27 10,

197 493 200 28 kontraktsprosten
435 494 139 26 Sohlberg,
590 494 74 21 rektor
704 493 125 27 Hallst&n,
839 496 88 24 prosten
936 493 38 22 Bor
1002 500 20 15 e-

197 522 69 21 nius
291 523 39 20 och
358 522 160 22 undertecknad
544 523 133 21 sekreterare
697 522 79 21 enhvar
792 523 12 20 9
820 524 77 24 röster;
913 522 110 21 hvaremot

197 552 32 20 ett
243 551 82 21 mindre
341 551 59 21 antal
412 553 69 19 röster
496 551 71 22 tillföll
584 551 108 27 åtskilliga
707 551 66 21 andra
788 557 107 20 personer.

266 613 33 21 Dä
315 614 92 27 lottning
424 614 68 21 skulle
508 614 103 21 anställas
627 613 90 23 emellan
733 614 26 21 de
773 614 46 26 fyra
835 613 136 26 sistnämnde,
987 620 35 15 an-

198 641 43 22 höll
265 645 86 24 prosten
374 643 104 21 Borenius
501 645 39 24 att,
556 643 89 21 emedan
662 643 39 21 han
718 649 37 14 var
771 643 60 20 äldre
845 644 27 19 än
889 643 26 20 64
931 643 29 26 år,
976 642 46 22 icke

197 670 86 21 komma
298 671 5 20 i
319 671 66 26 fråga,
402 671 38 21 och
457 671 136 21 alldenstund
609 671 85 21 ståndet
709 671 49 21 fann
774 671 78 27 skäligt
862 671 70 21 dertill
943 671 79 24 bifalla,

197 698 80 22 skedde
299 700 92 26 lottning
406 700 90 21 emellan
512 700 26 21 de
554 702 34 19 tre
605 700 73 26 öfriga,
694 706 45 15 som
757 699 84 21 erhållit
856 700 44 21 lika
914 700 59 21 antal
988 702 34 19 rö-

197 731 50 23 ster,
263 728 39 21 och
318 728 38 21 föll
372 728 67 22 lotten
456 729 73 21 dervid
545 728 28 28 på
588 728 74 22 rektor
679 728 153 22 Hallstén.

268 790 40 22 Till
323 792 169 26 presteståndets
508 792 229 26 revisorssuppleanter
747 791 89 27 utsågos
848 791 94 22 således:
956 792 66 21 öfver-

196 819 111 27 inspektor
321 820 164 26 Bergroth,
501 820 108 27 professor
649 820 64 22 Cleve
729 820 39 21 och
785 820 74 21 rektor
869 820 152 22 Hallstön.

266 876 161 22 Underrättelse
452 884 34 14 om
510 877 73 21 valens
606 877 79 27 utgång
707 878 68 20 skulle
797 878 6 20 i
826 877 196 27 protokollsutdrag

196 904 108 22 meddelas
317 906 138 21 medstånden
466 906 38 21 och
514 906 163 21 bankutskottet
686 908 54 19 samt
749 905 273 22 universitetskamreraren

196 932 166 27 Westermarck,
399 934 291 22 —referendariesekreteraren
719 934 137 27 Wanerberg
885 934 40 22 och
955 934 67 22 öfver-

196 962 125 26 inspektorn
337 962 112 27 Bergroth.

265 1099 122 27 Föredrogs
402 1100 174 22 bankutskottets
593 1100 139 28 betänkande,
748 1101 6 21 i
771 1100 113 27 anledning
899 1100 23 21 af
935 1106 25 15 en
975 1100 46 21 frän

197 1128 134 21 direktionen
354 1129 34 20 för
403 1129 101 21 Finlands
521 1129 224 27 Hypotheksförening
760 1129 121 21 inkommen
897 1128 62 21 skrift
974 1129 47 20 med

196 1156 101 21 anhällan
313 1163 34 14 om
363 1157 93 27 lindring
472 1158 31 21 uti
518 1158 96 21 vilkoren
630 1157 33 22 för
678 1157 184 27 äterbetalningen
877 1157 23 22 af
908 1159 31 19 ett
950 1157 70 27 Hypo-

196 1184 187 28 theksföreningen
399 1192 25 15 ur
439 1186 101 21 Finlands
556 1186 57 21 bank
628 1186 102 27 beviljadt
745 1185 42 22 län.

264 1241 119 22 Bordlades
398 1243 32 20 till
446 1243 66 21 andra
528 1243 167 21 sammanträdet
709 1243 7 21 i
731 1244 62 20 nästa
808 1242 71 21 vecka.

264 1383 121 28 Föredrogs
400 1385 107 21 allmänna
522 1385 205 22 besvärsutskottets
742 1385 136 22 betänkande
890 1385 7 21 i
908 1385 113 26 anledning

195 1411 24 22 af
232 1411 109 28 ätskilliga
355 1413 67 21 under
438 1414 142 21 innevarande
596 1414 101 27 landtdag
712 1415 57 20 inom
783 1413 155 22 bondeständet
945 1413 76 21 väckta

193 1440 116 26 petitioner
333 1443 91 20 rörande
450 1443 206 26 omorganisationen
681 1443 22 21 af
727 1443 159 21 landtmäteriet
901 1442 39 21 och
957 1441 64 22 forst-

195 1469 102 22 väsendet
313 1469 108 23 äfvensom
437 1471 155 27 förvaltningen
608 1471 22 22 af
643 1471 173 27 kronoskogarne
831 1471 7 21 i
854 1471 77 21 landet.

264 1526 125 23 Bordlades.
