1117 1817
219 130 55 20 1406
436 136 162 18 Presteståndet
611 138 56 17 1872.
692 138 25 17 29
730 137 47 21 maj.

190 216 46 20 den.
266 216 43 20 Det
324 222 36 15 var
375 219 44 18 mot
434 217 41 20 den
490 216 23 21 af
526 216 247 27 husbehofsbränningen
789 216 137 22 förorsakade
941 216 76 27 fylleri-

191 244 67 21 lasten
274 244 63 27 kring
351 244 78 27 landet,
445 251 48 15 man
510 245 27 21 då
552 245 118 27 ådagalade
686 252 25 14 en
727 245 57 27 dylik
800 245 57 21 ifver.
888 245 74 21 Denna
976 244 42 22 last

191 273 66 20 borde
280 273 46 21 med
350 273 28 21 all
401 273 59 22 makt
482 274 80 26 stäfjas,
579 274 39 21 och
634 273 161 22 hufvudmedlet
810 273 68 22 dertill
895 274 37 26 såg
947 279 48 15 man
1011 274 6 20 i

190 301 273 27 bränvinstillverkningens
479 303 156 21 inskränkande
654 303 40 21 och
711 302 74 27 sjelfva
796 309 76 14 varans
882 301 134 28 fördyrande,

190 329 71 21 hvilka
277 330 96 26 syftemål
389 337 48 14 man
453 331 76 21 trodde
544 331 32 27 sig
586 331 122 27 lämpligast
718 331 72 21 kunna
801 331 73 21 vinnas
885 331 45 21 dels
941 337 76 20 genom

190 358 122 21 inrättande
334 359 23 20 af
377 359 33 20 väl
426 359 142 22 öfvervakade
583 360 129 25 brännerier,
729 361 7 20 i
751 359 73 22 stället
838 359 33 22 för
887 360 39 21 den
943 359 74 21 dittills

191 386 98 27 brukliga
312 387 253 28 husbehofsbränningen,
588 388 44 21 dels
654 389 114 21 förmedels
784 395 26 14 en
825 388 42 27 hög
882 388 136 27 beskattning

190 415 23 21 af
233 415 72 26 hvarje
327 416 113 21 tillverkad
456 417 76 21 kanna.
564 417 50 21 Icke
630 417 47 22 dess
693 417 82 21 mindre
792 417 131 21 förskräktes
939 416 79 22 bonde-

190 443 86 22 ståndet
298 444 65 21 redan
383 445 27 20 då
432 445 23 21 af
470 445 24 22 de
510 445 129 27 miljonertal
655 446 88 24 kannor,
759 451 46 16 som
821 452 47 14 man
885 445 27 27 på
927 445 90 21 förhand

191 472 54 21 hade
268 472 109 27 föreslagit
401 473 69 22 såsom
493 475 114 20 maximum
628 474 22 21 af
672 475 109 25 bränning,
797 474 39 21 och
852 474 6 21 i
875 474 69 21 hvilka
959 474 59 21 detta

190 501 62 20 stånd
268 501 72 27 tyckte
355 502 32 26 sig
403 502 67 21 skåda
485 509 25 14 en
526 503 34 20 hel
576 503 111 26 syndaflod
710 503 23 21 af
748 503 90 21 bränvin
853 503 6 20 i
875 503 70 26 antåg.
968 502 49 21 Man

190 529 82 21 förstod
295 530 54 21 dock
373 533 31 18 att
419 531 63 26 lugna
498 531 97 22 ståndets
610 531 105 28 farhågor,
731 531 40 22 och
787 531 40 22 den
844 537 40 21 nya
899 531 118 21 förordnin-

189 564 40 20 gen
245 557 41 22 fick
302 559 86 21 komma
401 560 7 20 i
423 559 61 27 gång.
514 560 41 21 Vid
572 561 54 20 1867
642 561 34 20 års
692 560 102 26 landtdag
809 560 76 21 ställde
901 560 31 26 sig
950 559 65 21 redan

191 587 39 20 den
254 587 139 22 ekonomiska
411 589 59 20 sidan
486 588 22 21 af
522 589 74 26 frågan
612 589 6 20 i
634 589 135 26 förgrunden,
787 589 110 20 hvaremot
913 589 38 20 den
969 588 47 21 sed-

190 615 41 26 liga
254 616 108 26 nödgades
383 617 47 20 vika
443 617 97 22 tillbaka.
569 617 112 27 Ingenting
697 617 67 22 heller
779 619 33 19 att
827 617 68 21 undra
911 617 63 23 öfver,
990 616 27 22 då

191 644 25 21 de
239 643 145 28 förespeglade
406 645 130 27 miljonerna,
552 652 44 15 som
614 646 66 21 borde
696 646 73 27 inflyta
784 647 6 20 i
807 648 80 19 statens
903 645 38 22 och
957 645 59 21 kom-

190 678 113 16 munernas
319 673 80 26 kassor,
415 674 54 21 hade
484 675 63 20 smält
562 675 50 26 ihop
628 675 33 21 till
676 675 66 26 några
755 674 182 26 hundratusental,
947 673 70 21 hvilka

191 702 18 24 ej
232 707 37 15 ens
293 701 73 22 räckte
389 702 31 21 till
443 704 32 20 att
490 703 91 21 betäcka
597 704 36 20 det
648 703 76 21 fordna
740 710 16 14 s.
772 702 21 22 k.
810 702 204 22 bränvinsarrendet.

193 729 49 21 Man
259 730 67 21 måste
348 736 51 16 vara
414 731 89 21 betänkt
519 732 27 26 på
561 733 91 25 utvägar
667 734 32 19 att
714 731 115 27 upphjelpa
845 734 81 18 statens
941 737 74 20 genom

191 758 76 26 många
283 759 180 27 sammanhopade
478 760 88 26 olyckor
580 763 61 19 snart
656 761 63 26 sagdt
739 760 110 21 förstörda
863 760 98 25 finanser,
976 760 40 20 och

190 786 72 21 härtill
278 787 98 27 lämpade
398 789 31 26 sig
444 788 88 22 framför
546 789 39 21 allt
600 792 66 18 annat
681 789 193 25 bränvinsskatten,
891 788 69 21 såsom
976 788 40 21 den

191 814 136 27 beqvämaste
353 816 64 21 bland
440 817 42 21 alla
503 817 169 22 inkomstkällor.
715 818 48 20 Men
787 817 72 21 härtill
881 817 47 21 åter
943 823 37 15 var
995 817 23 21 af

191 844 75 25 nöden,
283 846 32 19 att
335 845 75 21 föröka
432 846 155 26 produktionen
601 846 40 22 och
656 846 51 21 fälla
720 846 29 27 på
765 852 75 15 varans
860 846 49 26 pris.
959 847 57 25 Åtgär-

191 872 36 20 der
243 873 98 26 vidtogos
357 874 6 20 i
379 874 59 21 detta
453 875 60 26 syfte,
530 875 38 21 och
584 882 50 14 man
649 874 50 22 fann
715 877 31 19 ett
763 875 84 21 talande
863 875 65 20 motiv
944 874 71 20 härtill

190 900 6 20 i
213 900 25 21 de
268 902 115 26 förhatliga
404 903 176 21 lönnbrännerier
602 904 39 20 och
665 904 170 26 lurendrejerier,
853 909 46 15 som
915 902 100 27 påstodos

191 935 38 19 ega
245 936 47 14 rum
297 926 14 36 i
329 930 43 21 alla
387 931 58 21 delar
461 932 23 20 af
497 932 77 25 landet,
588 932 40 21 och
643 933 33 20 för
691 932 72 21 hvilka
777 938 49 14 man
843 938 27 14 nu
885 931 84 27 yttrade
990 937 25 15 en

191 957 50 27 djup
264 958 101 22 moralisk
385 960 136 26 indignation.
552 960 73 27 Några
640 961 36 21 års
692 960 121 22 erfarenhet
828 960 38 21 har
881 960 66 21 redan
963 960 51 20 kun-

190 988 38 18 nat
243 987 77 25 utvisa,
336 989 32 19 att
384 988 26 21 de
425 989 93 21 anlitade
534 991 117 25 utvägarne
667 989 18 27 ej
698 990 57 20 varit
770 992 52 18 utan
838 989 82 27 åsyftad
929 988 85 25 verkan,

190 1017 22 23 ty
228 1014 123 22 bränvinets
367 1017 128 25 produktion
512 1018 39 21 och
567 1018 136 21 konsumtion
719 1018 40 21 har
775 1018 24 20 år
814 1017 46 21 från
876 1017 24 21 år
915 1017 64 26 stigit,
992 1016 24 27 ja

189 1042 166 28 mångdubblats
371 1046 47 20 med
434 1052 25 14 en
475 1046 49 25 fart,
536 1052 44 16 som
592 1046 67 22 borde
673 1046 156 22 tillfredsställa
841 1046 60 21 äfven
913 1046 25 20 de
951 1045 65 27 djerf-

189 1074 59 19 vaste
272 1072 172 28 förhoppningar.
475 1074 49 22 Man
543 1075 71 21 kunde
630 1076 71 20 känna
715 1076 32 26 sig
763 1074 81 22 frestad
859 1076 33 19 att
907 1074 69 26 fråga:
992 1076 23 18 är

191 1100 36 21 det
243 1101 34 21 väl
293 1101 40 21 den
349 1103 113 25 segersälla
478 1103 83 27 glädjen
578 1104 105 25 häröfver,
699 1110 44 15 som
758 1104 75 20 verkat
843 1105 32 19 att
891 1103 124 27 ,,systemet*

190 1134 89 15 numera
301 1135 61 21 synes
382 1131 62 20 hafva
459 1131 95 21 afkastat
570 1132 42 21 alla
628 1132 115 21 moraliska
759 1132 58 21 band
832 1132 69 21 säsom
918 1132 97 25 onödiga,

190 1157 38 20 och
254 1157 71 27 börjat
347 1160 65 25 öppet
427 1160 98 21 utveckla
540 1161 38 20 sitt
593 1161 95 27 verkliga
703 1161 118 26 skaplynne
836 1160 48 21 med
899 1166 26 14 en
941 1160 75 20 konse-

190 1191 71 20 gvens,
285 1192 45 15 som
354 1187 103 26 förtjenar
472 1189 38 20 allt
525 1188 73 22 beröm
614 1189 22 21 af
650 1190 54 26 dem,
720 1189 73 21 hvilka
808 1189 45 20 inse
868 1188 39 21 och
923 1188 93 21 erkänna

189 1216 32 19 att
243 1214 161 28 kousegvensen
427 1218 24 19 är
474 1217 72 26 hvarje
562 1220 90 24 systems
668 1220 44 19 ära.
743 1217 88 22 Statens
847 1217 55 21 vinst
917 1217 23 20 af
953 1217 62 21 brän-

189 1243 133 22 vinsskatten
345 1246 24 19 är
385 1245 122 27 visserligen
525 1246 65 25 redan
606 1253 28 14 nu
650 1247 46 20 icke
712 1247 67 26 ringa,
795 1252 48 15 men
859 1245 55 21 hvad
930 1246 86 21 hindrar

189 1273 32 18 att
235 1273 55 25 göra
305 1273 40 20 den
361 1273 49 21 vida
425 1275 74 26 större,
515 1274 27 21 dä
557 1275 24 20 sä
596 1275 78 26 mänga
689 1275 68 21 medel
773 1274 73 21 härtill
862 1276 56 19 ännu
934 1275 33 20 stä
984 1275 32 20 till

189 1298 70 23 buds?
275 1301 31 20 De
322 1303 91 25 utvägar
427 1303 6 20 i
449 1303 69 20 denna
533 1303 99 26 rigtning,
648 1309 46 16 som
710 1303 40 21 den
767 1303 78 26 nädiga
857 1303 159 26 propositionen

188 1327 98 27 föreslär,
309 1329 60 22 skola
392 1331 44 20 helt
452 1331 72 21 säkert
540 1332 18 26 ej
575 1332 95 21 befinnas
686 1333 158 20 overksamma:
861 1331 155 27 tillverknings-

189 1356 70 21 tidens
274 1357 134 28 förlängning
424 1360 47 20 med
488 1366 25 15 en
529 1361 83 25 mänad,
625 1361 200 26 maximibeloppets
836 1359 135 22 förstorande
982 1360 34 21 vid

188 1384 124 23 fabrikerna
333 1387 49 21 med
405 1394 25 15 en
454 1388 60 26 hälft,
537 1389 130 26 redskapens
690 1389 185 26 mängfaldigande
892 1388 53 21 efter
961 1389 55 20 hvad

188 1419 48 15 man
252 1413 69 22 finner
336 1415 33 21 för
386 1416 31 26 sig
433 1416 162 27 fördelaktigast
611 1417 38 22 och
665 1417 129 27 lämpligast,
811 1417 102 27 rättighet
927 1417 33 21 för
978 1418 37 20 mi-

188 1441 151 29 nutförsäljare
355 1447 38 23 att,
410 1445 75 21 liksom
500 1445 194 28 spritfabrikanter,
710 1447 92 26 föryttra
818 1446 54 21 halft
888 1448 47 24 stop
952 1446 6 20 i
969 1448 46 19 sän-

188 1470 43 26 der,
249 1478 18 14 o.
285 1478 15 14 s.
316 1478 18 14 v.
365 1473 111 22 Utskottet
491 1474 39 21 har
546 1475 54 20 dock
616 1475 126 25 förtjensten
754 1474 23 21 af
787 1481 25 14 en
821 1476 56 19 ännu
888 1475 48 20 vida
947 1476 68 19 större

188 1500 107 25 öppenhet
321 1501 40 20 och
385 1501 173 22 oförskräckthet
577 1503 7 20 i
600 1505 111 24 systemets
727 1503 134 26 följdriktiga
876 1503 139 26 tillämpning.

187 1527 62 21 Hvad
273 1528 142 23 dimensioner
436 1531 47 21 dess
506 1531 140 28 förhoppning
676 1538 33 15 om
739 1531 276 22 bränvinskonsumtionens
