1117 1817
222 140 55 21 1722
436 146 162 19 Presteståndet
611 147 56 17 1872.
686 148 23 17 12
720 148 51 20 juni.

347 295 64 27 Den
429 295 33 28 12
479 295 70 34 juni
567 295 42 28 kl.
626 295 64 35 ';12
706 295 37 34 på
763 295 105 34 dagen.

261 380 70 22 Sedan
347 381 42 22 bön
404 381 27 28 på
446 381 68 22 finska
530 381 87 28 språket
628 381 112 22 förrättats
750 381 24 22 af
783 381 77 22 doktor
871 380 148 27 Hornborg,

192 409 80 22 skedde
287 416 89 21 upprop,
392 410 88 21 hvarvid
493 410 70 22 såsom
574 411 142 21 frånvarande
726 410 143 22 antecknades
881 409 137 27 domprosten

191 438 96 27 Renvall,
303 441 87 24 prosten
405 439 118 27 Grönberg,
538 439 149 28 kyrkoherden
703 439 64 26 Roos,
782 438 148 28 kyrkoherden
942 437 76 22 Helan-

192 467 37 21 der
245 467 40 21 och
300 467 136 27 domprosten
452 468 63 27 Borg.

260 627 40 21 Till
323 627 105 28 justering
453 627 109 28 upplästes
588 627 46 27 fyra
656 627 197 28 protokollsutdrag
875 627 34 21 för
932 627 40 21 den
992 627 24 21 11

192 655 79 22 dennes
287 659 55 18 samt
357 656 36 21 två
409 657 145 26 expeditioner
569 656 32 21 till
617 656 141 27 domkapitlet
773 657 6 20 i
815 655 34 22 Åbo.

260 815 57 22 Herr
325 816 122 21 talmannen
458 816 92 21 anmälte
559 818 33 19 att
598 816 86 27 plenum
693 816 110 27 plenorum
811 815 8 21 i
827 814 74 27 frågan
912 821 34 15 om
959 816 59 20 stän-

192 844 79 21 derhus
287 844 70 22 blifvit
372 846 68 20 utsatt
455 846 32 20 att
502 850 39 21 ega
556 851 46 15 rum
618 845 6 21 i
640 850 88 21 morgon
748 844 29 21 kl.
794 844 25 20 11
836 843 14 21 f.
866 850 27 14 m.
908 843 7 21 i
938 843 80 21 riddar-

191 872 107 27 hussalen,
321 872 88 22 hvarvid
431 873 49 21 herr
503 873 122 21 talmannen
641 873 6 21 i
663 873 105 21 anseende
790 872 33 21 till
838 872 50 21 herr
902 872 116 21 landtmar-

192 902 63 20 skens
278 902 130 26 opasslighet
430 902 85 21 komme
536 904 33 19 att
590 902 47 21 föra
656 902 67 21 ordet.
754 900 135 22 Protokollet
903 900 35 21 vid
953 900 65 26 sagde

190 930 87 26 plenum
291 930 85 21 komme
387 932 33 20 att
430 930 132 27 ombesörjas
572 930 22 22 af
604 929 264 22 riddarhussekreteraren
880 928 40 22 och
937 928 81 22 ridder-

190 959 87 26 skapets
293 958 39 22 och
347 959 74 21 adelns
436 959 75 21 kansli.

259 1112 118 22 Bordlades
407 1113 173 22 bankutskottets
605 1112 80 27 förslag
711 1113 33 21 till
769 1112 204 26 sammanjemkning
997 1112 24 20 af

189 1140 104 51 Srndens
315 1141 122 28 skiljaktiga
460 1141 71 22 beslut
545 1142 7 21 i
567 1141 76 27 frågan
666 1147 33 16 om
723 1141 130 27 reglemente
868 1140 33 21 för
917 1140 101 21 Finlands

205 1176 48 14 ank.

205 1351 4 4 =
259 1323 79 22 —Likasä
360 1324 114 21 bordlades
498 1324 196 27 sjölagsutskottets
709 1324 82 26 förslag
807 1323 32 22 till
854 1323 163 27 sammanjemk-

189 1358 50 20 ning
261 1352 24 21 af
305 1353 102 21 ständens
428 1352 124 27 skiljaktiga
574 1353 70 21 beslut
664 1352 133 22 beträffande
811 1352 118 21 utskottets
944 1351 73 22 betän-

189 1380 70 22 kande
275 1381 92 22 rörande
383 1381 67 22 stads-
466 1381 39 22 och
520 1381 216 27 landtmannafartyg.
