1117 1817
414 132 160 18 Presteståndet
588 133 55 17 1872.
836 128 53 20 1775

94 212 69 21 handa
185 212 137 26 olägenheter
344 212 40 21 och
406 212 161 27 förvecklingar,
590 212 23 21 af
634 212 71 21 hvilka
729 212 40 21 den
785 218 76 21 person
876 212 43 21 kan

94 240 98 25 drabbas,
215 242 45 19 mot
281 240 82 21 hvilken
378 240 32 27 jäf
427 240 2 21 i
445 240 137 22 merberörda
598 240 98 22 afseende
711 240 98 27 anmälts,
825 241 94 27 isynner-

93 268 37 22 het
153 275 33 15 om
208 269 99 26 dröjsmål
329 271 62 25 göres
407 269 49 21 med
468 269 76 27 jäfvets
560 269 137 26 fullföljande,
712 269 39 22 har
763 269 157 27 presteståndet

94 297 101 27 enhälligt
217 297 84 22 förenat
322 297 33 28 sig
377 297 6 21 i
407 298 40 21 den
466 297 62 27 åsigt,
544 299 32 20 att
598 298 6 21 3
620 298 13 27 $
649 299 12 20 7
677 297 48 28 kap.
742 297 25 22 G.
783 297 32 26 B.,
831 297 38 22 der
884 298 35 21 det

94 326 92 26 stadgas,
201 328 44 25 ,att
259 326 40 21 den
315 333 46 14 som
374 326 33 27 jäf
418 325 86 26 anmält,
520 326 40 21 bör
574 328 59 19 strax
648 326 39 21 hos
702 326 130 27 Konungens
841 325 78 23 Befall-

94 354 164 27 ningshafvande
274 355 62 21 ställa
352 355 79 26 borgen
447 355 33 21 för
496 354 28 22 all
540 355 66 21 skada
622 354 40 22 och
678 355 90 21 kostnad
785 357 54 19 samt
854 355 65 22 sedan

94 385 49 24 taga
165 383 104 27 stemning
292 383 32 21 till
346 385 63 20 nästa
431 383 199 27 rättegångstimma
652 383 13 22 å
688 383 47 26 den,
754 389 45 16 som
813 383 32 27 jäf
857 385 62 26 göres

94 413 77 23 emot",
187 411 68 22 skulle
271 412 94 21 erfordra
381 414 32 19 ett
427 411 213 28 förfullständigande
654 411 74 28 tillägg
742 412 6 21 i
765 412 40 21 den
820 411 98 28 syftning,

95 442 32 19 att
148 446 76 21 person
248 447 45 15 som
313 441 33 26 jäf
367 443 58 19 emot
444 440 213 28 äktenskapslysning
680 440 99 28 anmäler,
795 441 39 21 bör
849 441 69 21 såsom

95 468 67 22 vilkor
184 469 32 20 för
239 469 127 27 rättigheten
383 471 32 20 att
430 469 20 22 få
465 469 111 27 lysningen
591 469 86 22 inställd
692 469 57 21 inom
765 469 72 22 trettio
853 469 66 27 dagar

94 497 53 21 efter
169 498 64 26 sagde
253 497 40 26 jäfs
316 498 99 21 anmälan
437 497 32 22 till
492 497 148 28 kyrkoherden
656 497 6 21 i
677 497 149 28 församlingen
841 497 78 27 ingifva

95 526 57 21 bevis
167 526 54 21 ifrån
243 526 159 22 vederbörande
417 526 201 27 guvernörsembete
634 526 97 22 deröfver
746 528 31 19 att
793 526 78 27 borgen
887 526 32 22 för

94 554 90 22 kostnad
207 555 39 22 och
269 555 66 22 skada
357 555 68 21 blifvit
448 555 65 21 ställd
536 557 55 19 samt
612 555 58 21 inom
690 554 79 28 fjorton
785 555 66 26 dagar
866 555 53 21 efter

94 585 61 20 nästa
177 583 198 28 rättegångstimma
393 583 78 28 jemväl
487 583 39 22 hos
541 583 151 28 kyrkoherden
706 583 67 22 förete
789 584 58 27 intyg
862 584 57 21 öfver

92 611 75 27 jäfvets
182 612 130 27 fullföljande
328 613 33 20 vid
377 613 47 26 laga
440 612 98 22 domstol.

162 641 31 21 På
207 641 68 26 grund
291 641 60 21 häraf
365 642 64 26 vågar
444 641 160 26 presteståndet
618 641 7 20 i
640 641 97 26 djupaste
753 640 166 28 underdånighet

94 669 40 21 hos
148 669 67 21 Eders
231 670 118 26 Kejserliga
364 670 100 26 Majestät
479 669 91 26 anhålla,
587 669 36 21 det
638 669 82 21 täcktes
736 669 67 22 Eders
819 669 99 27 Majestät

94 696 106 29 förelägga
221 698 100 22 Finlands
344 698 248 22 nästsammanträdande
607 698 88 21 ständer
710 698 63 26 nådig
788 698 130 27 proposition

94 726 6 20 i
117 726 136 22 förenämnda
269 727 60 27 syfte.

162 756 144 21 Framhärdar
321 762 19 14 m
363 762 26 14 m.
