1117 1817
352 162 160 18 Presteståndet
524 163 54 16 1872.
604 163 26 16 24
643 162 47 21 maj.

861 156 54 21 1283

118 244 55 20 ännu
194 242 61 26 lägga
271 244 35 19 ett.
338 241 55 27 Vilja
409 241 26 22 de
450 241 46 22 icke
510 241 78 27 betala,
604 242 72 21 kunna
692 241 26 22 de
733 241 62 28 flytta
810 241 47 21 litet
871 241 73 26 längre

117 270 49 23 bort
181 273 25 19 än
223 276 26 15 en
264 269 46 22 half
323 270 35 21 mil
374 270 45 22 från
436 271 81 21 staden.
543 270 127 27 Derigenom
686 270 68 27 slippa
765 270 27 22 de
805 269 42 22 alla
857 269 87 27 utgifter

117 299 32 22 till
164 299 82 22 staden.

185 373 90 21 Prosten
318 379 165 20 Rosengren:
499 373 207 27 Kontraktsprosten
721 372 113 22 Hackzells
845 371 98 29 yttrande

117 401 106 22 förefaller
239 401 42 26 mig
301 401 86 22 alldeles
403 402 107 21 oväntadt.
542 401 39 22 Om
598 408 25 15 en
639 408 76 21 person
732 401 39 21 bor
787 401 56 21 inom
859 407 26 15 en
901 400 44 21 half

118 429 35 22 mil
175 429 46 22 från
244 431 69 25 någon
328 430 54 26 stad,
398 430 39 21 har
453 430 37 21 der
505 431 87 26 uppfört
607 430 131 26 boningshus
753 431 23 20 åt
791 430 31 26 sig
838 430 38 21 och
892 429 52 26 möj-

117 458 70 27 ligtvis
212 459 123 21 accorderat
359 459 23 21 åt
407 459 31 26 sig
462 460 70 25 någon
547 459 119 27 äkertäppa
680 459 46 21 från
743 459 36 21 det
796 459 105 25 hemman,
917 458 27 26 pä

117 487 62 22 hvars
195 487 60 22 mark
271 487 52 21 hans
337 493 47 16 rum
399 489 37 20 äro
452 487 110 28 uppförda,
577 487 69 22 skulle
662 487 28 22 då
704 487 133 26 lagstiftaren
849 489 52 24 göra
911 485 32 22 till

117 515 32 22 sin
173 515 82 28 uppgift
278 518 31 19 att
330 518 35 19 äta
387 519 24 18 ut
433 517 39 20 den
489 523 59 14 arma
564 516 124 21 menniskan
703 516 46 21 från
765 516 41 21 den
823 516 62 26 plats,
901 514 42 21 han

116 544 104 21 innehar?
250 544 30 27 Ty
304 551 34 14 om
361 544 42 22 han
425 545 81 26 nödgas
525 545 71 21 betala
611 545 136 21 kommunala
761 544 111 27 utskylder
886 543 55 22 både

117 573 32 20 till
171 573 65 21 stads-
261 572 40 22 och
321 573 195 26 landskommunen,
533 574 67 21 måste
616 574 42 21 han
674 573 138 27 ovilkorligen
827 574 27 26 gå
869 571 74 22 under.

118 601 39 22 Om
181 608 47 14 man
251 601 104 27 lagstiftar
373 602 27 27 på
416 602 58 21 detta
490 604 49 24 sätt,
555 603 41 20 kan
613 608 47 15 man
676 601 80 22 förutse
772 604 32 19 att
819 602 6 20 i
841 601 103 22 närheten

118 629 22 22 af
153 630 106 27 åtskilliga
280 630 183 21 stadskommuner
478 631 57 21 inom
550 632 70 25 någon
636 631 30 21 tid
682 630 53 21 skall
751 631 38 20 ske
805 637 25 14 en
846 629 97 25 vastatio,

118 665 25 15 en
159 659 139 26 ödeläggelse,
319 659 39 21 och
371 659 36 26 jag
423 659 79 21 förmår
517 659 46 21 icke
578 659 52 25 inse,
646 659 71 21 hvilka
733 659 92 27 burskap
841 659 27 21 då
883 657 61 22 skola

118 689 71 24 mägta
209 686 54 22 lefva
286 688 23 26 på
334 688 61 20 dessa
411 687 83 23 ställen,
524 688 41 26 Jag
580 694 63 14 anser
658 690 32 18 att
705 688 59 20 detta
780 689 25 19 är
819 689 32 19 ett
865 686 78 22 förhäl-

117 715 68 27 lande,
208 716 47 20 med
278 715 97 22 afseende
397 716 14 21 å
433 716 80 22 hvilket
536 716 101 21 Finlands
660 716 87 21 ständer
761 716 115 26 ingalunda
892 715 52 20 böra

117 745 51 25 göra
192 744 31 26 sig
246 744 96 27 skyldiga
365 744 31 21 till
413 751 25 15 en
453 744 133 27 lagstiftning
601 745 6 21 i
624 745 35 21 det
675 744 60 28 syfte,
752 747 32 19 att
799 751 26 15 en
841 744 34 21 hel
890 743 53 21 folk-

117 772 57 22 klass
189 774 61 25 göres
267 772 105 27 verkligen
388 773 97 27 olycklig,
502 776 51 19 utan
565 773 51 21 böra
627 774 62 20 dessa
697 780 101 20 personer
805 772 139 26 ovilkorligen

116 800 72 22 betala
212 802 75 20 endast
312 802 31 20 till
371 802 39 20 den
436 802 107 24 kommun,
560 802 31 21 till
607 802 85 21 hvilken
709 802 25 21 de
751 802 119 26 egentligen
884 800 59 21 höra.

118 829 27 21 Så
161 830 47 21 vida
221 830 27 21 de
263 830 46 21 icke
325 830 66 22 drifva
407 830 169 26 fabriksrörelse,
592 831 52 21 böra
660 830 25 22 de
701 830 55 22 blott
766 830 72 22 betala
849 829 95 26 närings-

117 858 60 26 afgift
199 858 32 21 till
247 859 82 26 staden,
345 859 107 21 beräknad
469 859 54 21 efter
539 860 42 25 det,
597 866 46 14 som
659 859 62 21 deras
737 859 73 21 arbete
825 859 43 21 kan
883 864 61 15 anses

117 892 50 16 vara
192 887 67 25 värdt,
285 887 52 21 eller
361 888 64 21 också
447 888 72 21 kunna
542 888 25 21 de
590 888 96 26 upphöra
709 890 32 19 att
757 890 51 24 göra
823 887 74 21 arbete
913 886 32 21 till

117 915 80 49 hin
221 916 38 21 och
283 916 27 21 dä
331 916 39 21 har
389 922 48 16 man
454 916 75 21 endast
544 916 137 27 frampressat
697 916 104 27 oärlighet
817 916 39 21 och
871 916 72 20 luren-

133 950 66 20 rejeri.

185 1018 50 22 Vice
258 1021 73 25 pastor
353 1019 151 27 Dahlberg:
526 1019 70 22 Jemte
620 1020 36 21 det
672 1020 36 26 jag
723 1019 92 21 skänker
831 1019 47 21 mitt
894 1017 51 22 fulla

117 1046 59 22 bifall
199 1047 31 21 till
253 1047 55 21 hvad
324 1050 86 24 prosten
425 1048 123 26 Rosengren
565 1048 75 26 anfört,
657 1048 35 21 vill
705 1048 36 26 jag
757 1050 50 24 göra
823 1047 122 21 kontrakts-

117 1078 86 24 prosten
219 1076 101 21 Hackzell
335 1077 149 26 uppmärksam
502 1077 26 26 pä
544 1078 66 24 nägra
625 1077 66 21 andra
707 1076 150 22 förhällanden.
877 1076 68 21 Dessa

118 1104 155 22 handtverkare
288 1105 71 21 kunna
374 1105 62 21 hafva
451 1105 69 26 ingått
534 1105 102 21 kontrakt
652 1105 47 21 med
723 1105 222 26 hemmansegarenom

116 1132 48 27 jord
180 1133 39 20 och
236 1133 116 27 tomtplats.
375 1133 42 21 Vill
427 1134 200 26 kontraktsprosten
638 1133 106 26 Hackzell,
757 1136 31 18 att
798 1134 61 20 dessa
869 1132 82 21 handt
941 1128 13 37 -

118 1161 87 21 verkare
221 1161 60 21 skola
297 1162 60 27 bryta
373 1163 44 20 sina
433 1162 115 21 kontrakt?
568 1161 39 28 Jag
623 1165 45 18 tror
683 1164 32 19 att
729 1161 155 27 gärdsegarene
899 1161 46 21 icke

118 1192 36 19 äro
178 1191 23 20 sä
224 1189 87 22 alldeles
334 1190 116 27 angelägna
472 1197 34 14 om
530 1191 42 25 det,
596 1193 22 24 ty
639 1197 33 14 om
688 1190 182 21 handtverkarene
885 1189 60 27 flytta

118 1217 49 22 bort
189 1218 38 21 och
245 1219 47 20 föra
308 1219 45 20 sina
368 1225 46 15 rum
431 1219 46 20 med
494 1219 34 27 sig
544 1219 38 21 och
598 1219 62 27 ingen
676 1225 69 15 annan
761 1219 95 21 bosätter
871 1218 32 26 sig
918 1217 27 28 pä

118 1246 61 22 deras
204 1247 66 26 mark,
286 1247 79 21 förlora
381 1248 25 20 de
422 1247 136 27 naturligtvis
573 1248 81 25 ganska
669 1248 83 27 mycket
768 1247 22 21 af
803 1247 46 22 sina
864 1246 81 21 inkom-

118 1277 43 19 ster
179 1275 39 21 och
235 1275 45 21 sina
296 1275 97 22 fördelar.
424 1276 128 27 Derigenom
568 1276 68 21 skulle
652 1282 48 15 man
715 1275 82 22 säledes
813 1275 86 22 komma
913 1276 34 20 att

118 1305 51 25 göra
184 1310 26 15 en
225 1303 98 28 ofantligt
337 1307 45 18 stor
397 1304 109 21 orättvisa.

186 1383 111 22 Professor
319 1383 137 22 Forsman:
479 1383 45 22 Det
544 1383 88 27 faktum,
648 1389 45 16 som
709 1383 60 27 gifvit
784 1382 115 27 anledning
913 1382 34 22 till

119 1412 68 21 denna
203 1412 125 26 diskussion,
344 1414 24 19 är
383 1412 99 27 temligen
499 1413 151 26 märkvärdigt,
666 1413 87 21 emedan
769 1413 36 20 det
820 1412 56 21 visar
891 1411 56 21 huru

118 1440 106 22 välmenta
245 1441 101 26 ätgärder
370 1441 82 27 mycket
468 1441 40 21 lätt
524 1441 46 21 föra
585 1441 30 21 till
632 1441 161 27 konsegvenser,
810 1440 71 21 hvilka
897 1445 49 15 man

118 1469 45 21 icke
186 1469 81 21 kunnat
290 1469 99 21 beräkna.
420 1469 46 22 Den
490 1469 140 27 bestämning,
653 1475 44 16 som
721 1469 68 26 ingått
811 1469 6 21 i
841 1469 55 21 1868
911 1469 36 20 års

118 1497 225 27 näringslagstiftning,
366 1497 80 28 äsyftar
468 1500 32 19 att
523 1497 66 22 befria
605 1498 110 21 städernas
730 1497 155 22 handtverkare
900 1497 47 20 frän

118 1531 26 16 en
167 1526 138 24 konkurrens,
328 1532 46 15 som
398 1532 48 15 man
469 1527 65 26 ansäg
553 1526 32 21 för
601 1526 47 21 dem
664 1532 51 15 vara
730 1527 75 26 ojemn.
836 1525 29 22 Af
878 1525 70 21 denna
