1117 1817
347 150 161 18 Presteståndet
521 151 57 17 1872.
601 152 23 16 31
637 150 48 22 maj.
846 144 54 21 1455

108 233 30 20 vit
163 233 32 20 till
216 231 222 27 justeringsutskottet
461 230 159 26 öfverlemnadt,
643 229 66 28 ansåg
731 230 86 21 ståndet
839 229 92 27 besagde

104 267 48 16 svar
175 267 51 14 vara
246 260 106 26 justeradt
375 262 51 18 utan
448 259 74 21 vidare
545 259 126 26 tillgörande
694 258 47 21 från
762 259 96 21 ståndets
873 258 58 29 sida,

103 289 87 22 hvarom
213 289 138 26 expeditions-
376 288 39 21 och
436 287 227 28 justeringsutskotten
686 287 65 22 borde
774 287 7 21 i
796 287 135 27 protokolls->

104 319 76 26 utdrag
196 317 143 21 underrättas.

173 472 84 21 Doktor
303 471 135 26 Hornborg
453 471 73 21 anhöll
539 473 32 19 att
582 471 41 21 den
636 473 12 19 6
659 470 144 22 instundande
813 470 45 27 juni
869 469 64 22 blifva

108 501 83 21 befriad
212 500 47 21 frän
275 501 37 20 sitt
327 500 149 27 ledamotskap
490 500 8 21 i
513 499 247 28 expeditionsutskottet,
776 499 89 21 emedan
881 498 52 21 dok-

109 532 48 19 torn
179 529 7 21 i
202 529 79 21 medlet
297 528 22 21 af
333 535 82 14 samma
430 529 77 20 mänad
523 529 85 20 komme
624 530 32 19 att
671 527 74 27 ätfölja
760 528 77 27 biskop
852 527 81 22 Schau-

107 565 47 14 man
178 559 27 26 pä
224 564 26 15 en
265 557 169 21 visitationsresa
448 558 6 20 i
470 557 71 26 Borgä
556 557 52 21 stift.
639 556 60 22 Efter
715 557 65 26 nägra
796 556 138 27 motsägelser

106 587 47 21 från
176 587 96 21 ständets
288 586 47 21 sida
351 586 40 21 och
407 586 64 21 sedan
488 585 77 22 doktor
580 585 115 26 Hornborg
710 585 105 21 förklarat
830 585 31 26 sig
877 584 57 27 villig

107 617 32 20 att
154 616 32 20 till
202 616 40 21 den
259 615 25 20 15
300 615 7 20 i
323 615 64 26 sagde
403 614 77 21 mänad
496 615 86 26 gvarstä
598 615 6 20 i
617 614 246 27 expeditionsutskottet,
874 613 60 21 biföll

106 644 86 21 ståndet
215 643 77 22 doktor
314 643 124 26 Hornborgs
461 643 100 21 anhållan
584 649 34 15 om
637 643 94 26 ledighet
746 642 47 21 från
809 641 125 22 nästnämdä

107 673 48 26 dag,
176 672 40 21 och
239 671 80 22 erhöllo
341 672 132 21 elektorerne
489 671 7 21 i
512 672 96 26 uppdrag
624 673 32 19 att
671 673 47 19 utse
734 677 70 15 annan
819 671 94 21 ledamot
927 670 8 21 i

107 700 140 22 omförmälde
263 700 83 21 utskott
361 700 7 21 i
384 700 71 21 stället
470 700 33 21 för
518 700 78 21 doktor
612 700 121 26 Hornborg.

180 871 111 22 Likaledes
313 872 108 26 uppdrogs
444 871 22 21 ät
489 871 134 21 elektorerne
642 872 32 20 att
690 874 47 18 utse
752 870 112 27 suppleant
879 870 7 21 i
902 876 34 15 ex-

111 900 215 28 peditionsutskottet
341 900 6 20 i
363 900 72 21 stället
449 900 34 20 för
498 900 150 26 kyrkoherden
664 900 63 25 Roos,
744 905 45 15 som
805 899 84 21 komme
905 900 32 20 att

111 935 50 15 vara
176 929 141 21 fränvarande
333 928 47 22 frän
396 930 60 20 orten
472 928 91 21 emellan
580 928 40 21 den
633 929 25 20 12
670 928 39 21 och
720 928 26 21 26
757 928 46 27 juni
815 928 5 20 i
831 927 106 21 anseende

110 958 32 21 till
158 964 25 15 en
199 964 46 15 resa
261 958 33 20 för
309 956 123 28 afläggande
448 957 22 21 af
484 957 49 27 prof
547 957 32 21 för
594 956 227 28 kyrkoherdetjensten
836 957 7 20 i
853 956 82 26 Ulfsby.

180 1118 121 20 Fortsattes
328 1118 48 21 med
399 1118 157 25 granskningen
578 1117 22 20 af
622 1117 217 21 ekonomiutskottets
865 1116 74 21 betän-

113 1147 69 20 kande
198 1146 7 21 i
221 1146 114 27 anledning
350 1146 23 21 af
387 1146 59 21 Hans
461 1146 121 27 Kejserliga
597 1145 111 27 Majestäts
719 1145 78 26 nädiga
807 1144 132 27 proposition

112 1175 109 26 angående
246 1175 142 26 tillverkning,
406 1174 132 27 försäljning,
554 1175 79 26 upplag
648 1174 40 21 och
704 1174 87 27 forsling
805 1173 24 21 af
842 1173 97 21 bränvin.

181 1248 11 21 1
215 1248 100 21 afseende
335 1248 13 21 &
363 1248 12 28 &
392 1249 34 25 47,
441 1255 45 14 som
502 1255 29 14 nu
546 1248 66 27 följde
626 1248 7 21 i
649 1248 122 27 ordningen,
787 1247 104 28 begärdes
907 1253 34 15 or-

114 1277 35 20 det
165 1276 54 21 först
235 1277 22 20 af
272 1277 202 27 kontraktsprosten
490 1277 170 27 Alopaeus,
677 1283 45 15 som
732 1277 95 27 yttrade:
851 1275 41 26 Jag
902 1275 39 22 har

114 1305 74 26 begärt
211 1305 62 22 ordet
295 1305 34 21 för
352 1307 32 20 att
399 1306 7 21 i
421 1306 42 21 allo
479 1305 108 27 tillstyrka
602 1305 119 27 antagande
737 1305 23 21 af
773 1305 41 21 den
829 1304 112 21 redaktion

112 1334 24 21 af
149 1335 6 20 i
171 1333 60 28 fräga
246 1334 95 21 varande
356 1334 107 27 paragraf,
479 1340 47 15 som
541 1333 67 22 finnes
623 1334 86 26 intagen
724 1334 7 21 i
746 1333 108 27 professor
867 1332 74 22 Cleves

114 1363 138 26 reservation,
276 1362 53 21 sidd.
352 1363 27 20 28
395 1363 39 21 och
450 1363 27 21 29
493 1363 7 20 i
516 1363 116 21 utskottets
647 1362 141 25 betänkande,
804 1362 28 27 pä
847 1361 25 21 de
888 1360 53 27 skäl,

114 1397 45 15 som
175 1391 23 20 af
211 1391 80 21 honom
306 1391 8 21 i
328 1391 150 27 hufvudsaklig
496 1391 219 22 öfverensstämmelse
730 1391 47 21 med
793 1391 67 21 andra
875 1395 68 16 reser-

114 1422 73 22 vanter
203 1422 45 19 mot
263 1420 148 21 betänkandet
426 1420 70 21 blifvit
514 1419 95 22 anförda.

183 1487 52 22 Vice
251 1489 74 25 pastor
375 1488 179 21 Westerlund:
570 1488 32 21 Pä
616 1494 81 15 samma
711 1489 44 20 sätt
770 1493 45 16 som
831 1487 40 21 den
887 1486 56 22 före-

115 1515 81 27 gående
212 1517 91 24 talaren,
319 1516 68 21 skulle
403 1516 60 21 äfven
476 1517 38 26 jag
530 1516 85 21 anhälla
630 1518 32 19 att
677 1516 22 21 få
714 1516 85 21 förorda
815 1516 40 21 den
867 1515 76 22 redak-

115 1545 52 26 tion,
183 1551 46 15 som
246 1544 110 27 professor
371 1544 63 22 Cleve
449 1545 7 21 i
471 1545 101 22 afseende
587 1545 13 21 &
616 1545 69 21 denna
699 1544 102 27 paragraf
814 1543 90 28 afgifvit.

852 1583 23 17 93
