1117 1817
223 129 54 20 1750
440 135 160 18 Presteståndet
614 136 56 17 1872.
696 136 22 17 18
729 136 52 21 juni.

261 216 33 19 2:0
310 216 108 26 angående
434 216 96 21 ständets
547 216 69 21 beslut
632 216 132 21 beträffande
780 216 152 27 lagutskottets
945 216 74 21 betän-

191 243 70 21 kande
287 244 6 21 i
318 245 112 26 anledning
454 245 22 21 af
505 245 165 21 bondeständets
700 245 182 26 petitionsförslag
911 244 109 27 angående

192 272 90 27 ändring
295 273 23 20 af
328 273 73 27 lagens
416 273 132 27 stadganden
564 280 34 15 om
614 274 64 21 oäkta
694 274 65 21 barns
775 273 98 26 arfsrätt;

262 341 33 21 3:0
311 341 107 27 angäende
441 342 156 26 godkännande
619 342 23 21 af
656 342 243 26 bevillningsutskottets
915 347 105 16 samman-

189 369 202 28 jemkningsförslag
406 371 6 20 i
428 370 62 27 fråga
504 377 34 14 om
554 370 282 27 stämpelpappersafgiften
826 365 13 37 ;

260 439 35 21 4:0
311 439 108 26 angående
436 439 95 22 ständets
546 439 70 22 beslut
627 441 31 20 att
669 441 78 25 antaga
757 439 168 27 presteständets
936 439 82 27 inbjud-

191 467 51 26 ning
257 467 131 22 beträffande
405 475 61 14 mom.
484 469 12 20 3
512 468 5 21 i
535 469 107 20 allmänna
658 468 204 21 besvärsutskottets
884 467 135 22 betänkande

191 497 92 20 rörande
296 496 252 28 jernvägsanläggningar
564 497 39 21 och
620 497 294 26 jernvägsundersökningar
904 492 12 36 ;

260 565 34 21 5:0
311 565 107 27 angående
440 566 119 25 antagande
582 565 23 22 af
626 566 171 21 statsutskottets
815 565 155 27 framställning
985 567 32 19 att

191 592 85 23 ständet
291 593 66 22 mätte
373 594 73 21 förena
462 595 31 26 sig
508 595 47 20 med
573 595 176 26 borgareständet
765 595 5 20 i
786 594 61 27 fräga
859 601 34 14 om
902 594 116 21 anvisande

190 622 24 21 af
227 623 69 20 medel
312 623 31 20 till
360 623 148 22 bestridanden
524 623 22 21 af
560 623 240 27 landtdagskostnader
790 618 13 37 ;

260 719 21 25 b)
297 719 46 21 frän
359 720 164 22 bondeständet:

262 783 32 21 1:o
315 783 109 27 angående
446 784 155 26 godkännande
625 783 23 21 af
669 783 241 21 kommunalutskottets
937 783 80 27 förslag

189 810 33 22 till
238 812 204 26 sammanjemkning
458 812 131 21 beträffande
604 812 78 27 nädiga
697 812 160 26 propositionen
873 818 34 15 om
920 812 96 21 kommu-

189 839 192 28 nalförvaltningen
397 841 6 20 i
419 841 57 25 stad;

259 904 34 20 2:0
309 903 108 27 angående
430 904 154 26 godkännande
595 903 23 21 af
627 903 152 27 lagutskottets
792 903 223 27 sammanjemknings-

189 931 80 27 förslag
292 932 91 21 rörande
405 932 78 27 nädiga
506 932 158 27 propositionen
680 938 33 16 om
729 932 127 22 afträdande
871 932 24 22 af
908 932 60 21 mark
983 932 33 21 till

188 960 115 26 landsväg
294 956 12 34 ;

258 1025 34 19 3:0
308 1024 108 26 angående
438 1024 119 26 antagande
573 1024 23 20 af
610 1024 170 21 statsutskottets
803 1024 156 26 framställning
979 1024 38 20 be-

188 1051 105 21 träffande
315 1052 98 27 samtliga
435 1053 34 21 vid
494 1054 69 20 denna
587 1053 103 26 landtdag
710 1052 127 27 ifrågasatta
861 1053 75 26 anslag
961 1054 55 20 samt

188 1082 67 19 sättet
270 1080 33 22 för
319 1081 137 21 anskaffande
471 1081 23 21 af
506 1081 69 21 medel
591 1082 32 20 till
639 1081 118 26 desamma;

257 1144 34 20 4:0
314 1143 108 27 angående
444 1144 155 26 godkännande
623 1144 23 21 af
669 1143 217 22 ekonomiutskottets
910 1149 105 16 samman-

185 1171 202 28 jemkningsförslag
407 1173 109 26 angäende
539 1172 78 27 nädiga
639 1173 160 26 propositionen
822 1179 34 14 om
872 1173 142 25 tillverkning,

187 1199 132 28 försäljning,
336 1201 78 27 upplag
429 1201 39 22 och
484 1201 88 27 forsling
587 1201 23 21 af
624 1201 99 26 bränvin;

257 1264 33 21 5:0
306 1263 109 28 angående
430 1264 155 27 godkännande
600 1264 24 21 af
637 1265 154 20 sammansatta
807 1265 65 20 stats-
884 1263 40 22 och
935 1263 79 22 ekono-

186 1292 148 21 miutskottets
357 1293 295 27 sammanjemkningsförslag
672 1292 132 22 beträffande
825 1292 77 27 nådiga
917 1293 97 26 proposi-

186 1320 73 21 tionen
275 1327 34 15 om
325 1321 121 27 riktningen
462 1321 20 22 af
498 1322 134 25 stambanor;

255 1384 34 21 6:0
305 1384 109 27 angående
427 1385 154 25 godkännande
592 1384 24 21 af
624 1384 243 27 bevillningsutskottets
878 1383 136 32 betänkande

184 1411 7 22 i
207 1412 116 27 anledning
338 1413 22 21 af
373 1413 78 27 nådiga
466 1413 158 27 propositionen
640 1419 34 15 om
690 1413 119 26 utgörande
824 1413 23 20 af
855 1412 115 26 bevillning
980 1411 34 22 för

186 1441 56 20 1873
258 1441 39 21 och
313 1441 121 27 påföljande
450 1441 34 26 år;

254 1504 34 20 7:0o
305 1503 110 27 angående
437 1503 154 27 godkännande
614 1504 22 21 af
651 1504 174 21 bankutskottets
850 1503 163 27 sammanjemk-

184 1531 143 28 ningsförslag
343 1532 131 21 beträffande
490 1533 128 26 reglemente
633 1533 33 21 för
681 1533 102 21 Finlands
799 1532 67 27 bank;
