1117 1817
320 158 160 18 Presteståndet
494 159 54 17 1872.
572 160 28 16 24
612 159 48 21 maj.
837 153 54 21 1289

98 238 46 21 från
166 239 85 21 stadens
274 238 29 24 rå,
327 238 60 21 skola
409 237 61 22 hafva
494 238 92 27 burskap
607 239 7 21 i
629 238 85 26 staden;
735 245 47 14 men
799 237 86 22 dermed
899 239 24 20 är

98 267 46 28 icke
166 267 62 26 sagdt
250 268 31 19 att
303 267 86 20 stadens
411 266 87 21 område
523 267 54 21 skall
600 268 27 25 på
650 267 59 25 detta
731 269 43 19 sätt
796 266 126 21 utsträckas.

97 295 66 22 Afven
187 295 67 21 finner
267 295 36 26 jag
318 295 158 26 bestämningen
492 295 6 20 i
514 296 27 21 55
557 295 11 28 $
585 295 73 22 derom
674 297 32 20 att
720 295 60 26 afgift
795 295 55 21 skall
865 295 59 21 beta-

98 323 31 22 las
151 324 56 21 blott
228 324 33 21 för
283 324 40 21 den
343 323 74 27 näring
432 323 52 22 eller
499 323 86 26 rörelse,
601 325 70 26 någon
687 323 78 22 drifver
779 324 7 21 i
803 323 53 26 stad,
873 329 50 16 vara

98 353 24 20 så
142 352 73 28 tydlig,
238 354 31 19 att
285 353 39 20 den
340 352 138 27 tillämpning,
495 359 45 14 som
556 353 39 20 här
610 353 92 26 antydts,
719 352 48 22 icke
781 352 42 21 kan
839 352 84 21 komma

97 381 6 20 i
119 381 64 26 fråga.
202 393 24 2 —
243 381 42 21 För
300 380 62 27 öfrigt
377 380 123 22 hemställer
512 381 43 27 jag,
571 381 104 21 huruvida
690 381 47 22 icke
752 381 86 22 ståndet
848 386 75 21 genom

97 409 41 22 den
154 410 63 25 långa
232 409 144 22 diskussionen
391 409 57 22 såväl
464 416 29 15 nu
508 415 45 16 som
569 410 6 21 i
591 409 129 27 förmiddags
736 410 65 21 redan
816 409 39 22 har
869 409 54 21 hun-

98 438 31 21 nit
143 437 57 22 bilda
215 437 32 27 sig
263 439 64 26 något
342 438 97 21 omdöme
453 438 7 21 i
476 438 72 21 saken.

166 501 109 21 Professor
298 501 154 21 Forsman:
476 501 40 26 Jag
532 501 47 21 ville
595 501 55 21 blott
662 503 57 24 säga,
735 503 33 19 att
783 502 27 20 55
827 501 12 26 &
856 499 67 28 möjli-

99 536 40 20 gen
161 535 75 21 genom
259 535 26 15 en
308 529 94 27 tolkning
418 529 41 21 kan
476 529 66 22 befria
558 530 6 20 i
579 529 57 28 fråga
654 530 92 21 varande
762 535 101 22 personer
877 529 46 21 från

97 559 66 20 andra
186 560 26 19 än
236 564 25 15 en
284 558 155 27 näringsafgift;
464 565 47 14 men
535 558 35 21 det
593 560 24 19 är
640 559 85 20 dermed
747 558 46 21 icke
809 558 68 27 sagdt,
892 559 32 19 att

96 587 119 21 domstolen
239 586 58 21 alltid
319 587 53 21 skall
389 586 60 22 hafva
468 593 26 14 en
510 587 66 21 sådan
592 587 104 26 tolkning.
725 587 41 25 Jag
780 589 46 19 tror
841 588 32 19 att
888 585 36 22 det

98 615 79 26 tillägg,
193 621 46 15 som
255 617 158 19 reservanterne
429 615 62 21 hafva
506 615 115 27 föreslagit,
632 616 128 21 åtminstone
771 615 18 27 ej
801 615 41 21 kan
853 614 71 22 åstad-

97 643 85 22 komma
204 644 69 26 någon
295 644 71 26 skada,
383 650 45 15 men
445 644 99 27 möjligen
560 644 132 21 förekomma
707 651 25 14 en
749 646 56 19 orätt
821 643 101 27 tolkning.

166 706 70 22 Sedan
259 706 144 21 diskussionen
425 706 90 22 härmed
537 706 104 26 afslutats,
663 706 123 22 framstälde
809 706 51 21 herr
875 704 50 22 tal-

98 741 103 15 mannen
238 734 91 27 följande

166 798 141 26 proposition:

169 862 39 24 1:0)
232 861 127 21 Godkänner
381 862 84 21 ståndet
481 868 63 15 mom.
562 863 10 19 1
590 861 22 21 af
626 862 14 26 &
656 862 26 20 53
698 861 6 21 i
720 861 115 21 utskottets
852 860 72 21 betän-

100 890 69 21 kande
185 890 142 26 oförändradt,
343 890 51 21 eller
409 890 61 22 icke?

168 953 46 21 Den
237 959 45 15 som
305 953 123 26 godkänner
450 955 116 19 momentet
582 952 145 27 oförändradt,
743 958 73 16 svarar
828 952 33 27 ja;
885 951 40 21 den

99 980 37 22 det
151 981 46 21 icke
212 983 45 24 gör,
271 988 74 15 svarar
359 981 43 27 nej;

169 1010 78 21 Vinner
262 1010 40 26 nej,
317 1010 39 21 har
371 1010 85 21 ständet
471 1010 93 21 beslutat
579 1010 32 27 sig
626 1010 33 21 för
673 1010 74 26 tillägg
762 1009 32 21 till
810 1011 115 19 momentet

100 1038 14 49 ;
116 1067 11 21 N
136 1038 29 49 vi
187 1038 60 27 syfte,
271 1045 44 15 som
331 1038 49 22 herr
396 1038 105 22 Höckerts
518 1039 94 21 deremot
628 1038 77 28 afgifna
721 1038 130 22 reservation
866 1037 59 21 inne-

145 1070 42 18 er".

168 1095 131 21 Besvarades
315 1096 46 21 med
377 1096 161 28 öfvervägande
549 1096 35 27 ja,
600 1096 40 21 och
655 1096 44 21 blef
713 1097 116 20 momentet
844 1094 82 22 således

101 1124 138 21 oförändradt
254 1124 114 27 godkändt.

169 1182 42 24 2:0)
235 1181 127 22 Godkänner
385 1181 84 22 ståndet
485 1183 11 25 $
512 1182 28 21 53
555 1181 6 21 i
577 1181 63 27 öfrigt
656 1181 127 21 oförändrad
799 1180 52 22 eller
865 1179 62 22 icke?

169 1237 46 22 Den
238 1244 44 15 som
305 1238 123 27 godkänner
450 1238 126 27 paragrafen
599 1239 6 20 i
627 1238 63 27 öfrigt
705 1237 134 26 oförändrad,
855 1242 73 16 svarar

100 1266 32 27 ja;
149 1266 39 21 den
204 1267 35 20 det
254 1267 46 21 icke
315 1269 44 24 gör,
375 1273 73 15 svarar
463 1267 45 27 nej;

169 1295 80 21 Vinner
272 1295 40 27 nej,
336 1295 39 22 har
397 1295 85 22 ståndet
502 1297 70 20 ansett
588 1295 125 27 paragrafen
728 1295 52 21 böra
796 1293 82 24 erhålla
893 1293 36 21 det

103 1323 20 22 af
145 1323 49 22 herr
214 1330 18 14 v.
256 1324 67 21 Essen
344 1324 39 21 och
406 1325 44 20 vice
472 1327 89 24 pastorn
576 1323 109 28 Dahlberg
699 1324 7 21 i
722 1324 61 21 deras
798 1322 131 23 reservation

102 1352 118 27 föreslagna
235 1352 79 27 tillägg.

170 1381 131 21 Besvarades
323 1381 48 21 med
393 1382 29 20 17
432 1381 29 27 ja
476 1381 41 21 och
532 1382 30 20 18
576 1381 41 28 nej,
632 1381 40 21 och
687 1380 69 22 skulle
769 1380 84 22 således
868 1384 61 22 para-

103 1409 72 27 grafen
191 1409 79 22 erhålla
285 1410 66 26 sagda
365 1409 79 27 tillägg.

171 1466 46 22 Mot
239 1466 92 22 beslutet
353 1467 138 21 reserverade
514 1467 32 26 sig
568 1467 78 21 doktor
696 1466 140 27 Hornborg,
853 1465 78 21 doktor

103 1495 136 27 Lampön,
255 1495 148 27 kyrkoherden
418 1495 143 26 Snellman,
577 1495 197 27 kontraktsprosten
793 1494 137 26 Alopaeus,

103 1523 106 27 professor
237 1523 144 27 Ehrström,
406 1524 74 21 rektor
504 1523 135 26 Hallstön,
665 1525 86 26 prosten
775 1521 155 25 Borenius,

104 1551 136 28 domprosten
268 1553 77 26 Borg,
367 1552 45 21 vice
434 1554 89 25 pastorn
550 1552 205 26 Westerlund,
781 1549 150 30 kyrkoherden
