1117 1817
347 151 161 18 Presteståndet
520 152 55 18 1872.
598 152 27 16 29
637 152 48 21 maj.
849 147 55 20 1449

159 231 84 22 Doktor
262 231 166 27 Alopaeus:
459 231 41 26 Jag
516 231 38 22 har
570 231 87 22 förstått
673 231 69 21 denna
757 231 12 28 $
785 237 45 15 som
847 237 33 15 om
897 231 34 22 det

104 260 75 21 endast
200 259 69 22 skulle
291 259 57 27 gälla
364 260 35 21 det
416 260 77 21 minsta
509 260 83 27 belopp,
609 266 25 15 en
650 260 123 21 tillverkare
787 259 33 22 får
835 259 95 28 föryttra.

103 288 61 22 Hvad
187 289 66 25 angår
275 288 186 27 kringforslandet,
481 289 97 20 kommer
602 289 72 20 derom
698 291 32 18 att
751 289 7 20 i
777 289 49 20 4:de
841 287 90 22 artikeln

102 317 135 26 bestämmas,
254 316 85 22 hvarför
351 318 36 25 jag
403 317 73 27 tycker
492 319 32 19 att
540 317 68 21 denna
624 317 37 21 sak
677 317 40 20 hör
733 317 36 21 dit.

171 373 82 22 Rektor
269 373 153 22 Hallstén:
452 374 50 21 Med
518 374 113 26 anledning
646 374 22 21 af
682 374 73 21 rektor
771 374 117 21 Rosendals
896 379 36 15 an-

103 403 111 26 märkning
237 409 33 14 om
293 402 36 21 det
344 403 115 26 oskickliga
475 403 5 20 i
497 404 32 19 att
544 403 87 26 försälja
646 402 89 21 bränvin
751 403 27 26 på
794 405 53 24 torg,
863 402 69 22 skulle

101 431 37 27 jag
153 431 48 26 vilja
217 431 86 21 hänvisa
319 431 31 20 till
372 432 5 25 $
393 432 33 25 56,
444 431 86 21 hvarest
546 431 35 21 det
596 431 57 21 klart
669 431 38 21 och
725 431 76 27 tydligt
816 433 67 25 säges,
900 433 32 18 att

103 466 66 15 varan
191 459 47 22 icke
261 459 31 22 får
314 459 62 26 säljas
392 460 5 20 i
415 459 72 24 minut,
504 462 59 19 utom
580 460 5 20 i
601 460 106 26 köparens
722 459 55 22 hem.
808 459 10 22 I
833 459 99 22 afseende

102 489 47 20 åter
166 489 26 26 på
208 488 53 25 dem,
278 488 71 21 hvilka
363 490 66 24 yttrat
445 487 101 27 farhägor
562 488 57 21 öfver
634 490 32 19 att
682 489 68 26 någon
761 487 170 27 gärdfarihandel

103 517 99 26 möjligen
225 517 70 20 kunde
317 517 76 26 uppstå
417 517 48 21 med
488 517 96 24 bränvin,
601 517 34 20 vill
649 517 37 26 jag
702 517 109 26 anmärka,
828 519 32 18 att
876 517 12 26 $
904 517 27 20 56

103 547 25 19 är
143 548 31 18 ett
189 545 75 21 hinder
279 545 60 21 äfven
355 545 100 21 deremot.
487 545 44 21 Der
542 546 44 21 står
597 545 114 27 nämligen:
724 545 78 27 ,under
815 545 117 27 påstående

104 573 86 28 forsling
206 573 32 22 får
253 573 88 22 bränvin
357 574 46 21 icke
418 573 117 27 försäljas*.
821 581 3 2 :

173 631 50 22 Vice
238 633 73 25 pastor
333 631 155 26 Törnudd,
512 633 85 25 prosten
621 631 180 26 Rosengren
820 631 38 21 och
872 631 59 20 dom-

103 662 87 25 prosten
232 660 103 20 Renvall
351 660 100 20 förenade
468 660 30 26 sig
515 660 47 20 med
579 660 72 21 rektor
667 659 104 21 Hallsten.

172 716 84 22 Doktor
278 716 176 26 Hornborg:
484 716 41 26 Jag
548 716 38 21 har
610 716 51 22 visst
684 716 46 21 icke
755 716 97 22 förbisett
867 716 27 21 56
911 716 20 26 8.

104 745 43 21 Der
169 747 61 24 säges
253 747 31 19 att
307 745 66 21 under
389 745 108 27 pägäende
513 744 86 27 forsling
615 744 31 22 fär
662 745 88 21 bränvin
766 745 46 21 icke
827 744 103 27 försäljas.

104 774 49 21 Men
169 780 48 14 man
232 774 41 20 kan
289 776 74 18 stanna
378 774 6 20 i
401 780 24 14 en
443 774 59 26 gård,
520 774 38 20 och
574 774 26 20 dä
618 774 75 24 kunde,
710 780 34 14 om
761 780 48 14 man
825 773 35 21 vill
871 774 58 20 miss-

104 802 67 21 förstå
193 802 133 26 stadgandet,
347 802 125 27 försäljning
495 802 44 21 ske.
570 802 41 21 Det
635 808 36 15 var
692 802 31 21 till
739 802 156 27 förebyggande
911 801 22 21 af

104 831 59 21 detta
176 830 37 27 jag
229 830 93 22 önskade
338 833 31 19 att
385 831 65 21 orden
466 832 42 25 ,pä
523 831 136 26 regvisition'*
676 830 67 22 skulle
759 831 88 26 intagas
869 830 60 21 Hvad

103 858 101 22 beträffar
227 859 77 21 doktor
320 859 87 27 Alopaei
424 859 145 27 anmärkning,
586 859 34 21 vill
634 859 36 27 jag
686 862 82 22 nämna,
783 862 32 18 att
832 858 99 27 beloppet

101 888 25 26 ju
141 889 64 20 redan
221 888 6 20 i
244 894 61 15 mom.
322 888 20 26 b)
358 889 13 25 &
387 888 26 21 45
430 890 24 18 är
469 887 116 22 faststäldt.

173 944 90 22 Prosten
284 944 162 27 Grönberg:
478 945 45 21 Här
546 945 38 21 har
606 945 65 21 redan
693 944 68 22 blifvit
783 944 98 22 anmärkt
899 946 32 19 att

105 973 46 21 icke
174 973 81 21 mindre
277 975 26 19 än
325 974 12 20 5
361 974 81 20 kannor
466 973 33 21 får
515 973 103 26 försäljas,
634 973 39 21 och
690 974 71 20 vidare
777 976 32 18 att
825 973 37 21 der
877 972 54 22 skall

105 1008 50 14 vara
177 1002 133 26 förpassning
330 1002 54 22 med,
402 1002 83 21 hvilken
502 1002 132 26 förpassning
650 1002 117 21 innehäller
783 1001 148 22 destinations-

105 1032 67 19 orten.
203 1030 60 21 Huru
286 1030 52 22 skall
362 1030 133 27 förpassning
511 1031 73 21 kunna
599 1033 60 23 tagas
675 1033 23 19 ut
713 1030 32 21 till
761 1037 24 14 en
803 1030 26 27 by
845 1030 38 20 och
900 1029 31 21 till

104 1065 27 15 en
147 1065 75 20 person
239 1059 5 20 i
261 1059 40 21 den
317 1059 48 27 byn,
381 1066 45 14 som
442 1059 46 21 icke
505 1059 39 21 har
560 1060 123 26 regvirerat.
711 1059 40 27 Jag
763 1065 62 15 anser
836 1058 95 27 tillägget

104 1087 93 27 onödigt.

173 1144 56 21 Herr
259 1144 138 21 talmannen
434 1144 123 22 framstälde
574 1145 50 20 härä
640 1151 26 14 en
682 1145 23 20 sä
721 1144 90 27 lydande

173 1201 145 27 Proposition:

173 1258 41 21 Vill
238 1259 85 20 ståndet
345 1259 112 26 godkänna
481 1262 10 22 $
510 1259 27 20 46
554 1259 6 20 i
576 1258 144 21 betänkandet
735 1257 128 22 oförändrad
879 1257 53 21 eller

105 1286 59 22 icke?
187 1287 52 26 Den,
262 1293 45 15 som
331 1287 36 21 vill
390 1287 114 26 godkänna
526 1287 10 27 &
554 1287 134 25 oförändrad,
704 1293 73 14 svarar
790 1287 31 26 ja;
839 1286 39 21 den
895 1286 38 21 det

104 1315 47 21 icke
173 1315 42 25 vill,
236 1321 73 16 svarar
330 1316 39 27 nej.
401 1316 79 21 Vinner
503 1316 40 26 nej,
569 1316 39 20 har
623 1315 86 22 ståndet
725 1318 70 18 ansett
811 1317 32 19 att
859 1315 5 20 i
880 1315 53 20 slut-

105 1343 110 27 meningen
232 1344 64 21 orden
313 1360 9 8 ,
327 1345 26 26 på
369 1344 134 27 regvisition*
517 1344 51 21 böra
578 1344 98 27 tilläggas
687 1344 44 21 före
740 1343 60 22 ordet
811 1343 121 27 ,afsända*.

172 1400 131 22 Besvarades
319 1401 46 21 med
382 1401 154 26 öfvervägande
549 1401 33 27 ja;
600 1401 39 21 och
655 1400 44 21 blef
713 1400 82 21 således
811 1400 12 27 $
839 1401 27 20 46
879 1399 54 22 oför-

105 1429 81 21 ändrad
202 1431 96 25 antagen.
