1117 1817
375 124 159 18 Presteståndet
548 126 55 16 1872.
628 126 13 16 4
652 125 50 21 juni.
865 120 53 20 1557

191 206 34 20 2:0
241 204 34 21 för
289 210 80 16 samma
385 205 45 26 dag,
446 206 24 20 så
485 204 103 27 lydande:

464 301 83 27 Utdrag
576 301 22 22 af
626 301 191 27 Borgareståndets
842 300 106 27 protokoll

397 330 33 21 vid
442 330 128 27 landtdagen
580 330 7 21 i
599 329 131 28 Helsingfors
743 330 39 21 den
795 330 22 21 31
832 329 41 27 Maj
886 330 61 21 1872.

193 398 128 27 Föredrogs:
353 399 156 22 Sammansatta
532 399 67 22 Stats-
621 399 39 21 och
676 398 221 22 Ekonomiutskottets
913 398 36 21 be-

123 427 108 21 tänkande
246 428 7 20 i
269 427 112 27 anledning
403 427 21 22 af
439 428 58 21 Hans
513 427 118 27 Kejserliga
647 427 110 26 Majestäts
773 427 82 26 Nädiga
871 433 76 20 propo-

124 456 63 21 sition
210 457 108 25 angäende
334 456 73 26 anslag
422 457 31 20 för
468 456 123 21 inrättande
606 455 22 22 af
642 462 25 15 en
683 462 27 21 ny
725 455 120 22 kuranstalt
860 455 32 21 för
906 455 42 22 sin-

124 485 97 26 nessjuke
237 485 5 20 i
258 485 77 21 landet.

193 541 60 22 Efter
275 541 69 22 slutad
366 542 118 21 diskussion
506 541 6 21 i
536 544 71 19 ämnet
630 541 68 22 beslöt
720 541 181 27 Borgareständet
917 542 31 19 att

124 570 113 26 godkänna
252 570 57 21 förra
325 571 59 20 delen
401 570 45 21 utaf
460 571 66 20 första
541 570 83 27 stycket
639 570 22 21 af
674 570 122 21 Utskottets
807 569 140 26 betänkande,

124 599 111 20 hvaremot
249 605 74 15 senare
339 599 60 21 delen
415 599 66 21 erhöll
497 599 93 26 följande
606 599 79 27 lydelse
701 611 27 2 --
739 611 26 2 —
781 611 27 2 —
824 611 22 2 —
851 593 13 38 ,
859 597 90 27 bevilja

124 633 25 15 en
173 633 82 15 summa
277 627 22 21 af
320 628 91 24 400,000
434 628 65 25 mark,
523 627 79 26 hvaraf,
626 628 64 20 sedan
706 634 26 14 en
748 628 26 25 pä
790 627 64 26 sagde
869 629 79 24 system

123 655 97 27 grundad
245 656 117 26 detaljerad
388 656 47 26 plan
461 656 68 21 blifvit
551 656 22 21 af
594 663 25 14 en
643 656 80 21 komité
745 655 112 27 uppgjord,
873 661 25 15 en
915 654 33 21 del

124 683 66 22 borde
211 684 107 21 användas
333 684 32 20 till
381 687 30 18 att
427 684 53 22 efter
496 684 54 22 hand
567 684 87 26 utvidga
670 685 25 20 de
711 684 34 21 vid
761 684 187 20 länelasaretterne

124 712 116 22 bestäende
261 712 157 27 afdelningarne
437 713 32 21 för
484 713 132 27 sinnessjuka
632 712 31 22 till
680 712 143 22 kuranstalter
839 712 37 21 och
892 712 55 20 äter-

124 741 75 21 stoden
222 741 31 21 till
277 742 130 26 uppförande
428 742 13 20 &
456 742 100 26 lämpliga
571 742 80 26 platser
666 741 22 21 af
702 748 25 14 en
743 740 51 22 eller
809 740 50 22 flere
875 740 73 21 värds-

124 769 103 22 anstalter
249 770 52 21 eller
321 770 69 26 asyler
405 770 32 21 för
452 776 107 20 personer,
576 770 112 22 behäftade
704 770 47 20 med
768 769 86 21 kronisk
869 769 79 21 sinnes-

124 798 103 26 sjukdom,
244 798 71 21 hvilka
330 798 68 27 asyler
413 798 66 22 borde
494 798 91 22 inrättas
601 800 29 23 sä,
646 801 32 18 att
694 799 107 20 desamma
816 797 53 22 efter
884 796 65 22 behof

124 826 70 22 kunde
217 826 111 22 framdeles
350 827 118 21 förstoras".
500 827 78 21 Senare
600 827 83 27 stycket
705 826 22 22 af
748 826 143 22 betänkandet
906 824 45 22 blef

124 854 137 22 oförändradt
276 858 90 24 antaget.

195 923 199 27 Protokollsutdrag
417 924 5 21 i
446 924 88 22 ärendet
554 924 69 21 skulle
644 924 94 21 utfärdas
761 923 30 21 till
809 922 138 22 Medstånden

124 951 39 22 och
179 951 130 22 törbemälda
324 952 93 22 Utskott.

750 1009 19 17 In
781 1008 63 18 fidem:

702 1044 21 21 S.
742 1042 133 22 Calamnius.

192 1146 33 21 3:0
249 1145 32 22 för
303 1152 80 15 samma
406 1147 46 26 dag,
472 1153 33 14 om
521 1146 155 25 godkännande
692 1145 21 22 af
727 1145 172 22 statsutskottets
914 1144 35 22 be-

125 1174 106 21 tänkande
253 1175 6 20 i
283 1174 112 27 anledning
410 1175 22 20 af
445 1175 61 21 Hans
521 1175 118 26 Kejserliga
654 1175 109 26 Majestäts
779 1174 77 26 nädiga
871 1179 78 21 propo-

124 1202 63 22 sition
203 1203 109 26 angäende
327 1203 113 26 bevillning
455 1203 31 21 till
502 1203 207 27 fängelseväsendets
725 1202 118 22 ordnande:

192 1278 34 20 4:0
242 1277 33 21 för
291 1277 39 22 den
346 1277 13 21 3
374 1277 85 25 dennes,
475 1278 23 21 sä
514 1277 102 27 lydande:

470 1373 83 27 Utdrag
578 1373 22 22 af
623 1373 189 27 Borgareständets
842 1371 107 28 protokoll

399 1402 34 21 vid
448 1402 130 27 landtdagen
591 1402 6 21 i
608 1402 131 27 Helsingfors
751 1402 40 21 den
803 1401 12 21 3
826 1401 49 21 Juni
888 1400 60 21 1872.

194 1465 129 26 Föredrogs:
354 1465 156 22 Sammansatta
533 1465 67 21 Stats-
619 1465 40 21 och
675 1463 222 23 Ekonomiutskottets
912 1462 38 21 be-

126 1493 106 22 tänkande
254 1493 7 21 i
283 1493 114 27 anledning
412 1493 22 22 af
448 1495 31 19 ett
494 1493 57 22 inom
566 1493 159 22 Bondeständet
741 1493 62 21 väckt
817 1491 80 27 förslag
912 1497 38 15 an-

124 1522 82 26 gäende
221 1521 131 28 uppförande
367 1522 21 21 af
402 1524 31 19 ett
448 1521 132 22 ständerhus.
