1117 1817
223 146 55 22 1350
446 152 161 19 Presteståndet
619 154 55 17 1872.
685 154 24 17 27
721 153 48 21 maj.

194 231 98 27 Cleve,
307 232 144 23 öfverläraren
466 233 152 26 Kihlman,
633 233 70 22 lektor
739 233 142 26 Johnsson,
897 232 123 22 rektorerne

195 260 149 23 Hallsten
359 261 40 22 och
415 261 225 22 Rosendal
580 256 55 38 samt
650 262 170 27 vicepastorerne
829 260 191 23 Westerlund.

193 289 142 22 Törnudd
351 290 40 21 och
404 290 108 22 Lilius.

262 433 67 22 Nästa
345 433 85 28 plenum
445 435 93 20 utsattes
553 433 32 22 till
601 434 40 21 den
654 435 27 20 27
697 434 32 21 d:s
745 433 29 22 kl.
791 435 26 20 10
831 433 14 22 f.
861 440 27 15 m.

774 513 21 18 In
808 513 61 18 fidem:

684 548 52 21 Carl
751 547 51 23 Joh.
819 548 132 27 Lindegvist.

413 766 64 27 Den
496 765 32 28 27
547 765 59 34 Maj
626 766 41 26 kl.
687 765 34 27 10
739 765 22 27 f.
779 773 39 19 m.

262 845 61 21 Efter
346 846 36 21 det
403 846 41 21 bön
468 846 27 26 pä
518 846 90 21 svenska
630 846 87 27 spräket
732 846 113 21 förrättats
861 844 23 22 af
897 845 123 21 kontrakts-

193 875 88 25 prosten
304 873 111 28 Sohlberg,
434 874 81 22 skedde
530 880 89 22 upprop,
636 874 87 22 hvarvid
739 874 96 22 ständets
850 874 98 27 samtliga
963 874 58 21 med-

193 902 90 22 lemmar
297 902 104 22 befunnos
416 903 138 21 närvarande.

261 1068 41 22 Till
315 1068 106 28 justering
436 1069 109 27 upplästes
561 1070 12 20 3
588 1069 199 27 protokollsutdrag
802 1068 33 22 för
845 1068 42 22 den
897 1069 27 21 25
935 1068 85 22 dennes.

261 1136 162 23 Professorerne
446 1137 128 22 Granfelt
596 1137 39 22 och
658 1137 153 22 Ehrström
831 1138 56 20 samt
902 1137 119 26 vicepastor

193 1161 82 25 Öller
297 1165 49 21 ville
369 1166 32 21 till
422 1166 130 26 protokollet
574 1166 64 21 hafva
660 1165 135 27 antecknadt,
818 1168 32 19 att
865 1165 33 26 de,
914 1171 45 15 som
975 1165 46 21 icke

192 1193 90 22 bivistat
297 1195 169 20 sammanträdet
481 1195 40 20 den
537 1195 27 21 25
580 1195 79 21 dennes
675 1195 39 21 och
729 1194 24 22 af
767 1194 67 21 sädan
850 1193 114 27 anledning
973 1193 47 22 icke

192 1222 84 21 kunnat
298 1222 86 27 deltaga
405 1223 6 20 i
434 1223 42 21 den
498 1223 23 21 af
534 1225 32 19 ett
581 1225 56 19 stort
652 1223 58 21 anta]
726 1223 97 22 ständets
838 1223 138 21 medlemmar
991 1222 31 21 in-

192 1251 64 26 lagda
280 1253 84 24 protest
389 1253 43 19 mot
459 1251 49 22 herr
533 1252 134 21 talmannens
690 1254 79 25 vägran
785 1253 33 20 att
834 1251 109 21 diskutera
959 1252 61 20 stats-

191 1279 118 22 utskottets
333 1279 135 22 betänkande
490 1280 7 21 i
512 1281 113 26 anledning
640 1279 22 22 af
676 1279 257 28 Finans-Expeditionens
949 1279 5 21 i
971 1279 51 27 Kej-

192 1308 79 26 serliga
297 1308 93 21 Senaten
416 1309 32 20 till
472 1309 115 21 ständerna
610 1309 80 26 afgifna
706 1308 111 28 ,Relation
832 1315 34 14 om
883 1308 139 21 statsverkets

192 1336 120 27 tillständ*,
328 1343 29 14 nu
373 1337 93 21 önskade
482 1337 84 22 biträda
581 1338 93 21 nämnda
689 1339 90 25 protest.

262 1404 150 23 OÖfverläraren
435 1406 138 21 Kihlman
594 1407 142 26 tillkännagaf
751 1408 33 19 att
799 1405 41 22 han
857 1406 119 21 reserverat
990 1404 32 27 sig

191 1435 53 20 utan
260 1433 106 22 särskilda
381 1435 91 21 motiver
486 1435 39 21 och
541 1435 137 27 domprosten
694 1435 83 26 Borg,
793 1436 33 19 att
841 1434 41 21 han
897 1433 83 22 förenat
990 1433 32 26 sig

190 1462 8 21 i
220 1462 41 21 den
282 1463 137 27 reservation,
435 1469 45 15 som
496 1463 107 27 professor
618 1463 103 22 Forsman
737 1463 92 26 afgifvit,
845 1469 47 14 men
907 1461 115 28 ingalunda

191 1491 6 20 i
222 1493 87 24 prosten
333 1491 70 26 Hjelts
425 1492 84 21 erinran
528 1498 34 15 om
578 1492 12 27 $
607 1493 28 20 24
650 1493 6 20 i
672 1491 249 27 Landtdagsordningen,
937 1490 27 27 pä
979 1491 44 20 sätt

191 1521 32 20 ett
244 1519 81 22 referat
347 1519 24 22 af
393 1520 78 27 dagens
492 1527 96 14 nummer
610 1521 23 20 af
648 1520 133 27 Helsingfors
797 1519 99 27 Dagblad
911 1519 111 27 uppgifver

191 1549 139 20 reservanten
345 1547 64 22 hafva
424 1549 62 27 gjort.
