1117 1817
341 152 162 17 Presteståndet
516 153 55 17 1872.
596 154 22 16 15
630 153 50 21 juni.
838 147 54 21 1763

95 233 71 20 hvilka
181 232 27 21 H.
225 232 100 27 Majestät
346 233 108 26 värdigats
477 233 79 26 begära
578 233 26 20 de
620 233 78 26 lagliga
714 234 210 26 representanternes

95 261 34 21 för
151 261 36 21 det
208 261 68 20 finska
299 261 66 21 folket
387 261 118 24 utlåtande,
521 261 63 21 hafva
600 261 82 26 ingifvit
699 268 34 15 oss
750 274 27 2 —
792 261 132 27 presterska-

96 292 37 25 pet
155 289 39 22 och
217 289 66 27 öfrige
305 289 63 21 stånd
384 303 27 2 —
432 290 39 21 den
488 292 55 19 mest
558 289 183 22 förtröstansfulla
757 290 39 21 och
811 289 113 26 glädjande

96 318 141 27 öfvertygelse
260 325 33 14 om
317 320 32 19 att
372 318 37 21 vår
428 319 60 26 Höge
505 319 101 20 Monarks
621 319 104 26 faderliga
741 324 109 21 omsorger
865 317 59 21 såväl

96 353 34 15 om
156 347 83 20 landets
263 347 108 20 allmänna
393 347 97 21 välstånd
515 347 39 21 och
577 347 199 23 framåtskridande,
803 353 44 14 som
874 346 51 21 våra

96 375 79 22 sociala
190 375 155 21 institutioners
361 376 136 26 nödvändiga
512 376 39 21 och
566 376 102 27 lämpliga
684 376 121 26 utveckling
820 375 47 21 icke
881 375 44 20 för-

96 407 91 23 svagats,
210 406 52 19 utan
284 404 122 27 beständigt
428 404 91 27 fortgått
542 405 38 20 och
597 404 70 27 fortgå
683 405 5 20 i
705 403 220 22 öfverensstämmelse

96 433 48 21 med
167 433 26 20 de
216 433 107 26 upphöjda
345 433 85 26 åsigter,
456 433 25 21 de
506 433 48 21 ädla
570 433 39 21 och
626 433 102 21 storsinta
743 433 94 23 känslor,
853 432 73 21 hvilka

97 461 76 21 hittills
196 461 44 21 ledt
262 461 114 27 styrelsens
402 461 101 27 åtgärder
518 474 28 3 —
562 461 106 27 åtgärder,
685 468 76 20 genom
777 461 72 21 hvilka
863 467 63 20 grun-

98 491 40 20 den
161 491 54 26 lagts
237 490 30 21 till
284 490 46 21 vårt
345 490 61 21 lands
422 490 133 21 närvarande
572 490 92 27 lyckliga
679 491 100 26 ställning
795 490 39 21 och
850 495 75 20 genom

97 518 71 21 hvilka
184 519 61 20 äfven
260 519 100 20 framtida
375 519 155 26 förbättringar
546 519 5 21 i
567 519 69 21 denna
652 519 100 27 ställning
764 519 69 21 blifvit
844 518 83 27 möjlig-

96 547 82 27 gjorda.

166 576 175 26 Landtdagarnes
365 576 137 26 periodicitet
517 576 6 21 i
539 576 97 27 förening
651 577 47 20 med
715 577 36 20 det
766 576 68 21 finska
849 575 77 21 folkets

97 605 104 26 rättighet
215 606 32 19 att
262 611 75 20 genom
354 605 45 20 sina
416 605 80 26 lagliga
511 607 173 24 representanter
701 605 33 21 till
750 605 48 20 dess
813 605 23 20 af
850 604 77 27 Försy-

98 639 41 15 nen
161 633 91 21 skänkte
275 633 100 26 Kejsares
399 633 39 21 och
462 633 129 22 Storfurstes
612 633 56 27 höga
687 634 88 26 vetskap
792 633 73 26 bringa
881 633 46 20 sina

98 662 136 26 önskningar,
260 664 62 24 utgör
345 664 50 18 utan
412 661 73 21 tvifvel
502 662 40 20 den
558 663 99 20 säkraste
672 663 103 25 grundval
792 662 38 20 och
848 661 79 27 borgen

98 690 33 21 för
147 690 46 21 dess
209 690 61 27 lycka
285 690 40 21 och
340 690 130 21 belåtenhet.

166 719 10 21 I
192 719 110 26 beständig
325 719 64 26 kamp
411 720 47 20 med
474 720 32 20 ett
522 720 84 25 strängt
621 719 39 21 och
676 719 65 21 hårdt
756 719 75 21 klimat
847 718 38 21 och
901 724 26 14 en

98 747 103 27 jordmån,
226 754 44 14 som
293 747 85 21 kräfver
394 749 31 19 ett
440 748 125 20 uthållande
589 747 39 21 och
645 748 131 26 outtröttligt
791 748 80 24 arbete,
888 747 40 20 har

98 777 37 20 det
156 776 69 21 finska
248 776 67 21 folket
337 776 43 21 lärt
403 776 31 26 sig
450 779 32 18 att
501 776 131 21 underkasta
648 776 32 26 sig
695 777 40 20 den
751 776 109 26 oryggliga
875 776 52 20 nöd-

98 804 140 28 vändigheten
263 804 22 21 af
307 805 41 26 det,
365 811 45 15 som
426 805 46 21 icke
488 805 42 21 kan
547 805 85 25 ändras,
648 812 48 14 men
712 805 77 21 fortfar
804 804 47 22 icke
867 804 60 21 desto

98 834 82 20 mindre
203 836 32 18 att
259 834 76 20 arbeta
357 834 39 20 och
420 833 70 27 bedja,
516 836 32 18 att
563 835 65 19 vänta
643 834 40 21 och
698 834 87 26 hoppas.
816 832 112 22 Likaledes

98 862 40 21 har
153 863 60 20 detta
227 862 45 21 folk
289 862 64 21 sedan
369 862 49 26 lång
434 862 30 20 tid
482 862 89 21 tillbaka
587 862 42 21 lärt
644 863 32 25 sig
691 864 33 19 att
739 862 66 21 vörda
815 862 39 20 och
868 861 61 21 älska

99 891 32 21 sin
147 890 77 27 laglige
240 894 74 23 regent
330 891 39 21 och
386 894 32 18 att
434 890 57 21 inför
507 891 77 21 honom
602 892 70 26 öppna
687 892 37 20 sitt
734 890 70 27 hjerta
817 890 47 21 med
880 890 49 20 fullt

101 919 50 21 tillit
172 920 33 20 till
228 919 59 21 Hans
303 920 49 20 ädla
367 920 40 20 och
423 920 100 26 högsinta
539 920 91 26 välvilja,
646 920 111 26 hvaruppå
772 920 37 20 det
824 919 57 21 förut
896 925 32 14 er-

100 948 49 21 farit
165 948 24 20 så
203 948 77 26 många
297 948 90 26 dyrbara
403 948 54 26 prof,
474 948 39 21 och
530 948 110 26 hvaruppå
656 948 36 21 det
707 948 68 26 aldrig
788 948 65 26 vågar
863 947 65 25 tvifla,

100 976 62 22 äfven
185 983 34 15 om
244 977 145 27 uppfyllandet
411 977 23 20 af
456 977 49 21 dess
528 976 96 22 uttalade
646 977 128 26 önskningar
789 977 70 25 någon
873 976 56 26 gång

101 1005 68 21 skulle
184 1005 106 27 fördröjas
306 1006 52 20 eller
373 1006 45 20 helt
433 1006 40 20 och
490 1005 66 21 hålet
571 1005 115 27 förvägras.

170 1034 39 21 Om
233 1034 68 21 denna
323 1034 133 26 fullkomliga
479 1034 51 21 tillit
550 1034 31 20 till
603 1036 111 24 regentens
730 1034 123 26 högsinthet
867 1033 62 21 äfven

101 1062 68 22 skulle
192 1062 85 22 hänfört
300 1063 35 21 det
358 1063 68 21 finska
449 1062 78 22 folkets
550 1064 173 24 representanter
737 1065 33 18 att
785 1061 145 22 vödnadsfullt

101 1091 130 21 underställa
248 1092 25 20 H.
290 1091 25 21 K.
333 1091 49 21 M:ts
405 1092 56 26 höga
484 1091 191 27 uppmärksamhet
698 1094 30 18 ett
752 1091 33 21 för
800 1093 55 19 stort
871 1090 58 21 antal

101 1120 146 26 underdåniga
269 1120 120 25 petitioner,
412 1120 54 26 våga
490 1122 26 19 de
539 1120 64 20 likväl
627 1120 81 26 hoppas
731 1120 36 20 det
786 1120 26 20 H.
829 1119 100 26 Majestät

101 1148 70 21 häruti
187 1149 46 20 icke
250 1149 81 20 täcktes
347 1155 22 14 se
385 1155 25 14 en
431 1149 98 26 glömska
544 1148 23 21 af
582 1149 26 20 de
624 1148 142 27 mångfaldiga
782 1149 51 26 dyra
849 1148 82 25 välger-

101 1177 81 26 ningar,
199 1177 70 21 hvilka
285 1177 45 20 från
356 1177 25 20 H.
397 1177 50 21 M:ts
463 1177 47 21 sida
526 1177 89 20 kommit
631 1177 59 20 detta
706 1177 60 26 ringa
780 1177 45 20 folk
841 1176 31 21 till
889 1175 40 26 del,

101 1207 52 19 utan
169 1207 32 19 att
218 1206 25 20 H.
261 1205 38 21 M:t
315 1205 85 27 nådigst
416 1205 48 22 ville
480 1205 100 22 betrakta
597 1205 69 21 denna
686 1205 157 26 omständighet
859 1205 70 20 såsom

102 1240 25 15 en
143 1235 131 20 samvetssak
290 1234 38 21 hos
344 1235 36 20 det
396 1233 69 22 finska
480 1234 78 21 folkets
574 1234 40 21 och
630 1234 48 21 dess
694 1234 147 26 presterskaps
859 1239 71 20 repre-

102 1264 115 22 sentanter,
233 1263 71 21 hvilka
319 1263 46 20 icke
380 1263 82 20 kunnat
478 1263 112 20 underlåta
605 1265 33 18 att
654 1263 32 20 till
702 1263 31 20 sin
750 1263 59 26 Höge
826 1262 105 26 Välgöra-

101 1297 34 14 res
157 1291 97 26 kunskap
277 1291 74 27 bringa
367 1292 38 20 allt
421 1291 42 25 det,
480 1291 81 21 hvilket
576 1291 26 21 de
618 1293 71 19 ansett
705 1291 76 27 nyttigt
798 1291 39 20 och
853 1290 78 21 fördel-

101 1319 70 27 aktigt
193 1320 33 21 för
249 1321 61 20 deras
333 1320 155 24 fäderneslend,
506 1320 129 26 fullkomligt
651 1319 138 27 öfvertygade
805 1325 34 15 om
855 1321 32 18 att
904 1319 26 21 H.

102 1348 26 21 K.
151 1348 40 21 M:t
213 1349 73 20 dervid
309 1349 55 20 skall
390 1349 54 20 fästa
461 1349 36 20 det
513 1349 105 26 afseende,
635 1355 45 14 som
697 1349 59 20 Hans
771 1348 62 27 Höga
849 1347 81 22 visdom

102 1377 39 20 och
156 1377 80 26 godhet
251 1377 67 21 finner
334 1377 78 26 nyttigt
427 1378 40 20 och
484 1377 134 26 tillständigt.

170 1405 101 22 Finlands
293 1406 139 21 Prestestånd
455 1405 97 22 anhåller
576 1405 98 26 ödmjukt
696 1408 33 18 att
748 1405 68 21 Eders
831 1404 100 21 Exellens

102 1433 48 22 ville
173 1434 32 21 till
228 1435 37 20 vår
287 1435 161 26 stormäktigste
472 1435 39 20 och
532 1434 152 26 allernådigste
700 1434 100 26 Kejsares
816 1433 40 21 och
872 1433 59 21 Stor-

103 1462 78 21 furstes
204 1463 66 20 fötter
294 1463 105 26 nedlägga
421 1463 123 26 betygelsen
570 1463 23 20 af
613 1463 38 20 vår
674 1462 156 26 oföränderliga
853 1463 78 23 trohet,

102 1490 84 22 hvilken
210 1491 71 21 stöder
305 1492 31 26 sig
357 1492 28 25 på
400 1491 36 21 det
458 1491 123 27 gudomliga
596 1491 79 26 ordets,
692 1491 50 20 våra
757 1490 174 27 samhällslagars

102 1519 40 20 och
164 1520 39 21 vår
225 1520 60 26 djupt
308 1520 71 21 kända
402 1520 146 21 tacksamhets
563 1519 57 22 fasta
634 1519 104 26 grundval
754 1519 39 21 och
809 1525 45 14 som
870 1518 61 21 alltid

102 1547 55 22 skall
179 1548 44 21 låta
246 1554 34 15 oss
300 1548 32 21 till
352 1548 48 21 Gud
418 1549 40 20 den
475 1548 131 27 Allsvåldige
622 1548 93 27 upphöja
733 1547 116 22 brinnande
865 1547 68 21 böner
