1117 1817
2 1010 2 16 |

218 134 55 21 1596
441 140 162 18 Presteständet
616 140 55 18 1872.
692 140 13 17 &
714 140 51 21 juni.

257 221 21 24 4)
294 220 23 21 sä
331 220 100 27 lydande:

462 317 82 27 Utdrag
559 317 23 21 af
595 317 170 22 Bondeständets
781 317 107 26 protokoll
899 316 34 21 vid
943 315 69 22 landt-

393 346 67 27 dagen
477 346 5 21 i
499 346 131 26 Helsingfors
646 346 39 21 den
701 347 34 24 27,
752 346 26 21 29
795 345 38 22 och
850 346 25 21 31
893 345 42 27 Maj
950 345 61 21 1872.

256 419 120 28 Föredrogs
392 420 222 21 Ekonomiutskottets
629 419 133 22 betänkande
778 420 6 20 i
795 419 114 27 anledning
919 419 22 21 af
952 419 59 21 Hans

187 448 120 27 Kejserliga
323 449 109 26 Majestäts
448 449 76 26 nädiga
540 449 137 26 proposition,
694 449 108 26 angäende
817 448 140 26 tillverkning,
971 448 40 21 för-

187 477 96 26 säljoing,
305 477 78 27 upplag
405 477 39 21 och
470 477 85 26 forsling
578 477 22 21 af
617 477 98 25 bränvin;
733 477 38 21 och
787 477 103 22 stannade
905 476 105 22 ståndet
999 472 15 36 i

187 505 69 22 denna
271 505 59 27 fräga
345 506 29 21 uti
390 505 91 27 följande
497 505 77 22 beslut:

256 534 11 27 8
285 535 8 20 1
311 535 128 26 godkändes,
456 535 53 20 dock
525 534 95 25 sälunda,
635 537 32 18 att
683 534 66 21 totala
765 533 246 28 tillverkningsbeloppet

186 562 46 21 icke
248 563 55 26 finge
319 563 111 26 öfverstiga
445 565 33 19 tre
493 563 96 26 miljoner
604 563 81 21 kannor
701 569 33 15 om
749 563 52 21 äret.

256 593 11 24 S
283 593 12 19 2
311 591 70 22 kunde
397 592 21 20 af
432 591 85 22 ståndet
532 591 46 22 icke
594 592 128 26 godkännas.

257 621 12 26 8
285 621 18 20 3.
334 620 69 21 Jemte
418 621 36 20 det
470 620 83 21 skatten
570 620 32 21 för
620 621 72 26 hvarje
707 620 113 21 tiliverkad
835 619 70 22 kanna
920 619 91 22 bestäm-

187 649 37 20 des
240 649 32 20 till
288 655 24 14 en
330 649 59 20 mark
404 649 60 26 tjugu
480 649 68 26 penni.
564 649 120 21 oberoende
699 649 23 20 af
731 649 36 21 det
777 649 67 20 totala
855 648 155 27 tillverknings-

186 676 107 28 beloppet,
309 677 68 21 skulle
392 678 11 26 $
418 678 6 20 i
440 677 93 26 enlighet
549 677 87 21 härmed
652 677 149 26 omredigeras.

256 706 11 25 8
290 708 13 18 4
325 706 122 26 godkändes
471 706 5 20 i
499 705 63 27 öfrigt
579 706 65 26 enligt
660 706 148 24 betänkandet,
824 708 59 18 utom
899 707 31 19 att
945 704 65 25 tiden,

185 733 122 22 hvarunder
329 734 134 25 tillverkning
483 740 49 15 vore
548 734 89 21 tillåten.
653 734 132 21 förkortades
801 734 31 20 till
849 740 37 14 sex
903 734 107 25 månader,

186 763 39 21 och
241 762 68 22 skulle
324 762 103 22 beräknas
442 763 45 21 från
504 763 39 21 och
560 763 46 21 med
622 762 40 22 den
679 764 11 20 2
705 763 88 21 Januari
808 762 54 21 intill
878 762 39 21 den
931 763 24 20 15
966 762 43 27 Maj

186 791 39 21 och
241 790 46 22 från
305 792 39 20 den
361 793 24 19 15
402 791 120 22 November
536 791 53 21 intill
606 791 38 21 den
660 792 25 20 31
703 791 123 21 December.

255 820 26 26 SS
296 821 69 20 5—17
381 823 74 23 antogs
472 820 64 26 enligt
552 820 114 21 utskottets
682 820 140 21 betänkande.

257 849 12 25 &
287 849 25 20 18
328 848 122 27 godkändes
466 848 65 26 enligt
548 848 148 26 betänkandet,
713 848 63 21 likväl
792 848 95 26 sålunda,
903 850 38 24 att,
957 848 6 20 i
979 848 30 21 öf-

186 877 196 21 verensstämmelse
405 878 46 20 med
475 877 125 26 stadgandet
623 878 6 20 i
652 878 12 20 6
680 877 14 27 &
710 876 130 22 beträffande
857 876 104 26 bränneri,
977 876 32 22 till

185 905 65 21 slutet
273 905 22 21 af
317 906 12 26 &
349 906 68 20 skulle
440 906 59 26 fogas
522 905 92 27 följande
637 905 82 27 tillägg:
737 905 67 25 ,,dock
820 906 35 20 må
871 905 56 27 dylik
943 905 67 21 fabrik

184 934 47 21 icke
254 935 89 20 inrättas
365 934 55 21 inom
444 935 68 26 någon
531 934 99 21 kommun
646 935 12 21 ä
674 934 77 26 landet,
769 934 37 21 der
821 934 127 21 kommunen
964 934 46 21 der-

185 962 32 21 till
233 962 17 27 ej
268 962 81 22 lemnar
363 963 37 21 sitt
415 962 79 22 bifall".

254 992 27 25 S8
299 992 81 20 19—22
396 994 88 24 antogos
500 991 64 27 enligt
581 992 114 20 utskottets
711 991 140 21 betänkande.

254 1020 13 26 $
290 1020 27 20 23
339 1020 122 26 godkändes
484 1020 5 20 i
513 1020 93 26 enlighet
629 1020 47 20 med
697 1020 40 21 den
753 1020 77 26 nådiga
845 1019 165 27 propositionen,

185 1048 54 21 dock
256 1048 49 21 med
319 1048 40 21 den
375 1049 89 26 ändring
480 1050 31 19 att
526 1048 218 22 kontrollörsarvodet
755 1049 72 25 (minst
837 1049 46 21 åtta
896 1048 39 21 och
948 1048 62 26 högst

183 1076 30 21 tio
230 1076 61 22 mark
307 1076 32 21 för
354 1077 84 27 dygnet,
455 1077 67 21 skulle
538 1077 96 27 erläggas
650 1077 45 21 icke
711 1077 22 21 af
747 1077 88 26 kronan,
851 1079 51 19 utan
915 1076 22 21 af
949 1076 61 22 brän-

184 1104 191 22 vinstillverkaren.

254 1134 25 27 $$
296 1134 84 20 24—44
395 1136 89 24 antogos
500 1134 65 26 enligt
581 1135 115 20 utskottets
712 1134 140 21 betänkande.

253 1162 13 26 $
283 1163 33 20 45.
346 1162 36 21 Uti
406 1162 69 21 denna
496 1164 18 24 $,
537 1163 65 20 sådan
625 1163 121 20 densamma
764 1162 67 21 finnes
851 1161 88 22 affattad
954 1162 6 21 i
976 1164 32 19 ut-

183 1189 92 22 skottets
298 1190 140 26 betänkande,
462 1191 44 20 blef
522 1197 62 15 mom.
601 1192 21 22 a)
637 1190 124 26 förkastadt,
779 1197 60 14 mom.
858 1190 20 27 b)
894 1191 115 26 godkändt,

183 1224 63 15 mom.
264 1219 20 26 c)
300 1218 101 22 likaledes
417 1219 114 26 godkändt,
548 1219 47 21 med
611 1219 40 21 den
662 1219 122 26 förändring
794 1221 32 19 att
837 1219 76 21 minsta
925 1219 83 27 belopp,

183 1253 45 14 som
251 1247 55 26 finge
327 1247 147 24 utminuteras,
489 1248 119 21 bestämdes
624 1247 31 21 till
672 1253 24 15 en
713 1248 76 25 kanna,
806 1247 80 21 hvilket
902 1247 106 21 minimum

183 1275 68 21 skulle
267 1275 56 27 gälla
339 1276 60 21 äfven
415 1276 31 21 för
462 1283 62 19 egare
540 1276 22 21 af
575 1276 65 21 sådan
652 1276 69 21 fabrik
732 1276 33 21 för
776 1276 129 26 destillering
915 1276 22 21 af
946 1275 63 22 finskt

183 1303 96 25 bränvin,
300 1304 86 21 hvarom
411 1305 4 20 i
438 1305 52 20 sista
511 1307 115 18 momentet
649 1304 22 21 af
693 1305 25 20 18
734 1305 13 26 &
763 1305 60 25 talas,
839 1307 55 18 samt
910 1311 61 14 mom.
988 1305 22 26 d)

183 1332 120 21 äfvenledes
326 1335 86 24 antaget
430 1333 88 21 sälunda
534 1335 32 19 att
581 1333 126 26 stadgandet
722 1333 68 21 skulle
805 1333 56 26 gälla
877 1333 75 21 endast
967 1335 42 18 stä-

183 1360 72 26 derne,
280 1363 50 18 enär
352 1361 84 21 ständet
459 1361 46 22 icke
527 1361 70 22 kunde
620 1361 72 21 förena
709 1361 32 27 sig
757 1368 33 14 om
807 1361 118 27 beviljande
940 1361 23 21 af
976 1363 32 19 ut-

182 1384 176 58 frjnlrningsrätt
380 1391 12 20 å
413 1390 79 21 landet.
514 1403 28 2 —
565 1390 130 27 Slutstycket
715 1390 123 26 godkändes
861 1389 61 22 äfven
939 1390 6 20 i
962 1389 47 22 dess

198 1420 62 18 elhet.

253 1447 10 24 $
287 1447 27 20 46
337 1449 75 24 antogs
434 1447 66 26 enligt
522 1447 116 21 utskottets
660 1446 140 27 betänkande,
822 1446 64 21 likväl
902 1447 47 20 med
964 1448 45 19 ute-

182 1474 100 21 slutande
297 1475 22 20 af
333 1475 65 21 orden
415 1477 62 24 ,torg
492 1475 71 21 eller".

253 1503 12 26 $
289 1504 26 20 47
339 1504 53 20 1:sta
413 1505 38 20 och
476 1504 59 21 2:dra
558 1504 82 27 stycket
657 1503 122 27 godkändes
795 1503 65 27 enligt
876 1503 132 27 professoren

183 1531 74 21 Cleves
281 1532 6 20 i
310 1532 105 21 utskottet
438 1532 77 27 afgifna
538 1533 136 26 reservation,
692 1532 111 21 hvaremot
818 1532 62 27 3:dje,
896 1532 53 26 4:de,
966 1533 43 20 5:te
