1117 1817
347 127 161 18 Presteståndet
522 128 56 17 1872.
601 129 25 17 27
638 128 48 22 maj.
843 123 55 21 1369

169 208 34 21 Då
218 208 147 21 diskussionen
381 208 88 21 härmed
484 214 40 15 var
538 208 100 26 afslutad,
652 208 134 21 framställde
801 208 50 21 herr
866 208 61 21 tal-

101 243 120 15 mannen
237 236 104 27 följande:

169 304 136 27 Proposition
313 311 4 14 :

169 372 130 22 Godkänner
323 373 86 21 ståndet
433 373 173 22 statsutskottets
628 373 141 21 förevarande
792 373 135 21 betänkande

100 401 140 22 oförändradt
262 401 52 22 eller
334 401 61 22 icke?
425 401 45 22 Den
494 408 45 15 som
563 402 125 27 godkänner
710 401 145 22 betänkandet
871 401 56 22 oför-

100 430 99 25 ändradt,
215 436 73 15 svarar
301 430 29 26 ja,
345 431 41 20 den
402 431 36 20 det
453 431 47 21 icke
514 432 46 25 gör,
576 437 73 14 svarar
664 431 40 26 nej.
726 431 81 20 Vinner
822 430 39 27 nej,
873 429 54 22 skall

100 459 134 26 omröstning
256 459 37 20 ske
309 459 108 26 angående
433 459 87 27 möjliga
535 459 149 26 förändringar
699 459 6 21 i
721 459 26 21 de
762 459 106 21 särskilda
883 465 44 15 mo-

100 489 118 19 menterna.
248 487 132 22 Besvarades
402 488 48 21 med
465 489 31 21 23
507 488 29 27 ja
552 488 38 21 och
608 489 26 20 10
649 487 40 28 nej.
720 487 149 22 Betänkandet
884 487 45 22 blef

100 515 83 22 således
199 516 138 21 oförändradt
351 517 109 26 godkänd;
473 517 88 21 hvarom
576 517 157 21 underrättelse
748 516 69 21 skulle
832 517 6 20 i
854 518 73 25 proto-

101 544 133 27 kollsutdrag
257 545 47 26 afgå
326 545 33 21 till
379 545 139 22 medstånden
541 548 55 19 samt
616 547 153 20 sammansatta
797 547 63 19 stats-
887 544 40 22 och

101 573 244 27 bevillningsutskotten.

170 642 65 21 Emot
249 641 96 22 ståndets
362 642 70 21 beslut
448 642 137 21 reserverade
600 642 32 27 sig
648 642 201 27 kontraktsprosten
865 642 62 21 Ber-

101 676 52 15 ner
169 671 39 21 och
225 671 44 20 vice
283 673 73 24 pastor
371 671 109 21 Lilius.

170 824 57 22 Herr
242 826 176 20 talmannen
434 825 144 27 tillkännagaf
592 828 38 24 att,
647 825 89 22 emedan
752 825 36 21 det
803 824 23 22 af
840 826 88 26 prosten

100 853 61 27 Hjelt
181 854 33 20 vid
238 854 112 26 lördagens
373 854 85 27 plenum
480 854 68 22 fällda
571 854 100 27 yttrande
691 854 6 21 i
713 854 114 26 anledning
843 854 22 20 af
879 853 49 21 herr

102 882 133 22 talmannens
257 884 78 25 vägran
355 885 32 19 att
402 882 70 22 tillåta
490 883 121 21 diskussion
628 882 58 22 öfver
701 883 173 21 statsutskottets
889 881 38 21 be-

101 910 107 22 tänkande
225 917 34 15 n:o
275 912 19 24 7,
310 911 85 21 erhållit
410 918 25 15 en
450 912 156 21 vidsträcktare
622 911 109 28 spridning
747 911 38 21 och
802 917 37 15 var
852 909 21 22 af
886 910 41 21 den

101 939 147 21 beskaffenhet
263 942 31 19 att
310 940 172 21 talmansstolens
498 940 113 27 värdighet
626 940 122 27 derigenom
760 940 70 20 blifvit
841 938 86 24 kränkt,

100 968 51 21 herr
172 968 122 21 talmannen
315 969 67 27 ansåg
404 969 31 27 sig
455 969 84 27 skyldig
554 971 32 19 att
602 968 129 22 öfverlemna
747 968 31 21 till
794 968 85 21 ståndet
895 969 32 19 att

100 998 59 26 yttra
181 997 32 26 sig
231 997 103 26 deröfver,
350 997 87 21 hvarför
452 998 87 21 ståndet
555 998 65 21 borde
636 1004 52 14 vara
702 997 76 21 beredt
793 999 32 19 att
840 997 7 21 i
863 996 65 21 efter-

101 1025 124 27 middagens
247 1025 85 27 plenum
355 1028 49 25 taga
426 1026 101 22 tillmälet
549 1026 67 22 under
638 1026 99 27 pröfning
759 1025 40 22 och
817 1025 63 21 ställa
895 1024 32 27 sig

100 1054 232 27 landtdagsordningen
347 1055 33 21 till
396 1054 148 22 efterrättelse.

171 1208 120 27 Föredrogs
313 1209 171 22 statsutskottets
506 1209 118 27 bordlagda
640 1209 135 21 betänkande
791 1209 5 21 i
813 1207 114 28 anledning

101 1237 24 21 af
145 1237 78 27 nådiga
245 1238 158 27 propositionen
426 1238 110 27 angående
552 1238 116 21 anvisande
683 1237 22 22 af
720 1237 69 22 medel
805 1237 32 22 till
853 1236 75 22 bestri-

101 1265 70 22 dande
187 1265 22 22 af
223 1266 235 27 landtdagskostnader.

170 1335 147 22 Betänkandet
339 1336 123 26 godkändes
485 1335 103 27 enhälligt
609 1337 52 19 utan
676 1335 131 25 diskussion;
824 1333 81 22 hvilket
921 1333 7 22 i

102 1363 197 27 protokollsutdrag
319 1364 65 22 borde
405 1364 102 27 delgifvas
530 1364 139 21 medstånden
685 1367 56 18 samt
756 1366 62 19 stats-
835 1363 40 21 och
891 1362 37 21 be-

102 1391 217 28 villningsutskotten.
