1117 1817
209 130 58 22 1440
430 135 162 18 Presteståndet
604 136 56 18 1872.
680 136 26 16 29
719 135 46 21 maj.

177 216 86 27 tjenliga
287 216 100 27 åtgärder
411 216 63 27 stäfja
493 216 111 27 lystnaden
628 216 32 21 för
682 216 76 26 superi,
782 214 39 22 och
839 214 169 27 producenterne

177 244 60 22 skola
260 251 41 19 nog
325 245 81 26 nödgas
428 247 57 19 rätta
508 244 162 27 tillverkningen
694 244 53 21 efter
765 243 112 26 åtgången.
907 243 42 21 För
965 242 42 21 min

177 273 34 21 del
226 275 61 25 tager
299 274 36 26 jag
351 274 42 26 mig
403 273 90 22 friheten
504 275 32 19 att
548 273 54 27 yrka
612 273 27 27 på
650 273 169 21 diminuerandet
829 271 23 22 af
861 273 147 20 momenterna

177 307 19 20 a,
213 307 11 16 c
239 301 40 22 och
295 303 13 20 d
323 302 54 21 ifrån
393 301 131 28 paragrafen.

246 359 205 26 Kontraktsprosten
475 358 147 27 Sohlberg
644 358 120 21 hemstälde
787 363 34 16 om
845 357 36 22 det
896 357 45 21 icke
957 362 50 15 vore

178 387 125 26 lämpligare
319 390 32 19 att
365 388 109 21 diskutera
489 387 73 27 hvarje
578 389 94 20 moment
686 386 108 23 särskildt.

247 444 90 22 Ståndet
359 444 58 21 biföll
432 444 83 26 härtill;
532 444 39 22 och
586 444 84 27 yttrade
685 444 32 27 sig
727 443 110 27 angående
853 449 63 15 mom.
929 448 12 16 a
956 441 53 22 först

247 501 84 21 Doktor
354 501 170 27 Alopaeus:
554 501 40 26 Jag
617 502 70 20 röstar
701 500 33 21 för
749 502 33 19 att
797 501 116 20 momentet
928 501 80 26 utstry-

177 529 44 26 kes,
246 529 88 22 emedan
355 530 44 27 jag,
420 531 6 20 i
441 529 67 22 likhet
524 529 48 22 med
588 529 106 28 professor
710 528 103 27 Granfelt,
829 528 47 21 icke
891 529 41 20 kan
949 528 56 21 med-

176 557 63 28 gifva,
261 560 32 19 att
309 559 127 26 rättigheten
460 561 32 19 att
514 558 85 27 försälja
622 558 88 21 bränvin
729 557 54 22 skall
799 557 120 22 utsträckas
934 557 32 20 till
981 556 27 22 de

177 593 110 20 personer,
303 593 45 16 som
364 587 98 21 tillverka
477 587 6 21 i
499 587 62 27 parti.

246 644 143 27 Domprosten
405 644 135 27 Renvall,
556 646 86 25 prosten
684 649 161 21 Rosengren,
859 642 149 28 kyrkoherden

177 673 160 21 Helander
359 673 100 21 förenade
481 673 31 26 sig
533 673 48 21 med
606 673 107 26 professor
731 672 96 22 Granfelt
849 672 28 26 på
893 672 25 20 de
933 671 23 21 af
969 671 39 21 ho-

176 707 49 15 nom
249 704 56 18 samt
327 703 135 19 reservanten
485 700 107 28 professor
614 700 62 22 Cleve
698 701 89 22 anförda
813 700 52 26 skäl,
889 700 33 21 vid
937 699 72 21 hvilka

176 729 109 27 professor
307 729 92 22 Cleve
420 730 61 21 äfven
496 736 28 15 nu
540 729 71 22 anhöll
630 732 32 19 att
676 729 21 22 få
712 729 56 22 fästa
783 729 96 21 ståndets
895 728 113 28 uppmärk-

176 758 89 22 samhet.

245 810 57 21 Herr
317 810 151 22 talmannen
504 809 123 22 framstälde
642 816 29 15 nu
686 809 93 27 följande

245 861 144 27 Proposition:

244 912 43 22 Vill
302 913 85 21 ståndet
402 913 112 27 godkänna
529 920 62 14 mom.
608 920 16 14 a.
643 914 5 20 i
665 914 12 26 $
692 914 27 21 45
733 912 52 22 eller
800 913 62 21 icke?
892 914 53 23 Den,
961 919 45 15 som

176 941 124 27 godkänner
323 948 61 15 mom.
401 948 73 15 svarar
486 942 35 26 ja;
541 942 39 22 den
597 942 35 21 det
647 942 46 21 icke
708 944 45 24 gör,
769 948 72 15 svarar
856 942 40 26 nej.
926 942 81 21 Vinner

177 970 41 27 nej,
234 970 39 21 har
288 970 85 22 ständet
389 970 87 22 beslutit
491 972 31 20 att
538 973 116 19 momentet
669 971 39 21 bör
724 970 58 26 utgä.

245 1021 132 22 Besvarades
393 1022 47 21 med
456 1022 152 27 öfvervägande
624 1022 46 28 nej;
686 1022 39 22 och
741 1022 70 21 beslöt
826 1022 86 21 ständet
923 1022 84 22 säledes

176 1050 32 21 att
223 1056 64 15 mom.
303 1056 13 15 a
331 1050 6 21 i
353 1050 12 28 $
381 1051 26 21 45
424 1051 38 21 bör
478 1051 56 26 utgä.

244 1101 10 21 I
276 1101 98 22 afseende
397 1102 12 21 &
432 1108 62 15 mom.
516 1102 12 21 b
551 1102 91 26 föreslog
660 1102 107 27 professor
789 1102 83 22 Cleve
893 1104 32 19 att
940 1102 65 21 orden

177 1130 53 24 »Och
247 1130 114 21 distillera*
384 1131 68 20 skulle
467 1131 85 26 utbytas
568 1134 57 17 emot
640 1130 63 27 ,eller
723 1130 124 27 distillera*,
870 1136 48 15 men
939 1130 65 21 föror-

177 1157 55 22 dade
253 1158 35 21 för
302 1158 65 27 öfrigt
383 1161 125 19 momentets
524 1159 126 26 antagande.

244 1209 92 22 Prosten
348 1210 172 27 Rosengren
536 1210 93 21 önskade
650 1212 31 19 ett
696 1210 75 27 tillägg
787 1210 78 25 derom,
882 1212 31 19 att
928 1209 77 22 handel

175 1237 49 22 med
239 1237 89 22 bränvin
344 1238 55 27 finge
413 1239 38 21 ske
466 1239 74 21 endast
555 1239 6 20 i
576 1239 64 21 skildt
656 1245 52 19 rum,
725 1239 18 26 ej
761 1239 6 20 i
784 1238 154 27 tillverknings-
954 1238 53 22 eller

175 1265 202 28 distilleringslokal.

244 1317 32 22 Pä
308 1318 49 21 herr
388 1318 176 22 talmannens
604 1318 161 27 framställning,
788 1318 112 27 godkände
921 1318 86 21 ständet

175 1351 63 15 mom.
255 1346 27 25 b.,
298 1347 75 21 endast
386 1347 48 21 med
445 1347 40 21 den
496 1346 22 22 af
526 1347 106 27 professor
644 1347 62 22 Cleve
717 1347 121 26 föreslagna
849 1347 156 26 förändringen.

244 1396 121 24 Statsrådet
380 1398 148 22 Lindelöf
542 1398 120 27 aflägsnade
678 1399 31 27 sig
724 1399 33 21 för
774 1398 183 27 embetsgöromäl.

244 1448 117 27 Angående
377 1455 62 16 mom.
447 1444 12 36 c
482 1450 93 22 tillsades
592 1450 60 21 ordet
667 1450 52 21 först

243 1499 83 22 Rektor
340 1501 163 27 Rosendal,
519 1508 45 15 som
576 1502 54 21 utlät
645 1502 40 26 sig:
716 1502 44 20 Det
775 1501 61 22 torde
851 1507 50 15 vara
917 1501 89 21 allmänt

175 1526 86 28 bekant,
277 1531 33 19 att
322 1529 45 26 just
382 1529 157 28 bestämningen
550 1530 23 21 af
582 1537 25 14 en
618 1530 111 27 fjerdedels
741 1530 78 25 kanna,
829 1530 71 21 säsom
911 1529 94 22 varande
