1117 1817
355 144 161 19 Presteståndet
527 146 56 17 1872.
608 146 23 16 12
641 144 47 22 juni
837 138 55 21 1723

163 225 118 22 Bordlades
303 225 175 21 bankutskottets
500 225 149 21 betänkanden
671 224 109 27 angående
796 223 90 26 ändring
901 223 24 21 af

95 254 78 26 nädiga
195 253 141 27 kungörelsen
359 254 41 21 den
416 255 12 20 9
444 253 112 22 december
578 253 54 21 1867
649 253 40 22 och
704 252 12 28 $
731 253 14 20 4
760 252 7 21 i
783 252 139 27 reglementet

95 283 33 21 för
143 282 101 22 Finlands
259 282 64 21 bank.

164 419 121 26 Föredrogs
307 422 153 19 sammansatta
486 422 63 19 stats-
565 419 39 22 och
627 419 217 22 ekonomiutskottets
859 417 64 22 skrif-

96 449 56 21 velse
174 447 109 28 angäende
306 448 120 27 riktningen
445 448 23 21 af
482 449 124 20 stambanor
621 448 35 21 vid
669 447 254 28 jernvägsanläggningar

96 477 6 21 i
117 477 84 25 landet;
217 476 39 22 och
272 477 123 26 godkändes
411 477 116 22 utskottets
543 477 156 26 framställning
714 475 109 27 enhälligt.

166 636 31 21 Pä
219 635 60 28 öfligt
301 638 42 19 sätt
365 638 121 25 emottagen
509 637 99 21 inträdde
627 635 157 28 geheimerädet
799 635 124 22 Furuhielm

98 665 39 24 och
153 665 124 21 meddelade
303 665 85 21 ständet
403 665 26 21 H.
445 665 27 21 K.
488 665 111 26 Majestäts
614 665 78 26 nädiga
706 665 94 26 reskript
815 664 108 26 angäende

97 694 140 26 Tandtdagens
259 693 128 27 upplösning
412 694 40 20 den
476 695 25 20 15
521 694 91 26 dennes;
629 692 80 28 hvarpä
723 693 158 27 geheimerädet
895 692 29 27 pä

97 722 80 27 vanligt
192 724 44 19 sätt
251 722 128 27 beledsagad
396 722 46 21 äter
456 722 98 22 lemnade
569 722 96 22 ständets
680 722 146 21 sessionsrum.

167 893 118 22 Bordlades
308 893 107 21 allmänna
436 894 204 21 besvärsutskottets
662 893 110 22 skrifvelse
794 893 23 22 af
838 893 41 21 den
899 893 24 20 11

99 922 78 22 dennes
191 922 66 26 jemte
272 922 96 27 bifogadt
383 922 135 22 betänkande
533 923 7 21 i
556 922 112 27 anledning
684 922 23 21 af
720 922 105 21 särskilda
839 921 86 27 petitio-

98 957 38 15 ner
152 956 34 16 om
201 951 35 26 lag
251 950 108 27 angäende
381 951 103 24 vilkoren,
504 951 121 21 hvarunder
640 951 125 21 koncession
780 950 35 22 för
829 950 97 22 enskilda

98 985 103 21 personer
215 979 52 21 eller
282 979 63 27 bolag
360 981 32 19 att
407 980 6 20 i
429 979 89 21 Finland
535 979 69 28 bygga
612 979 95 27 jernväg,
716 980 41 20 kan
768 979 23 22 af
799 979 125 27 regeringen

99 1008 114 21 meddelas.

168 1144 121 27 Föredrogs
305 1145 39 21 och
359 1146 75 25 antogs
450 1145 108 21 allmänna
573 1145 204 22 besvärsutskottets
792 1146 7 20 i
815 1144 110 22 skrifvelse

99 1173 23 21 af
136 1173 41 21 den
193 1174 24 20 11
235 1173 79 21 dennes
324 1173 75 27 gjorda
410 1173 156 27 framställning
577 1175 33 20 att
624 1174 157 27 presteständet
791 1174 50 21 ville
851 1173 76 22 förena

100 1202 31 27 sig
146 1208 35 15 om
196 1201 189 28 borgareständets
407 1202 71 21 beslut
492 1202 7 21 i
515 1202 60 27 fräga
596 1209 34 14 om
651 1203 121 21 inrättande
787 1203 24 21 af
825 1204 31 20 ett
870 1201 57 22 folk-

100 1230 127 21 skollärare-
249 1230 39 22 och
310 1231 106 21 lärarinne
438 1231 137 21 seminarium
598 1231 48 22 med
666 1231 82 22 finskan
763 1231 70 22 säsom
849 1231 78 21 under-

100 1258 164 28 visningsspräk.

169 1401 120 27 Föredrogs
309 1401 108 22 allmänna
439 1402 206 21 besvärsutskottets
667 1402 109 21 skrifvelse
798 1401 24 22 af
843 1401 41 22 den
901 1402 24 20 11

100 1431 85 26 dennes,
209 1430 45 21 deri
276 1431 107 20 utskottet
405 1430 109 21 meddelar
536 1432 34 20 att
592 1431 26 20 de
640 1433 33 18 tre
688 1430 68 27 öfriga
771 1430 89 21 stånden
875 1430 53 27 god-

100 1459 67 21 kändt
189 1459 118 21 utskottets
331 1459 135 21 betänkande
481 1459 7 21 i
506 1459 114 26 anledning
642 1459 22 21 af
686 1459 105 21 särskilda
815 1459 114 26 petitions-

99 1487 81 27 förslag
201 1487 93 22 rörande
316 1487 46 22 dels
386 1487 140 27 utvidgandet
550 1487 23 22 af
593 1487 69 22 finska
683 1487 245 27 vetenskapssocieteten

101 1515 39 22 och
155 1515 134 22 inrättandet
303 1515 24 22 af
340 1522 26 15 en
385 1515 228 28 vetenskapsakademi
634 1515 32 22 för
681 1516 96 24 Finland,
793 1515 46 22 dels
854 1515 75 26 anslag

100 1550 26 15 ur
141 1544 108 21 allmänna
263 1544 69 21 medel
347 1544 34 21 för
396 1544 105 21 särskilda
517 1544 161 27 vetenskapliga
692 1544 106 21 ändamäl.
