1117 1817
337 166 159 38 Presteständet
510 167 54 16 1872.
589 166 26 17 23
628 166 40 20 maj
839 160 54 20 1223

95 246 61 24 ända,
180 246 23 21 sä
219 245 38 22 har
280 252 47 15 man
343 247 102 26 upplänat
461 246 37 21 hos
515 247 69 24 nägon
598 247 42 26 god
656 248 39 19 vän
712 246 36 21 det
763 252 45 15 som
825 245 74 21 fattats
915 245 7 20 i

95 274 114 22 kreditivet
224 274 31 21 för
271 275 40 20 den
328 275 68 26 dagen
419 275 39 21 och
474 275 89 21 sälunda
578 275 90 26 undgätt
684 273 236 28 öfverföringsafgiften.

96 303 43 22 Allt
162 303 75 21 sädant
253 303 37 21 der
311 303 109 22 konstladt
435 305 43 19 sätt
493 306 32 18 att
540 304 26 26 gä
582 303 88 26 tillväga
684 303 7 21 i
707 303 77 21 affärer
799 303 74 26 tycker
885 302 37 26 jag

95 337 51 16 vara
168 332 82 21 mindre
272 331 202 23 rekommendabelt,
499 332 39 21 och
555 332 27 21 dä
597 332 91 23 banken,
704 332 70 21 säsom
791 332 22 21 af
827 331 25 21 de
867 331 54 20 före-

96 360 79 27 gående
198 363 77 18 tvenne
297 360 94 22 talarene
414 361 65 20 redan
502 361 70 20 blifvit
591 361 128 25 framhället,
736 361 35 20 vid
787 360 72 26 hvarje
875 361 47 25 nytt

96 389 154 21 kassakreditiv
273 389 118 21 afslutande
415 391 82 25 uppgör
520 395 25 15 en
561 395 27 21 ny
611 388 58 24 affär,
686 395 61 21 synes
763 389 36 21 det
815 389 42 26 mig
872 394 50 15 vara

96 417 51 25 skäl,
171 419 32 19 att
225 417 227 28 öfverföringsafgiften
475 418 18 26 ej
510 418 72 21 vidare
598 417 123 26 bibehälles,
737 418 40 21 och
793 419 32 20 att
841 417 81 21 således

96 446 116 21 utskottets
227 446 80 27 förslag
322 447 67 21 skulle
406 449 94 24 antagas.

166 503 89 21 Prosten
279 503 96 26 Hjelt:
407 503 43 22 För
472 504 134 21 närvarande
628 505 37 19 äro
688 503 43 21 alla
754 503 168 25 kreditivtagare

97 531 96 27 skyldiga
215 533 33 20 att
270 532 57 21 inom
350 538 25 15 en
391 532 97 21 bestämd
504 532 31 21 tid
551 532 93 21 inbetala
660 532 37 21 sitt
712 531 98 22 kreditiv.
841 531 81 22 Genom

98 561 58 21 detta
178 561 117 26 stadgande
317 560 123 22 förutsättes
463 561 83 21 säledes
568 563 32 19 att
623 561 58 21 länet
703 561 54 20 skall
782 566 51 15 vara
849 560 74 23 betalt,

97 589 64 21 innan
184 589 35 21 det
240 595 41 21 nya
295 589 114 22 kreditivet
423 589 33 22 fär
471 589 102 27 begynna,
590 589 39 22 och
646 590 35 21 det
696 595 41 21 nya
751 589 115 21 kreditivet
881 589 42 20 kan

97 617 46 22 icke
158 617 69 22 säsom
243 618 116 21 statsrädet
373 618 97 21 Lindelöf
486 621 73 24 yttrat,
575 618 68 21 kallas
659 619 31 20 ett
705 618 102 26 gammalt
820 617 40 26 län,
872 620 51 18 utan

98 649 24 18 är
145 646 39 21 och
204 646 75 21 förblir
301 648 32 19 ett
355 649 52 24 nytt.
438 647 46 21 Den
509 653 45 15 som
571 647 115 26 ordentligt
701 647 58 20 skött
775 647 38 20 sitt
826 645 97 24 kreditiv,

98 675 95 21 kommer
209 675 68 26 aldrig
292 677 32 19 att
346 675 71 21 betala
432 675 122 21 straffränta
570 675 51 21 eller
636 675 207 27 öfverföringsafgift.
874 674 49 21 Men

99 704 68 20 denna
183 703 200 27 öfverföringsafgift
398 706 24 18 är
437 704 46 21 icke
498 706 66 19 annat
578 706 27 19 än
621 710 26 14 en
663 703 144 27 bestraffning,
823 709 44 15 som
879 702 44 21 län-

98 735 88 23 tagaren
209 732 105 32 undergär
339 732 90 26 derföre,
446 734 31 19 att
493 732 41 21 han
550 732 18 27 ej
584 732 96 27 fullgjort
696 732 53 21 hvad
765 732 42 21 han
823 731 101 32 skriftligt

98 760 109 22 förbundit
229 761 31 26 sig
283 760 37 21 till.
350 761 74 27 Aldrig
448 761 96 21 kommer
568 761 69 27 nägon
664 760 201 28 öfverföringsafgift
877 760 21 26 ju
917 760 6 20 i

99 789 59 27 fräga
181 795 32 15 om
238 796 48 14 man
309 789 48 21 fullt
379 789 68 21 betalt
462 790 38 20 sitt
515 790 90 21 kreditiv
622 790 39 21 och
676 790 65 26 begär
757 792 31 18 ett
803 792 53 29 nytt,
872 791 52 18 utan

100 818 27 21 dä
141 818 96 21 kommer
252 818 41 21 den
308 818 67 21 andra
399 818 95 26 afgiften,
509 818 105 27 nemligen
630 802 190 47 inträdesafgiften,
836 818 6 20 i
858 817 65 27 fråga.

99 846 66 22 Detta
179 848 24 19 är
219 846 103 28 nemligen
339 853 25 15 en
377 847 67 26 afgift,
455 853 45 15 som
512 846 92 22 drabbar
616 847 60 21 äfven
688 847 39 21 den
739 833 185 37 kreditivhafvare,

100 881 44 15 som
160 875 107 26 verkligen
292 875 73 21 sköter
379 876 38 20 sitt
432 875 91 21 kreditiv
538 876 69 20 säsom
623 876 36 21 det
675 875 38 21 bör
728 875 79 26 skötas,
824 874 39 22 och
878 874 47 22 icke

100 904 106 26 begagnar
226 904 35 21 det
283 904 70 21 säsom
376 906 31 19 ett
426 904 87 22 stäende
530 904 40 26 län,
586 910 45 16 som
647 904 60 21 fallet
722 906 23 19 är
761 904 47 21 med
825 904 25 20 de
865 902 60 22 flesta

100 932 171 27 kreditivtagare.
306 933 45 21 Den
377 939 45 15 som
446 933 106 21 reviderat
574 933 102 21 Finlands
697 932 62 22 Bank
780 932 87 26 känner,
894 933 32 19 att

100 961 80 27 ganska
195 961 77 27 många
287 961 167 25 kreditivtagare
470 962 67 26 dagen
553 962 53 20 efter
622 962 36 20 det
676 962 115 20 kreditivet
806 960 69 22 blifvit
889 959 36 22 be-

100 989 80 27 viljadt,
203 992 74 24 uttaga
302 996 95 15 summan
413 990 39 21 och
469 990 83 21 behälla
568 990 39 21 den
623 993 52 18 utan
691 990 65 27 nägra
770 989 157 27 inbetalningar

100 1018 54 21 intill
178 1018 57 21 årets
257 1018 48 26 slut,
326 1018 23 27 ja
371 1018 40 22 och
426 1018 77 28 många
518 1019 93 21 inbetala
627 1019 40 21 den
683 1018 18 27 ej
718 1025 36 15 ens
770 1018 33 26 dä,
818 1021 51 18 utan
886 1018 40 20 den

101 1046 97 28 Ofvergär
213 1047 46 21 från
275 1047 24 21 är
313 1047 32 21 till
361 1047 30 21 är.
422 1047 42 21 För
480 1047 65 27 öfrigt
560 1054 61 14 anser
634 1048 38 26 jag
686 1047 43 27 mig
745 1047 52 21 böra
813 1046 114 22 tillkänna-

101 1075 61 27 gifva,
178 1077 31 19 att
223 1076 36 26 jag
274 1076 119 26 genomläst
409 1076 26 21 39
451 1076 39 21 och
506 1077 25 20 41
550 1076 18 27 &,
584 1082 48 15 men
650 1076 54 21 hvad
721 1076 25 21 de
756 1076 108 21 innehälla
875 1075 52 21 höra

101 1104 46 21 icke
172 1104 31 20 hit
225 1107 22 23 ty
270 1104 26 22 de
318 1104 79 22 handla
412 1110 33 16 om
462 1104 58 22 hvad
534 1111 44 15 som
594 1105 80 26 åligger
690 1104 132 22 direktionen
839 1106 32 19 att
885 1103 41 21 till-

101 1134 50 25 göra
167 1134 38 19 när
221 1135 31 18 ett
268 1133 97 25 kreditiv,
382 1139 44 15 som
442 1133 19 26 ej
478 1135 24 19 är
518 1133 115 26 ordentligt
648 1133 64 25 skött,
727 1135 110 19 omsättes.

170 1189 120 22 Statsrädet
331 1189 131 22 Lindelöf:
493 1190 43 21 Det
550 1192 24 19 är
590 1190 18 27 ej
624 1190 62 27 sagdt
701 1192 32 19 att
749 1190 46 25 den,
807 1195 45 16 som
864 1189 65 26 begär

103 1217 133 28 förlängning
251 1218 23 21 af
288 1221 31 18 ett
333 1218 162 26 kassakreditiv,
511 1219 46 20 icke
573 1220 74 19 ämnar
659 1218 91 27 fullgöra
760 1219 26 20 de
796 1217 133 27 äligganden,

102 1252 47 15 som
166 1247 66 26 enligt
246 1247 125 21 kontraktet
386 1247 121 21 tillkomma
519 1247 84 22 honom.
633 1247 10 21 I
658 1247 101 21 händelse
771 1246 160 27 förlängningen

102 1275 18 27 ej
137 1275 94 27 beviljas,
247 1275 24 22 sä
286 1275 41 21 blir
342 1275 79 27 följden
438 1276 76 21 endast
530 1276 46 25 den,
593 1277 32 20 att
640 1275 42 22 han
697 1275 105 22 inbetalar
818 1275 54 21 hvad
888 1274 42 21 han

102 1304 78 26 uttagit
195 1304 28 26 pä
237 1303 120 22 kreditivet.
388 1304 42 21 Det
445 1304 68 21 borde
528 1304 70 21 derför
614 1304 18 27 ej
648 1304 95 27 skäligen
756 1304 72 21 kunna
841 1303 88 26 fordras,

104 1335 33 18 att
157 1332 42 22 han
221 1332 54 22 skall
293 1333 88 26 erlägga
403 1339 25 15 en
444 1335 60 19 extra
518 1333 103 26 taxering,
636 1335 32 19 ett
682 1333 57 26 slags
753 1333 130 24 strafiränta,
898 1331 33 22 för

103 1361 35 21 det
153 1363 32 19 att
199 1360 42 22 han
257 1360 95 23 anhäller
368 1367 34 15 om
418 1361 117 28 förnyande
551 1361 23 22 af
586 1361 119 22 kreditivet.

171 1413 149 26 Öfverläraren
343 1418 155 21 Kihlman:
536 1417 40 22 Till
597 1418 68 27 skydd
681 1417 32 22 för
728 1420 31 19 ett
775 1417 155 22 kassakreditiv

103 1446 38 21 hör
156 1446 153 27 väsendtligen,
325 1448 32 20 att
372 1453 48 14 man
437 1447 18 26 ej
471 1449 86 24 uttager
572 1446 189 22 kassakreditivets
771 1447 78 26 belopp
860 1445 70 22 säsom

103 1477 31 19 ett
149 1475 80 32 vanligt
244 1475 34 21 län
294 1475 39 21 och
349 1475 68 21 häller
432 1475 121 22 sedermera
572 1475 178 21 kassakreditivet
764 1477 52 19 utan
832 1476 33 20 att
880 1473 51 22 derä

103 1505 51 24 göra
176 1503 121 27 insättning.
329 1504 52 23 Den,
404 1509 44 16 som
471 1504 107 27 begagnar
600 1504 35 21 det
657 1503 95 26 sälunda,
773 1503 39 22 har
827 1503 57 27 gjort
899 1502 32 27 sig

104 1532 87 27 ovärdig
207 1534 32 19 att
253 1531 57 22 hälla
327 1531 155 22 kassakreditiv
498 1532 40 21 och
554 1532 39 21 bör
608 1532 65 27 enligt
689 1532 36 21 det
734 1517 136 46 reglemente,
885 1537 46 15 som

103 1566 29 15 nu
154 1562 24 19 är
200 1560 121 27 uppgjordt,
345 1560 18 27 ej
386 1561 73 20 vidare
481 1561 21 21 fä
521 1560 84 27 ätnjuta
619 1567 27 14 en
661 1561 65 21 sädan
742 1560 108 27 rättighet.
882 1559 49 22 Men
