1117 1817
227 134 54 21 1482
439 140 162 18 Presteständet
614 140 56 17 1872.
695 140 23 17 31
730 139 48 21 maj.

265 219 90 21 Prosten
370 220 87 26 Hjelt
472 220 91 21 nämnde
578 222 32 19 att
626 220 27 26 pä
668 222 31 19 ett
709 218 121 28 gästgifveri
841 219 18 26 ej
873 218 70 21 kunde
955 217 67 22 finnas

196 253 58 16 mera
269 247 88 22 bränvin
380 250 26 19 än
422 254 46 15 som
486 247 85 28 belöpte
586 248 32 27 sig
633 249 27 26 pä
676 247 158 28 personantalet
848 247 7 21 i
870 246 152 27 gästgifvarens

196 275 46 27 hus,
262 278 23 25 ty
307 276 40 21 han
371 283 37 14 var
430 277 18 26 ej
471 277 83 26 skyldig
576 279 33 19 att
630 277 56 21 hålla
701 276 95 25 bränvin,
813 275 66 22 ehuru
894 275 47 25 han,
958 274 64 27 enligt

196 304 97 27 gällande
315 305 129 27 författning,
466 305 55 22 hade
536 305 102 27 rättighet
654 305 32 21 till
701 305 142 26 utskähkning
859 304 60 22 deraf
933 310 33 15 om
981 303 41 21 han

196 333 24 21 sä
235 333 54 22 ville.

265 390 11 27 8
299 391 27 20 53
349 391 43 21 blef
413 391 93 21 härefter
523 391 100 26 godkänd
639 391 48 21 med
702 389 135 23 uteslutande
850 389 23 22 af
886 389 65 22 orden
967 389 56 25 ,för-

197 418 52 27 sälja
264 419 61 21 eller"
341 425 24 15 ur
380 425 62 16 mom.
459 420 13 21 2

266 476 11 27 8
293 477 26 20 54

266 534 64 25 ansåg
350 536 86 25 prosten
460 533 159 28 Grönberg
641 534 72 21 kunna
731 534 57 26 utgå,
813 533 26 21 dä
854 533 45 21 icke
915 532 66 21 andra
996 533 26 20 än

197 561 220 23 bränvinshandlande
432 569 50 15 voro
499 562 133 27 berättigade
648 565 32 19 att
695 562 79 21 handla
789 561 49 22 med
853 561 94 22 bränvin.

264 619 51 21 Vice
337 622 74 24 pastor
432 619 98 22 Lilius
551 620 65 25 ansäg
636 619 126 27 paragrafen
785 619 52 20 böra
852 617 123 24 bibehällas,
990 617 33 22 för

197 648 32 20 att
242 647 109 22 motverka
368 648 35 21 det
418 654 15 15 s.
450 648 20 21 k.
485 648 107 27 gifvandet
606 649 26 26 pä
648 648 70 27 köpet.

264 704 127 26 Paragrafen
407 704 121 27 godkändes
544 704 98 22 härefter.

265 760 12 29 8
294 762 26 20 55

265 818 123 27 godkändes
403 822 51 18 utan
470 819 126 24 diskussion,
612 820 48 20 med
676 819 89 27 ändring
781 818 21 22 af
817 818 63 22 orden
897 824 36 22 ,en
949 817 75 27 fjerde-

199 846 129 22 delskanna*
345 847 31 21 till
393 854 36 21 jen
445 847 45 22 half
504 848 88 21 kanna.”

267 904 10 26 $
293 904 27 22 56

265 960 44 22 blef
322 961 101 27 enhälligt
438 962 98 26 godkänd
552 964 50 18 utan
624 961 125 21 diskussion.

265 1018 11 26 S
292 1019 26 19 57

264 1074 44 21 blef
322 1074 22 21 af
357 1075 85 21 ständet
457 1075 105 27 godkänd,
578 1076 66 20 sedan
659 1078 32 18 ett
705 1075 22 21 af
736 1076 45 20 vice
797 1077 72 25 pastor
910 1074 114 22 Törnudd

197 1102 71 26 gjordt
284 1102 78 28 förslag
377 1106 32 18 att
424 1103 54 21 efter
493 1104 69 21 ordet:
580 1104 251 25 ,,bränvinsdistillering*
847 1103 68 21 skulle
927 1103 97 27 tilläggas

198 1130 66 25 neller
280 1132 206 21 ättiksfabrikation*
502 1132 46 21 icke
564 1135 81 18 ansetts
660 1132 85 27 påkalla
761 1132 81 26 åtgärd.

265 1187 12 26 $
292 1188 26 21 58

265 1245 122 26 godkändes
403 1245 103 27 enhälligt
521 1249 50 18 utan
590 1245 125 22 diskussion.

265 1301 11 21 I
291 1301 98 22 afseende
404 1303 13 20 å
432 1305 10 22 $
460 1303 27 20 59
504 1303 83 26 yttrade

268 1358 147 22 Öfverläraren
459 1359 124 21 Kihlman:
611 1359 41 27 Jag
667 1359 66 22 skulle
752 1359 62 26 bedja
828 1361 31 18 att
869 1359 21 21 få
901 1359 56 21 fästa
967 1359 56 21 stån-

198 1386 46 22 dets
260 1387 188 26 uppmärksamhet
464 1389 25 25 pä
504 1388 127 26 stadgandet
646 1388 6 21 i
668 1389 27 20 59
711 1388 20 27 &,
747 1387 81 22 hvilket
835 1387 37 27 jag
881 1393 62 16 anser
953 1387 70 22 kunna

197 1414 48 22 leda
262 1415 32 21 till
309 1415 143 27 hvarjehanda
469 1416 147 21 ledsamheter.
646 1416 40 27 Jag
701 1416 39 21 har
757 1415 104 27 nämligen
877 1415 48 27 sjelf
939 1415 44 22 haft
998 1422 26 15 en

197 1443 80 27 sorglig
292 1443 120 22 erfarenhet
426 1444 23 21 af
462 1445 132 26 stadgandet,
610 1445 76 21 sädant
701 1445 36 21 det
753 1451 28 14 nu
797 1446 29 19 är.
858 1445 41 20 Det
914 1444 41 21 kan
966 1446 59 19 näm-

197 1471 55 26 ligen
277 1472 75 24 hända,
377 1475 31 18 att
423 1475 31 19 ett
470 1473 54 26 parti
540 1473 88 21 bränvin
643 1473 82 22 skickas
742 1473 100 26 antingen
858 1473 47 20 med
921 1472 48 21 häst
984 1472 40 21 och

197 1499 65 22 kärra
287 1501 50 20 eller
353 1501 64 21 ocksä
433 1502 47 21 med
496 1501 42 26 bät,
555 1508 47 15 men
618 1504 31 19 att
665 1502 78 26 partiet
759 1503 24 19 är
799 1502 23 20 sä
837 1503 54 19 stort
906 1503 32 19 att
954 1501 35 21 det
1004 1501 17 26 ej

197 1528 42 21 kan
255 1529 66 21 lastas
337 1531 27 25 pä
380 1536 25 15 en
420 1531 67 25 präm,
503 1533 50 18 utan
569 1531 67 20 mäste
652 1530 64 21 delas.
748 1530 42 21 Vid
800 1529 121 27 detifräga
933 1529 91 22 varande
