1117 1817
230 142 54 20 1656
444 148 162 18 Presteståndet
618 149 55 16 1872.
697 149 12 16 7
722 148 52 21 juni.

199 226 192 27 Borgareståndets
417 227 133 28 inbjudning,
572 228 94 21 vidhålla
689 228 37 21 sitt
748 228 58 21 förut
828 227 7 21 i
857 227 65 22 saken
945 226 79 22 fattade

200 255 76 22 beslut.

768 301 20 18 In
801 301 63 18 fidem:

680 348 73 21 Victor
768 347 25 21 de
809 348 22 20 la
849 347 106 27 Chapelle.

267 547 66 22 Nästa
348 548 85 27 plenum
450 550 90 20 utsattes
556 549 31 20 till
607 549 2 20 i
626 555 88 20 morgon
730 547 27 22 kl.
776 549 24 20 11
817 547 14 22 f.
843 554 34 19 m.,
889 547 65 21 hvarå
967 547 56 21 stån-

199 575 35 22 det
249 576 102 21 ätskildes
367 577 28 21 kl.
412 577 48 27 !/,3
477 584 17 14 e.
511 583 26 15 m.

790 633 21 17 In
823 633 62 17 fidem:

679 679 52 21 Carl
752 679 50 21 Joh.
821 679 131 27 Lindegvist.

328 901 150 34 Fredagen
498 902 58 27 den
578 902 15 28 7
610 902 70 34 juni
698 902 41 27 kl.
758 902 31 26 11
809 901 23 29 f.
851 909 38 19 m.

263 975 69 21 Sedan
349 976 40 21 bön
407 976 108 22 förrättats
531 977 27 27 pä
573 976 91 22 svenska
679 976 86 26 spräket
781 976 22 21 af
819 976 199 26 kontraktsprosten

194 1003 32 21 d:r
248 1004 163 27 Alopaeus,
434 1005 79 21 skedde
536 1012 89 20 upprop,
641 1005 87 21 hvarvid
744 1006 69 20 såsom
829 1004 138 22 frånvarande
983 1010 35 15 an-

193 1032 114 21 tecknades
329 1033 74 27 biskop
424 1034 126 24 Schauman,
577 1036 85 24 prosten
678 1034 104 21 Borenius
801 1033 39 21 och
857 1033 76 21 doktor
949 1032 70 22 Horn-

193 1060 59 27 borg,
269 1060 71 22 hvilka
355 1062 6 20 i
377 1062 177 26 embetsgöromål
570 1062 90 26 nödgats
676 1062 67 22 afresa
759 1062 32 20 till
807 1062 76 26 Borgå.

262 1214 40 21 Till
323 1215 104 27 justering
450 1215 107 27 upplästes
580 1218 30 19 ett
626 1215 195 28 protokollsutdrag
837 1215 33 21 för
886 1215 39 20 den
942 1215 12 20 6
967 1214 52 26 juni.

261 1367 121 28 Föredrogs
404 1371 152 19 sammansatta
576 1371 64 19 stats-
656 1369 39 21 och
711 1369 216 21 ekonomiutskottets
942 1368 77 27 förslag

192 1395 31 21 till
246 1397 204 27 sammanjemkning
472 1397 22 21 af
506 1397 101 22 ståndens
622 1397 123 27 skiljaktiga
760 1397 71 22 beslut
846 1397 34 21 vid
896 1397 123 21 behandlin-

191 1430 40 20 gen
254 1424 24 21 af
299 1425 56 20 såväl
372 1425 27 21 H.
415 1426 25 21 K.
457 1425 109 28 Majestäts
589 1426 77 26 nådiga
687 1426 132 27 proposition
838 1432 34 15 om
888 1425 131 27 uppförande

191 1452 24 21 af
228 1455 77 19 tvenne
327 1453 100 27 fyrbåkar
442 1454 5 21 i
464 1454 87 27 Ladoga
569 1454 31 26 sjö
615 1461 46 14 som
677 1455 39 20 ock
731 1455 24 20 af
768 1454 77 27 nådiga
860 1454 158 27 propositionen

191 1481 110 26 angående
323 1483 117 26 utgörande
462 1483 22 20 af
505 1482 114 27 bevillning
642 1483 32 20 för
698 1483 55 22 1873
778 1483 39 21 och
843 1483 120 26 påföljande
987 1483 31 23 år,

191 1509 70 22 såvidt
283 1510 104 27 sistsagde
410 1511 130 26 proposition
557 1511 61 21 berör
633 1511 74 27 frågan
723 1517 34 16 om
773 1511 121 21 inrättande
910 1510 23 22 af
946 1517 26 15 en
986 1511 32 27 fyr

190 1537 13 21 å
218 1537 108 27 Bogskärs
341 1539 72 27 klippa
428 1539 97 22 söderom
541 1534 76 27 Åland.
