1117 1817
234 129 55 21 1216
437 136 163 18 Presteståndet
613 137 55 17 1872.
694 137 25 17 23
732 136 48 22 maj.

203 217 33 19 att
258 221 47 16 man
328 217 32 20 ett
381 216 24 21 år
425 216 57 22 förut
504 216 98 27 betingar
620 217 32 26 sig
667 217 118 26 penningar
800 217 6 20 i
822 217 83 21 banken
921 216 38 22 och
976 216 54 22 låter

204 243 47 22 dem
272 243 55 28 ligga
351 243 43 27 der,
415 247 52 20 utan
487 247 33 19 att
535 245 26 22 de
576 245 113 22 användas.
721 245 49 22 Men
786 247 25 20 är
827 251 47 16 man
891 248 90 24 tvungen
998 248 31 19 att

203 271 71 23 betala
289 274 61 20 ränta
365 273 27 27 på
408 273 54 28 dem,
478 276 61 24 tagas
555 274 25 21 de
596 280 42 21 nog
654 275 29 20 ut.

271 340 120 23 Statsrådet
406 342 158 21 Lindelöf:
587 343 42 21 Det
644 342 97 21 kommer
756 342 33 21 väl
805 342 74 26 sällan,
895 342 52 22 eller
961 342 67 27 aldrig

202 369 6 21 i
224 368 59 28 fräga
305 372 32 19 att
352 370 41 27 län,
409 377 45 15 som
471 370 67 22 blifvit
554 371 108 26 beviljadt,
678 370 69 22 skulle
762 371 81 21 lemnas
859 370 88 28 olyftadt
962 371 66 22 under

202 403 26 16 en
243 398 74 27 längre
332 399 37 21 tid.
400 399 102 28 Vanligen
518 399 67 26 gäller
600 400 36 21 det
652 399 75 22 endast
742 399 22 22 fä
780 399 72 27 dagar,
869 399 39 22 och
923 400 105 21 utskottet

201 432 38 16 var
254 426 23 21 af
288 427 41 21 den
343 427 62 27 äsigt,
421 430 32 19 att
469 428 35 21 det
519 428 47 22 icke
581 427 69 22 skulle
666 427 188 23 öfverensstämma
869 428 47 21 med
932 428 95 22 bankens

202 455 110 28 värdighet
327 457 32 20 att
374 456 66 22 räkna
456 456 32 27 sig
502 456 33 22 till
550 457 56 26 godo
621 458 76 20 räntan
713 456 32 21 för
761 457 26 21 de
803 457 66 26 dagar
880 457 67 22 under
957 456 70 22 hvilka

201 483 59 22 länet
286 483 45 22 icke
357 485 54 21 varit
437 485 128 27 begagnadt.
594 485 34 22 Dä
653 487 87 25 prosten
756 485 59 27 Hjelt
829 485 110 27 förmenat,
955 487 31 20 att
1002 491 25 16 en

202 511 57 28 dylik
282 513 70 26 praxis
367 513 46 22 icke
428 513 60 28 följes
503 514 146 26 annorstädes,
664 513 24 22 sä
703 513 32 22 får
748 514 37 27 jag
799 514 89 27 upplysa
903 516 32 19 att
950 513 77 22 ätmin-

201 543 61 20 stone
277 541 36 22 vid
327 542 34 21 län
378 548 25 15 ur
417 542 158 22 universitetets
590 542 75 22 fonder
680 544 75 20 räntan
773 543 103 21 beräknas
892 543 74 21 endast
980 542 46 22 frän

202 569 40 22 den
257 569 38 27 tid,
312 570 27 21 dä
353 570 62 23 lånen
430 571 69 22 blifvit
513 571 84 28 lyftadt.

270 735 153 28 Kyrkoherden
450 736 155 22 Snellman
630 736 121 28 aflägsnade
778 737 32 27 sig
832 736 32 22 för
887 742 25 16 en
935 736 93 22 embets-

200 763 132 27 förrättning.

269 911 147 23 Ofverläraren
439 913 157 21 Kihlman:
627 912 50 22 Ifall
700 913 40 21 den
763 913 130 22 länsökande
907 913 68 22 skulle
990 916 35 19 ut-

199 941 84 21 sträcka
305 941 33 21 sin
360 942 102 27 rättighet
478 944 32 20 att
524 942 70 22 lemna
610 942 58 21 länet
684 942 90 27 olyftadt
789 942 56 21 ända
859 942 32 21 till
907 948 24 16 en
947 942 77 22 mänad

199 968 53 23 eller
274 971 31 20 ett
327 970 30 26 är,
380 970 24 22 sä
424 970 57 22 inser
494 970 36 27 jag
545 970 53 26 icke,
614 972 32 20 att
661 970 46 22 icke
724 970 131 22 direktionen
871 970 67 22 skulle
953 971 71 21 kunna

198 997 45 22 helt
269 998 71 22 enkelt
365 999 97 27 återtaga
487 999 37 21 sitt
551 998 51 22 löfte
627 1005 34 15 om
685 999 42 25 län,
743 999 40 21 och
798 998 89 22 sålunda
902 999 67 21 skulle
984 999 40 21 den

198 1026 115 27 svärighet,
328 1033 46 15 som
389 1027 22 21 af
425 1029 87 25 prosten
528 1027 59 27 Hjelt
601 1027 134 27 framhällits,
751 1034 52 15 vara
818 1027 81 22 häfven.

267 1095 58 21 Härä
341 1096 142 22 framställdes
498 1096 92 26 följande

267 1163 144 27 Proposition:

267 1231 129 22 Godkänner
411 1233 85 21 ståndet
512 1234 116 20 momentet
644 1233 10 20 1
672 1232 24 22 af
710 1233 12 26 $
739 1233 25 20 31
782 1231 65 28 enligt
858 1232 166 21 utskottsbetän-

196 1260 87 27 kandet,
305 1260 51 22 eller
376 1261 60 22 icke?
466 1261 53 26 Den,
535 1267 45 16 som
596 1261 125 26 godkänner
737 1262 116 20 momentet
868 1260 65 27 enligt
948 1260 75 21 betän-

196 1289 87 26 kandet,
305 1295 74 16 svarar
397 1289 31 27 ja;
453 1290 41 21 den
510 1289 36 22 det
560 1289 46 22 icke
621 1291 45 26 gör,
683 1295 74 16 svarar
772 1289 41 27 nej.
843 1289 79 21 Vinner
937 1289 32 26 nej
986 1295 36 15 an-

196 1319 60 25 tages
272 1323 61 16 mom.
352 1319 9 20 1
379 1317 7 22 i
402 1319 12 26 &
430 1319 26 20 31
474 1318 65 27 enligt
554 1317 201 28 bankfullmäktiges
770 1317 85 28 förslag.

265 1386 131 22 Besvarades
422 1387 48 21 med
493 1388 25 20 17
539 1387 23 26 ja
582 1386 39 22 och
638 1387 25 21 15
680 1387 39 26 nej.
751 1386 118 21 Momentet
884 1385 43 22 blef
940 1385 82 21 säledes

195 1414 110 27 godkändt
320 1414 67 27 enligt
402 1415 244 22 utskottsbetänkandet.

263 1482 122 22 Utskottets
409 1483 80 27 förslag
512 1485 32 20 att
564 1489 62 16 mom.
650 1483 14 20 2
679 1483 68 22 skulle
763 1483 57 26 utgä,
837 1482 122 27 godkändes
976 1481 46 22 der-

195 1510 53 22 efter
264 1511 108 27 enhälligt.
