1117 1817
237 142 54 22 1200
449 149 161 18 Presteståndet
623 150 55 17 1872.
703 150 26 17 23
741 150 48 21 maj.

275 228 89 21 Prosten
387 229 101 27 Hjelt:
518 229 74 22 Såsom
616 230 48 21 stöd
686 230 33 21 för
742 231 39 20 den
805 230 23 21 af
848 230 42 27 mig
912 229 121 27 föreslagna

207 256 110 28 åtgärden,
340 257 68 22 skulle
428 258 36 27 jag
487 259 125 26 ytterligare
635 258 50 27 vilja
705 259 100 26 åberopa,
821 261 32 19 att
869 258 163 22 bankutskottet

206 285 40 21 har
268 285 28 27 på
318 292 81 15 samma
417 288 43 19 sätt
484 286 83 22 förfarit
590 287 48 21 med
661 288 41 21 den
725 287 74 27 punkt,
821 294 46 15 som
890 287 89 21 handlar
997 293 35 15 om

206 313 176 23 sedelvalörerna.
413 315 49 21 Man
486 315 38 21 har
546 315 47 22 icke
616 316 57 21 velat
696 316 109 27 äfventyra
828 318 38 23 att,
883 316 70 21 derest
968 315 63 27 ryska

206 341 179 23 finansministern
407 344 81 21 uttalar
502 344 38 21 sitt
554 347 49 18 veto
620 345 103 25 häremot,
740 345 49 20 hela
804 345 140 26 reglementet
958 344 74 22 förfal-

205 371 44 26 ler;
273 371 40 22 och
335 372 28 27 pä
384 378 81 15 samma
488 374 42 20 sätt
553 373 67 21 borde
641 380 50 14 man
706 373 34 21 väl
755 373 78 21 handla
849 380 34 14 nu.
914 373 118 26 Sluteligen

205 406 63 15 anser
281 400 36 27 jag
332 401 42 27 mig
389 401 53 21 böra
456 401 110 25 anmärka,
582 403 31 20 att
627 402 37 27 jag
679 403 7 20 i
701 402 117 21 utskottets
834 402 133 21 betänkande
983 401 48 22 sak-

206 435 39 14 nar
268 429 91 22 motiver
380 432 44 19 mot
447 430 41 21 den
503 431 139 24 reservation,
658 437 45 15 som
719 431 24 20 af
757 431 50 20 herr
821 437 40 14 von
877 431 70 26 Trapp
963 429 67 22 blifvit

206 457 98 26 afgifven.
334 458 31 21 De
388 459 56 21 olika
467 459 108 26 äsigterna
597 459 67 21 borde
686 459 55 22 dock
756 459 6 21 i
778 459 105 22 utskottet
899 459 62 21 hafva
976 459 55 20 varit

206 486 157 22 underkastade
386 487 125 22 diskussion.
549 488 61 21 Dock
630 488 69 21 denna
727 488 38 21 sak
788 488 141 21 öfverlemnar
949 487 37 27 jag
1008 487 22 21 ät

206 514 146 22 ledamöterna
366 515 7 21 i
389 516 164 21 bankutskottet
568 518 33 19 att
616 518 97 19 närmare
729 517 101 21 förklara.

276 572 146 22 Ofverläraren
445 573 147 22 Kihlman:
622 573 40 27 Jag
685 575 24 20 är
732 574 69 21 såsom
821 574 90 21 medlem
927 573 23 21 af
964 573 66 22 bank-

205 600 106 22 utskottet
334 601 65 22 skilät
417 603 132 26 uppfordrad
564 609 75 20 genom
657 603 40 20 den
712 602 127 27 föregäende
856 603 81 20 talaren
953 605 31 18 att
999 602 30 21 af-

205 629 57 26 gifva
277 636 26 15 en
318 629 122 28 förklaring,
455 631 98 22 hvarföre
569 631 66 27 nägra
650 632 91 21 motiver
755 631 46 21 icke
813 631 62 21 hafva
887 631 67 21 blifvit
967 631 62 21 fram-

205 657 73 22 hållna
293 659 47 20 med
356 659 98 21 afseende
470 659 12 21 &
498 660 39 20 den
553 659 23 21 af
590 660 50 20 herr
654 666 18 14 v.
689 660 70 26 Trapp
775 659 79 27 afgifna
865 660 164 20 reservationen.

205 686 154 28 Förklaringen
381 689 24 19 är
424 688 82 27 mycket
523 688 68 22 enkel.
621 688 178 21 Bankutskottets
815 689 137 20 medlemmar
967 688 62 21 hafva

205 714 47 22 icke
273 715 54 21 känt
347 716 70 21 denna
432 717 138 26 reservation,
586 717 71 21 förrän
674 717 25 21 de
715 718 41 20 läst
769 717 40 21 den
827 717 75 27 tryckt.
933 717 42 21 Det
990 716 40 21 har

205 743 90 22 sälunda
316 744 34 21 för
371 745 106 21 utskottet
498 746 54 20 varit
574 752 26 14 en
624 746 123 26 omöjlighet
767 748 32 18 att
815 746 72 20 kunna
902 746 85 20 bemöta
1002 746 28 20 de

205 773 53 25 skäl,
275 779 45 15 som
336 773 22 21 af
371 774 49 21 herr
435 780 19 15 v.
467 774 70 27 Trapp
548 774 39 21 här
599 774 69 21 blifvit
680 774 133 22 framstälda.
836 774 32 21 Då
879 776 12 19 4
902 774 126 27 paragrafen

204 801 96 22 förekom
322 802 7 20 i
351 802 112 26 utskottet,
480 803 39 21 och
534 803 48 21 dess
597 803 145 27 medlemmar,
758 803 47 21 med
822 803 108 26 undantag
945 802 22 22 af
981 803 46 20 ord-

204 829 109 27 föranden,
329 837 51 15 voro
396 832 60 26 eniga
472 832 6 20 i
494 833 32 20 att
540 832 113 26 godkänna
669 832 26 20 de
710 832 145 26 grundsatser,
871 838 45 15 som
931 831 23 21 af
964 831 64 21 bank-

203 858 134 28 fullmäktige
353 859 6 21 i
375 860 61 20 deras
452 860 80 26 förslag
547 860 69 21 blifvit
631 860 132 27 framstälda,
778 861 93 20 anmälte
887 860 140 21 ordföranden

204 889 32 19 att
259 888 42 20 han
326 888 67 21 mäste
408 888 33 21 för
456 889 33 21 sin
505 889 33 21 del
550 895 110 15 reservera
675 890 37 26 sig.
743 889 127 21 Sedermera
885 889 93 21 önskade
993 890 35 19 ut-

204 916 81 22 skottet
308 918 32 20 att
361 916 21 22 fä
404 919 48 19 veta
475 918 73 21 skälen
569 918 33 20 för
625 918 164 25 reservationen,
805 918 39 20 och
861 917 26 21 dä
904 917 123 21 meddelade

203 944 144 22 ordföranden
369 946 7 20 i
398 946 86 21 korthet
503 946 132 27 mundtligen
659 946 64 27 nägot
742 946 23 21 af
779 946 42 25 det,
837 952 46 15 som
898 946 42 20 han
955 946 72 20 seder-

203 979 59 15 mera
286 974 55 21 hade
362 974 89 27 skrifvit,
475 981 47 15 men
538 975 114 26 ingalunda
668 976 45 23 allt,
729 975 40 21 och
785 975 36 21 det
836 976 24 19 är
875 974 90 25 derföre,
982 980 44 15 som

203 1002 106 21 utskottet
331 1002 46 22 icke
400 1002 38 22 har
460 1003 82 21 kunnat
562 1004 86 20 bemöta
671 1004 46 20 den.
747 1004 32 20 De
802 1003 23 21 af
846 1004 49 20 herr
916 1009 18 14 v.
956 1003 71 26 Trapp

202 1030 125 22 framstälda
341 1031 72 21 skälen
429 1034 38 19 äro
482 1032 108 26 verkligen
605 1032 47 21 icke
668 1032 22 21 af
704 1032 66 21 sädan
787 1031 145 22 beskaffenhet
946 1033 32 19 att
994 1031 33 24 de,

202 1058 71 22 säsom
295 1060 42 26 mig
359 1066 68 21 synes,
450 1062 38 20 äro
510 1061 102 26 förtjenta
634 1062 23 20 af
678 1062 63 25 nägot
761 1061 116 26 synnerligt
893 1060 134 26 bemötande,

201 1087 124 27 isynnerhet
345 1096 34 14 om
403 1090 25 20 de
450 1090 73 20 ställas
545 1090 7 20 i
574 1090 66 20 bredd
664 1090 46 20 med
727 1090 25 20 de
768 1090 53 24 skäl,
838 1089 71 21 hvilka
925 1088 22 21 af
962 1088 64 21 bank-

201 1116 135 27 fullmäktige
351 1117 69 22 blifvit
434 1118 128 21 framhällna
577 1118 6 21 i
599 1119 101 26 paragraf
713 1119 26 20 55
757 1118 39 21 och
812 1118 27 20 56
855 1118 6 20 i
877 1118 102 25 förslaget
993 1116 34 21 till

201 1145 130 26 reglemente
354 1146 33 21 för
410 1146 102 21 Finlands
534 1147 63 20 bank.
628 1147 139 20 Direktionen
791 1146 94 21 befinner
908 1146 37 25 sig,
961 1145 65 26 enligt

202 1173 41 21 den
266 1174 139 27 lagstiftning,
428 1181 46 15 som
497 1181 28 14 nu
544 1175 67 26 gäller
630 1175 32 21 för
678 1176 68 20 denna
762 1175 122 26 inrättning,
900 1174 7 21 i
923 1181 25 14 en
963 1173 63 27 pligt-

201 1201 107 28 kollision,
332 1209 44 15 som
397 1203 46 21 icke
467 1204 41 21 kan
527 1206 65 19 annat
608 1205 26 20 än
650 1210 51 15 vara
717 1204 63 26 högst
795 1203 113 26 obehaglig
923 1203 33 21 för
971 1202 55 26 dem,

201 1236 45 15 som
263 1231 60 22 skola
344 1231 91 27 fullgöra
450 1232 168 21 föreskrifterna.
649 1232 196 21 Bankdirektionen
862 1232 38 20 har
917 1233 14 19 t.
947 1237 30 15 ex.
993 1233 33 19 att

201 1259 79 27 bevilja
302 1261 35 20 län
360 1260 47 21 frän
426 1261 25 21 de
466 1261 81 25 fonder,
563 1267 45 15 som
625 1261 33 21 stä
674 1261 66 21 under
757 1261 126 20 ständernas
897 1259 128 26 förvaltning

201 1287 40 22 och
264 1287 47 22 frän
333 1289 55 24 dem,
413 1295 45 16 som
483 1289 87 21 tillhöra
594 1290 134 21 statsverket.
767 1289 56 21 Frän
846 1289 137 20 hvilkendera
1004 1288 24 21 af

201 1316 62 21 dessa
286 1317 75 22 fonder
383 1317 35 22 län
436 1318 55 21 skall
507 1318 87 27 beviljas
610 1318 41 21 blir
667 1319 60 20 alltid
743 1324 26 15 en
785 1317 66 27 fräga,
868 1323 45 15 som
929 1317 32 21 för
977 1316 48 21 dem

200 1344 69 22 måste
291 1352 51 14 vara
365 1346 48 21 svår
435 1348 33 19 att
489 1347 80 26 afgöra.
598 1347 196 21 Bankdirektionen
814 1347 95 20 kommer
923 1346 7 20 i
945 1351 81 16 samma

201 1373 113 26 ögonblick
334 1377 32 18 att
388 1381 52 15 vara
455 1375 79 27 köpare
551 1375 39 21 och
606 1375 86 26 säljare;
709 1375 128 21 statsverket
853 1374 102 21 behöfver
970 1373 56 26 köpa

199 1402 150 27 obligationer,
371 1403 39 22 och
433 1403 101 22 Finlands
559 1404 56 21 bank
636 1406 50 24 äger
705 1403 198 27 statsobligationer
919 1405 32 19 att
966 1401 58 28 sälja.

200 1429 75 23 Såsom
299 1431 76 27 säljare
399 1432 68 21 måste
488 1433 36 20 det
547 1439 51 14 vara
614 1433 48 20 dess
678 1433 121 26 skyldighet
815 1434 32 19 att
862 1432 21 21 få
899 1432 35 21 det
949 1431 77 26 högsta

199 1459 74 26 priset,
297 1460 40 21 och
359 1460 70 21 säsom
452 1461 80 27 köpare
555 1461 67 21 mäste
641 1462 35 26 det
692 1467 50 15 vara
758 1461 49 20 dess
822 1460 120 27 skyldighet
957 1461 31 20 att
1004 1459 22 21 fä

199 1487 36 21 det
258 1487 76 28 lägsta.
364 1489 32 21 De
419 1489 53 28 skäl,
492 1496 46 15 som
560 1489 23 22 af
604 1489 191 27 bankfullmäktige
814 1489 69 21 blifvit
898 1488 127 21 framhällna

199 1516 39 20 och
255 1522 45 16 som
316 1517 45 21 tala
375 1518 34 21 för
424 1525 25 14 en
465 1518 55 21 skild
535 1518 129 27 förvaltning
679 1518 23 21 af
715 1519 26 20 de
757 1518 81 27 fonder,
854 1524 45 15 som
915 1517 33 21 stä
959 1517 67 21 under

198 1545 128 21 ständernas
347 1546 39 21 och
403 1547 32 26 de,
452 1553 44 15 som
512 1547 87 21 tillhöra
614 1547 129 21 statsverket
760 1547 52 20 eller
827 1545 155 27 militieverket,
998 1546 27 21 de
