1117 1817
220 138 55 21 1236
442 144 160 18 Presteständet
616 146 56 16 1872.
696 146 27 16 24
734 145 47 21 maj.

190 224 37 21 det
242 224 6 20 i
265 225 32 20 ett
311 224 50 21 land
376 224 55 21 hade
446 225 66 26 högre
528 225 66 21 värde
609 227 26 18 än
652 225 6 20 i
674 226 32 20 ett
721 226 70 20 annat.
804 224 39 22 och
859 224 137 27 guldmynten
1011 224 7 20 i

191 252 96 27 enlighet
309 253 86 21 dermed
418 259 50 15 vore
490 253 110 27 präglade,
624 253 24 22 sä
665 253 69 21 skulle
750 253 61 22 deraf
824 253 59 26 följa,
898 254 32 19 att
945 251 73 27 guldet

191 281 69 21 skulle
287 283 103 20 strömma
415 282 58 21 öfver
495 281 47 22 frän
565 282 37 21 det
624 289 40 14 ena
687 283 72 20 landet
777 282 31 21 till
825 283 36 20 det
876 281 72 21 andra.
977 280 41 27 Jag

190 310 88 26 medger
299 312 32 19 att
353 311 40 20 den
415 310 7 21 i
440 311 118 20 utskottets
573 310 136 21 betänkande
725 311 124 26 begagnade
864 308 154 27 benämningen

188 338 149 28 ypäarivärde**,
353 345 44 15 som
413 339 34 21 väl
462 339 120 26 egentligen
598 339 77 22 hänför
690 339 31 26 sig
737 339 31 21 till
785 339 37 21 det
837 338 119 22 metalliska
971 339 47 19 vär-

190 367 43 23 det,
256 367 19 26 ej
297 369 24 18 är
337 367 86 21 alldeles
439 368 71 21 exakt.
540 368 50 21 Men
603 368 37 27 jag
656 370 45 19 tror
717 368 63 21 likväl
797 370 32 19 att
845 368 116 21 momentet
976 366 42 21 kan

191 395 125 27 godkännas
337 395 140 22 oförändradt
499 396 39 21 och
562 399 32 18 att
618 397 36 20 det
674 396 162 27 ifrägavarande
851 396 109 26 uttrycket
975 395 43 21 helt

189 424 75 21 enkelt
288 424 41 21 kan
351 425 79 21 förstäs
452 425 98 24 sälunda,
574 427 32 19 att
628 425 48 21 med
693 425 34 21 det
744 425 115 21 utländska
873 425 145 26 guldmyntets

191 453 112 26 parivärde
319 459 73 15 menas
408 454 35 21 det
459 454 66 21 värde
541 454 36 21 det
592 454 40 21 har
648 454 65 27 enligt
729 454 135 27 präglingen;
881 453 90 21 sälunda
986 454 32 19 att

190 483 17 19 t.
224 487 32 15 ex.
273 487 26 16 en
315 481 72 22 fransk
403 482 101 25 louisdor,
518 489 46 14 som
580 484 24 19 är
619 483 87 26 preglad
723 483 32 20 till
771 483 27 20 20
814 482 76 23 francs,
902 487 62 15 anses
979 487 39 20 ega

189 516 84 15 samma
294 511 71 26 värde,
387 517 44 15 som
448 512 26 20 20
490 511 70 22 francs
575 511 6 21 i
596 511 72 21 silfver
684 511 39 21 och
738 511 83 21 säledes
835 510 57 27 gälla
907 511 28 20 20
950 509 67 22 mark.

260 567 90 22 Prosten
375 568 98 27 Hjelt:
502 568 41 27 Jag
566 569 69 20 skulle
659 568 48 27 vilja
730 568 95 21 bestrida
848 567 127 28 riktigheten
996 566 24 21 af

189 597 35 20 att
249 597 31 20 ett
298 597 134 26 francstycke
448 597 40 21 och
504 604 25 14 en
546 597 56 21 finsk
618 597 61 21 mark
695 599 36 19 äro
748 597 49 21 lika.
828 597 31 26 Ty
874 603 25 14 en
915 596 59 21 franc
988 596 30 21 in-

191 624 96 21 nehäller
302 625 62 24 0,0009
378 632 60 20 gram
454 632 59 15 mera
528 626 72 21 silfver
615 628 27 19 än
658 626 40 21 den
717 626 68 21 finska
801 626 88 20 marken
905 625 39 21 och
959 625 60 20 detta

191 653 67 21 borde
273 653 66 22 verka
354 654 27 26 pä
396 654 221 21 kursförhällandena.
648 655 42 20 För
710 654 65 27 öfrigt
787 654 24 26 ju
827 654 65 26 högre
907 653 64 22 värde
987 655 31 19 ett

191 684 60 24 mynt
273 682 45 25 har,
339 682 23 26 ju
384 683 82 21 mindre
486 683 75 21 blifver
578 684 47 20 dess
642 683 122 26 remedium,
780 685 15 19 t.
811 689 31 15 ex.
857 683 34 21 för
907 682 26 21 10
948 682 70 20 francs

191 710 64 27 2/1000,
271 716 48 16 men
335 711 32 21 för
384 712 40 21 100
439 713 25 19 är
479 712 56 26 !/jooo
551 712 124 21 remedium.
705 712 42 26 Jag
763 712 68 20 skulle
847 711 72 21 derför
933 710 85 26 föreslå,

191 741 32 19 att
246 745 49 15 man
318 739 87 22 alldeles
420 740 46 21 icke
482 740 108 26 begagnar
605 740 162 27 ifrägavarande
786 740 124 21 förvillande
926 739 92 27 uttryck,

191 770 52 18 utan
259 768 100 27 antingen
375 769 161 26 ,metallvärde*
553 770 53 20 eller
621 769 65 21 också
702 769 83 27 ,lägsta
801 768 70 26 kurs",
889 768 26 21 dä
931 768 27 21 all
975 770 43 18 tve-

191 796 96 27 tydighet
302 797 68 21 skulle
386 798 110 24 undvikas,
512 799 52 19 enär
579 798 84 20 ettdera
686 798 23 20 af
727 798 62 20 dessa
804 797 85 27 uttryck
907 796 63 22 exakt
986 798 34 19 ut-

191 825 86 27 trycker
299 825 55 21 hvad
376 826 163 22 bankutskottet
562 826 36 21 vill
621 826 106 27 uttrycka.
758 826 49 21 Men
823 826 36 21 det
873 826 40 20 har
928 825 90 26 troligen

191 853 57 21 velat
263 854 96 26 begagna
375 857 31 19 ett
420 855 76 27 gentilt
512 855 91 27 uttryck.

259 910 112 22 Professor
393 912 159 21 Forsman:
583 912 65 21 Utom
671 912 28 20 ail
722 912 61 26 fräga
801 913 24 19 är
840 911 108 27 uttrycket
963 910 56 27 pari-

192 940 75 20 värdet
283 942 64 23 orätt,
363 940 28 21 dä
405 940 61 28 fräga
481 943 24 19 är
521 947 33 15 om
568 940 124 28 jämförelse
707 941 77 20 mellan
800 940 111 26 guldmynt
926 939 40 22 och
979 939 40 21 den

191 968 68 21 finska
275 968 167 27 silfvermarken,
459 970 39 20 och
515 970 35 20 det
566 976 51 14 vore
633 969 80 21 kanske
729 969 84 21 derföre
829 969 37 20 det
880 968 140 26 lämpligaste,

191 998 33 19 att
246 997 109 27 uttrycket
377 998 7 20 i
403 998 36 21 det
454 998 109 21 afseendet
579 998 128 21 åtminstone
723 998 69 20 skulle
808 997 65 21 blifva
887 996 131 22 förändradt.

191 1025 49 21 Men
265 1026 69 26 nägon
357 1028 45 19 stor
424 1026 47 21 fara
493 1027 42 21 kan
557 1027 87 20 dermed
659 1026 18 27 ej
694 1032 51 15 vara
761 1026 125 26 förbunden,
903 1025 27 21 dä
945 1025 75 21 värdet

191 1054 91 21 emellan
305 1054 65 22 finskt
385 1055 51 26 guld
452 1055 39 21 och
507 1055 64 21 finskt
587 1055 71 21 silfver
674 1057 23 19 är
713 1055 130 21 ätminstone
859 1054 161 21 konventionelt

191 1083 134 27 temmeligen
345 1083 113 21 bestämdt.
487 1084 62 21 Hvad
566 1084 46 20 äter
628 1084 113 20 utländska
757 1082 183 27 silfverparivärde
956 1082 6 21 i
977 1082 42 21 för-

191 1110 100 22 hällande
315 1112 32 20 till
369 1111 69 22 finska
460 1112 87 21 marken
571 1112 107 25 beträffar,
699 1112 68 21 mäste
783 1112 36 21 det
835 1111 134 26 naturligtvis
985 1110 35 22 be-

191 1141 103 20 stämmas
316 1140 54 21 efter
396 1141 110 20 metallens
521 1141 72 25 värde,
612 1141 40 20 och
668 1141 40 20 den
723 1141 57 25 gåta,
797 1147 45 14 som
858 1142 87 24 prosten
962 1139 58 26 Hjelt

191 1167 104 22 framlade
317 1169 45 24 här,
379 1169 95 21 kommer
489 1170 32 25 sig
536 1169 66 24 deraf,
618 1171 33 19 att
666 1169 40 21 den
722 1169 87 21 franska
824 1169 94 21 franc'en
934 1171 86 18 noteras

192 1196 32 21 till
241 1203 25 14 en
282 1197 59 26 lägre
357 1198 50 20 kurs
422 1199 26 19 än
465 1198 40 21 den
522 1197 67 22 tinska
605 1198 94 25 marken,
717 1198 89 21 oaktadt
815 1198 40 20 den
860 1192 9 36 i
884 1196 136 21 silfvervärde

191 1225 46 21 stär
252 1225 65 27 nägot
332 1225 72 27 högre.
435 1227 42 20 Det
492 1228 24 19 är
531 1233 24 14 en
572 1227 45 23 sak,
638 1233 45 14 som
697 1226 36 27 jag
749 1229 46 18 tror
810 1228 33 19 att
857 1225 20 21 vi
893 1225 18 26 ej
928 1224 92 22 behöfva

191 1253 126 27 sysselsättä
340 1261 35 14 oss
397 1255 54 20 med.
481 1255 48 21 Men
545 1255 37 21 det
598 1255 96 21 kommer
709 1255 44 21 helt
769 1255 72 20 enkelt
857 1253 62 22 deraf
932 1255 32 19 att
979 1253 41 21 den

192 1282 19 26 ej
233 1283 38 26 går
293 1283 32 21 till
344 1284 127 25 parivärdet,
488 1284 88 20 emedan
593 1283 62 21 deraf
669 1284 66 21 finnes
751 1283 24 21 sä
790 1283 84 27 mycket
889 1282 28 27 pä
932 1282 41 21 den
988 1283 32 19 ut-

192 1310 90 22 ländska
297 1312 137 25 marknaden,
451 1312 24 21 sä
490 1314 31 19 att
537 1313 40 20 den
594 1312 40 21 har
648 1312 80 27 sjunkit
743 1312 33 21 till
793 1312 37 21 sitt
845 1311 71 21 värde.

261 1369 123 22 Statsrädet
406 1369 162 22 Lindelöf:
599 1369 43 21 Det
664 1376 37 15 var
724 1369 57 22 blott
803 1369 48 21 med
872 1368 113 26 anledning
1000 1367 22 22 af

192 1397 40 21 den
259 1398 95 24 rättelse,
381 1405 44 14 som
450 1399 85 26 gjordes
560 1398 24 21 af
609 1400 87 24 prosten
721 1398 67 27 Hjelt,
807 1397 63 22 neml.
887 1399 32 18 att
935 1396 86 21 franska

192 1425 94 22 francen
302 1427 19 26 ej
337 1428 24 19 är
377 1426 127 27 fullkomligt
520 1427 44 20 lika
580 1427 46 20 med
643 1427 68 21 finska
721 1427 94 24 marken,
827 1432 46 15 som
881 1425 37 26 jag
929 1425 92 26 begärde

191 1455 70 20 ordet.
291 1455 42 21 Det
355 1462 38 14 var
414 1455 46 22 icke
483 1455 67 22 heller
572 1456 42 21 min
636 1456 91 26 mening,
743 1457 32 19 att
791 1455 26 21 de
833 1457 37 18 äro
887 1453 65 22 exakt
968 1453 52 26 lika;

192 1489 27 14 en
242 1483 83 22 skilnad
348 1484 120 26 förefinnes,
486 1484 67 21 ehuru
569 1484 40 21 den
621 1485 24 20 är
660 1484 23 21 sä
699 1484 67 26 ringa,
782 1485 33 19 att
830 1483 41 21 den
887 1482 134 26 understiger

193 1511 36 21 det
245 1512 85 21 tillätna
345 1513 116 21 remedium
478 1513 51 20 eller
544 1512 161 27 präglingsfelet
718 1513 39 20 och
766 1512 90 21 sälunda
869 1511 79 21 saknar
958 1510 63 27 prak-

193 1539 42 22 tisk
255 1540 116 27 betydelse.
401 1541 43 22 För
467 1541 63 26 öfrigt
552 1541 104 21 vidhåller
676 1541 37 27 jag
734 1541 55 20 hvad
811 1541 37 26 jag
869 1539 78 26 anfört,
962 1539 59 27 att
1009 1535 16 37 $
