1117 1817
332 142 162 18 Presteståndet
506 143 55 17 1872.
586 144 22 16 12
620 143 51 21 juni.
839 138 54 21 1733

96 228 34 15 om
145 222 145 26 tillverkning,
311 221 123 27 försäljning
456 222 40 21 och
515 222 80 27 upplag
610 222 22 21 af
646 222 96 27 bränvin,
757 222 88 21 hvarvid
862 223 60 20 orda-

96 251 94 27 lydelsen
205 250 7 21 i
228 251 10 25 $
254 251 27 20 47
297 250 39 21 och
352 256 63 16 mom.
432 251 9 20 1
458 250 24 21 af
496 250 14 28 &
526 251 28 21 48
565 251 125 26 godkändes
702 252 51 20 utan
766 251 127 21 diskussion.

152 314 25 39 S
192 313 25 22 51
237 313 123 27 godkändes
383 313 48 22 med
454 313 136 22 uteslutande
612 313 24 22 af
656 314 66 21 orden
745 313 177 28 ,minuthandels-

97 342 73 21 eller*.

165 403 12 29 8
192 405 24 20 51
234 403 129 28 godkändes.

165 467 10 21 I
197 467 100 21 afseende
319 466 13 21 &
355 466 12 28 &
384 467 27 21 55
426 467 81 21 vidhöll
523 467 85 22 ståndet
623 467 38 22 sitt
676 467 57 22 förut
749 467 80 22 fattade
845 467 78 21 beslut.

165 530 12 27 8
192 530 27 21 57
234 530 129 27 godkändes.

165 592 14 28 &
195 593 27 21 79
238 592 66 27 ansåg
326 592 85 22 ståndet
431 593 32 26 sig
487 593 47 21 icke
550 593 72 21 kunna
637 593 120 27 godkänna,
773 593 88 22 emedan
878 593 43 21 deri

97 621 70 26 ingick
182 621 135 26 bestämning
332 627 33 15 om
382 622 27 26 !/,
423 621 77 22 kanna.

167 684 26 26 85
207 684 28 20 92
251 683 39 21 och
306 684 27 20 99
345 682 129 28 godkändes.

166 872 120 27 Föredrogs
311 872 195 27 sjölagsutskottets
528 872 119 27 bordlagda
668 872 80 27 förslag
770 872 33 22 till
817 878 106 16 samman-

96 901 109 27 jemkning
221 900 22 22 af
257 900 101 22 ståndens
383 901 123 27 skiljaktiga
520 901 72 21 beslut
607 900 131 22 beträffande
753 901 78 27 nådiga
846 907 77 21 propo-

98 930 91 21 sitionen
211 929 110 27 angående
341 929 68 22 stads-
430 929 41 22 och
486 930 219 27 landtmannafartygs
720 930 135 23 likställande
870 930 7 21 i
893 929 31 21 af-

98 958 77 22 seende
191 958 13 21 å
219 958 127 27 rättigheter
361 958 31 21 till
409 958 61 21 deras
486 958 144 27 begagnande.

167 1021 114 28 Förslaget
295 1021 124 27 godkändes
434 1023 52 19 utan
502 1021 126 22 diskussion.

168 1186 120 28 Föredrogs
299 1187 174 22 bankutskottets
483 1187 82 26 förslag
576 1187 32 21 till
619 1187 204 27 sammanjemkning
835 1186 23 22 af
868 1186 58 21 stån-

100 1215 52 21 dens
167 1215 124 28 skiljaktiga
314 1215 73 22 beslut
402 1215 34 22 vid
452 1215 156 27 behandlingen
623 1216 23 21 af
659 1215 116 22 utskottets
790 1215 136 22 betänkande

100 1244 8 21 i
122 1243 114 28 anledning
251 1243 24 22 af
288 1244 36 21 det
339 1245 47 20 utaf
397 1244 191 27 bankfullmäktige
598 1244 119 27 uppgjorda
726 1244 80 27 förslag
816 1244 32 21 till
859 1243 66 27 regle-

100 1274 71 20 mente
185 1272 34 22 för
233 1272 102 22 Finlands
351 1273 63 21 bank.

170 1335 25 28 $$
217 1335 20 28 3,
259 1336 20 24 4,
303 1336 19 26 6,
345 1335 34 26 27,
403 1336 33 24 31,
459 1336 35 25 32,
516 1336 35 25 42,
568 1337 34 24 71,
617 1336 33 25 73,
666 1336 33 26 83,
715 1336 34 25 98,
766 1336 47 26 102,
831 1335 40 21 114
887 1334 39 21 och

102 1363 41 22 159
158 1365 55 20 samt
229 1352 38 33 der
281 1352 91 33 emellan
387 1364 25 28 88
429 1365 40 20 144
484 1352 41 34 och
542 1351 39 34 145
596 1351 109 40 inskjutna
720 1370 41 21 nya
776 1365 11 26 8
801 1351 125 40 godkändes

100 1393 52 20 utan
168 1392 125 22 diskussion.
