1117 1817
227 126 55 22 1340
442 132 161 18 Presteständet
615 134 54 17 1872.
697 134 25 16 25
734 134 47 20 maj.

195 212 47 25 ket;
263 219 47 14 men
326 213 37 20 det
377 213 94 21 faktiska
486 215 30 24 är,
532 215 33 19 att
580 214 13 20 2
609 213 97 27 miljoner
721 214 20 26 ej
757 214 68 21 skulle
841 214 72 24 förslä,
929 220 34 15 om
978 214 44 20 alla

195 240 26 21 de
244 241 122 27 skolanslag
388 241 69 22 skulle
478 241 88 27 beviljas
589 241 159 25 kommunerna,
771 248 46 15 som
840 243 39 20 119
895 243 13 26 &
923 241 99 22 omtalar.

194 269 11 21 I
219 269 77 22 sådant
311 269 37 22 fall
365 270 73 21 blifver
454 271 52 20 visst
520 270 100 21 behofvet
635 270 23 21 af
672 271 74 26 anslag
761 271 85 27 mycket
861 273 68 19 större
939 272 28 19 än
977 270 45 21 till-

194 297 114 28 gängarne,
332 298 39 21 och
387 299 36 21 det
438 299 55 21 skall
509 299 139 26 ovilkorligen
664 299 113 22 framdeles
793 299 65 21 blifva
873 300 24 21 sä
911 301 62 24 stort,
988 300 34 20 att

195 327 74 26 anslag
291 327 19 26 ej
329 327 42 21 kan
386 328 7 20 i
409 334 81 15 samma
505 327 125 27 proportion
645 328 92 21 tilldelas
752 328 43 21 alla
809 328 132 21 kommuner.
972 327 50 22 Man

195 356 62 25 säger
278 355 58 26 visst,
358 358 33 19 att
414 358 57 19 ännu
493 356 63 26 ingen
579 357 45 20 fara
644 358 24 19 är
683 357 13 20 å
711 357 66 23 färde,
793 359 32 19 att
841 357 51 21 våra
906 356 115 27 tillgångar

195 383 60 22 skola
278 386 108 25 sprängas.
417 385 42 21 Det
481 385 81 25 blifver,
579 387 61 24 säger
655 391 56 17 man,
727 385 62 27 högst
805 385 21 21 fä
842 385 125 22 kommuner
982 391 38 15 un-

193 412 38 21 der
247 412 25 21 de
287 412 93 27 följande
395 413 41 22 fem
453 413 57 27 åren,
527 420 45 15 som
589 414 85 21 komma
683 415 33 20 att
730 414 6 21 i
749 414 25 21 så
786 414 101 27 utvidgad
900 414 60 21 skala
970 416 51 23 taga

195 441 96 26 anslaget
313 441 7 21 i
341 442 104 26 anspräk;
462 449 46 14 men
522 443 38 26 jag
575 442 36 21 vill
626 442 97 21 häremot
738 443 104 26 genmäla,
858 445 33 19 att
906 443 35 21 det
957 449 28 14 nu
1000 442 20 27 ej

195 471 24 19 är
241 469 59 27 fråga
323 477 34 14 om
381 471 55 21 hvad
452 477 45 15 som
512 471 42 20 kan
570 471 38 21 ske
624 471 68 21 under
706 471 93 26 följande
815 471 40 21 fem
873 472 30 25 år,
918 473 51 19 utan
985 477 35 15 om

196 504 25 15 en
244 499 81 26 verklig
341 499 86 28 princip.
459 499 41 22 Det
515 506 58 16 vore,
590 505 62 16 anser
668 499 41 27 jag,
724 499 83 22 mindre
822 500 65 27 ärligt
902 500 22 21 af
937 499 83 22 utskot-

194 528 38 22 tet,
255 527 40 21 och
317 527 19 26 ej
361 528 66 21 heller
447 530 44 19 rätt
506 528 24 21 af
544 529 120 25 ständerna,
681 531 32 18 att
729 535 35 18 nu,
779 529 34 20 för
828 529 26 20 de
870 528 92 27 följande
978 528 41 21 fem

195 555 57 26 åren,
277 556 62 21 locka
355 557 95 20 enskilda
466 557 126 21 kommuner
607 557 32 20 till
655 563 25 15 en
697 557 83 26 mycket
795 557 117 22 vidsträckt
928 557 91 21 använd-

192 584 50 27 ning
264 584 23 21 af
308 584 208 28 folkskoleanslaget,
537 585 45 22 ifall
598 585 18 27 ej
632 586 115 21 ständerna
763 588 36 19 äro
815 586 43 21 fast
875 586 97 21 beslutna
987 587 33 19 att

194 613 125 26 genomföra
338 620 81 15 samma
434 614 80 27 princip
531 620 34 15 om
581 615 143 26 obegränsadt
739 615 74 26 anslag
828 615 56 21 ända
899 615 32 21 till
947 615 72 25 slutet,

195 641 19 20 d.
236 647 18 15 v.
272 648 15 14 s.
303 643 85 20 sträcka
405 643 47 21 dess
468 643 204 27 tillämpning
616 637 50 38 ända
688 643 31 21 till
735 643 72 27 hvarje
823 643 24 21 af
862 644 25 21 de
903 643 41 22 450
960 643 58 20 kom-

194 676 81 20 muner,
298 677 45 15 som
359 671 72 21 landet
446 671 122 21 innefattar.
598 673 44 19 Aro
658 672 116 20 ständerna
789 672 99 21 beslutna
903 671 76 26 dertill,
995 671 25 21 sä

194 698 35 21 mä
244 699 36 21 det
295 699 37 26 gå;
349 706 46 14 men
411 700 51 27 vilja
478 700 18 26 ej
512 700 116 21 ständerna
643 700 64 21 ställa
721 700 32 26 sig
768 701 27 27 pä
811 700 68 22 denna
895 700 68 27 punkt
973 700 5 21 i
990 699 29 22 all

193 727 32 21 sin
248 728 138 26 konsegvens,
408 728 23 21 sä
454 730 24 19 är
496 729 36 21 det
548 728 18 27 ej
582 728 110 26 hederligt,
708 729 66 27 enligt
789 729 43 21 min
848 729 61 27 äsigt,
925 731 32 19 att
972 728 47 22 icke

195 762 27 14 nu
239 756 65 21 redan
320 758 51 25 säga
387 759 29 24 ut,
432 757 55 21 hvad
504 763 44 15 som
565 758 39 20 bör
619 764 51 14 vara
686 758 87 26 princip.
804 758 45 21 Här
864 758 39 20 har
918 757 101 21 framhäl-

193 784 41 26 lits,
258 787 32 19 att
306 791 25 15 en
347 787 63 25 gräns
425 786 69 21 skulle
510 786 55 26 ligga
581 786 52 24 deri,
648 788 33 19 att
696 786 153 21 kommunerna
866 786 74 27 sjelfva
955 786 64 21 hafva

193 815 59 19 stora
267 814 88 26 utgifter
376 814 33 21 för
424 815 120 21 inrättande
560 815 23 21 af
597 814 123 24 folkskolor,
736 821 34 15 om
787 816 26 20 de
828 815 65 21 ocksä
907 815 22 21 fä
944 814 75 26 bidrag

193 841 23 21 af
237 844 77 19 staten.
345 842 77 22 Pastor
444 843 128 21 Vesterlund
594 843 38 21 har
656 844 78 20 uttalat
756 844 32 26 sig
803 844 69 21 säsom
889 844 93 20 kännare
997 842 24 22 af

193 870 66 21 saken
282 871 39 21 och
343 871 39 21 har
404 871 121 28 pätaglioen
541 872 54 26 tagit
610 872 34 20 för
658 872 100 26 afgjordt,
774 874 31 19 att
820 872 35 27 jag
870 872 87 22 alldeles
971 872 47 21 icke

193 904 49 16 vore
263 899 109 27 förtrogen
394 902 47 20 med
466 901 60 21 dessa
549 900 158 26 förhällanden;
724 907 48 15 men
785 901 36 27 jag
837 903 35 19 vet
886 900 132 22 händelsevis

193 927 56 21 hvad
272 934 25 14 en
321 928 105 22 folkskola
441 930 74 20 kostar
528 929 139 27 kommunen;
682 929 36 27 jag
733 932 36 18 vet
784 930 111 26 nemligen,
911 930 55 20 hvad
982 929 37 21 det

193 955 74 22 kostar
282 956 33 21 för
331 963 25 15 en
372 957 100 22 kommun
488 960 32 19 att
536 958 69 26 bygga
621 960 31 19 ett
667 958 87 21 skolhus
770 958 39 22 och
825 958 56 27 gifva
896 959 22 20 ät
934 958 83 21 läraren

193 987 32 19 ett
247 985 142 26 potatisland;
405 986 39 22 och
457 986 37 27 jag
510 990 41 22 vet,
567 989 33 18 att
616 987 62 21 dessa
693 986 116 22 kostnader
823 987 7 21 i
846 986 118 22 hufvudsak
979 988 37 19 äro

192 1013 45 25 allt,
261 1014 55 20 hvad
339 1014 154 22 kommunerna
515 1016 33 20 för
570 1016 65 20 saken
659 1015 102 27 uppoffra.
792 1015 135 27 Lönebidrag
949 1015 31 21 fås
995 1014 24 22 af

191 1042 147 22 statsmedlen.
369 1043 81 21 Sädant
472 1046 25 18 är
514 1044 36 21 det
565 1044 94 21 faktiska
675 1044 143 21 förhällandet
833 1044 28 27 pä
876 1044 77 26 mänga
967 1044 51 20 stäl-

192 1070 41 26 len,
256 1071 39 21 och
319 1072 26 20 de
367 1074 58 19 stora
443 1072 115 27 utgifterna
577 1072 47 22 frän
640 1072 163 22 kommunernas
819 1073 47 21 sida
881 1074 37 20 äro
934 1072 84 22 derföre

191 1098 19 27 ej
233 1099 24 21 sä
280 1100 85 26 mycket
387 1103 31 19 att
439 1101 44 21 tala
504 1107 41 15 om.
576 1102 32 20 De
630 1103 38 19 äro
689 1101 7 21 i
711 1101 78 27 mänga
803 1101 37 21 fall
855 1101 82 26 ganska
951 1101 65 27 ringa.

190 1127 50 21 Men
263 1128 61 21 äfven
346 1135 34 14 om
396 1129 152 22 kommunerna
563 1130 68 21 skulle
646 1131 53 25 göra
714 1132 59 18 stora
788 1129 151 27 uppofiringar,
955 1130 23 20 sä
994 1131 25 18 är

191 1155 36 22 det
239 1156 25 26 ju
279 1157 46 20 icke
341 1157 68 27 nägon
425 1158 93 26 egentlig
533 1158 113 27 tillökning
661 1158 7 21 i
683 1157 179 28 uppoffringarne,
874 1165 34 14 om
921 1158 97 21 kommu-

192 1191 67 14 nerna
282 1185 74 26 sjelfva
379 1186 82 21 direkte
485 1187 89 21 bekosta
593 1187 47 20 sina
655 1187 78 26 skolor,
751 1189 51 19 utan
819 1187 74 26 bidrag
909 1187 22 20 af
941 1189 77 18 staten.

191 1213 30 26 Ty
245 1213 63 22 dessa
330 1214 131 27 statsbidrag
484 1215 50 26 utgå
557 1215 55 22 dock
626 1215 47 21 från
688 1215 155 22 kommunerna
858 1216 7 21 i
880 1216 54 21 form
950 1214 23 21 af
982 1214 36 21 be-

193 1241 93 27 villning,
309 1242 84 22 hvilken
409 1250 28 14 nu
453 1244 119 26 onödigtvis
588 1246 62 25 tager
662 1250 26 15 en
704 1245 81 26 omväg,
802 1250 45 15 som
864 1244 58 21 leder
937 1243 32 21 till
981 1243 37 21 be-

192 1271 77 26 tydligt
291 1271 81 27 afdrag,
397 1284 23 2 —
442 1278 26 15 en
491 1274 81 25 omväg,
597 1273 91 27 hvilken,
710 1273 69 20 såsom
793 1273 37 26 jag
845 1273 65 21 redan
926 1275 52 24 sagt,
994 1273 24 20 är

191 1299 122 27 Principielt
329 1300 87 21 alldeles
431 1301 84 26 oriktig.
545 1301 160 22 Kommunerna
719 1301 73 21 kunna
807 1301 83 21 direkte
905 1300 76 27 bevilja
992 1301 26 20 de

192 1327 79 27 nödiga
292 1329 91 22 medlen,
406 1329 39 21 och
467 1329 79 22 inrätta
569 1330 47 21 sina
631 1329 118 22 folkskolor
764 1330 7 21 i
787 1331 69 20 större
871 1329 52 22 eller
937 1329 81 21 mindre

192 1357 78 26 mängd
291 1357 38 21 allt
345 1357 54 21 efter
414 1357 66 22 behof
493 1358 39 21 och
549 1358 120 27 tillgångar.
699 1359 82 21 Endast
797 1359 34 21 det
848 1360 24 19 är
889 1358 74 26 billigt,
978 1357 40 22 och

191 1384 34 21 för
249 1385 136 26 ögonblicket
407 1386 87 21 alldeles
512 1387 138 26 nödvändigt,
666 1389 33 19 att
714 1389 69 19 staten
800 1387 81 21 lemnar
896 1387 75 26 bidrag
985 1386 33 21 till

191 1413 13 20 3
221 1413 52 21 eller
288 1416 13 19 4
317 1414 153 22 modellskolor
484 1415 33 21 för
532 1415 136 26 kommunen,
684 1415 40 22 och
739 1416 37 21 det
791 1415 39 22 bör
845 1422 52 15 vara
907 1415 45 24 allt,
963 1415 54 20 hvad

191 1442 52 21 våra
265 1442 127 22 kommuner
415 1444 67 21 under
502 1445 132 20 närvarande
656 1444 148 22 förhållanden
820 1445 61 20 skola
896 1444 71 21 kunna
982 1443 36 21 be-

191 1470 71 21 höfva.
291 1471 41 26 Jag
347 1474 46 18 tror
409 1472 25 27 ej,
450 1474 33 19 att
498 1473 36 21 det
550 1473 54 21 skall
619 1473 68 21 finnas
702 1473 69 26 någon
783 1473 66 21 sådan
861 1473 108 25 kommun,
980 1472 38 21 der

191 1499 68 26 högre
281 1499 120 22 folkskolor
423 1500 32 21 till
478 1503 31 19 ett
531 1503 70 19 större
622 1502 58 21 antal
702 1501 61 22 skola
785 1501 34 21 för
834 1501 37 22 det
886 1501 132 21 närvarande

193 1527 73 22 kunna
281 1528 116 27 begagnas;
413 1529 40 22 och
468 1531 39 20 när
522 1529 40 22 den
579 1530 58 21 tiden
652 1530 102 27 kommer,
769 1532 32 19 att
817 1530 25 21 de
859 1530 71 21 kunna
940 1531 78 19 använ-
