1117 1817
342 138 160 18 Presteståndet
515 139 55 17 1872.
591 138 26 18 29
630 139 47 20 maj.
845 133 54 21 1419

101 220 32 21 till
150 222 9 19 1
178 226 27 15 m.
221 220 27 20 20
264 226 27 19 p.;
307 219 39 21 och
369 219 42 20 min
434 218 138 28 öfvertygelse
594 218 40 21 har
649 218 68 21 blifvit
732 218 109 27 såmycket
856 218 71 21 krafti-

101 255 56 20 gare,
176 249 24 20 sä
223 248 83 27 mycket
321 247 102 25 starkare,
440 247 21 21 af
476 247 36 21 det
527 247 87 21 hemska
630 247 101 26 exempel,
747 253 45 15 som
809 247 120 20 kontrakts-

101 279 86 24 prosten
204 276 102 21 Hackzell
321 276 76 21 anfört.
426 275 40 27 Jag
482 275 69 22 skulle
567 275 83 22 derföre
665 276 27 26 pä
707 275 68 27 grund
791 275 23 21 af
828 275 43 25 allt,
883 281 45 15 som

101 305 68 21 blifvit
192 305 90 23 anfördt,
305 305 52 26 yrka
375 305 27 26 pä
417 306 31 19 att
464 305 18 26 &,
498 305 66 20 sådan
580 305 40 20 den
636 306 24 19 är
674 305 7 20 i
697 304 41 21 den
753 303 112 27 kejserliga
880 310 48 20 pro-

101 334 126 27 positionen,
253 333 67 21 blefve
342 335 74 24 genast
439 339 28 14 nu
490 335 97 24 antagen,
608 333 48 20 med
673 333 39 20 den
729 332 83 21 skilnad
827 334 32 19 att
873 334 55 19 stän-

101 363 65 20 derna
182 362 125 25 bestämma,
323 363 31 20 att
369 361 53 22 ifrän
438 361 40 22 den
494 361 67 22 första
576 361 69 26 stund,
661 367 46 15 som
723 360 149 27 författningen
885 363 44 18 trä-

100 391 39 21 der
153 391 7 20 i
175 390 142 25 verksamhet,
333 390 230 26 tillverkningsskatten
578 390 33 21 för
626 389 184 22 bränvinskannan
826 391 24 19 är
865 389 64 21 minst

103 420 9 19 1
130 425 27 16 m.
173 420 28 20 20
216 425 19 20 p.
253 419 38 21 och
307 419 40 21 kan
370 419 23 20 af
413 419 125 26 regeringen
561 418 53 21 efter
636 418 209 26 omständigheterna
859 418 70 21 seder-

100 454 59 15 mera
174 447 92 27 förhöjas
282 447 54 22 ända
351 447 33 21 till
405 448 4 20 1
427 453 27 15 m.
470 448 28 21 50
514 454 19 20 p.

169 516 206 27 Kontraktsprosten
400 515 168 28 Sohlberg:
598 516 40 27 Jag
662 515 35 21 vill
718 515 56 22 blott
797 517 82 24 nämna,
896 517 32 20 att

98 545 37 27 jag
149 545 84 21 förenar
249 545 42 26 mig
307 545 47 20 med
370 544 106 27 professor
491 545 103 21 Forsman
611 551 33 14 om
660 545 96 20 skattens
767 544 118 27 förhöjning
896 543 31 21 till

102 575 9 20 1
129 580 26 15 m.
173 574 27 20 20
215 580 20 20 p.
252 573 131 21 omedelbart
398 573 52 22 efter
466 573 36 22 det
517 573 151 26 författningen
687 573 71 21 träder
774 573 6 20 i
793 572 135 22 verksamhet

100 602 39 21 och
156 609 34 14 om
206 601 121 28 ytterligare
339 608 25 15 en
375 601 126 28 förhöjning,
513 603 23 20 sä
546 605 60 18 snart
616 601 247 27 tillverkningsbeloppet
875 607 52 21 upp-

99 631 38 26 gär
152 630 32 21 till
199 631 113 25 4,300,000
327 630 88 21 kannor.

168 699 33 21 Då
223 698 61 26 ingen
307 698 66 22 talare
396 698 72 22 vidare
493 698 89 22 anhållit
598 705 33 15 om
648 698 67 27 ordet,
732 698 131 22 framställde
878 698 49 22 herr

98 726 122 22 talmannen
235 726 92 28 följande

167 796 169 27 Propositioner:

169 866 40 20 1:0.
240 864 42 22 Vill
298 864 84 22 ståndet
397 871 29 15 nu
441 867 75 24 genast
536 864 54 22 fatta
605 864 69 22 beslut
690 865 109 25 angående
815 865 11 25 $
843 865 18 25 3,
876 863 51 22 eller

99 893 64 27 yrkas
187 892 93 28 uppskof
303 893 92 26 dermed,
421 893 32 21 till
477 894 48 20 dess
540 893 12 27 &
567 894 27 20 47
612 893 67 21 blifvit
697 892 96 28 afgjord?
822 893 47 21 Den
881 898 45 16 som

98 922 65 26 yrkar
185 921 98 27 uppskof,
309 928 72 14 svarar
396 922 40 26 nej.
466 922 81 21 Vinner
562 922 40 26 nej,
617 922 96 21 kommer
728 922 85 21 ståndet
827 923 32 20 att
874 920 53 22 fatta

99 950 76 26 beslut,
192 950 65 21 sedan
272 951 11 25 $
300 952 26 19 47
342 950 67 22 blifvit
424 950 89 27 afgjord.

167 1018 132 22 Besvarades
321 1019 48 21 med
392 1020 29 20 20
440 1019 27 27 ja
488 1019 40 21 och
546 1020 25 20 13
587 1019 39 27 nej.
657 1018 90 22 Ständet
761 1018 68 22 beslöt
845 1018 82 22 således

99 1049 32 19 att
145 1049 76 25 genast
237 1047 53 21 fatta
305 1047 70 21 beslut
392 1048 109 26 angående
512 1043 12 36 $
547 1048 18 20 3.

168 1116 41 20 2:0.
241 1115 129 22 Godkänner
391 1116 85 21 ståndet
498 1117 14 25 S
528 1117 12 19 3
555 1116 7 20 i
577 1116 99 21 afseende
698 1116 13 21 å
733 1116 46 21 dess
795 1114 132 27 bestämning

100 1149 34 16 om
149 1143 122 22 bränvinets
287 1143 139 27 alkoholhalt,
442 1144 53 21 eller
510 1144 61 21 icke?
600 1144 53 25 Den,
669 1150 46 15 som
731 1144 6 20 i
753 1143 90 22 berörda
861 1143 67 26 punkt

99 1172 123 27 godkänner
247 1173 35 26 $:n
305 1179 72 14 svarar
399 1173 31 26 ja;
456 1173 41 21 den
520 1173 36 21 det
570 1173 46 21 icke
631 1175 44 24 gör,
692 1179 72 15 svarar
778 1172 40 27 nej.
849 1172 78 21 Vinner

99 1200 41 27 nej,
156 1200 39 21 har
209 1201 86 21 ståndet
310 1201 81 26 antagit
408 1201 36 21 det
459 1201 22 21 af
495 1201 117 22 statsrådet
626 1201 100 21 Lindelöf
739 1201 5 20 i
761 1201 58 21 detta
829 1200 98 22 afseende

97 1229 75 26 gjorda
187 1229 154 22 amandement.

167 1297 132 22 Besvarades
323 1298 47 21 med
392 1299 29 20 20
440 1298 28 27 ja
491 1298 40 21 och
554 1299 25 20 12
595 1299 42 26 nej;
654 1298 82 21 hvadan
752 1298 61 21 alltså
829 1299 12 25 $
857 1297 12 21 3
885 1297 44 22 blef

98 1325 101 27 godkänd
213 1326 7 21 i
236 1326 97 21 afseende
349 1327 12 20 å
377 1327 47 21 dess
441 1327 133 26 bestämning
589 1333 34 15 om
639 1327 164 21 alkoholhalten.

168 1389 41 20 3:0.
240 1388 129 22 Godkänner
391 1389 85 22 ståndet
499 1389 160 26 ifrågavarande
681 1389 18 28 $,
722 1389 69 22 sävidt
811 1389 41 22 den
867 1391 60 19 rörer

98 1416 147 22 fastställande
267 1417 21 21 af
310 1417 197 22 bränvinsskattens
530 1418 164 27 minimibelopp,
717 1418 51 21 eller
783 1418 61 21 icke?
873 1417 53 26 Den,

98 1451 46 15 som
159 1445 6 21 i
182 1445 59 22 detta
263 1445 97 22 afseende
381 1446 125 26 godkänner
528 1447 40 26 &:n,
589 1453 73 15 svarar
675 1447 30 26 ja;
722 1446 39 21 den
777 1447 36 21 det
828 1446 46 21 icke
889 1447 38 25 gör

98 1479 74 16 svarar
187 1474 40 26 nej.
257 1474 80 21 Vinner
353 1475 40 26 nej,
417 1475 39 21 har
471 1475 87 21 ståndet
572 1477 70 19 ansett
658 1475 95 21 skattens
769 1474 157 27 minimibelopp

98 1501 53 22 böra
173 1502 59 27 höjas
255 1502 32 21 till
309 1504 3 19 1
331 1503 60 21 mark
407 1504 27 20 20
449 1505 65 25 penni
536 1509 37 21 per
594 1503 76 26 kanna,
686 1506 31 19 att
731 1503 78 22 räknas
824 1503 47 22 från
887 1503 39 21 den

98 1530 38 27 tid,
152 1530 27 22 då
195 1531 149 27 förordningen
360 1532 72 21 träder
447 1531 7 21 i
469 1532 99 26 gällande
583 1531 63 22 kraft.
