1117 1817
351 121 160 18 Presteståndet
524 122 55 16 1872.
600 123 13 15 4
624 122 52 20 juni.
855 116 51 21 1571

110 203 28 26 på
153 202 125 22 societetens
294 204 79 23 vägnar
388 201 51 22 eller
455 202 47 21 med
518 201 148 22 medlemmars
682 201 22 22 af
718 202 115 21 societeten
850 202 87 27 vetskap

111 231 68 21 denna
192 230 89 27 petition
297 229 129 26 framfördes,
444 230 38 21 och
500 230 35 21 det
551 229 66 22 borde
633 229 83 22 derföre
732 229 46 22 från
795 230 74 27 början
885 231 52 20 kun-

110 261 39 19 nat
169 261 68 19 sättas
260 259 5 20 i
288 259 65 26 fråga,
370 258 102 21 huruvida
487 258 6 21 i
509 258 127 22 societetens
651 258 65 21 tanke
732 258 36 22 det
783 260 154 25 arrangement,

112 293 44 16 som
172 287 6 21 i
195 287 114 26 petitionen
325 287 108 26 föreslogs,
450 293 36 15 var
501 287 101 26 lämpligt.
634 287 33 21 Då
684 287 35 21 det
735 287 117 21 emellertid
869 287 68 21 öfver-

111 315 140 26 hufvndtaget
271 315 45 22 icke
339 315 41 22 kan
403 315 125 22 förutsättas
547 317 32 20 att
594 316 116 21 societeten
726 315 53 21 skall
795 315 62 22 hafva
872 316 65 27 något

112 347 57 18 emot
192 346 31 19 att
245 344 29 21 bli
296 344 85 21 försedd
405 344 47 21 med
468 343 72 22 hvilka
555 344 73 27 anslag
644 350 45 15 som
706 343 61 28 helst,
783 344 106 21 äfvensom
905 346 32 19 att

112 372 21 21 få
149 372 31 21 till
196 373 31 21 sin
244 372 123 27 disposition
384 372 158 27 vetenskapliga
558 372 88 24 krafter,
662 372 36 21 vill
712 373 36 26 jag
763 373 46 20 icke
825 375 57 19 sätta
897 373 40 21 den

112 401 65 22 saken
193 401 5 20 i
214 401 65 26 fråga,
297 407 46 15 men
360 402 64 25 vågar
439 401 64 21 likväl
518 403 34 19 tro
568 403 37 22 att,
622 407 34 15 om
672 401 73 26 frågan
762 401 89 21 kommit
871 401 66 22 under

114 429 118 22 diskussion
255 430 5 20 i
283 431 31 20 ett
336 429 156 27 vetenskapligt
511 429 103 26 samfund,
630 429 77 22 sådant
723 429 215 28 vetenskapssociete-

113 460 35 19 ten
171 461 29 23 är,
223 459 61 21 äfven
305 459 24 20 de
345 458 110 21 inhemska
470 458 114 21 historiska
600 458 39 21 och
656 458 149 27 arkeologiska
821 458 117 21 intressena

114 487 72 21 dervid
209 487 88 22 kommit
318 489 31 19 att
371 493 26 15 ur
419 487 145 26 vetenskaplig
578 487 108 27 synpunkt
700 487 103 26 granskas
819 486 38 22 och
872 487 66 21 socie-

114 517 69 20 tetens
205 519 71 18 votum
301 515 98 27 möjligen
415 515 78 21 utfallit
508 515 48 22 litet
571 515 133 21 annorlunda
720 515 108 26 angående
843 515 95 27 lämplig-

114 544 63 21 heten
203 544 52 21 eller
276 544 164 27 olämpligheten
463 544 22 21 af
506 546 32 19 att
553 544 85 27 placera
654 543 40 22 den
710 543 68 22 finska
794 543 121 26 arkeologin
931 543 6 21 i

114 573 151 26 sammanhang
279 573 48 21 med
343 573 247 26 vetenskapssocieteten.
615 573 41 20 Det
672 572 70 21 kunde
757 574 62 25 sägas
827 572 54 21 hvad
894 578 45 15 som

114 601 55 22 helst
193 602 78 25 derom,
299 607 46 15 men
371 601 36 21 det
431 602 68 20 måste
524 601 110 21 betraktas
660 601 69 21 såsom
756 603 30 19 ett
802 601 87 26 faktum,
906 602 31 20 att

116 630 242 27 vetenskapssocieteten
381 632 24 19 är
427 632 31 19 ett
476 629 96 22 samfund
588 630 32 21 för
636 629 153 27 öfvervägande
805 631 135 20 naturveten-

115 659 82 26 skaplig
212 659 114 25 forskning,
343 659 65 20 redan
424 658 22 21 af
460 658 36 21 det
512 658 62 21 enkla
590 658 74 24 skälet,
681 660 32 19 att
729 658 25 21 de
769 657 115 22 filosofiska
899 657 40 22 och

115 686 120 22 historiska,
260 687 31 21 till
315 686 38 22 och
372 686 48 21 med
436 687 25 20 de
477 686 118 27 filologiska
611 686 167 26 vetenskaperna
794 686 61 22 hafva
870 686 69 21 funnit

116 715 65 21 andra
204 715 44 26 fält,
271 716 38 20 der
325 715 26 21 de
366 715 72 21 kunna
453 714 20 22 få
488 715 32 26 sig
536 715 91 27 uttryck.
658 715 62 21 Hvad
736 714 87 27 specielt
838 714 101 22 beträffar

116 744 40 20 den
172 744 108 21 inhemska
296 744 96 21 historie-
415 743 38 21 och
469 743 191 27 fornforskningen,
676 746 23 18 är
716 744 35 20 det
766 744 128 20 åtminstone
909 745 31 19 ett

116 772 87 26 faktum,
225 779 45 15 som
293 773 46 21 icke
361 772 22 21 af
405 772 68 26 någon
497 772 41 21 kan
560 772 73 26 jäfvas,
650 775 32 18 att
697 771 42 22 alla
754 772 73 21 idkare
843 772 22 21 af
879 772 60 21 dessa

117 801 80 21 studier
218 801 6 21 i
247 801 48 21 vårt
316 801 55 25 land,
388 807 45 15 som
447 801 36 26 jag
498 801 55 21 varit
568 802 6 19 i
590 800 82 22 tillfälle
688 803 32 18 att
737 800 98 26 rådfråga
849 801 6 20 i
872 800 69 21 denna

116 829 44 25 sak,
186 829 101 27 enhälligt
309 832 36 18 äro
367 829 22 21 af
404 830 39 20 den
459 829 85 25 tanken,
561 831 32 19 att
608 829 60 21 dessa
684 829 81 21 studier
779 829 47 21 icke
841 829 48 21 bäst
904 828 35 22 be-

116 857 82 22 fordras
213 864 76 20 genom
305 860 32 19 att
352 858 25 21 de
394 858 133 21 subsumeras
544 858 66 20 under
624 858 248 26 vetenskapssocieteten,
889 859 50 19 utan

116 892 75 20 genom
214 889 33 19 att
262 886 31 21 för
309 887 46 21 dem
372 886 67 21 bildas
455 888 31 19 ett
502 886 100 21 särskildt
617 886 102 21 samfund.
751 886 66 21 Detta
832 886 41 21 kan
889 886 52 21 visst

117 914 108 22 betraktas
249 916 68 20 såsom
341 922 26 14 en
383 915 62 26 högst
461 914 133 28 besynnerlig
609 915 131 26 separatism,
756 914 6 21 i
777 914 114 28 synnerhet
906 920 35 15 om

117 949 48 15 man
180 944 46 20 icke
241 950 34 14 ser
291 944 64 20 saken
372 943 45 21 från
434 944 60 20 dessa
510 943 90 21 studiers
620 949 52 21 egen
688 943 137 27 ständpuokt,
841 949 47 15 men
905 943 36 21 det

118 971 66 21 skulle
199 972 80 21 kanske
295 972 45 21 föra
356 972 42 26 mig
413 972 70 21 alltför
504 972 59 25 långt
578 974 32 18 att
626 972 85 26 utlägga
727 972 41 20 alla
784 972 26 20 de
826 971 52 27 skäl,
895 977 45 16 som

117 1000 43 21 tala
180 1001 44 26 just
247 1001 32 20 för
301 1007 25 15 en
350 1000 57 27 dylik
422 1001 128 25 separation,
566 1000 51 22 eller
632 1002 58 19 emot
706 1000 77 21 tanken
799 1001 27 26 på
841 1002 32 19 att
887 1006 54 15 sam-

118 1028 93 22 manföra
235 1029 41 21 alla
299 1029 61 21 dessa
383 1029 133 27 forskningar
534 1029 6 20 i
556 1035 26 15 en
598 1029 54 21 enda
667 1031 46 19 stor
728 1029 83 21 anstalt.
843 1029 48 20 Men
904 1028 38 27 jag

118 1058 72 26 tycker
211 1060 32 18 att
266 1058 31 21 till
314 1058 37 21 och
369 1058 47 20 med
431 1060 51 18 utan
498 1064 25 14 en
540 1058 65 20 sådan
621 1057 95 27 vidlyftig
733 1057 114 21 deduktion
864 1057 25 21 de
905 1056 38 22 fin-

118 1086 37 21 ska
171 1086 96 22 historie-
283 1086 38 21 och
337 1086 181 21 fornforskarenes
534 1086 105 26 enhälliga
650 1086 64 21 tanke
729 1086 6 20 i
747 1086 68 21 denna
825 1086 38 21 sak
875 1085 67 21 borde

118 1114 60 21 hafva
205 1115 64 26 något
293 1115 58 26 slags
375 1115 45 26 vigt
441 1115 7 20 i
468 1114 120 26 vågskålen.
619 1114 42 21 Det
676 1117 24 18 är
716 1114 51 21 visst
781 1117 55 24 sant,
851 1116 33 19 att
899 1114 41 21 den

118 1142 67 21 finska
208 1143 96 21 historie-
329 1143 38 21 och
392 1143 182 26 fornforskningen
598 1145 22 18 är
644 1149 25 14 en
686 1143 80 26 ganska
781 1142 47 21 litet
843 1141 96 22 utbildad

118 1171 38 21 och
180 1171 59 26 ringa
261 1171 95 27 disciplin
375 1171 39 21 och
430 1174 31 18 att
477 1171 25 21 de
518 1177 107 21 personer,
641 1177 46 15 som
703 1171 94 21 bedrifva
813 1171 128 24 densamma,

118 1201 37 20 äro
177 1202 31 19 ett
230 1200 81 26 ganska
329 1200 135 26 anspråklöst
486 1199 74 27 slägte,
584 1200 63 21 hvars
670 1200 38 21 ord
732 1200 45 21 icke
793 1200 41 21 kan
851 1201 52 24 väga
917 1199 24 21 så

118 1228 83 27 mycket
216 1228 6 20 i
238 1228 124 27 vågskälen;
379 1235 47 14 men
439 1228 45 27 just
500 1228 68 21 denna
584 1228 164 27 omständighet,
764 1230 32 19 att
812 1228 39 21 den
862 1227 80 21 inhem-

118 1256 39 21 ska
172 1256 95 21 historie-
283 1257 39 21 och
337 1257 184 26 fornforskningen
537 1257 70 21 såsom
623 1257 67 20 sådan
707 1257 59 20 idkas
781 1256 23 21 af
818 1263 25 14 en
853 1255 36 22 hel
900 1255 42 27 hop

118 1291 106 21 personer,
250 1291 45 15 som
311 1285 46 22 icke
373 1291 36 15 ens
427 1285 70 21 kunna
520 1287 51 24 göra
594 1285 92 27 anspråk
702 1286 26 26 på
744 1287 31 19 att
790 1285 6 20 i
812 1285 131 21 allmännare

118 1313 83 27 mening
216 1313 69 22 kallas
300 1313 114 22 historiska
429 1313 182 27 vetenskapsmän,
627 1313 128 22 åtminstone
771 1313 17 27 ej
805 1313 138 26 utmärktare,

118 1342 55 21 visar
188 1345 32 18 att
236 1342 35 21 det
287 1344 24 19 är
326 1342 95 27 omöjligt
436 1341 32 22 för
484 1348 25 15 en
524 1345 46 18 stor
585 1342 33 21 del
634 1342 22 21 af
670 1342 69 21 denna
754 1341 106 28 disciplins
870 1341 75 21 idkare

119 1372 32 19 att
165 1370 89 21 inkallas
265 1370 31 21 till
313 1371 117 20 ledamöter
445 1371 5 20 i
467 1377 25 14 en
509 1371 223 26 vetenskapssocietet,
745 1371 48 20 med
809 1371 26 20 de
853 1369 90 22 fordrin-

118 1405 38 20 gar
171 1405 25 15 en
212 1399 65 21 sådan
301 1399 60 21 alltid
383 1399 67 20 måste
466 1399 62 21 ställa
543 1399 27 26 på
586 1399 45 20 sina
646 1399 144 21 medlemmar.
819 1399 43 21 Det
877 1397 67 22 finnes

119 1433 25 15 en
160 1427 77 26 mängd
253 1427 87 26 krafter,
356 1428 27 26 på
399 1427 70 21 hvilka
485 1428 39 20 den
540 1427 110 21 inhemska
666 1427 97 22 historie-
779 1427 39 21 och
828 1426 117 22 fornforsk-

119 1455 76 26 ningen
217 1455 42 22 kan
281 1455 45 26 lita,
347 1456 40 21 och
403 1455 69 21 hvilka
488 1455 40 22 den
545 1456 41 21 kan
602 1455 114 27 disponera
731 1455 39 22 och
784 1457 52 25 göra
851 1454 33 21 för
898 1455 47 21 sina

118 1484 97 21 ändamål
241 1484 118 26 gagneliga,
382 1490 45 15 som
451 1484 71 21 kunna
538 1483 90 22 inkallas
643 1484 6 21 i
665 1487 32 18 ett
712 1484 118 21 historiskt-
846 1483 99 21 arkeolo-

118 1512 56 26 giskt
194 1513 105 26 samfund,
322 1518 48 15 men
394 1512 46 21 icke
455 1513 6 20 i
476 1519 26 14 en
519 1512 222 27 vetenskapssocietet,
757 1512 66 21 sådan
839 1518 45 15 som
901 1512 43 21 vår.
