1117 1817
223 142 54 20 1544
434 147 164 17 Presteständet
612 148 56 17 1872.
690 148 11 16 3
713 147 55 21 juni.

194 226 21 21 få
229 226 135 27 tillförlitliga
379 227 185 26 försäljningsmän
575 227 7 20 i
593 227 222 21 landskommunerna.
838 227 59 21 Hans
909 226 111 26 Majestäts

193 254 80 27 förslag
295 255 56 22 afser
372 262 29 14 nu
415 258 39 23 att,
470 262 34 15 om
521 255 63 21 dessa
599 255 186 27 försäljningsmän
801 255 68 21 skulle
883 255 22 21 få
919 255 33 21 för
967 255 52 20 kon-

193 285 47 18 tant
263 284 88 27 tillköpa
373 285 32 25 sig
428 285 37 20 sitt
488 284 72 21 förråd
577 284 22 21 af
612 284 81 25 kartor,
708 283 24 22 så
749 284 68 21 skulle
833 284 36 21 det
884 284 19 26 ej
919 283 101 21 behöfvas

193 311 69 27 någon
287 313 73 21 vidare
385 313 141 26 redovisning,
549 312 40 22 och
613 313 39 21 den
674 313 80 25 rabatt,
778 313 25 20 de
827 313 67 20 skulle
909 312 28 25 få,
953 311 67 21 skulle

193 342 77 25 utgöra
292 343 114 24 procenten
434 341 33 21 för
490 342 62 20 deras
576 341 81 21 besvär.
688 341 45 21 Och
757 341 36 21 det
815 343 30 24 är,
867 342 69 20 såsom
952 340 68 27 sagdt,

193 368 176 29 hufvudsakligen
391 371 99 20 häröfver
513 376 45 15 som
583 370 59 21 Hans
658 370 102 26 Majestät
775 369 106 22 infordrar
896 369 124 21 ständernas

193 397 117 22 utlåtande.
342 399 48 20 Men
414 399 36 21 det
473 398 177 27 sammanhänger
671 399 47 20 med
742 399 37 20 det
798 398 83 26 förbud,
897 404 45 15 som
958 399 6 20 i
980 398 39 20 den

193 427 70 25 gamla
288 427 335 27 stämpelpappersförfattningen
649 426 65 22 finnes
740 429 57 19 emot
822 429 142 19 räntmästare
983 428 37 21 att

194 455 87 27 försälja
304 457 172 26 stämpelpapper
499 463 25 14 ur
547 455 109 22 ränteriet.
686 455 33 22 Nu
743 455 40 21 har
801 456 5 20 i
823 455 98 22 afseende
937 455 13 21 å
965 455 11 28 &
994 455 24 21 31

193 483 122 28 föreslagits
338 488 31 17 ett
389 485 125 20 förändradt
530 485 154 26 lagstadgande
699 485 39 20 och
756 485 37 20 det
807 486 24 19 är
847 484 39 21 den
902 484 118 27 principens

193 511 136 28 frångående,
354 519 43 15 som
422 513 106 22 utskottet
550 513 48 21 med
622 513 65 21 orden
711 529 10 8 ,
725 513 62 21 Hvad
806 513 112 26 slutligen"
935 519 18 14 o.
969 519 16 14 s.
1001 518 19 15 v.

193 547 46 20 pag.
257 543 12 19 5
286 541 39 22 och
342 543 12 20 6
370 542 7 21 i
392 542 145 21 betänkandet
553 542 39 21 har
608 542 103 26 tillstyrkt
725 542 117 21 ständerna
857 544 33 19 att
906 541 76 22 bifalla.

261 610 80 26 Biskop
364 610 182 22 Schauman:
577 611 43 20 Det
642 610 108 21 förefaller
774 611 43 26 mig
839 610 69 21 såsom
929 617 34 14 om
979 609 42 21 dis-

193 638 87 21 kussion
303 646 33 14 om
361 639 39 21 den
422 639 102 27 punkten,
541 645 45 15 som
603 639 77 21 doktor
696 640 100 26 Alopeus
812 645 28 14 nu
856 639 39 20 har
910 639 62 21 väckt
987 639 32 20 till

193 667 47 26 tals,
263 667 89 21 kommit
373 667 32 21 för
427 668 67 26 tidigt.
526 668 29 26 Ty
578 674 33 14 om
634 668 90 24 ståndet,
745 669 69 19 såsom
831 667 189 21 öfverenskommet

193 697 31 23 är,
241 696 54 20 skall
318 696 51 26 följa
385 696 115 21 utskottets
517 696 141 24 betänkande,
675 696 23 21 så
713 696 70 20 skulle
799 698 48 18 näst
862 696 53 21 efter
929 696 90 26 princip-

193 724 86 27 frågans
294 724 116 27 afgörande
425 724 57 28 följa,
499 725 106 21 huruvida
621 725 84 21 ståndet
720 725 125 26 godkänner
861 725 41 25 det,
919 731 44 14 som
976 724 44 21 står

192 753 8 21 i
221 752 94 28 följande
337 754 72 26 stycke
433 760 33 15 om
483 754 111 20 helfrihets
610 754 38 20 och
666 753 111 25 mätebref,
793 753 38 21 och
849 754 120 20 sedermera
984 753 36 21 det

193 787 45 15 som
254 782 62 26 följer
331 782 6 20 i
353 782 67 21 första
436 782 40 21 och
492 782 64 21 femte
572 782 102 27 punkten,
690 782 109 21 hvarefter
815 782 53 20 först
879 782 68 20 denna
960 782 60 26 fråga

193 810 39 21 bör
255 813 110 24 upptagas.
396 811 41 21 Det
462 813 24 19 är
502 811 82 21 således
600 812 40 20 den
656 811 47 20 4:de
719 810 96 26 punkten
830 810 6 21 i
852 811 116 20 utskottets
984 810 35 21 be-

192 839 114 26 tänkande,
329 840 38 20 der
385 839 105 21 utskottet
506 840 38 20 har
559 840 61 26 gillat
636 839 39 21 den
691 839 114 27 kejserliga
820 840 136 26 proposition,
973 845 44 15 som

193 874 28 14 nu
237 868 53 20 först
305 868 54 21 skall
375 868 90 27 afgöras.

262 936 73 21 Andra
357 936 133 27 afdelningen
513 937 12 21 &
547 943 48 20 pag.
619 939 12 18 6
654 936 6 21 i
684 936 145 22 betänkandet
851 936 49 24 blef,
915 936 27 27 på
957 936 61 27 gjord

192 964 163 27 framställning,
371 965 22 21 af
407 966 85 20 ståndet
508 965 102 27 enhälligt
624 965 105 27 godkänd.

261 1028 74 20 Femte
351 1028 134 26 afdelningen
501 1028 74 21 likaså.

261 1085 10 21 I
293 1084 98 22 afseende
414 1085 12 21 å
444 1085 66 25 fjerde
526 1085 135 27 afdelningen
677 1085 47 27 (sid.
741 1086 12 20 5
770 1085 7 20 i
793 1085 40 21 den
849 1084 77 27 nådiga
941 1090 77 21 propo-

191 1113 99 23 sitionen)
306 1113 104 26 begärdes
426 1114 62 20 ordet
504 1113 22 21 af

261 1169 148 22 Öfverläraren
426 1170 149 26 Kihlman,
592 1176 45 15 som
652 1169 94 27 yttrade:
773 1169 41 27 Jag
829 1169 68 21 skulle
913 1169 66 21 önska
995 1169 21 20 få

189 1197 80 22 infördt
285 1198 52 21 efter
354 1198 175 27 ,,öfverstyrelsen
545 1198 33 21 för
593 1198 159 21 skolväsendet”
769 1199 66 20 orden
851 1197 164 28 ,normalskole-

189 1226 110 27 inspektor
323 1227 39 20 och
387 1227 255 26 öfverlärarekollegium*
664 1227 88 21 emedan
776 1227 59 20 detta
858 1227 113 26 kollegium
988 1232 28 15 nu

190 1255 66 21 redan
285 1255 97 21 utfärdar
405 1256 45 20 sina
472 1256 140 23 vittnesbörd,
635 1262 45 14 som
703 1255 81 21 lemnas
807 1255 22 21 åt
846 1255 74 25 lärare,
943 1255 71 20 hvilka

191 1283 64 27 aflagt
278 1284 109 26 praktiska
403 1285 54 25 prof,
474 1284 26 26 på
516 1284 111 21 karteradt
643 1290 87 21 papper,
747 1283 90 22 likasom
853 1283 36 21 det
904 1283 57 21 förut
976 1283 40 21 har

190 1313 55 20 varit
266 1312 66 26 fallet,
349 1312 23 21 så
388 1313 60 26 länge
465 1313 25 20 de
506 1313 110 26 praktiska
632 1313 38 20 och
687 1313 131 20 theoretiska
833 1312 88 26 profven
937 1311 79 22 aflades

189 1340 56 21 inför
260 1341 152 26 domkapitlen.

258 1398 111 21 Professor
391 1397 105 22 Cleve:
526 1398 41 27 Jag
590 1397 36 22 vill
648 1399 89 26 upplysa
755 1400 34 19 att
805 1398 35 21 det
856 1398 86 21 alldeles
958 1397 18 26 ej
992 1399 24 19 är

189 1428 32 19 ett
236 1426 194 27 lärarekollegium;
448 1427 36 21 det
500 1429 23 18 är
538 1433 26 14 en
580 1427 124 25 auktoritet,
720 1433 45 14 som
782 1427 102 20 anställer
899 1425 119 28 lärareprof

189 1455 39 21 och
252 1455 123 20 bedömmer
396 1455 47 21 dem
467 1455 39 21 och
529 1455 98 21 deröfver
650 1455 88 26 afgifver
756 1455 66 26 intyg.
853 1455 163 21 Normalskolan

189 1483 39 21 har
251 1484 38 20 sitt
311 1483 185 27 lärarekollegium
512 1484 32 21 för
560 1484 37 25 sig.
628 1483 42 21 För
686 1483 42 21 min
744 1484 33 20 del
795 1483 72 27 tycker
881 1483 36 27 jag
933 1486 32 18 att
980 1483 36 21 det

189 1513 24 19 är
229 1511 88 22 alldeles
333 1512 106 27 likgiltigt.
470 1512 74 21 Hittils
560 1511 64 22 hafva
639 1512 19 21 vi
674 1514 70 19 ansett
759 1518 36 15 oss
811 1518 51 15 vara
877 1511 96 27 skyldiga
984 1513 33 20 att

188 1539 87 22 utfärda
291 1541 62 20 dessa
369 1541 57 20 bevis
443 1541 27 26 på
486 1541 110 21 karteradt
612 1547 85 20 papper,
713 1541 89 20 emedan
819 1541 69 20 denna
900 1541 116 20 auktoritet
