1117 1817
352 144 160 18 Presteståndet
525 144 54 19 1872.
604 146 23 17 12
637 146 52 21 juni.
844 141 52 21 1731

169 225 144 27 Proposition:

169 282 130 21 Godkänner
321 282 86 21 ståndet
424 283 321 27 sammaujemkningsförslaget
765 282 133 22 beträffande
914 283 12 26 $

101 311 14 20 4
130 310 51 21 eller
203 309 61 22 icke?
294 311 46 20 Den
363 317 45 15 som
430 311 130 27 godkänner,
576 318 74 15 svarar
663 312 33 26 ja;
712 312 40 21 den
769 312 36 21 det
819 312 46 21 icke
881 313 45 25 gör,

102 345 73 15 svarar
189 339 41 26 nej.
260 339 81 21 Vinner
355 339 40 28 nej,
411 346 61 15 anses
488 340 86 21 ståndet
588 340 94 21 vidhålla
698 341 38 20 sitt
751 340 58 21 förra
821 340 76 21 beslut.

170 396 131 21 Besvarades
323 397 47 21 med
393 397 26 21 23
438 397 23 26 ja
477 397 39 21 och
532 398 12 20 7
561 397 44 27 nej;
621 397 138 26 hvarigenom
774 397 83 21 således
872 403 55 15 sam-

102 425 271 26 manjemkningsförslaget
395 425 45 22 blef
457 425 121 26 godkändt;
595 428 57 19 emot
668 426 81 21 hvilket
764 425 71 22 beslut
849 425 78 22 doktor

101 453 98 22 Granfelt
215 453 92 22 anmälte
319 455 137 20 reservation.

170 517 26 27 $$
213 517 26 20 18
254 517 39 21 och
309 517 27 21 23
351 517 129 26 godkändes.

171 579 114 27 Angående
301 579 12 27 $
329 580 26 21 45
371 580 85 27 yttrade
472 579 31 27 sig

170 643 111 20 Professor
300 643 154 20 Forsman:
487 643 41 21 Det
550 643 108 21 förefaller
683 643 42 27 mig
750 649 51 15 vara
826 644 31 19 ett
881 642 47 21 litet

103 671 107 25 underligt
232 673 43 19 sätt
298 673 32 19 att
353 671 173 27 sammanjemka,
542 678 44 14 som
602 671 107 21 utskottet
724 672 39 20 här
778 671 39 21 har
833 671 52 25 haft,
901 671 27 20 då

104 699 155 21 bondeståndet
273 699 39 21 har
327 699 87 21 beslutit
429 702 33 18 att
477 700 182 26 minimibeloppet
674 700 67 21 skulle
754 706 51 14 vara
815 706 26 14 en
852 700 76 25 kanna,

103 728 157 26 presteståndet
275 735 25 14 en
317 728 46 21 half
377 728 39 22 och
432 729 26 20 de
473 728 37 21 två
526 728 68 27 öfriga
609 728 88 21 stånden
714 728 97 22 vidhållit
823 734 26 15 en
860 730 67 24 qvart.

103 756 42 21 Det
160 756 109 22 förefaller
285 757 42 26 mig
343 763 44 15 som
404 763 34 15 om
454 757 36 21 det
505 758 55 20 varit
575 759 80 19 rättare
670 759 33 19 att
718 760 49 24 taga
782 759 32 19 ett
828 756 99 22 medeltal

103 785 39 21 och
159 785 26 21 då
200 785 78 21 föreslå
300 786 167 26 presteståndets
489 786 78 20 beslut.
603 786 77 20 Derom
704 786 68 20 skulle
793 785 134 26 naturligtvis

102 814 43 20 alla
161 814 62 21 stånd
239 814 73 21 lättast
327 814 74 21 förena
415 814 32 27 sig
462 814 40 21 och
518 815 35 20 det
570 820 50 16 vore
635 814 84 27 mycket
735 815 104 26 antagligt
854 816 33 19 att
902 814 26 20 de

103 842 36 21 två
153 842 70 26 stånd,
237 849 46 15 som
306 842 105 22 måhända
434 845 52 19 utan
505 843 73 21 vidare
600 843 95 26 godkänt
710 843 116 21 utskottets
841 842 86 26 förslag,

103 870 75 26 skulle,
195 871 26 21 då
237 871 36 21 två
288 871 73 21 stånds
377 871 54 27 åsigt
454 871 69 21 blifvit
544 872 62 25 känd,
623 872 73 20 förena
710 872 32 26 sig
757 872 6 20 i
779 878 25 14 en
818 870 111 28 jämkning

103 901 15 19 t.
135 906 32 14 ex.
183 900 32 20 till
231 906 26 14 en
273 900 46 20 half
332 900 75 27 kanna,
422 900 71 21 såsom
509 900 157 27 presteståndet
681 900 97 26 föreslog.

173 962 50 22 Vice
245 965 73 24 pastor
341 958 90 26 Öller
454 963 39 21 och
517 963 107 27 professor
646 970 18 14 v.
688 964 94 20 Essen
803 963 74 21 förena
899 962 31 26 sig

104 987 40 35 med
139 991 136 27 "professor
290 991 109 21 Forsman.

173 1054 149 21 Ofverläraren
337 1054 148 22 Kihlman:
506 1054 111 22 Utskottet
633 1055 39 21 har
688 1055 111 20 motiverat
815 1054 37 21 sitt
860 1053 69 27 jämk-

103 1082 141 27 ningsförslag
266 1089 48 21 pag.
330 1084 12 20 5
359 1084 85 20 dermed
467 1086 33 18 att
522 1084 35 20 det
580 1085 60 25 säger
664 1085 45 22 ,att
725 1082 120 22 handlande
861 1083 6 20 i
883 1084 44 19 stä-

103 1111 66 21 derna
185 1113 37 19 äro
239 1112 132 25 berättigade
387 1114 31 18 att
434 1112 136 26 halfstoptals
588 1112 53 26 sälja
656 1112 114 20 utländska
785 1111 144 26 spritdrycker

104 1139 39 21 och
159 1141 32 20 ett
206 1140 76 21 förbud
299 1142 32 19 att
345 1140 32 21 till
393 1147 81 14 samma
496 1140 158 27 minimibelopp
676 1141 131 20 utminutera
821 1139 108 21 inhemskt

102 1167 89 22 bränvin
207 1169 120 26 antagligen
343 1169 68 20 skulle
427 1169 46 21 äter
488 1169 114 21 framkalla
616 1169 125 26 försäljning
756 1168 23 21 af
788 1169 67 20 sädan
865 1168 63 26 simp-

103 1196 44 21 lare
170 1203 58 19 vara,
251 1203 51 20 som,
325 1197 67 21 ehuru
408 1198 6 20 i
430 1197 92 22 handeln
546 1197 105 21 benämnd
674 1204 51 18 rom,
748 1197 65 21 likväl
833 1197 6 20 i
855 1196 74 27 sjelfva

103 1225 74 21 verket
192 1226 18 26 ej
227 1227 24 20 är
266 1228 65 19 annat
346 1227 27 20 än
388 1226 84 27 färgadt
488 1227 30 20 in-
534 1226 52 21 eller
601 1226 101 21 utländsk
717 1226 106 21 bränvin”.
851 1225 42 21 Det
905 1226 24 19 är

102 1254 123 27 visserligen
249 1257 48 18 sant
312 1257 31 18 att
359 1254 148 22 handlandena
529 1255 6 20 i
558 1255 101 20 städerna
682 1257 37 18 äro
742 1254 134 26 berättigade
897 1255 32 19 att

103 1283 54 26 sälja
179 1283 130 26 halfstoptal.
341 1283 48 21 Men
405 1283 59 21 detta
487 1285 25 19 är
532 1289 25 15 en
573 1283 52 27 följd
640 1283 23 21 af
678 1283 12 27 &
706 1283 27 21 55
748 1283 7 21 i
769 1283 159 25 författningen.

102 1311 11 20 I
128 1311 116 22 utskottets
262 1312 134 21 betänkande
418 1312 12 27 &
453 1313 27 20 55
505 1312 59 21 heter
587 1312 35 21 det
642 1312 128 26 nämnligen:
787 1311 50 27 ,allt
853 1311 54 20 hvad
924 1311 5 20 i

102 1339 135 22 förestäende
260 1340 67 21 mätto
347 1342 24 19 är
387 1341 100 26 stadgadt
503 1347 34 14 om
553 1340 96 21 otilläten
665 1340 124 27 försäljning
805 1340 39 21 och
859 1339 70 21 utdel-

102 1368 50 27 ning
167 1369 23 20 af
203 1369 88 20 bränvin
306 1369 68 26 gäller
389 1369 60 21 äfven
466 1375 34 15 om
516 1369 42 20 alla
570 1369 81 21 sädana
661 1369 141 26 blandningar
813 1368 32 21 till
856 1367 71 27 dryck,

102 1396 32 21 uti
149 1397 72 21 hvilka
243 1397 88 21 bränvin
357 1397 32 21 till
405 1397 149 27 hufvudsaklig
570 1397 33 21 del
619 1398 80 25 ingår,"
716 1410 27 2 —
758 1410 27 3 —
801 1409 27 3 —
844 1396 84 25 ,Säsom

102 1431 53 20 rom,
178 1425 85 27 konjak,
285 1426 64 21 arrak
365 1439 27 2 —
407 1439 27 2 —
450 1439 27 2 —
493 1429 56 18 samt
571 1428 32 19 att
618 1427 28 26 1/,
661 1429 70 18 kanna
753 1428 24 19 är
799 1426 36 21 det
850 1425 79 21 minsta

102 1453 84 28 belopp,
210 1461 45 14 som
273 1454 33 21 får
321 1455 123 26 föryttras*.
475 1455 65 21 Detta
556 1455 117 26 stadgande
688 1455 43 20 kan
746 1454 33 21 väl
795 1454 78 21 ändras
889 1453 39 21 och

103 1488 34 15 om
160 1489 49 14 man
231 1483 69 21 skulle
320 1483 119 21 bestämma
454 1485 32 19 att
502 1483 120 21 handlande
637 1483 47 21 icke
699 1483 68 21 skulle
783 1483 28 20 ha
827 1482 102 26 rättighet

102 1512 33 19 att
157 1511 53 27 sälja
231 1513 31 19 ett
281 1512 82 21 mindre
378 1512 55 26 parti
448 1513 27 20 än
492 1514 31 19 ett
538 1514 48 24 stop
602 1512 68 21 skulle
686 1512 35 21 det
735 1511 70 22 skälet
821 1510 107 24 bortfalla,

102 1539 106 22 utskottet
223 1539 39 22 har
277 1540 103 27 äberopat
395 1541 33 20 för
442 1541 38 20 sitt
493 1540 204 27 jämkningsförslag
712 1540 38 21 och
766 1539 27 27 pä
809 1540 60 21 detta
883 1539 46 21 skäl
