1117 1817
323 137 161 17 Presteståndet
497 138 53 16 1872.
573 138 23 16 10
608 137 50 21 juni.
827 131 52 21 1701

82 218 91 21 delande
189 217 21 22 af
224 217 124 21 koncession
365 217 12 20 å
392 217 110 27 byggande
518 217 22 21 af
551 217 88 27 jernväg
654 217 74 26 gjorda
743 217 166 25 bestämmelser,

83 248 33 19 att
138 245 131 27 underdånig
291 245 99 22 anhållan
409 245 67 22 skulle
492 247 62 24 göras
567 245 78 28 jemväl
662 246 71 21 derom
750 247 31 19 att
797 245 6 21 i
819 245 91 21 berörda

84 275 35 26 lag
141 275 67 20 borde
230 274 49 27 ingå
297 274 139 26 stadganden,
452 281 34 14 om
503 275 39 20 och
558 275 27 26 på
600 274 56 21 hvad
672 276 42 19 sätt
729 274 70 26 privat
811 274 99 26 jernvägs

82 303 129 27 anläggning
226 304 35 20 må
276 303 71 20 kunna
362 303 108 21 intecknas
487 303 39 21 och
542 303 53 21 reelt
610 303 93 27 hypotek
719 303 44 20 deri
779 303 79 20 vinnas.

154 361 34 20 4:0
204 359 148 22 innehållande
367 359 96 22 ståndets
478 359 71 22 beslut
567 359 33 22 vid
616 359 176 26 föredragningen
808 359 22 22 af
843 359 68 26 lagut-

82 389 94 21 skottets
198 387 134 22 betänkande
347 388 7 21 i
370 388 114 26 anledning
499 388 21 21 af
535 388 76 27 nådiga
626 388 158 27 propositionen
801 387 108 27 angående

83 417 126 22 afträdande
225 417 60 21 mark
300 416 33 21 till
348 417 126 26 anläggning
491 417 21 20 af
526 417 111 27 landsväg;

153 475 35 20 5:0
208 473 147 22 innehållande
377 474 97 21 ständets
496 473 70 22 beslut
588 474 33 21 vid
642 473 150 28 föredragning
807 473 22 22 af
842 473 69 27 lagut-

82 503 94 21 skottets
192 502 133 22 betänkande
341 503 6 20 i
363 503 112 26 anledning
491 502 21 21 af
526 503 104 20 särskilda
646 503 56 20 inom
713 503 148 26 ridderskapet
872 502 39 21 och

83 531 64 22 adeln
163 533 55 20 samt
233 531 157 26 presteständet
405 531 75 21 väckta
496 531 78 26 förslag
589 531 108 26 angäende
713 531 131 26 underdänig
859 531 52 26 peti-

84 561 46 20 tion
147 567 34 14 om
197 559 75 27 ätgärd
288 559 78 22 derhän
383 562 30 19 att
430 560 39 20 den
486 560 6 21 i
508 559 98 22 afseende
622 561 12 20 &
650 560 84 21 makars
750 560 97 25 giftorätt
862 559 5 21 i
883 559 27 21 bo

85 591 56 18 samt
163 588 79 27 arftägt
265 588 53 21 efter
341 587 74 22 afliden
432 595 76 20 person
525 595 27 14 nu
568 588 114 22 bestäende
699 588 107 21 olikheten
821 587 90 22 emellan

85 617 106 21 landsrätt
206 617 40 21 och
261 617 103 21 stadsrätt
380 617 70 21 kunde
466 617 108 27 upphöra;

155 675 34 20 6:0
203 674 108 26 angående
331 674 154 26 godkännande
502 674 20 21 af
536 674 152 26 lagutskottets
703 673 134 22 betänkande
851 674 7 20 i
874 679 38 15 an-

85 702 86 27 ledning
193 702 21 21 af
236 704 31 19 ett
289 702 32 21 till
337 702 157 22 bondeståndet
514 702 86 27 ingifvet
615 702 217 27 petitionsmemorial,
849 702 63 26 angä-

83 731 56 21 ende
153 730 90 28 ändring
258 730 21 22 af
293 730 72 28 lagens
381 731 132 27 stadganden
529 738 34 14 om
578 731 85 27 lagfart;

155 789 33 20 7T:o
205 788 109 27 angående
329 788 155 26 godkännande
500 788 22 21 af
537 788 151 27 lagutskottets
703 788 135 21 betänkande
853 788 7 20 i
875 794 36 14 an-

85 817 86 26 ledning
187 817 22 21 af
224 819 31 19 ett
269 817 58 21 inom
343 816 177 27 borgareständet
534 817 70 26 väckt,
619 819 56 19 samt
688 816 53 22 efter
751 816 66 22 skedd
828 816 83 27 inbjud-

85 846 51 26 ning
159 845 22 21 af
202 845 147 27 ridderskapet
371 845 40 21 och
434 846 63 20 adeln
518 846 110 26 godkändt
642 845 188 27 petitionsförslag,
847 844 65 27 angä-

84 874 55 21 ende
155 873 150 27 upphäfvande
320 874 23 20 af
357 874 40 21 den
417 874 109 21 adelsman
547 874 160 21 tillkommande
729 874 182 27 utpantningsrätt

84 902 40 22 hos
140 903 48 21 dess
203 902 156 26 frälsebönder
351 898 12 35 ;

155 962 34 19 8:0
211 959 149 22 innehällande
383 960 95 21 ständets
501 960 71 21 beslut
592 960 34 20 vid
642 960 149 26 föredragning
807 960 22 21 af
843 960 68 26 lagut-

83 988 94 22 skottets
193 988 135 21 betänkande
344 989 6 20 i
366 988 114 27 anledning
496 988 22 22 af
536 988 76 26 nädiga
627 989 158 27 propositionen
801 988 110 27 angäende

84 1017 91 27 ändring
191 1017 39 21 och
245 1017 117 27 förklaring
377 1017 23 21 af
413 1017 25 21 21
456 1017 11 27 &
485 1018 26 20 10
526 1017 49 27 kap.
591 1017 25 21 R.
632 1017 29 26 B;

155 1075 33 21 9:0
211 1074 110 26 angäende
341 1075 156 26 godkännande
521 1074 23 21 af
565 1074 174 22 bankutskottets
755 1075 157 21 betänkande
898 1070 18 36 i

84 1102 117 28 anledning
223 1104 22 20 af
266 1103 203 27 bankfullmäktiges
491 1103 80 27 förslag
586 1103 32 21 till
635 1103 132 27 uppförande
782 1104 23 21 af
819 1106 31 19 ett
865 1106 48 24 nytt

85 1131 107 26 bankhus;

154 1188 23 27 b)
193 1188 55 21 ifrän
263 1188 170 21 Bondeständet:

156 1246 32 20 1:o
212 1245 108 27 angående
343 1245 155 27 godkännande
521 1246 23 21 af
557 1248 154 19 sammansatta
726 1247 65 20 stats-
806 1246 40 21 och
861 1246 52 21 eko-

85 1273 175 22 nomiutskottets
275 1274 79 27 förslag
370 1274 32 21 till
418 1274 204 27 sammanjemkning
638 1275 22 21 af
674 1275 99 20 ständens
789 1275 124 27 skiljaktiga

86 1302 77 26 beslut,
186 1303 133 20 beträffande
342 1303 65 26 sagde
429 1303 95 21 utskotts
540 1303 134 21 betänkande
690 1304 6 20 i
711 1304 114 26 anledning
840 1303 23 22 af
876 1303 37 21 nä-

86 1330 50 27 diga
157 1331 166 26 propositionen,
340 1331 109 27 angäende
465 1332 75 26 anslag
555 1331 33 22 för
604 1331 121 22 inrättande
741 1332 22 21 af
777 1338 27 15 en
819 1338 28 21 ny
862 1332 51 21 kur-

84 1359 83 21 anstalt
181 1359 32 22 för
229 1360 132 26 sinnessjuka
376 1361 7 20 i
399 1360 77 21 landet.

155 1417 34 20 2:0
205 1416 110 27 angående
330 1417 155 26 godkännande
501 1417 23 21 af
537 1419 153 20 sammansatta
705 1419 63 20 stats-
781 1418 40 21 och
834 1417 79 22 ekono-

86 1445 147 21 miutskottets
255 1445 80 27 förslag
357 1446 33 21 till
415 1445 203 28 sammanjemkning
639 1445 23 22 af
675 1446 99 21 ständens
789 1445 124 28 skiljaktiga

86 1473 78 26 beslut,
180 1474 133 21 beträffande
328 1475 65 26 sagde
407 1475 95 20 utskotts
518 1475 134 20 betänkande
668 1475 6 20 i
690 1475 112 27 anledning
817 1475 59 20 såväl
892 1474 23 21 af

87 1501 78 27 nädiga
180 1503 159 26 propositionen
355 1509 34 15 om
405 1503 132 26 uppförande
553 1503 23 21 af
589 1503 36 21 tvä
640 1503 100 26 fyrbäkar
755 1503 7 21 i
777 1503 86 27 Ladoga
874 1503 38 26 sjö,

84 1536 47 15 som
147 1531 40 21 ock
203 1531 22 20 af
239 1531 78 27 nädiga
331 1532 160 27 propositionen
506 1532 109 26 angäende
631 1532 118 27 utgörande
764 1531 23 22 af
797 1531 116 27 bevillning
