1117 1817
229 131 54 21 1674
442 137 162 18 Presteståndet
617 138 56 17 1872.
697 138 13 16 8
721 138 51 21 juni.

199 217 23 20 år
245 217 103 21 nedflötas
371 218 57 20 utför
451 224 25 15 en
500 218 66 21 sådan
589 218 60 21 bäck.
681 218 40 27 Jag
743 218 69 20 skulle
834 218 83 20 derföre
933 223 49 14 anse
999 222 26 15 en

199 245 132 26 bestämning
351 246 6 21 i
379 246 138 27 ofvanantydt
542 246 54 27 syfte
622 246 32 21 för
679 247 93 20 särdeles
798 246 97 27 olycklig.
926 245 42 21 För
993 246 32 20 att

198 275 56 19 ännu
270 274 85 21 komma
371 275 90 21 tillbaka
477 275 32 21 till
525 275 26 21 de
566 275 24 21 så
606 275 45 20 ofta
672 275 127 21 omnämnda
815 281 96 20 synerna,
927 274 48 21 ville
988 273 37 27 jag

198 303 102 20 anmärka
316 305 32 19 att
363 303 36 21 det
415 310 50 14 vore
480 304 80 26 ganska
576 304 127 26 opraktiskt,
719 306 32 19 att
767 310 25 14 en
807 303 66 21 sådan
889 309 37 20 syn
945 302 80 26 årligen

198 331 68 21 skulle
290 332 107 21 anställas.
429 333 42 20 Det
495 332 44 21 står
560 332 24 27 ju
606 332 74 27 hvarje
702 332 139 27 strandägare
864 332 45 21 fritt
934 333 31 19 att
981 331 44 20 låta

198 360 115 21 verkställa
327 366 44 21 syn,
389 361 43 20 förr
447 363 27 18 än
490 360 98 27 flottning
610 361 105 26 försiggår
731 361 39 21 och
786 361 65 21 sedan
867 361 40 20 den
923 361 24 20 är
962 359 62 26 förbi,

198 388 136 27 hvarigenom
351 389 80 21 skadan
448 390 74 21 lättast
538 390 92 21 utredes.

267 457 110 21 Professor
399 464 18 15 v.
440 458 109 21 Essen:
580 458 90 21 Prosten
696 458 123 21 Durchman
845 457 92 27 begärde
963 457 61 20 ordet

198 485 33 21 för
247 488 32 18 att
294 486 76 27 betyga
386 487 53 26 prof.
456 487 63 20 Cleve
536 488 31 20 sin
584 487 143 25 tacksamhet;
742 487 37 26 jag
794 487 39 20 har
848 487 74 25 begärt
938 486 41 26 det,
990 485 34 21 för

198 516 31 19 att
252 514 95 21 försvara
369 515 85 24 honom,
478 516 87 20 emedan
588 515 36 27 jag
646 516 72 26 tyckte
740 516 43 26 mig
802 514 57 22 finna
882 517 32 18 att
930 515 41 20 han
986 520 40 14 var

198 543 171 26 ouppmärksam,
386 544 27 21 då
428 544 52 21 hans
496 544 54 27 åsigt
566 544 149 27 bekämpades.
745 543 57 22 Prof.
819 543 62 22 Cleve
896 543 80 26 yrkade
992 545 32 18 att

198 571 115 27 principen,
337 579 32 14 om
393 573 69 20 virket
478 572 53 21 skall
548 579 50 14 vara
614 573 117 20 afbarkadt
746 572 51 21 eller
813 572 52 24 icke,
882 572 65 21 borde
963 573 63 24 tagas

198 600 32 20 till
254 601 121 26 afgörande,
398 601 27 26 på
448 601 36 21 det
506 603 32 19 att
561 602 69 21 denna
652 601 134 26 bestämning
804 601 68 21 skulle
889 601 70 20 kunna
975 599 49 26 ingå

195 629 45 25 just
261 629 6 20 i
291 629 72 27 början
380 630 22 20 af
415 630 13 25 &
444 630 19 21 2,
480 630 37 21 der
540 636 24 15 en
588 630 66 21 sådan
672 631 132 25 bestämning
820 629 120 27 lämpligast
955 629 70 20 skulle

198 657 63 20 hafva
276 658 37 20 sitt
328 665 52 14 rum.
411 659 41 25 Jag
468 658 84 21 förenar
568 659 41 25 mig
625 659 5 20 i
647 659 58 20 detta
719 658 99 21 afseende
830 659 47 20 med
889 658 52 26 prof.
953 657 70 23 Cleve,

198 686 88 20 emedan
300 686 37 26 jag
352 686 27 27 på
395 687 25 20 de
435 687 23 20 af
472 690 84 23 prosten
568 687 122 21 Durchman
702 687 89 20 anförda
801 686 73 21 skälen
887 692 60 15 anser
958 685 65 21 saken

197 714 23 20 af
241 717 45 18 stor
309 716 49 23 vigt.
390 715 76 21 Pastor
485 715 111 21 Törnudds
612 716 133 26 invändning,
763 718 32 18 att
811 716 68 20 denna
895 714 130 26 afbarkning

198 743 61 21 torde
283 744 65 20 blifva
366 744 68 25 något
458 744 44 27 dyr,
522 744 39 20 kan
578 744 45 21 icke
640 744 62 21 hafva
717 744 73 21 alltför
806 746 44 18 stor
867 743 117 27 betydelse;
1000 745 23 24 ty

196 771 36 27 jag
255 774 46 18 tror
319 772 45 21 icke
385 776 32 17 att
432 772 140 26 afdragandet
587 773 23 20 af
626 773 80 21 trädets
723 772 128 24 beklädnad,
868 778 32 14 om
917 772 36 20 det
969 771 55 21 blott

198 800 125 21 verkställes
345 801 28 26 på
395 802 87 25 lämplig
502 802 30 20 tid
548 801 22 21 af
584 802 52 24 året,
652 802 54 20 skall
723 801 64 21 blifva
803 801 94 21 särdeles
913 801 109 20 kostsamt.

198 828 43 21 För
257 829 63 27 öfrigt
335 831 24 19 är
372 830 36 26 jag
424 830 22 20 af
462 830 38 20 den
517 830 89 26 mening,
623 832 33 19 att
672 830 70 20 trädet
753 830 68 20 håller
832 830 31 25 sig
875 830 68 20 bättre
955 830 69 19 såsom

198 857 124 26 afbarkadt,
346 858 24 20 så
391 861 31 18 att
446 859 63 20 redan
527 859 120 25 derigenom
664 859 70 20 kunde
751 858 180 20 omkostnaderna
946 857 32 21 för
994 857 31 21 af-

198 886 123 26 skalningen
339 887 79 20 kanske
435 887 64 21 blifva
516 887 105 21 betäckta.
646 888 76 20 Härtill
740 887 41 20 kan
798 889 55 18 ännu
866 887 71 26 läggas
949 888 75 18 ersätt-

198 915 76 25 ningen
292 915 31 21 för
339 915 39 21 den
395 915 81 24 förlust,
491 922 43 14 som
552 916 61 20 fisket
629 916 59 24 lider,
700 922 76 20 genom
788 916 39 20 den
839 915 86 21 affallna
938 914 86 21 barken.

197 944 42 25 Jag
254 943 67 21 måste
337 944 82 20 således
434 945 53 26 yrka
502 944 27 26 på
544 947 32 18 att
591 947 31 18 ett
638 944 68 27 dylikt
722 951 62 14 mom.
801 944 83 26 intages
900 944 5 20 i
921 943 67 21 andra
1004 943 19 27 $.

266 1011 81 21 Rektor
363 1012 151 21 Rosendal:
545 1008 67 25 Äfven
632 1012 37 27 jag
692 1012 95 20 anhåller
810 1014 32 18 att
858 1012 21 20 få
894 1011 132 21 understöda

197 1040 54 26 prof.
269 1040 68 21 Cleve.
370 1041 44 21 Den
431 1041 118 26 olägenhet,
570 1048 45 14 som
632 1047 25 15 en
674 1041 51 21 eller
740 1046 70 15 annan
827 1040 130 26 bruksägare
974 1040 50 26 möj-

198 1068 55 26 ligen
269 1069 70 21 kunde
356 1069 43 21 lida
413 1076 76 20 genom
505 1072 32 18 att
552 1070 70 20 virket
637 1069 66 21 måste
720 1070 109 24 afbarkas,
845 1069 40 21 har
901 1075 25 14 en
944 1068 82 26 ganska

199 1097 59 26 ringa
275 1097 114 27 betydelse,
406 1099 26 20 då
448 1099 36 19 det
506 1098 66 26 giller
587 1100 31 19 ett
633 1098 45 21 helt
693 1098 55 20 folks
764 1098 75 20 fördel.
871 1098 78 20 Derom
965 1097 61 20 torde

197 1125 46 20 icke
260 1126 51 20 flera
327 1128 26 18 än
369 1132 26 14 en
411 1127 83 25 mening
511 1127 72 20 finnas.

269 1187 78 21 Lektor
362 1188 156 21 Johnsson:
541 1189 73 20 Ehuru
630 1189 60 20 äfven
704 1189 37 26 jag
757 1195 62 14 anser
835 1189 36 20 det
887 1194 51 14 vara
953 1188 73 26 nödigt

199 1218 32 18 att
246 1216 6 20 i
269 1216 74 27 början
359 1217 23 20 af
396 1217 12 20 2
424 1218 13 25 &
452 1217 60 24 ingår
528 1224 25 13 cn
570 1217 132 27 bestämning
718 1219 79 21 derom,
813 1220 32 17 att
857 1217 95 20 obarkad
967 1217 59 20 stock

198 1245 47 20 icke
269 1244 31 21 får
321 1245 69 25 tlötas,
407 1246 39 20 kan
461 1246 35 25 jag
512 1245 45 21 icke
573 1245 73 21 förena
663 1246 41 27 mig
721 1246 52 24 deri,
789 1248 32 18 att
837 1245 36 21 det
889 1246 5 19 i
911 1245 117 20 allmänhet

199 1273 68 20 skulle
294 1273 49 21 heta
368 1277 33 17 att
423 1274 105 21 obarkadt
551 1275 58 20 virke
633 1275 46 20 icke
700 1275 70 20 skulle
796 1274 20 20 få
832 1273 119 21 nedforslas
967 1274 60 25 längs

199 1301 114 21 vattenled.
344 1302 10 20 I
371 1302 92 21 Karelen
486 1302 66 21 finnas
575 1303 105 26 nämligen
704 1309 119 20 masugnar,
844 1302 72 21 hvilka
931 1302 33 21 för
979 1305 49 23 eget

198 1329 67 21 behof
286 1330 94 21 nedflöta
401 1331 43 20 ved.
476 1331 58 21 Skall
550 1331 27 20 då
592 1332 28 20 all
637 1332 39 20 den
693 1332 45 23 ved,
755 1337 45 14 som
816 1330 125 25 nedforslas,
957 1331 69 20 afbar-

199 1359 44 23 kas,
261 1359 78 26 uppstå
352 1359 23 26 ju
392 1359 86 21 alldeles
495 1359 104 21 oerhörda
615 1360 122 21 kostnader.
761 1359 115 21 Dessutom
891 1359 67 26 gifvas
969 1361 58 18 stora

199 1387 58 25 byar,
281 1393 45 15 som
349 1388 28 25 på
400 1394 80 14 samma
496 1390 42 19 sätt
554 1388 100 21 förskafta
670 1389 31 26 sig
717 1389 38 20 sitt
772 1388 85 21 brände.
889 1387 58 22 Skall
964 1387 64 21 också

199 1415 39 20 här
253 1421 81 15 samma
351 1417 132 26 bestämning
499 1418 39 25 äga
554 1417 60 20 rum?
636 1417 40 26 Jag
692 1421 45 17 tror
753 1417 114 26 ingalunda
883 1418 32 19 att
927 1415 102 26 lagbudet

199 1443 39 20 här
262 1450 49 15 vore
331 1443 22 22 af
375 1445 76 24 nöden,
475 1445 23 20 så
520 1445 84 26 mycket
628 1446 80 21 mindre
728 1451 46 15 som
791 1445 25 20 de
833 1445 85 24 bäckar,
934 1444 7 21 i
957 1444 72 21 hvilka

198 1472 116 26 flötningen
337 1473 55 25 sker,
416 1475 37 19 äro
476 1473 86 25 sådana,
587 1476 32 19 att
641 1474 61 26 ingen
725 1473 111 22 menniska
858 1473 65 20 fiskar
946 1473 5 20 i
973 1473 53 20 dem.

198 1501 79 20 Derför
299 1507 50 14 vore
373 1502 36 20 det
431 1502 130 26 nödvändigt
584 1505 32 18 att
635 1502 40 21 här
688 1503 86 26 gjordes
789 1508 26 15 en
831 1501 98 21 bestämd
945 1501 82 21 skilnad

199 1529 90 20 emellan
305 1529 61 21 stock
382 1530 39 21 och
438 1533 64 18 annat
517 1531 65 20 virke.
