1117 1817
339 135 163 18 Presteständet
515 136 55 17 1872.
594 136 26 17 27
632 136 48 21 maj.
841 130 51 21 1361

96 216 65 27 fallet,
177 218 38 24 att,
232 222 33 15 om
281 222 49 15 man
346 216 42 21 kan
404 216 44 21 tala
464 222 34 15 om
514 222 25 15 en
556 216 91 21 mantals
663 216 122 26 utjemning,
803 216 58 20 detta
869 215 55 21 dock

96 245 46 22 icke
167 245 40 21 bör
221 244 153 26 ifrågakomma
390 244 33 21 för
438 251 25 14 en
479 244 51 21 liten
547 244 109 21 beräknad
672 244 103 21 inkomsts
790 244 62 21 skull.
882 243 43 22 Det

97 279 37 16 var
149 273 64 22 också
232 272 160 27 hufvudsakliga
407 272 75 25 skälet,
500 273 84 21 hvarför
598 273 36 26 jag
650 273 119 26 uppträdde
784 273 45 24 här,
844 272 33 21 för
892 273 33 19 att

96 304 56 25 yttra
177 301 42 27 mig
245 304 44 18 mot
311 301 39 21 den
373 301 85 27 princip,
482 307 45 15 som
550 304 74 23 pastor
642 301 65 21 Lilius
733 301 53 21 hade
801 300 122 26 framhållit,

98 331 87 21 emedan
198 330 37 27 jag
251 336 61 15 anser
327 332 32 19 att
375 330 52 21 hans
444 336 52 20 egen
512 330 128 26 deducering
656 330 83 21 bevisar
755 331 122 20 motsatsen.

165 387 90 21 Prosten
271 386 165 27 Grönberg:
461 387 31 21 De
508 387 64 21 värde
591 387 144 21 ledamöterne
747 387 5 20 i
763 386 162 22 statsutskottet

97 415 62 22 hafva
179 416 64 21 redan
266 415 124 27 tillräckligt
413 415 112 22 motiverat
548 415 39 22 och
608 416 103 26 derjemte
727 416 108 25 vederlagt
850 417 74 24 pastor

97 444 49 21 Lilii
166 445 139 26 anmärkning
321 446 44 19 mot
381 444 146 27 fördelningen
543 444 23 21 af
579 445 26 20 de
621 444 119 26 föreslagna
756 444 92 25 400,000
863 443 61 21 mark

97 473 33 21 till
145 473 153 21 kommunerna
313 473 7 20 i
335 473 78 21 landet.
443 473 41 26 Jag
500 473 84 21 förenar
600 473 42 26 mig
657 473 90 21 sålunda
761 473 47 20 med
820 473 53 26 dem,
884 472 40 21 och

98 501 117 27 tillstyrker
237 502 130 26 antagandet
388 501 23 21 af
430 501 248 22 utskottsbetänkandet.
715 501 40 27 Jag
777 501 49 21 ville
849 501 76 21 endast

97 537 96 20 upprepa
216 533 32 18 att
273 530 46 27 just
333 531 7 20 i
356 531 64 20 södra
435 530 87 21 delarne
537 531 23 20 af
573 530 23 21 af
610 530 72 21 landet
697 530 107 21 mantalen
820 531 36 20 äro
870 529 54 27 jem-

98 559 108 22 förelsevis
221 561 59 19 stora
295 561 44 19 mot
355 559 46 21 dem
418 559 6 20 i
440 559 26 21 de
481 565 64 15 norra
560 559 92 25 delarne,
664 559 39 20 och
716 559 27 20 då
754 559 110 26 meningen
876 558 47 21 med

98 588 60 21 detta
182 588 73 26 anslag
270 593 51 15 vore
336 590 32 19 att
384 587 70 27 hjelpa
468 587 155 21 kommunerna
638 587 48 21 med
701 588 64 26 något
781 587 74 27 bidrag
871 587 6 21 i
893 586 31 21 af-

98 617 77 21 seende
196 617 13 20 &
227 617 45 20 sina
287 616 107 21 allmänna
409 616 117 27 utskylder,
543 616 85 21 hvartill
644 616 231 26 bränvinsbränningen
891 615 34 21 för

99 645 46 22 dem
167 645 44 21 förr
234 645 7 21 i
263 645 58 20 tiden
343 645 75 26 bidrog
440 645 48 21 med
511 645 107 26 betydliga
640 651 101 20 summor,
757 651 44 14 som
818 651 28 14 nu
861 644 64 21 hafva

98 673 71 21 blifvit
188 674 48 20 dem
252 673 118 27 fräntagna,
387 673 23 21 sä
424 675 24 19 är
464 674 36 20 det
517 674 32 20 väl
565 673 54 21 efter
634 674 87 25 mantal,
737 679 44 15 som
798 674 69 20 denna
882 673 42 20 för-

99 702 84 27 delning
198 702 69 21 mäste
282 701 125 21 verkställas
422 702 39 21 och
478 702 47 21 icke
540 701 54 22 efter
609 702 113 26 persontal.
753 702 31 26 Ty
799 702 68 20 häller
875 706 48 16 man

98 731 28 27 pä
147 731 109 27 principen
279 730 22 22 af
317 730 115 27 persontal,
447 730 24 22 sä
486 730 67 22 borde
569 730 267 27 dryckenskapsprincipen
851 730 74 26 läggas

98 759 32 21 till
153 760 68 26 grund
247 759 46 26 och,
309 765 54 21 noga
378 761 65 24 taget,
459 759 40 21 den
516 765 44 15 som
576 765 64 21 super
656 762 60 21 mest,
733 759 60 21 äfven
809 759 22 21 fä
845 760 80 19 största

98 788 89 21 andelen
211 787 22 22 af
258 788 69 21 denna
341 788 136 26 godtgörelse
492 787 33 21 för
540 788 38 21 sitt
594 787 72 27 fylleri.
697 788 65 21 Detta
777 788 68 20 måste
861 787 64 21 blifva

98 823 26 15 en
145 816 125 26 orimlighet.
301 816 63 22 Hvad
386 816 66 26 angär
467 816 47 21 äter
528 816 152 26 beräkningen,
696 818 32 20 att
745 817 40 21 100
800 822 101 21 personer
917 815 7 21 i

98 845 48 21 stad
161 847 119 19 motsvarar
295 847 32 19 ett
342 845 86 23 mantal,
444 845 24 21 sä
483 851 61 15 anser
557 845 38 27 jag
610 845 36 21 det
662 851 51 15 vara
728 852 44 14 mer
787 847 27 19 än
831 844 93 22 tillräck-

98 874 39 26 ligt
159 874 98 26 tilltaget.
287 874 157 21 Jemförelsevis
464 874 36 20 mä
512 874 38 26 jag
565 876 84 21 nämna,
665 876 32 18 att
712 874 89 21 sålunda
816 873 107 21 Tammer-

97 902 44 22 fors
165 902 48 22 stad
235 902 49 21 med
307 903 62 25 7,000
385 908 102 21 personer
510 902 96 22 kommer
622 904 32 19 att
669 902 21 21 få
705 903 27 21 70
748 902 86 24 mantal,
849 902 7 20 i
869 901 54 27 jem-

97 930 76 22 förelse
195 931 48 21 med
261 931 99 27 Messuby
383 931 129 26 församling,
528 937 45 15 som
595 931 39 21 har
652 932 27 20 60
697 931 79 21 mantal
796 930 39 22 och
858 930 67 26 dryga

97 960 119 26 utskylder;
241 960 38 20 och
302 960 63 25 hvad,
378 966 44 14 som
432 960 32 21 för
472 960 100 20 städerna
584 960 38 20 har
636 960 67 26 afgätt
713 960 7 20 i
730 960 99 21 afseende
839 959 13 21 å
862 959 62 21 brän-

97 988 234 26 vinsbränningsrätten
346 988 39 22 har
401 989 53 21 dock
471 988 55 21 varit
540 995 26 14 en
582 988 151 27 obetydlighet.
764 988 9 22 I
786 987 139 27 förbigäende

97 1017 37 21 vill
146 1016 37 28 jag
199 1019 77 19 nämna
291 1019 32 19 att
335 1017 38 27 jag
387 1024 67 20 gerna
468 1017 69 21 skulle
553 1017 64 21 hafva
632 1019 48 22 sett,
697 1018 32 20 att
744 1017 115 21 ständerna
869 1016 55 21 hade

98 1046 81 21 kunnat
202 1046 63 20 infria
287 1046 36 21 det
343 1046 23 21 af
381 1046 53 21 1863
450 1046 35 21 ärs
501 1046 102 26 landtdag
618 1046 79 26 afgifna
712 1046 69 24 löftet;
798 1052 46 14 men
861 1044 62 22 efter-

98 1080 45 16 som
166 1074 36 21 det
223 1080 30 15 nu
272 1076 23 19 är
318 1076 31 20 ett
371 1074 82 22 faktum
469 1077 33 19 att
517 1074 76 21 sädant
608 1074 46 21 icke
670 1074 42 21 kan
727 1074 43 25 ske,
787 1074 24 21 sä
825 1076 24 19 är
865 1073 60 21 detta

98 1103 128 21 åtminstone
249 1105 31 19 ett
295 1103 137 21 erkännande
447 1104 22 20 af
482 1105 34 19 att
530 1103 70 27 någon
617 1103 88 21 rättvisa
721 1103 66 21 borde
802 1102 123 21 vederfaras

98 1131 158 22 kommunerna.
286 1132 41 26 Jag
353 1132 118 26 tillstyrker
496 1132 130 26 antagandet
650 1132 23 20 af
696 1131 172 21 statsutskottets
889 1131 36 20 be-

98 1159 112 22 tänkande.

166 1217 81 21 Rektor
288 1217 142 22 Rosendal:
454 1217 34 21 Dä
500 1217 37 26 jag
552 1217 94 26 begärde
657 1217 67 26 ordet,
736 1217 79 21 skedde
827 1216 36 21 det
875 1215 49 22 huf-

98 1245 139 27 vudsakligen
251 1246 33 21 för
299 1248 32 19 att
346 1246 111 27 gendrifva
472 1246 42 21 den
528 1245 24 22 af
565 1248 74 24 pastor
654 1245 67 22 Lilius
736 1245 75 28 gjorda
826 1244 98 22 anmärk-

97 1275 77 26 ningen
195 1277 45 18 mot
262 1274 115 21 utskottets
401 1275 79 26 förslag
502 1275 91 20 rörande
610 1275 39 21 den
665 1274 34 21 del
721 1275 23 20 af
764 1273 159 22 bränvinsskat-

98 1305 41 24 ten,
161 1309 45 15 som
229 1303 68 21 skulle
319 1303 85 22 tillfalla
425 1303 161 21 kommunerna.
617 1303 48 21 Men
678 1303 37 27 jag
730 1309 34 14 ser
779 1303 44 26 mig
837 1307 52 16 vara
904 1301 21 21 af

97 1331 50 22 flere
167 1331 128 27 föregäende
310 1331 68 22 talare
393 1331 145 22 förekommen
554 1331 6 21 i
577 1331 36 22 det
628 1331 116 26 afseendet,
759 1331 7 21 i
781 1331 52 27 följd
848 1329 79 22 hvaraf

99 1361 39 20 den
160 1360 191 27 vederläggningen
374 1367 88 14 numera
482 1362 24 19 är
522 1360 128 27 öfverflödig.
683 1360 61 21 Hvad
759 1361 48 20 äter
823 1359 102 21 beträffar

97 1389 100 26 beloppet
212 1389 23 21 af
249 1389 39 21 den
305 1395 88 21 summa,
407 1395 46 15 som
468 1395 49 15 man
534 1389 38 20 har
588 1389 109 26 föreslagit
712 1391 32 18 att
758 1388 52 27 utgä
825 1387 32 22 till
864 1387 61 21 kom-

97 1423 108 21 munerna,
227 1417 24 22 sä
272 1417 68 22 skulle
359 1417 37 27 jag
418 1424 52 15 anse
493 1418 41 21 den
558 1423 52 15 vara
626 1417 65 27 nägot
705 1417 24 21 sä
744 1419 38 19 när
798 1417 69 26 lagom
883 1415 42 21 till-

97 1448 69 25 tagen.
196 1446 49 21 Men
267 1446 48 21 med
331 1446 98 21 afseende
444 1446 66 27 derpä
525 1447 31 20 att
572 1447 153 20 kommunerna
739 1446 8 21 i
761 1445 75 27 sjelfva
851 1444 74 21 verket

97 1475 63 20 hafva
182 1475 7 20 i
211 1475 106 21 materielt
339 1475 119 21 hänseende
481 1475 89 21 förlorat
585 1475 28 26 pä
636 1475 40 20 den
698 1481 29 14 nu
749 1474 96 27 gällande
862 1473 63 21 brän-

97 1503 327 27 vinsbränningslagstiftningen,
449 1509 75 20 genom
545 1504 37 20 det
597 1505 32 19 att
644 1503 26 21 de
685 1503 7 21 i
708 1504 11 20 7
736 1503 34 21 års
785 1503 32 21 tid
832 1502 47 21 haft
894 1502 31 20 in-

97 1538 40 21 gen
153 1532 117 27 ersättning
285 1531 33 22 för
333 1532 40 21 den
387 1531 129 27 jordegarne
530 1531 114 28 fräntagna
658 1531 129 27 rättigheten
801 1533 32 19 att
843 1530 83 21 bränna
