1117 1817
232 152 55 21 1274
459 160 162 18 Presteståndet
634 162 54 16 1872.
712 162 27 16 24
751 162 47 20 maj.

202 237 99 32 cipenligt
323 239 107 22 erfordras
452 240 28 27 ?/,
502 241 162 26 röstpluralitet,
689 242 26 26 på
739 241 36 22 det
790 243 33 19 att
837 240 191 30 stadsfullmägtige

201 266 46 21 icke
270 267 67 22 skulle
357 267 71 23 kunna
451 268 67 22 drifva
540 269 32 21 sin
595 269 49 27 vilja
666 270 82 27 igenom
765 272 58 19 emot
837 269 139 22 kommunens
991 269 37 22 all-

201 297 77 20 männa
294 295 74 27 beslut,
385 303 44 16 som
444 297 82 22 uttalar
540 298 32 27 sig
587 298 6 21 i
610 298 36 21 det
661 305 40 20 nya
717 299 62 21 valet.

269 363 51 22 Vice
342 367 73 24 pastor
437 365 168 28 Dahlberg:
628 367 49 21 Med
693 366 113 27 anledning
821 366 23 21 af
857 366 106 27 professor
978 365 47 22 Cle-

201 397 36 16 ves
251 393 106 26 yttrande,
373 394 36 21 vill
422 394 36 27 jag
473 394 56 22 blott
544 395 102 21 anmärka
662 397 32 20 att
709 395 60 22 dessa
780 395 189 26 stadsfullmägtige
980 394 46 22 icke

201 419 27 22 bo
249 423 58 19 utom
331 422 134 27 kommunen,
487 425 49 19 utan
560 423 73 27 sjelfva
651 426 37 19 äro
704 423 137 22 medlemmar
856 423 22 22 af
891 423 135 26 kommunen,

201 448 39 22 och
259 449 83 22 således
364 451 67 22 måste
454 452 70 21 känna
545 452 140 22 kommunens
708 452 84 27 opinion
809 452 39 21 och
865 452 89 27 mening.
984 452 42 21 Det

201 479 24 19 är
240 478 64 21 också
320 479 79 27 troligt,
414 482 32 19 att
458 480 26 22 de
501 487 22 15 se
538 481 140 22 kommunens
693 481 67 22 fördel
777 481 31 21 till
819 481 62 26 godo,
893 481 26 21 då
934 481 25 21 de
970 480 55 21 inom

201 505 48 22 kort
272 507 47 27 afgå
341 507 46 22 från
403 509 45 21 sina
464 509 80 27 platser
559 510 39 21 och
614 510 133 27 naturligtvis
763 509 65 22 sedan
844 509 21 22 få
880 509 96 28 uppbära
990 515 35 15 an-

201 534 70 27 tingen
288 536 48 21 tack
352 536 52 22 eller
419 538 69 21 otack.

269 599 147 28 Öfverläraren
439 606 149 23 Kihlman:
610 603 68 26 Äfven
697 608 38 26 jag
759 607 59 21 delar
841 607 39 21 den
903 607 60 26 åsigt,
979 612 46 15 som

200 631 39 22 har
261 633 88 22 uttalats
369 634 22 21 af
405 635 105 26 professor
526 635 110 26 Forsman,
653 638 32 19 att
700 636 104 27 nämligen
821 635 40 22 den
877 637 56 20 rätta
947 635 78 27 grund-

201 664 70 18 satsen
294 664 23 18 är
340 663 39 21 den
399 666 37 23 att,
452 671 33 14 om
502 664 35 21 lån
552 664 54 22 skall
622 667 109 25 upptagas,
749 665 24 21 så
788 664 39 21 bör
843 664 39 21 den
898 670 75 20 person
990 663 36 21 hö-

200 695 41 19 ras,
264 696 44 15 som
329 691 53 21 skall
399 692 69 21 betala
484 692 62 22 lånet.
579 693 74 21 Denna
668 694 114 26 grundsats
798 695 24 19 är
837 692 79 21 erkänd
933 692 38 21 och
987 692 39 21 har

199 718 56 26 gjort
278 719 31 25 sig
331 720 97 26 gällande
451 721 33 21 vid
508 721 157 27 lagstiftningen
685 725 14 17 t.
715 728 32 15 ex.
763 721 110 27 angående
889 720 69 28 bolag.
987 721 39 21 Ett

199 746 64 27 bolag
285 747 32 22 för
339 751 31 19 ett
392 749 120 22 industrielt
540 750 97 22 ändamål
654 750 140 22 öfverlemnar
809 750 48 21 hela
872 750 90 21 affärens
978 749 47 21 skö-

199 775 64 21 tande
285 776 22 21 åt
330 783 25 15 en
379 778 112 25 direktion,
514 779 39 21 och
570 779 68 21 denna
654 785 50 21 eger
719 779 6 21 i
741 779 26 21 de
783 778 54 22 allra
852 778 60 21 tlesta
927 778 36 21 fall
978 778 46 21 icke

199 803 56 22 blott
277 804 40 22 den
338 805 67 27 bästa,
428 809 50 19 utan
502 807 80 21 kanske
598 808 39 21 den
654 808 54 21 enda
723 807 148 21 kännedomen
887 813 33 15 om
937 806 87 26 affären;

199 838 47 15 men
263 833 66 26 gäller
344 834 36 22 det
395 836 134 26 upptagande
546 836 21 21 af
580 836 35 21 lån
630 835 33 22 för
678 836 97 27 bolagets
790 836 95 26 räkning,
901 837 24 19 är
941 836 35 20 det
988 835 38 21 all-

199 860 30 22 tid
244 861 135 23 föreskrifvet
394 867 32 18 att
441 864 59 22 detta
515 864 47 22 icke
577 864 32 22 får
624 864 38 22 ske
678 868 50 18 utan
744 866 33 20 att
794 864 148 21 aktionärerne
958 864 67 21 blifvit

199 888 73 23 hörda.
303 890 28 22 Så
351 894 24 19 är
397 893 188 21 stadskommunen
607 894 7 20 i
630 893 73 27 sjelfva
719 894 74 20 verket
809 895 30 19 ett
855 892 71 27 bolag;
943 892 39 22 och
998 892 27 22 då

198 917 35 22 lån
256 919 54 21 skall
333 923 103 24 upptagas
459 921 33 21 för
513 922 86 21 stadens
619 922 96 26 räkning,
731 928 63 21 synes
810 922 36 20 det
861 921 42 27 mig
916 928 49 14 vara
980 923 44 19 rätt

199 949 33 18 att
252 948 187 23 stadskommunen
463 950 67 21 höres.
562 950 39 22 Om
624 957 49 15 man
696 950 45 22 icke
765 950 42 21 kan
823 950 144 26 genomdrifva
983 950 40 20 den

198 975 61 27 åsigt,
282 982 45 16 som
352 977 22 21 af
388 978 72 22 rektor
474 978 106 22 Rosendal
597 979 94 25 uttalats,
707 979 106 27 nämligen
829 981 32 19 att
877 978 63 21 saken
957 978 67 22 skulle

198 1003 125 28 hänskjutas
348 1006 31 21 till
396 1007 175 24 rådhusstämma,
588 1008 35 20 vill
636 1008 37 26 iag
689 1008 96 21 deremot
801 1008 128 20 åtminstone
943 1007 81 27 påyrka

199 1032 36 21 det
255 1039 46 15 som
324 1034 38 22 har
385 1038 67 19 mesta
473 1036 65 26 utsigt
561 1036 32 21 för
615 1036 32 27 sig
670 1039 31 19 att
723 1037 27 26 gå
765 1036 91 26 igenom,
872 1035 105 27 nämligen
992 1037 33 19 att

198 1061 202 29 stadsfullmägtiges
418 1064 57 21 antal
491 1064 51 22 ökas
559 1065 45 24 och,
621 1071 34 15 om
671 1065 88 27 möjligt,
775 1064 60 22 äfven
851 1065 27 25 2/;
894 1063 129 27 röstplurali-

198 1091 31 19 tet
243 1090 90 27 fordras,
350 1092 33 21 för
398 1095 32 19 att
445 1092 59 22 bifall
520 1092 31 22 till
566 1093 100 27 förslaget
682 1094 54 21 skall
753 1099 62 15 anses
831 1093 74 27 giltigt.

267 1153 111 23 Professor
399 1156 104 21 Cleve:
526 1157 41 26 Jag
589 1157 39 21 har
650 1156 116 27 ingalunda
788 1155 104 26 förbisett,
911 1157 32 20 att
957 1155 68 21 stads-

197 1181 131 28 fullmägtige
353 1184 64 21 också
442 1187 36 19 äro
504 1185 137 22 medlemmar
668 1185 21 22 af
712 1185 195 24 stadskommunen,
927 1189 47 16 men
989 1183 36 22 det

197 1210 62 21 torde
275 1211 46 22 icke
337 1212 105 23 erfordras
458 1214 86 27 mycken
562 1214 120 21 erfarenhet
697 1214 22 21 af
733 1214 59 21 lifvet
807 1213 32 21 för
855 1215 32 19 att
901 1213 72 31 kunna
982 1211 42 22 för-

197 1241 53 22 utse,
272 1241 32 19 att
319 1241 90 21 emellan
421 1242 190 27 stadsfullmägtige
627 1243 40 21 och
682 1243 87 21 stadens
784 1241 166 26 skattdragande
966 1241 58 20 invå-

197 1272 51 16 nare
271 1268 109 26 lätteligen
396 1270 93 22 utbildar
504 1271 31 26 sig
551 1273 31 19 ett
596 1271 132 21 förhållande
744 1270 22 22 af
781 1270 100 27 styrande
897 1269 38 22 och
951 1269 72 27 styrda

197 1295 40 21 och
259 1299 33 18 att
312 1297 90 22 sålunda
424 1299 64 22 också
509 1299 47 22 med
580 1299 98 22 afseende
693 1301 13 20 &
721 1299 88 22 stadens
824 1298 87 27 utgifter
927 1304 25 20 en
967 1297 57 22 olika

197 1325 106 26 synpunkt
326 1326 42 22 kan
391 1329 51 24 göra
464 1328 31 27 sig
510 1328 98 27 gällande
623 1328 39 21 hos
676 1327 192 26 stadsfullmägtige
883 1327 39 21 och
938 1326 86 32 stadens

196 1352 107 23 invånare.
334 1355 32 21 De
389 1355 56 22 förra
468 1359 36 18 äro
527 1357 133 26 naturligtvis
681 1356 143 22 intresserade
844 1355 21 22 af
879 1357 32 19 att
926 1357 51 24 göra
992 1360 32 15 sin

193 1381 92 26 styrelse
307 1383 24 21 så
353 1383 88 28 lysande
459 1391 45 15 som
520 1385 81 27 möjligt
616 1391 76 21 genom
707 1387 32 20 att
755 1385 86 26 vidtaga
856 1383 112 22 allehanda
982 1383 42 21 för-

197 1408 119 29 bättringar
339 1412 39 21 och
401 1413 103 26 storverk,
527 1417 51 18 utan
601 1417 32 18 att
655 1414 60 21 alltid
736 1413 68 22 tänka
821 1413 28 27 på
863 1412 56 21 hvad
935 1412 36 21 det
984 1411 40 21 ko-

193 1439 48 20 star
255 1439 82 22 staden.

266 1468 111 27 Härjemte
399 1470 63 21 utber
479 1470 37 27 jag
538 1471 43 26 mig
603 1473 32 20 att
650 1473 56 20 ännu
721 1471 21 22 få
757 1470 60 28 yrka,
834 1472 31 19 att
881 1469 99 26 antingen
995 1468 28 27 2/;

196 1496 155 26 röstpluralitet
366 1498 54 22 skall
436 1499 106 22 erfordras
553 1499 53 22 eller
616 1499 46 27 ock,
673 1499 82 22 hvilket
763 1499 37 27 jag
811 1504 62 16 anser
883 1504 52 15 vara
947 1497 76 32 bättre,

196 1525 82 21 antalet
300 1526 23 21 af
336 1527 192 28 stadsfullmägtige
543 1528 51 21 ökas
610 1528 31 21 till
657 1527 89 22 dubbelt
763 1527 40 22 'och
818 1527 61 22 enkel
895 1525 129 28 röstplurali-

195 1555 32 18 tet
242 1553 28 21 dä
285 1560 51 16 vara
351 1555 121 27 afgörande.
