<?xml version="1.0" encoding="UTF-8"?>
<alto xmlns="http://www.loc.gov/standards/alto/ns-v3#" xmlns:xlink="http://www.w3.org/1999/xlink" xmlns:xsi="http://www.w3.org/2001/XMLSchema-instance" xsi:schemaLocation="http://www.loc.gov/standards/alto/ns-v3# http://www.loc.gov/alto/v3/alto-3-0.xsd">
	<Description>
		<MeasurementUnit>pixel</MeasurementUnit>
		<sourceImageInformation>
			<fileName>/tmp/tess_317i5upi_input.PNG</fileName>
		</sourceImageInformation>
		<OCRProcessing ID="OCR_0">
			<ocrProcessingStep>
				<processingSoftware>
					<softwareName>tesseract 5.3.4</softwareName>
				</processingSoftware>
			</ocrProcessingStep>
		</OCRProcessing>
	</Description>
	<Layout>
		<Page WIDTH="1117" HEIGHT="1817" PHYSICAL_IMG_NR="0" ID="page_0">
			<PrintSpace HPOS="0" VPOS="0" WIDTH="1117" HEIGHT="1817">
				<ComposedBlock ID="cblock_0" HPOS="333" VPOS="137" WIDTH="548" HEIGHT="27">
					<TextBlock ID="block_0" HPOS="333" VPOS="137" WIDTH="548" HEIGHT="27">
						<TextLine ID="line_0" HPOS="333" VPOS="137" WIDTH="548" HEIGHT="27">
							<String ID="string_0" HPOS="333" VPOS="142" WIDTH="161" HEIGHT="18" WC="0.90" CONTENT="Presteståndet"/><SP WIDTH="12" VPOS="142" HPOS="494"/>
							<String ID="string_1" HPOS="506" VPOS="144" WIDTH="56" HEIGHT="16" WC="0.96" CONTENT="1872."/><SP WIDTH="28" VPOS="144" HPOS="562"/>
							<String ID="string_2" HPOS="590" VPOS="144" WIDTH="12" HEIGHT="16" WC="0.91" CONTENT="3"/><SP WIDTH="11" VPOS="144" HPOS="602"/>
							<String ID="string_3" HPOS="613" VPOS="143" WIDTH="52" HEIGHT="21" WC="0.83" CONTENT="juni."/><SP WIDTH="160" VPOS="143" HPOS="665"/>
							<String ID="string_4" HPOS="825" VPOS="137" WIDTH="56" HEIGHT="21" WC="0.95" CONTENT="1533"/>
						</TextLine>
					</TextBlock>
				</ComposedBlock>
				<GraphicalElement ID="cblock_1" HPOS="83" VPOS="176" WIDTH="826" HEIGHT="4"></GraphicalElement >
				<ComposedBlock ID="cblock_2" HPOS="151" VPOS="216" WIDTH="365" HEIGHT="83">
					<TextBlock ID="block_1" HPOS="151" VPOS="216" WIDTH="365" HEIGHT="83">
						<TextLine ID="line_1" HPOS="151" VPOS="216" WIDTH="365" HEIGHT="27">
							<String ID="string_5" HPOS="151" VPOS="216" WIDTH="100" HEIGHT="21" WC="0.96" CONTENT="Härefter"/><SP WIDTH="14" VPOS="216" HPOS="251"/>
							<String ID="string_6" HPOS="265" VPOS="216" WIDTH="143" HEIGHT="21" WC="0.78" CONTENT="framställdes"/><SP WIDTH="15" VPOS="216" HPOS="408"/>
							<String ID="string_7" HPOS="423" VPOS="216" WIDTH="93" HEIGHT="27" WC="0.95" CONTENT="följande"/>
						</TextLine>
						<TextLine ID="line_2" HPOS="152" VPOS="272" WIDTH="147" HEIGHT="27">
							<String ID="string_8" HPOS="152" VPOS="272" WIDTH="135" HEIGHT="27" WC="0.86" CONTENT="Proposition"/><SP WIDTH="8" VPOS="272" HPOS="287"/>
							<String ID="string_9" HPOS="295" VPOS="280" WIDTH="4" HEIGHT="13" WC="0.86" CONTENT=":"/>
						</TextLine>
					</TextBlock>
				</ComposedBlock>
				<ComposedBlock ID="cblock_3" HPOS="83" VPOS="329" WIDTH="826" HEIGHT="141">
					<TextBlock ID="block_2" HPOS="83" VPOS="329" WIDTH="826" HEIGHT="141">
						<TextLine ID="line_3" HPOS="151" VPOS="329" WIDTH="757" HEIGHT="28">
							<String ID="string_10" HPOS="151" VPOS="329" WIDTH="41" HEIGHT="21" WC="0.96" CONTENT="Vill"/><SP WIDTH="16" VPOS="329" HPOS="192"/>
							<String ID="string_11" HPOS="208" VPOS="329" WIDTH="85" HEIGHT="21" WC="0.93" CONTENT="ståndet"/><SP WIDTH="15" VPOS="329" HPOS="293"/>
							<String ID="string_12" HPOS="308" VPOS="329" WIDTH="71" HEIGHT="27" WC="0.92" CONTENT="afböja"/><SP WIDTH="15" VPOS="329" HPOS="379"/>
							<String ID="string_13" HPOS="394" VPOS="330" WIDTH="160" HEIGHT="27" WC="0.93" CONTENT="ifrågavarande"/><SP WIDTH="13" VPOS="330" HPOS="554"/>
							<String ID="string_14" HPOS="567" VPOS="330" WIDTH="133" HEIGHT="33" WC="0.92" CONTENT="inbjudning,"/><SP WIDTH="17" VPOS="330" HPOS="700"/>
							<String ID="string_15" HPOS="717" VPOS="329" WIDTH="52" HEIGHT="22" WC="0.95" CONTENT="eller"/><SP WIDTH="17" VPOS="329" HPOS="769"/>
							<String ID="string_16" HPOS="786" VPOS="329" WIDTH="61" HEIGHT="22" WC="0.96" CONTENT="icke?"/><SP WIDTH="16" VPOS="329" HPOS="847"/>
							<String ID="string_17" HPOS="863" VPOS="330" WIDTH="45" HEIGHT="21" WC="0.96" CONTENT="Den"/>
						</TextLine>
						<TextLine ID="line_4" HPOS="85" VPOS="357" WIDTH="824" HEIGHT="29">
							<String ID="string_18" HPOS="85" VPOS="363" WIDTH="45" HEIGHT="15" WC="0.96" CONTENT="som"/><SP WIDTH="23" VPOS="363" HPOS="130"/>
							<String ID="string_19" HPOS="153" VPOS="357" WIDTH="35" HEIGHT="21" WC="0.93" CONTENT="vill"/><SP WIDTH="23" VPOS="357" HPOS="188"/>
							<String ID="string_20" HPOS="211" VPOS="357" WIDTH="71" HEIGHT="33" WC="0.92" CONTENT="afböja"/><SP WIDTH="22" VPOS="357" HPOS="282"/>
							<String ID="string_21" HPOS="304" VPOS="358" WIDTH="157" HEIGHT="27" WC="0.91" CONTENT="inbjudningen,"/><SP WIDTH="17" VPOS="358" HPOS="461"/>
							<String ID="string_22" HPOS="478" VPOS="365" WIDTH="73" HEIGHT="15" WC="0.96" CONTENT="svarar"/><SP WIDTH="12" VPOS="365" HPOS="551"/>
							<String ID="string_23" HPOS="563" VPOS="359" WIDTH="29" HEIGHT="27" WC="0.96" CONTENT="ja,"/><SP WIDTH="16" VPOS="359" HPOS="592"/>
							<String ID="string_24" HPOS="608" VPOS="359" WIDTH="40" HEIGHT="21" WC="0.97" CONTENT="den"/><SP WIDTH="18" VPOS="359" HPOS="648"/>
							<String ID="string_25" HPOS="666" VPOS="359" WIDTH="35" HEIGHT="21" WC="0.96" CONTENT="det"/><SP WIDTH="15" VPOS="359" HPOS="701"/>
							<String ID="string_26" HPOS="716" VPOS="359" WIDTH="46" HEIGHT="21" WC="0.95" CONTENT="icke"/><SP WIDTH="16" VPOS="359" HPOS="762"/>
							<String ID="string_27" HPOS="778" VPOS="358" WIDTH="42" HEIGHT="26" WC="0.96" CONTENT="vill,"/><SP WIDTH="17" VPOS="358" HPOS="820"/>
							<String ID="string_28" HPOS="837" VPOS="364" WIDTH="72" HEIGHT="15" WC="0.96" CONTENT="svarar"/>
						</TextLine>
						<TextLine ID="line_5" HPOS="83" VPOS="371" WIDTH="826" HEIGHT="53">
							<String ID="string_29" HPOS="83" VPOS="386" WIDTH="39" HEIGHT="26" WC="0.96" CONTENT="nej."/><SP WIDTH="16" VPOS="386" HPOS="122"/>
							<String ID="string_30" HPOS="138" VPOS="386" WIDTH="79" HEIGHT="21" WC="0.96" CONTENT="Vinner"/><SP WIDTH="15" VPOS="386" HPOS="217"/>
							<String ID="string_31" HPOS="232" VPOS="387" WIDTH="40" HEIGHT="26" WC="0.93" CONTENT="nej,"/><SP WIDTH="17" VPOS="387" HPOS="272"/>
							<String ID="string_32" HPOS="289" VPOS="387" WIDTH="166" HEIGHT="21" WC="0.93" CONTENT="äterremitteras"/><SP WIDTH="16" VPOS="387" HPOS="455"/>
							<String ID="string_33" HPOS="471" VPOS="387" WIDTH="11" HEIGHT="28" WC="0.91" CONTENT="$"/><SP WIDTH="17" VPOS="387" HPOS="482"/>
							<String ID="string_34" HPOS="499" VPOS="389" WIDTH="12" HEIGHT="20" WC="0.96" CONTENT="7"/><SP WIDTH="13" VPOS="389" HPOS="511"/>
							<String ID="string_35" HPOS="524" VPOS="387" WIDTH="6" HEIGHT="21" WC="0.92" CONTENT="i"/><SP WIDTH="20" VPOS="387" HPOS="530"/>
							<String ID="string_36" HPOS="550" VPOS="371" WIDTH="359" HEIGHT="53" WC="0.81" CONTENT="kommunalförfatttningsförslaget"/>
						</TextLine>
						<TextLine ID="line_6" HPOS="83" VPOS="414" WIDTH="826" HEIGHT="28">
							<String ID="string_37" HPOS="83" VPOS="414" WIDTH="31" HEIGHT="21" WC="0.93" CONTENT="till"/><SP WIDTH="17" VPOS="414" HPOS="114"/>
							<String ID="string_38" HPOS="131" VPOS="415" WIDTH="233" HEIGHT="26" WC="0.92" CONTENT="kommunalutskottet,"/><SP WIDTH="16" VPOS="415" HPOS="364"/>
							<String ID="string_39" HPOS="380" VPOS="416" WIDTH="33" HEIGHT="21" WC="0.96" CONTENT="för"/><SP WIDTH="15" VPOS="416" HPOS="413"/>
							<String ID="string_40" HPOS="428" VPOS="418" WIDTH="31" HEIGHT="19" WC="0.93" CONTENT="att"/><SP WIDTH="17" VPOS="418" HPOS="459"/>
							<String ID="string_41" HPOS="476" VPOS="415" WIDTH="160" HEIGHT="22" WC="0.91" CONTENT="omformuleras"/><SP WIDTH="16" VPOS="415" HPOS="636"/>
							<String ID="string_42" HPOS="652" VPOS="416" WIDTH="6" HEIGHT="21" WC="0.96" CONTENT="i"/><SP WIDTH="17" VPOS="416" HPOS="658"/>
							<String ID="string_43" HPOS="675" VPOS="416" WIDTH="35" HEIGHT="21" WC="0.97" CONTENT="det"/><SP WIDTH="16" VPOS="416" HPOS="710"/>
							<String ID="string_44" HPOS="726" VPOS="416" WIDTH="22" HEIGHT="21" WC="0.93" CONTENT="af"/><SP WIDTH="13" VPOS="416" HPOS="748"/>
							<String ID="string_45" HPOS="761" VPOS="415" WIDTH="148" HEIGHT="27" WC="0.93" CONTENT="borgarestän-"/>
						</TextLine>
						<TextLine ID="line_7" HPOS="84" VPOS="443" WIDTH="243" HEIGHT="27">
							<String ID="string_46" HPOS="84" VPOS="443" WIDTH="35" HEIGHT="21" WC="0.96" CONTENT="det"/><SP WIDTH="15" VPOS="443" HPOS="119"/>
							<String ID="string_47" HPOS="134" VPOS="443" WIDTH="118" HEIGHT="27" WC="0.96" CONTENT="föreslagna"/><SP WIDTH="15" VPOS="443" HPOS="252"/>
							<String ID="string_48" HPOS="267" VPOS="443" WIDTH="60" HEIGHT="27" WC="0.96" CONTENT="syfte."/>
						</TextLine>
					</TextBlock>
				</ComposedBlock>
				<ComposedBlock ID="cblock_4" HPOS="152" VPOS="500" WIDTH="434" HEIGHT="28">
					<TextBlock ID="block_3" HPOS="152" VPOS="500" WIDTH="434" HEIGHT="28">
						<TextLine ID="line_8" HPOS="152" VPOS="500" WIDTH="434" HEIGHT="28">
							<String ID="string_49" HPOS="152" VPOS="500" WIDTH="130" HEIGHT="21" WC="0.92" CONTENT="Besvarades"/><SP WIDTH="16" VPOS="500" HPOS="282"/>
							<String ID="string_50" HPOS="298" VPOS="501" WIDTH="47" HEIGHT="21" WC="0.96" CONTENT="med"/><SP WIDTH="17" VPOS="501" HPOS="345"/>
							<String ID="string_51" HPOS="362" VPOS="501" WIDTH="27" HEIGHT="21" WC="0.96" CONTENT="22"/><SP WIDTH="14" VPOS="501" HPOS="389"/>
							<String ID="string_52" HPOS="403" VPOS="501" WIDTH="29" HEIGHT="27" WC="0.96" CONTENT="ja"/><SP WIDTH="16" VPOS="501" HPOS="432"/>
							<String ID="string_53" HPOS="448" VPOS="501" WIDTH="38" HEIGHT="22" WC="0.96" CONTENT="och"/><SP WIDTH="18" VPOS="501" HPOS="486"/>
							<String ID="string_54" HPOS="504" VPOS="502" WIDTH="25" HEIGHT="21" WC="0.96" CONTENT="13"/><SP WIDTH="16" VPOS="502" HPOS="529"/>
							<String ID="string_55" HPOS="545" VPOS="501" WIDTH="41" HEIGHT="27" WC="0.96" CONTENT="nej."/>
						</TextLine>
					</TextBlock>
				</ComposedBlock>
				<ComposedBlock ID="cblock_5" HPOS="84" VPOS="557" WIDTH="825" HEIGHT="57">
					<TextBlock ID="block_4" HPOS="84" VPOS="557" WIDTH="825" HEIGHT="57">
						<TextLine ID="line_9" HPOS="152" VPOS="557" WIDTH="757" HEIGHT="27">
							<String ID="string_56" HPOS="152" VPOS="557" WIDTH="153" HEIGHT="27" WC="0.92" CONTENT="Inbjudningen"/><SP WIDTH="17" VPOS="557" HPOS="305"/>
							<String ID="string_57" HPOS="322" VPOS="557" WIDTH="45" HEIGHT="22" WC="0.92" CONTENT="blef"/><SP WIDTH="13" VPOS="557" HPOS="367"/>
							<String ID="string_58" HPOS="380" VPOS="558" WIDTH="81" HEIGHT="21" WC="0.93" CONTENT="säledes"/><SP WIDTH="16" VPOS="558" HPOS="461"/>
							<String ID="string_59" HPOS="477" VPOS="558" WIDTH="21" HEIGHT="21" WC="0.93" CONTENT="af"/><SP WIDTH="14" VPOS="558" HPOS="498"/>
							<String ID="string_60" HPOS="512" VPOS="559" WIDTH="85" HEIGHT="21" WC="0.92" CONTENT="ständet"/><SP WIDTH="16" VPOS="559" HPOS="597"/>
							<String ID="string_61" HPOS="613" VPOS="557" WIDTH="80" HEIGHT="27" WC="0.91" CONTENT="afböjd,"/><SP WIDTH="12" VPOS="557" HPOS="693"/>
							<String ID="string_62" HPOS="705" VPOS="557" WIDTH="86" HEIGHT="22" WC="0.92" CONTENT="hvarom"/><SP WIDTH="14" VPOS="557" HPOS="791"/>
							<String ID="string_63" HPOS="805" VPOS="557" WIDTH="104" HEIGHT="22" WC="0.91" CONTENT="medstän-"/>
						</TextLine>
						<TextLine ID="line_10" HPOS="84" VPOS="585" WIDTH="823" HEIGHT="29">
							<String ID="string_64" HPOS="84" VPOS="585" WIDTH="40" HEIGHT="22" WC="0.95" CONTENT="den"/><SP WIDTH="23" VPOS="585" HPOS="124"/>
							<String ID="string_65" HPOS="147" VPOS="586" WIDTH="38" HEIGHT="21" WC="0.90" CONTENT="och"/><SP WIDTH="23" VPOS="586" HPOS="185"/>
							<String ID="string_66" HPOS="208" VPOS="586" WIDTH="227" HEIGHT="22" WC="0.91" CONTENT="kommunalutskottet"/><SP WIDTH="17" VPOS="586" HPOS="435"/>
							<String ID="string_67" HPOS="452" VPOS="587" WIDTH="65" HEIGHT="21" WC="0.96" CONTENT="borde"/><SP WIDTH="16" VPOS="587" HPOS="517"/>
							<String ID="string_68" HPOS="533" VPOS="587" WIDTH="6" HEIGHT="21" WC="0.93" CONTENT="i"/><SP WIDTH="16" VPOS="587" HPOS="539"/>
							<String ID="string_69" HPOS="555" VPOS="587" WIDTH="197" HEIGHT="27" WC="0.87" CONTENT="protokollsutdrag"/><SP WIDTH="16" VPOS="587" HPOS="752"/>
							<String ID="string_70" HPOS="768" VPOS="587" WIDTH="139" HEIGHT="20" WC="0.93" CONTENT="underrättas."/>
						</TextLine>
					</TextBlock>
				</ComposedBlock>
				<ComposedBlock ID="cblock_6" HPOS="84" VPOS="712" WIDTH="825" HEIGHT="112">
					<TextBlock ID="block_5" HPOS="84" VPOS="712" WIDTH="825" HEIGHT="112">
						<TextLine ID="line_11" HPOS="152" VPOS="712" WIDTH="757" HEIGHT="27">
							<String ID="string_71" HPOS="152" VPOS="712" WIDTH="119" HEIGHT="21" WC="0.92" CONTENT="Fortsattes"/><SP WIDTH="17" VPOS="712" HPOS="271"/>
							<String ID="string_72" HPOS="288" VPOS="712" WIDTH="47" HEIGHT="21" WC="0.96" CONTENT="med"/><SP WIDTH="17" VPOS="712" HPOS="335"/>
							<String ID="string_73" HPOS="352" VPOS="712" WIDTH="39" HEIGHT="21" WC="0.96" CONTENT="den"/><SP WIDTH="17" VPOS="712" HPOS="391"/>
							<String ID="string_74" HPOS="408" VPOS="712" WIDTH="34" HEIGHT="21" WC="0.93" CONTENT="vid"/><SP WIDTH="15" VPOS="712" HPOS="442"/>
							<String ID="string_75" HPOS="457" VPOS="712" WIDTH="129" HEIGHT="26" WC="0.92" CONTENT="förmiddags"/><SP WIDTH="16" VPOS="712" HPOS="586"/>
							<String ID="string_76" HPOS="602" VPOS="712" WIDTH="84" HEIGHT="27" WC="0.92" CONTENT="plenum"/><SP WIDTH="19" VPOS="712" HPOS="686"/>
							<String ID="string_77" HPOS="705" VPOS="712" WIDTH="98" HEIGHT="22" WC="0.91" CONTENT="afbrutna"/><SP WIDTH="19" VPOS="712" HPOS="803"/>
							<String ID="string_78" HPOS="822" VPOS="712" WIDTH="87" HEIGHT="26" WC="0.92" CONTENT="gransk-"/>
						</TextLine>
						<TextLine ID="line_12" HPOS="84" VPOS="740" WIDTH="825" HEIGHT="27">
							<String ID="string_79" HPOS="84" VPOS="740" WIDTH="76" HEIGHT="26" WC="0.91" CONTENT="ningen"/><SP WIDTH="23" VPOS="740" HPOS="160"/>
							<String ID="string_80" HPOS="183" VPOS="740" WIDTH="22" HEIGHT="21" WC="0.93" CONTENT="af"/><SP WIDTH="21" VPOS="740" HPOS="205"/>
							<String ID="string_81" HPOS="226" VPOS="740" WIDTH="240" HEIGHT="27" WC="0.89" CONTENT="bevillningsutskottets"/><SP WIDTH="23" VPOS="740" HPOS="466"/>
							<String ID="string_82" HPOS="489" VPOS="740" WIDTH="135" HEIGHT="22" WC="0.92" CONTENT="betänkande"/><SP WIDTH="22" VPOS="740" HPOS="624"/>
							<String ID="string_83" HPOS="646" VPOS="741" WIDTH="6" HEIGHT="21" WC="0.93" CONTENT="i"/><SP WIDTH="23" VPOS="741" HPOS="652"/>
							<String ID="string_84" HPOS="675" VPOS="740" WIDTH="112" HEIGHT="27" WC="0.92" CONTENT="anledning"/><SP WIDTH="24" VPOS="740" HPOS="787"/>
							<String ID="string_85" HPOS="811" VPOS="741" WIDTH="21" HEIGHT="21" WC="0.96" CONTENT="af"/><SP WIDTH="19" VPOS="741" HPOS="832"/>
							<String ID="string_86" HPOS="851" VPOS="740" WIDTH="58" HEIGHT="22" WC="0.96" CONTENT="Hans"/>
						</TextLine>
						<TextLine ID="line_13" HPOS="84" VPOS="768" WIDTH="825" HEIGHT="28">
							<String ID="string_87" HPOS="84" VPOS="768" WIDTH="117" HEIGHT="28" WC="0.90" CONTENT="Kejserliga"/><SP WIDTH="24" VPOS="768" HPOS="201"/>
							<String ID="string_88" HPOS="225" VPOS="768" WIDTH="110" HEIGHT="27" WC="0.90" CONTENT="Majestäts"/><SP WIDTH="23" VPOS="768" HPOS="335"/>
							<String ID="string_89" HPOS="358" VPOS="769" WIDTH="76" HEIGHT="27" WC="0.92" CONTENT="nädiga"/><SP WIDTH="23" VPOS="769" HPOS="434"/>
							<String ID="string_90" HPOS="457" VPOS="769" WIDTH="138" HEIGHT="27" WC="0.93" CONTENT="proposition,"/><SP WIDTH="26" VPOS="769" HPOS="595"/>
							<String ID="string_91" HPOS="621" VPOS="770" WIDTH="108" HEIGHT="26" WC="0.92" CONTENT="angäende"/><SP WIDTH="16" VPOS="770" HPOS="729"/>
							<String ID="string_92" HPOS="745" VPOS="776" WIDTH="27" HEIGHT="20" WC="0.93" CONTENT="ny"/><SP WIDTH="15" VPOS="776" HPOS="772"/>
							<String ID="string_93" HPOS="787" VPOS="768" WIDTH="122" HEIGHT="27" WC="0.92" CONTENT="förordning"/>
						</TextLine>
						<TextLine ID="line_14" HPOS="86" VPOS="797" WIDTH="465" HEIGHT="27">
							<String ID="string_94" HPOS="86" VPOS="803" WIDTH="34" HEIGHT="15" WC="0.93" CONTENT="om"/><SP WIDTH="12" VPOS="803" HPOS="120"/>
							<String ID="string_95" HPOS="132" VPOS="797" WIDTH="183" HEIGHT="27" WC="0.92" CONTENT="stämpelpappers"/><SP WIDTH="15" VPOS="797" HPOS="315"/>
							<String ID="string_96" HPOS="330" VPOS="797" WIDTH="86" HEIGHT="27" WC="0.92" CONTENT="afgiften"/><SP WIDTH="16" VPOS="797" HPOS="416"/>
							<String ID="string_97" HPOS="432" VPOS="798" WIDTH="6" HEIGHT="20" WC="0.96" CONTENT="i"/><SP WIDTH="16" VPOS="798" HPOS="438"/>
							<String ID="string_98" HPOS="454" VPOS="798" WIDTH="97" HEIGHT="22" WC="0.93" CONTENT="Finland."/>
						</TextLine>
					</TextBlock>
				</ComposedBlock>
				<ComposedBlock ID="cblock_7" HPOS="153" VPOS="854" WIDTH="246" HEIGHT="22">
					<TextBlock ID="block_6" HPOS="153" VPOS="854" WIDTH="246" HEIGHT="22">
						<TextLine ID="line_15" HPOS="153" VPOS="854" WIDTH="246" HEIGHT="22">
							<String ID="string_99" HPOS="153" VPOS="854" WIDTH="68" HEIGHT="22" WC="0.92" CONTENT="Ordet"/><SP WIDTH="15" VPOS="854" HPOS="221"/>
							<String ID="string_100" HPOS="236" VPOS="854" WIDTH="95" HEIGHT="22" WC="0.93" CONTENT="tillsades"/><SP WIDTH="15" VPOS="854" HPOS="331"/>
							<String ID="string_101" HPOS="346" VPOS="854" WIDTH="53" HEIGHT="22" WC="0.96" CONTENT="först"/>
						</TextLine>
					</TextBlock>
				</ComposedBlock>
				<ComposedBlock ID="cblock_8" HPOS="84" VPOS="910" WIDTH="827" HEIGHT="427">
					<TextBlock ID="block_7" HPOS="84" VPOS="910" WIDTH="827" HEIGHT="427">
						<TextLine ID="line_16" HPOS="154" VPOS="910" WIDTH="755" HEIGHT="29">
							<String ID="string_102" HPOS="154" VPOS="910" WIDTH="153" HEIGHT="28" WC="0.92" CONTENT="Kyrkoherden"/><SP WIDTH="24" VPOS="910" HPOS="307"/>
							<String ID="string_103" HPOS="331" VPOS="911" WIDTH="156" HEIGHT="27" WC="0.95" CONTENT="Snellman,"/><SP WIDTH="17" VPOS="911" HPOS="487"/>
							<String ID="string_104" HPOS="504" VPOS="918" WIDTH="44" HEIGHT="15" WC="0.92" CONTENT="som"/><SP WIDTH="28" VPOS="918" HPOS="548"/>
							<String ID="string_105" HPOS="576" VPOS="912" WIDTH="94" HEIGHT="27" WC="0.92" CONTENT="yttrade:"/><SP WIDTH="38" VPOS="912" HPOS="670"/>
							<String ID="string_106" HPOS="708" VPOS="912" WIDTH="41" HEIGHT="26" WC="0.96" CONTENT="Jag"/><SP WIDTH="20" VPOS="912" HPOS="749"/>
							<String ID="string_107" HPOS="769" VPOS="911" WIDTH="68" HEIGHT="22" WC="0.93" CONTENT="skulle"/><SP WIDTH="22" VPOS="911" HPOS="837"/>
							<String ID="string_108" HPOS="859" VPOS="917" WIDTH="50" HEIGHT="15" WC="0.93" CONTENT="anse"/>
						</TextLine>
						<TextLine ID="line_17" HPOS="87" VPOS="939" WIDTH="822" HEIGHT="28">
							<String ID="string_109" HPOS="87" VPOS="941" WIDTH="37" HEIGHT="24" WC="0.94" CONTENT="att,"/><SP WIDTH="23" VPOS="941" HPOS="124"/>
							<String ID="string_110" HPOS="147" VPOS="939" WIDTH="65" HEIGHT="21" WC="0.96" CONTENT="sedan"/><SP WIDTH="24" VPOS="939" HPOS="212"/>
							<String ID="string_111" HPOS="236" VPOS="940" WIDTH="35" HEIGHT="20" WC="0.96" CONTENT="det"/><SP WIDTH="12" VPOS="940" HPOS="271"/>
							<String ID="string_112" HPOS="283" VPOS="940" WIDTH="38" HEIGHT="27" WC="0.90" CONTENT="pä"/><SP WIDTH="22" VPOS="940" HPOS="321"/>
							<String ID="string_113" HPOS="343" VPOS="940" WIDTH="144" HEIGHT="26" WC="0.96" CONTENT="förmiddagen"/><SP WIDTH="16" VPOS="940" HPOS="487"/>
							<String ID="string_114" HPOS="503" VPOS="940" WIDTH="67" HEIGHT="21" WC="0.87" CONTENT="blifvit"/><SP WIDTH="16" VPOS="940" HPOS="570"/>
							<String ID="string_115" HPOS="586" VPOS="940" WIDTH="93" HEIGHT="21" WC="0.96" CONTENT="beslutat"/><SP WIDTH="16" VPOS="940" HPOS="679"/>
							<String ID="string_116" HPOS="695" VPOS="943" WIDTH="32" HEIGHT="18" WC="0.97" CONTENT="att"/><SP WIDTH="15" VPOS="943" HPOS="727"/>
							<String ID="string_117" HPOS="742" VPOS="940" WIDTH="90" HEIGHT="21" WC="0.93" CONTENT="särskild"/><SP WIDTH="15" VPOS="940" HPOS="832"/>
							<String ID="string_118" HPOS="847" VPOS="940" WIDTH="62" HEIGHT="21" WC="0.92" CONTENT="redo-"/>
						</TextLine>
						<TextLine ID="line_18" HPOS="86" VPOS="968" WIDTH="823" HEIGHT="27">
							<String ID="string_119" HPOS="86" VPOS="968" WIDTH="87" HEIGHT="26" WC="0.93" CONTENT="visning,"/><SP WIDTH="23" VPOS="968" HPOS="173"/>
							<String ID="string_120" HPOS="196" VPOS="969" WIDTH="68" HEIGHT="20" WC="0.92" CONTENT="säsom"/><SP WIDTH="22" VPOS="969" HPOS="264"/>
							<String ID="string_121" HPOS="286" VPOS="968" WIDTH="33" HEIGHT="21" WC="0.93" CONTENT="för"/><SP WIDTH="23" VPOS="968" HPOS="319"/>
							<String ID="string_122" HPOS="342" VPOS="968" WIDTH="199" HEIGHT="27" WC="0.90" CONTENT="bevillningsmedel,"/><SP WIDTH="21" VPOS="968" HPOS="541"/>
							<String ID="string_123" HPOS="562" VPOS="968" WIDTH="54" HEIGHT="22" WC="0.93" CONTENT="skall"/><SP WIDTH="22" VPOS="968" HPOS="616"/>
							<String ID="string_124" HPOS="638" VPOS="968" WIDTH="88" HEIGHT="27" WC="0.93" CONTENT="afgifvas"/><SP WIDTH="21" VPOS="968" HPOS="726"/>
							<String ID="string_125" HPOS="747" VPOS="968" WIDTH="31" HEIGHT="22" WC="0.93" CONTENT="för"/><SP WIDTH="16" VPOS="968" HPOS="778"/>
							<String ID="string_126" HPOS="794" VPOS="968" WIDTH="55" HEIGHT="22" WC="0.92" CONTENT="hvad"/><SP WIDTH="15" VPOS="968" HPOS="849"/>
							<String ID="string_127" HPOS="864" VPOS="974" WIDTH="45" HEIGHT="15" WC="0.96" CONTENT="som"/>
						</TextLine>
						<TextLine ID="line_19" HPOS="85" VPOS="996" WIDTH="824" HEIGHT="28">
							<String ID="string_128" HPOS="85" VPOS="996" WIDTH="82" HEIGHT="28" WC="0.93" CONTENT="inflyter"/><SP WIDTH="16" VPOS="996" HPOS="167"/>
							<String ID="string_129" HPOS="183" VPOS="996" WIDTH="82" HEIGHT="22" WC="0.92" CONTENT="utöfver"/><SP WIDTH="15" VPOS="996" HPOS="265"/>
							<String ID="string_130" HPOS="280" VPOS="997" WIDTH="26" HEIGHT="21" WC="0.93" CONTENT="de"/><SP WIDTH="21" VPOS="997" HPOS="306"/>
							<String ID="string_131" HPOS="327" VPOS="998" WIDTH="93" HEIGHT="24" WC="0.92" CONTENT="450,000"/><SP WIDTH="16" VPOS="998" HPOS="420"/>
							<String ID="string_132" HPOS="436" VPOS="997" WIDTH="41" HEIGHT="24" WC="0.96" CONTENT="mk,"/><SP WIDTH="17" VPOS="997" HPOS="477"/>
							<String ID="string_133" HPOS="494" VPOS="1004" WIDTH="44" HEIGHT="14" WC="0.93" CONTENT="som"/><SP WIDTH="16" VPOS="1004" HPOS="538"/>
							<String ID="string_134" HPOS="554" VPOS="997" WIDTH="129" HEIGHT="21" WC="0.93" CONTENT="statsverket"/><SP WIDTH="14" VPOS="997" HPOS="683"/>
							<String ID="string_135" HPOS="697" VPOS="997" WIDTH="55" HEIGHT="21" WC="0.93" CONTENT="skall"/><SP WIDTH="15" VPOS="997" HPOS="752"/>
							<String ID="string_136" HPOS="767" VPOS="997" WIDTH="86" HEIGHT="24" WC="0.92" CONTENT="erhälla,"/><SP WIDTH="21" VPOS="997" HPOS="853"/>
							<String ID="string_137" HPOS="874" VPOS="996" WIDTH="35" HEIGHT="22" WC="0.97" CONTENT="det"/>
						</TextLine>
						<TextLine ID="line_20" HPOS="85" VPOS="1025" WIDTH="824" HEIGHT="27">
							<String ID="string_138" HPOS="85" VPOS="1025" WIDTH="18" HEIGHT="27" WC="0.96" CONTENT="ej"/><SP WIDTH="17" VPOS="1025" HPOS="103"/>
							<String ID="string_139" HPOS="120" VPOS="1031" WIDTH="49" HEIGHT="15" WC="0.96" CONTENT="vore"/><SP WIDTH="16" VPOS="1031" HPOS="169"/>
							<String ID="string_140" HPOS="185" VPOS="1026" WIDTH="64" HEIGHT="25" WC="0.96" CONTENT="något"/><SP WIDTH="15" VPOS="1026" HPOS="249"/>
							<String ID="string_141" HPOS="264" VPOS="1032" WIDTH="45" HEIGHT="14" WC="0.91" CONTENT="som"/><SP WIDTH="16" VPOS="1032" HPOS="309"/>
							<String ID="string_142" HPOS="325" VPOS="1026" WIDTH="102" HEIGHT="21" WC="0.96" CONTENT="hindrade"/><SP WIDTH="16" VPOS="1026" HPOS="427"/>
							<String ID="string_143" HPOS="443" VPOS="1028" WIDTH="32" HEIGHT="19" WC="0.93" CONTENT="att"/><SP WIDTH="15" VPOS="1028" HPOS="475"/>
							<String ID="string_144" HPOS="490" VPOS="1028" WIDTH="78" HEIGHT="24" WC="0.96" CONTENT="antaga"/><SP WIDTH="15" VPOS="1028" HPOS="568"/>
							<String ID="string_145" HPOS="583" VPOS="1026" WIDTH="40" HEIGHT="21" WC="0.93" CONTENT="den"/><SP WIDTH="20" VPOS="1026" HPOS="623"/>
							<String ID="string_146" HPOS="643" VPOS="1026" WIDTH="124" HEIGHT="26" WC="0.96" CONTENT="förhöjning,"/><SP WIDTH="16" VPOS="1026" HPOS="767"/>
							<String ID="string_147" HPOS="783" VPOS="1032" WIDTH="45" HEIGHT="15" WC="0.96" CONTENT="som"/><SP WIDTH="16" VPOS="1032" HPOS="828"/>
							<String ID="string_148" HPOS="844" VPOS="1026" WIDTH="7" HEIGHT="20" WC="0.93" CONTENT="i"/><SP WIDTH="15" VPOS="1026" HPOS="851"/>
							<String ID="string_149" HPOS="866" VPOS="1025" WIDTH="43" HEIGHT="27" WC="0.92" CONTENT="kej-"/>
						</TextLine>
						<TextLine ID="line_21" HPOS="86" VPOS="1053" WIDTH="823" HEIGHT="27">
							<String ID="string_150" HPOS="86" VPOS="1053" WIDTH="75" HEIGHT="27" WC="0.93" CONTENT="serliga"/><SP WIDTH="23" VPOS="1053" HPOS="161"/>
							<String ID="string_151" HPOS="184" VPOS="1054" WIDTH="158" HEIGHT="26" WC="0.96" CONTENT="propositionen"/><SP WIDTH="22" VPOS="1054" HPOS="342"/>
							<String ID="string_152" HPOS="364" VPOS="1056" WIDTH="23" HEIGHT="19" WC="0.93" CONTENT="är"/><SP WIDTH="22" VPOS="1056" HPOS="387"/>
							<String ID="string_153" HPOS="409" VPOS="1054" WIDTH="124" HEIGHT="26" WC="0.89" CONTENT="föreslagen,"/><SP WIDTH="26" VPOS="1054" HPOS="533"/>
							<String ID="string_154" HPOS="559" VPOS="1054" WIDTH="51" HEIGHT="21" WC="0.93" CONTENT="eller"/><SP WIDTH="26" VPOS="1054" HPOS="610"/>
							<String ID="string_155" HPOS="636" VPOS="1054" WIDTH="127" HEIGHT="22" WC="0.92" CONTENT="ätminstone"/><SP WIDTH="16" VPOS="1054" HPOS="763"/>
							<String ID="string_156" HPOS="779" VPOS="1054" WIDTH="47" HEIGHT="25" WC="0.96" CONTENT="den,"/><SP WIDTH="16" VPOS="1054" HPOS="826"/>
							<String ID="string_157" HPOS="842" VPOS="1054" WIDTH="67" HEIGHT="21" WC="0.95" CONTENT="som"/><SP WIDTH="-13" VPOS="1054" HPOS="909"/>
							<String ID="string_158" HPOS="896" VPOS="1049" WIDTH="16" HEIGHT="37" WC="0.95" CONTENT="i"/>
						</TextLine>
						<TextLine ID="line_22" HPOS="85" VPOS="1082" WIDTH="824" HEIGHT="27">
							<String ID="string_159" HPOS="85" VPOS="1082" WIDTH="78" HEIGHT="21" WC="0.88" CONTENT="doktor"/><SP WIDTH="22" VPOS="1082" HPOS="163"/>
							<String ID="string_160" HPOS="185" VPOS="1082" WIDTH="81" HEIGHT="26" WC="0.45" CONTENT="Alopei"/><SP WIDTH="23" VPOS="1082" HPOS="266"/>
							<String ID="string_161" HPOS="289" VPOS="1082" WIDTH="130" HEIGHT="22" WC="0.93" CONTENT="reservation"/><SP WIDTH="16" VPOS="1082" HPOS="419"/>
							<String ID="string_162" HPOS="435" VPOS="1082" WIDTH="94" HEIGHT="22" WC="0.95" CONTENT="föreslås."/><SP WIDTH="31" VPOS="1082" HPOS="529"/>
							<String ID="string_163" HPOS="560" VPOS="1082" WIDTH="112" HEIGHT="22" WC="0.95" CONTENT="Utskottet"/><SP WIDTH="15" VPOS="1082" HPOS="672"/>
							<String ID="string_164" HPOS="687" VPOS="1083" WIDTH="104" HEIGHT="21" WC="0.95" CONTENT="erkänner"/><SP WIDTH="12" VPOS="1083" HPOS="791"/>
							<String ID="string_165" HPOS="803" VPOS="1083" WIDTH="24" HEIGHT="26" WC="0.93" CONTENT="ju"/><SP WIDTH="15" VPOS="1083" HPOS="827"/>
							<String ID="string_166" HPOS="842" VPOS="1082" WIDTH="67" HEIGHT="26" WC="0.96" CONTENT="äfven,"/>
						</TextLine>
						<TextLine ID="line_23" HPOS="85" VPOS="1111" WIDTH="825" HEIGHT="26">
							<String ID="string_167" HPOS="85" VPOS="1112" WIDTH="32" HEIGHT="20" WC="0.92" CONTENT="att"/><SP WIDTH="23" VPOS="1112" HPOS="117"/>
							<String ID="string_168" HPOS="140" VPOS="1112" WIDTH="64" HEIGHT="25" WC="0.92" CONTENT="nägot"/><SP WIDTH="23" VPOS="1112" HPOS="204"/>
							<String ID="string_169" HPOS="227" VPOS="1111" WIDTH="124" HEIGHT="26" WC="0.93" CONTENT="lämpligare"/><SP WIDTH="25" VPOS="1111" HPOS="351"/>
							<String ID="string_170" HPOS="376" VPOS="1111" WIDTH="39" HEIGHT="21" WC="0.96" CONTENT="och"/><SP WIDTH="23" VPOS="1111" HPOS="415"/>
							<String ID="string_171" HPOS="438" VPOS="1111" WIDTH="96" HEIGHT="26" WC="0.96" CONTENT="billigare"/><SP WIDTH="19" VPOS="1111" HPOS="534"/>
							<String ID="string_172" HPOS="553" VPOS="1111" WIDTH="33" HEIGHT="21" WC="0.93" CONTENT="för"/><SP WIDTH="16" VPOS="1111" HPOS="586"/>
							<String ID="string_173" HPOS="602" VPOS="1111" WIDTH="113" HEIGHT="26" WC="0.90" CONTENT="bevillning"/><SP WIDTH="16" VPOS="1111" HPOS="715"/>
							<String ID="string_174" HPOS="731" VPOS="1112" WIDTH="18" HEIGHT="25" WC="0.92" CONTENT="ej"/><SP WIDTH="16" VPOS="1112" HPOS="749"/>
							<String ID="string_175" HPOS="765" VPOS="1111" WIDTH="72" HEIGHT="21" WC="0.91" CONTENT="finnes."/><SP WIDTH="31" VPOS="1111" HPOS="837"/>
							<String ID="string_176" HPOS="868" VPOS="1111" WIDTH="42" HEIGHT="21" WC="0.95" CONTENT="Det"/>
						</TextLine>
						<TextLine ID="line_24" HPOS="85" VPOS="1138" WIDTH="823" HEIGHT="29">
							<String ID="string_177" HPOS="85" VPOS="1138" WIDTH="39" HEIGHT="22" WC="0.95" CONTENT="har"/><SP WIDTH="22" VPOS="1138" HPOS="124"/>
							<String ID="string_178" HPOS="146" VPOS="1139" WIDTH="51" HEIGHT="22" WC="0.95" CONTENT="visst"/><SP WIDTH="25" VPOS="1139" HPOS="197"/>
							<String ID="string_179" HPOS="222" VPOS="1139" WIDTH="22" HEIGHT="21" WC="0.96" CONTENT="af"/><SP WIDTH="21" VPOS="1139" HPOS="244"/>
							<String ID="string_180" HPOS="265" VPOS="1146" WIDTH="25" HEIGHT="14" WC="0.93" CONTENT="en"/><SP WIDTH="23" VPOS="1146" HPOS="290"/>
							<String ID="string_181" HPOS="313" VPOS="1139" WIDTH="68" HEIGHT="22" WC="0.96" CONTENT="talare"/><SP WIDTH="24" VPOS="1139" HPOS="381"/>
							<String ID="string_182" HPOS="405" VPOS="1139" WIDTH="67" HEIGHT="22" WC="0.93" CONTENT="blifvit"/><SP WIDTH="16" VPOS="1139" HPOS="472"/>
							<String ID="string_183" HPOS="488" VPOS="1139" WIDTH="62" HEIGHT="27" WC="0.93" CONTENT="sagdt"/><SP WIDTH="15" VPOS="1139" HPOS="550"/>
							<String ID="string_184" HPOS="565" VPOS="1141" WIDTH="32" HEIGHT="20" WC="0.96" CONTENT="att"/><SP WIDTH="16" VPOS="1141" HPOS="597"/>
							<String ID="string_185" HPOS="613" VPOS="1139" WIDTH="69" HEIGHT="22" WC="0.93" CONTENT="denna"/><SP WIDTH="15" VPOS="1139" HPOS="682"/>
							<String ID="string_186" HPOS="697" VPOS="1139" WIDTH="141" HEIGHT="28" WC="0.92" CONTENT="bevillning"/><SP WIDTH="-23" VPOS="1139" HPOS="838"/>
							<String ID="string_187" HPOS="815" VPOS="1134" WIDTH="23" HEIGHT="38" WC="0.93" CONTENT="f."/><SP WIDTH="17" VPOS="1134" HPOS="838"/>
							<String ID="string_188" HPOS="855" VPOS="1145" WIDTH="19" HEIGHT="15" WC="0.93" CONTENT="n."/><SP WIDTH="17" VPOS="1145" HPOS="874"/>
							<String ID="string_189" HPOS="891" VPOS="1139" WIDTH="17" HEIGHT="26" WC="0.96" CONTENT="ej"/>
						</TextLine>
						<TextLine ID="line_25" HPOS="85" VPOS="1167" WIDTH="824" HEIGHT="28">
							<String ID="string_190" HPOS="85" VPOS="1167" WIDTH="100" HEIGHT="22" WC="0.91" CONTENT="behöfves"/><SP WIDTH="24" VPOS="1167" HPOS="185"/>
							<String ID="string_191" HPOS="209" VPOS="1167" WIDTH="39" HEIGHT="22" WC="0.95" CONTENT="och"/><SP WIDTH="23" VPOS="1167" HPOS="248"/>
							<String ID="string_192" HPOS="271" VPOS="1170" WIDTH="31" HEIGHT="19" WC="0.96" CONTENT="att"/><SP WIDTH="23" VPOS="1170" HPOS="302"/>
							<String ID="string_193" HPOS="325" VPOS="1168" WIDTH="36" HEIGHT="21" WC="0.93" CONTENT="det"/><SP WIDTH="22" VPOS="1168" HPOS="361"/>
							<String ID="string_194" HPOS="383" VPOS="1175" WIDTH="51" HEIGHT="14" WC="0.93" CONTENT="vore"/><SP WIDTH="16" VPOS="1175" HPOS="434"/>
							<String ID="string_195" HPOS="450" VPOS="1170" WIDTH="32" HEIGHT="19" WC="0.93" CONTENT="att"/><SP WIDTH="15" VPOS="1170" HPOS="482"/>
							<String ID="string_196" HPOS="497" VPOS="1168" WIDTH="137" HEIGHT="33" WC="0.93" CONTENT="kapitalisera"/><SP WIDTH="16" VPOS="1168" HPOS="634"/>
							<String ID="string_197" HPOS="650" VPOS="1168" WIDTH="26" HEIGHT="21" WC="0.93" CONTENT="de"/><SP WIDTH="14" VPOS="1168" HPOS="676"/>
							<String ID="string_198" HPOS="690" VPOS="1168" WIDTH="114" HEIGHT="27" WC="0.89" CONTENT="inflytande"/><SP WIDTH="16" VPOS="1168" HPOS="804"/>
							<String ID="string_199" HPOS="820" VPOS="1167" WIDTH="89" HEIGHT="22" WC="0.92" CONTENT="medlen."/>
						</TextLine>
						<TextLine ID="line_26" HPOS="86" VPOS="1195" WIDTH="824" HEIGHT="28">
							<String ID="string_200" HPOS="86" VPOS="1195" WIDTH="48" HEIGHT="22" WC="0.96" CONTENT="Men"/><SP WIDTH="20" VPOS="1195" HPOS="134"/>
							<String ID="string_201" HPOS="154" VPOS="1196" WIDTH="37" HEIGHT="27" WC="0.96" CONTENT="jag"/><SP WIDTH="15" VPOS="1196" HPOS="191"/>
							<String ID="string_202" HPOS="206" VPOS="1196" WIDTH="41" HEIGHT="24" WC="0.93" CONTENT="kan"/><SP WIDTH="20" VPOS="1196" HPOS="247"/>
							<String ID="string_203" HPOS="267" VPOS="1197" WIDTH="16" HEIGHT="26" WC="0.92" CONTENT="ej"/><SP WIDTH="18" VPOS="1197" HPOS="283"/>
							<String ID="string_204" HPOS="301" VPOS="1197" WIDTH="44" HEIGHT="20" WC="0.91" CONTENT="inse"/><SP WIDTH="16" VPOS="1197" HPOS="345"/>
							<String ID="string_205" HPOS="361" VPOS="1197" WIDTH="65" HEIGHT="26" WC="0.92" CONTENT="nägot"/><SP WIDTH="16" VPOS="1197" HPOS="426"/>
							<String ID="string_206" HPOS="442" VPOS="1197" WIDTH="52" HEIGHT="21" WC="0.91" CONTENT="ondt"/><SP WIDTH="14" VPOS="1197" HPOS="494"/>
							<String ID="string_207" HPOS="508" VPOS="1197" WIDTH="7" HEIGHT="20" WC="0.96" CONTENT="i"/><SP WIDTH="15" VPOS="1197" HPOS="515"/>
							<String ID="string_208" HPOS="530" VPOS="1199" WIDTH="32" HEIGHT="19" WC="0.96" CONTENT="att"/><SP WIDTH="16" VPOS="1199" HPOS="562"/>
							<String ID="string_209" HPOS="578" VPOS="1197" WIDTH="36" HEIGHT="20" WC="0.96" CONTENT="det"/><SP WIDTH="15" VPOS="1197" HPOS="614"/>
							<String ID="string_210" HPOS="629" VPOS="1197" WIDTH="67" HEIGHT="20" WC="0.96" CONTENT="skulle"/><SP WIDTH="16" VPOS="1197" HPOS="696"/>
							<String ID="string_211" HPOS="712" VPOS="1196" WIDTH="67" HEIGHT="21" WC="0.93" CONTENT="finnas"/><SP WIDTH="16" VPOS="1196" HPOS="779"/>
							<String ID="string_212" HPOS="795" VPOS="1196" WIDTH="115" HEIGHT="27" WC="0.92" CONTENT="penningar"/>
						</TextLine>
						<TextLine ID="line_27" HPOS="85" VPOS="1224" WIDTH="825" HEIGHT="27">
							<String ID="string_213" HPOS="85" VPOS="1224" WIDTH="35" HEIGHT="21" WC="0.91" CONTENT="vid"/><SP WIDTH="21" VPOS="1224" HPOS="120"/>
							<String ID="string_214" HPOS="141" VPOS="1225" WIDTH="138" HEIGHT="21" WC="0.91" CONTENT="förefallande"/><SP WIDTH="22" VPOS="1225" HPOS="279"/>
							<String ID="string_215" HPOS="301" VPOS="1225" WIDTH="70" HEIGHT="26" WC="0.91" CONTENT="behof,"/><SP WIDTH="24" VPOS="1225" HPOS="371"/>
							<String ID="string_216" HPOS="395" VPOS="1231" WIDTH="45" HEIGHT="16" WC="0.91" CONTENT="som"/><SP WIDTH="24" VPOS="1231" HPOS="440"/>
							<String ID="string_217" HPOS="464" VPOS="1227" WIDTH="36" HEIGHT="19" WC="0.91" CONTENT="äro"/><SP WIDTH="24" VPOS="1227" HPOS="500"/>
							<String ID="string_218" HPOS="524" VPOS="1225" WIDTH="98" HEIGHT="26" WC="0.88" CONTENT="omöjliga"/><SP WIDTH="18" VPOS="1225" HPOS="622"/>
							<String ID="string_219" HPOS="640" VPOS="1225" WIDTH="32" HEIGHT="21" WC="0.93" CONTENT="för"/><SP WIDTH="15" VPOS="1225" HPOS="672"/>
							<String ID="string_220" HPOS="687" VPOS="1225" WIDTH="104" HEIGHT="26" WC="0.92" CONTENT="mensklig"/><SP WIDTH="15" VPOS="1225" HPOS="791"/>
							<String ID="string_221" HPOS="806" VPOS="1226" WIDTH="57" HEIGHT="25" WC="0.92" CONTENT="magt"/><SP WIDTH="15" VPOS="1226" HPOS="863"/>
							<String ID="string_222" HPOS="878" VPOS="1226" WIDTH="32" HEIGHT="19" WC="0.97" CONTENT="att"/>
						</TextLine>
						<TextLine ID="line_28" HPOS="85" VPOS="1252" WIDTH="826" HEIGHT="28">
							<String ID="string_223" HPOS="85" VPOS="1253" WIDTH="94" HEIGHT="22" WC="0.96" CONTENT="beräkna"/><SP WIDTH="23" VPOS="1253" HPOS="179"/>
							<String ID="string_224" HPOS="202" VPOS="1253" WIDTH="39" HEIGHT="22" WC="0.93" CONTENT="och"/><SP WIDTH="23" VPOS="1253" HPOS="241"/>
							<String ID="string_225" HPOS="264" VPOS="1242" WIDTH="124" HEIGHT="33" WC="0.96" CONTENT="bestämma."/><SP WIDTH="30" VPOS="1242" HPOS="388"/>
							<String ID="string_226" HPOS="418" VPOS="1254" WIDTH="40" HEIGHT="26" WC="0.96" CONTENT="Jag"/><SP WIDTH="16" VPOS="1254" HPOS="458"/>
							<String ID="string_227" HPOS="474" VPOS="1253" WIDTH="66" HEIGHT="22" WC="0.96" CONTENT="skulle"/><SP WIDTH="16" VPOS="1253" HPOS="540"/>
							<String ID="string_228" HPOS="556" VPOS="1254" WIDTH="83" HEIGHT="21" WC="0.96" CONTENT="således"/><SP WIDTH="15" VPOS="1254" HPOS="639"/>
							<String ID="string_229" HPOS="654" VPOS="1253" WIDTH="33" HEIGHT="21" WC="0.96" CONTENT="för"/><SP WIDTH="20" VPOS="1253" HPOS="687"/>
							<String ID="string_230" HPOS="707" VPOS="1254" WIDTH="40" HEIGHT="21" WC="0.96" CONTENT="min"/><SP WIDTH="17" VPOS="1254" HPOS="747"/>
							<String ID="string_231" HPOS="764" VPOS="1253" WIDTH="34" HEIGHT="22" WC="0.96" CONTENT="del"/><SP WIDTH="15" VPOS="1253" HPOS="798"/>
							<String ID="string_232" HPOS="813" VPOS="1253" WIDTH="18" HEIGHT="27" WC="0.96" CONTENT="ej"/><SP WIDTH="17" VPOS="1253" HPOS="831"/>
							<String ID="string_233" HPOS="848" VPOS="1252" WIDTH="63" HEIGHT="21" WC="0.96" CONTENT="hafva"/>
						</TextLine>
						<TextLine ID="line_29" HPOS="85" VPOS="1281" WIDTH="826" HEIGHT="28">
							<String ID="string_234" HPOS="85" VPOS="1282" WIDTH="65" HEIGHT="26" WC="0.95" CONTENT="något"/><SP WIDTH="15" VPOS="1282" HPOS="150"/>
							<String ID="string_235" HPOS="165" VPOS="1285" WIDTH="57" HEIGHT="18" WC="0.96" CONTENT="emot"/><SP WIDTH="25" VPOS="1285" HPOS="222"/>
							<String ID="string_236" HPOS="247" VPOS="1285" WIDTH="32" HEIGHT="18" WC="0.95" CONTENT="att"/><SP WIDTH="22" VPOS="1285" HPOS="279"/>
							<String ID="string_237" HPOS="301" VPOS="1285" WIDTH="79" HEIGHT="24" WC="0.96" CONTENT="antaga"/><SP WIDTH="23" VPOS="1285" HPOS="380"/>
							<String ID="string_238" HPOS="403" VPOS="1283" WIDTH="40" HEIGHT="20" WC="0.95" CONTENT="den"/><SP WIDTH="16" VPOS="1283" HPOS="443"/>
							<String ID="string_239" HPOS="459" VPOS="1282" WIDTH="112" HEIGHT="27" WC="0.96" CONTENT="kejserliga"/><SP WIDTH="16" VPOS="1282" HPOS="571"/>
							<String ID="string_240" HPOS="587" VPOS="1282" WIDTH="165" HEIGHT="27" WC="0.96" CONTENT="propositionen,"/><SP WIDTH="17" VPOS="1282" HPOS="752"/>
							<String ID="string_241" HPOS="769" VPOS="1281" WIDTH="52" HEIGHT="22" WC="0.93" CONTENT="eller"/><SP WIDTH="14" VPOS="1281" HPOS="821"/>
							<String ID="string_242" HPOS="835" VPOS="1281" WIDTH="76" HEIGHT="22" WC="0.90" CONTENT="åtmin-"/>
						</TextLine>
						<TextLine ID="line_30" HPOS="84" VPOS="1310" WIDTH="402" HEIGHT="27">
							<String ID="string_243" HPOS="84" VPOS="1312" WIDTH="61" HEIGHT="19" WC="0.96" CONTENT="stone"/><SP WIDTH="16" VPOS="1312" HPOS="145"/>
							<String ID="string_244" HPOS="161" VPOS="1310" WIDTH="76" HEIGHT="21" WC="0.93" CONTENT="doktor"/><SP WIDTH="15" VPOS="1310" HPOS="237"/>
							<String ID="string_245" HPOS="252" VPOS="1311" WIDTH="82" HEIGHT="26" WC="0.72" CONTENT="Alopei"/><SP WIDTH="15" VPOS="1311" HPOS="334"/>
							<String ID="string_246" HPOS="349" VPOS="1311" WIDTH="137" HEIGHT="21" WC="0.96" CONTENT="reservation."/>
						</TextLine>
					</TextBlock>
				</ComposedBlock>
				<ComposedBlock ID="cblock_9" HPOS="84" VPOS="1367" WIDTH="827" HEIGHT="198">
					<TextBlock ID="block_8" HPOS="84" VPOS="1367" WIDTH="827" HEIGHT="198">
						<TextLine ID="line_31" HPOS="154" VPOS="1367" WIDTH="756" HEIGHT="27">
							<String ID="string_247" HPOS="154" VPOS="1367" WIDTH="121" HEIGHT="21" WC="0.91" CONTENT="Statsrädet"/><SP WIDTH="24" VPOS="1367" HPOS="275"/>
							<String ID="string_248" HPOS="299" VPOS="1367" WIDTH="159" HEIGHT="22" WC="0.93" CONTENT="Lindelöf:"/><SP WIDTH="32" VPOS="1367" HPOS="458"/>
							<String ID="string_249" HPOS="490" VPOS="1368" WIDTH="32" HEIGHT="21" WC="0.89" CONTENT="Dä"/><SP WIDTH="26" VPOS="1368" HPOS="522"/>
							<String ID="string_250" HPOS="548" VPOS="1368" WIDTH="40" HEIGHT="21" WC="0.90" CONTENT="den"/><SP WIDTH="25" VPOS="1368" HPOS="588"/>
							<String ID="string_251" HPOS="613" VPOS="1368" WIDTH="112" HEIGHT="26" WC="0.90" CONTENT="kejserliga"/><SP WIDTH="25" VPOS="1368" HPOS="725"/>
							<String ID="string_252" HPOS="750" VPOS="1367" WIDTH="160" HEIGHT="27" WC="0.96" CONTENT="propositionen"/>
						</TextLine>
						<TextLine ID="line_32" HPOS="84" VPOS="1395" WIDTH="826" HEIGHT="28">
							<String ID="string_253" HPOS="84" VPOS="1395" WIDTH="117" HEIGHT="22" WC="0.90" CONTENT="innefattar"/><SP WIDTH="23" VPOS="1395" HPOS="201"/>
							<String ID="string_254" HPOS="224" VPOS="1398" WIDTH="12" HEIGHT="19" WC="0.91" CONTENT="5"/><SP WIDTH="23" VPOS="1398" HPOS="236"/>
							<String ID="string_255" HPOS="259" VPOS="1396" WIDTH="175" HEIGHT="27" WC="0.91" CONTENT="hufvudpunkter"/><SP WIDTH="23" VPOS="1396" HPOS="434"/>
							<String ID="string_256" HPOS="457" VPOS="1396" WIDTH="39" HEIGHT="21" WC="0.95" CONTENT="och"/><SP WIDTH="21" VPOS="1396" HPOS="496"/>
							<String ID="string_257" HPOS="517" VPOS="1397" WIDTH="62" HEIGHT="20" WC="0.93" CONTENT="dessa"/><SP WIDTH="15" VPOS="1397" HPOS="579"/>
							<String ID="string_258" HPOS="594" VPOS="1397" WIDTH="65" HEIGHT="20" WC="0.90" CONTENT="ocksä"/><SP WIDTH="15" VPOS="1397" HPOS="659"/>
							<String ID="string_259" HPOS="674" VPOS="1396" WIDTH="75" HEIGHT="21" WC="0.93" CONTENT="främst"/><SP WIDTH="15" VPOS="1396" HPOS="749"/>
							<String ID="string_260" HPOS="764" VPOS="1395" WIDTH="124" HEIGHT="22" WC="0.91" CONTENT="framhällas"/><SP WIDTH="15" VPOS="1395" HPOS="888"/>
							<String ID="string_261" HPOS="903" VPOS="1395" WIDTH="7" HEIGHT="21" WC="0.96" CONTENT="i"/>
						</TextLine>
						<TextLine ID="line_33" HPOS="85" VPOS="1423" WIDTH="825" HEIGHT="28">
							<String ID="string_262" HPOS="85" VPOS="1424" WIDTH="115" HEIGHT="21" WC="0.96" CONTENT="utskottets"/><SP WIDTH="22" VPOS="1424" HPOS="200"/>
							<String ID="string_263" HPOS="222" VPOS="1425" WIDTH="141" HEIGHT="23" WC="0.96" CONTENT="betänkande,"/><SP WIDTH="24" VPOS="1425" HPOS="363"/>
							<String ID="string_264" HPOS="387" VPOS="1425" WIDTH="69" HEIGHT="21" WC="0.96" CONTENT="skulle"/><SP WIDTH="22" VPOS="1425" HPOS="456"/>
							<String ID="string_265" HPOS="478" VPOS="1425" WIDTH="34" HEIGHT="26" WC="0.93" CONTENT="jag"/><SP WIDTH="15" VPOS="1425" HPOS="512"/>
							<String ID="string_266" HPOS="527" VPOS="1425" WIDTH="119" HEIGHT="24" WC="0.92" CONTENT="hemställa,"/><SP WIDTH="17" VPOS="1425" HPOS="646"/>
							<String ID="string_267" HPOS="663" VPOS="1431" WIDTH="33" HEIGHT="15" WC="0.96" CONTENT="om"/><SP WIDTH="17" VPOS="1431" HPOS="696"/>
							<String ID="string_268" HPOS="713" VPOS="1425" WIDTH="35" HEIGHT="20" WC="0.93" CONTENT="det"/><SP WIDTH="15" VPOS="1425" HPOS="748"/>
							<String ID="string_269" HPOS="763" VPOS="1424" WIDTH="19" HEIGHT="27" WC="0.96" CONTENT="ej"/><SP WIDTH="16" VPOS="1424" HPOS="782"/>
							<String ID="string_270" HPOS="798" VPOS="1430" WIDTH="50" HEIGHT="15" WC="0.96" CONTENT="vore"/><SP WIDTH="16" VPOS="1430" HPOS="848"/>
							<String ID="string_271" HPOS="864" VPOS="1423" WIDTH="46" HEIGHT="22" WC="0.95" CONTENT="skäl"/>
						</TextLine>
						<TextLine ID="line_34" HPOS="84" VPOS="1453" WIDTH="827" HEIGHT="26">
							<String ID="string_272" HPOS="84" VPOS="1454" WIDTH="33" HEIGHT="19" WC="0.93" CONTENT="att"/><SP WIDTH="22" VPOS="1454" HPOS="117"/>
							<String ID="string_273" HPOS="139" VPOS="1453" WIDTH="120" HEIGHT="21" WC="0.92" CONTENT="hvarochen"/><SP WIDTH="22" VPOS="1453" HPOS="259"/>
							<String ID="string_274" HPOS="281" VPOS="1453" WIDTH="22" HEIGHT="21" WC="0.96" CONTENT="af"/><SP WIDTH="14" VPOS="1453" HPOS="303"/>
							<String ID="string_275" HPOS="317" VPOS="1453" WIDTH="62" HEIGHT="21" WC="0.96" CONTENT="dessa"/><SP WIDTH="16" VPOS="1453" HPOS="379"/>
							<String ID="string_276" HPOS="395" VPOS="1454" WIDTH="93" HEIGHT="25" WC="0.96" CONTENT="punkter"/><SP WIDTH="14" VPOS="1454" HPOS="488"/>
							<String ID="string_277" HPOS="502" VPOS="1453" WIDTH="54" HEIGHT="21" WC="0.93" CONTENT="först"/><SP WIDTH="16" VPOS="1453" HPOS="556"/>
							<String ID="string_278" HPOS="572" VPOS="1453" WIDTH="101" HEIGHT="22" WC="0.90" CONTENT="särskildt"/><SP WIDTH="16" VPOS="1453" HPOS="673"/>
							<String ID="string_279" HPOS="689" VPOS="1453" WIDTH="67" HEIGHT="21" WC="0.96" CONTENT="skulle"/><SP WIDTH="15" VPOS="1453" HPOS="756"/>
							<String ID="string_280" HPOS="771" VPOS="1453" WIDTH="86" HEIGHT="21" WC="0.93" CONTENT="komma"/><SP WIDTH="15" VPOS="1453" HPOS="857"/>
							<String ID="string_281" HPOS="872" VPOS="1459" WIDTH="39" HEIGHT="14" WC="0.91" CONTENT="un-"/>
						</TextLine>
						<TextLine ID="line_35" HPOS="84" VPOS="1481" WIDTH="827" HEIGHT="28">
							<String ID="string_282" HPOS="84" VPOS="1481" WIDTH="38" HEIGHT="21" WC="0.88" CONTENT="der"/><SP WIDTH="22" VPOS="1481" HPOS="122"/>
							<String ID="string_283" HPOS="144" VPOS="1481" WIDTH="139" HEIGHT="28" WC="0.85" CONTENT="ompröfning."/><SP WIDTH="32" VPOS="1481" HPOS="283"/>
							<String ID="string_284" HPOS="315" VPOS="1481" WIDTH="70" HEIGHT="22" WC="0.96" CONTENT="Sedan"/><SP WIDTH="19" VPOS="1481" HPOS="385"/>
							<String ID="string_285" HPOS="404" VPOS="1482" WIDTH="36" HEIGHT="21" WC="0.93" CONTENT="det"/><SP WIDTH="14" VPOS="1482" HPOS="440"/>
							<String ID="string_286" HPOS="454" VPOS="1488" WIDTH="50" HEIGHT="15" WC="0.93" CONTENT="vore"/><SP WIDTH="16" VPOS="1488" HPOS="504"/>
							<String ID="string_287" HPOS="520" VPOS="1482" WIDTH="77" HEIGHT="27" WC="0.91" CONTENT="gjordt,"/><SP WIDTH="17" VPOS="1482" HPOS="597"/>
							<String ID="string_288" HPOS="614" VPOS="1482" WIDTH="68" HEIGHT="21" WC="0.93" CONTENT="skulle"/><SP WIDTH="16" VPOS="1482" HPOS="682"/>
							<String ID="string_289" HPOS="698" VPOS="1481" WIDTH="64" HEIGHT="22" WC="0.96" CONTENT="också"/><SP WIDTH="14" VPOS="1481" HPOS="762"/>
							<String ID="string_290" HPOS="776" VPOS="1481" WIDTH="135" HEIGHT="27" WC="0.96" CONTENT="principerna"/>
						</TextLine>
						<TextLine ID="line_36" HPOS="84" VPOS="1509" WIDTH="827" HEIGHT="28">
							<String ID="string_291" HPOS="84" VPOS="1515" WIDTH="51" HEIGHT="15" WC="0.93" CONTENT="vara"/><SP WIDTH="21" VPOS="1515" HPOS="135"/>
							<String ID="string_292" HPOS="156" VPOS="1510" WIDTH="127" HEIGHT="24" WC="0.90" CONTENT="fastställda,"/><SP WIDTH="22" VPOS="1510" HPOS="283"/>
							<String ID="string_293" HPOS="305" VPOS="1510" WIDTH="24" HEIGHT="21" WC="0.96" CONTENT="sä"/><SP WIDTH="20" VPOS="1510" HPOS="329"/>
							<String ID="string_294" HPOS="349" VPOS="1513" WIDTH="32" HEIGHT="18" WC="0.96" CONTENT="att"/><SP WIDTH="18" VPOS="1513" HPOS="381"/>
							<String ID="string_295" HPOS="399" VPOS="1517" WIDTH="34" HEIGHT="14" WC="0.96" CONTENT="om"/><SP WIDTH="17" VPOS="1517" HPOS="433"/>
							<String ID="string_296" HPOS="450" VPOS="1511" WIDTH="26" HEIGHT="20" WC="0.91" CONTENT="de"/><SP WIDTH="16" VPOS="1511" HPOS="476"/>
							<String ID="string_297" HPOS="492" VPOS="1510" WIDTH="67" HEIGHT="27" WC="0.91" CONTENT="öfriga"/><SP WIDTH="15" VPOS="1510" HPOS="559"/>
							<String ID="string_298" HPOS="574" VPOS="1511" WIDTH="98" HEIGHT="25" WC="0.92" CONTENT="sakerna,"/><SP WIDTH="16" VPOS="1511" HPOS="672"/>
							<String ID="string_299" HPOS="688" VPOS="1517" WIDTH="45" HEIGHT="14" WC="0.93" CONTENT="som"/><SP WIDTH="16" VPOS="1517" HPOS="733"/>
							<String ID="string_300" HPOS="749" VPOS="1512" WIDTH="36" HEIGHT="19" WC="0.92" CONTENT="äro"/><SP WIDTH="17" VPOS="1512" HPOS="785"/>
							<String ID="string_301" HPOS="802" VPOS="1516" WIDTH="59" HEIGHT="15" WC="0.93" CONTENT="mera"/><SP WIDTH="16" VPOS="1516" HPOS="861"/>
							<String ID="string_302" HPOS="877" VPOS="1509" WIDTH="34" HEIGHT="21" WC="0.92" CONTENT="de-"/>
						</TextLine>
						<TextLine ID="line_37" HPOS="84" VPOS="1537" WIDTH="540" HEIGHT="28">
							<String ID="string_303" HPOS="84" VPOS="1537" WIDTH="115" HEIGHT="28" WC="0.61" CONTENT="taljfrägor,"/><SP WIDTH="18" VPOS="1537" HPOS="199"/>
							<String ID="string_304" HPOS="217" VPOS="1537" WIDTH="48" HEIGHT="28" WC="0.96" CONTENT="föga"/><SP WIDTH="15" VPOS="1537" HPOS="265"/>
							<String ID="string_305" HPOS="280" VPOS="1539" WIDTH="69" HEIGHT="21" WC="0.96" CONTENT="skulle"/><SP WIDTH="15" VPOS="1539" HPOS="349"/>
							<String ID="string_306" HPOS="364" VPOS="1545" WIDTH="51" HEIGHT="14" WC="0.96" CONTENT="vara"/><SP WIDTH="16" VPOS="1545" HPOS="415"/>
							<String ID="string_307" HPOS="431" VPOS="1539" WIDTH="72" HEIGHT="21" WC="0.96" CONTENT="vidare"/><SP WIDTH="15" VPOS="1539" HPOS="503"/>
							<String ID="string_308" HPOS="518" VPOS="1541" WIDTH="33" HEIGHT="19" WC="0.96" CONTENT="att"/><SP WIDTH="15" VPOS="1541" HPOS="551"/>
							<String ID="string_309" HPOS="566" VPOS="1539" WIDTH="58" HEIGHT="21" WC="0.97" CONTENT="orda."/>
						</TextLine>
					</TextBlock>
				</ComposedBlock>
			</PrintSpace>
		</Page>
	</Layout>
</alto>
