1117 1817
214 136 56 22 1760
433 143 162 18 Presteståndet
608 144 56 17 1872.
690 144 23 17 14
723 144 51 21 juni.

254 222 31 21 På
307 222 58 27 öfligt
388 224 43 20 sätt
454 225 121 24 emottagen
599 224 99 21 inträdde
714 229 26 16 en
755 224 125 27 deputation
895 223 24 21 af
932 223 80 21 ridder-

185 249 77 28 skapet
287 251 39 21 och
349 251 62 21 adeln
433 252 69 21 under
522 252 117 21 anförande
655 252 23 21 af
691 252 50 21 herr
755 252 49 21 Carl
821 251 130 27 Ehrnrooth,
967 257 45 16 som

186 279 125 22 meddelade
333 281 32 20 att
387 279 85 22 ståndet
499 281 47 21 icke
561 281 83 20 kunnat
659 283 78 24 antaga
752 281 169 26 presteståndets
936 286 76 21 genom

186 308 124 26 deputation
326 308 116 22 framförda
457 309 125 27 inbjudning
593 311 32 19 att
635 309 76 27 frångå
721 310 37 21 sitt
770 309 68 21 beslut
853 310 7 20 i
875 309 136 21 ständerhus-

185 336 86 50 frågan;
287 337 107 22 hvarefter
409 337 152 28 deputationen
577 337 122 28 aflägsnade
714 339 37 26 sig,
766 339 27 26 på
809 337 59 28 öfligt
883 340 43 19 sätt
941 337 72 22 beled-

185 371 72 21 sagad.

254 543 133 27 Föredrogos
403 544 93 27 följande
512 545 46 21 från
574 544 176 27 borgareståndet
769 544 101 21 inkomna
884 544 129 27 protokolls-

185 572 84 27 utdrag,
285 573 117 27 nemligen:

256 642 32 20 1:o
304 641 109 27 angående
436 641 97 22 ståndets
556 641 71 22 beslut
642 642 7 21 i
664 641 60 28 fråga
746 647 34 16 om
797 641 131 27 uppförande
944 641 23 20 af
980 643 32 19 ett

184 669 137 26 ständerhus;

253 738 34 21 2:0
303 738 109 27 angäende
427 738 114 27 afböjande
557 738 23 22 af
594 738 107 22 allmänna
712 738 204 22 besvärsutskottets
928 738 83 27 inbjud-

185 766 50 27 ning
260 768 32 20 att
314 766 75 22 förena
411 768 31 26 sig
464 768 48 20 med
528 767 158 27 presteständet
700 768 6 20 i
723 768 48 20 dess
788 767 69 21 beslut
873 769 32 19 att
920 767 92 21 omedel-

184 795 50 21 bart
261 795 53 21 efter
339 786 142 42 Tavastehus
495 786 161 42 Tammerfors
663 790 58 27 -Äbo
749 796 81 21 banans
855 796 157 27 fullbordande,

184 830 65 15 norra
265 824 125 22 stambanan
405 824 69 22 skulle
489 824 47 22 från
552 824 142 22 Tammerfors
705 824 110 22 fortsättas
829 824 23 22 ät
867 824 145 26 Österbotten,

185 852 70 50 sä
271 853 27 49 a
312 852 23 22 af
347 854 116 20 ständerna
478 854 33 20 till
524 853 225 27 jernvägsbyggnader
764 853 101 21 anvisade
881 853 67 21 medel
965 853 47 21 der-

184 881 32 21 till
241 882 67 25 förslä;

253 950 34 21 3:0
303 951 108 26 angäende
427 951 155 26 godkännande
593 951 23 21 af
624 951 153 27 lagutskottets
788 950 224 27 sammanjemknings-

183 978 81 27 förslag
279 979 6 21 i
301 980 114 26 anledning
438 980 22 21 af
480 980 143 26 petitionerna
646 986 34 15 om
702 979 150 27 upphäfvande
867 979 24 21 af
905 980 39 20 den
960 979 6 21 i
982 978 28 22 af-

183 1008 78 20 seende
277 1008 12 20 ä
305 1008 84 21 makars
412 1008 97 26 giftorätt
527 1009 3 20 i
547 1008 26 21 bo
595 1010 56 20 samt
674 1008 79 26 arftägt
775 1008 52 22 efter
843 1007 76 22 afliden
934 1014 77 21 person

183 1042 29 14 nu
228 1036 116 21 bestäende
360 1037 108 21 olikheten
484 1037 91 21 emellan
591 1038 107 20 landsrätt
713 1037 40 21 och
769 1038 113 24 stadsrätt;

252 1105 35 20 4:0
309 1105 109 27 angående
440 1105 157 27 godkännande
618 1105 23 21 af
659 1105 175 21 bankutskottets
850 1104 161 26 sammanjemk-

182 1133 143 26 ningsförslag
340 1134 6 20 i
361 1134 115 27 anledning
490 1134 24 21 af
528 1134 201 26 bankfullmäktiges
744 1134 81 25 förslag
835 1134 32 20 till
883 1134 129 25 reglemente

182 1160 34 22 för
231 1161 101 22 Finlands
348 1162 66 24 bank;

252 1231 34 20 5:0
302 1230 110 27 angäende
434 1231 154 26 godkännande
610 1231 24 20 af
648 1237 81 15 samma
744 1231 95 20 utskotts
855 1230 133 21 betänkande
1004 1230 7 21 i

183 1258 114 27 anledning
312 1259 23 21 af
349 1259 121 22 återremiss
491 1259 23 22 af
528 1260 11 27 8
555 1262 13 19 4
583 1260 6 21 i
605 1259 102 27 förslaget
723 1259 31 22 till
771 1259 129 27 reglemente
915 1259 33 20 för
963 1258 47 21 Fin-

182 1287 61 21 lands
259 1287 66 27 bank;

252 1357 34 20 6:0
302 1356 110 27 angående
434 1357 155 26 godkännande
605 1356 23 21 af
642 1363 81 15 samma
744 1357 94 20 utskotts
854 1355 134 22 betänkande
1003 1355 8 21 i

183 1383 116 28 anledning
313 1385 23 21 af
350 1385 63 21 väckt
435 1385 61 26 fräga
518 1391 34 16 om
575 1385 90 27 ändring
681 1385 23 22 af
723 1391 62 15 mom.
801 1385 28 25 m)
844 1385 7 20 i
867 1385 76 26 nädiga
959 1384 52 21 kun-

181 1413 99 26 görelsen
296 1413 40 22 den
352 1414 13 21 9
382 1414 111 21 december
510 1415 61 20 1867.
