1117 1817
352 144 160 18 Presteståndet
526 145 55 17 1872.
606 146 19 16 11
637 145 51 21 juni.
843 140 53 20 1719

169 224 32 21 Då
224 224 58 21 tiden
306 224 118 21 emellertid
448 224 132 21 framskridit
602 224 33 21 till
656 224 28 21 kl.
709 224 49 27 %/,3
780 231 18 14 e
815 231 26 14 m.
857 224 69 21 beslöt

100 253 85 22 ständet
200 252 96 27 ätskiljas
311 252 40 22 och
367 252 46 21 äter
428 254 159 19 sammanträda
602 253 28 21 kl.
647 253 13 21 5
675 259 19 15 e.
710 259 27 14 m.

668 315 21 17 In
701 315 63 17 fidem:

590 361 51 21 Carl
656 361 51 21 Joh.
723 361 133 27 Lindegvist.

307 584 117 27 Samma
443 584 57 33 dag
518 583 41 28 kl.
577 584 17 27 5
612 591 25 20 e.
655 591 39 20 m.

169 665 40 21 Vid
233 668 104 23 uppropet
360 664 103 21 befunnos
486 663 96 22 ständets
605 664 97 26 samtlige
725 664 138 21 medlemmar
878 665 46 19 när-

100 693 99 26 varande,
223 694 58 20 utom
306 693 136 26 domprosten
458 692 89 22 Renvell
563 692 39 22 och
616 695 87 24 prosten
719 692 118 26 Grönberg,
855 692 71 21 hvilka

100 722 23 21 af
136 722 57 21 förut
209 722 131 20 antecknade
356 721 87 21 orsaker
458 721 106 26 fränvoro,
580 723 56 19 samt
650 721 150 27 kyrkoherden
811 721 114 24 Helander,

101 752 86 25 prosten
203 750 104 26 Sohlberg
323 750 38 21 och
377 750 108 26 professor
500 749 110 27 Forsman,
626 756 46 15 som
683 750 21 21 af
716 750 105 21 särskilda
833 751 93 20 omstän-

101 778 96 28 digheter
212 785 51 15 voro
280 778 103 22 hindrade
398 780 33 20 att
446 778 80 21 infinna
540 779 38 26 sig.

170 910 120 27 Föredrogs
313 910 39 22 och
375 910 113 21 bordlades
512 909 242 27 bevillningsutskottets
769 909 158 22 betänkande
913 905 18 36 i

102 939 113 27 anledning
237 938 23 22 af
280 939 78 27 nådiga
380 939 159 27 propositionen
562 939 109 26 angående
695 938 114 27 bevillping
823 938 32 22 för
872 938 55 21 1873

103 968 38 21 och
157 968 121 26 päföljande
295 968 29 21 är.

171 1105 120 27 Föredrogs
307 1104 215 22 ekonomiutskottets
544 1105 80 26 förslag
639 1104 33 22 till
688 1104 203 27 sammanjemkning
906 1103 24 21 af

103 1134 100 21 ständens
218 1134 121 25 skiljaktiga
354 1133 70 21 beslut
440 1134 6 20 i
462 1134 113 26 anledning
590 1134 22 20 af
626 1133 77 26 nädiga
717 1133 159 26 propositionen
893 1138 35 15 om

103 1162 140 27 tillverkning,
259 1161 132 28 försäljning,
407 1162 79 26 upplag
502 1162 38 21 och
556 1162 88 27 forsling
660 1161 23 22 af
697 1161 94 22 bränvin.

171 1219 124 22 Bordlades.

171 1379 121 26 Föredrogs
307 1379 39 21 och
362 1379 142 21 antecknades
520 1379 152 26 lagutskottets
687 1379 80 26 förslag
781 1378 33 21 till
824 1383 106 16 samman-

101 1407 110 27 jemkning
225 1407 23 22 af
262 1407 101 22 ständens
377 1407 124 28 skiljaktiga
516 1408 70 21 beslut
601 1407 7 21 i
623 1407 114 27 anledning
751 1407 24 21 af
788 1407 78 26 nädiga
881 1412 50 22 pro-

103 1436 118 26 positionen
237 1442 34 15 om
287 1435 126 22 afträdande
428 1436 23 21 af
464 1436 61 21 mark
540 1437 32 20 till
588 1436 108 27 landsväg.
