1117 1817
225 129 55 21 1278
444 135 160 18 Presteståndet
616 136 54 16 1872.
684 136 26 16 24
734 135 47 21 maj.

266 215 205 27 Kontraktsprosten
510 216 142 27 Alopaeus:
666 216 40 25 Jag
717 222 62 15 anser
790 215 36 22 det
837 216 96 26 tillägget
943 215 81 22 mindre

197 243 80 26 nödigt.
307 243 42 22 Det
371 246 83 25 tyngsta
478 244 39 21 och
540 244 96 21 sväraste
659 244 50 27 värf,
733 250 52 20 som,
800 247 59 18 utom
875 244 36 21 det
927 245 30 19 att
974 250 50 15 vara

197 271 183 28 stadsfullmägtig,
395 279 75 20 genom
487 273 69 21 denna
571 273 125 26 författning
711 273 41 21 kan
768 273 86 21 komma
869 275 32 18 att
916 271 108 22 ähvälfvas

197 306 26 15 en
245 300 90 21 medlem
357 301 20 21 af
391 301 194 26 stadskommunen,
602 304 24 18 är
641 304 33 18 att
690 308 49 15 vara
755 301 93 21 ledamot
863 301 6 21 i
885 300 139 22 drätselkam-

197 335 80 14 maren.
308 329 48 21 Men
371 329 7 21 i
393 329 12 28 $
420 331 26 20 52
462 336 75 15 senare
557 337 63 14 mom.
636 332 71 25 säges:
723 330 74 27 ,Hvad
812 336 45 15 som
872 331 63 25 utgör
950 329 74 22 hinder

198 359 31 19 att
251 357 66 26 väljas
337 358 31 21 till
391 358 184 27 stadsfullmägtig,
594 359 54 26 gälle
665 359 38 21 ock
719 359 70 20 såsom
806 358 74 21 hinder
895 358 33 21 för
943 357 33 22 val
992 357 32 22 till

197 385 94 22 ledamot
307 386 6 21 i
329 386 208 22 drätselkammare*.
564 387 41 22 Om
621 387 102 26 afsägelse
739 387 52 21 eller
807 387 108 21 brefrielse
930 386 46 22 från
992 388 32 19 att

198 420 50 15 vara
263 414 94 22 ledamot
372 415 6 21 i
394 415 215 28 fattigvärdsstyrelse
624 417 46 20 äter
685 415 116 22 innehälles
813 415 7 21 i
833 415 191 27 fattigvärdsregle-

198 445 81 19 mentet
294 445 31 20 ett
340 443 76 28 tydligt
431 445 123 25 stadgande.
586 444 59 21 Hvar
661 444 38 21 och
715 451 33 20 en,
763 450 46 15 som
825 446 24 19 är
865 444 137 26 medborgare
1017 443 6 22 i

199 473 30 19 ett
252 471 109 25 samhälle,
384 473 66 21 måste
465 473 34 20 väl
516 473 88 25 bidraga
620 473 31 20 till
667 473 26 21 de
708 473 107 21 allmänna
831 473 116 20 ärendenas
962 473 61 26 gång,

199 499 38 22 och
261 507 34 14 om
318 501 39 20 den
379 507 40 15 ena
434 502 39 21 och
490 501 39 21 den
546 501 66 22 andra
627 501 32 22 fär
674 501 71 26 afsäga
761 502 32 26 sig
808 501 26 22 de
849 503 78 25 poster,
943 507 45 15 som
1003 501 23 21 af

199 528 127 22 kommunen
343 529 47 22 dem
406 529 112 25 anförtros,
534 530 42 21 blir
591 531 36 20 det
642 530 80 26 ganska
737 531 58 20 svärt
811 532 31 19 att
857 530 71 21 kunna
943 531 81 20 uträtta

198 557 70 27 nägot.
299 558 40 27 Jag
355 558 66 21 skulle
438 558 82 22 derföre
536 559 94 27 afstyrka
646 559 42 21 alla
702 558 75 27 tillägg
792 558 31 21 till
839 558 132 27 paragrafen.

267 632 50 21 Vice
333 634 73 25 pastor
422 629 98 26 Öller:
551 633 43 21 För
614 633 42 21 min
679 633 33 21 del
728 639 63 15 anser
803 633 36 26 jag
856 633 40 21 den
912 633 112 21 omformu-

198 660 73 26 lering,
288 667 44 15 som
349 661 147 27 kyrkoherden
512 662 57 20 Roos
584 662 40 20 har
639 661 114 27 föreslagit,
769 668 50 14 vara
835 661 91 27 behöflig
937 661 38 21 och
986 661 38 21 ber

199 688 83 22 derföre
298 691 32 19 att
345 690 6 20 i
367 690 42 21 allo
424 689 21 22 fä
460 690 73 21 förena
548 690 43 26 mig
606 690 48 21 med
670 690 83 21 honom.

267 763 90 21 Prosten
400 770 163 21 Rosengren:
579 764 45 22 Min
637 764 139 26 anmärkning
791 766 45 19 mot
851 764 68 21 denna
927 763 99 27 paragraf

199 791 81 27 äsyftar
301 794 31 18 att
355 792 47 25 den,
425 799 45 15 som
494 793 78 21 önskar
594 793 72 26 afsäga
689 793 37 26 sig,
747 793 27 21 dä
789 792 42 21 han
847 792 67 21 blifvit
929 792 47 21 vald
992 791 32 22 till

198 820 183 27 stadsfullmägtig,
407 828 47 14 men
479 821 46 21 icke
552 822 41 20 fätt
615 822 31 20 sin
669 822 80 20 önskan
772 821 87 27 uppfyld
881 820 23 22 af
918 821 25 21 de
959 820 65 26 öfrige

198 848 198 28 stadsfullmägtige,
419 850 32 21 fär
474 850 89 21 besvära
585 850 32 27 sig
634 850 39 22 hos
688 852 137 24 guvernören.
856 849 41 27 Jag
912 855 61 15 anser
988 850 36 20 det

199 877 105 26 nämligen
327 878 115 27 oegentligt
465 880 32 20 att
520 885 33 15 om
578 885 25 15 en
620 881 63 24 prest,
699 885 46 15 som
763 878 66 21 blifvit
845 878 47 21 vald
908 878 32 20 till
955 878 69 20 stads-

198 905 119 27 fullmäktig
339 906 38 21 och
391 901 13 37 i
422 906 50 27 följd
488 907 22 21 af
524 909 76 24 trägna
615 907 204 27 tjensteäligganden
835 906 78 22 önskar
927 906 97 21 befrielse

199 934 98 26 derifrän,
323 937 130 23 guvernören
478 936 53 20 skall
557 942 51 15 vara
632 936 46 25 den,
699 942 44 15 som
759 935 54 21 skall
829 935 78 27 afgöra,
923 934 101 22 huruvida

199 962 41 21 han
257 964 41 20 kan
313 963 114 27 behörigen
443 964 61 21 sköta
520 964 36 22 sitt
568 964 141 27 prestembete
721 964 66 26 jemte
800 964 35 21 det
848 970 40 20 nya
901 964 122 26 uppdraget.

198 991 82 21 Härvid
302 998 49 14 vore
373 994 33 19 väl
429 992 36 22 det
488 993 109 26 riktigaste
618 995 31 19 att
664 999 26 15 en
705 992 53 21 hvar
774 992 65 21 borde
854 992 21 21 fä
891 992 87 21 besvära
993 991 32 27 sig

198 1019 39 21 hos
259 1020 41 20 den
323 1020 121 26 auktoritet,
468 1022 67 20 under
559 1021 84 21 hvilken
659 1022 40 20 han
715 1021 155 21 subordinerar.
902 1020 39 22 Om
957 1020 68 21 denna

197 1048 119 21 auktoritet
339 1055 62 15 anser
423 1050 25 20 de
472 1050 21 20 af
514 1050 78 21 honom
608 1050 121 26 förebragta
744 1049 73 21 skälen
833 1055 50 15 vara
899 1048 22 22 af
935 1049 38 21 den
990 1048 34 21 be-

197 1076 126 25 skaffenhet,
341 1080 32 18 att
389 1078 41 21 han
445 1078 46 21 icke
507 1078 39 21 bör
562 1078 102 27 betungas
680 1079 47 20 med
744 1084 41 20 nya
799 1078 132 26 åligganden,
947 1078 24 20 sä
987 1077 38 21 bör

198 1104 41 22 han
263 1106 34 20 väl
320 1106 27 20 dä
370 1112 50 16 vara
435 1107 26 21 fri
476 1106 45 22 från
538 1107 36 21 det
589 1114 41 20 nya
647 1107 123 27 uppdraget.
802 1106 135 22 Guvernören
953 1108 23 18 är
991 1105 34 21 väl

198 1133 17 26 ej
233 1134 40 20 den
289 1136 57 19 rätta
361 1141 103 19 personen
481 1137 31 19 att
527 1135 117 21 bestämma
661 1141 32 15 om
710 1137 13 18 t.
741 1141 32 14 ex.
790 1135 92 20 militära
898 1134 51 21 eller
965 1134 60 21 civila

197 1162 128 25 tjenstemän
350 1163 98 26 möjligen
472 1163 71 22 kunna
558 1163 53 22 eller
626 1164 46 21 icke
688 1164 71 20 kunna
775 1163 113 20 medhinna
903 1162 121 27 ytterligare

198 1189 126 27 åligganden
347 1193 59 19 utom
430 1192 53 26 dem,
506 1198 46 15 som
573 1193 61 20 deras
650 1192 105 26 egentliga
770 1191 64 27 tjenst
849 1191 104 21 omfattar.
985 1190 41 27 Jag

197 1225 63 14 anser
286 1219 89 22 sålunda
400 1221 124 26 paragrafen
550 1220 52 21 böra
624 1221 109 20 förändras
758 1221 5 20 i
787 1220 36 21 det
838 1219 21 22 af
874 1220 42 26 mig
933 1219 92 27 antydda

197 1247 65 26 syftet
287 1247 39 22 och
352 1248 95 22 anhäller
470 1251 32 19 att
524 1249 86 21 ständet
633 1249 47 21 ville
696 1249 33 20 vid
745 1249 69 21 denna
829 1248 43 21 min
888 1247 137 27 anmärkning

197 1275 55 22 fästa
268 1275 115 28 tillbörligt
398 1277 104 22 afseende.

268 1361 143 27 Domprosten
434 1363 143 20 Renvall:
608 1363 42 21 För
673 1363 42 20 min
736 1362 34 21 del
785 1361 68 22 skulle
867 1362 36 26 jag
918 1360 49 27 vilja
981 1360 43 21 till-

197 1389 74 27 styrka
293 1390 28 21 30
344 1391 30 26 &:s
397 1391 125 26 antagande.
553 1391 42 21 Det
617 1397 45 15 som
685 1391 149 27 kyrkoherden
855 1390 57 21 Roos
927 1389 99 22 anmärkt

197 1420 58 18 emot
279 1419 129 26 densamma,
431 1419 39 22 har
492 1420 6 20 i
522 1426 24 15 en
562 1420 68 26 punkt
646 1419 67 22 blifvit
728 1419 124 26 tillräckligt
867 1417 124 27 vederlagdt
1006 1417 22 22 af

196 1445 203 28 kontraktsprosten
422 1448 106 27 Alopeus.
558 1448 62 21 Hvad
638 1449 47 20 åter
699 1449 13 18 2
728 1454 63 15 mom.
809 1446 107 26 beträffar,
933 1446 93 21 önskade

197 1474 148 27 kyrkoherden
361 1476 63 27 Roos,
440 1483 34 14 om
488 1477 36 26 jag
539 1479 44 19 rätt
597 1477 63 20 fattat
675 1477 53 21 hans
746 1475 142 28 andragande,
899 1477 32 19 att
939 1474 87 27 afsägel-

196 1509 37 15 sen
249 1503 68 22 skulle
333 1504 85 27 pröfvas
432 1506 28 25 pä
469 1505 175 26 rädhusstämma,
655 1506 69 21 säsom
735 1505 6 20 i
753 1504 40 22 den
803 1504 112 27 kejserliga
932 1503 94 28 proposi-

196 1531 74 22 tionen
285 1532 96 27 föreslås,
396 1533 7 21 i
419 1533 71 22 stället
504 1533 33 22 för
552 1534 22 21 af
588 1533 196 27 stadsfullmägtige.
814 1533 65 21 Detta
894 1532 71 21 inkast
979 1533 47 20 åter
