1117 1817
347 143 161 17 Presteständet
520 144 56 16 1872.
593 134 20 26 6
624 143 52 21 juni.
841 138 54 20 1649

100 218 66 27 ligare
182 218 78 21 föreslä
275 225 26 14 en
317 218 64 21 sädan
399 218 137 27 proposition.
559 218 47 21 Mot
622 218 25 20 de
663 218 74 26 talare,
752 224 45 14 som
814 218 63 20 hafva
889 224 36 14 an-

100 250 43 18 sett
165 247 51 21 våra
236 247 160 26 rättsprinciper
413 246 52 21 böra
480 246 48 21 vika
544 246 33 21 för
593 246 51 21 våra
660 246 138 21 ekonomiska
813 246 111 26 intresseu,

100 275 97 22 anhåller
216 275 35 26 jag
274 277 33 19 att
328 275 21 21 få
371 277 77 19 nämna
470 277 38 24 att,
533 275 65 26 enligt
614 275 42 20 min
672 275 71 26 tanke,
758 275 20 20 vi
793 275 34 20 stä
843 277 81 24 trygga,

100 304 87 26 sälänge
209 304 20 20 vi
250 304 33 20 stä
305 304 26 25 pä
347 303 36 21 vär
400 305 42 19 rätt
457 303 40 22 och
512 303 64 21 ställa
591 309 35 15 oss
642 304 26 25 pä
684 304 40 20 den
741 303 97 26 rättsliga
853 303 71 21 ständ-

100 333 101 26 punkten.
233 332 41 21 Det
289 334 24 19 är
329 332 60 24 blott,
406 332 26 21 dä
448 332 20 21 vi
483 332 23 21 af
520 332 145 26 hvarjehanda
681 332 183 21 konsiderationer
881 331 44 21 läta

100 361 41 21 den
164 363 94 24 trampas
281 360 68 21 under
370 361 99 26 fötterna,
492 367 44 14 som
559 361 19 20 vi
601 361 80 20 riskera
702 360 38 21 vär
755 361 84 20 tillvara
855 360 69 21 säsom

100 390 79 21 nation.
209 389 41 26 Jag
267 391 44 19 tror
326 391 31 19 att
370 389 45 26 just
430 389 5 21 i
450 389 175 26 jernvägsfrägan
642 389 36 20 det
693 391 24 18 är
727 389 24 20 sä
761 389 84 26 mycket
856 391 69 18 större

100 418 47 21 skäl
169 419 32 20 att
222 417 58 22 hälla
295 418 26 25 pä
337 418 36 21 det
387 419 63 19 rätta.
466 424 45 15 som
528 424 48 15 man
592 418 6 20 i
614 417 133 27 tidningarne
763 423 41 20 ser,
820 417 55 21 huru
890 417 36 21 det

100 449 57 18 rätta
172 446 91 21 kränkes
278 447 34 20 vid
329 447 39 20 den
382 446 94 27 jernväg,
492 453 45 14 som
554 447 79 26 bygges
650 446 46 21 frän
713 447 82 26 Hangö.

168 509 81 21 Rektor
264 509 160 21 Rosendal:
455 509 33 20 Dä
504 515 48 15 man
568 509 63 27 yrkat
646 509 27 26 pä
688 509 99 21 ärendets
804 509 120 21 äterremiss

101 537 32 22 till
150 538 111 25 utskottet,
277 537 39 21 har
327 544 47 15 man
385 537 55 27 gjort
452 538 36 21 det
500 538 68 21 under
579 538 40 20 den
628 537 158 27 förutsättning,
797 539 32 19 att
843 537 82 21 utskot-

100 569 32 18 tet
154 567 67 20 skulle
245 567 109 20 omarbeta
373 573 26 14 en
415 566 33 21 del
464 566 22 21 af
502 567 39 20 den
559 567 76 26 nädiga
651 566 165 27 propositionen,
832 566 93 21 utesluta

101 601 25 14 en
141 601 69 15 annan
233 595 34 21 del
288 595 22 21 af
324 595 121 21 densamma
460 595 40 21 och
516 595 99 25 slutligen
632 595 70 20 dertill
717 597 52 24 göra
785 595 73 26 längre
874 595 51 20 eller

101 623 86 21 kortare
203 624 79 26 tillägg.
313 624 65 21 Detta
401 623 142 22 förekommer
558 624 49 25 mig,
624 630 44 14 som
686 630 33 14 om
735 630 48 14 man
799 623 48 21 ville
864 629 62 20 repa-

99 659 49 14 rera
173 659 25 14 en
226 653 51 20 rock
303 652 26 26 pä
354 654 49 22 sätt,
428 654 34 19 att
485 659 48 14 man
548 652 68 27 gifver
631 653 39 20 den
687 654 47 25 nytt
749 651 59 22 foder
824 652 39 21 och
879 653 47 25 nytt

100 680 102 27 öfvertåg.
218 680 50 21 Man
285 680 47 21 ville
341 680 89 21 sålunda
444 680 128 21 föreskrifva
580 680 143 26 lagutskottet
733 683 32 18 att
781 682 53 24 göra
842 686 42 20 upp
900 686 26 14 en

98 715 28 20 ny
141 709 138 27 proposition.
311 709 64 21 Detta
390 715 62 15 anser
465 709 37 26 jag
517 709 56 26 ligga
588 712 59 18 utom
664 709 115 21 utskottets
799 708 128 27 befogenhet

100 738 39 20 och
155 737 107 27 afstyrker
277 737 82 21 säledes
374 738 64 20 ocksä
454 737 47 21 frän
517 738 41 20 den
574 738 134 26 synpunkten
724 738 128 20 äterremiss.

170 795 150 26 Öfverläraren
343 800 154 21 Kihlman:
528 800 49 21 Med
599 800 113 26 anledning
735 800 22 21 af
777 800 42 21 den
841 801 84 20 senaste

100 829 93 21 talarens
209 830 98 26 yttrande
323 829 37 21 ber
374 829 37 25 jag
426 831 32 19 att
473 829 21 21 fä
510 829 71 21 erinra
596 829 80 26 derom,
692 831 31 19 att
734 829 141 26 lagutskottet
888 828 37 21 har

99 858 68 20 under
190 857 69 21 denna
283 858 100 26 landtdag
399 857 99 27 framlagt
514 858 150 20 betänkanden
681 858 5 20 i
702 857 50 21 rakt
767 859 90 19 motsatt
871 856 54 27 syfte

100 888 57 18 emot
173 886 26 20 de
214 886 77 26 nädiga
306 886 190 26 propositionerna,
514 886 38 21 och
568 886 84 20 säledes
667 886 54 20 visat
731 888 32 18 att
775 886 35 21 det
821 886 41 20 kan
873 887 52 25 göra

100 914 90 27 mycket,
214 921 33 15 om
272 915 35 21 det
331 915 54 20 blott
407 914 41 22 vill.
479 914 136 22 Beträffande
630 914 108 27 professor
753 914 124 21 Ehrströms
893 916 33 24 yt-

100 944 76 20 trande
198 945 32 19 att
252 944 36 20 det
303 945 57 19 rätta
381 944 38 20 bör
435 943 63 21 hafva
514 943 108 21 företräde
638 942 87 22 framför
741 943 35 21 det
791 942 135 22 ekonomiskt

100 972 88 26 nyttiga,
211 972 36 20 vill
266 972 37 26 jag
317 972 119 22 framhålla,
452 974 32 19 att
498 972 37 26 jag
550 971 33 21 för
599 972 42 20 min
658 972 33 20 del
708 972 45 20 icke
769 972 50 20 hört
833 971 71 26 någon
919 971 7 20 i

102 1000 59 21 detta
176 1000 63 21 ständ
255 1001 5 20 i
277 1001 41 25 dag
332 1003 63 24 yttra,
412 1002 32 19 att
460 1001 36 21 det
512 1002 57 19 rätta
585 1000 69 21 skulle
670 1000 73 21 ställas
760 1000 5 21 i
776 1001 65 25 nägot
851 1005 74 15 senare

101 1035 52 14 rum.
184 1023 135 27 Åtminstone
338 1029 33 21 får
383 1030 43 26 jag,
442 1030 55 20 hvad
513 1029 43 26 mig
572 1029 49 27 sjelf
635 1028 108 26 beträffar,
759 1035 109 15 reservera
883 1028 43 26 mig

100 1060 44 18 mot
160 1064 25 14 en
201 1058 66 20 sädan
284 1058 138 26 beskyllning.

169 1120 84 21 Doktor
269 1120 170 26 Hornborg:
462 1120 42 26 Jag
520 1120 100 21 behöfver
636 1121 66 26 knapt
717 1122 58 24 yttra
785 1120 66 27 nägot
861 1126 66 17 mera,

101 1148 64 21 sedan
189 1149 142 20 öfverläraren
355 1148 99 21 Kihlman
478 1149 80 20 uttalat
573 1155 25 14 en
614 1151 83 24 protest
712 1151 44 18 mot
771 1149 40 20 den
827 1148 100 26 misstyd-

101 1177 50 26 ning
166 1177 23 20 af
203 1178 91 26 troligen
309 1177 48 21 mitt
371 1177 107 27 yttrande,
494 1184 46 15 som
556 1177 108 27 professor
679 1177 110 21 Ehrström
803 1176 74 22 tillätit
887 1176 39 26 sig.

100 1205 41 26 Jag
164 1205 39 21 har
228 1206 52 21 visst
305 1206 46 21 icke
376 1206 63 27 yrkat
462 1206 27 26 pä
512 1209 32 18 att
560 1206 36 21 det
611 1208 57 19 rätta
684 1206 67 21 skulle
767 1205 33 21 stä
815 1205 90 21 tillbaka
921 1205 6 20 i

101 1234 66 26 nägot
189 1235 44 23 fall,
257 1237 50 18 utan
332 1235 75 20 endast
424 1235 98 20 förordat
536 1235 123 20 äterremiss
674 1235 32 20 till
722 1234 105 21 utskottet
842 1234 6 20 i
864 1233 64 26 afsigt

101 1265 33 18 att
156 1263 164 26 tillvägabringa
343 1263 79 21 sådana
444 1263 75 26 tillägg
542 1263 39 21 och
604 1263 120 26 ändringar,
740 1269 44 14 som
798 1263 46 26 just
859 1262 68 21 skulle

101 1291 61 21 äfven
187 1291 46 21 från
259 1291 84 27 rättslig
369 1292 106 26 synpunkt
497 1292 117 26 förebygga
639 1294 31 19 ett
695 1291 47 21 med
758 1291 35 21 det
808 1293 58 19 rätta
881 1291 47 20 icke

102 1320 229 21 öfverensstämmande
347 1320 139 21 förhållande.

170 1383 79 26 Biskop
273 1383 178 21 Schauman:
475 1383 42 26 Jag
536 1383 38 21 ber
589 1383 56 20 blott
660 1385 32 18 att
707 1383 47 20 med
771 1382 66 27 några
852 1381 39 22 ord
907 1381 21 21 få

101 1413 50 24 taga
173 1411 143 27 lagutskottet
338 1412 6 20 i
359 1412 82 20 försvar
456 1415 46 18 mot
518 1412 26 20 de
560 1411 68 21 hårda
643 1411 162 27 beskyllningar,
821 1417 45 14 som
883 1412 45 19 mot

102 1440 118 21 detsamma
243 1440 69 21 blifvit
331 1440 118 21 utkastade.
480 1440 44 21 När
537 1440 37 27 jag
590 1442 62 24 säger
667 1439 146 27 lagutskottet,
829 1439 24 21 så
867 1439 61 20 inbe-

100 1469 72 25 griper
191 1469 38 26 jag
252 1469 41 24 mig
316 1468 48 27 sjelf
377 1469 46 20 icke
440 1469 51 25 deri,
508 1471 51 18 utan
576 1469 25 20 de
618 1469 52 25 högt
685 1468 78 21 aktade
775 1468 94 26 jurister,
882 1473 46 14 som

102 1497 37 20 der
155 1497 58 20 sitta.
243 1497 49 20 Man
309 1497 38 20 har
362 1497 13 20 å
390 1503 39 14 ena
445 1497 60 20 sidan
522 1499 54 24 sagt,
591 1499 33 18 att
639 1497 106 20 utskottet
757 1497 46 25 gått
813 1495 116 22 cavaliere-

101 1527 58 19 ment
174 1525 99 26 tillväga;
289 1525 13 21 å
317 1525 66 22 andra
399 1525 59 21 sidan
474 1526 40 21 har
525 1532 49 14 man
584 1525 73 22 tackat
668 1525 35 21 det
714 1525 32 21 för
759 1526 47 19 dess
819 1524 110 22 utmärkta
