1117 1817
454 144 104 32 Register.
835 145 54 20 1819

275 231 98 20 häfvande
384 231 20 19 af
417 232 11 19 5
441 233 10 22 $
464 232 26 19 20
502 232 44 25 kap.
563 232 21 19 B.
600 232 21 19 B.
637 233 51 18 samt
704 231 215 24 sädesförmalningens

275 260 121 19 hänförande
407 260 28 19 till
446 260 25 19 de
483 261 36 18 fria
530 261 125 24 näringarna,
666 260 34 19 det
715 260 62 19 andra
793 260 29 19 till
841 260 78 19 hederv.

274 288 146 20 bondeständet
441 289 20 18 af
480 289 133 24 Jandtdagsm.
628 289 119 19 Niskakoski
764 289 37 19 och
816 288 105 25 Merenoja,

275 317 83 19 rörande
379 317 95 25 utvidgad
497 319 39 18 rätt
558 319 30 18 att
608 317 102 20 förvandla
725 317 196 25 husbehofsgvarnar

275 345 29 20 till
327 345 129 26 tullgvarnar,
478 346 58 19 äfven
552 352 31 13 om
600 346 38 19 den
653 345 105 20 faststälda
774 346 147 19 minimiräntan

274 374 43 19 icke
340 374 67 19 kunde
423 374 45 19 från
490 375 101 19 desamma
613 374 103 25 päräknas.
746 375 23 19 B.
792 375 14 19 I
830 375 47 19 504.
897 375 23 19 A.

275 403 14 19 I.
306 403 47 20 566.

178 431 38 20 N:o
247 432 12 19 3
274 432 6 18 i
296 431 39 20 anl.
355 432 20 19 af
397 432 84 25 petition
502 438 32 13 om
557 432 119 25 försäljning
696 432 19 19 af
737 432 24 19 de
783 432 78 19 mindre
883 432 37 19 och

275 460 85 19 kontroll
383 461 54 19 öfver
458 461 24 19 de
503 463 63 17 större
590 461 44 18 utaf
650 460 77 19 militie-
743 461 36 19 och
795 461 125 19 civilstatens

276 489 103 20 boställen.
409 489 21 19 B.
446 489 14 19 I.
476 490 47 19 509.
554 489 21 19 A.
592 489 13 19 I.
622 489 119 20 605—608.

195 532 9 9 n
248 518 12 19 4
276 518 5 18 i
300 517 39 20 anl.
361 518 20 19 af
402 524 18 13 n.
443 524 56 19 prop.
515 517 37 20 N:o
568 519 33 23 32,
616 524 45 18 ang.
676 518 110 19 anvisande
801 518 20 19 af
836 518 85 19 kreditiv

276 546 30 19 till
332 546 236 25 undsättningsätgärder
590 546 65 19 under
677 546 122 20 missvexter
821 547 48 19 eller
892 547 29 18 till

277 575 62 19 andra
362 575 168 25 utomordentliga
552 575 64 20 behof.
647 575 21 19 B.
684 575 24 19 II.
725 576 46 19 623.
801 575 22 20 A.
840 575 23 20 IL
881 575 40 20 749

278 605 75 18 —775.

195 647 10 9 »
250 633 11 19 5
277 632 6 19 i
299 632 38 19 anl.
353 633 19 18 af
388 639 17 13 n.
421 639 55 18 prop.
492 632 37 20 N:o
545 633 33 20 28,
593 639 45 18 ang.
653 633 110 24 bevillning
779 633 29 19 till
824 633 97 25 fängelse-

279 661 106 19 väsendets
397 661 107 19 ordnande.
526 662 21 18 B.
557 661 35 19 IH.
612 662 60 18 1183.
696 661 22 19 A.
730 661 33 19 III.
776 662 146 19 1293—1309.

195 704 10 10 w
250 690 33 20 Gi
305 690 38 19 anl
366 690 20 18 af
408 696 17 13 n.
448 696 56 19 prop.
526 690 38 19 N:o
580 690 33 24 34,
628 696 32 12 om
676 689 70 25 anslag
761 690 19 19 af
796 690 127 24 bevillnings-

278 718 64 19 medel
365 718 30 19 till
416 718 205 20 folkskoleväsendets
636 718 107 20 ordnande.
774 718 21 20 B.
811 718 33 20 HI.
862 719 61 19 1183.

279 747 21 19 A.
313 746 34 20 III.
366 747 145 19 1315—1349.
528 747 20 19 B.
564 747 36 19 TII.
618 747 60 19 1626.
694 747 23 19 A.
732 747 35 19 III.
785 748 60 23 1657,
863 748 60 18 1703.

196 790 10 10 »
251 776 33 19 7i
306 776 39 19 anl.
367 776 20 18 af
408 775 226 26 Finansexpeditionens
657 775 6 19 i
679 775 24 19 K.
719 775 86 20 Senaten
821 776 30 18 till
867 778 56 17 stän-

279 804 60 20 derna
361 804 75 25 afgifna
458 804 83 20 relation
564 810 31 13 om
618 804 131 20 statsverkets
774 804 97 20 tillstånd.
901 804 22 19 B.

279 832 34 20 HI.
331 833 60 19 1183.
421 833 23 19 A.
459 832 35 20 III.
511 833 145 23 1349-—1350,
674 833 59 19 1351.

197 876 10 10 »
251 862 31 20 8i
304 861 39 20 anl
365 862 20 18 af
406 861 33 19 det
462 862 30 18 till
515 868 19 12 n.
555 868 55 18 prop.
626 861 38 19 N:o
680 862 32 24 36,
728 868 44 18 ang.
789 861 134 25 tillverkning,

279 890 119 25 försäljning
418 890 38 19 och
478 890 85 24 forsling
577 890 20 19 af
613 890 88 23 bränvin,
718 890 69 24 fogade
803 890 74 24 förslag
891 896 32 13 om

279 919 187 19 bränvinsskattens
484 918 131 20 användande
638 918 38 19 och
697 918 117 26 fördolning.
844 918 22 20 B.
889 918 34 20 III.

281 948 60 19 1183.
371 948 22 19 A.
410 947 34 19 III.
461 948 146 24 1352—1369,
624 948 60 18 1659.

198 991 10 9 »
253 976 34 20 Ii
307 976 39 20 anl
369 976 20 19 af
411 982 18 13 n.
454 982 55 19 prop.
533 977 25 18 25
581 982 44 18 ang.
648 976 108 19 anvisande
778 976 20 19 af
816 976 63 20 medel
895 976 29 20 till

280 1005 128 19 bestridande
430 1005 20 19 af
472 1004 220 26 landtdagskostnader.
722 1004 21 20 B.
759 1004 34 20 HI.
811 1006 60 18 1184.
902 1005 22 19 A.

281 1034 34 18 111.
332 1034 61 19 1369.

198 1077 11 9 »
240 1063 25 19 10
281 1068 44 19 ang.
349 1062 91 25 samtliga
463 1062 33 19 vid
518 1062 66 19 denna
606 1062 94 24 landtdag
722 1062 116 25 ifrågasatta
855 1062 70 25 anslag

281 1093 52 17 samt
355 1092 62 18 sättet
437 1091 29 19 för
488 1090 128 20 anskaffande
638 1091 20 18 af
679 1091 64 19 medel
765 1091 29 19 till
817 1091 107 19 desamma.

281 1120 35 18 HI.
334 1120 60 19 1184.
424 1120 23 18 A.
463 1119 34 19 JIL
514 1120 146 22 1370-1373,
677 1120 146 19 1660—1661.

199 1163 10 9 »
241 1148 100 19 11ianl.
360 1148 20 19 af
392 1149 29 18 ett
431 1148 54 19 inom
495 1147 151 20 Bondeständet
654 1147 57 20 väckt
719 1148 168 25 petitionsförslag
895 1149 30 18 att

281 1177 39 19 den
335 1176 6 19 i
357 1176 93 25 Wiborgs
471 1176 33 19 län
520 1176 64 19 under
599 1182 59 13 namn
673 1177 20 18 af
707 1177 153 24 gärdehömedel
876 1183 50 18 upp-

281 1205 64 19 burna
367 1205 53 20 skatt
441 1205 62 19 måtte
526 1205 117 25 upphäfvas.
673 1205 21 19 B.
709 1205 37 19 III.
765 1205 59 20 1453.
855 1205 11 19 A
892 1205 35 19 III

283 1234 60 19 1622.

102 1261 129 28 Stenografer,
247 1263 51 24 Ang.
316 1262 112 25 antagande
446 1263 25 19 af.
502 1262 15 20 I.
534 1263 32 23 21,
582 1263 33 22 30,
631 1262 90 25 31—40,
736 1263 47 19 501.
813 1262 35 20 III.
866 1263 60 19 1556.

184 1291 23 20 R.
222 1291 35 20 JII.
274 1292 61 19 1620.
365 1292 22 19 A.
403 1291 35 20 III
456 1291 146 19 1702—1703.

102 1318 28 23 S:t
148 1318 78 24 Michels
244 1320 44 19 stad
304 1320 38 19 och
357 1321 65 24 öppna
438 1319 85 25 Saimen,
538 1319 69 19 Farled
622 1319 89 20 emellan.
741 1319 25 20 Se
781 1326 56 19 prop.
853 1319 38 20 N:o
909 1320 18 19 1.

102 1347 252 29 Stämpelpappersafgiften,
369 1348 123 25 Förordning
507 1354 45 19 ang.
583 1347 25 20 Sc
623 1353 55 20 prop.
693 1347 38 20 N:o
747 1349 32 19 35.

102 1376 124 25 Ständerhus,
242 1378 45 24 Ang
301 1377 125 25 uppförande
441 1377 21 19 af
476 1378 31 18 ett
522 1377 129 24 gemensamt.
681 1376 24 19 II.
723 1377 46 22 793,
785 1377 47 19 836.
862 1377 18 18 R
900 1376 26 19 IL

186 1407 47 18 902.
243 1406 21 19 B.
275 1405 36 20 III.
324 1406 61 19 1426.
395 1406 23 19 A.
429 1405 35 20 III.
476 1406 62 23 1658,
550 1405 60 24 1722,
627 1405 60 24 1735,
703 1405 61 25 1736,
781 1405 147 25 1745—1749,

187 1435 146 23 1752-1755,
349 1434 61 24 1756,
426 1434 62 20 1760.

103 1461 84 24 Svenska
203 1457 84 37 spräket,
303 1463 64 24 Fråga
381 1469 33 13 om
429 1462 25 25 pä
466 1463 65 19 finska
542 1462 81 26 språket
633 1462 91 19 affattade
735 1463 118 25 petitioners
863 1463 64 19 öfver-

186 1492 89 25 sättning
291 1491 35 20 till.
342 1491 15 20 I.
374 1492 90 23 80—82,
481 1491 47 20 107.

185 1519 180 26 Borgareständets
380 1520 115 25 prot.-utdr.
510 1519 62 26 jemte
587 1521 29 18 ett
630 1519 196 25 petitionsmemorial
841 1526 45 19 ang.
902 1525 25 14 en

186 1549 111 25 profession
312 1549 13 19 i.
355 1549 15 18 I.
386 1549 120 24 224—225,
523 1548 118 19 244-255.
