<?xml version="1.0" encoding="UTF-8"?>
<alto xmlns="http://www.loc.gov/standards/alto/ns-v3#" xmlns:xlink="http://www.w3.org/1999/xlink" xmlns:xsi="http://www.w3.org/2001/XMLSchema-instance" xsi:schemaLocation="http://www.loc.gov/standards/alto/ns-v3# http://www.loc.gov/alto/v3/alto-3-0.xsd">
	<Description>
		<MeasurementUnit>pixel</MeasurementUnit>
		<sourceImageInformation>
			<fileName>/tmp/tess_e2n27_7n_input.PNG</fileName>
		</sourceImageInformation>
		<OCRProcessing ID="OCR_0">
			<ocrProcessingStep>
				<processingSoftware>
					<softwareName>tesseract 5.3.4</softwareName>
				</processingSoftware>
			</ocrProcessingStep>
		</OCRProcessing>
	</Description>
	<Layout>
		<Page WIDTH="1117" HEIGHT="1817" PHYSICAL_IMG_NR="0" ID="page_0">
			<PrintSpace HPOS="0" VPOS="0" WIDTH="1117" HEIGHT="1817">
				<ComposedBlock ID="cblock_0" HPOS="213" VPOS="114" WIDTH="548" HEIGHT="28">
					<TextBlock ID="block_0" HPOS="213" VPOS="114" WIDTH="548" HEIGHT="28">
						<TextLine ID="line_0" HPOS="213" VPOS="114" WIDTH="548" HEIGHT="28">
							<String ID="string_0" HPOS="213" VPOS="114" WIDTH="54" HEIGHT="21" WC="0.96" CONTENT="1414"/><SP WIDTH="152" VPOS="114" HPOS="267"/>
							<String ID="string_1" HPOS="419" VPOS="120" WIDTH="162" HEIGHT="18" WC="0.91" CONTENT="Presteståndet"/><SP WIDTH="13" VPOS="120" HPOS="581"/>
							<String ID="string_2" HPOS="594" VPOS="122" WIDTH="55" HEIGHT="16" WC="0.96" CONTENT="1872."/><SP WIDTH="25" VPOS="122" HPOS="649"/>
							<String ID="string_3" HPOS="674" VPOS="122" WIDTH="27" HEIGHT="16" WC="0.95" CONTENT="29"/><SP WIDTH="12" VPOS="122" HPOS="701"/>
							<String ID="string_4" HPOS="713" VPOS="121" WIDTH="48" HEIGHT="21" WC="0.96" CONTENT="maj."/>
						</TextLine>
					</TextBlock>
				</ComposedBlock>
				<GraphicalElement ID="cblock_1" HPOS="182" VPOS="152" WIDTH="828" HEIGHT="5"></GraphicalElement >
				<ComposedBlock ID="cblock_2" HPOS="178" VPOS="200" WIDTH="834" HEIGHT="1193">
					<TextBlock ID="block_1" HPOS="178" VPOS="200" WIDTH="834" HEIGHT="1193">
						<TextLine ID="line_1" HPOS="182" VPOS="200" WIDTH="826" HEIGHT="27">
							<String ID="string_5" HPOS="182" VPOS="200" WIDTH="69" HEIGHT="20" WC="0.96" CONTENT="såsom"/><SP WIDTH="23" VPOS="200" HPOS="251"/>
							<String ID="string_6" HPOS="274" VPOS="200" WIDTH="75" HEIGHT="26" WC="0.96" CONTENT="lärare,"/><SP WIDTH="23" VPOS="200" HPOS="349"/>
							<String ID="string_7" HPOS="372" VPOS="200" WIDTH="117" HEIGHT="27" WC="0.96" CONTENT="angelägna"/><SP WIDTH="23" VPOS="200" HPOS="489"/>
							<String ID="string_8" HPOS="512" VPOS="207" WIDTH="34" HEIGHT="14" WC="0.95" CONTENT="om"/><SP WIDTH="24" VPOS="207" HPOS="546"/>
							<String ID="string_9" HPOS="570" VPOS="203" WIDTH="32" HEIGHT="19" WC="0.95" CONTENT="att"/><SP WIDTH="15" VPOS="203" HPOS="602"/>
							<String ID="string_10" HPOS="617" VPOS="201" WIDTH="69" HEIGHT="21" WC="0.96" CONTENT="uttala"/><SP WIDTH="14" VPOS="201" HPOS="686"/>
							<String ID="string_11" HPOS="700" VPOS="201" WIDTH="45" HEIGHT="21" WC="0.96" CONTENT="sina"/><SP WIDTH="16" VPOS="201" HPOS="745"/>
							<String ID="string_12" HPOS="761" VPOS="200" WIDTH="77" HEIGHT="22" WC="0.96" CONTENT="tankar"/><SP WIDTH="15" VPOS="200" HPOS="838"/>
							<String ID="string_13" HPOS="853" VPOS="200" WIDTH="6" HEIGHT="22" WC="0.96" CONTENT="i"/><SP WIDTH="16" VPOS="200" HPOS="859"/>
							<String ID="string_14" HPOS="875" VPOS="200" WIDTH="79" HEIGHT="27" WC="0.96" CONTENT="frågan,"/><SP WIDTH="17" VPOS="200" HPOS="954"/>
							<String ID="string_15" HPOS="971" VPOS="200" WIDTH="37" HEIGHT="21" WC="0.96" CONTENT="och"/>
						</TextLine>
						<TextLine ID="line_2" HPOS="183" VPOS="227" WIDTH="825" HEIGHT="28">
							<String ID="string_16" HPOS="183" VPOS="227" WIDTH="65" HEIGHT="27" WC="0.96" CONTENT="enligt"/><SP WIDTH="15" VPOS="227" HPOS="248"/>
							<String ID="string_17" HPOS="263" VPOS="228" WIDTH="54" HEIGHT="21" WC="0.96" CONTENT="hvad"/><SP WIDTH="14" VPOS="228" HPOS="317"/>
							<String ID="string_18" HPOS="331" VPOS="228" WIDTH="36" HEIGHT="27" WC="0.96" CONTENT="jag"/><SP WIDTH="15" VPOS="228" HPOS="367"/>
							<String ID="string_19" HPOS="382" VPOS="235" WIDTH="75" HEIGHT="20" WC="0.96" CONTENT="genom"/><SP WIDTH="16" VPOS="235" HPOS="457"/>
							<String ID="string_20" HPOS="473" VPOS="229" WIDTH="155" HEIGHT="26" WC="0.96" CONTENT="förfrågningar"/><SP WIDTH="16" VPOS="229" HPOS="628"/>
							<String ID="string_21" HPOS="644" VPOS="229" WIDTH="68" HEIGHT="21" WC="0.96" CONTENT="blifvit"/><SP WIDTH="15" VPOS="229" HPOS="712"/>
							<String ID="string_22" HPOS="727" VPOS="229" WIDTH="139" HEIGHT="21" WC="0.96" CONTENT="underrättad"/><SP WIDTH="15" VPOS="229" HPOS="866"/>
							<String ID="string_23" HPOS="881" VPOS="235" WIDTH="40" HEIGHT="18" WC="0.93" CONTENT="om,"/><SP WIDTH="11" VPOS="235" HPOS="921"/>
							<String ID="string_24" HPOS="932" VPOS="228" WIDTH="76" HEIGHT="21" WC="0.92" CONTENT="beträf-"/>
						</TextLine>
						<TextLine ID="line_3" HPOS="182" VPOS="255" WIDTH="826" HEIGHT="29">
							<String ID="string_25" HPOS="182" VPOS="255" WIDTH="63" HEIGHT="22" WC="0.91" CONTENT="fande"/><SP WIDTH="22" VPOS="255" HPOS="245"/>
							<String ID="string_26" HPOS="267" VPOS="257" WIDTH="173" HEIGHT="26" WC="0.92" CONTENT="församlingarne"/><SP WIDTH="24" VPOS="257" HPOS="440"/>
							<String ID="string_27" HPOS="464" VPOS="260" WIDTH="80" HEIGHT="23" WC="0.93" CONTENT="norrut,"/><SP WIDTH="24" VPOS="260" HPOS="544"/>
							<String ID="string_28" HPOS="568" VPOS="258" WIDTH="72" HEIGHT="26" WC="0.92" CONTENT="hystes"/><SP WIDTH="24" VPOS="258" HPOS="640"/>
							<String ID="string_29" HPOS="664" VPOS="258" WIDTH="37" HEIGHT="21" WC="0.96" CONTENT="der"/><SP WIDTH="24" VPOS="258" HPOS="701"/>
							<String ID="string_30" HPOS="725" VPOS="263" WIDTH="82" HEIGHT="16" WC="0.96" CONTENT="samma"/><SP WIDTH="15" VPOS="263" HPOS="807"/>
							<String ID="string_31" HPOS="822" VPOS="258" WIDTH="69" HEIGHT="21" WC="0.95" CONTENT="tanke."/><SP WIDTH="31" VPOS="258" HPOS="891"/>
							<String ID="string_32" HPOS="922" VPOS="256" WIDTH="86" HEIGHT="22" WC="0.96" CONTENT="Folkets"/>
						</TextLine>
						<TextLine ID="line_4" HPOS="183" VPOS="285" WIDTH="825" HEIGHT="28">
							<String ID="string_33" HPOS="183" VPOS="285" WIDTH="80" HEIGHT="21" WC="0.96" CONTENT="önskan"/><SP WIDTH="16" VPOS="285" HPOS="263"/>
							<String ID="string_34" HPOS="279" VPOS="291" WIDTH="37" HEIGHT="15" WC="0.90" CONTENT="var"/><SP WIDTH="15" VPOS="291" HPOS="316"/>
							<String ID="string_35" HPOS="331" VPOS="286" WIDTH="104" HEIGHT="27" WC="0.90" CONTENT="nemligen"/><SP WIDTH="16" VPOS="286" HPOS="435"/>
							<String ID="string_36" HPOS="451" VPOS="286" WIDTH="47" HEIGHT="26" WC="0.96" CONTENT="den,"/><SP WIDTH="16" VPOS="286" HPOS="498"/>
							<String ID="string_37" HPOS="514" VPOS="288" WIDTH="32" HEIGHT="19" WC="0.93" CONTENT="att"/><SP WIDTH="16" VPOS="288" HPOS="546"/>
							<String ID="string_38" HPOS="562" VPOS="286" WIDTH="185" HEIGHT="21" WC="0.92" CONTENT="bränvinsskatten"/><SP WIDTH="16" VPOS="286" HPOS="747"/>
							<String ID="string_39" HPOS="763" VPOS="286" WIDTH="68" HEIGHT="21" WC="0.96" CONTENT="skulle"/><SP WIDTH="15" VPOS="286" HPOS="831"/>
							<String ID="string_40" HPOS="846" VPOS="286" WIDTH="59" HEIGHT="27" WC="0.95" CONTENT="höjas"/><SP WIDTH="13" VPOS="286" HPOS="905"/>
							<String ID="string_41" HPOS="918" VPOS="285" WIDTH="50" HEIGHT="22" WC="0.95" CONTENT="till"/><SP WIDTH="-4" VPOS="285" HPOS="968"/>
							<String ID="string_42" HPOS="964" VPOS="281" WIDTH="10" HEIGHT="36" WC="0.92" CONTENT="I"/><SP WIDTH="8" VPOS="281" HPOS="974"/>
							<String ID="string_43" HPOS="982" VPOS="292" WIDTH="26" HEIGHT="14" WC="0.92" CONTENT="m."/>
						</TextLine>
						<TextLine ID="line_5" HPOS="182" VPOS="313" WIDTH="827" HEIGHT="28">
							<String ID="string_44" HPOS="182" VPOS="313" WIDTH="28" HEIGHT="21" WC="0.93" CONTENT="60"/><SP WIDTH="15" VPOS="313" HPOS="210"/>
							<String ID="string_45" HPOS="225" VPOS="319" WIDTH="19" HEIGHT="20" WC="0.91" CONTENT="p."/><SP WIDTH="31" VPOS="319" HPOS="244"/>
							<String ID="string_46" HPOS="275" VPOS="314" WIDTH="32" HEIGHT="21" WC="0.95" CONTENT="De"/><SP WIDTH="16" VPOS="314" HPOS="307"/>
							<String ID="string_47" HPOS="323" VPOS="314" WIDTH="70" HEIGHT="21" WC="0.96" CONTENT="kunde"/><SP WIDTH="23" VPOS="314" HPOS="393"/>
							<String ID="string_48" HPOS="416" VPOS="315" WIDTH="32" HEIGHT="20" WC="0.96" CONTENT="väl"/><SP WIDTH="17" VPOS="315" HPOS="448"/>
							<String ID="string_49" HPOS="465" VPOS="315" WIDTH="17" HEIGHT="26" WC="0.96" CONTENT="ej"/><SP WIDTH="26" VPOS="315" HPOS="482"/>
							<String ID="string_50" HPOS="508" VPOS="314" WIDTH="33" HEIGHT="21" WC="0.96" CONTENT="för"/><SP WIDTH="16" VPOS="314" HPOS="541"/>
							<String ID="string_51" HPOS="557" VPOS="315" WIDTH="39" HEIGHT="21" WC="0.96" CONTENT="den"/><SP WIDTH="17" VPOS="315" HPOS="596"/>
							<String ID="string_52" HPOS="613" VPOS="314" WIDTH="145" HEIGHT="27" WC="0.96" CONTENT="förhöjningen"/><SP WIDTH="16" VPOS="314" HPOS="758"/>
							<String ID="string_53" HPOS="774" VPOS="315" WIDTH="73" HEIGHT="21" WC="0.96" CONTENT="anföra"/><SP WIDTH="16" VPOS="315" HPOS="847"/>
							<String ID="string_54" HPOS="863" VPOS="315" WIDTH="79" HEIGHT="20" WC="0.96" CONTENT="sådana"/><SP WIDTH="15" VPOS="315" HPOS="942"/>
							<String ID="string_55" HPOS="957" VPOS="314" WIDTH="52" HEIGHT="24" WC="0.96" CONTENT="skäl,"/>
						</TextLine>
						<TextLine ID="line_6" HPOS="182" VPOS="341" WIDTH="827" HEIGHT="26">
							<String ID="string_56" HPOS="182" VPOS="347" WIDTH="45" HEIGHT="15" WC="0.96" CONTENT="som"/><SP WIDTH="23" VPOS="347" HPOS="227"/>
							<String ID="string_57" HPOS="250" VPOS="341" WIDTH="39" HEIGHT="22" WC="0.93" CONTENT="här"/><SP WIDTH="24" VPOS="341" HPOS="289"/>
							<String ID="string_58" HPOS="313" VPOS="342" WIDTH="67" HEIGHT="21" WC="0.95" CONTENT="blifvit"/><SP WIDTH="23" VPOS="342" HPOS="380"/>
							<String ID="string_59" HPOS="403" VPOS="343" WIDTH="87" HEIGHT="21" WC="0.95" CONTENT="anförda"/><SP WIDTH="21" VPOS="343" HPOS="490"/>
							<String ID="string_60" HPOS="511" VPOS="343" WIDTH="33" HEIGHT="21" WC="0.96" CONTENT="för"/><SP WIDTH="22" VPOS="343" HPOS="544"/>
							<String ID="string_61" HPOS="566" VPOS="343" WIDTH="48" HEIGHT="22" WC="0.96" CONTENT="dess"/><SP WIDTH="22" VPOS="343" HPOS="614"/>
							<String ID="string_62" HPOS="636" VPOS="343" WIDTH="149" HEIGHT="21" WC="0.96" CONTENT="bibehållande"/><SP WIDTH="16" VPOS="343" HPOS="785"/>
							<String ID="string_63" HPOS="801" VPOS="343" WIDTH="34" HEIGHT="21" WC="0.96" CONTENT="vid"/><SP WIDTH="23" VPOS="343" HPOS="835"/>
							<String ID="string_64" HPOS="858" VPOS="344" WIDTH="3" HEIGHT="19" WC="0.83" CONTENT="|"/><SP WIDTH="18" VPOS="344" HPOS="861"/>
							<String ID="string_65" HPOS="879" VPOS="343" WIDTH="67" HEIGHT="24" WC="0.96" CONTENT="mark,"/><SP WIDTH="16" VPOS="343" HPOS="946"/>
							<String ID="string_66" HPOS="962" VPOS="349" WIDTH="47" HEIGHT="15" WC="0.96" CONTENT="men"/>
						</TextLine>
						<TextLine ID="line_7" HPOS="183" VPOS="370" WIDTH="825" HEIGHT="28">
							<String ID="string_67" HPOS="183" VPOS="370" WIDTH="61" HEIGHT="21" WC="0.96" CONTENT="deras"/><SP WIDTH="24" VPOS="370" HPOS="244"/>
							<String ID="string_68" HPOS="268" VPOS="371" WIDTH="45" HEIGHT="21" WC="0.96" CONTENT="skäl"/><SP WIDTH="22" VPOS="371" HPOS="313"/>
							<String ID="string_69" HPOS="335" VPOS="371" WIDTH="66" HEIGHT="22" WC="0.96" CONTENT="borde"/><SP WIDTH="23" VPOS="371" HPOS="401"/>
							<String ID="string_70" HPOS="424" VPOS="371" WIDTH="54" HEIGHT="22" WC="0.96" CONTENT="dock"/><SP WIDTH="22" VPOS="371" HPOS="478"/>
							<String ID="string_71" HPOS="500" VPOS="374" WIDTH="60" HEIGHT="24" WC="0.96" CONTENT="tagas"/><SP WIDTH="16" VPOS="374" HPOS="560"/>
							<String ID="string_72" HPOS="576" VPOS="372" WIDTH="7" HEIGHT="21" WC="0.96" CONTENT="i"/><SP WIDTH="16" VPOS="372" HPOS="583"/>
							<String ID="string_73" HPOS="599" VPOS="372" WIDTH="146" HEIGHT="21" WC="0.96" CONTENT="betraktande."/><SP WIDTH="32" VPOS="372" HPOS="745"/>
							<String ID="string_74" HPOS="777" VPOS="372" WIDTH="42" HEIGHT="21" WC="0.95" CONTENT="Det"/><SP WIDTH="22" VPOS="372" HPOS="819"/>
							<String ID="string_75" HPOS="841" VPOS="378" WIDTH="38" HEIGHT="15" WC="0.96" CONTENT="var"/><SP WIDTH="14" VPOS="378" HPOS="879"/>
							<String ID="string_76" HPOS="893" VPOS="378" WIDTH="26" HEIGHT="15" WC="0.96" CONTENT="en"/><SP WIDTH="16" VPOS="378" HPOS="919"/>
							<String ID="string_77" HPOS="935" VPOS="371" WIDTH="73" HEIGHT="25" WC="0.96" CONTENT="talare,"/>
						</TextLine>
						<TextLine ID="line_8" HPOS="182" VPOS="400" WIDTH="827" HEIGHT="27">
							<String ID="string_78" HPOS="182" VPOS="405" WIDTH="45" HEIGHT="14" WC="0.96" CONTENT="som"/><SP WIDTH="16" VPOS="405" HPOS="227"/>
							<String ID="string_79" HPOS="243" VPOS="400" WIDTH="51" HEIGHT="21" WC="0.95" CONTENT="sade"/><SP WIDTH="16" VPOS="400" HPOS="294"/>
							<String ID="string_80" HPOS="310" VPOS="402" WIDTH="31" HEIGHT="19" WC="0.92" CONTENT="att"/><SP WIDTH="15" VPOS="402" HPOS="341"/>
							<String ID="string_81" HPOS="356" VPOS="400" WIDTH="257" HEIGHT="27" WC="0.91" CONTENT="bränvinslagstiftningen"/><SP WIDTH="17" VPOS="400" HPOS="613"/>
							<String ID="string_82" HPOS="630" VPOS="403" WIDTH="25" HEIGHT="18" WC="0.96" CONTENT="är"/><SP WIDTH="16" VPOS="403" HPOS="655"/>
							<String ID="string_83" HPOS="671" VPOS="400" WIDTH="126" HEIGHT="27" WC="0.95" CONTENT="impopulär."/><SP WIDTH="30" VPOS="400" HPOS="797"/>
							<String ID="string_84" HPOS="827" VPOS="400" WIDTH="40" HEIGHT="27" WC="0.96" CONTENT="Jag"/><SP WIDTH="11" VPOS="400" HPOS="867"/>
							<String ID="string_85" HPOS="878" VPOS="400" WIDTH="67" HEIGHT="21" WC="0.96" CONTENT="skulle"/><SP WIDTH="16" VPOS="400" HPOS="945"/>
							<String ID="string_86" HPOS="961" VPOS="400" WIDTH="48" HEIGHT="27" WC="0.95" CONTENT="vilja"/>
						</TextLine>
						<TextLine ID="line_9" HPOS="182" VPOS="427" WIDTH="827" HEIGHT="28">
							<String ID="string_87" HPOS="182" VPOS="427" WIDTH="100" HEIGHT="22" WC="0.96" CONTENT="förändra"/><SP WIDTH="23" VPOS="427" HPOS="282"/>
							<String ID="string_88" HPOS="305" VPOS="428" WIDTH="35" HEIGHT="21" WC="0.95" CONTENT="det"/><SP WIDTH="22" VPOS="428" HPOS="340"/>
							<String ID="string_89" HPOS="362" VPOS="429" WIDTH="108" HEIGHT="26" WC="0.95" CONTENT="uttrycket"/><SP WIDTH="19" VPOS="429" HPOS="470"/>
							<String ID="string_90" HPOS="489" VPOS="430" WIDTH="29" HEIGHT="24" WC="0.96" CONTENT="så,"/><SP WIDTH="17" VPOS="430" HPOS="518"/>
							<String ID="string_91" HPOS="535" VPOS="431" WIDTH="32" HEIGHT="19" WC="0.96" CONTENT="att"/><SP WIDTH="16" VPOS="431" HPOS="567"/>
							<String ID="string_92" HPOS="583" VPOS="435" WIDTH="47" HEIGHT="15" WC="0.96" CONTENT="man"/><SP WIDTH="16" VPOS="435" HPOS="630"/>
							<String ID="string_93" HPOS="646" VPOS="429" WIDTH="71" HEIGHT="21" WC="0.96" CONTENT="kunde"/><SP WIDTH="16" VPOS="429" HPOS="717"/>
							<String ID="string_94" HPOS="733" VPOS="431" WIDTH="50" HEIGHT="24" WC="0.96" CONTENT="säga"/><SP WIDTH="16" VPOS="431" HPOS="783"/>
							<String ID="string_95" HPOS="799" VPOS="431" WIDTH="31" HEIGHT="19" WC="0.96" CONTENT="att"/><SP WIDTH="16" VPOS="431" HPOS="830"/>
							<String ID="string_96" HPOS="846" VPOS="429" WIDTH="40" HEIGHT="21" WC="0.96" CONTENT="den"/><SP WIDTH="15" VPOS="429" HPOS="886"/>
							<String ID="string_97" HPOS="901" VPOS="429" WIDTH="39" HEIGHT="21" WC="0.96" CONTENT="har"/><SP WIDTH="15" VPOS="429" HPOS="940"/>
							<String ID="string_98" HPOS="955" VPOS="429" WIDTH="54" HEIGHT="20" WC="0.96" CONTENT="varit"/>
						</TextLine>
						<TextLine ID="line_10" HPOS="181" VPOS="455" WIDTH="828" HEIGHT="28">
							<String ID="string_99" HPOS="181" VPOS="455" WIDTH="126" HEIGHT="28" WC="0.95" CONTENT="impopulär."/><SP WIDTH="30" VPOS="455" HPOS="307"/>
							<String ID="string_100" HPOS="337" VPOS="457" WIDTH="33" HEIGHT="21" WC="0.96" CONTENT="Då"/><SP WIDTH="23" VPOS="457" HPOS="370"/>
							<String ID="string_101" HPOS="393" VPOS="457" WIDTH="39" HEIGHT="21" WC="0.95" CONTENT="den"/><SP WIDTH="24" VPOS="457" HPOS="432"/>
							<String ID="string_102" HPOS="456" VPOS="457" WIDTH="65" HEIGHT="21" WC="0.96" CONTENT="första"/><SP WIDTH="19" VPOS="457" HPOS="521"/>
							<String ID="string_103" HPOS="540" VPOS="457" WIDTH="83" HEIGHT="26" WC="0.96" CONTENT="gången"/><SP WIDTH="16" VPOS="457" HPOS="623"/>
							<String ID="string_104" HPOS="639" VPOS="457" WIDTH="122" HEIGHT="22" WC="0.96" CONTENT="utfärdades"/><SP WIDTH="16" VPOS="457" HPOS="761"/>
							<String ID="string_105" HPOS="777" VPOS="457" WIDTH="39" HEIGHT="22" WC="0.96" CONTENT="och"/><SP WIDTH="16" VPOS="457" HPOS="816"/>
							<String ID="string_106" HPOS="832" VPOS="463" WIDTH="25" HEIGHT="15" WC="0.96" CONTENT="en"/><SP WIDTH="13" VPOS="463" HPOS="857"/>
							<String ID="string_107" HPOS="870" VPOS="458" WIDTH="23" HEIGHT="21" WC="0.96" CONTENT="så"/><SP WIDTH="15" VPOS="458" HPOS="893"/>
							<String ID="string_108" HPOS="908" VPOS="460" WIDTH="45" HEIGHT="19" WC="0.93" CONTENT="stor"/><SP WIDTH="15" VPOS="460" HPOS="953"/>
							<String ID="string_109" HPOS="968" VPOS="457" WIDTH="41" HEIGHT="21" WC="0.91" CONTENT="för-"/>
						</TextLine>
						<TextLine ID="line_11" HPOS="182" VPOS="484" WIDTH="828" HEIGHT="29">
							<String ID="string_110" HPOS="182" VPOS="484" WIDTH="90" HEIGHT="25" WC="0.96" CONTENT="ändring"/><SP WIDTH="15" VPOS="484" HPOS="272"/>
							<String ID="string_111" HPOS="287" VPOS="485" WIDTH="6" HEIGHT="20" WC="0.96" CONTENT="i"/><SP WIDTH="16" VPOS="485" HPOS="293"/>
							<String ID="string_112" HPOS="309" VPOS="485" WIDTH="159" HEIGHT="22" WC="0.96" CONTENT="förhållandena"/><SP WIDTH="23" VPOS="485" HPOS="468"/>
							<String ID="string_113" HPOS="491" VPOS="486" WIDTH="5" HEIGHT="20" WC="0.96" CONTENT="i"/><SP WIDTH="26" VPOS="486" HPOS="496"/>
							<String ID="string_114" HPOS="522" VPOS="487" WIDTH="46" HEIGHT="20" WC="0.96" CONTENT="vårt"/><SP WIDTH="23" VPOS="487" HPOS="568"/>
							<String ID="string_115" HPOS="591" VPOS="486" WIDTH="49" HEIGHT="21" WC="0.96" CONTENT="land"/><SP WIDTH="22" VPOS="486" HPOS="640"/>
							<String ID="string_116" HPOS="662" VPOS="486" WIDTH="104" HEIGHT="25" WC="0.95" CONTENT="inträdde,"/><SP WIDTH="17" VPOS="486" HPOS="766"/>
							<String ID="string_117" HPOS="783" VPOS="493" WIDTH="37" HEIGHT="14" WC="0.96" CONTENT="var"/><SP WIDTH="15" VPOS="493" HPOS="820"/>
							<String ID="string_118" HPOS="835" VPOS="486" WIDTH="40" HEIGHT="21" WC="0.96" CONTENT="den"/><SP WIDTH="16" VPOS="486" HPOS="875"/>
							<String ID="string_119" HPOS="891" VPOS="485" WIDTH="119" HEIGHT="28" WC="0.95" CONTENT="impopulär"/>
						</TextLine>
						<TextLine ID="line_12" HPOS="182" VPOS="512" WIDTH="825" HEIGHT="29">
							<String ID="string_120" HPOS="182" VPOS="512" WIDTH="32" HEIGHT="21" WC="0.85" CONTENT="till"/><SP WIDTH="25" VPOS="512" HPOS="214"/>
							<String ID="string_121" HPOS="239" VPOS="513" WIDTH="49" HEIGHT="26" WC="0.85" CONTENT="följe"/><SP WIDTH="25" VPOS="513" HPOS="288"/>
							<String ID="string_122" HPOS="313" VPOS="514" WIDTH="21" HEIGHT="21" WC="0.92" CONTENT="af"/><SP WIDTH="22" VPOS="514" HPOS="334"/>
							<String ID="string_123" HPOS="356" VPOS="513" WIDTH="151" HEIGHT="27" WC="0.91" CONTENT="befallningens"/><SP WIDTH="22" VPOS="513" HPOS="507"/>
							<String ID="string_124" HPOS="529" VPOS="514" WIDTH="97" HEIGHT="21" WC="0.90" CONTENT="inrotade"/><SP WIDTH="24" VPOS="514" HPOS="626"/>
							<String ID="string_125" HPOS="650" VPOS="514" WIDTH="207" HEIGHT="27" WC="0.91" CONTENT="föreställningssätt,"/><SP WIDTH="24" VPOS="514" HPOS="857"/>
							<String ID="string_126" HPOS="881" VPOS="517" WIDTH="31" HEIGHT="18" WC="0.96" CONTENT="att"/><SP WIDTH="27" VPOS="517" HPOS="912"/>
							<String ID="string_127" HPOS="939" VPOS="515" WIDTH="25" HEIGHT="20" WC="0.94" CONTENT="de"/><SP WIDTH="26" VPOS="515" HPOS="964"/>
							<String ID="string_128" HPOS="990" VPOS="514" WIDTH="17" HEIGHT="25" WC="0.94" CONTENT="ej"/>
						</TextLine>
						<TextLine ID="line_13" HPOS="181" VPOS="541" WIDTH="827" HEIGHT="28">
							<String ID="string_129" HPOS="181" VPOS="541" WIDTH="68" HEIGHT="22" WC="0.96" CONTENT="skulle"/><SP WIDTH="24" VPOS="541" HPOS="249"/>
							<String ID="string_130" HPOS="273" VPOS="543" WIDTH="70" HEIGHT="20" WC="0.91" CONTENT="kunna"/><SP WIDTH="16" VPOS="543" HPOS="343"/>
							<String ID="string_131" HPOS="359" VPOS="543" WIDTH="98" HEIGHT="20" WC="0.91" CONTENT="förskaffa"/><SP WIDTH="20" VPOS="543" HPOS="457"/>
							<String ID="string_132" HPOS="477" VPOS="543" WIDTH="31" HEIGHT="26" WC="0.96" CONTENT="sig"/><SP WIDTH="16" VPOS="543" HPOS="508"/>
							<String ID="string_133" HPOS="524" VPOS="544" WIDTH="66" HEIGHT="25" WC="0.96" CONTENT="några"/><SP WIDTH="16" VPOS="544" HPOS="590"/>
							<String ID="string_134" HPOS="606" VPOS="543" WIDTH="68" HEIGHT="21" WC="0.96" CONTENT="medel"/><SP WIDTH="15" VPOS="543" HPOS="674"/>
							<String ID="string_135" HPOS="689" VPOS="543" WIDTH="32" HEIGHT="21" WC="0.96" CONTENT="för"/><SP WIDTH="15" VPOS="543" HPOS="721"/>
							<String ID="string_136" HPOS="736" VPOS="543" WIDTH="45" HEIGHT="21" WC="0.96" CONTENT="sina"/><SP WIDTH="16" VPOS="543" HPOS="781"/>
							<String ID="string_137" HPOS="797" VPOS="543" WIDTH="104" HEIGHT="21" WC="0.96" CONTENT="kontanta"/><SP WIDTH="15" VPOS="543" HPOS="901"/>
							<String ID="string_138" HPOS="916" VPOS="543" WIDTH="92" HEIGHT="26" WC="0.96" CONTENT="utgifter,"/>
						</TextLine>
						<TextLine ID="line_14" HPOS="181" VPOS="569" WIDTH="828" HEIGHT="29">
							<String ID="string_139" HPOS="181" VPOS="569" WIDTH="7" HEIGHT="21" WC="0.96" CONTENT="i"/><SP WIDTH="16" VPOS="569" HPOS="188"/>
							<String ID="string_140" HPOS="204" VPOS="569" WIDTH="35" HEIGHT="22" WC="0.95" CONTENT="fall"/><SP WIDTH="17" VPOS="569" HPOS="239"/>
							<String ID="string_141" HPOS="256" VPOS="571" WIDTH="25" HEIGHT="20" WC="0.95" CONTENT="de"/><SP WIDTH="16" VPOS="571" HPOS="281"/>
							<String ID="string_142" HPOS="297" VPOS="571" WIDTH="17" HEIGHT="26" WC="0.95" CONTENT="ej"/><SP WIDTH="17" VPOS="571" HPOS="314"/>
							<String ID="string_143" HPOS="331" VPOS="571" WIDTH="55" HEIGHT="26" WC="0.96" CONTENT="finge"/><SP WIDTH="16" VPOS="571" HPOS="386"/>
							<String ID="string_144" HPOS="402" VPOS="571" WIDTH="106" HEIGHT="21" WC="0.93" CONTENT="bibehålla"/><SP WIDTH="15" VPOS="571" HPOS="508"/>
							<String ID="string_145" HPOS="523" VPOS="571" WIDTH="254" HEIGHT="27" WC="0.92" CONTENT="husbehofsbränningen,"/><SP WIDTH="16" VPOS="571" HPOS="777"/>
							<String ID="string_146" HPOS="793" VPOS="572" WIDTH="38" HEIGHT="21" WC="0.96" CONTENT="och"/><SP WIDTH="17" VPOS="572" HPOS="831"/>
							<String ID="string_147" HPOS="848" VPOS="571" WIDTH="35" HEIGHT="22" WC="0.96" CONTENT="det"/><SP WIDTH="15" VPOS="571" HPOS="883"/>
							<String ID="string_148" HPOS="898" VPOS="578" WIDTH="37" HEIGHT="15" WC="0.96" CONTENT="var"/><SP WIDTH="11" VPOS="578" HPOS="935"/>
							<String ID="string_149" HPOS="946" VPOS="571" WIDTH="63" HEIGHT="21" WC="0.96" CONTENT="också"/>
						</TextLine>
						<TextLine ID="line_15" HPOS="182" VPOS="598" WIDTH="827" HEIGHT="29">
							<String ID="string_150" HPOS="182" VPOS="598" WIDTH="69" HEIGHT="21" WC="0.96" CONTENT="denna"/><SP WIDTH="23" VPOS="598" HPOS="251"/>
							<String ID="string_151" HPOS="274" VPOS="599" WIDTH="150" HEIGHT="27" WC="0.93" CONTENT="föreställning,"/><SP WIDTH="24" VPOS="599" HPOS="424"/>
							<String ID="string_152" HPOS="448" VPOS="606" WIDTH="44" HEIGHT="15" WC="0.94" CONTENT="som"/><SP WIDTH="24" VPOS="606" HPOS="492"/>
							<String ID="string_153" HPOS="516" VPOS="607" WIDTH="37" HEIGHT="14" WC="0.94" CONTENT="var"/><SP WIDTH="23" VPOS="607" HPOS="553"/>
							<String ID="string_154" HPOS="576" VPOS="601" WIDTH="89" HEIGHT="20" WC="0.95" CONTENT="orsaken"/><SP WIDTH="24" VPOS="601" HPOS="665"/>
							<String ID="string_155" HPOS="689" VPOS="600" WIDTH="31" HEIGHT="21" WC="0.93" CONTENT="till"/><SP WIDTH="25" VPOS="600" HPOS="720"/>
							<String ID="string_156" HPOS="745" VPOS="603" WIDTH="33" HEIGHT="18" WC="0.96" CONTENT="att"/><SP WIDTH="15" VPOS="603" HPOS="778"/>
							<String ID="string_157" HPOS="793" VPOS="600" WIDTH="6" HEIGHT="21" WC="0.96" CONTENT="i"/><SP WIDTH="16" VPOS="600" HPOS="799"/>
							<String ID="string_158" HPOS="815" VPOS="600" WIDTH="73" HEIGHT="27" WC="0.96" CONTENT="början"/><SP WIDTH="17" VPOS="600" HPOS="888"/>
							<String ID="string_159" HPOS="905" VPOS="600" WIDTH="22" HEIGHT="21" WC="0.96" CONTENT="af"/><SP WIDTH="14" VPOS="600" HPOS="927"/>
							<String ID="string_160" HPOS="941" VPOS="600" WIDTH="68" HEIGHT="21" WC="0.95" CONTENT="denna"/>
						</TextLine>
						<TextLine ID="line_16" HPOS="181" VPOS="625" WIDTH="829" HEIGHT="30">
							<String ID="string_161" HPOS="181" VPOS="625" WIDTH="123" HEIGHT="28" WC="0.93" CONTENT="förändring"/><SP WIDTH="23" VPOS="625" HPOS="304"/>
							<String ID="string_162" HPOS="327" VPOS="628" WIDTH="154" HEIGHT="27" WC="0.91" CONTENT="lönnbränning"/><SP WIDTH="22" VPOS="628" HPOS="481"/>
							<String ID="string_163" HPOS="503" VPOS="628" WIDTH="104" HEIGHT="22" WC="0.96" CONTENT="florerade"/><SP WIDTH="23" VPOS="628" HPOS="607"/>
							<String ID="string_164" HPOS="630" VPOS="628" WIDTH="97" HEIGHT="22" WC="0.95" CONTENT="öfverallt"/><SP WIDTH="17" VPOS="628" HPOS="727"/>
							<String ID="string_165" HPOS="744" VPOS="629" WIDTH="4" HEIGHT="20" WC="0.96" CONTENT="i"/><SP WIDTH="18" VPOS="629" HPOS="748"/>
							<String ID="string_166" HPOS="766" VPOS="629" WIDTH="78" HEIGHT="20" WC="0.95" CONTENT="landet."/><SP WIDTH="31" VPOS="629" HPOS="844"/>
							<String ID="string_167" HPOS="875" VPOS="629" WIDTH="31" HEIGHT="20" WC="0.95" CONTENT="De"/><SP WIDTH="15" VPOS="629" HPOS="906"/>
							<String ID="string_168" HPOS="921" VPOS="635" WIDTH="45" HEIGHT="14" WC="0.96" CONTENT="som"/><SP WIDTH="16" VPOS="635" HPOS="966"/>
							<String ID="string_169" HPOS="982" VPOS="628" WIDTH="28" HEIGHT="21" WC="0.96" CONTENT="då"/>
						</TextLine>
						<TextLine ID="line_17" HPOS="181" VPOS="655" WIDTH="829" HEIGHT="29">
							<String ID="string_170" HPOS="181" VPOS="655" WIDTH="139" HEIGHT="25" WC="0.91" CONTENT="lönnbrände,"/><SP WIDTH="17" VPOS="655" HPOS="320"/>
							<String ID="string_171" HPOS="337" VPOS="663" WIDTH="50" HEIGHT="14" WC="0.96" CONTENT="voro"/><SP WIDTH="17" VPOS="663" HPOS="387"/>
							<String ID="string_172" HPOS="404" VPOS="657" WIDTH="16" HEIGHT="25" WC="0.96" CONTENT="ej"/><SP WIDTH="18" VPOS="657" HPOS="420"/>
							<String ID="string_173" HPOS="438" VPOS="657" WIDTH="94" HEIGHT="21" WC="0.96" CONTENT="enskilda"/><SP WIDTH="16" VPOS="657" HPOS="532"/>
							<String ID="string_174" HPOS="548" VPOS="659" WIDTH="86" HEIGHT="25" WC="0.96" CONTENT="torpare"/><SP WIDTH="16" VPOS="659" HPOS="634"/>
							<String ID="string_175" HPOS="650" VPOS="657" WIDTH="40" HEIGHT="22" WC="0.93" CONTENT="och"/><SP WIDTH="21" VPOS="657" HPOS="690"/>
							<String ID="string_176" HPOS="711" VPOS="657" WIDTH="128" HEIGHT="27" WC="0.90" CONTENT="inhysingar,"/><SP WIDTH="17" VPOS="657" HPOS="839"/>
							<String ID="string_177" HPOS="856" VPOS="659" WIDTH="50" HEIGHT="19" WC="0.96" CONTENT="utan"/><SP WIDTH="17" VPOS="659" HPOS="906"/>
							<String ID="string_178" HPOS="923" VPOS="657" WIDTH="35" HEIGHT="21" WC="0.96" CONTENT="det"/><SP WIDTH="15" VPOS="657" HPOS="958"/>
							<String ID="string_179" HPOS="973" VPOS="663" WIDTH="37" HEIGHT="14" WC="0.96" CONTENT="var"/>
						</TextLine>
						<TextLine ID="line_18" HPOS="181" VPOS="683" WIDTH="828" HEIGHT="29">
							<String ID="string_180" HPOS="181" VPOS="683" WIDTH="181" HEIGHT="28" WC="0.91" CONTENT="hemmansegare,"/><SP WIDTH="24" VPOS="683" HPOS="362"/>
							<String ID="string_181" HPOS="386" VPOS="691" WIDTH="44" HEIGHT="15" WC="0.96" CONTENT="som"/><SP WIDTH="16" VPOS="691" HPOS="430"/>
							<String ID="string_182" HPOS="446" VPOS="686" WIDTH="23" HEIGHT="20" WC="0.95" CONTENT="åt"/><SP WIDTH="23" VPOS="686" HPOS="469"/>
							<String ID="string_183" HPOS="492" VPOS="686" WIDTH="46" HEIGHT="20" WC="0.91" CONTENT="dem"/><SP WIDTH="17" VPOS="686" HPOS="538"/>
							<String ID="string_184" HPOS="555" VPOS="686" WIDTH="96" HEIGHT="20" WC="0.89" CONTENT="lemnade"/><SP WIDTH="16" VPOS="686" HPOS="651"/>
							<String ID="string_185" HPOS="667" VPOS="686" WIDTH="30" HEIGHT="20" WC="0.93" CONTENT="sin"/><SP WIDTH="17" VPOS="686" HPOS="697"/>
							<String ID="string_186" HPOS="714" VPOS="685" WIDTH="103" HEIGHT="27" WC="0.89" CONTENT="spanmål,"/><SP WIDTH="16" VPOS="685" HPOS="817"/>
							<String ID="string_187" HPOS="833" VPOS="685" WIDTH="32" HEIGHT="21" WC="0.96" CONTENT="för"/><SP WIDTH="15" VPOS="685" HPOS="865"/>
							<String ID="string_188" HPOS="880" VPOS="687" WIDTH="32" HEIGHT="19" WC="0.93" CONTENT="att"/><SP WIDTH="16" VPOS="687" HPOS="912"/>
							<String ID="string_189" HPOS="928" VPOS="685" WIDTH="81" HEIGHT="26" WC="0.91" CONTENT="derige-"/>
						</TextLine>
						<TextLine ID="line_19" HPOS="181" VPOS="712" WIDTH="831" HEIGHT="29">
							<String ID="string_190" HPOS="181" VPOS="718" WIDTH="49" HEIGHT="14" WC="0.92" CONTENT="nom"/><SP WIDTH="24" VPOS="718" HPOS="230"/>
							<String ID="string_191" HPOS="254" VPOS="712" WIDTH="99" HEIGHT="22" WC="0.92" CONTENT="förskaffa"/><SP WIDTH="22" VPOS="712" HPOS="353"/>
							<String ID="string_192" HPOS="375" VPOS="713" WIDTH="32" HEIGHT="27" WC="0.96" CONTENT="sig"/><SP WIDTH="25" VPOS="713" HPOS="407"/>
							<String ID="string_193" HPOS="432" VPOS="714" WIDTH="67" HEIGHT="21" WC="0.96" CONTENT="medel"/><SP WIDTH="16" VPOS="714" HPOS="499"/>
							<String ID="string_194" HPOS="515" VPOS="714" WIDTH="32" HEIGHT="20" WC="0.96" CONTENT="till"/><SP WIDTH="15" VPOS="714" HPOS="547"/>
							<String ID="string_195" HPOS="562" VPOS="714" WIDTH="46" HEIGHT="21" WC="0.93" CONTENT="sina"/><SP WIDTH="16" VPOS="714" HPOS="608"/>
							<String ID="string_196" HPOS="624" VPOS="714" WIDTH="114" HEIGHT="27" WC="0.92" CONTENT="utskylder."/><SP WIDTH="31" VPOS="714" HPOS="738"/>
							<String ID="string_197" HPOS="769" VPOS="714" WIDTH="184" HEIGHT="20" WC="0.85" CONTENT="Lönnbränneriet"/><SP WIDTH="15" VPOS="714" HPOS="953"/>
							<String ID="string_198" HPOS="968" VPOS="713" WIDTH="44" HEIGHT="21" WC="0.96" CONTENT="blef"/>
						</TextLine>
						<TextLine ID="line_20" HPOS="181" VPOS="740" WIDTH="829" HEIGHT="29">
							<String ID="string_199" HPOS="181" VPOS="740" WIDTH="118" HEIGHT="22" WC="0.92" CONTENT="emellertid"/><SP WIDTH="23" VPOS="740" HPOS="299"/>
							<String ID="string_200" HPOS="322" VPOS="748" WIDTH="75" HEIGHT="20" WC="0.93" CONTENT="genom"/><SP WIDTH="24" VPOS="748" HPOS="397"/>
							<String ID="string_201" HPOS="421" VPOS="742" WIDTH="91" HEIGHT="27" WC="0.92" CONTENT="kraftiga"/><SP WIDTH="22" VPOS="742" HPOS="512"/>
							<String ID="string_202" HPOS="534" VPOS="742" WIDTH="100" HEIGHT="26" WC="0.92" CONTENT="ätgärder"/><SP WIDTH="22" VPOS="742" HPOS="634"/>
							<String ID="string_203" HPOS="656" VPOS="742" WIDTH="94" HEIGHT="27" WC="0.92" CONTENT="stäfjadt."/><SP WIDTH="31" VPOS="742" HPOS="750"/>
							<String ID="string_204" HPOS="781" VPOS="742" WIDTH="77" HEIGHT="21" WC="0.93" CONTENT="Folket"/><SP WIDTH="23" VPOS="742" HPOS="858"/>
							<String ID="string_205" HPOS="881" VPOS="742" WIDTH="39" HEIGHT="21" WC="0.96" CONTENT="fick"/><SP WIDTH="24" VPOS="742" HPOS="920"/>
							<String ID="string_206" HPOS="944" VPOS="742" WIDTH="66" HEIGHT="21" WC="0.95" CONTENT="under"/>
						</TextLine>
						<TextLine ID="line_21" HPOS="181" VPOS="769" WIDTH="829" HEIGHT="29">
							<String ID="string_207" HPOS="181" VPOS="769" WIDTH="68" HEIGHT="26" WC="0.89" CONTENT="nägra"/><SP WIDTH="16" VPOS="769" HPOS="249"/>
							<String ID="string_208" HPOS="265" VPOS="769" WIDTH="34" HEIGHT="21" WC="0.91" CONTENT="ärs"/><SP WIDTH="16" VPOS="769" HPOS="299"/>
							<String ID="string_209" HPOS="315" VPOS="770" WIDTH="82" HEIGHT="27" WC="0.92" CONTENT="förlopp"/><SP WIDTH="16" VPOS="770" HPOS="397"/>
							<String ID="string_210" HPOS="413" VPOS="770" WIDTH="68" HEIGHT="22" WC="0.93" CONTENT="erfara"/><SP WIDTH="23" VPOS="770" HPOS="481"/>
							<String ID="string_211" HPOS="504" VPOS="770" WIDTH="77" HEIGHT="27" WC="0.92" CONTENT="följden"/><SP WIDTH="17" VPOS="770" HPOS="581"/>
							<String ID="string_212" HPOS="598" VPOS="770" WIDTH="21" HEIGHT="22" WC="0.97" CONTENT="af"/><SP WIDTH="15" VPOS="770" HPOS="619"/>
							<String ID="string_213" HPOS="634" VPOS="771" WIDTH="40" HEIGHT="21" WC="0.96" CONTENT="den"/><SP WIDTH="16" VPOS="771" HPOS="674"/>
							<String ID="string_214" HPOS="690" VPOS="777" WIDTH="40" HEIGHT="21" WC="0.96" CONTENT="nya"/><SP WIDTH="16" VPOS="777" HPOS="730"/>
							<String ID="string_215" HPOS="746" VPOS="771" WIDTH="157" HEIGHT="27" WC="0.96" CONTENT="lagstiftningen"/><SP WIDTH="17" VPOS="771" HPOS="903"/>
							<String ID="string_216" HPOS="920" VPOS="770" WIDTH="38" HEIGHT="22" WC="0.96" CONTENT="och"/><SP WIDTH="17" VPOS="770" HPOS="958"/>
							<String ID="string_217" HPOS="975" VPOS="770" WIDTH="35" HEIGHT="22" WC="0.96" CONTENT="det"/>
						</TextLine>
						<TextLine ID="line_22" HPOS="180" VPOS="797" WIDTH="829" HEIGHT="29">
							<String ID="string_218" HPOS="180" VPOS="797" WIDTH="49" HEIGHT="21" WC="0.96" CONTENT="kom"/><SP WIDTH="14" VPOS="797" HPOS="229"/>
							<String ID="string_219" HPOS="243" VPOS="798" WIDTH="32" HEIGHT="20" WC="0.96" CONTENT="till"/><SP WIDTH="16" VPOS="798" HPOS="275"/>
							<String ID="string_220" HPOS="291" VPOS="798" WIDTH="32" HEIGHT="21" WC="0.93" CONTENT="sin"/><SP WIDTH="16" VPOS="798" HPOS="323"/>
							<String ID="string_221" HPOS="339" VPOS="798" WIDTH="109" HEIGHT="28" WC="0.93" CONTENT="förväning"/><SP WIDTH="17" VPOS="798" HPOS="448"/>
							<String ID="string_222" HPOS="465" VPOS="802" WIDTH="31" HEIGHT="18" WC="0.93" CONTENT="att"/><SP WIDTH="16" VPOS="802" HPOS="496"/>
							<String ID="string_223" HPOS="512" VPOS="800" WIDTH="78" HEIGHT="26" WC="0.92" CONTENT="märka,"/><SP WIDTH="16" VPOS="800" HPOS="590"/>
							<String ID="string_224" HPOS="606" VPOS="802" WIDTH="32" HEIGHT="18" WC="0.97" CONTENT="att"/><SP WIDTH="16" VPOS="802" HPOS="638"/>
							<String ID="string_225" HPOS="654" VPOS="800" WIDTH="35" HEIGHT="21" WC="0.96" CONTENT="det"/><SP WIDTH="13" VPOS="800" HPOS="689"/>
							<String ID="string_226" HPOS="702" VPOS="802" WIDTH="51" HEIGHT="19" WC="0.93" CONTENT="utan"/><SP WIDTH="11" VPOS="802" HPOS="753"/>
							<String ID="string_227" HPOS="764" VPOS="799" WIDTH="245" HEIGHT="27" WC="0.92" CONTENT="husbehofsbränningen"/>
						</TextLine>
						<TextLine ID="line_23" HPOS="181" VPOS="826" WIDTH="828" HEIGHT="29">
							<String ID="string_228" HPOS="181" VPOS="826" WIDTH="71" HEIGHT="20" WC="0.96" CONTENT="kunde"/><SP WIDTH="24" VPOS="826" HPOS="252"/>
							<String ID="string_229" HPOS="276" VPOS="826" WIDTH="70" HEIGHT="22" WC="0.96" CONTENT="bättre"/><SP WIDTH="23" VPOS="826" HPOS="346"/>
							<String ID="string_230" HPOS="369" VPOS="830" WIDTH="26" HEIGHT="18" WC="0.93" CONTENT="än"/><SP WIDTH="23" VPOS="830" HPOS="395"/>
							<String ID="string_231" HPOS="418" VPOS="828" WIDTH="57" HEIGHT="21" WC="0.92" CONTENT="förut"/><SP WIDTH="22" VPOS="828" HPOS="475"/>
							<String ID="string_232" HPOS="497" VPOS="828" WIDTH="85" HEIGHT="26" WC="0.92" CONTENT="erlägga"/><SP WIDTH="23" VPOS="828" HPOS="582"/>
							<String ID="string_233" HPOS="605" VPOS="828" WIDTH="45" HEIGHT="21" WC="0.91" CONTENT="sina"/><SP WIDTH="24" VPOS="828" HPOS="650"/>
							<String ID="string_234" HPOS="674" VPOS="828" WIDTH="109" HEIGHT="27" WC="0.91" CONTENT="utskylder"/><SP WIDTH="26" VPOS="828" HPOS="783"/>
							<String ID="string_235" HPOS="809" VPOS="828" WIDTH="39" HEIGHT="21" WC="0.93" CONTENT="och"/><SP WIDTH="15" VPOS="828" HPOS="848"/>
							<String ID="string_236" HPOS="863" VPOS="828" WIDTH="100" HEIGHT="20" WC="0.93" CONTENT="förskaffa"/><SP WIDTH="15" VPOS="828" HPOS="963"/>
							<String ID="string_237" HPOS="978" VPOS="828" WIDTH="31" HEIGHT="26" WC="0.96" CONTENT="sig"/>
						</TextLine>
						<TextLine ID="line_24" HPOS="181" VPOS="854" WIDTH="828" HEIGHT="29">
							<String ID="string_238" HPOS="181" VPOS="854" WIDTH="46" HEIGHT="21" WC="0.86" CONTENT="sina"/><SP WIDTH="23" VPOS="854" HPOS="227"/>
							<String ID="string_239" HPOS="250" VPOS="854" WIDTH="170" HEIGHT="23" WC="0.96" CONTENT="förnödenheter."/><SP WIDTH="30" VPOS="854" HPOS="420"/>
							<String ID="string_240" HPOS="450" VPOS="856" WIDTH="32" HEIGHT="26" WC="0.96" CONTENT="Ja,"/><SP WIDTH="24" VPOS="856" HPOS="482"/>
							<String ID="string_241" HPOS="506" VPOS="857" WIDTH="36" HEIGHT="21" WC="0.96" CONTENT="det"/><SP WIDTH="22" VPOS="857" HPOS="542"/>
							<String ID="string_242" HPOS="564" VPOS="856" WIDTH="40" HEIGHT="22" WC="0.93" CONTENT="fick"/><SP WIDTH="22" VPOS="856" HPOS="604"/>
							<String ID="string_243" HPOS="626" VPOS="857" WIDTH="69" HEIGHT="21" WC="0.96" CONTENT="erfara"/><SP WIDTH="16" VPOS="857" HPOS="695"/>
							<String ID="string_244" HPOS="711" VPOS="857" WIDTH="70" HEIGHT="26" WC="0.95" CONTENT="också,"/><SP WIDTH="16" VPOS="857" HPOS="781"/>
							<String ID="string_245" HPOS="797" VPOS="859" WIDTH="32" HEIGHT="18" WC="0.93" CONTENT="att"/><SP WIDTH="15" VPOS="859" HPOS="829"/>
							<String ID="string_246" HPOS="844" VPOS="856" WIDTH="110" HEIGHT="27" WC="0.92" CONTENT="välmägan"/><SP WIDTH="16" VPOS="856" HPOS="954"/>
							<String ID="string_247" HPOS="970" VPOS="856" WIDTH="39" HEIGHT="21" WC="0.96" CONTENT="och"/>
						</TextLine>
						<TextLine ID="line_25" HPOS="181" VPOS="882" WIDTH="831" HEIGHT="29">
							<String ID="string_248" HPOS="181" VPOS="882" WIDTH="67" HEIGHT="22" WC="0.96" CONTENT="friden"/><SP WIDTH="24" VPOS="882" HPOS="248"/>
							<String ID="string_249" HPOS="272" VPOS="884" WIDTH="130" HEIGHT="26" WC="0.96" CONTENT="småningom"/><SP WIDTH="25" VPOS="884" HPOS="402"/>
							<String ID="string_250" HPOS="427" VPOS="884" WIDTH="87" HEIGHT="27" WC="0.96" CONTENT="började"/><SP WIDTH="22" VPOS="884" HPOS="514"/>
							<String ID="string_251" HPOS="536" VPOS="885" WIDTH="116" HEIGHT="21" WC="0.96" CONTENT="återvända"/><SP WIDTH="20" VPOS="885" HPOS="652"/>
							<String ID="string_252" HPOS="672" VPOS="885" WIDTH="31" HEIGHT="21" WC="0.96" CONTENT="till"/><SP WIDTH="17" VPOS="885" HPOS="703"/>
							<String ID="string_253" HPOS="720" VPOS="885" WIDTH="62" HEIGHT="21" WC="0.96" CONTENT="deras"/><SP WIDTH="17" VPOS="885" HPOS="782"/>
							<String ID="string_254" HPOS="799" VPOS="885" WIDTH="54" HEIGHT="25" WC="0.96" CONTENT="hem,"/><SP WIDTH="16" VPOS="885" HPOS="853"/>
							<String ID="string_255" HPOS="869" VPOS="885" WIDTH="39" HEIGHT="21" WC="0.96" CONTENT="och"/><SP WIDTH="16" VPOS="885" HPOS="908"/>
							<String ID="string_256" HPOS="924" VPOS="891" WIDTH="28" HEIGHT="15" WC="0.93" CONTENT="nu"/><SP WIDTH="15" VPOS="891" HPOS="952"/>
							<String ID="string_257" HPOS="967" VPOS="884" WIDTH="45" HEIGHT="22" WC="0.96" CONTENT="blef"/>
						</TextLine>
						<TextLine ID="line_26" HPOS="181" VPOS="911" WIDTH="829" HEIGHT="29">
							<String ID="string_258" HPOS="181" VPOS="911" WIDTH="70" HEIGHT="21" WC="0.95" CONTENT="denna"/><SP WIDTH="22" VPOS="911" HPOS="251"/>
							<String ID="string_259" HPOS="273" VPOS="912" WIDTH="132" HEIGHT="27" WC="0.96" CONTENT="lagstiftning"/><SP WIDTH="20" VPOS="912" HPOS="405"/>
							<String ID="string_260" HPOS="425" VPOS="913" WIDTH="39" HEIGHT="21" WC="0.96" CONTENT="hos"/><SP WIDTH="26" VPOS="913" HPOS="464"/>
							<String ID="string_261" HPOS="490" VPOS="914" WIDTH="41" HEIGHT="20" WC="0.93" CONTENT="alla"/><SP WIDTH="23" VPOS="914" HPOS="531"/>
							<String ID="string_262" HPOS="554" VPOS="914" WIDTH="141" HEIGHT="20" WC="0.66" CONTENT="rättänkande"/><SP WIDTH="16" VPOS="914" HPOS="695"/>
							<String ID="string_263" HPOS="711" VPOS="914" WIDTH="5" HEIGHT="20" WC="0.96" CONTENT="i"/><SP WIDTH="17" VPOS="914" HPOS="716"/>
							<String ID="string_264" HPOS="733" VPOS="914" WIDTH="46" HEIGHT="20" WC="0.96" CONTENT="vårt"/><SP WIDTH="22" VPOS="914" HPOS="779"/>
							<String ID="string_265" HPOS="801" VPOS="913" WIDTH="49" HEIGHT="21" WC="0.96" CONTENT="land"/><SP WIDTH="16" VPOS="913" HPOS="850"/>
							<String ID="string_266" HPOS="866" VPOS="913" WIDTH="39" HEIGHT="21" WC="0.93" CONTENT="den"/><SP WIDTH="17" VPOS="913" HPOS="905"/>
							<String ID="string_267" HPOS="922" VPOS="913" WIDTH="88" HEIGHT="27" WC="0.92" CONTENT="populä-"/>
						</TextLine>
						<TextLine ID="line_27" HPOS="180" VPOS="940" WIDTH="829" HEIGHT="28">
							<String ID="string_268" HPOS="180" VPOS="942" WIDTH="57" HEIGHT="18" WC="0.92" CONTENT="raste"/><SP WIDTH="24" VPOS="942" HPOS="237"/>
							<String ID="string_269" HPOS="261" VPOS="940" WIDTH="135" HEIGHT="28" WC="0.96" CONTENT="lagstiftning."/><SP WIDTH="32" VPOS="940" HPOS="396"/>
							<String ID="string_270" HPOS="428" VPOS="942" WIDTH="48" HEIGHT="20" WC="0.94" CONTENT="Men"/><SP WIDTH="22" VPOS="942" HPOS="476"/>
							<String ID="string_271" HPOS="498" VPOS="943" WIDTH="23" HEIGHT="20" WC="0.93" CONTENT="sä"/><SP WIDTH="15" VPOS="943" HPOS="521"/>
							<String ID="string_272" HPOS="536" VPOS="942" WIDTH="85" HEIGHT="21" WC="0.92" CONTENT="kommo"/><SP WIDTH="17" VPOS="942" HPOS="621"/>
							<String ID="string_273" HPOS="638" VPOS="942" WIDTH="66" HEIGHT="21" WC="0.96" CONTENT="andra"/><SP WIDTH="15" VPOS="942" HPOS="704"/>
							<String ID="string_274" HPOS="719" VPOS="942" WIDTH="56" HEIGHT="21" WC="0.96" CONTENT="tider"/><SP WIDTH="15" VPOS="942" HPOS="775"/>
							<String ID="string_275" HPOS="790" VPOS="942" WIDTH="6" HEIGHT="21" WC="0.96" CONTENT="i"/><SP WIDTH="17" VPOS="942" HPOS="796"/>
							<String ID="string_276" HPOS="813" VPOS="942" WIDTH="50" HEIGHT="26" WC="0.96" CONTENT="följd"/><SP WIDTH="16" VPOS="942" HPOS="863"/>
							<String ID="string_277" HPOS="879" VPOS="942" WIDTH="22" HEIGHT="20" WC="0.93" CONTENT="af"/><SP WIDTH="14" VPOS="942" HPOS="901"/>
							<String ID="string_278" HPOS="915" VPOS="942" WIDTH="94" HEIGHT="21" WC="0.93" CONTENT="skattens"/>
						</TextLine>
						<TextLine ID="line_28" HPOS="179" VPOS="968" WIDTH="831" HEIGHT="29">
							<String ID="string_279" HPOS="179" VPOS="968" WIDTH="143" HEIGHT="28" WC="0.96" CONTENT="nedsättning,"/><SP WIDTH="24" VPOS="968" HPOS="322"/>
							<String ID="string_280" HPOS="346" VPOS="970" WIDTH="26" HEIGHT="20" WC="0.93" CONTENT="dä"/><SP WIDTH="23" VPOS="970" HPOS="372"/>
							<String ID="string_281" HPOS="395" VPOS="970" WIDTH="109" HEIGHT="21" WC="0.90" CONTENT="bränvinet"/><SP WIDTH="9" VPOS="970" HPOS="504"/>
							<String ID="string_282" HPOS="513" VPOS="970" WIDTH="90" HEIGHT="27" WC="0.90" CONTENT="begynte"/><SP WIDTH="9" VPOS="970" HPOS="603"/>
							<String ID="string_283" HPOS="612" VPOS="970" WIDTH="63" HEIGHT="22" WC="0.96" CONTENT="blifva"/><SP WIDTH="8" VPOS="970" HPOS="675"/>
							<String ID="string_284" HPOS="683" VPOS="970" WIDTH="128" HEIGHT="27" WC="0.96" CONTENT="tillgängligt"/><SP WIDTH="19" VPOS="970" HPOS="811"/>
							<String ID="string_285" HPOS="830" VPOS="970" WIDTH="33" HEIGHT="21" WC="0.96" CONTENT="för"/><SP WIDTH="15" VPOS="970" HPOS="863"/>
							<String ID="string_286" HPOS="878" VPOS="970" WIDTH="66" HEIGHT="21" WC="0.91" CONTENT="folket"/><SP WIDTH="15" VPOS="970" HPOS="944"/>
							<String ID="string_287" HPOS="959" VPOS="970" WIDTH="51" HEIGHT="21" WC="0.96" CONTENT="eller"/>
						</TextLine>
						<TextLine ID="line_29" HPOS="180" VPOS="996" WIDTH="828" HEIGHT="30">
							<String ID="string_288" HPOS="180" VPOS="996" WIDTH="123" HEIGHT="27" WC="0.92" CONTENT="isynnerhet"/><SP WIDTH="15" VPOS="996" HPOS="303"/>
							<String ID="string_289" HPOS="318" VPOS="998" WIDTH="32" HEIGHT="20" WC="0.93" CONTENT="för"/><SP WIDTH="15" VPOS="998" HPOS="350"/>
							<String ID="string_290" HPOS="365" VPOS="998" WIDTH="112" HEIGHT="27" WC="0.92" CONTENT="allmogen,"/><SP WIDTH="17" VPOS="998" HPOS="477"/>
							<String ID="string_291" HPOS="494" VPOS="999" WIDTH="38" HEIGHT="21" WC="0.97" CONTENT="och"/><SP WIDTH="17" VPOS="999" HPOS="532"/>
							<String ID="string_292" HPOS="549" VPOS="1005" WIDTH="27" HEIGHT="15" WC="0.96" CONTENT="nu"/><SP WIDTH="17" VPOS="1005" HPOS="576"/>
							<String ID="string_293" HPOS="593" VPOS="999" WIDTH="71" HEIGHT="27" WC="0.96" CONTENT="börjar"/><SP WIDTH="10" VPOS="999" HPOS="664"/>
							<String ID="string_294" HPOS="674" VPOS="999" WIDTH="38" HEIGHT="21" WC="0.97" CONTENT="hos"/><SP WIDTH="11" VPOS="999" HPOS="712"/>
							<String ID="string_295" HPOS="723" VPOS="999" WIDTH="48" HEIGHT="21" WC="0.93" CONTENT="dem"/><SP WIDTH="13" VPOS="999" HPOS="771"/>
							<String ID="string_296" HPOS="784" VPOS="999" WIDTH="69" HEIGHT="21" WC="0.93" CONTENT="vakna"/><SP WIDTH="11" VPOS="999" HPOS="853"/>
							<String ID="string_297" HPOS="864" VPOS="999" WIDTH="39" HEIGHT="21" WC="0.93" CONTENT="den"/><SP WIDTH="12" VPOS="999" HPOS="903"/>
							<String ID="string_298" HPOS="915" VPOS="998" WIDTH="93" HEIGHT="26" WC="0.91" CONTENT="farhäga,"/>
						</TextLine>
						<TextLine ID="line_30" HPOS="180" VPOS="1025" WIDTH="829" HEIGHT="29">
							<String ID="string_299" HPOS="180" VPOS="1027" WIDTH="33" HEIGHT="19" WC="0.91" CONTENT="att"/><SP WIDTH="22" VPOS="1027" HPOS="213"/>
							<String ID="string_300" HPOS="235" VPOS="1025" WIDTH="26" HEIGHT="21" WC="0.92" CONTENT="de"/><SP WIDTH="24" VPOS="1025" HPOS="261"/>
							<String ID="string_301" HPOS="285" VPOS="1026" WIDTH="97" HEIGHT="26" WC="0.96" CONTENT="möjligen"/><SP WIDTH="23" VPOS="1026" HPOS="382"/>
							<String ID="string_302" HPOS="405" VPOS="1033" WIDTH="75" HEIGHT="20" WC="0.96" CONTENT="genom"/><SP WIDTH="16" VPOS="1033" HPOS="480"/>
							<String ID="string_303" HPOS="496" VPOS="1034" WIDTH="25" HEIGHT="14" WC="0.96" CONTENT="en"/><SP WIDTH="16" VPOS="1034" HPOS="521"/>
							<String ID="string_304" HPOS="537" VPOS="1027" WIDTH="131" HEIGHT="27" WC="0.95" CONTENT="lagstiftning"/><SP WIDTH="16" VPOS="1027" HPOS="668"/>
							<String ID="string_305" HPOS="684" VPOS="1028" WIDTH="5" HEIGHT="20" WC="0.94" CONTENT="i"/><SP WIDTH="16" VPOS="1028" HPOS="689"/>
							<String ID="string_306" HPOS="705" VPOS="1034" WIDTH="82" HEIGHT="14" WC="0.94" CONTENT="samma"/><SP WIDTH="25" VPOS="1034" HPOS="787"/>
							<String ID="string_307" HPOS="812" VPOS="1030" WIDTH="45" HEIGHT="24" WC="0.94" CONTENT="väg,"/><SP WIDTH="16" VPOS="1030" HPOS="857"/>
							<String ID="string_308" HPOS="873" VPOS="1034" WIDTH="45" HEIGHT="14" WC="0.93" CONTENT="som"/><SP WIDTH="17" VPOS="1034" HPOS="918"/>
							<String ID="string_309" HPOS="935" VPOS="1027" WIDTH="74" HEIGHT="21" WC="0.95" CONTENT="hittills"/>
						</TextLine>
						<TextLine ID="line_31" HPOS="180" VPOS="1052" WIDTH="829" HEIGHT="30">
							<String ID="string_310" HPOS="180" VPOS="1052" WIDTH="70" HEIGHT="22" WC="0.96" CONTENT="blifvit"/><SP WIDTH="16" VPOS="1052" HPOS="250"/>
							<String ID="string_311" HPOS="266" VPOS="1054" WIDTH="56" HEIGHT="26" WC="0.96" CONTENT="följd,"/><SP WIDTH="17" VPOS="1054" HPOS="322"/>
							<String ID="string_312" HPOS="339" VPOS="1055" WIDTH="83" HEIGHT="21" WC="0.94" CONTENT="komme"/><SP WIDTH="16" VPOS="1055" HPOS="422"/>
							<String ID="string_313" HPOS="438" VPOS="1058" WIDTH="32" HEIGHT="18" WC="0.93" CONTENT="att"/><SP WIDTH="15" VPOS="1058" HPOS="470"/>
							<String ID="string_314" HPOS="485" VPOS="1056" WIDTH="77" HEIGHT="20" WC="0.96" CONTENT="förlora"/><SP WIDTH="16" VPOS="1056" HPOS="562"/>
							<String ID="string_315" HPOS="578" VPOS="1056" WIDTH="42" HEIGHT="21" WC="0.96" CONTENT="alla"/><SP WIDTH="16" VPOS="1056" HPOS="620"/>
							<String ID="string_316" HPOS="636" VPOS="1056" WIDTH="26" HEIGHT="20" WC="0.93" CONTENT="de"/><SP WIDTH="15" VPOS="1056" HPOS="662"/>
							<String ID="string_317" HPOS="677" VPOS="1056" WIDTH="100" HEIGHT="25" WC="0.95" CONTENT="fördelar,"/><SP WIDTH="16" VPOS="1056" HPOS="777"/>
							<String ID="string_318" HPOS="793" VPOS="1062" WIDTH="45" HEIGHT="15" WC="0.96" CONTENT="som"/><SP WIDTH="17" VPOS="1062" HPOS="838"/>
							<String ID="string_319" HPOS="855" VPOS="1056" WIDTH="25" HEIGHT="21" WC="0.95" CONTENT="de"/><SP WIDTH="13" VPOS="1056" HPOS="880"/>
							<String ID="string_320" HPOS="893" VPOS="1056" WIDTH="54" HEIGHT="21" WC="0.93" CONTENT="hade"/><SP WIDTH="11" VPOS="1056" HPOS="947"/>
							<String ID="string_321" HPOS="958" VPOS="1062" WIDTH="51" HEIGHT="20" WC="0.92" CONTENT="upp-"/>
						</TextLine>
						<TextLine ID="line_32" HPOS="180" VPOS="1082" WIDTH="830" HEIGHT="24">
							<String ID="string_322" HPOS="180" VPOS="1082" WIDTH="53" HEIGHT="20" WC="0.90" CONTENT="nått."/><SP WIDTH="32" VPOS="1082" HPOS="233"/>
							<String ID="string_323" HPOS="265" VPOS="1082" WIDTH="88" HEIGHT="22" WC="0.89" CONTENT="Derföre"/><SP WIDTH="17" VPOS="1082" HPOS="353"/>
							<String ID="string_324" HPOS="370" VPOS="1084" WIDTH="64" HEIGHT="20" WC="0.96" CONTENT="önska"/><SP WIDTH="17" VPOS="1084" HPOS="434"/>
							<String ID="string_325" HPOS="451" VPOS="1084" WIDTH="25" HEIGHT="21" WC="0.96" CONTENT="de"/><SP WIDTH="16" VPOS="1084" HPOS="476"/>
							<String ID="string_326" HPOS="492" VPOS="1090" WIDTH="28" HEIGHT="14" WC="0.96" CONTENT="nu"/><SP WIDTH="14" VPOS="1090" HPOS="520"/>
							<String ID="string_327" HPOS="534" VPOS="1087" WIDTH="32" HEIGHT="18" WC="0.93" CONTENT="att"/><SP WIDTH="17" VPOS="1087" HPOS="566"/>
							<String ID="string_328" HPOS="583" VPOS="1084" WIDTH="111" HEIGHT="22" WC="0.92" CONTENT="bränvinet"/><SP WIDTH="15" VPOS="1084" HPOS="694"/>
							<String ID="string_329" HPOS="709" VPOS="1086" WIDTH="66" HEIGHT="20" WC="0.96" CONTENT="måtte"/><SP WIDTH="22" VPOS="1086" HPOS="775"/>
							<String ID="string_330" HPOS="797" VPOS="1084" WIDTH="64" HEIGHT="21" WC="0.96" CONTENT="blifva"/><SP WIDTH="15" VPOS="1084" HPOS="861"/>
							<String ID="string_331" HPOS="876" VPOS="1085" WIDTH="23" HEIGHT="20" WC="0.93" CONTENT="sä"/><SP WIDTH="16" VPOS="1085" HPOS="899"/>
							<String ID="string_332" HPOS="915" VPOS="1084" WIDTH="95" HEIGHT="21" WC="0.77" CONTENT="oätkom-"/>
						</TextLine>
						<TextLine ID="line_33" HPOS="180" VPOS="1109" WIDTH="830" HEIGHT="30">
							<String ID="string_333" HPOS="180" VPOS="1109" WIDTH="39" HEIGHT="27" WC="0.92" CONTENT="ligt"/><SP WIDTH="16" VPOS="1109" HPOS="219"/>
							<String ID="string_334" HPOS="235" VPOS="1110" WIDTH="39" HEIGHT="21" WC="0.93" CONTENT="och"/><SP WIDTH="17" VPOS="1110" HPOS="274"/>
							<String ID="string_335" HPOS="291" VPOS="1111" WIDTH="48" HEIGHT="25" WC="0.93" CONTENT="dyrt"/><SP WIDTH="15" VPOS="1111" HPOS="339"/>
							<String ID="string_336" HPOS="354" VPOS="1118" WIDTH="45" HEIGHT="14" WC="0.96" CONTENT="som"/><SP WIDTH="16" VPOS="1118" HPOS="399"/>
							<String ID="string_337" HPOS="415" VPOS="1112" WIDTH="87" HEIGHT="27" WC="0.96" CONTENT="möjligt."/><SP WIDTH="31" VPOS="1112" HPOS="502"/>
							<String ID="string_338" HPOS="533" VPOS="1112" WIDTH="31" HEIGHT="27" WC="0.96" CONTENT="Ty"/><SP WIDTH="16" VPOS="1112" HPOS="564"/>
							<String ID="string_339" HPOS="580" VPOS="1119" WIDTH="25" HEIGHT="15" WC="0.93" CONTENT="en"/><SP WIDTH="16" VPOS="1119" HPOS="605"/>
							<String ID="string_340" HPOS="621" VPOS="1113" WIDTH="39" HEIGHT="26" WC="0.92" CONTENT="dyr"/><SP WIDTH="16" VPOS="1113" HPOS="660"/>
							<String ID="string_341" HPOS="676" VPOS="1120" WIDTH="49" HEIGHT="14" WC="0.96" CONTENT="vara"/><SP WIDTH="16" VPOS="1120" HPOS="725"/>
							<String ID="string_342" HPOS="741" VPOS="1113" WIDTH="41" HEIGHT="21" WC="0.93" CONTENT="kan"/><SP WIDTH="12" VPOS="1113" HPOS="782"/>
							<String ID="string_343" HPOS="794" VPOS="1113" WIDTH="104" HEIGHT="25" WC="0.93" CONTENT="allmogen"/><SP WIDTH="12" VPOS="1113" HPOS="898"/>
							<String ID="string_344" HPOS="910" VPOS="1113" WIDTH="17" HEIGHT="25" WC="0.91" CONTENT="ej"/><SP WIDTH="13" VPOS="1113" HPOS="927"/>
							<String ID="string_345" HPOS="940" VPOS="1112" WIDTH="70" HEIGHT="21" WC="0.92" CONTENT="tillösa"/>
						</TextLine>
						<TextLine ID="line_34" HPOS="179" VPOS="1139" WIDTH="831" HEIGHT="28">
							<String ID="string_346" HPOS="179" VPOS="1139" WIDTH="32" HEIGHT="25" WC="0.95" CONTENT="sig"/><SP WIDTH="23" VPOS="1139" HPOS="211"/>
							<String ID="string_347" HPOS="234" VPOS="1139" WIDTH="23" HEIGHT="20" WC="0.95" CONTENT="sä"/><SP WIDTH="24" VPOS="1139" HPOS="257"/>
							<String ID="string_348" HPOS="281" VPOS="1139" WIDTH="45" HEIGHT="26" WC="0.96" CONTENT="lätt,"/><SP WIDTH="24" VPOS="1139" HPOS="326"/>
							<String ID="string_349" HPOS="350" VPOS="1146" WIDTH="45" HEIGHT="15" WC="0.96" CONTENT="som"/><SP WIDTH="24" VPOS="1146" HPOS="395"/>
							<String ID="string_350" HPOS="419" VPOS="1141" WIDTH="39" HEIGHT="20" WC="0.96" CONTENT="den"/><SP WIDTH="25" VPOS="1141" HPOS="458"/>
							<String ID="string_351" HPOS="483" VPOS="1141" WIDTH="99" HEIGHT="26" WC="0.95" CONTENT="billigare."/><SP WIDTH="32" VPOS="1141" HPOS="582"/>
							<String ID="string_352" HPOS="614" VPOS="1141" WIDTH="41" HEIGHT="21" WC="0.96" CONTENT="Det"/><SP WIDTH="23" VPOS="1141" HPOS="655"/>
							<String ID="string_353" HPOS="678" VPOS="1143" WIDTH="23" HEIGHT="19" WC="0.96" CONTENT="är"/><SP WIDTH="25" VPOS="1143" HPOS="701"/>
							<String ID="string_354" HPOS="726" VPOS="1141" WIDTH="33" HEIGHT="20" WC="0.95" CONTENT="för"/><SP WIDTH="23" VPOS="1141" HPOS="759"/>
							<String ID="string_355" HPOS="782" VPOS="1141" WIDTH="39" HEIGHT="21" WC="0.95" CONTENT="den"/><SP WIDTH="24" VPOS="1141" HPOS="821"/>
							<String ID="string_356" HPOS="845" VPOS="1141" WIDTH="53" HEIGHT="20" WC="0.96" CONTENT="skull"/><SP WIDTH="17" VPOS="1141" HPOS="898"/>
							<String ID="string_357" HPOS="915" VPOS="1147" WIDTH="45" HEIGHT="14" WC="0.96" CONTENT="som"/><SP WIDTH="13" VPOS="1147" HPOS="960"/>
							<String ID="string_358" HPOS="973" VPOS="1141" WIDTH="37" HEIGHT="26" WC="0.96" CONTENT="jag"/>
						</TextLine>
						<TextLine ID="line_35" HPOS="179" VPOS="1166" WIDTH="830" HEIGHT="29">
							<String ID="string_359" HPOS="179" VPOS="1166" WIDTH="80" HEIGHT="27" WC="0.95" CONTENT="tycker,"/><SP WIDTH="26" VPOS="1166" HPOS="259"/>
							<String ID="string_360" HPOS="285" VPOS="1170" WIDTH="30" HEIGHT="18" WC="0.93" CONTENT="att"/><SP WIDTH="24" VPOS="1170" HPOS="315"/>
							<String ID="string_361" HPOS="339" VPOS="1169" WIDTH="114" HEIGHT="21" WC="0.96" CONTENT="ständerna"/><SP WIDTH="15" VPOS="1169" HPOS="453"/>
							<String ID="string_362" HPOS="468" VPOS="1169" WIDTH="34" HEIGHT="20" WC="0.96" CONTENT="vid"/><SP WIDTH="18" VPOS="1169" HPOS="502"/>
							<String ID="string_363" HPOS="520" VPOS="1170" WIDTH="53" HEIGHT="20" WC="0.93" CONTENT="1872"/><SP WIDTH="16" VPOS="1170" HPOS="573"/>
							<String ID="string_364" HPOS="589" VPOS="1170" WIDTH="35" HEIGHT="20" WC="0.93" CONTENT="års"/><SP WIDTH="15" VPOS="1170" HPOS="624"/>
							<String ID="string_365" HPOS="639" VPOS="1169" WIDTH="100" HEIGHT="26" WC="0.92" CONTENT="landtdag"/><SP WIDTH="18" VPOS="1169" HPOS="739"/>
							<String ID="string_366" HPOS="757" VPOS="1169" WIDTH="65" HEIGHT="21" WC="0.93" CONTENT="borde"/><SP WIDTH="17" VPOS="1169" HPOS="822"/>
							<String ID="string_367" HPOS="839" VPOS="1172" WIDTH="48" HEIGHT="23" WC="0.96" CONTENT="taga"/><SP WIDTH="16" VPOS="1172" HPOS="887"/>
							<String ID="string_368" HPOS="903" VPOS="1169" WIDTH="6" HEIGHT="20" WC="0.93" CONTENT="i"/><SP WIDTH="15" VPOS="1169" HPOS="909"/>
							<String ID="string_369" HPOS="924" VPOS="1169" WIDTH="85" HEIGHT="21" WC="0.93" CONTENT="betrak-"/>
						</TextLine>
						<TextLine ID="line_36" HPOS="179" VPOS="1195" WIDTH="829" HEIGHT="28">
							<String ID="string_370" HPOS="179" VPOS="1195" WIDTH="65" HEIGHT="21" WC="0.95" CONTENT="tande"/><SP WIDTH="24" VPOS="1195" HPOS="244"/>
							<String ID="string_371" HPOS="268" VPOS="1195" WIDTH="40" HEIGHT="21" WC="0.93" CONTENT="den"/><SP WIDTH="23" VPOS="1195" HPOS="308"/>
							<String ID="string_372" HPOS="331" VPOS="1196" WIDTH="128" HEIGHT="27" WC="0.95" CONTENT="förändring,"/><SP WIDTH="21" VPOS="1196" HPOS="459"/>
							<String ID="string_373" HPOS="480" VPOS="1203" WIDTH="45" HEIGHT="15" WC="0.96" CONTENT="som"/><SP WIDTH="16" VPOS="1203" HPOS="525"/>
							<String ID="string_374" HPOS="541" VPOS="1197" WIDTH="6" HEIGHT="21" WC="0.96" CONTENT="i"/><SP WIDTH="17" VPOS="1197" HPOS="547"/>
							<String ID="string_375" HPOS="564" VPOS="1197" WIDTH="36" HEIGHT="22" WC="0.96" CONTENT="det"/><SP WIDTH="15" VPOS="1197" HPOS="600"/>
							<String ID="string_376" HPOS="615" VPOS="1198" WIDTH="106" HEIGHT="21" WC="0.93" CONTENT="allmänna"/><SP WIDTH="16" VPOS="1198" HPOS="721"/>
							<String ID="string_377" HPOS="737" VPOS="1198" WIDTH="131" HEIGHT="21" WC="0.92" CONTENT="tänkesättet"/><SP WIDTH="16" VPOS="1198" HPOS="868"/>
							<String ID="string_378" HPOS="884" VPOS="1197" WIDTH="38" HEIGHT="21" WC="0.93" CONTENT="har"/><SP WIDTH="15" VPOS="1197" HPOS="922"/>
							<String ID="string_379" HPOS="937" VPOS="1197" WIDTH="71" HEIGHT="26" WC="0.92" CONTENT="försig-"/>
						</TextLine>
						<TextLine ID="line_37" HPOS="179" VPOS="1223" WIDTH="831" HEIGHT="30">
							<String ID="string_380" HPOS="179" VPOS="1223" WIDTH="46" HEIGHT="25" WC="0.92" CONTENT="gätt"/><SP WIDTH="16" VPOS="1223" HPOS="225"/>
							<String ID="string_381" HPOS="241" VPOS="1224" WIDTH="40" HEIGHT="21" WC="0.96" CONTENT="och"/><SP WIDTH="16" VPOS="1224" HPOS="281"/>
							<String ID="string_382" HPOS="297" VPOS="1230" WIDTH="45" HEIGHT="15" WC="0.93" CONTENT="som"/><SP WIDTH="16" VPOS="1230" HPOS="342"/>
							<String ID="string_383" HPOS="358" VPOS="1225" WIDTH="66" HEIGHT="21" WC="0.92" CONTENT="brutit"/><SP WIDTH="15" VPOS="1225" HPOS="424"/>
							<String ID="string_384" HPOS="439" VPOS="1226" WIDTH="81" HEIGHT="21" WC="0.93" CONTENT="stafven"/><SP WIDTH="16" VPOS="1226" HPOS="520"/>
							<String ID="string_385" HPOS="536" VPOS="1226" WIDTH="58" HEIGHT="21" WC="0.93" CONTENT="öfver"/><SP WIDTH="16" VPOS="1226" HPOS="594"/>
							<String ID="string_386" HPOS="610" VPOS="1226" WIDTH="173" HEIGHT="21" WC="0.92" CONTENT="lönnbränneriet"/><SP WIDTH="16" VPOS="1226" HPOS="783"/>
							<String ID="string_387" HPOS="799" VPOS="1226" WIDTH="38" HEIGHT="21" WC="0.93" CONTENT="och"/><SP WIDTH="13" VPOS="1226" HPOS="837"/>
							<String ID="string_388" HPOS="850" VPOS="1226" WIDTH="67" HEIGHT="21" WC="0.89" CONTENT="tillika"/><SP WIDTH="13" VPOS="1226" HPOS="917"/>
							<String ID="string_389" HPOS="930" VPOS="1228" WIDTH="80" HEIGHT="25" WC="0.92" CONTENT="stämp-"/>
						</TextLine>
						<TextLine ID="line_38" HPOS="179" VPOS="1251" WIDTH="831" HEIGHT="29">
							<String ID="string_390" HPOS="179" VPOS="1251" WIDTH="31" HEIGHT="21" WC="0.69" CONTENT="lat"/><SP WIDTH="22" VPOS="1251" HPOS="210"/>
							<String ID="string_391" HPOS="232" VPOS="1253" WIDTH="137" HEIGHT="26" WC="0.69" CONTENT="smuggleriet"/><SP WIDTH="23" VPOS="1253" HPOS="369"/>
							<String ID="string_392" HPOS="392" VPOS="1255" WIDTH="69" HEIGHT="20" WC="0.96" CONTENT="såsom"/><SP WIDTH="17" VPOS="1255" HPOS="461"/>
							<String ID="string_393" HPOS="478" VPOS="1257" WIDTH="30" HEIGHT="18" WC="0.93" CONTENT="ett"/><SP WIDTH="15" VPOS="1257" HPOS="508"/>
							<String ID="string_394" HPOS="523" VPOS="1254" WIDTH="55" HEIGHT="21" WC="0.96" CONTENT="uselt"/><SP WIDTH="22" VPOS="1254" HPOS="578"/>
							<String ID="string_395" HPOS="600" VPOS="1255" WIDTH="58" HEIGHT="25" WC="0.96" CONTENT="yrke."/><SP WIDTH="30" VPOS="1255" HPOS="658"/>
							<String ID="string_396" HPOS="688" VPOS="1255" WIDTH="47" HEIGHT="21" WC="0.93" CONTENT="Den"/><SP WIDTH="16" VPOS="1255" HPOS="735"/>
							<String ID="string_397" HPOS="751" VPOS="1254" WIDTH="204" HEIGHT="26" WC="0.91" CONTENT="sinnesstämningen"/><SP WIDTH="16" VPOS="1254" HPOS="955"/>
							<String ID="string_398" HPOS="971" VPOS="1254" WIDTH="39" HEIGHT="21" WC="0.96" CONTENT="bör"/>
						</TextLine>
						<TextLine ID="line_39" HPOS="178" VPOS="1281" WIDTH="831" HEIGHT="28">
							<String ID="string_399" HPOS="178" VPOS="1285" WIDTH="51" HEIGHT="16" WC="0.95" CONTENT="vara"/><SP WIDTH="22" VPOS="1285" HPOS="229"/>
							<String ID="string_400" HPOS="251" VPOS="1283" WIDTH="31" HEIGHT="19" WC="0.95" CONTENT="ett"/><SP WIDTH="22" VPOS="1283" HPOS="282"/>
							<String ID="string_401" HPOS="304" VPOS="1281" WIDTH="31" HEIGHT="21" WC="0.93" CONTENT="väl"/><SP WIDTH="24" VPOS="1281" HPOS="335"/>
							<String ID="string_402" HPOS="359" VPOS="1283" WIDTH="106" HEIGHT="25" WC="0.92" CONTENT="grundadt"/><SP WIDTH="21" VPOS="1283" HPOS="465"/>
							<String ID="string_403" HPOS="486" VPOS="1283" WIDTH="48" HEIGHT="20" WC="0.96" CONTENT="stöd"/><SP WIDTH="24" VPOS="1283" HPOS="534"/>
							<String ID="string_404" HPOS="558" VPOS="1284" WIDTH="32" HEIGHT="19" WC="0.96" CONTENT="för"/><SP WIDTH="23" VPOS="1284" HPOS="590"/>
							<String ID="string_405" HPOS="613" VPOS="1283" WIDTH="39" HEIGHT="21" WC="0.96" CONTENT="den"/><SP WIDTH="24" VPOS="1283" HPOS="652"/>
							<String ID="string_406" HPOS="676" VPOS="1283" WIDTH="137" HEIGHT="26" WC="0.96" CONTENT="lagstiftning,"/><SP WIDTH="24" VPOS="1283" HPOS="813"/>
							<String ID="string_407" HPOS="837" VPOS="1289" WIDTH="46" HEIGHT="14" WC="0.93" CONTENT="som"/><SP WIDTH="20" VPOS="1289" HPOS="883"/>
							<String ID="string_408" HPOS="903" VPOS="1283" WIDTH="64" HEIGHT="26" WC="0.91" CONTENT="yrkar"/><SP WIDTH="15" VPOS="1283" HPOS="967"/>
							<String ID="string_409" HPOS="982" VPOS="1283" WIDTH="27" HEIGHT="26" WC="0.96" CONTENT="pä"/>
						</TextLine>
						<TextLine ID="line_40" HPOS="179" VPOS="1307" WIDTH="830" HEIGHT="30">
							<String ID="string_410" HPOS="179" VPOS="1307" WIDTH="198" HEIGHT="24" WC="0.92" CONTENT="bränvinsskattens"/><SP WIDTH="24" VPOS="1307" HPOS="377"/>
							<String ID="string_411" HPOS="401" VPOS="1310" WIDTH="118" HEIGHT="27" WC="0.92" CONTENT="förhöjning"/><SP WIDTH="23" VPOS="1310" HPOS="519"/>
							<String ID="string_412" HPOS="542" VPOS="1311" WIDTH="39" HEIGHT="21" WC="0.95" CONTENT="och"/><SP WIDTH="23" VPOS="1311" HPOS="581"/>
							<String ID="string_413" HPOS="604" VPOS="1318" WIDTH="62" HEIGHT="14" WC="0.96" CONTENT="anser"/><SP WIDTH="23" VPOS="1318" HPOS="666"/>
							<String ID="string_414" HPOS="689" VPOS="1314" WIDTH="32" HEIGHT="19" WC="0.96" CONTENT="att"/><SP WIDTH="25" VPOS="1314" HPOS="721"/>
							<String ID="string_415" HPOS="746" VPOS="1311" WIDTH="67" HEIGHT="21" WC="0.93" CONTENT="andra"/><SP WIDTH="15" VPOS="1311" HPOS="813"/>
							<String ID="string_416" HPOS="828" VPOS="1311" WIDTH="100" HEIGHT="26" WC="0.92" CONTENT="ätgärder"/><SP WIDTH="15" VPOS="1311" HPOS="928"/>
							<String ID="string_417" HPOS="943" VPOS="1311" WIDTH="66" HEIGHT="21" WC="0.93" CONTENT="mätte"/>
						</TextLine>
						<TextLine ID="line_41" HPOS="179" VPOS="1336" WIDTH="829" HEIGHT="30">
							<String ID="string_418" HPOS="179" VPOS="1336" WIDTH="103" HEIGHT="27" WC="0.92" CONTENT="vidtagas,"/><SP WIDTH="24" VPOS="1336" HPOS="282"/>
							<String ID="string_419" HPOS="306" VPOS="1338" WIDTH="136" HEIGHT="27" WC="0.92" CONTENT="hvarigenom"/><SP WIDTH="22" VPOS="1338" HPOS="442"/>
							<String ID="string_420" HPOS="464" VPOS="1339" WIDTH="109" HEIGHT="22" WC="0.91" CONTENT="bränvinet"/><SP WIDTH="15" VPOS="1339" HPOS="573"/>
							<String ID="string_421" HPOS="588" VPOS="1339" WIDTH="68" HEIGHT="22" WC="0.93" CONTENT="skulle"/><SP WIDTH="16" VPOS="1339" HPOS="656"/>
							<String ID="string_422" HPOS="672" VPOS="1340" WIDTH="64" HEIGHT="21" WC="0.92" CONTENT="blifva"/><SP WIDTH="16" VPOS="1340" HPOS="736"/>
							<String ID="string_423" HPOS="752" VPOS="1344" WIDTH="23" HEIGHT="17" WC="0.96" CONTENT="sä"/><SP WIDTH="16" VPOS="1344" HPOS="775"/>
							<String ID="string_424" HPOS="791" VPOS="1340" WIDTH="53" HEIGHT="25" WC="0.96" CONTENT="litet,"/><SP WIDTH="16" VPOS="1340" HPOS="844"/>
							<String ID="string_425" HPOS="860" VPOS="1346" WIDTH="45" HEIGHT="14" WC="0.96" CONTENT="som"/><SP WIDTH="17" VPOS="1346" HPOS="905"/>
							<String ID="string_426" HPOS="922" VPOS="1339" WIDTH="86" HEIGHT="27" WC="0.96" CONTENT="möjligt,"/>
						</TextLine>
						<TextLine ID="line_42" HPOS="178" VPOS="1364" WIDTH="302" HEIGHT="29">
							<String ID="string_427" HPOS="178" VPOS="1364" WIDTH="129" HEIGHT="29" WC="0.91" CONTENT="tillgängligt"/><SP WIDTH="15" VPOS="1364" HPOS="307"/>
							<String ID="string_428" HPOS="322" VPOS="1366" WIDTH="32" HEIGHT="21" WC="0.93" CONTENT="för"/><SP WIDTH="15" VPOS="1366" HPOS="354"/>
							<String ID="string_429" HPOS="369" VPOS="1367" WIDTH="47" HEIGHT="21" WC="0.93" CONTENT="värt"/><SP WIDTH="15" VPOS="1367" HPOS="416"/>
							<String ID="string_430" HPOS="431" VPOS="1367" WIDTH="49" HEIGHT="21" WC="0.96" CONTENT="folk."/>
						</TextLine>
					</TextBlock>
				</ComposedBlock>
				<ComposedBlock ID="cblock_3" HPOS="177" VPOS="1423" WIDTH="832" HEIGHT="114">
					<TextBlock ID="block_2" HPOS="177" VPOS="1423" WIDTH="832" HEIGHT="114">
						<TextLine ID="line_43" HPOS="248" VPOS="1423" WIDTH="761" HEIGHT="29">
							<String ID="string_431" HPOS="248" VPOS="1423" WIDTH="85" HEIGHT="21" WC="0.96" CONTENT="Doktor"/><SP WIDTH="16" VPOS="1423" HPOS="333"/>
							<String ID="string_432" HPOS="349" VPOS="1423" WIDTH="157" HEIGHT="22" WC="0.95" CONTENT="Granfelt:"/><SP WIDTH="26" VPOS="1423" HPOS="506"/>
							<String ID="string_433" HPOS="532" VPOS="1425" WIDTH="69" HEIGHT="21" WC="0.93" CONTENT="Sedan"/><SP WIDTH="12" VPOS="1425" HPOS="601"/>
							<String ID="string_434" HPOS="613" VPOS="1425" WIDTH="122" HEIGHT="27" WC="0.92" CONTENT="isynnerhet"/><SP WIDTH="11" VPOS="1425" HPOS="735"/>
							<String ID="string_435" HPOS="746" VPOS="1427" WIDTH="48" HEIGHT="19" WC="0.92" CONTENT="näst"/><SP WIDTH="11" VPOS="1427" HPOS="794"/>
							<String ID="string_436" HPOS="805" VPOS="1425" WIDTH="126" HEIGHT="26" WC="0.92" CONTENT="föregäende"/><SP WIDTH="11" VPOS="1425" HPOS="931"/>
							<String ID="string_437" HPOS="942" VPOS="1424" WIDTH="67" HEIGHT="21" WC="0.93" CONTENT="talare"/>
						</TextLine>
						<TextLine ID="line_44" HPOS="177" VPOS="1450" WIDTH="831" HEIGHT="30">
							<String ID="string_438" HPOS="177" VPOS="1450" WIDTH="28" HEIGHT="26" WC="0.96" CONTENT="pä"/><SP WIDTH="16" VPOS="1450" HPOS="205"/>
							<String ID="string_439" HPOS="221" VPOS="1452" WIDTH="32" HEIGHT="19" WC="0.96" CONTENT="ett"/><SP WIDTH="16" VPOS="1452" HPOS="253"/>
							<String ID="string_440" HPOS="269" VPOS="1452" WIDTH="24" HEIGHT="21" WC="0.93" CONTENT="sä"/><SP WIDTH="15" VPOS="1452" HPOS="293"/>
							<String ID="string_441" HPOS="308" VPOS="1454" WIDTH="69" HEIGHT="19" WC="0.96" CONTENT="varmt"/><SP WIDTH="16" VPOS="1454" HPOS="377"/>
							<String ID="string_442" HPOS="393" VPOS="1455" WIDTH="42" HEIGHT="18" WC="0.93" CONTENT="sätt"/><SP WIDTH="15" VPOS="1455" HPOS="435"/>
							<String ID="string_443" HPOS="450" VPOS="1452" WIDTH="98" HEIGHT="27" WC="0.95" CONTENT="framlagt"/><SP WIDTH="16" VPOS="1452" HPOS="548"/>
							<String ID="string_444" HPOS="564" VPOS="1453" WIDTH="42" HEIGHT="24" WC="0.96" CONTENT="det,"/><SP WIDTH="16" VPOS="1453" HPOS="606"/>
							<String ID="string_445" HPOS="622" VPOS="1460" WIDTH="45" HEIGHT="14" WC="0.96" CONTENT="som"/><SP WIDTH="14" VPOS="1460" HPOS="667"/>
							<String ID="string_446" HPOS="681" VPOS="1453" WIDTH="36" HEIGHT="27" WC="0.93" CONTENT="jag"/><SP WIDTH="14" VPOS="1453" HPOS="717"/>
							<String ID="string_447" HPOS="731" VPOS="1453" WIDTH="64" HEIGHT="22" WC="0.96" CONTENT="också"/><SP WIDTH="10" VPOS="1453" HPOS="795"/>
							<String ID="string_448" HPOS="805" VPOS="1453" WIDTH="54" HEIGHT="21" WC="0.96" CONTENT="hade"/><SP WIDTH="16" VPOS="1453" HPOS="859"/>
							<String ID="string_449" HPOS="875" VPOS="1455" WIDTH="32" HEIGHT="19" WC="0.96" CONTENT="att"/><SP WIDTH="16" VPOS="1455" HPOS="907"/>
							<String ID="string_450" HPOS="923" VPOS="1453" WIDTH="6" HEIGHT="20" WC="0.96" CONTENT="i"/><SP WIDTH="15" VPOS="1453" HPOS="929"/>
							<String ID="string_451" HPOS="944" VPOS="1453" WIDTH="64" HEIGHT="21" WC="0.96" CONTENT="saken"/>
						</TextLine>
						<TextLine ID="line_45" HPOS="177" VPOS="1477" WIDTH="831" HEIGHT="31">
							<String ID="string_452" HPOS="177" VPOS="1477" WIDTH="125" HEIGHT="29" WC="0.93" CONTENT="framlägga,"/><SP WIDTH="25" VPOS="1477" HPOS="302"/>
							<String ID="string_453" HPOS="327" VPOS="1479" WIDTH="106" HEIGHT="28" WC="0.92" CONTENT="nemligen"/><SP WIDTH="16" VPOS="1479" HPOS="433"/>
							<String ID="string_454" HPOS="449" VPOS="1483" WIDTH="32" HEIGHT="19" WC="0.96" CONTENT="att"/><SP WIDTH="15" VPOS="1483" HPOS="481"/>
							<String ID="string_455" HPOS="496" VPOS="1481" WIDTH="56" HEIGHT="21" WC="0.96" CONTENT="inom"/><SP WIDTH="16" VPOS="1481" HPOS="552"/>
							<String ID="string_456" HPOS="568" VPOS="1482" WIDTH="40" HEIGHT="21" WC="0.96" CONTENT="den"/><SP WIDTH="17" VPOS="1482" HPOS="608"/>
							<String ID="string_457" HPOS="625" VPOS="1482" WIDTH="71" HEIGHT="21" WC="0.96" CONTENT="bättre"/><SP WIDTH="16" VPOS="1482" HPOS="696"/>
							<String ID="string_458" HPOS="712" VPOS="1481" WIDTH="61" HEIGHT="22" WC="0.96" CONTENT="delen"/><SP WIDTH="16" VPOS="1481" HPOS="773"/>
							<String ID="string_459" HPOS="789" VPOS="1482" WIDTH="23" HEIGHT="21" WC="0.96" CONTENT="af"/><SP WIDTH="13" VPOS="1482" HPOS="812"/>
							<String ID="string_460" HPOS="825" VPOS="1482" WIDTH="38" HEIGHT="21" WC="0.93" CONTENT="vär"/><SP WIDTH="14" VPOS="1482" HPOS="863"/>
							<String ID="string_461" HPOS="877" VPOS="1481" WIDTH="91" HEIGHT="27" WC="0.68" CONTENT="allmoge"/><SP WIDTH="15" VPOS="1481" HPOS="968"/>
							<String ID="string_462" HPOS="983" VPOS="1487" WIDTH="25" HEIGHT="15" WC="0.96" CONTENT="en"/>
						</TextLine>
						<TextLine ID="line_46" HPOS="178" VPOS="1506" WIDTH="830" HEIGHT="31">
							<String ID="string_463" HPOS="178" VPOS="1506" WIDTH="77" HEIGHT="22" WC="0.93" CONTENT="allmän"/><SP WIDTH="18" VPOS="1506" HPOS="255"/>
							<String ID="string_464" HPOS="273" VPOS="1508" WIDTH="63" HEIGHT="27" WC="0.95" CONTENT="ovilja"/><SP WIDTH="16" VPOS="1508" HPOS="336"/>
							<String ID="string_465" HPOS="352" VPOS="1509" WIDTH="78" HEIGHT="21" WC="0.95" CONTENT="uttalar"/><SP WIDTH="16" VPOS="1509" HPOS="430"/>
							<String ID="string_466" HPOS="446" VPOS="1510" WIDTH="31" HEIGHT="26" WC="0.96" CONTENT="sig"/><SP WIDTH="15" VPOS="1510" HPOS="477"/>
							<String ID="string_467" HPOS="492" VPOS="1512" WIDTH="44" HEIGHT="19" WC="0.97" CONTENT="mot"/><SP WIDTH="16" VPOS="1512" HPOS="536"/>
							<String ID="string_468" HPOS="552" VPOS="1509" WIDTH="32" HEIGHT="22" WC="0.93" CONTENT="för"/><SP WIDTH="16" VPOS="1509" HPOS="584"/>
							<String ID="string_469" HPOS="600" VPOS="1510" WIDTH="87" HEIGHT="27" WC="0.96" CONTENT="mycken"/><SP WIDTH="16" VPOS="1510" HPOS="687"/>
							<String ID="string_470" HPOS="703" VPOS="1511" WIDTH="39" HEIGHT="21" WC="0.96" CONTENT="och"/><SP WIDTH="13" VPOS="1511" HPOS="742"/>
							<String ID="string_471" HPOS="755" VPOS="1510" WIDTH="40" HEIGHT="21" WC="0.93" CONTENT="lätt"/><SP WIDTH="13" VPOS="1510" HPOS="795"/>
							<String ID="string_472" HPOS="808" VPOS="1510" WIDTH="87" HEIGHT="27" WC="0.96" CONTENT="tillgång"/><SP WIDTH="13" VPOS="1510" HPOS="895"/>
							<String ID="string_473" HPOS="908" VPOS="1511" WIDTH="27" HEIGHT="26" WC="0.93" CONTENT="pä"/><SP WIDTH="11" VPOS="1511" HPOS="935"/>
							<String ID="string_474" HPOS="946" VPOS="1510" WIDTH="62" HEIGHT="21" WC="0.93" CONTENT="brän-"/>
						</TextLine>
					</TextBlock>
				</ComposedBlock>
			</PrintSpace>
		</Page>
	</Layout>
</alto>
