1117 1817
223 137 54 21 1720
420 143 162 18 Presteståndet
594 144 54 17 1872.
674 144 18 16 11
703 144 51 20 juni.

261 222 119 27 Föredrogs
403 224 39 21 och
464 224 144 21 antecknades
632 223 93 27 följande
748 223 197 27 protokollsutdrag
969 222 47 21 från

191 251 184 27 borgareståndet:

263 311 31 18 1:o
311 309 21 21 af
346 309 40 21 den
403 309 26 21 10
444 309 86 25 dennes,
546 309 48 21 med
616 309 154 21 underrättelse
786 315 33 15 om
836 309 95 20 ståndets
947 308 69 21 beslut

192 337 34 21 vid
249 337 156 27 behandlingen
428 338 22 21 af
471 338 197 27 sjölagsutskottets
693 337 295 27 sammanjemkningsförslag
1010 337 6 21 i

191 365 61 28 fråga
267 372 33 15 om
317 372 26 21 ny
359 367 67 26 sjölag
441 366 33 21 för
488 367 103 25 Finland;

261 424 32 20 2:0
310 423 23 22 af
346 429 81 16 samma
443 424 47 25 dag,
506 423 22 21 af
542 423 94 27 följande
651 423 103 21 innehåll:

466 504 82 27 Utdrag
576 504 22 21 af
624 504 191 26 Borgareständets
844 504 108 27 protokoll
981 503 34 21 vid

397 533 130 26 landtdagen
542 533 7 20 i
565 533 133 26 Helsingfors
714 533 40 21 den
772 533 25 20 10
813 533 49 21 Juni
880 533 61 20 1872.

259 589 128 26 Föredrogs:
412 590 114 21 Allmänna
541 590 210 21 Besvärsutskottets
767 590 31 21 uti
814 589 109 22 skrifvelse
939 589 23 22 af
976 589 39 21 den

191 618 24 20 21
233 618 96 21 sistlidne
345 618 43 26 Maj
403 619 76 26 gjorda
492 619 98 21 anmälan
606 619 80 24 derom,
701 621 32 19 att
749 619 64 21 sedan
830 619 48 21 dess
894 619 79 26 förslag
983 618 33 21 till

191 646 131 27 underdänig
338 647 88 26 petition
438 654 33 15 om
483 647 128 22 förändrade
622 647 93 27 grunder
724 647 34 22 för
768 647 247 26 räntepersedleomsätt-

190 675 77 25 ningen
284 676 75 20 endast
374 676 23 20 af
410 676 156 26 Ridderskapet
582 676 39 21 och
637 677 68 20 Adeln
721 678 55 18 samt
791 676 159 21 Bondeständet
965 675 51 27 god-

190 703 70 24 känts,
277 710 47 14 men
339 704 24 21 af
375 704 161 22 Presteständet
557 704 45 22 helt
622 705 38 20 och
677 704 64 21 hället
757 706 56 19 samt
827 704 23 21 af
863 704 153 26 Borgarestän-

190 732 36 20 det
241 732 32 21 till
290 738 25 15 en
331 732 35 21 del
381 733 117 21 förkastats
513 735 55 19 samt
585 733 120 21 Utskottets
720 733 80 26 förslag
811 733 32 21 till
854 733 162 26 sammanjemk-

190 760 50 26 ning
256 760 18 27 ej
290 760 67 22 heller
380 761 44 21 ledt
447 762 32 20 till
500 762 94 26 äsyftadt
617 762 96 25 resultat,
737 768 26 14 en
785 768 120 20 gemensam
921 761 95 21 ständer-

190 789 89 26 petition
296 790 6 20 i
319 791 71 19 ämnet
405 790 45 21 icke
467 790 81 21 kunnat
563 790 159 27 ävägabringas.

259 818 40 20 Till
323 824 48 15 svar
393 818 53 22 härä
468 819 68 21 skulle
559 819 114 21 Allmänna
693 818 196 22 Besvärsutskottet
908 819 108 21 meddelas

191 847 32 19 att
245 846 158 27 Ridderskapet
425 847 40 21 och
488 848 67 20 Adeln
578 854 76 20 genom
673 848 196 26 protokollsutdrag
885 847 33 21 för
933 849 40 19 deu
989 848 27 20 29

190 874 43 27 Maj
249 875 40 21 och
305 875 160 22 Presteständet
480 882 75 20 genom
571 876 198 27 protokollsutdrag
785 876 32 20 för
828 876 40 20 den
879 876 25 21 31
917 877 6 20 i
937 882 80 15 samma

190 903 78 21 mänad
291 904 95 26 delgifvit
403 905 181 26 Borgareständet
607 907 33 19 att
655 905 98 21 bemälda
769 904 66 22 Ständ
851 904 26 26 pä
893 905 124 26 inbjudning

189 932 23 20 af
225 932 160 21 Bondeständet
407 932 84 22 förenat
513 934 31 26 sig
568 940 33 14 om
624 933 117 21 aflätandet
762 933 22 21 af
797 933 66 21 sädan
886 934 131 26 underdänig

189 960 89 26 petition
294 961 6 20 i
317 963 78 24 ämnet,
418 968 45 14 som
485 962 180 26 Borgareständet
687 962 38 20 den
752 962 25 20 13
793 962 60 26 April
869 962 93 21 beslutat
978 962 39 21 och

190 989 87 21 hvarom
293 990 112 20 Allmänna
420 990 198 21 Besvärsutskottet
633 991 30 20 uti
679 990 197 26 protokollsutdrag
891 990 33 21 för
936 997 80 14 samma

190 1017 41 26 dag
254 1018 158 26 underrättats;
428 1019 6 20 i
450 1018 52 27 följd
525 1019 76 21 hvaraf
622 1019 82 21 således
722 1025 26 15 en
769 1025 121 21 gemensam
906 1019 89 26 petition
1010 1020 7 20 i

189 1046 90 21 ärendet
294 1053 87 15 numera
397 1046 21 22 af
432 1048 99 26 samtliga
547 1048 94 20 Ständen
657 1048 116 20 omfattats.

259 1075 80 21 Härom
362 1076 68 20 skulle
453 1076 198 27 protokollsutdrag
674 1076 47 26 afgä
744 1076 32 21 till
798 1076 25 21 de
840 1076 67 27 öfriga
923 1075 93 22 Ständen

189 1103 40 21 och
244 1103 134 22 förbemälda
393 1104 95 21 Utskott.

808 1160 20 17 In
841 1160 62 17 fidem:

772 1195 22 21 S.
814 1195 133 21 Calamnius.

259 1263 33 20 3:0
309 1263 22 21 af
345 1263 41 21 den
403 1265 12 20 8
431 1264 85 24 dennes,
532 1264 148 21 innehållande
696 1264 96 21 ständets
804 1264 69 21 beslut
885 1264 6 20 i
903 1264 113 27 anledning

189 1291 22 20 af
225 1294 154 19 sammansatta
402 1293 43 26 lag-
465 1293 39 20 och
526 1293 215 20 ekonomiutskottets
757 1293 134 20 betänkande
907 1293 109 26 angäende

188 1319 78 26 nädiga
280 1321 158 26 propositionen
455 1327 34 15 om
505 1321 127 21 utfärdande
647 1321 23 21 af
684 1328 25 14 en
725 1321 75 27 stadga
815 1322 91 20 rörande
918 1321 98 26 flottning

189 1347 22 22 af
225 1349 192 26 skogsprodukter;
433 1352 55 19 samt

257 1406 35 21 4:o
308 1406 23 21 af
345 1407 41 20 den
403 1407 26 21 10
445 1407 85 26 dennes,
546 1407 47 21 med
609 1407 156 22 underrättelse
781 1409 33 19 att
826 1407 85 21 ständet
921 1407 95 27 godkänt

189 1437 155 18 sammansatta
359 1438 63 18 stats-
438 1435 40 22 och
500 1436 215 21 ekonomiutskottets
730 1436 79 25 förslag
824 1436 33 21 till
870 1436 109 27 jemkning
994 1435 24 22 af

188 1462 101 21 ständens
313 1463 57 21 olika
390 1464 70 21 beslut
476 1465 7 20 i
499 1464 72 26 frägan
588 1471 33 14 om
638 1465 73 26 anslag
726 1465 33 20 för
775 1464 121 21 inrättande
912 1465 22 21 af
947 1471 26 15 en
989 1471 27 20 ny

188 1491 123 21 kuranstalt
326 1492 33 21 för
375 1493 135 26 sinnessjuka
525 1493 6 20 i
547 1493 78 21 landet.
