1117 1817
225 138 53 22 1630
445 146 160 17 Prosteständet
618 147 56 16 1872.
698 147 12 16 5
721 146 51 21 juni.

261 226 13 25 $
290 227 35 19 50.
355 226 93 26 Afgiften
472 226 32 21 för
526 226 130 27 rättigheten
680 226 32 21 till
735 226 143 25 utskänkning
894 225 22 20 af
930 224 88 21 bränvin

193 253 132 22 fastställdes
347 256 32 19 att
402 255 51 26 utgå
479 255 46 20 med
548 255 60 26 tjugu
633 255 61 26 penni
711 255 32 20 för
759 254 73 26 hvarje
848 254 31 21 till
895 252 123 27 försäljning

194 283 75 26 åtagen
296 283 76 26 kanna,
393 283 108 21 äfvensom
526 283 47 22 hela
599 283 98 21 behållna
720 283 119 21 inkomsten
856 283 12 20 å
884 282 86 26 afgiften
986 281 32 20 för

193 311 153 26 utminutering
369 311 22 21 af
406 312 88 21 bränvin
510 312 68 21 skulle
594 312 107 21 användas
716 312 6 20 i
739 311 66 22 likhet
821 311 48 21 med
884 311 85 20 skatten
985 311 33 20 för

194 339 262 28 bränvinstillverkningen
480 341 38 21 och
542 343 51 18 utan
617 343 31 18 att
671 341 67 26 någon
756 341 33 20 del
805 340 21 21 af
842 340 69 20 denna
926 339 92 21 inkomst

193 368 82 21 tillfölle
291 369 133 20 kommunen.

262 398 13 24 $
291 399 34 18 53.
356 397 47 21 Med
427 398 114 26 anledning
558 397 21 22 af
594 398 96 21 ständets
705 398 34 21 vid
755 397 155 25 behandlingen
927 396 22 21 af
962 397 13 25 8
990 396 27 21 45

193 425 101 26 vidtagna
310 425 69 22 beslut
394 427 72 20 derom
482 429 32 18 att
530 427 143 26 utskänkning
688 427 23 20 af
725 427 88 20 bränvin
829 426 19 25 ej
864 425 68 21 skulle
943 425 21 20 få
980 430 38 21 ega

194 460 45 15 rum
255 455 57 20 inom
329 455 168 25 landskommun,
514 455 65 21 borde
596 455 46 21 från
658 462 73 14 senare
747 461 62 15 mom.
827 454 22 21 af
864 455 68 20 denna
947 454 14 26 &
973 456 45 18 ute-

194 483 67 20 slutas
277 483 64 21 orden
358 484 62 23 ,eller
436 484 125 21 utskänka*,

261 513 15 24 $
291 512 36 21 56.
358 511 96 22 Uteslöts
477 513 44 20 helt
544 512 39 21 och
606 513 72 25 hållet,
702 512 73 21 såvida
801 511 174 27 torgförsäljning
996 511 23 20 af

194 539 88 22 bränvin
307 540 68 21 blifvit
398 541 46 20 från
469 541 10 27 &
502 542 27 20 46
551 542 134 20 utmönstrad
699 541 38 21 och
754 541 145 26 stadgandena
914 541 6 20 i
936 540 81 21 föreva-

194 569 64 21 rande
274 569 11 27 $
303 570 119 26 derigenom
440 570 68 21 blifvit
524 569 144 27 öfverflödiga.

261 598 15 25 $
291 599 36 20 57.
359 598 77 21 Såvida
452 599 5 20 i
474 599 11 26 &
501 600 26 19 55
548 599 86 25 stadgas
650 601 31 18 att
697 605 52 17 rom,
765 598 82 26 konjac,
864 597 75 22 arrack
954 604 28 14 m.
997 597 19 20 fl.

193 626 144 27 spritdrycker
353 627 52 20 böra
421 627 113 21 innehafva
550 628 39 20 den
603 627 97 21 alkohols
712 627 81 27 styrka,
810 633 44 14 som
871 627 5 20 i
893 627 12 26 $
921 627 26 20 57
963 626 55 21 före-

192 655 96 26 skrifves,
312 655 65 21 borde
400 656 5 20 i
422 656 69 21 denna
514 657 10 25 $
545 656 80 21 införas
651 656 90 21 särskild
767 656 133 25 bestämning
922 661 33 15 om
978 655 39 20 den

193 683 72 26 styrka
289 683 61 21 ofvan
374 684 138 26 uppräknade
536 684 39 21 och
598 685 67 20 andra
688 684 71 27 dylika
781 684 89 26 drycker
893 684 52 20 böra
960 683 56 21 inne-

193 711 62 21 hålla.

261 741 12 25 $
289 742 35 20 59.
355 741 36 21 Uti
415 742 68 20 denna
498 743 12 24 &
526 742 76 26 ansågs
618 742 53 20 böra
686 742 80 20 införas
782 742 36 20 det
833 741 123 27 stadgande,
973 746 44 15 som

192 768 143 22 förekommer
358 770 5 20 i
379 770 11 27 $
407 770 24 21 61
449 770 91 21 rörande
556 770 134 27 förpassning
705 770 23 21 af
742 770 95 25 bränvin,
853 776 44 14 som
914 770 76 20 forslas
1006 768 12 21 å

192 798 81 26 saltsjö.

260 826 15 26 $
291 828 35 21 60,
356 827 69 20 Borde
450 827 152 27 kompletteras
618 828 48 20 med
686 827 158 27 bestämningar
860 834 33 14 om
909 827 54 21 huru
976 826 42 21 för-

192 855 100 26 passning
308 855 11 20 å
336 855 94 25 bränvin,
447 862 44 14 som
508 856 98 21 afsändes
617 856 45 21 från
675 856 133 21 tillverkares
820 855 198 27 försäljningsställe

192 883 39 20 bör
255 889 50 15 vara
329 883 103 22 inrättadt
452 885 39 20 och
506 884 54 22 skall
576 885 103 24 utfärdas,
696 885 107 21 äfvensom
820 884 105 21 huruvida
940 884 78 20 minut-

191 911 112 27 försäljare
323 912 35 21 må
381 919 39 20 ega
443 913 84 21 utfärda
543 913 133 27 förpassning
692 914 51 20 eller
759 913 59 21 bevis
834 913 108 26 angående
959 913 59 20 brän-

191 940 159 27 vinsursprung.
382 942 113 20 Dessutom
513 942 65 20 borde
595 942 5 20 i
617 943 52 20 sista
684 948 62 14 mom.
764 942 23 20 af
801 942 68 20 denna
885 942 12 26 &
913 941 106 21 förekom-

191 969 77 20 mande
290 969 196 27 bötesbestämning
508 971 46 25 ,till
577 971 120 21 tvåhundra
717 971 73 20 femtio
807 971 70 20 mark"
893 970 78 21 ändras
987 969 31 21 till

192 997 47 20 "till
263 997 38 20 och
324 998 47 20 med
394 998 119 22 tvåhundra
529 998 72 22 femtio
615 1000 73 20 mark"
705 1001 56 19 samt
775 1005 82 15 samma
872 998 146 27 uttryckssätt,

191 1026 37 20 der
243 1026 37 21 det
295 1026 12 20 å
323 1027 67 21 andra
406 1028 75 20 ställen
497 1028 6 20 i
518 1027 239 27 författningsförslaget
773 1028 110 23 användts,
897 1027 77 27 jemväl
990 1026 27 27 på

191 1060 27 14 nu
234 1055 90 21 närondt
339 1057 44 19 sätt
411 1057 60 19 rättas.

259 1083 16 27 $
291 1084 34 20 64.
357 1084 56 21 Sista
429 1091 62 14 mom.
508 1084 68 22 skulle
591 1085 105 21 uteslutas
711 1085 27 27 på
754 1085 68 26 grund
839 1084 60 21 deraf
913 1086 32 19 att
953 1090 62 15 mom.

188 1118 19 17 a
224 1112 11 26 $
252 1113 11 18 5
281 1112 60 20 äfven
358 1113 114 21 uteslutits.

258 1140 16 27 $
289 1141 35 19 68.
355 1141 86 20 Förlust
464 1141 22 21 af
507 1141 91 26 redskap
614 1142 77 26 ansågs
707 1142 46 21 icke
770 1141 53 21 böra
838 1141 33 20 för
887 1141 46 25 den,
949 1147 44 14 som
1010 1141 6 20 i

190 1168 47 26 laga
259 1169 90 26 ordning
371 1169 110 21 förskaffat
504 1170 30 26 sig
550 1172 44 19 rätt
609 1171 31 20 till
657 1170 114 21 utöfvande
787 1170 22 21 af
823 1169 193 21 bränvinstillverk-

190 1197 56 26 ning,
270 1199 77 24 utgöra
364 1198 78 27 påföljd
458 1199 34 20 för
506 1199 67 20 andra
589 1205 61 14 resan
667 1199 22 20 sä
706 1198 108 21 beskaffad
830 1198 126 27 förbrytelse
972 1204 44 14 som

190 1225 5 20 i
213 1225 69 20 denna
298 1227 12 24 $
327 1227 98 26 omtalas,
441 1227 97 21 hvarföre
555 1228 127 25 stadgandet
699 1227 72 21 derom
787 1227 68 21 skulle
871 1233 25 14 ur
912 1228 32 25 $:n
960 1227 57 26 utgå,

191 1253 55 21 helst
270 1254 117 21 detsamma
411 1255 97 26 utgjorde
531 1258 31 18 ett
585 1256 222 26 förmögenhetsstraff
828 1255 39 21 och
890 1256 6 20 i
916 1255 49 21 flere
981 1255 37 21 fall

190 1281 71 22 kunde
278 1283 85 21 komma
379 1285 32 19 att
428 1284 61 21 träffa
504 1284 46 21 icke
566 1285 75 20 endast
657 1285 40 20 den
714 1285 112 26 brottsliga
842 1284 53 26 sjelf,
911 1286 51 19 ntan
978 1284 40 20 ock

191 1311 54 20 hans
261 1310 178 28 fordringscgare,
456 1313 70 20 hvilka
542 1313 121 26 derigenom
680 1313 21 21 af
715 1312 84 21 straffet
815 1313 124 20 drabbades.

208 1367 15 20 i
239 1340 36 54 a
291 1340 33 20 78.
356 1341 157 26 Hänvisningen
538 1342 31 20 till
594 1343 11 25 $
630 1343 25 19 72
679 1342 66 21 borde
768 1342 69 20 såsom
857 1341 78 26 oriktig
951 1343 68 18 rättas

190 1367 16 20 ti
267 1369 34 20 TT:

260 1396 15 27 $
291 1398 35 19 79.
358 1397 70 21 Orden
452 1399 62 25 ,eller
536 1398 174 26 partihandlare*
734 1398 74 26 skulle,
832 1399 6 20 i
862 1398 93 26 enlighet
971 1398 47 21 med

191 1423 94 22 beslutet
307 1425 133 22 beträffande
463 1428 10 25 $
496 1428 27 19 45
547 1433 62 14 mom.
634 1435 13 12 a
671 1427 104 21 uteslutas
792 1430 55 18 samt
863 1427 44 26 $:ns
923 1427 96 26 början
1006 1419 17 39 i

189 1452 53 27 följd
267 1453 61 21 deraf
350 1454 65 21 blifva
437 1455 233 28 ,bränvinstillverkare
694 1456 52 20 eller
763 1455 120 25 distillatör,
899 1461 45 15 som
960 1455 59 21 miss-

189 1481 95 21 brukar"
301 1489 18 14 o.
335 1489 16 14 s.
368 1489 17 14 v.

259 1511 16 26 $
291 1512 35 19 99.
357 1511 39 21 Till
418 1512 38 21 här
472 1512 119 27 åberopade
606 1513 151 26 författningar
772 1513 66 20 borde
854 1513 73 26 läggas
942 1512 78 27 nådiga

190 1537 144 28 kungörelsen
351 1540 20 21 af
387 1541 39 20 den
443 1541 26 20 29
485 1541 114 21 november
614 1541 61 25 1870,
687 1541 144 21 innefattande
844 1541 107 21 allmänna
961 1542 59 20 stad-
