1117 1817
225 133 54 21 1240
440 138 162 18 Presteståndet
615 138 55 18 1872.
696 139 27 17 24
735 138 48 21 maj.

263 218 142 27 Domprosten
420 218 144 21 Renvall:
596 218 57 21 Utan
670 221 31 18 att
717 219 50 26 vilja
781 224 52 15 vara
849 220 56 19 envis
921 218 48 20 med
985 218 35 26 dy-

194 246 45 21 lika
261 247 55 26 $:ers
337 247 167 26 utmönstrande,
528 247 23 21 så
572 247 70 21 skulle
654 247 37 26 jag
706 247 64 21 likväl
787 247 69 26 tycka,
873 248 32 19 att
920 246 35 21 det
971 252 49 15 vore

193 281 27 14 en
242 277 69 19 större
333 275 139 27 konseqvens,
495 282 33 15 om
553 275 40 22 den
616 275 19 27 ej
659 275 38 22 här
713 276 68 21 skulle
796 281 52 15 vara
863 275 91 26 intagen,
970 276 51 19 enär

194 303 65 22 också
283 304 58 21 detta
363 305 85 26 förslag,
472 305 47 20 med
540 305 100 26 hyllande
656 305 23 20 af
692 304 26 21 de
733 304 145 27 grundsatser,
895 310 44 15 som
955 303 7 20 i
976 303 44 20 för-

194 333 117 26 ordningen
334 333 23 20 af
377 333 40 21 den
440 335 27 19 24
485 333 95 21 februari
598 333 54 21 1868
667 332 68 22 finnas
751 333 134 26 omnämnda,
901 333 63 20 söker
979 331 41 21 för-

194 361 65 21 binda
282 361 154 22 handtverkare
460 362 38 20 och
522 361 163 22 landthandlare
708 361 56 22 inom
781 363 32 19 ett
828 361 52 21 visst
895 361 86 21 omräde
997 360 23 21 sä

194 391 52 19 nära
262 390 47 21 med
326 390 81 25 staden,
423 393 32 18 att
471 391 25 20 de
512 391 53 20 böra
580 391 86 26 deltaga
682 391 6 20 i
703 390 42 21 alla
761 390 140 21 kommunens
911 389 110 27 utskylder

194 418 7 21 i
217 419 54 20 stad.
302 419 73 20 Redan
391 419 37 20 der
443 419 67 20 finnes
526 419 35 21 det
577 419 91 20 sälunda
683 425 25 15 en
724 419 81 25 ganska
821 420 52 19 nära
885 418 135 26 förbindelse,

194 453 45 14 som
256 447 19 26 ej
291 448 64 26 enligt
371 447 68 21 denna
454 447 125 27 författning
594 448 78 20 mellan
689 447 68 21 stads-
769 447 38 21 och
825 447 196 21 landskommuner-

194 481 39 15 nas
256 476 137 21 medlemmar
415 477 95 20 kommer
533 478 32 19 att
591 476 181 27 tillvägabringas.
803 476 48 21 Men
868 476 35 21 det
919 478 23 19 är
957 476 6 20 i
978 475 42 21 för-

192 504 118 27 ordningen
326 505 108 26 angående
449 505 116 27 fattigvård
582 505 129 21 åtminstone
729 505 141 26 uttryckligen
888 505 84 21 tillåtet,
988 506 32 19 att

193 533 70 20 stads-
287 533 38 21 och
348 534 237 26 landsförsamlingarne
607 533 23 21 få
650 534 32 21 till
697 535 31 19 ett
741 536 131 24 gemensamt
887 533 133 26 fattigvårds-

193 561 104 22 samhälle
319 561 90 22 förenas.
438 563 42 26 Jag
501 563 37 20 vill
564 563 52 20 dock
633 562 19 27 ej
668 562 67 21 envist
751 562 82 27 päyrka
849 562 45 27 $:ns
910 561 110 27 utgående.

263 630 88 21 Prosten
395 637 130 21 Rosengren
562 631 102 22 förenade
675 632 31 26 sig
716 631 48 21 med
777 631 135 26 domprosten
925 631 94 20 Renvall.

264 698 50 22 Vice
337 702 73 24 pastor
462 700 142 26 Dahlberg:
636 700 33 26 $&n
685 699 110 27 förbjuder
810 700 70 20 stads-
896 699 38 21 och
950 699 71 21 lands-

194 726 155 23 kommunerna
365 728 18 26 ej
399 730 32 19 att
446 729 5 20 i
468 729 54 20 vissa
538 728 36 21 fall
590 728 49 26 ingå
654 729 68 26 någon
739 728 129 21 förbindelse
884 728 39 21 och
938 734 83 20 gemen-

195 762 45 14 sam
263 756 96 27 förening
382 759 13 18 t.
419 764 31 14 ex.
467 758 5 20 i
488 757 60 25 fråga
564 764 33 14 om
614 757 215 21 folkskoleväsendet.
861 756 47 22 Men
925 763 44 14 som
985 756 36 21 det

194 790 29 14 nu
239 784 18 27 ej
274 784 41 21 kan
331 786 114 20 intressera
456 786 113 20 landsboer
580 788 32 18 att
623 786 98 26 deltaga
718 780 12 36 i
731 786 194 26 hamnbyggnader,
937 786 84 26 ingvar-

193 813 156 27 teringstunga,
371 814 141 26 polisuppsigt
536 814 38 21 och
598 814 68 21 andra
688 814 80 21 sädara
785 814 156 27 myndigheters
957 820 64 20 uppe-

195 841 106 26 hällande,
317 842 39 21 har
370 843 106 21 utskottet
492 846 70 18 ansett
578 844 32 26 sig
626 844 58 24 böra,
700 843 33 21 för
749 845 32 19 att
796 843 132 21 förekomma
939 848 82 20 proces-

195 876 34 14 ser
253 871 39 20 och
315 871 163 27 vidlyftigheter,
501 871 95 27 afstyrka
616 872 42 21 alla
673 872 159 26 bestämningar
847 871 6 21 i
869 871 76 21 sädant
960 870 60 28 syfte,

195 904 48 16 men
259 899 70 21 tilläta
354 906 25 14 en
395 900 95 26 förening
506 900 23 21 af
542 901 68 20 stads-
627 900 39 21 och
682 900 163 21 landskommun
861 900 6 20 i
883 900 80 20 sädana
977 899 43 25 fall,

194 933 28 15 en
244 928 66 20 sädan
332 928 96 27 förening
450 929 42 21 kan
515 929 33 20 för
564 930 66 26 begge
646 936 51 14 vara
712 930 69 26 nyttig
797 933 14 16 t.
827 935 31 14 ex.
875 928 6 21 i
897 928 74 26 frägan
988 934 33 15 om

194 956 128 22 folkskolan.
352 957 41 26 Jag
415 958 67 20 finner
501 958 89 20 sålunda
606 958 26 26 ej,
648 958 54 20 huru
718 959 34 25 &:n
768 958 69 20 skulle
852 963 51 15 vara
918 957 104 26 hinderlig

173 998 3 4 +
194 984 33 21 för
243 991 26 14 en
285 985 65 21 sådan
369 986 102 26 förening.

265 1053 83 21 Doktor
363 1054 160 27 Hornborg
539 1054 101 22 förenade
656 1054 31 27 sig
702 1055 47 20 med
766 1054 45 21 vice
821 1056 74 24 pastor
906 1054 114 26 Dahlberg.

264 1115 31 21 På
310 1116 49 21 herr
370 1117 174 20 talmannens
560 1117 160 26 framställning,
732 1117 45 21 blef
787 1118 10 24 $
809 1118 12 20 2
837 1117 22 20 af
873 1117 84 20 ståndet
972 1116 51 27 god-

193 1143 60 22 känd
269 1145 47 20 med
332 1145 153 27 öfvervägande
501 1145 115 27 pluralitet.

265 1212 10 21 I
291 1213 98 22 afseende
405 1213 12 21 &
432 1213 12 28 $
460 1215 12 18 5
489 1214 102 26 begärdes
608 1214 60 21 ordet
684 1214 54 21 först
753 1213 24 22 af

264 1275 51 22 Vice
331 1278 73 24 pastor
420 1272 96 26 Öller:
547 1277 9 20 I
573 1277 67 20 likhet
656 1277 47 20 med
719 1280 136 18 reservanten
872 1279 73 24 pastor
958 1276 66 21 Dahl-

195 1303 59 27 berg,
278 1305 68 20 skulle
367 1305 37 26 jag
426 1311 51 14 anse
500 1306 36 20 det
554 1312 51 14 vara
621 1306 99 20 orättvist
735 1308 34 18 att
784 1306 55 20 vissa
855 1311 108 20 personer,
978 1311 45 14 som

195 1332 40 21 här
251 1333 6 20 i
273 1333 152 26 författningen
449 1334 90 21 omtalas
562 1334 40 21 och
624 1340 45 15 som
692 1336 37 18 äro
752 1334 85 20 bosatte
853 1334 57 20 inom
926 1336 31 19 ett
971 1334 53 21 visst

195 1361 89 21 omräde
299 1361 87 22 utanför
401 1362 81 25 staden,
494 1363 75 24 skulle,
580 1363 68 20 ehuru
659 1363 25 20 de
696 1364 37 19 äro
742 1362 175 21 mantalsskrifna
932 1363 5 20 i
954 1362 68 21 lands-

195 1389 133 26 kommuner,
351 1390 19 27 ej
391 1391 48 20 dess
462 1391 80 21 mindre
564 1397 51 14 vara
634 1391 97 27 skyldiga
747 1393 33 18 att
796 1391 89 26 bidraga
900 1391 31 20 till
948 1391 75 20 under-

195 1417 111 22 hällandet
328 1419 23 20 af
371 1419 87 21 stadens
480 1419 187 27 hamnbysgnader
689 1426 18 14 o.
731 1425 16 15 s.
772 1425 17 14 v.
821 1419 49 21 Men
886 1419 89 21 oaktadt
986 1419 38 26 jag

195 1447 107 20 erkänner
323 1447 117 21 orättvisan
463 1448 39 21 och
525 1448 137 26 obilligheten
686 1448 51 25 deri,
761 1448 41 20 kan
822 1448 37 26 jag
875 1449 18 26 ej
910 1448 67 21 förstä
992 1450 32 19 att

195 1477 75 24 pastor
292 1475 109 27 Dahlberg
423 1476 39 21 har
484 1477 82 26 lyckats
590 1483 76 20 genom
682 1477 39 20 den
738 1476 175 26 omformulering
929 1476 42 21 han
986 1476 39 21 har

194 1503 63 26 gifvit
272 1504 18 27 &,
306 1504 21 21 fä
343 1505 40 20 den
399 1505 64 20 frihet
478 1505 47 20 dem
541 1505 115 21 tillerkänd
672 1511 44 15 som
733 1505 42 20 han
791 1505 84 20 önskat.
905 1505 30 26 Ty
951 1508 73 23 pastor

195 1531 110 28 Dahlberg
321 1533 63 21 söker
400 1533 122 27 visserligen
537 1535 119 20 utmönstra
672 1533 45 21 från
734 1535 12 19 3
763 1533 11 28 $
790 1533 76 21 orden:
883 1539 59 19 ,som
957 1533 7 21 i
980 1535 44 19 sta-
