1117 1817
361 144 161 18 Presteståndet
535 146 55 16 1872.
612 145 12 17 6
636 145 50 21 juni.
848 140 53 20 1637

102 225 149 27 långifvarens.
281 225 76 20 Kunde
380 225 150 21 aktionärerne
552 225 18 26 ej
594 225 28 26 gå
644 227 24 18 ut
691 225 47 21 med
762 225 91 26 arbetet,
871 226 61 25 tager

102 253 130 28 längifvaren
253 253 116 26 järnvägen
393 259 33 15 om
450 253 62 21 hand.
542 253 78 22 Hvilka
636 253 72 21 vidare
724 253 158 22 transaktioner
897 253 35 21 mä

102 283 44 23 ske,
162 281 86 22 rättvist
263 283 23 19 är
301 281 33 21 väl
351 283 32 19 att
398 282 31 25 de,
446 288 44 15 som
507 282 63 21 hafva
584 282 62 27 gifvit
661 282 63 26 lånet,
739 282 63 21 hafva
813 282 40 21 den
865 281 66 21 första

104 310 129 27 rättigheten
253 310 32 21 till
301 310 42 21 löst
358 310 39 21 och
414 310 40 21 fast
469 311 7 20 i
489 311 246 26 jervägsanläggningen.
767 310 111 21 Utskottet
893 310 39 21 har

104 339 93 26 behagat
218 338 57 21 kalla
290 339 59 20 detta
365 339 32 20 för
413 341 30 19 ett
458 341 44 24 tyst
517 339 99 27 hypotek.
650 339 59 21 Huru
725 339 59 21 detta
799 340 24 20 så
839 339 40 21 kan
896 338 35 21 be-

103 370 94 23 nämnas,
221 367 38 26 går
281 367 58 21 öfver
366 368 47 20 mitt
434 367 102 22 förstånd.
566 368 41 26 Jag
622 370 24 19 är
662 368 122 26 visserligen
800 368 46 21 icke
860 368 70 26 jurist,

103 402 48 15 men
165 396 37 26 jag
217 402 126 15 resonnerar
358 396 53 21 efter
426 397 48 20 mitt
489 396 81 21 förnuft
585 397 6 20 i
608 397 39 20 den
664 397 64 20 saken
759 396 44 21 När
819 396 113 27 kejserliga

103 425 150 26 förordningen
269 425 93 26 tydligen
373 426 61 25 säger
450 427 32 18 att
498 432 48 17 ,,om
562 425 136 26 upptagande
714 425 22 21 af
750 425 39 21 här
804 425 128 20 omnämnda

104 453 35 21 län
161 455 55 19 samt
237 459 34 14 om
294 453 68 21 länets
385 453 75 27 belopp
477 454 39 21 och
532 454 73 21 dervid
622 453 81 22 fästade
719 453 68 21 vilkor
804 454 38 20 bör
857 459 74 20 genom

103 482 116 27 styrelsens
234 482 89 26 försorg,
339 482 56 21 inom
412 482 89 21 Finland
518 482 171 27 tillkännagifvas
705 483 5 20 i
727 483 39 20 den
778 482 97 27 ordning.
887 488 44 15 som

106 510 33 21 för
156 511 147 26 kungörandet
319 511 23 20 af
355 511 107 21 allmänna
477 511 151 26 författningar
643 513 24 18 är
682 511 111 25 stadgad",
809 511 73 26 tycker
895 511 37 26 jag

106 542 33 18 att
153 539 47 21 icke
217 539 38 21 den
272 539 154 27 invändningen
442 539 41 21 kan
500 542 68 24 göras.
601 540 37 21 Ett
653 539 116 26 stadgande
785 540 6 21 i
808 540 40 20 den
865 539 66 26 fråga,

103 574 46 15 som
166 574 28 15 nu
210 567 112 27 föreligger
337 574 40 19 oss,
393 570 24 19 är
432 568 22 21 af
468 569 44 26 vigt
528 568 32 21 för
576 569 48 20 hela
640 569 77 20 landet.
747 568 41 27 Jag
800 570 70 19 röstar
887 568 44 21 der-

105 596 34 21 för
154 597 33 20 för
202 596 112 27 kejserliga
329 597 165 26 propositionen.

172 665 90 21 Prosten
285 665 172 25 Grönberg:
488 665 10 21 I
520 668 88 18 motsats
633 668 57 18 emot
710 665 25 21 de
756 665 34 21 två
807 664 126 27 föregående

104 694 65 20 ärade
184 693 100 27 talarene,
301 694 66 20 måste
380 693 36 27 jag
432 694 68 20 uttala
516 694 39 20 den
571 694 61 26 äsigt,
648 696 32 18 att
691 700 25 14 en
728 693 123 26 författning
862 693 6 20 i
879 694 54 20 töre-

103 722 69 26 slaget
187 721 53 27 syfte
257 728 48 14 vore
321 728 25 14 en
363 722 79 26 verklig
458 722 74 27 olycka
548 722 32 21 för
596 723 46 21 vårt
658 722 54 25 land,
725 722 88 21 emedan
823 722 39 20 den
873 721 60 21 skule

105 752 75 24 utgöra
202 753 31 18 ett
254 750 81 26 hyende
358 750 31 21 för
411 750 143 26 hvarjehanda
570 751 185 21 industririddares
771 750 118 27 vinglerier,
907 750 26 26 på

104 779 72 21 hvilka
196 778 47 22 icke
258 778 77 22 saknas
350 779 93 27 exempel
460 779 54 21 både
530 780 80 20 utrikes
626 780 38 20 och
681 782 14 18 t.
712 786 18 14 o.
749 786 24 14 m.
791 780 5 20 i
813 781 48 24 eget
876 778 55 21 land.

105 808 92 26 Antaget
220 810 32 18 att
274 814 25 14 en
321 808 93 25 jernväg,
432 808 85 20 hvartill
534 809 68 25 någon
619 808 83 21 erhållit
718 808 131 23 koncession,
865 806 68 22 skulle

104 836 108 26 förpantas
229 836 38 20 och
283 836 167 26 obligationerna
466 836 62 26 säljas
544 838 6 19 i
566 836 103 26 utlandet,
685 836 69 21 kunde
771 836 85 21 dermed
869 842 65 20 nego-

104 865 67 20 cieras
193 864 33 21 för
248 864 44 21 helt
315 865 65 20 andra
404 864 97 22 ändamål
526 867 26 19 än
572 865 151 26 jernvägarnes
741 864 192 28 upprätthållande.

106 893 41 21 Det
170 893 70 21 kunde
263 896 14 18 t.
304 900 25 14 ex.
358 893 69 21 hända
450 896 32 18 att
505 900 25 14 en
553 894 65 21 sådan
636 893 148 21 koncessionär
800 893 45 21 icke
862 892 71 22 vore
923 888 14 36 i

104 921 63 21 stånd
184 924 31 18 att
231 921 94 21 anskaffa
341 921 122 27 tillräckligt
480 922 38 21 ved
535 922 38 21 och
590 924 65 19 annat
670 922 75 21 sådant
761 928 44 15 som
821 924 24 19 är
861 921 73 26 nödigt

105 950 33 21 för
158 950 125 26 jernvägen;
308 950 35 21 det
366 950 69 21 kunde
457 950 71 22 hända
543 953 33 18 att
592 957 132 20 vaggonerna
740 951 66 21 under
822 950 37 21 allt
875 951 59 19 detta

106 981 55 19 reste
177 978 22 22 af
214 978 31 21 till
266 979 96 21 utlandet
377 985 75 20 genom
468 979 305 25 Riihmäki—Petersburgska
788 979 76 21 banan.
894 978 41 26 Jag

106 1007 35 20 vill
163 1007 27 21 då
212 1007 68 27 fråga:
303 1008 55 20 hvad
382 1007 31 21 för
432 1010 32 18 ett
487 1008 63 20 värde
569 1010 51 24 äger
635 1008 26 20 då
677 1014 24 14 en
718 1008 65 20 sådan
799 1006 135 27 underpant?

104 1036 131 26 Jernvägens
252 1036 110 21 underhåll
377 1036 94 21 förbises.
494 1036 60 21 Hvad
570 1036 83 27 garanti
669 1036 37 21 har
723 1042 47 15 man
783 1036 27 21 då
826 1034 108 23 deremot?

104 1064 41 26 Jag
161 1066 70 19 röstar
245 1064 33 21 för
293 1065 119 26 antagande
427 1064 23 21 af
464 1065 115 21 utskottets
596 1065 140 21 betänkande.

176 1137 89 22 Prosten
288 1138 99 27 Hjelt:
419 1139 9 20 I
448 1139 66 21 likhet
531 1139 46 21 med
594 1141 86 24 prosten
696 1138 115 27 Grönberg,
829 1145 62 15 anser
907 1137 29 22 äf-

106 1172 39 15 ven
166 1166 37 27 jag
226 1167 114 21 utskottets
364 1167 134 21 betänkande
520 1167 82 27 mycket
625 1167 123 21 välbetänkt
763 1169 38 19 och
819 1167 117 26 tillstyrker

105 1195 49 20 dess
171 1195 125 26 antagande.
323 1195 40 27 Jag
379 1196 72 26 tycker
467 1198 31 19 att
515 1196 139 26 öfvergången
666 1196 45 21 från
723 1196 25 21 de
761 1195 174 28 lagstadganden,

106 1224 20 19 vi
150 1223 62 21 hafva
235 1223 45 22 haft
295 1224 32 21 till
343 1225 120 26 antagande
478 1224 23 21 af
516 1225 68 20 denna
600 1224 40 26 lag,
657 1231 49 14 vore
721 1224 71 21 alltför
808 1224 128 21 brådstörta.

106 1252 73 26 Enligt
196 1253 25 20 12
237 1252 11 27 $
264 1253 11 20 7
293 1253 46 26 kap.
356 1253 122 26 rättegångs
494 1253 24 21 B.
535 1255 50 24 äger
601 1259 48 15 man
660 1253 101 26 rättighet
773 1253 31 20 till
815 1252 122 27 inteckning

106 1280 56 21 blott
177 1281 6 20 i
200 1281 41 20 fast
256 1281 109 26 egendom,
383 1287 45 15 men
444 1284 57 18 ännu
518 1281 79 22 känner
613 1282 37 21 vår
666 1281 32 27 lag
711 1281 17 26 ej
742 1282 64 25 något
819 1281 118 26 stadgande

105 1315 34 14 om
157 1309 120 26 inteckning
292 1309 6 21 i
315 1309 140 26 lösegendom.
487 1310 31 27 Ty
534 1311 26 20 de
576 1309 146 28 hypotekslån,
737 1316 45 15 som
799 1310 138 26 domprosten

106 1337 56 26 Borg
179 1337 112 26 omtalade,
307 1339 71 20 kunna
394 1339 45 20 icke
456 1338 110 21 betraktas
581 1339 69 20 såsom
667 1339 64 26 något
746 1342 71 22 annat,
829 1341 26 18 än
867 1338 70 21 såsom

106 1365 122 27 förlagslån,
249 1372 45 15 som
318 1367 39 20 den
381 1373 39 14 ena
442 1367 67 26 gifver
531 1368 22 20 åt
576 1367 40 21 den
635 1367 65 21 andra
717 1366 30 21 till
764 1367 136 21 bedrifvande
916 1365 23 22 af

106 1394 53 21 hans
182 1393 150 26 affärsrörelse,
356 1395 38 21 och
418 1395 85 21 hvarest
525 1395 40 21 han
588 1395 39 22 har
649 1395 118 26 uuderpant
786 1395 7 21 i
809 1395 72 27 sjelfva
897 1394 40 21 den

106 1422 125 22 tillverkade
255 1429 70 15 varan.
357 1423 41 22 Det
420 1426 24 19 är
467 1424 82 26 möjligt
570 1426 32 19 att
624 1424 6 21 i
654 1423 107 22 utlandets
783 1424 60 25 lagar
858 1423 79 21 tillåtes

107 1451 198 27 pantförskrifning;
329 1458 47 15 men
400 1452 26 21 då
448 1453 26 20 ha
498 1453 62 20 dessa
583 1452 73 21 länder
679 1452 39 21 den
741 1452 93 21 fördelen
851 1451 88 22 framför

106 1480 47 20 vårt
169 1482 32 19 att
217 1480 25 21 de
259 1480 26 21 ha
301 1481 195 26 koncessionslagar
513 1481 51 21 eller
580 1480 110 22 bestämda
703 1481 74 25 vilkor,
789 1481 66 20 under
866 1479 72 22 hvilka

104 1507 115 27 jernvägar
234 1508 20 21 få
270 1509 85 27 byggas.
