1117 1817
227 167 54 20 1434
438 172 163 18 Presteståndet
614 174 54 16 1872.
694 174 25 16 29
732 173 48 21 maj.

196 257 47 19 ven,
260 252 70 21 såsom
346 252 143 27 vanhederlig.
521 253 33 21 Då
570 253 106 21 utskottet
691 253 46 21 icke
753 253 71 21 kunde
839 258 23 15 se
877 251 65 22 saken
953 257 25 15 ur
988 258 37 15 an-

196 285 41 16 nan
262 280 114 27 synpunkt,
395 281 38 21 har
449 281 36 22 det
500 284 71 19 ansett
586 282 32 26 sig
633 281 53 22 böra
701 281 100 22 betrakta
816 281 40 21 den
872 287 25 14 ur
912 280 113 27 privaträt-

196 310 47 19 tens
268 309 107 27 synpunkt
399 309 39 21 och
463 310 54 27 tagit
542 310 61 21 enkel
630 311 89 20 rättvisa
741 310 31 21 till
795 309 116 22 måttstock
933 309 33 21 för
988 309 37 21 sitt

195 337 86 26 förslag.

264 399 143 28 Domprosten
422 401 146 21 Renvall:
592 401 42 21 Det
650 401 59 22 heter
725 401 6 21 i
747 402 12 20 6
775 402 20 25 8,
811 403 32 19 att
859 400 165 21 bränvinshand-

195 427 70 27 tering
287 428 46 22 icke
357 429 40 21 kan
420 429 84 22 förenas
523 430 47 21 med
587 430 54 21 vissa
657 429 91 22 embets-
765 430 38 21 och
821 429 136 26 tjenstemäns
972 429 52 26 ålig-

195 457 83 26 ganden.
316 457 50 22 Deri
390 458 65 26 ligger
478 458 53 21 dock
554 458 46 21 icke
621 458 129 27 betydelsen,
766 460 33 19 att
815 458 68 21 denna
899 457 125 26 handtering

196 491 50 15 vore
269 485 146 28 vanhederlig;
440 487 39 21 den
502 489 25 18 är
548 487 55 21 blott
623 487 102 26 oförenlig
742 487 47 21 med
805 486 62 21 dessa
883 486 141 21 embetsmäns

196 513 128 22 funktioner.
357 515 83 21 Samma
464 515 84 26 intrång
571 515 5 20 i
601 515 52 22 hans
676 516 126 26 äganderätt
826 515 71 20 kunde
912 515 110 26 åberopas,

195 541 44 22 ifall
263 542 41 21 han
327 543 56 21 förut
399 543 79 22 besutit
493 547 31 18 ett
540 544 98 21 bränneri
655 544 39 21 och
710 544 93 21 derefter
821 543 84 22 erhällit
921 549 25 15 en
961 543 23 21 af
997 543 26 21 de

196 570 149 28 befattningar,
371 579 44 14 som
440 572 6 21 i
473 572 124 27 paragrafen
621 575 130 19 omnämnas.
784 573 34 20 Då
841 572 70 21 kunde
933 572 41 21 han
996 573 27 25 pä

195 605 80 16 samma
299 602 43 19 sätt
365 600 98 27 åberopa,
486 603 32 19 att
541 602 40 20 han
605 601 65 22 borde
686 601 20 21 få
722 601 89 22 fortfara
827 600 47 21 med
891 601 39 20 den
946 600 76 27 lagliga

195 627 160 28 handteringen,
379 635 43 15 som
440 630 40 21 han
496 630 107 21 tillförene
619 630 50 21 haft.
701 629 48 22 Men
765 631 24 20 sä
805 629 40 21 bör
859 629 46 21 icke
921 635 50 14 vara
986 629 36 21 fal-

195 656 35 21 let.
261 657 111 25 Personer,
396 658 70 21 hvilka
489 659 71 20 kunna
583 665 61 14 anses
667 659 71 20 utöfva
757 665 25 14 en
799 659 42 20 viss
856 657 92 22 kontroll
965 657 58 22 öfver

195 684 233 29 bränvinshandtering,
452 687 51 21 böra
524 687 19 27 ej
566 686 66 22 heller
655 687 21 21 af
698 693 25 15 en
747 686 66 22 sädan
837 686 20 21 fä
873 686 65 26 draga
953 686 68 26 nägon

194 714 69 26 profit.

263 781 110 22 Professor
389 782 103 22 Cleve:
516 783 40 27 Jag
572 785 23 19 är
610 783 32 21 för
658 784 41 20 min
715 783 34 21 del
765 783 18 26 ej
800 782 132 28 synnerligen
945 783 76 21 intres-

194 810 62 20 serad
279 810 32 21 för
327 811 68 21 denna
411 812 58 20 strid.
499 812 49 21 Men
564 812 52 21 visst
632 812 67 21 mäste
715 818 47 15 man
779 818 22 14 se
817 812 65 20 saken
898 812 45 20 frän
959 812 63 26 rigtig

194 839 112 25 synpunkt.
338 840 52 23 Den,
413 846 45 15 som
482 842 49 24 äger
547 843 31 18 ett
594 840 97 22 bränneri
708 841 39 21 och
763 840 108 21 derunder
886 840 32 21 fär
933 843 31 17 ett
979 847 42 14 em-

194 866 55 24 bete,
274 867 38 21 har
335 868 32 21 väl
383 868 56 21 valet
454 868 44 22 fritt
514 871 31 19 att
561 870 99 25 antingen
677 872 48 23 taga
742 872 58 18 emot
816 868 93 22 embetet
924 868 51 22 eller
990 868 30 22 af-

193 895 34 21 stä
249 895 46 21 frän
319 896 42 22 det.
391 896 121 22 Utskottets
530 897 79 27 förslag
624 898 45 20 stär
685 898 45 21 icke
746 898 5 20 i
768 897 70 27 nägon
855 897 52 21 strid
923 898 46 20 med
985 897 36 21 det

193 923 126 27 föregäende
342 925 132 27 stadgandet,
497 929 32 18 att
550 926 203 26 bränvinsbränning
769 926 47 21 icke
831 928 24 18 är
869 925 88 27 förenlig
973 926 47 21 med

193 952 55 21 vissa
271 959 112 20 personers
405 954 99 26 ställning
524 955 5 20 i
546 954 117 22 samhället.
694 954 30 28 Ty
740 955 42 21 han
799 954 92 22 bränner
906 954 45 21 icke
967 954 52 27 sjelf.

193 980 30 22 På
239 980 52 22 hans
307 983 102 25 egendom
424 984 44 20 står
484 986 31 18 ett
530 982 104 26 bränneri,
652 983 37 21 der
704 990 25 14 en
745 989 72 15 annan
834 983 77 21 drifver
927 983 92 21 rörelsen

193 1008 38 22 och
255 1009 33 21 för
311 1010 80 22 hvilket
413 1011 40 21 han
476 1011 75 21 endast
566 1012 82 26 uppbär
664 1012 95 25 arrende,
777 1012 88 20 likasom
882 1012 40 20 han
938 1011 82 27 uppbär

193 1038 89 21 arrende
305 1038 33 22 för
361 1039 54 21 hvad
436 1040 54 21 helst
508 1043 72 23 annat,
596 1040 40 21 han
654 1040 97 26 upplåter
767 1040 32 21 till
816 1046 25 15 en
857 1046 76 15 annan.
965 1040 54 21 Skil-

192 1066 67 21 naden
284 1069 23 19 är
329 1067 55 22 blott
407 1069 45 25 den,
475 1071 32 18 att
530 1068 41 22 han
593 1069 46 21 icke
660 1069 32 20 får
707 1069 68 21 drifva
791 1069 93 21 rörelsen
900 1068 52 27 sjelf,
969 1072 49 17 utan

192 1095 67 21 måste
282 1096 102 21 öfverlåta
408 1098 39 20 den
470 1098 22 20 åt
514 1104 69 14 annan
605 1104 76 20 person
697 1097 52 21 eller
766 1096 55 22 rifva
837 1097 40 21 ned
893 1096 125 28 bryggeriet.

191 1123 40 26 Jag
247 1124 73 26 tycker
335 1127 31 18 att
382 1125 36 21 det
433 1127 23 19 är
472 1126 150 26 inskränkning
638 1132 48 20 nog,
704 1128 33 19 att
753 1126 42 20 han
812 1125 17 27 ej
846 1125 32 21 får
891 1125 48 26 sjelf
951 1125 67 20 drifva

191 1152 99 21 rörelsen.

259 1220 111 21 Professor
385 1221 175 22 Ehrström:
583 1222 40 26 Jag
639 1224 23 19 är
678 1222 6 21 i
700 1223 71 20 denna
787 1222 38 21 sak
841 1221 22 22 af
877 1221 86 22 alldeles
976 1221 42 22 lika

190 1248 64 21 tanke
278 1249 46 21 med
347 1250 136 27 domprosten
506 1250 94 21 Renvall.
631 1251 61 21 Hade
715 1251 106 20 utskottet
840 1250 107 26 verkligen
963 1250 55 21 velat

189 1276 113 26 tillgodose
325 1278 35 21 det
383 1279 171 26 privaträttsliga,
577 1285 45 15 som
644 1279 38 21 här
697 1279 42 21 kan
756 1285 50 15 vara
822 1279 6 20 i
844 1279 65 26 fråga,
926 1279 23 20 så
964 1278 54 21 hade

190 1305 106 22 utskottet
317 1306 57 27 gjort
397 1307 137 26 apnorlunda,
556 1309 25 20 än
604 1314 44 15 som
664 1308 63 25 skett,
745 1307 28 21 då
789 1308 104 20 utskottet
909 1307 62 26 sjelft,
987 1308 30 20 åt-

189 1333 105 22 minstone
316 1341 25 14 en
365 1335 92 21 ledamot
478 1336 66 25 deraf,
560 1336 107 27 professor
682 1336 71 23 Cleve,
770 1336 114 26 medgifvit,
901 1338 32 18 att
948 1336 35 20 det
998 1335 18 26 ej

189 1361 85 22 skickar
290 1363 31 26 sig
337 1363 32 21 för
384 1364 42 21 alla
441 1364 39 21 här
495 1365 127 20 omnämnda
638 1364 128 27 tjenstemän
782 1367 33 18 att
831 1364 66 21 drifva
911 1364 106 21 bränvins-

188 1389 104 28 bränning
308 1391 51 22 eller
375 1393 114 20 arrendera
504 1393 98 20 bränneri
618 1394 23 20 åt
651 1395 69 24 någon
731 1399 79 14 annan.
832 1392 110 21 Professor
955 1392 62 21 Cleve

189 1419 109 27 undantog
313 1423 111 23 guvernör.
447 1421 40 26 Jag
502 1424 45 18 tror
562 1423 31 19 att
609 1428 49 15 man
674 1421 68 22 likaså
753 1421 67 21 borde
830 1421 122 26 undantaga
963 1421 53 21 läns-

189 1453 54 19 man,
260 1447 137 28 kronofogde,
414 1449 118 22 stadsfiskal
549 1449 37 22 och
597 1450 21 21 fl.
629 1457 19 14 a.
672 1450 48 21 Men
734 1451 39 20 här
784 1450 67 21 finnas
863 1450 71 25 några,
945 1449 71 21 hvilka

188 1481 63 20 synas
273 1476 62 21 hafva
350 1478 79 25 ganska
445 1478 59 25 ringa
521 1478 117 27 befattning
653 1479 47 20 med
718 1479 107 24 bränneri,
841 1478 104 25 nämligen
962 1477 54 22 skol-

187 1505 82 20 statens
285 1505 90 21 embets-
391 1506 38 21 och
446 1506 132 27 tjenstemän,
597 1507 163 27 kyrkobetjente
777 1513 18 14 o.
812 1513 15 14 s.
845 1513 18 14 v.
894 1507 52 20 Dem
963 1506 53 21 hade

187 1533 106 21 utskottet
315 1534 113 27 möjligtvis
450 1535 81 20 kunnat
554 1535 98 21 utesluta.
684 1535 48 21 Men
756 1535 51 21 visst
828 1535 72 27 tyckes
916 1535 35 20 det
967 1541 50 14 vara

186 1560 82 22 aldeles
291 1562 159 27 principvidrigt
472 1565 33 19 att
528 1563 46 26 den,
596 1563 62 22 hvars
674 1563 123 27 skyldighet
813 1563 36 21 det
864 1565 24 19 är
903 1566 32 18 att
951 1563 65 21 öfver-

3 1739 260 65 a
306 1739 196 65 —a
807 1739 163 65 i——
