1117 1817
348 122 162 18 Presteståndet
523 124 54 16 1872.
602 124 23 16 31
637 124 48 20 maj.
851 116 53 22 1497

179 202 137 26 Fältprosten
332 201 123 21 Collan:
479 202 71 21 Jemte
565 202 36 21 det
611 202 37 27 jag
660 202 86 21 förenar
759 202 42 26 mig
813 202 48 21 med
873 203 62 19 stats-

111 230 61 21 rådet
194 230 99 21 Lindelöf
314 230 51 22 deri,
389 232 31 19 att
443 230 74 27 hvarje
537 231 101 26 paragraf
653 230 66 21 måtte
736 230 101 21 särskildt
852 230 84 21 komma

110 259 68 21 under
201 259 136 26 omröstning,
362 259 66 20 måste
448 258 37 27 jag
502 259 71 25 också,
589 259 69 21 såsom
675 259 48 25 han,
741 259 67 20 uttala
825 259 41 20 min
882 258 55 26 äsigt

110 287 79 26 derom,
214 289 32 19 att
269 287 4 20 i
297 287 100 21 händelse
420 287 46 21 icke
482 287 186 26 bestämningarna
684 287 6 21 i
707 288 68 20 denna
791 287 99 27 paragraf
905 287 31 20 bi-

111 316 101 22 behållas,
229 315 32 21 väl
278 315 65 27 knapt
359 317 69 25 någon
444 316 54 21 enda
511 316 142 27 lönnkrögare
665 316 51 21 eller
727 316 156 21 lönnbrännare
895 315 40 21 kan

111 345 142 21 öfverbevisas
269 351 33 14 om
318 345 22 20 af
353 345 47 20 dem
417 344 105 27 begånget
538 345 64 20 brott.
633 345 43 20 För
692 345 63 26 öfrigt
771 345 67 20 måste
851 344 37 27 jag
899 350 36 15 an-

112 373 79 24 märka,
207 373 6 20 i
230 375 89 19 motsats
335 375 44 19 mot
395 373 53 21 hvad
465 373 109 26 professor
590 373 112 21 Ehrström
719 373 78 26 anfört,
813 379 33 14 om
862 375 32 19 att
911 378 25 15 en

111 401 80 27 köpare
207 402 65 21 borde
287 407 61 15 anses
364 401 70 22 såsom
450 402 39 21 den
507 402 37 21 der
559 402 79 21 förledt
654 402 40 21 den
709 408 45 15 som
765 401 98 27 försäljer
874 402 61 20 brän-

110 431 34 20 vin
161 431 94 26 olagligt,
270 430 32 21 till
319 433 30 18 ett
365 430 64 26 brott,
446 432 32 19 att
494 431 60 20 detta
570 431 45 20 icke
632 432 23 19 är
666 431 122 26 tillämpligt
802 430 27 27 på
840 437 25 14 en
876 430 60 21 lönn-

111 459 58 26 krog.
200 459 29 26 Ty
246 459 40 20 han
303 459 101 21 behöfver
419 459 46 21 icke
480 459 104 26 förledas;
601 459 41 21 han
659 459 77 21 önskar
752 459 108 26 ingenting
870 458 65 27 högre

111 489 27 19 än
153 490 33 19 att
201 488 21 21 få
237 487 53 27 sälja
306 488 30 20 sin
353 494 56 14 vara.

181 550 110 21 Professor
314 550 172 21 Ehrström:
517 551 41 26 Jag
580 551 35 20 vill
639 551 55 20 blott
710 551 103 20 anmärka
829 553 32 18 att
877 550 58 21 detta

111 579 135 26 naturligtvis
268 579 18 26 ej
310 581 23 18 är
349 579 59 21 fallet
423 580 47 20 med
487 579 41 21 den
543 580 88 26 köpare,
648 586 44 14 som
708 579 118 27 uppträder
841 579 38 21 hos
895 579 40 20 den

111 607 84 27 vanliga
210 607 162 27 lönnkrögaren,
389 614 46 15 men
452 608 36 21 det
504 608 38 21 har
558 607 101 26 inträffat,
676 621 26 2 —
718 608 36 21 det
764 608 71 21 känna
847 613 41 21 nog
899 607 36 21 do-

112 643 57 14 mare
192 637 27 26 på
235 637 72 20 landet
324 649 22 2 —
364 640 31 17 att
411 637 61 20 äfven
488 637 115 26 angifvelse
620 637 56 21 skett
692 640 44 17 mot
751 637 55 25 dem,
822 643 44 14 som
882 636 53 21 först

111 665 67 21 blifvit
202 665 128 21 öfvertalade
353 667 32 19 att
406 665 57 26 gifva
486 672 26 14 en
536 672 38 20 sup
598 669 44 17 mot
661 665 108 26 betalning
785 665 38 21 och
840 665 37 20 der
890 665 45 26 just

112 693 46 25 den,
182 700 44 14 som
244 693 38 21 har
297 693 78 21 förledt
391 693 75 21 honom
483 697 33 18 att
531 694 57 26 gifva
603 694 32 26 sig
651 700 24 14 en
692 700 45 20 sup,
754 693 25 27 på
796 694 35 20 det
847 696 31 18 att
894 693 41 20 han

110 722 65 20 måtte
201 722 71 20 kunna
287 724 72 19 värma
375 722 31 26 sig
423 722 33 21 för
472 722 39 21 den
528 722 54 27 kyla,
601 722 105 21 hvarifrån
723 722 39 21 han
779 722 101 26 kommer,
897 721 38 21 har

110 750 102 27 uppträdt
227 750 68 22 såsom
311 752 72 20 vittne.

179 813 119 21 Statsrådet
320 813 145 21 Lindelöf
487 814 122 26 upprepade
632 814 38 21 sitt
692 814 100 27 yrkande,
815 816 31 18 att
862 812 72 27 hvarje

109 842 102 26 paragraf
225 842 66 21 borde
303 842 101 21 särskildt
419 842 127 22 diskuteras.

178 905 33 21 Då
234 905 84 21 ståndet
339 905 72 21 härtill
435 905 67 25 biföll,
520 905 68 21 blefvo
605 905 25 27 $$
646 906 83 20 93—96
745 905 24 21 af
782 905 85 21 ståndet
881 904 53 27 god-

110 934 76 25 kända,
203 940 47 14 men
266 934 108 26 angående
390 934 11 26 $
417 934 26 20 97
462 934 94 27 föreslog

177 996 116 22 statsrådet
316 996 147 22 Lindelöf
484 1000 33 18 att
540 997 51 21 sista
607 998 110 25 meningen
733 997 45 21 deri
795 997 64 21 borde
876 996 57 27 utgå.

179 1059 204 27 Kontraktsprosten
407 1060 158 26 Alopaeus
584 1060 39 21 och
639 1060 136 27 domprosten
791 1060 78 26 Borg
885 1059 48 21 ville

109 1088 96 21 deremot
222 1088 105 21 bibehålla
343 1088 126 27 paragrafen
485 1088 137 22 oförändrad.

177 1150 30 21 På
224 1151 70 20 derom
310 1150 61 27 gjord
384 1150 163 28 framställning,
560 1151 44 21 blef
614 1152 11 25 $
637 1152 26 21 97
675 1151 22 21 af
707 1151 84 21 ståndet
803 1150 130 22 oförändrad

106 1179 107 25 godkänd.

176 1241 11 28 $
204 1243 27 20 98

176 1305 123 26 godkändes
315 1305 101 28 enhälligt
432 1308 51 19 utan
500 1307 127 20 diskussion.

174 1367 11 21 I
202 1367 99 22 afseende
317 1368 12 21 å
344 1369 13 26 &
373 1369 26 20 99
416 1369 104 26 begärdes
536 1369 61 21 ordet
613 1369 22 21 af

176 1430 204 27 Kontraktsprosten
423 1431 139 27 Alopaeus,
578 1438 44 15 som
638 1433 93 26 yttrade:
748 1433 74 20 Denna
833 1431 101 28 paragraf

107 1458 118 21 innehåller
247 1458 79 28 förslag
348 1462 38 23 att,
410 1460 68 21 såsom
495 1461 81 26 vanligt
592 1462 23 19 är
631 1461 6 20 i
653 1461 50 21 våra
718 1461 157 26 författningar,
892 1460 40 21 den

108 1487 65 20 borde
189 1493 26 15 en
230 1487 56 27 gång
301 1494 33 15 om
351 1488 46 21 året
412 1489 6 20 i
434 1489 84 21 landets
532 1489 79 26 kyrkor
622 1489 109 27 uppläsas;
745 1496 47 15 men
804 1490 59 21 detta
873 1489 59 21 stad-

106 1516 69 26 gande
199 1517 24 19 är
247 1518 73 19 nästan
337 1517 96 26 omöjligt
448 1519 32 19 att
496 1517 116 26 efterlefva,
629 1518 88 21 emedan
732 1519 7 20 i
754 1518 51 21 våra
821 1517 111 27 landskyr-
