1070 1786
428 159 40 17 Den
481 159 22 17 20
517 159 60 22 April.
821 156 34 19 755

129 219 26 19 de
178 219 114 26 ändringar
314 218 6 19 i
344 217 112 20 Allmänna
484 217 201 19 Besvärsutskottels
711 217 95 25 motiver,
832 224 44 13 som

130 252 88 20 Ståndet
235 251 90 26 beslutit,
341 251 67 19 finner
420 251 38 26 jag
474 257 47 13 vara
538 250 128 26 fullkomligt
682 250 70 26 riktig.
783 251 40 19 För
847 251 30 19 af-

131 286 89 26 böjande
236 287 22 18 af
272 286 69 19 denna
355 285 114 25 olägenhet
485 291 49 13 vore
551 284 36 20 det
602 284 74 26 nödigt
690 286 30 17 att
738 285 139 19 diskussions-

131 320 127 26 protokollet
274 319 66 19 skulle
360 318 243 26 Expeditionsutskottet
623 318 179 26 tillhandahållas;
825 318 52 20 hvil-

132 354 35 20 ket
182 354 54 19 dock
257 353 47 20 icke
325 352 36 20 bör
384 352 66 20 blifva
472 352 78 25 praxis.
583 352 242 26 Expeditionsutskottet
847 353 31 19 får

131 388 104 26 nemligen
260 387 60 26 eljest
342 387 64 25 ingen
430 386 128 26 upplysning
581 392 33 14 om.
639 386 71 19 hvilka
732 386 88 20 motiver
835 386 44 20 ledt

131 422 87 20 Ståndet
235 422 5 18 i
256 421 79 19 sådana
349 420 36 20 fall
403 420 26 20 då
445 420 35 20 det
495 420 90 19 kommit
600 420 29 19 till
646 422 30 18 ett
690 423 64 16 annat
774 420 68 20 beslut
852 424 26 16 än

132 456 34 20 det
182 455 143 20 betänkandet
340 454 101 20 förordar.
471 454 242 26 Expeditionsutskottet
732 454 31 19 får
783 456 30 18 ett
831 461 48 20 pro-

133 489 159 26 tokollsutdrag,
307 494 43 14 som
367 488 116 20 innebåller
499 488 36 19 det
555 488 73 25 beslut,
648 488 58 19 hvari
722 488 87 20 Ståndet
824 490 55 18 stan-

135 526 35 16 nat
192 523 38 20 och
249 523 31 19 får
299 522 90 20 derefter
409 522 49 26 sjelf
475 522 52 19 söka
546 528 40 20 upp
608 522 115 20 motiverne
742 522 23 20 så
780 523 51 26 godt
846 523 35 19 det

134 558 40 19 kan
191 558 62 19 finna.
284 556 33 21 Må
337 556 54 21 dock
410 556 6 20 i
436 556 57 19 detta
511 556 36 19 fall
563 558 30 17 ett
611 556 106 27 undantag
733 556 91 21 härifrån
843 560 37 23 gö-

135 598 39 17 ras,
190 598 33 13 om
240 591 69 26 någon
324 591 65 25 yrkar
405 590 76 26 derpå;
494 591 37 25 jag
547 593 38 23 gör
600 590 36 19 det
650 590 54 20 icke.

204 626 52 19 Herr
271 625 139 19 Mechelin:
430 624 46 20 Med
493 624 116 26 anledning
624 624 22 20 af
661 624 52 20 Herr
728 625 77 26 Sjöros'
821 632 59 13 sena-

135 663 30 16 ste
185 660 115 19 anförande
321 659 36 19 ber
373 659 37 25 jag
430 660 37 23 att,
487 658 6 19 i
515 658 219 20 öfverensstämmelse
756 659 47 19 med
826 659 54 19 hvad

135 694 52 20 Herr
202 690 111 30 Öhrnberg
329 694 53 18 förut
398 693 74 24 anfört,
489 692 20 20 få
524 692 75 26 erinra,
618 695 29 17 att
667 692 127 21 Ständernes
814 693 67 20 beslut

135 728 47 20 icke
202 728 38 26 går
259 727 69 20 direkt
347 727 31 19 till
393 726 250 26 Expeditionsutskottet,
663 729 48 17 utan
728 727 31 19 till
774 728 35 19 det
824 727 57 20 fack-

136 763 85 25 utskott,
237 768 44 14 som
298 761 106 20 förberedt
419 761 94 25 ärendet,
529 761 46 25 och,
590 761 43 19 ifall
650 762 35 20 det
700 762 27 20 då
744 762 53 19 visar
809 763 32 27 sig
852 766 30 17 att

139 797 132 26 pluraliteten
288 799 22 17 är
325 796 79 26 gifven,
420 795 87 20 ärendet
527 796 139 19 öfverlemnas
685 796 31 20 till
734 797 148 26 Expeditions-

136 831 106 25 utskottet,
265 837 42 13 som
330 830 88 20 alldeles
440 830 48 20 icke
511 830 32 19 får
567 830 109 20 inventera
692 830 66 27 några
773 838 42 19 nya
830 832 52 20 eller

136 865 66 21 andra
217 865 150 26 motiveringar
390 868 25 16 än
435 864 26 20 de
481 870 44 14 som
543 864 67 20 blifvit
626 865 28 19 uti
674 865 143 21 betänkandet
832 866 51 20 eller

136 899 103 20 Ståndens
256 899 66 19 beslut
336 898 132 20 framhållna.
499 898 41 19 Vid
561 898 56 19 detta
636 901 41 16 sätt
692 901 30 17 att
736 899 27 26 gå
783 900 30 19 till
829 903 54 24 väga

136 933 32 19 för
183 933 113 19 affattande
313 933 21 19 af
347 932 128 20 Ständernes
490 932 179 26 framställningar
685 933 30 19 till
728 933 58 20 Hans
800 934 82 26 Kejser-

136 968 43 25 liga
194 967 97 25 Majestät
310 967 40 19 kan
372 967 36 19 det
426 966 46 19 icke
492 966 85 19 komma
597 967 6 18 i
624 966 59 27 fråga
698 969 30 17 att
743 967 140 21 diskussions-

137 1001 127 26 protokollet
286 1001 67 19 skulle
373 1001 29 18 till
426 1000 242 26 Expeditionsutskottet
689 1001 147 28 öfverlemnas,
853 1003 31 19 för

137 1038 29 17 att
182 1036 57 24 tjena
250 1035 31 19 till
290 1035 86 26 ledning
389 1034 35 20 vid
433 1041 26 13 en
478 1035 64 19 sådan
559 1035 164 26 framställnings
738 1037 145 25 uppsättande.

205 1069 53 20 Herr
273 1069 120 20 Jansson:
412 1069 41 26 Jag
469 1075 61 13 anser
545 1069 32 19 för
593 1069 41 19 min
651 1069 33 20 del
700 1070 36 19 det
751 1077 50 13 vara
816 1072 67 19 öfver-

138 1104 74 25 flödigt
234 1103 39 20 och
296 1104 61 19 äfven
382 1103 80 20 mindre
482 1103 96 26 lämpligt
592 1105 30 18 att
636 1104 6 19 i
658 1104 115 25 petitionen
794 1108 91 24 upptaga

139 1138 25 19 de
183 1138 5 19 i
210 1137 110 20 utskottets
344 1137 133 20 betänkande
500 1137 105 26 ingående
628 1137 104 20 särskilda
758 1139 126 20 bestämnin-

138 1178 64 20 garne
225 1178 33 13 om
282 1171 53 20 hvad
357 1171 39 20 den
414 1171 106 20 blifvande
536 1171 61 26 lagen
615 1171 63 20 borde
697 1172 114 26 innehålla,
826 1174 57 25 isyn-

138 1206 73 19 nerhet
234 1211 43 13 som
302 1205 100 19 utskottet
424 1204 94 26 påpekar
541 1205 68 19 såsom
633 1205 74 20 brister
726 1206 28 19 uti
770 1206 26 20 de
812 1206 73 21 hittills

137 1241 59 25 gifna
216 1239 280 26 jernvägskoncessionerne
519 1239 107 26 åtskilliga
653 1240 164 27 bestämningar,
841 1248 42 13 som

139 1275 28 19 uti
184 1274 46 19 dem
254 1273 108 26 verkligen
383 1273 114 20 förefinnes
517 1275 54 18 samt
586 1274 25 19 de
627 1274 23 19 af
663 1274 101 20 utskottet
779 1278 107 24 upptagna

139 1308 100 26 speciella
255 1307 157 20 bestämmelser
428 1307 47 20 icke
491 1307 66 20 heller
573 1310 35 17 äro
624 1308 142 27 fullständiga.

207 1342 54 19 Herr
276 1341 164 26 Tengström:
456 1342 31 19 De
503 1342 128 19 omnämnda
646 1342 108 19 såkallade
770 1343 116 20 motiverne

139 1379 35 17 äro
190 1376 6 19 i
213 1375 35 19 det
270 1377 54 18 stora
348 1375 48 20 hela
418 1375 47 20 icke
489 1375 64 26 något
572 1378 63 17 annat
654 1379 26 16 än
700 1377 187 26 omständigheter,

139 1417 43 12 som
199 1411 79 18 ansetts
295 1409 49 20 böra
360 1410 6 19 i
382 1416 25 13 en
424 1409 173 27 koncessionslag
616 1410 56 26 ingå,
691 1412 22 23 ty
734 1417 49 12 vore
803 1411 25 19 de
845 1418 42 13 mo-

138 1444 59 25 tiver,
213 1443 68 20 skulle
298 1443 24 21 de
339 1443 52 21 söka
406 1443 131 29 ådagalägga
553 1444 184 27 nödvändigheten
750 1444 22 20 af
785 1451 25 13 en
823 1445 64 21 sådan
