1070 1786
420 160 41 17 Den
473 161 23 18 23
508 160 43 23 Maj.
794 161 45 17 1385

180 219 57 20 Härå
251 219 99 20 svarades
362 218 47 19 med
421 217 99 21 blandadt
528 218 27 25 ja
565 217 39 20 och
616 218 51 25 nej,
679 218 98 19 hvarföre
789 218 75 19 skreds

114 253 31 20 till
167 253 103 26 votering,
293 259 44 13 som
360 252 59 20 utföll
442 252 48 19 med
513 252 23 19 16
557 252 27 25 ja
599 251 39 20 och
655 251 25 20 16
696 252 52 25 nej;
763 251 39 20 och
819 257 44 14 som

115 287 40 20 den
178 287 84 26 aflagda
283 286 125 25 röstsedeln,
428 292 45 13 som
491 285 56 26 förty
567 285 115 26 öppnades,
697 285 97 23 innehöll
813 286 52 24 nej,

115 320 131 20 förklarades
269 320 52 20 Herr
344 316 131 29 Öhrnbergs'
489 319 149 20 amendement
661 325 49 13 vara
732 320 24 19 af
777 319 90 21 Ständet

116 356 91 25 antaget.

184 387 29 29 $$
236 386 98 22 103—107
356 389 88 25 antogos
464 387 23 19 af
503 386 88 21 Ständet
607 388 47 18 utan
672 386 125 26 diskussion,
814 388 6 18 i
836 387 29 19 öf-

118 422 195 20 verensstämmelse
330 421 46 20 med
391 420 174 20 Bankutskottets
581 420 82 26 förslag.

220 454 14 29 G
248 455 41 21 108.

186 490 66 19 Herr
267 489 130 20 Kiseleff:
418 490 45 19 Den
479 491 66 18 större
561 488 169 26 sjelfständighet
745 489 32 19 för
792 489 74 20 konto-

119 531 43 17 ren,
185 530 44 14 som
250 524 101 26 förslaget
366 530 34 13 om
416 523 139 20 tillsättandet
570 523 22 19 af
605 522 190 22 diskontkomiteer
811 523 56 27 äsyf-

119 561 38 22 tar,
174 558 41 19 kan
228 558 37 26 jag
281 558 19 25 ej
316 557 56 26 gilla.
395 550 109 34 Åtgärden
520 557 75 26 skulle,
611 557 67 26 enligt
693 558 41 19 min
747 557 62 27 åsigt,
820 558 49 19 leda

120 592 30 19 till
165 595 66 16 större
247 591 43 20 risk
306 591 31 20 för
354 591 82 20 banken
453 595 25 15 än
497 591 146 20 motsvarande
659 591 74 25 fördel,
744 592 39 19 och
795 591 27 20 då
833 592 35 19 det

121 625 89 26 mången
233 625 55 26 gång
311 625 54 19 varit
384 625 57 19 svårt
456 625 31 19 för
503 624 202 27 Föreningsbanken
722 627 31 17 att
768 625 36 19 vid
821 625 47 19 dess

121 659 73 19 filialer
210 659 6 19 i
232 659 119 20 landsorten
368 659 54 19 fästa
437 659 95 27 pålitliga
547 665 107 20 personer,
670 660 56 19 inser
737 659 37 26 jag
785 659 19 25 ej
816 658 52 20 huru

122 694 35 19 det
172 693 68 20 skulle
256 693 64 20 blifva
336 693 81 27 möjligt
432 693 31 20 för
479 693 100 20 Finlands
595 693 62 25 bank,
674 693 26 19 då
715 694 19 25 ej
752 692 63 27 något
826 696 42 16 sär-

122 727 64 19 skildt
208 726 89 21 intresse
319 730 23 16 är
362 727 47 20 med
430 727 145 26 befattningen
591 726 103 20 förenadt.
724 726 41 27 Jag
781 726 88 20 föreslår

123 761 89 25 derföre,
232 763 30 17 att
281 761 114 19 kontorens
410 761 135 26 operationer
561 760 63 20 måtte
641 760 65 20 blifva
720 760 45 20 lika
780 761 89 26 begrän-

123 795 49 19 sade
188 801 45 13 som
249 795 80 25 hittills,
344 795 74 20 endast
433 795 48 19 med
498 795 35 20 det
549 794 111 27 undantag,
676 796 30 18 att
719 794 102 20 kontoren
835 795 34 20 be-

123 829 114 25 rättigades
256 831 36 23 att,
311 830 48 18 utan
381 828 125 20 hemställan
523 828 30 20 till
569 828 140 26 direktionen,
726 828 145 20 rediskontera

125 863 22 19 af
164 862 150 27 privatbanker
334 862 56 20 förut
409 862 150 20 diskonterade
575 862 78 20 vexlar.
683 862 83 20 Sädana
781 862 90 20 bankers

125 896 95 27 förmäga
234 899 30 17 att
280 897 84 25 betjena
378 896 143 20 allmänheten
537 896 12 19 &
565 897 61 24 orter,
642 896 37 19 der
696 895 83 21 banken
795 896 38 19 har
849 895 21 20 fi-

124 930 121 26 lialkontor,
260 933 22 16 är
298 930 106 26 nemligen
420 930 63 19 oftast
498 929 106 20 beroende
619 929 23 20 af
656 929 60 20 dessa
727 929 86 20 kontors
824 929 47 20 kas-

125 963 155 27 sabehällning;
305 971 47 12 men
376 970 75 20 genom
475 963 169 26 rediskontering
660 964 6 19 i
681 964 101 19 Finlands
805 963 67 20 banks

126 997 75 20 kontor
217 997 69 20 blefve
302 998 68 19 denna
386 997 113 27 olägenhet
509 997 96 26 afhjelpt.
625 997 99 20 Finlands
736 997 57 20 bank
804 997 68 20 skulle

127 1032 122 25 härigenom
270 1031 99 27 möjligen
390 1031 26 27 gå
435 1031 96 27 förlustig
547 1038 25 13 en
588 1031 39 20 och
643 1038 69 13 annan
728 1031 145 26 diskontaffär,

128 1072 46 13 men
191 1065 66 20 skulle
273 1066 7 19 i
296 1065 47 20 dess
358 1065 68 26 ställe,
442 1072 76 19 genom
534 1065 188 26 privatbankernes
738 1065 136 26 ansvarighet

128 1100 31 19 för
182 1099 25 20 de
230 1099 172 20 rediskonterade
423 1099 107 25 vexlarne,
546 1099 64 20 vinna
624 1099 7 19 i
647 1099 105 20 säkerhet.
781 1099 40 26 Jag
838 1099 37 20 ber

127 1135 30 18 att
172 1133 104 20 dessutom
293 1133 20 20 fä
329 1133 89 26 päpeka,
434 1136 30 17 att
479 1140 27 13 en
522 1133 100 26 utvidgad
639 1133 163 20 diskontrörelse
813 1133 18 25 ej
843 1132 30 19 öf-

129 1169 174 18 verensstämmer
323 1167 47 20 med
391 1167 109 26 principen
517 1167 31 20 för
563 1173 26 14 en
605 1167 187 25 icke-affärsbank,
808 1166 66 19 sädan

127 1207 43 19 som
186 1200 101 20 Finlands
303 1200 63 20 bank.

196 1234 40 26 Jag
252 1235 37 19 har
304 1235 62 19 äfven
382 1234 105 21 betraktat
502 1234 66 20 saken
584 1235 45 19 frän
640 1241 26 13 en
678 1241 70 13 annan
759 1234 51 20 sida.
829 1233 46 20 Den

129 1268 29 19 tid
182 1271 22 16 är
226 1268 19 26 ej
269 1268 71 25 längre
359 1268 102 26 aflägsen,
478 1271 26 16 än
520 1270 31 18 att
566 1269 51 19 hvar
632 1269 40 19 och
688 1275 26 13 en
730 1269 24 19 af
767 1274 33 14 oss
817 1268 58 19 torde

129 1302 70 19 erinra
214 1301 32 27 sig
262 1301 46 26 den,
324 1302 26 19 dä
366 1302 40 20 den
422 1302 56 26 äsigt
493 1302 87 19 allmänt
594 1302 73 26 gjorde
683 1302 33 26 sig
730 1301 105 27 gällande,
847 1303 30 18 att

130 1329 36 26 det
184 1335 56 20 enda
258 1335 130 20 korrektivet
404 1338 55 17 emot
474 1336 99 19 Finlands
590 1336 66 19 banks
672 1336 117 26 tryckande
805 1341 71 14 mono-

131 1370 35 25 pol
189 1375 50 14 vore
260 1369 145 20 etablerandet
424 1370 24 19 af
460 1370 160 26 privatbanker;
636 1370 39 20 och
691 1370 47 19 med
756 1369 121 20 brännande

130 1403 53 20 ifver
204 1403 158 26 organiserades
381 1403 27 20 dä
423 1403 203 27 Föreningsbanken
642 1404 39 19 och
697 1403 180 26 Hypotheksföre-

132 1437 85 26 ningen.
242 1437 31 19 Nu
291 1439 22 18 är
327 1437 68 20 ifvern
412 1437 44 20 lika
471 1437 130 26 brännande,
617 1444 47 13 men
675 1437 47 20 dess
733 1437 55 26 syfte
798 1440 23 16 är
832 1436 47 20 rakt
