1070 1786
236 156 34 18 750
515 156 41 17 Den
570 156 22 17 20
605 155 60 24 April.

281 215 54 20 Herr
357 214 126 20 Höckert:
507 214 32 19 Då
559 215 66 25 jag,
621 210 13 34 i
648 214 110 26 egenskap
780 215 24 19 af
824 215 92 19 ledamot
940 214 26 19 uti

215 249 114 20 Allmänna
344 248 198 26 Besvärsutskottet,
558 248 88 26 deltagit
662 248 7 19 i
686 248 147 20 utarbetandet
851 249 24 19 af
891 248 74 26 ifråga-

216 283 93 19 varande
325 283 140 25 betänkande,
482 282 67 19 finner
562 283 38 25 jag
616 282 42 26 mig
675 282 110 20 föranledd
801 284 31 17 att
847 282 82 20 bemöta
940 283 25 19 de

216 316 196 26 hufvudsakligaste
427 316 171 26 anmärkningar,
614 322 44 13 som
676 316 66 20 under
758 315 147 21 diskussionen
920 317 45 21 blif-

217 351 30 19 vit
265 353 56 17 emot
344 350 57 20 detta
424 350 134 20 betänkande
581 350 137 19 framställda.
752 350 53 20 Herr
827 350 89 21 Kiseleff
930 352 36 19 har

216 385 74 19 främst
298 384 103 25 anmärkt,
418 386 29 18 att
455 384 28 20 uti
500 384 143 20 betänkandet
662 384 78 20 saknas
758 384 107 26 åtskilliga
883 386 82 25 stipula-

217 419 95 25 lationer,
328 418 72 20 hvilka
416 419 40 19 han
473 425 61 13 anser
550 419 51 19 böra
616 418 68 20 såsom
703 418 156 26 bestämningar
875 418 49 27 ingå
939 419 28 19 uti

218 459 26 13 en
262 452 105 20 blifvande
381 452 321 26 jernvägskoncessionsstadga.
732 452 41 26 Jag
788 452 105 20 erkänner
903 459 65 19 gerna

218 488 30 18 att
263 492 27 14 en
312 486 64 20 sådan
400 486 147 26 anmärkning,
569 486 127 20 åtminstone
712 486 7 19 i
734 486 27 20 de
780 486 59 20 flesta
859 487 57 19 delar
932 487 36 20 har

218 520 32 20 sin
267 520 50 20 fulla
332 520 109 27 riktighet,
456 526 47 14 men
521 520 36 19 vill
578 520 102 26 derjemte
700 520 94 26 tillägga,
815 522 30 18 att
868 521 99 20 utskottet

219 554 48 21 icke
282 554 65 27 ansåg
363 555 32 26 sig
413 554 50 21 böra
479 554 61 20 bland
557 554 26 20 de
599 554 186 27 omständigheter,
802 554 73 21 hvilka
888 556 28 19 uti
933 556 34 19 be-

219 588 116 20 tänkandet
350 589 70 19 blifvit
435 588 130 24 framhållne,
582 591 92 23 upptaga
689 589 86 24 sådana,
793 595 45 13 som
857 589 67 26 ingått
939 591 29 18 uti

220 622 26 19 de
262 622 64 20 redan
342 622 110 20 utfärdade
468 622 179 20 koncessionerne
664 623 39 19 och
719 628 44 14 som
781 629 46 13 man
840 623 82 20 derföre
932 630 35 13 an-

220 656 93 26 tagligen
337 656 40 20 kan
401 656 96 20 förvänta
520 656 85 20 komma
620 658 30 18 att
665 656 63 20 äfven
744 656 112 20 framdeles
872 658 5 18 i
897 658 72 26 dylika

220 690 36 20 fall
272 690 110 26 iakttagas.
413 691 40 19 Det
468 691 37 19 har
524 690 72 20 vidare
617 690 67 20 blifvit
701 690 103 25 anmärkt,
821 693 30 17 att
869 691 100 20 utskottet

221 724 67 19 såsom
311 731 25 13 en
359 724 52 20 brist
434 725 28 19 uti
486 725 25 19 de
527 724 73 20 hittills
620 724 105 26 beviljade
742 724 176 21 koncessionerne
934 726 35 26 pä-

221 758 73 26 pekar,
309 761 30 17 att
354 758 74 20 förbud
445 759 32 19 för
493 759 64 25 högre
573 758 131 20 embetsmän
721 760 29 18 att
770 759 85 26 deltaga
870 760 29 19 uti
912 761 56 24 jern-

222 792 115 26 vägsbolag
353 792 47 20 icke
417 792 140 20 förekommit.
574 792 32 20 Då
622 793 19 19 vi
658 792 31 20 för
706 793 130 19 närvarande
850 793 47 20 icke
909 794 62 19 hafva

223 825 68 27 någon
305 826 284 26 jernvägskoncessionslag,
605 829 48 17 utan
670 826 35 20 det
718 827 44 25 just
777 834 27 12 nu
823 830 22 16 är
861 827 59 27 fråga
935 834 33 13 om

222 861 30 18 att
268 860 20 19 få
303 867 25 13 en
344 860 59 26 dylik
428 861 38 19 och
489 860 165 26 olämpligheten
678 861 45 19 utaf
744 862 29 18 att
799 860 83 21 Statens
905 862 64 26 högre

222 893 125 25 tjenstemän
372 894 79 20 befatta
473 895 32 26 sig
529 894 46 20 med
592 894 22 19 så
630 895 82 25 privata
727 895 180 26 angelägenheter
922 896 46 19 icke

223 927 59 20 torde
305 927 71 21 kunna
398 928 155 25 underkännas,
577 934 48 13 vore
647 928 35 19 det
699 928 33 19 väl
747 928 48 20 icke
812 935 23 13 ur
851 932 67 23 vägen
934 932 36 24 att,

224 961 46 20 med
286 961 99 20 afseende
398 962 79 26 jemväl
501 962 51 19 derå
566 964 30 17 att
615 962 28 19 uti
659 962 26 19 de
701 962 74 19 hittills
791 963 109 20 utfärdade
913 965 56 25 jern-

222 995 232 26 vägskoncessionerne
469 995 70 27 någon
555 996 64 19 sådan
637 996 132 27 bestämning
789 997 48 20 icke
853 997 72 27 ingått,
942 999 28 19 uti

222 1029 41 20 den
288 1029 104 20 blifvande
416 1030 200 26 koncessionslagen
636 1030 21 19 få
672 1031 87 26 intagen
774 1031 40 20 den
832 1031 138 28 bestämning,

223 1066 31 17 att
269 1064 28 19 uti
313 1066 29 18 ett
354 1064 166 27 jernvägsbolag
535 1063 48 21 icke
600 1064 30 20 får
645 1064 50 27 ingå
712 1064 68 27 någon
795 1065 90 20 medlem
896 1067 22 18 af
932 1067 38 19 Re-

224 1098 109 27 geringen.
362 1098 40 27 Jag
418 1099 35 18 vill
469 1098 55 20 dock
539 1098 48 20 icke
602 1101 57 24 säga,
674 1100 31 17 att
718 1105 77 20 genom
807 1106 26 13 en
844 1099 64 21 sådan
922 1101 50 20 brist

225 1131 65 27 några
311 1133 137 26 olägenheter
471 1132 74 19 hittills
568 1132 62 20 hafva
655 1133 99 25 uppstått.
788 1133 107 21 Utskottet
913 1135 57 20 har
959 1127 14 36 i

224 1166 64 26 öfrigt
304 1167 46 19 med
367 1173 26 13 en
409 1166 65 20 sådan
491 1166 132 26 bestämning
639 1168 19 24 ej
674 1167 68 25 afsett,
758 1169 30 18 att
803 1167 47 20 icke
867 1175 25 12 en
907 1169 64 26 högre

225 1200 130 20 embetsman
371 1200 69 20 skulle
455 1200 72 20 kunna
542 1206 51 14 vara
610 1200 139 20 innehafvare
767 1201 22 19 af
802 1201 170 27 jernvägsaktier

225 1235 51 19 eller
291 1234 102 27 uppträda
415 1235 68 19 såsom
507 1235 99 26 delegare
628 1235 29 19 uti
680 1237 30 17 ett
729 1235 172 26 jernvägsbolag,
924 1238 48 18 utan

227 1269 52 19 blott
301 1271 29 17 att
352 1269 40 19 han
412 1268 47 20 icke
479 1268 57 27 finge
557 1275 50 13 vara
622 1269 47 19 dess
684 1269 88 19 stiftare.
802 1269 45 20 Den
863 1270 111 19 anmärkta

225 1303 168 26 bestämningen,
418 1305 30 16 att
469 1309 26 12 en
516 1303 125 19 koncession
658 1302 48 20 icke
721 1302 67 20 skulle
805 1305 48 17 utan
872 1303 101 27 Regerin-

226 1343 52 20 gens
303 1336 58 20 bifall
384 1336 21 20 få
424 1336 113 20 öfverlåtas
553 1336 21 20 åt
589 1343 69 13 annan
674 1343 48 13 man
738 1337 37 19 har
791 1337 101 20 utskottet
907 1341 68 17 ansett

226 1371 87 20 alldeles
329 1371 121 26 nödvändig
466 1371 40 19 och
521 1371 23 19 af
560 1371 207 26 omständigheterne
787 1371 136 26 synnerligen
939 1373 34 26 på-

227 1405 77 20 kallad.
333 1405 33 19 Då
388 1405 135 26 Regeringen
548 1405 79 19 lemnar
650 1405 126 19 koncession
799 1404 22 19 åt
843 1411 25 13 en
893 1407 81 19 enskild

228 1446 47 16 man
292 1439 50 20 eller
358 1440 30 18 ett
403 1439 70 26 bolag,
490 1439 67 21 måste
573 1439 36 21 det
626 1439 58 21 alltid
707 1438 115 22 förefinnas
842 1438 68 29 någon
935 1446 40 14 mo-
