<?xml version="1.0" encoding="UTF-8"?>
<alto xmlns="http://www.loc.gov/standards/alto/ns-v3#" xmlns:xlink="http://www.w3.org/1999/xlink" xmlns:xsi="http://www.w3.org/2001/XMLSchema-instance" xsi:schemaLocation="http://www.loc.gov/standards/alto/ns-v3# http://www.loc.gov/alto/v3/alto-3-0.xsd">
	<Description>
		<MeasurementUnit>pixel</MeasurementUnit>
		<sourceImageInformation>
			<fileName>/tmp/tess_1gcd7mag_input.PNG</fileName>
		</sourceImageInformation>
		<OCRProcessing ID="OCR_0">
			<ocrProcessingStep>
				<processingSoftware>
					<softwareName>tesseract 5.3.4</softwareName>
				</processingSoftware>
			</ocrProcessingStep>
		</OCRProcessing>
	</Description>
	<Layout>
		<Page WIDTH="1070" HEIGHT="1786" PHYSICAL_IMG_NR="0" ID="page_0">
			<PrintSpace HPOS="0" VPOS="0" WIDTH="1070" HEIGHT="1786">
				<ComposedBlock ID="cblock_0" HPOS="400" VPOS="153" WIDTH="414" HEIGHT="21">
					<TextBlock ID="block_0" HPOS="400" VPOS="153" WIDTH="414" HEIGHT="21">
						<TextLine ID="line_0" HPOS="400" VPOS="153" WIDTH="414" HEIGHT="21">
							<String ID="string_0" HPOS="400" VPOS="153" WIDTH="41" HEIGHT="17" WC="0.96" CONTENT="Den"/><SP WIDTH="13" VPOS="153" HPOS="441"/>
							<String ID="string_1" HPOS="454" VPOS="153" WIDTH="9" HEIGHT="17" WC="0.95" CONTENT="2"/><SP WIDTH="14" VPOS="153" HPOS="463"/>
							<String ID="string_2" HPOS="477" VPOS="153" WIDTH="41" HEIGHT="21" WC="0.94" CONTENT="Maj."/><SP WIDTH="263" VPOS="153" HPOS="518"/>
							<String ID="string_3" HPOS="781" VPOS="156" WIDTH="33" HEIGHT="18" WC="0.86" CONTENT="89i"/>
						</TextLine>
					</TextBlock>
				</ComposedBlock>
				<ComposedBlock ID="cblock_1" HPOS="82" VPOS="211" WIDTH="769" HEIGHT="1257">
					<TextBlock ID="block_1" HPOS="82" VPOS="211" WIDTH="753" HEIGHT="62">
						<TextLine ID="line_1" HPOS="82" VPOS="211" WIDTH="753" HEIGHT="28">
							<String ID="string_4" HPOS="82" VPOS="213" WIDTH="78" HEIGHT="20" WC="0.93" CONTENT="önskar"/><SP WIDTH="16" VPOS="213" HPOS="160"/>
							<String ID="string_5" HPOS="176" VPOS="212" WIDTH="87" HEIGHT="20" WC="0.91" CONTENT="Ständet"/><SP WIDTH="15" VPOS="212" HPOS="263"/>
							<String ID="string_6" HPOS="278" VPOS="213" WIDTH="30" HEIGHT="17" WC="0.93" CONTENT="att"/><SP WIDTH="16" VPOS="213" HPOS="308"/>
							<String ID="string_7" HPOS="324" VPOS="211" WIDTH="72" HEIGHT="26" WC="0.95" CONTENT="frågan"/><SP WIDTH="18" VPOS="211" HPOS="396"/>
							<String ID="string_8" HPOS="414" VPOS="217" WIDTH="25" HEIGHT="13" WC="0.93" CONTENT="nu"/><SP WIDTH="17" VPOS="217" HPOS="439"/>
							<String ID="string_9" HPOS="456" VPOS="214" WIDTH="75" HEIGHT="23" WC="0.96" CONTENT="genast"/><SP WIDTH="15" VPOS="214" HPOS="531"/>
							<String ID="string_10" HPOS="546" VPOS="212" WIDTH="54" HEIGHT="19" WC="0.93" CONTENT="skall"/><SP WIDTH="16" VPOS="212" HPOS="600"/>
							<String ID="string_11" HPOS="616" VPOS="213" WIDTH="98" HEIGHT="26" WC="0.92" CONTENT="afgöras?"/><SP WIDTH="32" VPOS="213" HPOS="714"/>
							<String ID="string_12" HPOS="746" VPOS="214" WIDTH="30" HEIGHT="19" WC="0.94" CONTENT="De"/><SP WIDTH="15" VPOS="214" HPOS="776"/>
							<String ID="string_13" HPOS="791" VPOS="221" WIDTH="44" HEIGHT="14" WC="0.96" CONTENT="som"/>
						</TextLine>
						<TextLine ID="line_2" HPOS="84" VPOS="245" WIDTH="687" HEIGHT="28">
							<String ID="string_14" HPOS="84" VPOS="248" WIDTH="49" HEIGHT="25" WC="0.96" CONTENT="vilja"/><SP WIDTH="16" VPOS="248" HPOS="133"/>
							<String ID="string_15" HPOS="149" VPOS="247" WIDTH="35" HEIGHT="19" WC="0.93" CONTENT="det"/><SP WIDTH="15" VPOS="247" HPOS="184"/>
							<String ID="string_16" HPOS="199" VPOS="246" WIDTH="57" HEIGHT="19" WC="0.93" CONTENT="förra"/><SP WIDTH="15" VPOS="246" HPOS="256"/>
							<String ID="string_17" HPOS="271" VPOS="251" WIDTH="61" HEIGHT="14" WC="0.92" CONTENT="svara"/><SP WIDTH="12" VPOS="251" HPOS="332"/>
							<String ID="string_18" HPOS="344" VPOS="245" WIDTH="34" HEIGHT="26" WC="0.96" CONTENT="ja,"/><SP WIDTH="17" VPOS="245" HPOS="378"/>
							<String ID="string_19" HPOS="395" VPOS="245" WIDTH="27" HEIGHT="20" WC="0.96" CONTENT="de"/><SP WIDTH="15" VPOS="245" HPOS="422"/>
							<String ID="string_20" HPOS="437" VPOS="251" WIDTH="44" HEIGHT="14" WC="0.93" CONTENT="som"/><SP WIDTH="17" VPOS="251" HPOS="481"/>
							<String ID="string_21" HPOS="498" VPOS="245" WIDTH="69" HEIGHT="21" WC="0.92" CONTENT="önska"/><SP WIDTH="16" VPOS="245" HPOS="567"/>
							<String ID="string_22" HPOS="583" VPOS="246" WIDTH="35" HEIGHT="20" WC="0.96" CONTENT="det"/><SP WIDTH="15" VPOS="246" HPOS="618"/>
							<String ID="string_23" HPOS="633" VPOS="253" WIDTH="75" HEIGHT="14" WC="0.96" CONTENT="senare"/><SP WIDTH="16" VPOS="253" HPOS="708"/>
							<String ID="string_24" HPOS="724" VPOS="249" WIDTH="47" HEIGHT="24" WC="0.94" CONTENT="nej."/>
						</TextLine>
					</TextBlock>
					<TextBlock ID="block_2" HPOS="83" VPOS="279" WIDTH="768" HEIGHT="64">
						<TextLine ID="line_3" HPOS="153" VPOS="279" WIDTH="684" HEIGHT="29">
							<String ID="string_25" HPOS="153" VPOS="280" WIDTH="39" HEIGHT="20" WC="0.96" CONTENT="Vid"/><SP WIDTH="17" VPOS="280" HPOS="192"/>
							<String ID="string_26" HPOS="209" VPOS="280" WIDTH="27" HEIGHT="26" WC="0.93" CONTENT="pä"/><SP WIDTH="16" VPOS="280" HPOS="236"/>
							<String ID="string_27" HPOS="252" VPOS="280" WIDTH="91" HEIGHT="26" WC="0.92" CONTENT="begäran"/><SP WIDTH="16" VPOS="280" HPOS="343"/>
							<String ID="string_28" HPOS="359" VPOS="279" WIDTH="90" HEIGHT="20" WC="0.91" CONTENT="anställd"/><SP WIDTH="17" VPOS="279" HPOS="449"/>
							<String ID="string_29" HPOS="466" VPOS="279" WIDTH="105" HEIGHT="27" WC="0.92" CONTENT="votering,"/><SP WIDTH="20" VPOS="279" HPOS="571"/>
							<String ID="string_30" HPOS="591" VPOS="281" WIDTH="102" HEIGHT="20" WC="0.93" CONTENT="befunnos"/><SP WIDTH="18" VPOS="281" HPOS="693"/>
							<String ID="string_31" HPOS="711" VPOS="281" WIDTH="26" HEIGHT="20" WC="0.93" CONTENT="de"/><SP WIDTH="19" VPOS="281" HPOS="737"/>
							<String ID="string_32" HPOS="756" VPOS="282" WIDTH="81" HEIGHT="26" WC="0.93" CONTENT="afgifna"/>
						</TextLine>
						<TextLine ID="line_4" HPOS="83" VPOS="313" WIDTH="768" HEIGHT="30">
							<String ID="string_33" HPOS="83" VPOS="314" WIDTH="240" HEIGHT="26" WC="0.92" CONTENT="omröstningssedlarne"/><SP WIDTH="16" VPOS="314" HPOS="323"/>
							<String ID="string_34" HPOS="339" VPOS="313" WIDTH="108" HEIGHT="20" WC="0.95" CONTENT="innehålla"/><SP WIDTH="18" VPOS="313" HPOS="447"/>
							<String ID="string_35" HPOS="465" VPOS="314" WIDTH="28" HEIGHT="19" WC="0.94" CONTENT="12"/><SP WIDTH="13" VPOS="314" HPOS="493"/>
							<String ID="string_36" HPOS="506" VPOS="314" WIDTH="27" HEIGHT="25" WC="0.93" CONTENT="ja"/><SP WIDTH="16" VPOS="314" HPOS="533"/>
							<String ID="string_37" HPOS="549" VPOS="314" WIDTH="39" HEIGHT="29" WC="0.96" CONTENT="och"/><SP WIDTH="17" VPOS="314" HPOS="588"/>
							<String ID="string_38" HPOS="605" VPOS="315" WIDTH="27" HEIGHT="19" WC="0.96" CONTENT="21"/><SP WIDTH="19" VPOS="315" HPOS="632"/>
							<String ID="string_39" HPOS="651" VPOS="316" WIDTH="48" HEIGHT="25" WC="0.96" CONTENT="nej."/><SP WIDTH="149" VPOS="316" HPOS="699"/>
							<String ID="string_40" HPOS="848" VPOS="333" WIDTH="3" HEIGHT="3" WC="0.96" CONTENT="E"/>
						</TextLine>
					</TextBlock>
					<TextBlock ID="block_3" HPOS="83" VPOS="347" WIDTH="754" HEIGHT="131">
						<TextLine ID="line_5" HPOS="153" VPOS="347" WIDTH="684" HEIGHT="30">
							<String ID="string_41" HPOS="153" VPOS="348" WIDTH="168" HEIGHT="26" WC="0.96" CONTENT="Proposition"/><SP WIDTH="17" VPOS="348" HPOS="321"/>
							<String ID="string_42" HPOS="338" VPOS="347" WIDTH="39" HEIGHT="20" WC="0.50" CONTENT="N:o"/><SP WIDTH="12" VPOS="347" HPOS="377"/>
							<String ID="string_43" HPOS="389" VPOS="348" WIDTH="23" HEIGHT="19" WC="0.50" CONTENT="2:"/><SP WIDTH="17" VPOS="348" HPOS="412"/>
							<String ID="string_44" HPOS="429" VPOS="347" WIDTH="95" HEIGHT="27" WC="0.92" CONTENT="Antager"/><SP WIDTH="9" VPOS="347" HPOS="524"/>
							<String ID="string_45" HPOS="533" VPOS="348" WIDTH="85" HEIGHT="20" WC="0.92" CONTENT="Ständet"/><SP WIDTH="13" VPOS="348" HPOS="618"/>
							<String ID="string_46" HPOS="631" VPOS="349" WIDTH="161" HEIGHT="27" WC="0.91" CONTENT="ifrägavarande"/><SP WIDTH="8" VPOS="349" HPOS="792"/>
							<String ID="string_47" HPOS="800" VPOS="358" WIDTH="37" HEIGHT="19" WC="0.92" CONTENT="pe-"/>
						</TextLine>
						<TextLine ID="line_6" HPOS="83" VPOS="382" WIDTH="753" HEIGHT="27">
							<String ID="string_48" HPOS="83" VPOS="384" WIDTH="135" HEIGHT="25" WC="0.92" CONTENT="tionsförslag"/><SP WIDTH="16" VPOS="384" HPOS="218"/>
							<String ID="string_49" HPOS="234" VPOS="383" WIDTH="67" HEIGHT="19" WC="0.93" CONTENT="säsom"/><SP WIDTH="17" VPOS="383" HPOS="301"/>
							<String ID="string_50" HPOS="318" VPOS="382" WIDTH="31" HEIGHT="20" WC="0.96" CONTENT="sin"/><SP WIDTH="17" VPOS="382" HPOS="349"/>
							<String ID="string_51" HPOS="366" VPOS="382" WIDTH="97" HEIGHT="20" WC="0.93" CONTENT="enskilda"/><SP WIDTH="15" VPOS="382" HPOS="463"/>
							<String ID="string_52" HPOS="478" VPOS="382" WIDTH="104" HEIGHT="26" WC="0.92" CONTENT="petition?"/><SP WIDTH="20" VPOS="382" HPOS="582"/>
							<String ID="string_53" HPOS="602" VPOS="383" WIDTH="51" HEIGHT="20" WC="0.96" CONTENT="eller"/><SP WIDTH="18" VPOS="383" HPOS="653"/>
							<String ID="string_54" HPOS="671" VPOS="390" WIDTH="62" HEIGHT="14" WC="0.93" CONTENT="anser"/><SP WIDTH="15" VPOS="390" HPOS="733"/>
							<String ID="string_55" HPOS="748" VPOS="384" WIDTH="88" HEIGHT="22" WC="0.92" CONTENT="Ständet"/>
						</TextLine>
						<TextLine ID="line_7" HPOS="83" VPOS="416" WIDTH="753" HEIGHT="24">
							<String ID="string_56" HPOS="83" VPOS="419" WIDTH="118" HEIGHT="19" WC="0.91" CONTENT="detsamma"/><SP WIDTH="23" VPOS="419" HPOS="201"/>
							<String ID="string_57" HPOS="224" VPOS="422" WIDTH="86" HEIGHT="14" WC="0.90" CONTENT="numera"/><SP WIDTH="18" VPOS="422" HPOS="310"/>
							<String ID="string_58" HPOS="328" VPOS="416" WIDTH="51" HEIGHT="20" WC="0.92" CONTENT="böra"/><SP WIDTH="15" VPOS="416" HPOS="379"/>
							<String ID="string_59" HPOS="394" VPOS="416" WIDTH="99" HEIGHT="20" WC="0.92" CONTENT="förfalla?"/><SP WIDTH="29" VPOS="416" HPOS="493"/>
							<String ID="string_60" HPOS="522" VPOS="416" WIDTH="41" HEIGHT="20" WC="0.96" CONTENT="För"/><SP WIDTH="16" VPOS="416" HPOS="563"/>
							<String ID="string_61" HPOS="579" VPOS="417" WIDTH="35" HEIGHT="19" WC="0.93" CONTENT="det"/><SP WIDTH="16" VPOS="417" HPOS="614"/>
							<String ID="string_62" HPOS="630" VPOS="417" WIDTH="56" HEIGHT="21" WC="0.92" CONTENT="förra"/><SP WIDTH="17" VPOS="417" HPOS="686"/>
							<String ID="string_63" HPOS="703" VPOS="418" WIDTH="133" HEIGHT="22" WC="0.92" CONTENT="alternativet"/>
						</TextLine>
						<TextLine ID="line_8" HPOS="83" VPOS="450" WIDTH="544" HEIGHT="28">
							<String ID="string_64" HPOS="83" VPOS="455" WIDTH="67" HEIGHT="17" WC="0.91" CONTENT="röstas"/><SP WIDTH="13" VPOS="455" HPOS="150"/>
							<String ID="string_65" HPOS="163" VPOS="450" WIDTH="127" HEIGHT="28" WC="0.91" CONTENT="jakande,"/><SP WIDTH="16" VPOS="450" HPOS="290"/>
							<String ID="string_66" HPOS="306" VPOS="450" WIDTH="32" HEIGHT="20" WC="0.96" CONTENT="för"/><SP WIDTH="16" VPOS="450" HPOS="338"/>
							<String ID="string_67" HPOS="354" VPOS="450" WIDTH="35" HEIGHT="20" WC="0.96" CONTENT="det"/><SP WIDTH="15" VPOS="450" HPOS="389"/>
							<String ID="string_68" HPOS="404" VPOS="456" WIDTH="75" HEIGHT="14" WC="0.92" CONTENT="senare"/><SP WIDTH="20" VPOS="456" HPOS="479"/>
							<String ID="string_69" HPOS="499" VPOS="450" WIDTH="128" HEIGHT="21" WC="0.91" CONTENT="nekande."/>
						</TextLine>
					</TextBlock>
					<TextBlock ID="block_4" HPOS="85" VPOS="484" WIDTH="751" HEIGHT="95">
						<TextLine ID="line_9" HPOS="153" VPOS="484" WIDTH="683" HEIGHT="30">
							<String ID="string_70" HPOS="153" VPOS="486" WIDTH="32" HEIGHT="19" WC="0.96" CONTENT="Då"/><SP WIDTH="15" VPOS="486" HPOS="185"/>
							<String ID="string_71" HPOS="200" VPOS="484" WIDTH="157" HEIGHT="27" WC="0.93" CONTENT="propositionen"/><SP WIDTH="22" VPOS="484" HPOS="357"/>
							<String ID="string_72" HPOS="379" VPOS="484" WIDTH="125" HEIGHT="20" WC="0.96" CONTENT="besvarades"/><SP WIDTH="19" VPOS="484" HPOS="504"/>
							<String ID="string_73" HPOS="523" VPOS="485" WIDTH="48" HEIGHT="19" WC="0.93" CONTENT="med"/><SP WIDTH="18" VPOS="485" HPOS="571"/>
							<String ID="string_74" HPOS="589" VPOS="485" WIDTH="100" HEIGHT="21" WC="0.90" CONTENT="blandadt"/><SP WIDTH="12" VPOS="485" HPOS="689"/>
							<String ID="string_75" HPOS="701" VPOS="487" WIDTH="23" HEIGHT="25" WC="0.97" CONTENT="ja"/><SP WIDTH="15" VPOS="487" HPOS="724"/>
							<String ID="string_76" HPOS="739" VPOS="488" WIDTH="39" HEIGHT="19" WC="0.96" CONTENT="och"/><SP WIDTH="17" VPOS="488" HPOS="778"/>
							<String ID="string_77" HPOS="795" VPOS="489" WIDTH="41" HEIGHT="25" WC="0.96" CONTENT="nej,"/>
						</TextLine>
						<TextLine ID="line_10" HPOS="85" VPOS="518" WIDTH="750" HEIGHT="30">
							<String ID="string_78" HPOS="85" VPOS="520" WIDTH="74" HEIGHT="20" WC="0.93" CONTENT="skreds"/><SP WIDTH="16" VPOS="520" HPOS="159"/>
							<String ID="string_79" HPOS="175" VPOS="520" WIDTH="32" HEIGHT="19" WC="0.93" CONTENT="till"/><SP WIDTH="16" VPOS="520" HPOS="207"/>
							<String ID="string_80" HPOS="223" VPOS="519" WIDTH="102" HEIGHT="26" WC="0.96" CONTENT="votering,"/><SP WIDTH="17" VPOS="519" HPOS="325"/>
							<String ID="string_81" HPOS="342" VPOS="519" WIDTH="87" HEIGHT="19" WC="0.93" CONTENT="hvarvid"/><SP WIDTH="17" VPOS="519" HPOS="429"/>
							<String ID="string_82" HPOS="446" VPOS="518" WIDTH="73" HEIGHT="20" WC="0.91" CONTENT="utföllo"/><SP WIDTH="19" VPOS="518" HPOS="519"/>
							<String ID="string_83" HPOS="538" VPOS="520" WIDTH="29" HEIGHT="19" WC="0.96" CONTENT="16"/><SP WIDTH="14" VPOS="520" HPOS="567"/>
							<String ID="string_84" HPOS="581" VPOS="520" WIDTH="26" HEIGHT="25" WC="0.96" CONTENT="ja"/><SP WIDTH="14" VPOS="520" HPOS="607"/>
							<String ID="string_85" HPOS="621" VPOS="520" WIDTH="38" HEIGHT="20" WC="0.96" CONTENT="och"/><SP WIDTH="20" VPOS="520" HPOS="659"/>
							<String ID="string_86" HPOS="679" VPOS="522" WIDTH="26" HEIGHT="18" WC="0.96" CONTENT="17"/><SP WIDTH="21" VPOS="522" HPOS="705"/>
							<String ID="string_87" HPOS="726" VPOS="522" WIDTH="52" HEIGHT="26" WC="0.96" CONTENT="nej,"/><SP WIDTH="23" VPOS="522" HPOS="778"/>
							<String ID="string_88" HPOS="801" VPOS="522" WIDTH="34" HEIGHT="20" WC="0.96" CONTENT="vid"/>
						</TextLine>
						<TextLine ID="line_11" HPOS="86" VPOS="553" WIDTH="693" HEIGHT="26">
							<String ID="string_89" HPOS="86" VPOS="554" WIDTH="81" HEIGHT="20" WC="0.91" CONTENT="hvilket"/><SP WIDTH="15" VPOS="554" HPOS="167"/>
							<String ID="string_90" HPOS="182" VPOS="553" WIDTH="131" HEIGHT="20" WC="0.92" CONTENT="förhällande"/><SP WIDTH="16" VPOS="553" HPOS="313"/>
							<String ID="string_91" HPOS="329" VPOS="553" WIDTH="117" HEIGHT="26" WC="0.92" CONTENT="petitionen"/><SP WIDTH="17" VPOS="553" HPOS="446"/>
							<String ID="string_92" HPOS="463" VPOS="553" WIDTH="132" HEIGHT="21" WC="0.91" CONTENT="förklarades"/><SP WIDTH="15" VPOS="553" HPOS="595"/>
							<String ID="string_93" HPOS="610" VPOS="554" WIDTH="62" HEIGHT="21" WC="0.91" CONTENT="hafva"/><SP WIDTH="16" VPOS="554" HPOS="672"/>
							<String ID="string_94" HPOS="688" VPOS="554" WIDTH="91" HEIGHT="21" WC="0.91" CONTENT="förfallit."/>
						</TextLine>
					</TextBlock>
					<TextBlock ID="block_5" HPOS="84" VPOS="587" WIDTH="753" HEIGHT="198">
						<TextLine ID="line_12" HPOS="155" VPOS="587" WIDTH="682" HEIGHT="29">
							<String ID="string_95" HPOS="155" VPOS="588" WIDTH="29" HEIGHT="20" WC="0.92" CONTENT="Pä"/><SP WIDTH="14" VPOS="588" HPOS="184"/>
							<String ID="string_96" HPOS="198" VPOS="587" WIDTH="97" HEIGHT="20" WC="0.91" CONTENT="anmälan"/><SP WIDTH="23" VPOS="587" HPOS="295"/>
							<String ID="string_97" HPOS="318" VPOS="587" WIDTH="96" HEIGHT="20" WC="0.92" CONTENT="förekom"/><SP WIDTH="24" VPOS="587" HPOS="414"/>
							<String ID="string_98" HPOS="438" VPOS="587" WIDTH="53" HEIGHT="20" WC="0.93" CONTENT="Herr"/><SP WIDTH="25" VPOS="587" HPOS="491"/>
							<String ID="string_99" HPOS="516" VPOS="587" WIDTH="102" HEIGHT="21" WC="0.92" CONTENT="Senatorn"/><SP WIDTH="22" VPOS="587" HPOS="618"/>
							<String ID="string_100" HPOS="640" VPOS="589" WIDTH="56" HEIGHT="19" WC="0.93" CONTENT="Knut"/><SP WIDTH="15" VPOS="589" HPOS="696"/>
							<String ID="string_101" HPOS="711" VPOS="589" WIDTH="126" HEIGHT="27" WC="0.92" CONTENT="Furuhielm,"/>
						</TextLine>
						<TextLine ID="line_13" HPOS="85" VPOS="620" WIDTH="752" HEIGHT="30">
							<String ID="string_102" HPOS="85" VPOS="622" WIDTH="74" HEIGHT="27" WC="0.93" CONTENT="åtföljd"/><SP WIDTH="17" VPOS="622" HPOS="159"/>
							<String ID="string_103" HPOS="176" VPOS="622" WIDTH="22" HEIGHT="19" WC="0.96" CONTENT="af"/><SP WIDTH="14" VPOS="622" HPOS="198"/>
							<String ID="string_104" HPOS="212" VPOS="621" WIDTH="53" HEIGHT="20" WC="0.93" CONTENT="Herr"/><SP WIDTH="15" VPOS="621" HPOS="265"/>
							<String ID="string_105" HPOS="280" VPOS="620" WIDTH="266" HEIGHT="21" WC="0.92" CONTENT="Protokollssekreteraren"/><SP WIDTH="17" VPOS="620" HPOS="546"/>
							<String ID="string_106" HPOS="563" VPOS="622" WIDTH="76" HEIGHT="20" WC="0.92" CONTENT="Wasili"/><SP WIDTH="11" VPOS="622" HPOS="639"/>
							<String ID="string_107" HPOS="650" VPOS="623" WIDTH="123" HEIGHT="27" WC="0.93" CONTENT="Margunoff,"/><SP WIDTH="12" VPOS="623" HPOS="773"/>
							<String ID="string_108" HPOS="785" VPOS="627" WIDTH="52" HEIGHT="16" WC="0.96" CONTENT="samt"/>
						</TextLine>
						<TextLine ID="line_14" HPOS="86" VPOS="655" WIDTH="751" HEIGHT="29">
							<String ID="string_109" HPOS="86" VPOS="656" WIDTH="119" HEIGHT="20" WC="0.86" CONTENT="aflemnade"/><SP WIDTH="23" VPOS="656" HPOS="205"/>
							<String ID="string_110" HPOS="228" VPOS="655" WIDTH="31" HEIGHT="21" WC="0.95" CONTENT="till"/><SP WIDTH="19" VPOS="655" HPOS="259"/>
							<String ID="string_111" HPOS="278" VPOS="655" WIDTH="52" HEIGHT="20" WC="0.92" CONTENT="Herr"/><SP WIDTH="16" VPOS="655" HPOS="330"/>
							<String ID="string_112" HPOS="346" VPOS="655" WIDTH="132" HEIGHT="20" WC="0.96" CONTENT="Talmannen"/><SP WIDTH="16" VPOS="655" HPOS="478"/>
							<String ID="string_113" HPOS="494" VPOS="658" WIDTH="79" HEIGHT="17" WC="0.96" CONTENT="tvenne"/><SP WIDTH="16" VPOS="658" HPOS="573"/>
							<String ID="string_114" HPOS="589" VPOS="656" WIDTH="57" HEIGHT="20" WC="0.96" CONTENT="Hans"/><SP WIDTH="16" VPOS="656" HPOS="646"/>
							<String ID="string_115" HPOS="662" VPOS="657" WIDTH="117" HEIGHT="27" WC="0.92" CONTENT="Kejserliga"/><SP WIDTH="15" VPOS="657" HPOS="779"/>
							<String ID="string_116" HPOS="794" VPOS="658" WIDTH="43" HEIGHT="20" WC="0.92" CONTENT="Ma-"/>
						</TextLine>
						<TextLine ID="line_15" HPOS="84" VPOS="690" WIDTH="753" HEIGHT="27">
							<String ID="string_117" HPOS="84" VPOS="692" WIDTH="75" HEIGHT="25" WC="0.90" CONTENT="jestäts"/><SP WIDTH="15" VPOS="692" HPOS="159"/>
							<String ID="string_118" HPOS="174" VPOS="690" WIDTH="84" HEIGHT="27" WC="0.92" CONTENT="Nädiga"/><SP WIDTH="15" VPOS="690" HPOS="258"/>
							<String ID="string_119" HPOS="273" VPOS="690" WIDTH="161" HEIGHT="26" WC="0.92" CONTENT="propositioner,"/><SP WIDTH="16" VPOS="690" HPOS="434"/>
							<String ID="string_120" HPOS="450" VPOS="690" WIDTH="40" HEIGHT="20" WC="0.96" CONTENT="den"/><SP WIDTH="17" VPOS="690" HPOS="490"/>
							<String ID="string_121" HPOS="507" VPOS="696" WIDTH="41" HEIGHT="14" WC="0.96" CONTENT="ena"/><SP WIDTH="15" VPOS="696" HPOS="548"/>
							<String ID="string_122" HPOS="563" VPOS="696" WIDTH="34" HEIGHT="14" WC="0.93" CONTENT="om"/><SP WIDTH="16" VPOS="696" HPOS="597"/>
							<String ID="string_123" HPOS="613" VPOS="691" WIDTH="124" HEIGHT="21" WC="0.92" CONTENT="afträdande"/><SP WIDTH="11" VPOS="691" HPOS="737"/>
							<String ID="string_124" HPOS="748" VPOS="692" WIDTH="23" HEIGHT="20" WC="0.96" CONTENT="af"/><SP WIDTH="7" VPOS="692" HPOS="771"/>
							<String ID="string_125" HPOS="778" VPOS="692" WIDTH="59" HEIGHT="20" WC="0.96" CONTENT="mark"/>
						</TextLine>
						<TextLine ID="line_16" HPOS="87" VPOS="724" WIDTH="750" HEIGHT="29">
							<String ID="string_126" HPOS="87" VPOS="726" WIDTH="31" HEIGHT="19" WC="0.88" CONTENT="till"/><SP WIDTH="23" VPOS="726" HPOS="118"/>
							<String ID="string_127" HPOS="141" VPOS="724" WIDTH="131" HEIGHT="27" WC="0.88" CONTENT="anläggning"/><SP WIDTH="22" VPOS="724" HPOS="272"/>
							<String ID="string_128" HPOS="294" VPOS="724" WIDTH="23" HEIGHT="20" WC="0.93" CONTENT="af"/><SP WIDTH="20" VPOS="724" HPOS="317"/>
							<String ID="string_129" HPOS="337" VPOS="724" WIDTH="110" HEIGHT="26" WC="0.91" CONTENT="landsväg,"/><SP WIDTH="23" VPOS="724" HPOS="447"/>
							<String ID="string_130" HPOS="470" VPOS="724" WIDTH="39" HEIGHT="20" WC="0.94" CONTENT="och"/><SP WIDTH="20" VPOS="724" HPOS="509"/>
							<String ID="string_131" HPOS="529" VPOS="724" WIDTH="41" HEIGHT="20" WC="0.96" CONTENT="den"/><SP WIDTH="17" VPOS="724" HPOS="570"/>
							<String ID="string_132" HPOS="587" VPOS="725" WIDTH="65" HEIGHT="20" WC="0.96" CONTENT="andra"/><SP WIDTH="15" VPOS="725" HPOS="652"/>
							<String ID="string_133" HPOS="667" VPOS="732" WIDTH="33" HEIGHT="13" WC="0.93" CONTENT="om"/><SP WIDTH="16" VPOS="732" HPOS="700"/>
							<String ID="string_134" HPOS="716" VPOS="726" WIDTH="121" HEIGHT="27" WC="0.92" CONTENT="riktningen"/>
						</TextLine>
						<TextLine ID="line_17" HPOS="87" VPOS="758" WIDTH="611" HEIGHT="27">
							<String ID="string_135" HPOS="87" VPOS="760" WIDTH="23" HEIGHT="19" WC="0.93" CONTENT="af"/><SP WIDTH="13" VPOS="760" HPOS="110"/>
							<String ID="string_136" HPOS="123" VPOS="759" WIDTH="121" HEIGHT="20" WC="0.91" CONTENT="stambanor"/><SP WIDTH="15" VPOS="759" HPOS="244"/>
							<String ID="string_137" HPOS="259" VPOS="758" WIDTH="35" HEIGHT="20" WC="0.91" CONTENT="vid"/><SP WIDTH="13" VPOS="758" HPOS="294"/>
							<String ID="string_138" HPOS="307" VPOS="758" WIDTH="258" HEIGHT="27" WC="0.91" CONTENT="jernvägsanläggningar"/><SP WIDTH="15" VPOS="758" HPOS="565"/>
							<String ID="string_139" HPOS="580" VPOS="759" WIDTH="6" HEIGHT="19" WC="0.96" CONTENT="i"/><SP WIDTH="16" VPOS="759" HPOS="586"/>
							<String ID="string_140" HPOS="602" VPOS="759" WIDTH="96" HEIGHT="20" WC="0.96" CONTENT="Finland."/>
						</TextLine>
					</TextBlock>
					<TextBlock ID="block_6" HPOS="88" VPOS="792" WIDTH="752" HEIGHT="191">
						<TextLine ID="line_18" HPOS="156" VPOS="792" WIDTH="684" HEIGHT="22">
							<String ID="string_141" HPOS="156" VPOS="792" WIDTH="68" HEIGHT="21" WC="0.96" CONTENT="Sedan"/><SP WIDTH="24" VPOS="792" HPOS="224"/>
							<String ID="string_142" HPOS="248" VPOS="792" WIDTH="52" HEIGHT="20" WC="0.93" CONTENT="Herr"/><SP WIDTH="17" VPOS="792" HPOS="300"/>
							<String ID="string_143" HPOS="317" VPOS="792" WIDTH="103" HEIGHT="20" WC="0.90" CONTENT="Senatorn"/><SP WIDTH="24" VPOS="792" HPOS="420"/>
							<String ID="string_144" HPOS="444" VPOS="792" WIDTH="121" HEIGHT="20" WC="0.90" CONTENT="Furuhielm"/><SP WIDTH="25" VPOS="792" HPOS="565"/>
							<String ID="string_145" HPOS="590" VPOS="793" WIDTH="38" HEIGHT="20" WC="0.93" CONTENT="och"/><SP WIDTH="21" VPOS="793" HPOS="628"/>
							<String ID="string_146" HPOS="649" VPOS="793" WIDTH="191" HEIGHT="21" WC="0.92" CONTENT="Protokollssekre-"/>
						</TextLine>
						<TextLine ID="line_19" HPOS="88" VPOS="826" WIDTH="750" HEIGHT="28">
							<String ID="string_147" HPOS="88" VPOS="830" WIDTH="82" HEIGHT="18" WC="0.92" CONTENT="teraren"/><SP WIDTH="17" VPOS="830" HPOS="170"/>
							<String ID="string_148" HPOS="187" VPOS="826" WIDTH="120" HEIGHT="27" WC="0.92" CONTENT="Margunoff"/><SP WIDTH="13" VPOS="826" HPOS="307"/>
							<String ID="string_149" HPOS="320" VPOS="826" WIDTH="45" HEIGHT="20" WC="0.92" CONTENT="äter"/><SP WIDTH="15" VPOS="826" HPOS="365"/>
							<String ID="string_150" HPOS="380" VPOS="826" WIDTH="83" HEIGHT="26" WC="0.91" CONTENT="afträdt,"/><SP WIDTH="17" VPOS="826" HPOS="463"/>
							<String ID="string_151" HPOS="480" VPOS="829" WIDTH="90" HEIGHT="24" WC="0.92" CONTENT="upptogs"/><SP WIDTH="15" VPOS="829" HPOS="570"/>
							<String ID="string_152" HPOS="585" VPOS="827" WIDTH="31" HEIGHT="19" WC="0.96" CONTENT="till"/><SP WIDTH="17" VPOS="827" HPOS="616"/>
							<String ID="string_153" HPOS="633" VPOS="827" WIDTH="129" HEIGHT="27" WC="0.93" CONTENT="behandling"/><SP WIDTH="18" VPOS="827" HPOS="762"/>
							<String ID="string_154" HPOS="780" VPOS="828" WIDTH="58" HEIGHT="20" WC="0.90" CONTENT="Sam-"/>
						</TextLine>
						<TextLine ID="line_20" HPOS="89" VPOS="860" WIDTH="749" HEIGHT="28">
							<String ID="string_155" HPOS="89" VPOS="863" WIDTH="103" HEIGHT="18" WC="0.92" CONTENT="mansatta"/><SP WIDTH="16" VPOS="863" HPOS="192"/>
							<String ID="string_156" HPOS="208" VPOS="860" WIDTH="63" HEIGHT="20" WC="0.92" CONTENT="Stats-"/><SP WIDTH="17" VPOS="860" HPOS="271"/>
							<String ID="string_157" HPOS="288" VPOS="860" WIDTH="37" HEIGHT="20" WC="0.93" CONTENT="och"/><SP WIDTH="16" VPOS="860" HPOS="325"/>
							<String ID="string_158" HPOS="341" VPOS="860" WIDTH="233" HEIGHT="20" WC="0.92" CONTENT="Ekonomieutskottets"/><SP WIDTH="16" VPOS="860" HPOS="574"/>
							<String ID="string_159" HPOS="590" VPOS="861" WIDTH="31" HEIGHT="19" WC="0.96" CONTENT="till"/><SP WIDTH="16" VPOS="861" HPOS="621"/>
							<String ID="string_160" HPOS="637" VPOS="861" WIDTH="70" HEIGHT="20" WC="0.95" CONTENT="denna"/><SP WIDTH="15" VPOS="861" HPOS="707"/>
							<String ID="string_161" HPOS="722" VPOS="862" WIDTH="41" HEIGHT="26" WC="0.93" CONTENT="dag"/><SP WIDTH="15" VPOS="862" HPOS="763"/>
							<String ID="string_162" HPOS="778" VPOS="862" WIDTH="60" HEIGHT="20" WC="0.92" CONTENT="bord-"/>
						</TextLine>
						<TextLine ID="line_21" HPOS="88" VPOS="894" WIDTH="751" HEIGHT="28">
							<String ID="string_163" HPOS="88" VPOS="895" WIDTH="64" HEIGHT="27" WC="0.91" CONTENT="lagda"/><SP WIDTH="15" VPOS="895" HPOS="152"/>
							<String ID="string_164" HPOS="167" VPOS="894" WIDTH="134" HEIGHT="21" WC="0.91" CONTENT="betänkande"/><SP WIDTH="16" VPOS="894" HPOS="301"/>
							<String ID="string_165" HPOS="317" VPOS="894" WIDTH="6" HEIGHT="19" WC="0.93" CONTENT="i"/><SP WIDTH="16" VPOS="894" HPOS="323"/>
							<String ID="string_166" HPOS="339" VPOS="894" WIDTH="117" HEIGHT="26" WC="0.92" CONTENT="anledning"/><SP WIDTH="19" VPOS="894" HPOS="456"/>
							<String ID="string_167" HPOS="475" VPOS="894" WIDTH="23" HEIGHT="20" WC="0.93" CONTENT="af"/><SP WIDTH="15" VPOS="894" HPOS="498"/>
							<String ID="string_168" HPOS="513" VPOS="894" WIDTH="84" HEIGHT="27" WC="0.92" CONTENT="Nädiga"/><SP WIDTH="19" VPOS="894" HPOS="597"/>
							<String ID="string_169" HPOS="616" VPOS="895" WIDTH="165" HEIGHT="26" WC="0.93" CONTENT="propositionen,"/><SP WIDTH="22" VPOS="895" HPOS="781"/>
							<String ID="string_170" HPOS="803" VPOS="902" WIDTH="36" HEIGHT="13" WC="0.92" CONTENT="an-"/>
						</TextLine>
						<TextLine ID="line_22" HPOS="90" VPOS="928" WIDTH="750" HEIGHT="28">
							<String ID="string_171" HPOS="90" VPOS="929" WIDTH="83" HEIGHT="27" WC="0.96" CONTENT="gående"/><SP WIDTH="23" VPOS="929" HPOS="173"/>
							<String ID="string_172" HPOS="196" VPOS="929" WIDTH="63" HEIGHT="20" WC="0.96" CONTENT="väckt"/><SP WIDTH="22" VPOS="929" HPOS="259"/>
							<String ID="string_173" HPOS="281" VPOS="928" WIDTH="59" HEIGHT="27" WC="0.96" CONTENT="fråga"/><SP WIDTH="26" VPOS="928" HPOS="340"/>
							<String ID="string_174" HPOS="366" VPOS="935" WIDTH="33" HEIGHT="13" WC="0.96" CONTENT="om"/><SP WIDTH="28" VPOS="935" HPOS="399"/>
							<String ID="string_175" HPOS="427" VPOS="928" WIDTH="124" HEIGHT="27" WC="0.96" CONTENT="försäljning"/><SP WIDTH="26" VPOS="928" HPOS="551"/>
							<String ID="string_176" HPOS="577" VPOS="929" WIDTH="24" HEIGHT="19" WC="0.93" CONTENT="af"/><SP WIDTH="19" VPOS="929" HPOS="601"/>
							<String ID="string_177" HPOS="620" VPOS="929" WIDTH="190" HEIGHT="27" WC="0.92" CONTENT="statsjernvägarne"/><SP WIDTH="24" VPOS="929" HPOS="810"/>
							<String ID="string_178" HPOS="834" VPOS="931" WIDTH="6" HEIGHT="18" WC="0.97" CONTENT="i"/>
						</TextLine>
						<TextLine ID="line_23" HPOS="89" VPOS="964" WIDTH="79" HEIGHT="19">
							<String ID="string_179" HPOS="89" VPOS="964" WIDTH="79" HEIGHT="19" WC="0.96" CONTENT="landet."/>
						</TextLine>
					</TextBlock>
					<TextBlock ID="block_7" HPOS="197" VPOS="996" WIDTH="471" HEIGHT="27">
						<TextLine ID="line_24" HPOS="197" VPOS="996" WIDTH="471" HEIGHT="27">
							<String ID="string_180" HPOS="197" VPOS="997" WIDTH="9" HEIGHT="20" WC="0.93" CONTENT="I"/><SP WIDTH="15" VPOS="997" HPOS="206"/>
							<String ID="string_181" HPOS="221" VPOS="997" WIDTH="88" HEIGHT="20" WC="0.96" CONTENT="ärendet"/><SP WIDTH="15" VPOS="997" HPOS="309"/>
							<String ID="string_182" HPOS="324" VPOS="997" WIDTH="89" HEIGHT="26" WC="0.96" CONTENT="uppstod"/><SP WIDTH="17" VPOS="997" HPOS="413"/>
							<String ID="string_183" HPOS="430" VPOS="997" WIDTH="93" HEIGHT="26" WC="0.93" CONTENT="följande"/><SP WIDTH="16" VPOS="997" HPOS="523"/>
							<String ID="string_184" HPOS="539" VPOS="996" WIDTH="129" HEIGHT="21" WC="0.96" CONTENT="diskussion:"/>
						</TextLine>
					</TextBlock>
					<TextBlock ID="block_8" HPOS="91" VPOS="1031" WIDTH="751" HEIGHT="60">
						<TextLine ID="line_25" HPOS="160" VPOS="1031" WIDTH="682" HEIGHT="26">
							<String ID="string_185" HPOS="160" VPOS="1032" WIDTH="52" HEIGHT="19" WC="0.95" CONTENT="Herr"/><SP WIDTH="15" VPOS="1032" HPOS="212"/>
							<String ID="string_186" HPOS="227" VPOS="1031" WIDTH="75" HEIGHT="26" WC="0.96" CONTENT="Frey:"/><SP WIDTH="22" VPOS="1031" HPOS="302"/>
							<String ID="string_187" HPOS="324" VPOS="1031" WIDTH="42" HEIGHT="26" WC="0.96" CONTENT="Jag"/><SP WIDTH="22" VPOS="1031" HPOS="366"/>
							<String ID="string_188" HPOS="388" VPOS="1031" WIDTH="32" HEIGHT="20" WC="0.96" CONTENT="får"/><SP WIDTH="23" VPOS="1031" HPOS="420"/>
							<String ID="string_189" HPOS="443" VPOS="1031" WIDTH="26" HEIGHT="26" WC="0.96" CONTENT="på"/><SP WIDTH="23" VPOS="1031" HPOS="469"/>
							<String ID="string_190" HPOS="492" VPOS="1031" WIDTH="26" HEIGHT="20" WC="0.95" CONTENT="de"/><SP WIDTH="23" VPOS="1031" HPOS="518"/>
							<String ID="string_191" HPOS="541" VPOS="1031" WIDTH="28" HEIGHT="20" WC="0.95" CONTENT="uti"/><SP WIDTH="25" VPOS="1031" HPOS="569"/>
							<String ID="string_192" HPOS="594" VPOS="1031" WIDTH="142" HEIGHT="21" WC="0.96" CONTENT="betänkandet"/><SP WIDTH="18" VPOS="1031" HPOS="736"/>
							<String ID="string_193" HPOS="754" VPOS="1032" WIDTH="88" HEIGHT="20" WC="0.96" CONTENT="anförda"/>
						</TextLine>
						<TextLine ID="line_26" HPOS="91" VPOS="1065" WIDTH="431" HEIGHT="26">
							<String ID="string_194" HPOS="91" VPOS="1067" WIDTH="44" HEIGHT="19" WC="0.96" CONTENT="skäl"/><SP WIDTH="17" VPOS="1067" HPOS="135"/>
							<String ID="string_195" HPOS="152" VPOS="1065" WIDTH="85" HEIGHT="21" WC="0.93" CONTENT="förorda"/><SP WIDTH="15" VPOS="1065" HPOS="237"/>
							<String ID="string_196" HPOS="252" VPOS="1065" WIDTH="127" HEIGHT="20" WC="0.91" CONTENT="detsammas"/><SP WIDTH="16" VPOS="1065" HPOS="379"/>
							<String ID="string_197" HPOS="395" VPOS="1065" WIDTH="127" HEIGHT="26" WC="0.96" CONTENT="antagande."/>
						</TextLine>
					</TextBlock>
					<TextBlock ID="block_9" HPOS="91" VPOS="1099" WIDTH="756" HEIGHT="369">
						<TextLine ID="line_27" HPOS="159" VPOS="1099" WIDTH="682" HEIGHT="28">
							<String ID="string_198" HPOS="159" VPOS="1100" WIDTH="53" HEIGHT="19" WC="0.93" CONTENT="Herr"/><SP WIDTH="16" VPOS="1100" HPOS="212"/>
							<String ID="string_199" HPOS="228" VPOS="1099" WIDTH="141" HEIGHT="20" WC="0.91" CONTENT="Mechelin:"/><SP WIDTH="16" VPOS="1099" HPOS="369"/>
							<String ID="string_200" HPOS="385" VPOS="1099" WIDTH="55" HEIGHT="20" WC="0.96" CONTENT="Utan"/><SP WIDTH="17" VPOS="1099" HPOS="440"/>
							<String ID="string_201" HPOS="457" VPOS="1101" WIDTH="30" HEIGHT="17" WC="0.96" CONTENT="att"/><SP WIDTH="15" VPOS="1101" HPOS="487"/>
							<String ID="string_202" HPOS="502" VPOS="1099" WIDTH="50" HEIGHT="26" WC="0.96" CONTENT="ingå"/><SP WIDTH="15" VPOS="1099" HPOS="552"/>
							<String ID="string_203" HPOS="567" VPOS="1099" WIDTH="8" HEIGHT="20" WC="0.96" CONTENT="i"/><SP WIDTH="16" VPOS="1099" HPOS="575"/>
							<String ID="string_204" HPOS="591" VPOS="1099" WIDTH="67" HEIGHT="27" WC="0.96" CONTENT="någon"/><SP WIDTH="17" VPOS="1099" HPOS="658"/>
							<String ID="string_205" HPOS="675" VPOS="1103" WIDTH="97" HEIGHT="17" WC="0.93" CONTENT="närmare"/><SP WIDTH="15" VPOS="1103" HPOS="772"/>
							<String ID="string_206" HPOS="787" VPOS="1101" WIDTH="54" HEIGHT="26" WC="0.90" CONTENT="pröf-"/>
						</TextLine>
						<TextLine ID="line_28" HPOS="91" VPOS="1133" WIDTH="752" HEIGHT="28">
							<String ID="string_207" HPOS="91" VPOS="1135" WIDTH="51" HEIGHT="26" WC="0.96" CONTENT="ning"/><SP WIDTH="15" VPOS="1135" HPOS="142"/>
							<String ID="string_208" HPOS="157" VPOS="1135" WIDTH="23" HEIGHT="19" WC="0.96" CONTENT="af"/><SP WIDTH="13" VPOS="1135" HPOS="180"/>
							<String ID="string_209" HPOS="193" VPOS="1133" WIDTH="40" HEIGHT="20" WC="0.96" CONTENT="den"/><SP WIDTH="17" VPOS="1133" HPOS="233"/>
							<String ID="string_210" HPOS="250" VPOS="1133" WIDTH="126" HEIGHT="26" WC="0.96" CONTENT="motivering"/><SP WIDTH="22" VPOS="1133" HPOS="376"/>
							<String ID="string_211" HPOS="398" VPOS="1133" WIDTH="103" HEIGHT="20" WC="0.96" CONTENT="utskottet"/><SP WIDTH="17" VPOS="1133" HPOS="501"/>
							<String ID="string_212" HPOS="518" VPOS="1133" WIDTH="6" HEIGHT="19" WC="0.96" CONTENT="i"/><SP WIDTH="19" VPOS="1133" HPOS="524"/>
							<String ID="string_213" HPOS="543" VPOS="1133" WIDTH="139" HEIGHT="20" WC="0.96" CONTENT="förevarande"/><SP WIDTH="16" VPOS="1133" HPOS="682"/>
							<String ID="string_214" HPOS="698" VPOS="1133" WIDTH="59" HEIGHT="27" WC="0.96" CONTENT="fråga"/><SP WIDTH="18" VPOS="1133" HPOS="757"/>
							<String ID="string_215" HPOS="775" VPOS="1134" WIDTH="68" HEIGHT="19" WC="0.93" CONTENT="funnit"/>
						</TextLine>
						<TextLine ID="line_29" HPOS="92" VPOS="1167" WIDTH="751" HEIGHT="28">
							<String ID="string_216" HPOS="92" VPOS="1169" WIDTH="31" HEIGHT="26" WC="0.96" CONTENT="sig"/><SP WIDTH="16" VPOS="1169" HPOS="123"/>
							<String ID="string_217" HPOS="139" VPOS="1169" WIDTH="51" HEIGHT="20" WC="0.96" CONTENT="böra"/><SP WIDTH="16" VPOS="1169" HPOS="190"/>
							<String ID="string_218" HPOS="206" VPOS="1168" WIDTH="101" HEIGHT="26" WC="0.95" CONTENT="begagna,"/><SP WIDTH="16" VPOS="1168" HPOS="307"/>
							<String ID="string_219" HPOS="323" VPOS="1167" WIDTH="37" HEIGHT="20" WC="0.96" CONTENT="ber"/><SP WIDTH="14" VPOS="1167" HPOS="360"/>
							<String ID="string_220" HPOS="374" VPOS="1167" WIDTH="37" HEIGHT="26" WC="0.96" CONTENT="jag"/><SP WIDTH="16" VPOS="1167" HPOS="411"/>
							<String ID="string_221" HPOS="427" VPOS="1167" WIDTH="21" HEIGHT="20" WC="0.96" CONTENT="få"/><SP WIDTH="15" VPOS="1167" HPOS="448"/>
							<String ID="string_222" HPOS="463" VPOS="1167" WIDTH="107" HEIGHT="26" WC="0.96" CONTENT="tillstyrka"/><SP WIDTH="15" VPOS="1167" HPOS="570"/>
							<String ID="string_223" HPOS="585" VPOS="1167" WIDTH="57" HEIGHT="20" WC="0.96" CONTENT="bifall"/><SP WIDTH="16" VPOS="1167" HPOS="642"/>
							<String ID="string_224" HPOS="658" VPOS="1168" WIDTH="31" HEIGHT="20" WC="0.96" CONTENT="till"/><SP WIDTH="12" VPOS="1168" HPOS="689"/>
							<String ID="string_225" HPOS="701" VPOS="1168" WIDTH="142" HEIGHT="20" WC="0.96" CONTENT="betänkandet"/>
						</TextLine>
						<TextLine ID="line_30" HPOS="92" VPOS="1201" WIDTH="751" HEIGHT="27">
							<String ID="string_226" HPOS="92" VPOS="1204" WIDTH="6" HEIGHT="19" WC="0.93" CONTENT="i"/><SP WIDTH="16" VPOS="1204" HPOS="98"/>
							<String ID="string_227" HPOS="114" VPOS="1201" WIDTH="125" HEIGHT="22" WC="0.91" CONTENT="hufvudsak."/><SP WIDTH="30" VPOS="1201" HPOS="239"/>
							<String ID="string_228" HPOS="269" VPOS="1201" WIDTH="59" HEIGHT="20" WC="0.96" CONTENT="Dock"/><SP WIDTH="17" VPOS="1201" HPOS="328"/>
							<String ID="string_229" HPOS="345" VPOS="1208" WIDTH="64" HEIGHT="19" WC="0.96" CONTENT="synes"/><SP WIDTH="16" VPOS="1208" HPOS="409"/>
							<String ID="string_230" HPOS="425" VPOS="1201" WIDTH="44" HEIGHT="26" WC="0.96" CONTENT="mig"/><SP WIDTH="14" VPOS="1201" HPOS="469"/>
							<String ID="string_231" HPOS="483" VPOS="1203" WIDTH="32" HEIGHT="17" WC="0.96" CONTENT="att"/><SP WIDTH="14" VPOS="1203" HPOS="515"/>
							<String ID="string_232" HPOS="529" VPOS="1203" WIDTH="30" HEIGHT="18" WC="0.96" CONTENT="ett"/><SP WIDTH="15" VPOS="1203" HPOS="559"/>
							<String ID="string_233" HPOS="574" VPOS="1201" WIDTH="90" HEIGHT="27" WC="0.95" CONTENT="uttryck,"/><SP WIDTH="16" VPOS="1201" HPOS="664"/>
							<String ID="string_234" HPOS="680" VPOS="1208" WIDTH="45" HEIGHT="14" WC="0.96" CONTENT="som"/><SP WIDTH="16" VPOS="1208" HPOS="725"/>
							<String ID="string_235" HPOS="741" VPOS="1205" WIDTH="22" HEIGHT="17" WC="0.96" CONTENT="är"/><SP WIDTH="11" VPOS="1205" HPOS="763"/>
							<String ID="string_236" HPOS="774" VPOS="1202" WIDTH="69" HEIGHT="20" WC="0.96" CONTENT="alltför"/>
						</TextLine>
						<TextLine ID="line_31" HPOS="93" VPOS="1235" WIDTH="752" HEIGHT="28">
							<String ID="string_237" HPOS="93" VPOS="1236" WIDTH="121" HEIGHT="26" WC="0.91" CONTENT="sväfvande,"/><SP WIDTH="16" VPOS="1236" HPOS="214"/>
							<String ID="string_238" HPOS="230" VPOS="1236" WIDTH="38" HEIGHT="19" WC="0.96" CONTENT="har"/><SP WIDTH="15" VPOS="1236" HPOS="268"/>
							<String ID="string_239" HPOS="283" VPOS="1235" WIDTH="39" HEIGHT="20" WC="0.93" CONTENT="fått"/><SP WIDTH="14" VPOS="1235" HPOS="322"/>
							<String ID="string_240" HPOS="336" VPOS="1235" WIDTH="76" HEIGHT="27" WC="0.93" CONTENT="inflyta"/><SP WIDTH="14" VPOS="1235" HPOS="412"/>
							<String ID="string_241" HPOS="426" VPOS="1236" WIDTH="7" HEIGHT="19" WC="0.96" CONTENT="i"/><SP WIDTH="20" VPOS="1236" HPOS="433"/>
							<String ID="string_242" HPOS="453" VPOS="1235" WIDTH="165" HEIGHT="27" WC="0.96" CONTENT="formuleringen"/><SP WIDTH="20" VPOS="1235" HPOS="618"/>
							<String ID="string_243" HPOS="638" VPOS="1236" WIDTH="23" HEIGHT="19" WC="0.96" CONTENT="af"/><SP WIDTH="13" VPOS="1236" HPOS="661"/>
							<String ID="string_244" HPOS="674" VPOS="1236" WIDTH="36" HEIGHT="20" WC="0.96" CONTENT="det"/><SP WIDTH="14" VPOS="1236" HPOS="710"/>
							<String ID="string_245" HPOS="724" VPOS="1236" WIDTH="121" HEIGHT="27" WC="0.96" CONTENT="föreslagna"/>
						</TextLine>
						<TextLine ID="line_32" HPOS="93" VPOS="1269" WIDTH="752" HEIGHT="28">
							<String ID="string_246" HPOS="93" VPOS="1273" WIDTH="70" HEIGHT="18" WC="0.92" CONTENT="svaret"/><SP WIDTH="15" VPOS="1273" HPOS="163"/>
							<String ID="string_247" HPOS="178" VPOS="1271" WIDTH="12" HEIGHT="20" WC="0.88" CONTENT="å"/><SP WIDTH="15" VPOS="1271" HPOS="190"/>
							<String ID="string_248" HPOS="205" VPOS="1271" WIDTH="40" HEIGHT="19" WC="0.93" CONTENT="den"/><SP WIDTH="16" VPOS="1271" HPOS="245"/>
							<String ID="string_249" HPOS="261" VPOS="1270" WIDTH="83" HEIGHT="27" WC="0.92" CONTENT="Nådiga"/><SP WIDTH="22" VPOS="1270" HPOS="344"/>
							<String ID="string_250" HPOS="366" VPOS="1270" WIDTH="167" HEIGHT="26" WC="0.96" CONTENT="propositionen,"/><SP WIDTH="20" VPOS="1270" HPOS="533"/>
							<String ID="string_251" HPOS="553" VPOS="1269" WIDTH="28" HEIGHT="20" WC="0.96" CONTENT="då"/><SP WIDTH="18" VPOS="1269" HPOS="581"/>
							<String ID="string_252" HPOS="599" VPOS="1270" WIDTH="35" HEIGHT="20" WC="0.93" CONTENT="det"/><SP WIDTH="15" VPOS="1270" HPOS="634"/>
							<String ID="string_253" HPOS="649" VPOS="1270" WIDTH="45" HEIGHT="20" WC="0.91" CONTENT="deri"/><SP WIDTH="16" VPOS="1270" HPOS="694"/>
							<String ID="string_254" HPOS="710" VPOS="1270" WIDTH="68" HEIGHT="20" WC="0.93" CONTENT="heter:"/><SP WIDTH="23" VPOS="1270" HPOS="778"/>
							<String ID="string_255" HPOS="801" VPOS="1271" WIDTH="44" HEIGHT="19" WC="0.92" CONTENT="”att"/>
						</TextLine>
						<TextLine ID="line_33" HPOS="93" VPOS="1304" WIDTH="750" HEIGHT="21">
							<String ID="string_256" HPOS="93" VPOS="1305" WIDTH="117" HEIGHT="20" WC="0.92" CONTENT="Ständerne"/><SP WIDTH="16" VPOS="1305" HPOS="210"/>
							<String ID="string_257" HPOS="226" VPOS="1316" WIDTH="26" HEIGHT="3" WC="0.91" CONTENT="—"/><SP WIDTH="18" VPOS="1316" HPOS="252"/>
							<String ID="string_258" HPOS="270" VPOS="1316" WIDTH="24" HEIGHT="3" WC="0.91" CONTENT="—"/><SP WIDTH="18" VPOS="1316" HPOS="294"/>
							<String ID="string_259" HPOS="312" VPOS="1305" WIDTH="47" HEIGHT="19" WC="0.96" CONTENT="med"/><SP WIDTH="16" VPOS="1305" HPOS="359"/>
							<String ID="string_260" HPOS="375" VPOS="1304" WIDTH="101" HEIGHT="20" WC="0.93" CONTENT="afseende"/><SP WIDTH="9" VPOS="1304" HPOS="476"/>
							<String ID="string_261" HPOS="485" VPOS="1304" WIDTH="51" HEIGHT="20" WC="0.92" CONTENT="derå"/><SP WIDTH="7" VPOS="1304" HPOS="536"/>
							<String ID="string_262" HPOS="543" VPOS="1305" WIDTH="30" HEIGHT="19" WC="0.96" CONTENT="att"/><SP WIDTH="10" VPOS="1305" HPOS="573"/>
							<String ID="string_263" HPOS="583" VPOS="1311" WIDTH="46" HEIGHT="13" WC="0.93" CONTENT="man"/><SP WIDTH="18" VPOS="1311" HPOS="629"/>
							<String ID="string_264" HPOS="647" VPOS="1316" WIDTH="23" HEIGHT="3" WC="0.90" CONTENT="—"/><SP WIDTH="19" VPOS="1316" HPOS="670"/>
							<String ID="string_265" HPOS="689" VPOS="1316" WIDTH="23" HEIGHT="3" WC="0.92" CONTENT="—"/><SP WIDTH="14" VPOS="1316" HPOS="712"/>
							<String ID="string_266" HPOS="726" VPOS="1305" WIDTH="64" HEIGHT="19" WC="0.96" CONTENT="redan"/><SP WIDTH="11" VPOS="1305" HPOS="790"/>
							<String ID="string_267" HPOS="801" VPOS="1304" WIDTH="42" HEIGHT="20" WC="0.96" CONTENT="kan"/>
						</TextLine>
						<TextLine ID="line_34" HPOS="93" VPOS="1338" WIDTH="752" HEIGHT="27">
							<String ID="string_268" HPOS="93" VPOS="1341" WIDTH="78" HEIGHT="24" WC="0.95" CONTENT="antaga"/><SP WIDTH="21" VPOS="1341" HPOS="171"/>
							<String ID="string_269" HPOS="192" VPOS="1341" WIDTH="30" HEIGHT="18" WC="0.93" CONTENT="att"/><SP WIDTH="22" VPOS="1341" HPOS="222"/>
							<String ID="string_270" HPOS="244" VPOS="1338" WIDTH="132" HEIGHT="21" WC="0.82" CONTENT="Staisverket"/><SP WIDTH="15" VPOS="1338" HPOS="376"/>
							<String ID="string_271" HPOS="391" VPOS="1339" WIDTH="5" HEIGHT="18" WC="0.96" CONTENT="i"/><SP WIDTH="16" VPOS="1339" HPOS="396"/>
							<String ID="string_272" HPOS="412" VPOS="1338" WIDTH="40" HEIGHT="20" WC="0.96" CONTENT="och"/><SP WIDTH="16" VPOS="1338" HPOS="452"/>
							<String ID="string_273" HPOS="468" VPOS="1339" WIDTH="32" HEIGHT="18" WC="0.95" CONTENT="för"/><SP WIDTH="23" VPOS="1339" HPOS="500"/>
							<String ID="string_274" HPOS="523" VPOS="1338" WIDTH="61" HEIGHT="20" WC="0.93" CONTENT="deras"/><SP WIDTH="20" VPOS="1338" HPOS="584"/>
							<String ID="string_275" HPOS="604" VPOS="1338" WIDTH="116" HEIGHT="27" WC="0.92" CONTENT="(nemligen"/><SP WIDTH="18" VPOS="1338" HPOS="720"/>
							<String ID="string_276" HPOS="738" VPOS="1339" WIDTH="107" HEIGHT="25" WC="0.92" CONTENT="statsjern-"/>
						</TextLine>
						<TextLine ID="line_35" HPOS="94" VPOS="1372" WIDTH="751" HEIGHT="28">
							<String ID="string_277" HPOS="94" VPOS="1373" WIDTH="113" HEIGHT="27" WC="0.92" CONTENT="vägarnes)"/><SP WIDTH="23" VPOS="1373" HPOS="207"/>
							<String ID="string_278" HPOS="230" VPOS="1373" WIDTH="140" HEIGHT="20" WC="0.92" CONTENT="trafikerande"/><SP WIDTH="24" VPOS="1373" HPOS="370"/>
							<String ID="string_279" HPOS="394" VPOS="1373" WIDTH="39" HEIGHT="20" WC="0.92" CONTENT="och"/><SP WIDTH="24" VPOS="1373" HPOS="433"/>
							<String ID="string_280" HPOS="457" VPOS="1374" WIDTH="83" HEIGHT="18" WC="0.92" CONTENT="remont"/><SP WIDTH="22" VPOS="1374" HPOS="540"/>
							<String ID="string_281" HPOS="562" VPOS="1372" WIDTH="95" HEIGHT="20" WC="0.96" CONTENT="kommer"/><SP WIDTH="22" VPOS="1372" HPOS="657"/>
							<String ID="string_282" HPOS="679" VPOS="1374" WIDTH="31" HEIGHT="18" WC="0.93" CONTENT="att"/><SP WIDTH="18" VPOS="1374" HPOS="710"/>
							<String ID="string_283" HPOS="728" VPOS="1372" WIDTH="117" HEIGHT="20" WC="0.91" CONTENT="vidkännas"/>
						</TextLine>
						<TextLine ID="line_36" HPOS="95" VPOS="1406" WIDTH="751" HEIGHT="27">
							<String ID="string_284" HPOS="95" VPOS="1408" WIDTH="92" HEIGHT="20" WC="0.93" CONTENT="endast"/><SP WIDTH="15" VPOS="1408" HPOS="187"/>
							<String ID="string_285" HPOS="202" VPOS="1407" WIDTH="80" HEIGHT="26" WC="0.92" CONTENT="nägra"/><SP WIDTH="14" VPOS="1407" HPOS="282"/>
							<String ID="string_286" HPOS="296" VPOS="1409" WIDTH="126" HEIGHT="24" WC="0.91" CONTENT="procents"/><SP WIDTH="15" VPOS="1409" HPOS="422"/>
							<String ID="string_287" HPOS="437" VPOS="1406" WIDTH="175" HEIGHT="20" WC="0.90" CONTENT="ränteförlust"/><SP WIDTH="15" VPOS="1406" HPOS="612"/>
							<String ID="string_288" HPOS="627" VPOS="1406" WIDTH="13" HEIGHT="20" WC="0.91" CONTENT="&amp;"/><SP WIDTH="14" VPOS="1406" HPOS="640"/>
							<String ID="string_289" HPOS="654" VPOS="1406" WIDTH="192" HEIGHT="27" WC="0.91" CONTENT="anläggnings-"/>
						</TextLine>
						<TextLine ID="line_37" HPOS="93" VPOS="1440" WIDTH="754" HEIGHT="28">
							<String ID="string_290" HPOS="93" VPOS="1441" WIDTH="145" HEIGHT="27" WC="0.91" CONTENT="kapitalet,"/><SP WIDTH="24" VPOS="1441" HPOS="238"/>
							<String ID="string_291" HPOS="262" VPOS="1441" WIDTH="32" HEIGHT="19" WC="0.95" CONTENT="för"/><SP WIDTH="22" VPOS="1441" HPOS="294"/>
							<String ID="string_292" HPOS="316" VPOS="1441" WIDTH="30" HEIGHT="20" WC="0.96" CONTENT="sin"/><SP WIDTH="24" VPOS="1441" HPOS="346"/>
							<String ID="string_293" HPOS="370" VPOS="1441" WIDTH="36" HEIGHT="20" WC="0.93" CONTENT="del"/><SP WIDTH="22" VPOS="1441" HPOS="406"/>
							<String ID="string_294" HPOS="428" VPOS="1447" WIDTH="51" HEIGHT="14" WC="0.93" CONTENT="anse"/><SP WIDTH="24" VPOS="1447" HPOS="479"/>
							<String ID="string_295" HPOS="503" VPOS="1447" WIDTH="27" HEIGHT="14" WC="0.96" CONTENT="en"/><SP WIDTH="23" VPOS="1447" HPOS="530"/>
							<String ID="string_296" HPOS="553" VPOS="1440" WIDTH="124" HEIGHT="27" WC="0.96" CONTENT="försäljning"/><SP WIDTH="15" VPOS="1440" HPOS="677"/>
							<String ID="string_297" HPOS="692" VPOS="1440" WIDTH="23" HEIGHT="19" WC="0.96" CONTENT="af"/><SP WIDTH="13" VPOS="1440" HPOS="715"/>
							<String ID="string_298" HPOS="728" VPOS="1440" WIDTH="26" HEIGHT="19" WC="0.96" CONTENT="de"/><SP WIDTH="15" VPOS="1440" HPOS="754"/>
							<String ID="string_299" HPOS="769" VPOS="1440" WIDTH="78" HEIGHT="21" WC="0.96" CONTENT="Finska"/>
						</TextLine>
					</TextBlock>
				</ComposedBlock>
			</PrintSpace>
		</Page>
	</Layout>
</alto>
