1070 1786
241 139 52 32 1368
533 141 42 18 Den
586 142 23 18 23
620 141 43 23 Maj.

220 203 76 26 ningar
312 201 38 20 och
367 200 132 26 förständiga
514 199 134 20 direktionen
664 201 30 18 att
710 199 50 26 sjelf
773 198 82 21 besluta
870 199 30 20 till
911 199 25 20 de
947 199 26 26 på

220 236 132 20 direktionen
370 234 107 21 beroende
493 233 105 27 åtgärder.
628 233 41 27 Jag
684 233 38 20 har
734 233 51 20 blott
796 232 56 21 velat
864 233 109 20 framhålla

220 270 71 19 denna
314 269 42 19 min
380 268 135 26 uppfattning
531 267 23 20 af
567 269 10 22 $
593 267 34 26 73,
650 269 50 18 utan
724 269 30 17 att
769 267 50 26 vilja
834 267 97 20 insistera
946 267 27 26 pä

219 305 31 18 att
264 302 142 20 redaktionen
425 302 23 19 af
465 301 70 20 denna
550 303 9 22 $
576 303 22 17 är
614 300 40 20 den
672 300 59 20 bästa
748 306 46 14 man
807 300 40 20 kan
859 300 64 20 tänka
934 301 38 25 sig.

289 336 67 20 Herr
378 332 153 29 Öhrnberg:
561 334 41 27 Jag
621 334 65 26 ansåg
708 334 43 26 mig
767 334 51 20 böra
834 334 71 20 hemta
919 336 54 18 rätta

220 370 118 21 förständet
353 370 23 20 af
390 370 70 20 denna
476 371 10 23 $
503 368 44 20 frän
567 368 47 20 dess
630 368 88 26 lydelse,
734 368 123 26 isynnerhet
871 375 51 19 som,
938 374 33 14 om

218 405 38 26 jag
271 404 19 27 ej
308 404 110 26 misstager
435 404 50 26 mig,
501 403 72 26 frägan
591 409 32 13 om
636 402 62 20 dessa
708 402 186 27 öfverläggningar
905 403 18 25 ej
936 402 37 20 be-

221 441 59 17 röres
296 440 6 18 i
318 438 69 26 nägon
404 438 23 23 af
440 438 26 19 de
479 437 92 26 följande
581 436 161 27 paragraferna;
760 443 46 13 men
817 437 46 19 med
878 437 39 20 den
929 437 44 19 vid-

222 472 126 21 sträcktaste
371 470 244 28 interpretationsmetod
638 470 67 20 skulle
725 470 37 27 jag
785 471 32 19 för
839 471 42 19 min
902 470 32 21 del
955 471 18 25 ej

222 506 46 20 frän
285 506 57 20 detta
358 505 117 27 stadgande
492 505 71 20 kunna
579 505 71 20 hemta
664 505 40 19 den
717 504 92 27 mening,
820 507 31 17 att
861 505 35 20 det
906 504 67 20 skulle

222 540 114 20 ankomma
359 540 27 26 pä
409 539 132 20 direktionen
563 542 30 17 att
614 539 116 20 bestämma
749 539 6 19 i
776 538 81 20 hvilket
876 539 35 19 fall
927 539 46 19 dess

224 574 126 21 ordförande
367 574 68 21 skulle
452 573 114 20 framställa
582 580 25 13 en
624 573 92 27 begäran
728 579 33 14 om
773 580 121 19 gemensam
906 573 66 20 öfver-

224 608 102 27 läggning
346 608 47 20 med
410 608 139 26 fullmäktige,
566 607 89 20 likasom
670 608 37 25 jag
722 607 89 25 ejheller
826 607 40 19 kan
883 607 90 20 derifrän

225 642 72 20 hemta
315 641 46 20 stöd
378 642 31 19 för
425 642 41 19 den
484 641 61 27 äsigt,
561 643 30 18 att
606 641 144 26 fullmäktiges
766 641 125 20 ordförande
907 641 67 20 skulle

225 676 73 19 kunna
324 675 72 26 afböja
423 682 25 13 en
477 675 64 20 sädan
569 675 82 27 ätgärd.
680 671 69 24 Äfven
771 676 60 19 torde
853 675 36 19 det
912 675 63 20 blifva

225 709 97 20 förenadt
344 709 48 20 med
416 709 130 26 svårigheter
555 704 8 35 .
569 711 30 17 att
620 708 58 20 finna
696 708 46 20 skäl
762 709 31 19 för
814 709 39 19 den
870 709 60 26 äsigt,
946 711 29 17 att

226 743 132 27 fullmäktige
382 742 69 21 skulle
474 743 64 19 sedan
562 742 72 20 kunna
652 742 135 20 tillbakavisa
803 745 30 17 ett
847 743 77 20 ärende
940 743 34 19 vid

226 778 36 19 det
281 777 161 26 sammanträde,
463 783 44 13 som
523 783 50 19 eger
589 783 43 13 rum
649 777 28 25 pä
692 776 92 26 begäran
800 777 23 19 af
837 777 138 20 direktionen.

226 811 141 26 Fullmäktige
384 811 72 19 kunna
473 811 131 25 naturligtvis
620 811 18 25 ej
654 810 6 20 i
672 810 144 20 direktionens
827 814 88 17 närvaro
926 811 51 20 fatta

228 844 75 21 beslut.
332 845 41 20 Det
393 844 66 20 måste
475 844 37 20 ske
528 844 64 20 sedan
609 844 133 20 direktionen
758 844 103 27 aflägsnat
875 846 40 26 sig;
938 846 38 19 och

228 885 34 13 om
285 878 132 27 fullmäktige
440 878 65 20 ocksä
524 878 68 20 skulle
612 879 52 19 fatta
678 879 32 19 sin
726 879 99 26 ställning
840 880 7 18 i
862 879 115 20 allmänhet

228 913 30 25 sä,
274 914 31 18 att
320 912 26 20 de
362 912 71 20 kunde
456 912 134 20 tillbakavisa
609 919 26 13 en
651 912 65 20 sädan
732 912 132 27 inbjudning,
879 913 23 20 sä
917 919 58 20 gvar-

229 946 45 20 stär
294 946 54 20 dock
372 946 141 27 olägenheten
529 946 24 20 af
566 946 41 20 den
622 946 93 27 omgäng
730 946 38 20 och
785 946 131 27 tidsutdrägt,
932 953 43 14 som

228 980 62 21 deraf
311 980 122 20 föranledts.
467 980 74 20 Härtill
565 980 95 20 kommer
681 983 63 23 ännu,
766 982 31 18 att
817 980 160 27 ifrågavarande

231 1014 133 26 bestämning
379 1014 7 19 i
402 1014 109 20 händerna
529 1013 27 27 pä
572 1020 25 14 en
614 1013 90 27 ängslig.
714 1013 125 21 ordförande
855 1014 40 20 kan
913 1015 64 20 blifva

230 1055 27 14 en
280 1048 155 27 förevändning
454 1050 31 18 att
504 1049 6 18 i
527 1048 133 26 brydsamma
677 1048 42 25 fall,
735 1048 51 19 huru
804 1048 132 21 brådskande
952 1049 25 20 de

229 1086 27 17 än
280 1083 34 20 mä
336 1089 57 19 vara,
416 1082 53 20 söka
488 1082 86 26 ledning
594 1082 32 19 för
644 1088 52 13 rena
716 1081 209 28 förvaltningsfr&gor
940 1083 37 20 hos

229 1116 139 27 fullmäktige.
398 1116 41 20 Det
454 1122 63 20 synes
532 1116 50 26 mig,
598 1115 31 20 för
644 1115 65 26 öfrigt
723 1117 30 18 att
768 1122 47 14 man
831 1116 6 19 i
851 1116 125 27 tillämpnin-

230 1157 42 20 gen
296 1151 94 19 kommer
412 1150 31 19 till
469 1150 62 19 äfven
554 1156 27 13 en
599 1156 69 13 annan
686 1149 114 27 svärighet.
830 1150 147 21 Direktionens

231 1184 128 26 förvaltning
379 1183 54 20 skall
450 1183 138 20 underställas
603 1183 130 27 granskning
748 1184 22 19 af
783 1184 127 21 Ständernes
925 1186 52 19 revi-

232 1224 65 14 sorer.
326 1217 68 20 Finna
409 1217 61 20 dessa
486 1224 25 13 en
528 1217 215 27 förvaltringsätgärd
758 1218 158 27 anmärknings-
928 1220 51 19 eller

232 1251 142 21 klandervärd
402 1251 39 20 och
466 1251 143 21 direktionen:
623 1252 37 19 har
684 1251 69 26 någon
776 1252 154 27 förevändning
950 1255 31 18 att

232 1286 71 26 skylla
317 1285 35 20 sitt
367 1285 126 27 tiligörande
509 1285 52 20 eller
571 1286 31 19 sin
615 1285 156 20 uraktlätenhet
780 1286 28 26 pä
818 1289 30 17 ett
857 1287 124 26 tillgörande

232 1320 53 20 eller
301 1327 24 12 en
342 1319 157 20 uraktlätenhet
514 1319 37 20 hos
563 1319 140 28 fullmäktige,
714 1319 22 22 sä
751 1320 84 20 komma
845 1321 138 27 fullmäktige,

234 1354 73 19 hvilka
322 1353 67 26 enligt
405 1353 117 20 Utskottets
538 1353 78 27 förslag
628 1353 68 20 skulle
712 1356 82 17 ensamt
808 1355 74 26 afgöra
896 1355 41 20 alla
952 1355 30 20 sä-

234 1387 55 20 dana
305 1386 202 27 anmärkningsmäl,
521 1390 30 17 att
567 1388 72 19 dervid
656 1388 27 26 pä
693 1389 42 18 sätt
749 1388 40 19 och
800 1388 31 19 vis
842 1388 61 20 döma
913 1389 5 19 i
930 1396 53 19 egen

233 1420 45 26 sak,
295 1421 38 19 och
349 1420 54 20 efter
423 1421 46 20 mitt
484 1421 138 21 förmenande
639 1422 65 20 borde
719 1422 137 26 möjligheten
873 1423 23 19 af
909 1425 30 17 ett
954 1423 31 19 sä-
