1070 1786
239 146 33 17 816
522 145 41 17 Den
576 145 21 17 25
610 145 61 22 April.

218 203 165 26 lagskipningen
399 203 6 19 i
421 202 71 20 landet
514 205 38 24 gör
575 204 29 18 att
628 209 45 13 man
699 203 37 20 har
759 203 56 20 svårt
834 206 29 18 att
882 205 6 18 i
904 205 68 19 denna

218 237 59 26 fråga
300 237 75 26 afgöra
398 237 54 19 hvad
473 236 146 20 erfarenheten
643 243 38 20 ger
704 237 33 20 vid
755 237 84 20 handen
856 239 46 19 med
918 238 52 20 afse-

219 272 53 19 ende
288 271 12 20 å
315 271 127 25 tolkningen
458 270 23 19 af
496 271 52 18 1779
565 270 32 20 års
614 271 130 26 förordning.
768 272 74 20 Likväl
862 279 60 13 anser
935 273 36 26 jag

219 306 41 26 mig
276 306 18 24 ej
311 311 41 20 ega
370 304 64 26 något
456 304 45 19 skäl
524 306 30 17 att
577 304 86 20 betvifla
679 304 55 20 hvad
750 306 6 18 i
773 305 110 20 utskottets
900 306 71 20 belän-

219 340 69 20 kande
304 339 80 19 anförts
401 338 70 20 derom
488 340 29 17 att
533 344 79 14 samma
628 338 124 27 förordning
772 339 69 20 blifvit
859 340 71 19 tolkad
946 340 27 26 på

219 374 57 20 olika
291 376 39 17 sätt
346 374 59 18 inom
422 372 40 20 den
479 372 68 20 finska
561 372 172 26 lagskipuingen,
750 373 87 20 sålunda
853 376 29 17 att
901 380 25 13 en
939 374 32 20 del

219 408 117 26 lagskipare
354 408 70 18 ansett
440 406 149 26 förordningen
605 406 75 26 stadga
696 407 141 26 preskription
854 407 47 20 icke
921 407 51 21 blott

220 442 30 19 för
266 442 35 19 det
316 440 115 20 kriminela
447 440 63 20 åtalet
526 442 48 18 utan
590 440 62 20 äfven
668 441 32 19 för
716 441 128 20 utsökandet
859 442 22 19 af
899 442 35 18 det
944 442 29 19 ci-

220 476 124 26 vilrättsliga
361 475 170 25 skadeståendet,
548 475 74 19 medan
639 475 66 19 andra
720 475 45 20 åter
780 478 69 17 ansett
867 476 104 26 preskrip-

220 511 70 19 tionen
306 510 18 26 ej
341 509 57 27 gälla
414 509 40 19 den
471 515 74 13 senare
562 509 79 26 frågan.
672 509 74 19 Redan
762 510 23 19 af
799 510 57 19 detta
871 510 45 19 skäl
931 510 40 19 kan

218 546 37 25 jag
270 544 47 20 icke
333 544 114 19 instämma
462 544 6 19 i
484 543 40 19 den
541 543 60 27 åsigt,
618 550 42 13 som
679 544 157 20 reservationen
848 544 30 19 till
893 543 78 20 utskot-

220 581 40 17 tets
284 577 135 21 betänkande
443 577 118 20 innehåller
583 578 39 19 och
643 585 26 12 nu
686 578 23 19 af
723 578 76 20 Herrar
815 579 102 25 Boström,
934 578 37 19 Ca-

217 612 75 26 jander
315 612 40 19 och
380 608 111 29 Öhrnberg
517 612 71 19 vidare
611 612 121 19 försvarats.
766 612 93 20 Oaktadt
872 613 37 25 jag
925 612 46 20 med

220 647 46 19 dem
282 646 58 20 delar
357 645 100 26 farhägan
473 646 30 18 att
519 645 40 20 den
576 652 26 12 nu
619 646 120 26 föreslagna
758 646 60 26 lagen
838 646 51 20 eller
905 646 67 27 tilläg-

220 683 35 24 get
278 680 29 20 till
332 680 54 20 1779
410 679 33 19 ärs
466 679 122 27 förordning
608 679 42 20 kan
670 680 112 20 framkalla
801 680 117 20 rättsvädor
934 682 39 19 och

220 715 62 19 lända
298 714 30 20 till
345 713 63 20 mehn
424 714 32 19 för
471 714 119 26 oskyldige,
611 713 41 20 kan
670 714 38 26 jag
723 714 19 26 ej
758 714 43 20 lika
818 714 46 20 med
883 715 47 19 dem
946 716 27 25 pä

220 749 64 19 sådan
300 748 68 27 grund
389 747 104 26 uppträda
512 749 43 17 mot
575 747 143 20 betänkandet
737 748 51 19 eller
807 749 164 25 propositionen,

221 783 84 19 hvilken
322 782 23 20 af
362 782 52 19 1867
430 781 33 20 ärs
479 781 89 19 Ständer
584 781 90 26 begärts.
705 782 41 19 Det
767 782 58 20 torde
845 783 105 26 nemligen
967 784 5 18 i

220 816 74 26 sjelfva
310 816 75 20 verket
409 815 70 19 kunna
502 814 132 20 förekomma
659 815 75 19 talrika
751 816 42 26 fall,
813 816 26 19 dä
855 823 25 13 en
897 824 74 18 person

221 857 77 20 genom
313 852 30 18 ett
359 850 107 26 begänget
483 849 54 19 brott
553 849 125 26 tillskyndas
695 856 25 12 en
738 850 104 26 väsentlig
860 850 66 20 skada
942 852 31 18 till

220 885 31 18 sin
268 884 112 26 egendom,
397 886 48 16 utan
462 885 29 17 att
507 883 40 19 han
564 883 44 19 före
625 883 106 26 utgången
748 884 22 18 af
784 884 26 19 de
826 884 100 26 stadgade
938 884 35 19 två

221 919 50 19 åren
294 918 54 19 varit
371 917 7 19 i
402 917 80 19 tillfälle
506 919 30 17 att
561 917 52 19 söka
636 911 191 32 skadeersättuing.
858 918 52 19 Herr
933 925 39 12 von

221 953 132 25 Zweygberg
374 951 38 19 har
435 957 49 20 nyss
499 951 70 19 anfört
584 953 30 17 ett
630 951 97 26 exempel
744 951 45 19 frän
805 951 40 20 den
865 952 48 25 sfer,
929 958 44 13 som

221 987 67 26 ligger
304 987 76 18 honom
398 987 98 24 närmast,
513 985 107 26 nemligen
636 985 170 26 skogsäverkans
823 985 47 20 mål.
901 986 72 20 Såsom

218 1022 37 25 jag
270 1020 118 20 föreställer
411 1019 49 26 mig,
483 1019 41 20 kan
546 1019 35 20 det
597 1019 43 20 ofta
656 1025 41 20 nog
713 1019 84 20 inträffa
814 1020 47 19 med
881 1020 39 20 den
937 1021 37 19 tal-

220 1055 46 20 rika
283 1055 54 20 klass
354 1054 23 19 af
390 1053 126 26 sjöfarande,
533 1059 43 14 som
593 1053 106 26 atlägsnar
714 1053 32 26 sig
761 1053 46 20 från
824 1054 71 20 landet
913 1055 27 26 pä
956 1056 18 22 2,

220 1090 19 25 3,
255 1089 97 20 stundom
369 1088 51 19 flere
436 1087 22 20 är
479 1087 47 20 med
543 1094 44 19 ens,
606 1089 30 18 att
651 1089 30 18 ett
700 1090 56 17 emot
771 1087 66 20 sådan
856 1089 119 25 sjöfarande

222 1123 110 26 begänget,
355 1121 142 27 preskription
522 1121 152 20 underkastadt
698 1121 54 20 brott
780 1123 19 25 ej
823 1122 80 20 kunnat
930 1124 44 19 före

222 1157 162 26 mälsegandens
400 1157 67 19 afresa
484 1156 86 25 beifras;
592 1156 39 19 och
647 1162 33 13 om
697 1156 27 19 dä
740 1156 57 19 detta
813 1156 56 20 brott
887 1157 89 20 drabbat

222 1192 74 19 honom
313 1191 5 19 i
335 1191 53 19 hans
404 1190 111 26 egendom,
540 1190 27 26 pä
589 1192 30 18 ett
641 1192 47 23 sätt,
712 1196 44 13 som
778 1190 62 19 äfven
857 1190 67 20 skulle
941 1191 33 20 be-

221 1226 76 25 rättiga
318 1225 79 20 honom
420 1224 32 19 till
474 1224 135 26 skadestånd,
632 1224 22 19 sä
669 1223 69 20 skulle
754 1224 57 19 detta
831 1224 144 27 berättigande

222 1260 66 26 enligt
302 1260 171 19 reservanternes
489 1258 56 27 äsigt
560 1265 33 13 om
613 1259 51 19 1779
682 1258 32 19 års
730 1258 124 27 förordning
873 1259 35 20 vid
924 1260 51 19 hans

222 1293 114 21 återkomst
353 1299 49 13 vara
418 1293 164 26 preskriberadt.
612 1293 40 26 Jag
671 1292 93 20 ansluter
785 1293 44 26 mig
847 1293 81 20 således
945 1294 30 19 till

222 1329 54 24 dem,
300 1334 44 13 som
367 1333 51 13 anse
439 1327 40 19 den
504 1327 121 26 föreslagna
640 1327 151 26 författningen
809 1326 103 27 behötlig;
929 1335 46 13 men

219 1363 37 26 jag
272 1363 40 18 kan
328 1362 19 25 ej
365 1361 47 19 med
428 1361 53 20 Herr
496 1361 71 26 Sjöros
583 1361 48 19 dela
647 1361 40 19 den
707 1361 134 26 uppfattning
857 1361 22 20 af
895 1361 80 21 förord-

224 1397 77 25 ningen
317 1395 110 26 angående
444 1395 54 20 falsk
514 1395 118 26 angifvelse
651 1395 52 20 eller
726 1401 69 13 annan
819 1395 158 27 ärekränkning

222 1431 26 19 af
263 1430 60 26 1866,
348 1431 30 18 att
401 1429 40 20 den
464 1429 68 20 skulle
553 1429 88 27 erbjuda
660 1431 30 18 ett
709 1429 46 20 fullt
771 1429 123 28 tillräckligt
909 1430 68 26 skydd
