1070 1786
401 147 40 16 Den
453 146 22 17 22
488 146 61 23 April.
793 146 34 18 765

98 205 62 26 dring
175 205 6 18 i
197 205 12 19 2
225 207 10 22 $
250 205 24 19 af
287 204 38 19 den
342 203 84 26 Nådiga
444 203 160 26 propositionen
625 204 113 19 motiveras
753 205 94 24 sålunda,

98 241 30 18 att
144 239 35 19 det
201 245 50 13 vore
275 238 88 26 obilligt,
386 240 30 17 att
437 238 112 25 borgenär,
568 244 44 13 som
633 238 94 19 frikallat
741 239 70 26 någon
827 241 24 18 af

97 273 154 20 löftesmännen
268 272 44 20 från
328 272 47 19 dess
391 272 86 26 borgen,
497 271 70 20 skulle
587 272 95 20 beröfvas
702 273 108 20 förmånen
828 275 23 19 af

97 307 40 20 den
154 306 126 20 solidariska
294 306 142 26 ansvarighet,
453 306 25 19 de
497 306 67 19 andra
584 306 153 20 löftesmännen
757 308 31 18 för
803 308 44 26 gäl-

97 342 52 18 dens
172 340 109 27 betalning
296 340 31 26 sig
342 340 74 25 iklädt,
436 340 64 19 ehuru
517 340 49 24 han,
581 340 139 27 borgenären,
738 341 48 20 icke
803 342 46 20 lätit

97 375 69 26 någon
183 374 143 20 försummelse
343 377 43 17 mot
401 374 26 20 de
442 374 131 20 sistnämnde
596 374 84 20 komma
700 375 32 26 sig
751 375 29 19 till
797 376 50 25 last;

97 410 39 20 och
160 410 37 19 har
220 408 144 27 Lagutskottet
383 408 26 26 pä
425 408 60 20 dessa
501 408 47 20 skäl
564 408 114 27 föreslagit,
694 410 30 18 att
744 409 103 27 borgenär

97 445 6 19 i
121 443 139 21 omförmälda
275 443 35 19 fall
325 443 67 19 skulle
402 449 39 20 ega
449 444 39 18 rätt
499 445 30 17 att
537 443 32 19 för
578 443 39 19 den
628 443 33 19 del
674 443 23 19 af
706 443 84 27 gälden,
802 451 43 14 som

96 479 67 25 enligt
176 477 129 20 hufvudtalet
313 477 85 26 belöpte
411 477 32 26 sig
452 476 26 26 pä
486 477 27 19 de
522 477 46 19 från
586 477 77 26 borgen
679 478 47 19 icke
735 478 111 22 frikallade

96 512 124 20 solidariske
232 512 161 24 löftesmännen,
402 510 52 20 söka
463 511 39 19 den
517 511 24 19 af
552 511 46 20 dem
608 512 40 19 han
662 512 56 20 ville.
734 512 43 27 Mig
793 514 52 20 före-

97 546 61 21 faller
173 547 29 19 ett
211 545 75 20 sädant
296 545 115 27 stadgande
424 545 97 19 orättvist
529 546 40 18 och
578 546 60 26 högst
647 546 87 27 vädligt;
744 548 102 25 orättvist,

97 581 89 19 emedan
202 580 47 19 icke
266 579 95 20 frikallad
379 579 109 19 löftesman
504 579 121 27 derigenom
636 580 70 20 kunde
718 581 84 20 komma
811 585 35 23 att,

97 615 31 20 till
140 614 80 20 förmån
236 614 33 20 för
280 614 39 19 den
330 613 112 20 frikallade
454 613 176 26 borgesmannen,
641 614 89 21 drabbas
742 616 22 19 af
773 622 25 13 en
811 616 36 20 be-

97 650 78 26 tydligt
190 651 66 17 större
271 648 79 25 förlust,
366 650 26 16 än
409 654 43 13 som
469 648 58 19 skett
542 648 44 19 ifall
603 648 41 20 alla
659 649 110 20 löftesmän
786 656 59 20 gvar-

98 684 55 19 stätt.
184 684 41 19 Det
240 682 69 20 kunde
325 682 105 26 nemligen
448 682 84 19 inträffa
548 682 39 20 och
603 682 53 20 lärer
672 683 34 19 väl
721 684 62 19 äfven
796 691 50 19 gan-

99 718 38 20 ska
152 718 44 20 ofta
210 717 45 24 ske,
271 719 30 17 att
316 718 12 19 t.
346 723 32 13 ex.
394 716 24 20 af
431 718 30 18 tre
477 716 112 20 löftesmän
605 716 35 20 tvä
655 720 35 16 äro
701 717 146 27 vederhäftige

99 752 39 20 och
162 752 39 19 den
224 751 68 26 tredje
314 752 48 18 utan
384 750 119 26 tillgångar.
535 750 38 20 Om
590 750 130 28 borgenären
738 752 26 19 dä
779 752 68 21 skulle

99 786 83 20 frikalla
198 792 24 13 en
240 786 23 19 af
276 785 25 20 de
317 784 145 26 vederhäftige
479 784 168 27 borgesmännen
667 786 65 19 ifrån:
742 786 47 20 dess
807 788 40 19 för-

101 820 100 25 bindelse,
218 826 48 12 vore
282 819 39 19 den
337 818 65 20 andre
418 818 145 26 vederhäftige
580 819 167 27 borgesmannen
763 821 86 27 skyldig

99 857 31 17 att
152 859 89 15 ansvara
263 853 32 19 för
317 852 35 20 tvä
374 852 128 26 tredjedelar
521 852 24 20 af
561 853 95 26 skulden,
672 856 48 17 utan
741 855 63 26 utsigt
819 858 30 17 att

101 888 79 20 erhälla
196 888 69 25 nägon
281 886 116 26 ersättning
412 886 32 19 för
459 886 55 19 hvad
532 886 38 19 han
588 887 80 20 utöfver
684 888 30 19 sin
735 889 62 19 andel
814 889 34 20 be-

101 923 44 24 talt,
168 922 22 19 af
211 922 40 19 den
275 921 66 25 tredje
363 920 162 19 löftesmannen.
556 921 87 20 Komme
666 921 36 20 det
720 922 76 26 dertill,
820 925 30 19 att

102 957 128 26 gäldenären
247 955 92 20 saknade
356 953 119 26 tillgångar,
492 954 67 20 skulle
580 955 69 20 denna
670 955 109 20 löftesman
796 957 53 20 säle-

102 991 37 20 des
154 990 21 19 få
190 996 72 13 ensam
278 989 85 26 erlägga
378 988 61 19 dessa
458 988 164 26 tvätredjedelar
640 989 24 20 af
676 989 84 26 gälden,
778 991 6 18 i
801 991 48 19 stäl-

101 1025 29 20 let
145 1025 32 20 för
192 1026 30 17 att
237 1024 40 19 han
293 1023 54 20 hade
363 1023 121 26 undsluppit
500 1023 47 19 med
565 1023 84 26 hälften,
665 1023 42 20 ifall
724 1023 40 20 den
785 1024 66 20 andra

101 1058 145 26 vederhäftige
269 1057 167 26 borgesmannen
459 1057 49 20 icke
532 1057 69 20 blifvit
620 1057 23 20 af
656 1057 131 27 borgenären
804 1058 46 20 från

101 1094 48 19 dess
165 1092 128 20 förbindelse
309 1091 103 20 frikallad.
443 1091 88 27 Vädligt
547 1098 62 20 synes
626 1092 42 26 mig
678 1092 45 19 åter
734 1095 28 16 ett
777 1092 74 20 sådant

102 1127 117 27 stadgande
236 1132 48 13 vara
299 1126 22 19 af
335 1127 35 18 det
384 1125 53 26 skäl,
454 1127 29 18 att
503 1126 116 19 detsamma
638 1126 66 19 skulle
723 1126 61 19 ställa
805 1127 46 19 bor-

103 1164 129 25 gesmännen
248 1161 7 18 i
270 1160 69 19 alltför
362 1162 52 17 stort
434 1159 107 20 beroende
557 1160 22 19 af
593 1159 130 27 borgenären
743 1160 39 19 och
798 1162 54 18 sätta

103 1197 40 19 den
160 1194 130 21 sistnämnde
305 1194 6 19 i
328 1193 81 20 tillfälle
424 1195 31 18 att
470 1193 27 26 på
512 1193 65 27 laglig
593 1194 66 26 grund
672 1194 54 26 begå
740 1194 112 20 allehanda

104 1230 120 27 vinglerier.
255 1228 107 27 Borgenär
378 1228 70 20 kunde
465 1228 100 26 antingen
581 1228 24 19 af
618 1228 93 26 vänskap
728 1228 31 19 till
775 1235 26 13 en
813 1228 38 20 löf-

103 1267 81 17 tesman
207 1263 51 20 eller
281 1262 109 26 fiendskap
412 1262 32 19 till
468 1269 25 13 en
510 1269 70 12 annan
595 1262 52 20 eller
662 1262 65 20 också
743 1263 26 25 på
785 1263 67 26 grund

103 1299 23 19 af
139 1297 87 26 hemligt
241 1297 51 19 aftal
307 1296 83 19 frikalla
404 1303 25 13 en
448 1296 23 19 af
483 1296 161 25 löftesmännen,
661 1296 65 20 ehuru
742 1297 26 19 de
787 1297 66 20 andra

104 1332 100 26 möjligen
223 1331 68 25 ingått
313 1330 143 20 förbindelsen
477 1330 75 20 endast
570 1331 7 18 i
593 1330 39 20 den
648 1330 149 26 förutsättning
813 1331 40 19 och

103 1365 149 26 öfvertygelse,
275 1367 30 17 att
323 1365 41 19 alla
385 1365 124 26 borgesmän
526 1364 68 20 skulle
609 1364 84 26 gvarstä
709 1364 44 19 lika
767 1364 64 26 länge
845 1365 7 19 i

103 1399 141 26 ansvarighet,
260 1399 39 19 och
315 1398 87 20 sälunda
418 1398 87 20 äsamka
528 1398 68 27 nägon
616 1398 22 19 af
656 1398 25 19 de
698 1398 65 20 andra
782 1398 70 21 löftes-

103 1437 90 17 männen
206 1433 40 19 den
258 1433 79 25 förlust,
348 1439 44 13 som
404 1433 62 19 ofvan
478 1433 91 25 antydts.
586 1432 31 20 Dä
628 1432 68 20 dertill
709 1431 101 26 kommer,
824 1436 31 17 att
