1070 1786
394 149 41 16 Den
448 149 21 16 16
482 148 60 23 April.
789 148 33 17 687

95 210 45 19 inre
156 208 151 25 vattendragen
323 207 39 20 och
378 206 89 20 sålunda
482 208 93 24 upptaga
585 206 45 19 från
641 205 55 20 båda
707 206 85 28 sidorna
803 207 40 19 den

97 242 68 26 trafik,
188 249 45 13 som
253 241 70 20 landet
342 241 42 19 kan
400 240 78 20 tillföra
494 240 55 19 dem.
579 239 29 20 På
624 240 70 19 denna
712 240 67 25 grund
795 241 50 19 ville

95 278 36 25 jag
147 276 83 20 förorda
245 278 30 17 att
290 275 68 20 såvidt
374 275 82 25 möjligt
471 277 23 17 är
514 275 123 19 stambanan
657 274 65 26 uppåt
737 266 107 37 Österbot-

96 313 34 17 ten
148 310 80 26 bygges
248 310 53 18 samt
318 310 30 18 att
363 308 6 19 i
385 308 86 20 främsta
489 310 90 17 rummet
597 308 71 19 ställes
686 308 159 19 Tavastehus—

97 344 139 20 Tammerfors
255 343 66 20 banan
337 342 39 20 och
392 342 65 20 sedan
473 342 41 20 den
530 338 176 30 Österbottniska,
721 342 69 19 såsom
801 342 43 19 lan-

97 380 45 19 dets
157 381 56 17 stora
227 383 157 21 gemensamma
397 376 190 26 jernvägsföretag.
617 376 43 20 När
678 376 35 20 det
731 376 66 26 gäller
816 378 30 18 att

97 412 135 26 understödja
248 412 54 19 vissa
317 411 123 25 landsorter,
456 410 23 20 sä
494 417 62 13 anser
569 411 36 25 jag
621 412 30 18 att
665 410 7 20 i
688 410 36 20 det
737 410 109 20 afseendet

94 437 70 38 ÄAbo—
176 446 76 20 Wiiala
274 446 68 19 banan
362 445 37 19 har
416 445 115 19 företrädet
549 445 85 19 framför
652 444 42 20 alla
716 444 73 26 öfriga,
805 444 40 20 och

97 482 82 18 förenar
195 480 43 26 mig
253 479 31 19 för
300 479 63 26 öfrigt
378 479 47 19 med
442 479 55 26 dem,
515 485 44 14 som
579 478 66 20 önska
660 478 108 20 remittera
785 481 60 17 ären-

99 515 35 19 det
149 514 30 20 till
199 513 163 25 Statsutskottet,
380 513 32 19 för
430 514 29 18 att
479 513 80 19 erhålla
577 513 128 26 upplysning
720 518 34 14 om
774 512 71 20 hvilka

100 548 66 21 medel
190 548 67 19 under
280 548 25 19 de
328 548 104 19 närmaste
455 547 41 20 fem
521 547 49 20 ären
591 547 31 20 stä
641 549 30 18 att
686 547 123 26 disponeras
825 547 22 20 af

97 583 116 20 Ständerne
228 582 32 19 för
272 581 199 26 jernvägsarbetens
487 581 116 20 utförande.

165 616 53 20 Herr
232 616 122 20 Jansson:
374 615 32 19 Dä
424 615 137 27 möjligheten
580 618 29 17 att
624 616 69 20 utföra
710 616 26 20 de
752 616 93 20 förorda-

99 652 25 19 de
145 652 141 25 jernvägarne
306 650 73 19 främst
399 649 65 20 mäste
483 650 50 20 bero
553 650 28 26 pä
597 656 34 14 om
646 650 115 26 tillgängar
776 650 69 19 dertill

99 686 73 25 finnas,
195 691 48 13 men
264 684 112 26 utredning
390 684 72 19 härom
479 686 56 18 ännu
551 685 18 25 ej
589 687 22 17 är
626 684 167 26 ästadkommen,
810 684 36 20 ber

97 721 36 25 jag
149 720 52 19 blott
220 720 30 18 att
268 718 27 26 få,
315 720 47 18 utan
383 720 30 17 att
430 720 56 24 yttra
501 719 44 26 mig
560 725 33 13 om
610 719 26 19 de
652 718 103 20 särskilda
773 718 72 20 försla-

99 761 41 20 gen
156 754 51 19 eller
222 753 62 19 deras
304 752 99 20 inbördes
419 752 126 26 företräden,
561 753 73 19 förena
649 753 43 26 mig
706 753 7 19 i
729 752 27 20 de
775 752 72 20 herrar

98 788 126 20 ledamöters
240 786 24 20 af
276 786 87 20 Ständet
384 786 121 26 yttranden,
524 794 44 13 som
585 787 62 20 hafva
662 786 89 20 anhällit
765 793 34 13 om
814 793 32 13 re-

101 822 49 20 miss
165 822 31 19 till
212 820 163 25 Statsutskottet,
392 821 31 19 för
438 823 29 17 att
483 821 44 19 infä
547 822 40 19 den
607 822 78 26 nödiga
700 821 147 26 utredningen,

101 856 39 20 och
155 855 127 21 förbehåller
298 855 42 26 mig
356 857 30 17 att
400 854 113 20 framdeles
528 856 27 19 dä
574 856 88 20 ärendet
678 855 44 20 åter
742 855 104 20 förekom-

101 898 43 12 mer
159 891 20 19 få
194 890 66 19 uttala
275 890 42 25 mig
333 889 6 19 i
355 889 75 25 sjelfva
445 888 72 20 saken.

168 925 52 18 Herr
236 923 124 20 Höckert:
384 923 43 19 När
447 923 37 26 jag
503 930 28 12 nu
547 923 73 26 begärt
635 923 65 26 ordet,
720 923 41 20 kan
775 924 37 25 jag
828 924 19 25 ej

101 958 108 21 underläta
232 960 30 17 att
284 957 72 20 främst
378 957 96 26 uttrycka
498 957 46 20 mitt
562 957 136 20 erkännande
719 957 32 20 för
766 958 35 19 det
816 960 31 17 ut-

101 993 81 19 märkta
198 994 46 23 sätt,
260 991 79 26 hvarpä
354 991 147 20 diskussionen
517 992 7 19 i
540 992 57 19 detta
612 995 61 16 ämne
689 991 69 20 blifvit
773 991 23 20 af
807 991 41 20 den

101 1028 64 18 första
180 1026 80 19 talaren
276 1025 76 20 inledd.
384 1025 44 20 Han
445 1025 37 20 har
498 1025 74 20 dervid
590 1026 22 19 sä
628 1025 80 20 sakrikt
725 1025 68 26 belyst
808 1026 40 19 frä-

101 1068 40 19 gan
157 1060 45 20 frän
219 1059 42 20 alla
276 1059 62 26 sidor,
360 1059 52 20 bäde
428 1059 26 20 de
469 1059 141 20 ekonomiska
625 1060 39 20 och
684 1060 26 19 de
725 1060 124 26 finansiella,

100 1097 30 18 att
145 1093 72 21 dervid
235 1093 31 20 för
282 1093 41 26 mig
338 1093 88 19 återstår
440 1093 50 26 föga
505 1095 30 18 att
550 1097 83 16 nämna.
662 1094 39 26 Jag
724 1094 66 19 finner
806 1094 43 26 mig

101 1129 61 25 dock,
186 1127 67 20 säsom
274 1127 92 19 ledamot
388 1127 24 19 af
428 1127 115 20 Allmänna
558 1128 197 25 Besvärsutskottet,
774 1128 75 19 manad

102 1165 36 23 att,
154 1161 84 26 tillföljd
254 1161 23 20 af
290 1161 35 19 det
340 1161 84 26 anlopp,
440 1167 44 14 som
501 1161 45 20 från
562 1162 69 20 skilda
646 1162 43 19 håll
709 1164 43 17 mot
771 1161 78 20 utskot-

102 1200 39 17 tets
158 1195 133 21 betänkande
307 1197 35 24 egt
357 1202 51 18 rum,
424 1197 57 24 yttra
497 1195 65 27 några
577 1196 43 19 ord.
650 1196 41 26 Jag
699 1195 54 20 skall
769 1195 80 25 dervid,

101 1231 68 20 sävidt
193 1230 47 20 mitt
263 1230 70 19 minne
352 1230 42 19 stär
414 1230 41 26 mig
476 1229 20 20 bi
517 1230 39 19 och
576 1230 41 19 min
643 1230 95 26 förmäga
757 1229 93 26 medger,

101 1266 52 19 söka
168 1267 29 18 att
213 1266 92 24 upptaga
320 1264 30 19 till
367 1264 126 19 bemötande
510 1264 25 20 de
551 1264 58 20 olika
630 1264 220 27 anmärkningspunk-

101 1302 66 23 terna,
187 1299 127 19 åtminstone
334 1297 68 21 sävidt
418 1299 25 18 de
458 1299 7 18 i
481 1298 71 27 någon
568 1299 47 19 män
632 1299 72 19 kunna
722 1297 87 20 inverka
824 1297 27 27 pä

101 1333 75 26 sjelfva
198 1332 76 20 sakens
300 1332 159 20 bedömmande.
490 1333 10 18 I
519 1332 74 20 sådant
617 1332 101 20 afseende
741 1332 37 19 har
800 1331 51 20 först

101 1367 69 20 blifvit
184 1365 98 20 anmärkt
297 1368 29 17 att
342 1366 114 19 Allmänna
470 1367 194 20 Besvärsutskottet
679 1367 18 25 ej
710 1365 46 20 med
771 1365 79 20 tillbör-

101 1402 28 25 lig
145 1400 147 25 noggrannhet
308 1400 48 20 sökt
370 1400 118 27 framlägga
503 1401 25 19 de
545 1401 115 20 statistiska
680 1400 67 20 siffror
766 1399 40 20 och
821 1399 30 20 öf-

101 1436 46 26 riga
162 1433 52 26 skäl,
230 1439 45 14 som
292 1434 80 20 kunnat
386 1437 74 24 utgöra
475 1435 68 26 grund
559 1435 31 20 för
606 1433 153 22 bedömmande
774 1433 23 20 af
811 1433 40 21 den
