1070 1786
412 156 41 17 Den
465 155 22 18 13
500 156 43 22 Maj.
796 157 45 16 1071

202 213 14 28 s
230 213 30 21 42

176 248 54 19 Herr
245 247 147 20 Molander:
415 247 48 20 Med
474 247 125 20 afseendeä
614 247 70 20 denna
699 249 28 22 $:s
743 247 65 20 första
823 254 40 13 mo-

102 283 59 18 ment
177 281 68 20 skulle
258 282 38 25 jag
311 281 50 26 vilja
377 281 116 22 hemställa,
507 281 103 19 huruvida
626 281 35 19 det
677 281 37 19 bör
730 281 93 26 stadgas,
835 283 30 17 att

101 315 42 20 alla
158 315 50 19 våra
228 314 150 26 högtidsdagar
401 314 59 20 skola
476 314 12 20 &
504 314 70 26 fartyg
597 314 48 20 firas
664 314 60 20 äfven
742 314 27 26 pä
785 315 79 19 utrikes

101 351 40 25 ort,
156 349 81 19 hvilket
253 348 70 20 kunde
340 348 110 20 framkalla
472 348 164 26 förvecklingar,
652 348 39 20 och
711 348 103 20 huruvida
830 348 35 20 det

101 383 48 20 ieke
165 389 50 13 vore
232 382 46 19 bäst
288 384 30 18 att
334 382 122 21 bestämma,
468 381 37 20 det
521 381 74 19 endast
611 382 131 26 söndagarne
756 382 39 20 och
813 382 50 26 möj-

103 418 58 25 ligen
178 416 64 26 några
257 416 103 25 vigtigare
375 415 152 26 högtidsdagar
543 414 60 21 skola
613 414 49 20 firas
678 415 67 20 såsom
762 418 31 22 $:n
809 416 54 20 före-

102 450 97 20 skrifver.
238 449 61 20 Hvad
315 449 44 20 åter
384 449 100 19 beträffar
501 448 36 20 det
552 455 74 13 senare
642 451 121 24 momentet,
779 456 44 14 som
835 450 29 20 uti

101 484 118 20 Utskottets
244 482 133 21 betänkande
400 482 72 26 lyder:
497 482 54 20 ”kan
573 482 48 20 hela
636 483 74 19 kosten
726 483 32 19 för
774 484 90 20 nödfalls

102 518 54 20 skull
172 518 19 26 ej
207 518 98 26 utgifvas,
321 516 53 20 skall
385 516 38 20 full
434 517 118 25 ersättning
568 516 31 20 för
615 516 79 20 bristen
705 517 35 20 vid
756 518 107 26 slutligvid

101 554 7 18 i
123 553 119 26 penningar
258 551 30 20 till
304 551 148 26 besättningen
469 550 117 27 erläggas”,
597 556 62 14 anser
672 551 37 26 jag
724 551 32 20 för
772 552 43 19 min
830 552 34 19 del

105 587 70 19 denna
187 585 132 26 bestämning
330 585 31 19 för
377 584 86 27 mycket
474 585 84 25 ingripa
573 585 7 18 i
596 584 158 27 besättningens
770 587 41 17 rätt
825 586 38 19 och

103 623 30 17 att
148 620 70 20 denna
234 620 37 20 bör
286 619 21 19 få
321 619 31 19 sin
364 618 65 26 liqvid
445 624 34 14 om
493 618 75 20 kosten
585 618 37 20 der
637 619 92 27 fartyget
744 620 65 20 lossas
825 620 38 20 och

102 654 71 20 lastas.

171 688 53 19 Herr
240 687 130 19 Boström:
401 686 40 20 För
458 686 43 19 min
521 686 34 20 del
572 686 81 27 nödgas
669 688 37 26 jag
721 688 86 19 förorda
823 688 39 20 den

103 722 84 26 Nådiga
202 720 165 27 propositionen,
390 720 89 20 emedan
501 720 38 26 jag
561 727 62 13 anser
639 723 30 18 att
684 722 39 19 den
740 722 123 26 förändring

103 756 107 20 Utskottet
224 756 7 18 i
247 761 73 13 senare
339 756 115 18 momentet
473 754 108 26 föreslagit
591 755 27 25 på
634 755 6 19 i
656 755 145 20 betänkandet
811 762 50 19 upp-

103 792 63 23 tagne
182 788 52 26 skäl,
251 788 70 20 ställer
344 789 88 25 sjöman,
453 788 66 20 ehuru
543 788 30 19 till
591 795 75 19 mogen
683 789 59 19 ålder
758 789 105 25 kommen,

104 824 65 18 under
185 829 25 13 en
227 822 101 26 obehörig
340 823 39 19 och
395 822 100 26 förhatlig
507 823 237 26 förmyndare-uppsigt,
756 830 44 13 som
815 823 48 20 icke

103 864 66 20 gerna
186 857 36 19 bör
238 856 85 20 komma
338 857 6 19 i
360 856 66 27 fråga,
457 857 135 20 Beträffande
609 857 145 26 gudstjensten
771 859 42 18 tror
825 858 37 25 jag

104 892 31 18 för
151 891 42 19 min
210 891 33 18 del
259 892 30 18 att
300 890 68 26 någon
384 890 123 26 förändring
519 890 48 20 icke
583 890 38 20 bör
636 897 40 19 ega
690 897 45 12 rum
752 891 67 19 deruti
834 893 30 17 att

104 925 117 26 gudstjenst
236 924 54 19 skall
307 924 46 19 firas
369 924 72 26 hvarje
457 924 88 26 söndag.

172 958 53 19 Herr
245 959 103 25 Sjöros:
378 959 89 19 Motivet
490 958 30 19 till
545 958 40 19 den
608 957 130 28 förändring,
757 958 106 20 Utskottet

104 992 74 19 härvid
195 991 95 26 vidtagit,
306 994 22 17 är
343 991 81 26 ganska
439 990 76 27 tydligt
532 991 38 19 och
587 991 65 20 borde
668 997 50 14 vara
734 991 37 20 lätt
787 991 78 26 fattligt

104 1027 39 20 och
159 1026 111 26 antagligt.
306 1025 41 20 Det
362 1027 22 17 är
404 1027 30 17 att
457 1025 73 26 hvarje
553 1025 114 26 anledning
683 1025 31 19 till
731 1025 132 26 tvistigheter

105 1061 86 19 emellan
209 1060 119 26 besättning
344 1059 39 20 och
400 1059 145 20 befälhafvare
561 1059 37 19 bör
614 1059 110 24 undvikas,
740 1059 124 26 isynnerhet

104 1101 34 13 om
155 1094 133 26 tvistigheten
301 1093 41 20 står
357 1093 27 26 på
399 1099 25 13 en
441 1093 23 19 så
478 1092 109 20 obestämd
603 1093 66 26 grund
686 1099 45 13 som
747 1093 116 25 ersättning

104 1129 31 19 för
152 1130 110 22 matvaror,
278 1134 33 13 om
328 1127 82 20 hvilkas
433 1127 54 20 både
502 1127 43 25 pris
561 1127 40 19 och
621 1127 75 26 belopp
713 1127 58 19 olika
786 1127 78 26 åsigter

104 1163 71 19 kunna
191 1161 81 26 uppstå.
302 1162 40 19 Det
357 1164 23 17 är
395 1161 48 20 icke
459 1161 66 19 heller
540 1161 98 26 lämpligt
652 1163 30 18 att
697 1161 129 19 underkasta
837 1167 26 13 en

105 1196 64 20 sådan
185 1196 49 19 tvist
250 1197 29 18 ett
294 1195 114 27 afgörande
424 1195 28 26 på
467 1194 131 20 fremmande
614 1197 38 23 ort,
663 1195 86 19 hvarest
763 1194 101 26 lämpliga

105 1230 150 26 skiljedomare
270 1229 48 20 icke
334 1228 74 26 finnas,
419 1230 23 25 ty
458 1228 127 20 konsulerne
601 1231 51 24 göra
667 1228 29 20 uti
712 1228 37 19 det
763 1228 100 19 afseende

104 1265 49 19 icke
168 1264 44 25 allt,
228 1269 44 14 som
289 1269 49 14 vore
354 1263 23 19 af
391 1262 76 19 nöden.
490 1262 43 19 När
548 1261 70 20 härtill
629 1262 97 19 kommer
742 1261 40 20 den
797 1262 66 19 redan

104 1299 23 19 af
140 1298 108 20 Utskottet
263 1296 87 20 anförda
366 1295 191 26 omständigheten,
567 1296 31 18 att
613 1294 73 26 dylika
697 1295 167 25 sparpenningar

106 1333 52 19 eller
173 1331 55 20 hvad
242 1331 37 25 jag
295 1329 53 20 skall
359 1329 57 20 kalla
432 1329 47 19 dem
495 1329 70 19 skulle
576 1328 84 20 komma
675 1328 77 19 liksom
769 1328 44 19 från
824 1328 39 19 luf-

104 1369 41 22 ten,
158 1365 68 20 blefve
243 1367 73 24 nyttan
332 1364 23 20 af
368 1364 47 19 dem
428 1363 89 26 troligen
529 1363 81 26 ganska
624 1363 60 26 ringa
700 1363 40 19 och
756 1362 60 19 deras
827 1368 36 13 an-

104 1399 111 21 vändande
230 1399 7 19 i
253 1399 25 20 de
295 1399 59 19 flesta
369 1397 35 20 fall
420 1397 37 20 allt
472 1399 64 17 annat
551 1399 26 17 än
593 1398 30 18 att
634 1395 109 27 uppfriska
758 1395 38 20 och
813 1398 50 17 stär-

104 1435 28 19 ka
143 1434 133 25 sjömannens
288 1432 60 20 kraft.
372 1431 32 20 Då
415 1431 147 26 besättningen
577 1430 105 20 dessutom
694 1429 6 20 i
717 1429 72 26 hvarje
800 1430 63 19 hamn
