1070 1786
236 138 38 33 846
527 141 41 18 Den
581 141 22 17 30
616 141 58 23 April.

221 201 92 24 upptaga
327 200 117 25 pelitionen
461 199 40 20 och
516 199 6 19 i
538 199 100 20 afseende
654 199 13 19 &
682 199 47 19 dess
745 199 137 26 formulering
901 200 68 19 remit-

221 235 46 18 tera
282 233 40 20 den
338 233 32 19 till
386 233 98 20 Ståndets
500 233 103 20 Enskilda
618 233 176 19 Besvärsutskott.

290 267 52 19 Herr
358 267 141 19 Mechelin:
522 267 71 19 Ehuru
616 267 28 25 på
666 266 52 23 skäl,
738 273 43 13 som
801 266 48 20 icke
865 267 106 20 öfverens-

222 303 89 17 stämma
333 300 48 20 med
405 300 25 20 de
454 300 23 19 af
496 299 53 20 Herr
573 300 125 19 Gummerus
717 300 94 25 anförda,
827 300 7 19 i
850 300 73 20 hvilka
935 301 37 25 jag

223 334 31 19 för
270 334 42 18 min
328 334 34 19 del
378 334 48 19 icke
442 334 41 19 kan
499 334 118 24 instämma,
633 333 95 20 kommer
741 334 37 26 jag
793 334 30 18 uti
834 334 69 19 denna
913 334 60 26 fråga

223 368 30 19 till
270 368 86 26 ungefär
372 368 111 19 enahanda
499 368 41 18 slut
555 374 43 13 som
614 367 48 19 han.
681 367 53 20 Herr
750 368 124 19 Gummerus
890 368 37 19 har
938 374 35 13 an-

224 401 46 25 fört,
286 403 30 17 att
330 401 36 20 det
382 401 163 26 hufvudsakliga
560 401 74 25 skälet,
654 401 96 20 hvarföre
769 401 88 20 Ståndet
873 402 45 19 låtit
934 402 39 19 frå-

224 440 40 20 gan
288 441 33 13 om
342 435 245 26 jude-emancipationen
613 435 82 20 förfalla
713 436 53 19 varit
785 436 42 23 det,
843 438 30 17 att
887 436 88 20 Ständet

223 468 48 19 icke
288 468 64 26 ansåg
367 469 33 26 sig
416 468 56 26 böra,
488 469 27 19 då
531 471 30 17 tre
577 469 64 20 Stånd
658 469 60 19 tänkt
736 470 137 26 annorlunda,
891 470 83 26 petitio-

225 509 50 13 nera
297 509 33 13 om
349 505 31 17 ett
398 503 114 26 lagförslag
529 503 38 19 och
583 505 31 17 att
628 503 88 19 sålunda
731 504 43 24 just
790 503 40 20 den
847 504 128 26 omständig-

226 536 70 26 heten,
312 538 30 18 att
356 536 82 27 frågan,
454 537 70 19 derest
539 537 57 19 Hans
612 536 118 26 Kejserliga
745 538 97 25 Majestät
857 538 72 20 bifölle
940 545 35 19 pe-

226 571 95 26 titionen,
344 571 68 20 skulle
436 571 64 20 blifva
523 570 88 21 föremål
629 571 32 19 för
676 572 129 25 proposition
823 572 31 19 till
870 573 106 19 nästkom-

227 605 75 19 mande
318 604 107 26 landtdag,
441 605 53 19 varit
509 606 30 18 ett
554 604 46 20 skäl
615 606 30 18 att
660 604 42 20 låta
717 605 40 19 den
774 605 89 20 förfalla.
896 606 32 19 En
944 606 31 20 så-

227 639 41 19 dan
284 638 54 27 åsigt
353 639 37 19 har
406 639 64 19 redan
486 638 55 20 förut
557 638 69 20 blifvit
641 639 115 19 framställd
772 640 23 19 af
808 646 26 13 en
850 640 72 25 talare,
934 643 43 17 mot

227 672 86 20 hvilken
334 673 38 26 jag
394 672 27 20 då
443 675 36 23 tog
502 672 43 26 mig
568 672 89 20 friheten
672 674 63 24 yttra,
750 675 31 17 att
795 675 31 17 ett
841 675 85 18 motsatt
943 674 34 19 be-

227 706 141 20 traktelsesätt
391 706 94 20 vittnade
512 713 33 13 om
569 708 66 18 större
661 707 169 26 grannlagenhet
857 710 43 17 mot
921 708 58 20 Med-

227 741 95 19 stånden.
354 740 60 20 Hvad
436 740 99 20 särskildt
558 740 70 20 denna
650 740 59 26 fråga
727 747 33 13 om
777 740 202 28 sågningsafgiftens

227 774 131 20 afskaffande
374 774 139 26 vidkommer,
529 776 35 18 vet
577 774 37 26 jag
630 774 40 25 väl,
686 776 30 18 att
730 774 57 20 Hans
803 775 119 27 Kejserliga
935 776 43 20 Ma-

226 809 65 25 jestät
306 808 41 20 kan
364 808 105 26 upphäfva
485 808 70 20 denna
570 808 67 26 afgift,
653 810 49 17 utan
718 810 30 18 att
766 808 2 19 i
780 811 72 17 ämnet
862 809 117 27 framlägga

228 842 130 26 proposition
374 842 52 20 eller
441 842 94 20 inhemta
545 842 129 20 Ständernes
686 842 69 25 bifall;
771 848 48 14 men
835 843 145 27 Medstånden,

230 879 42 16 mot
294 876 72 19 hvilka
389 882 46 13 man
452 876 107 19 förmenar
574 876 32 25 sig
621 882 76 19 genom
714 876 127 25 petitionens
860 878 120 25 antagande

230 910 47 19 icke
294 910 102 26 uppträda
411 910 136 26 ogrannlaga,
563 909 72 20 kunna
650 909 54 20 dock
720 910 19 25 ej
761 909 65 20 blifva
841 910 104 21 oberörda
960 912 23 19 af

230 946 30 17 ett
282 944 74 19 sådant
379 943 154 27 upphäfvande,
552 945 21 24 ty
593 950 34 13 om
646 943 141 20 Statsverkets
809 944 117 21 inkomster
942 946 39 19 och

231 978 90 26 utgifter,
338 978 50 19 med
404 977 147 20 bibehållande
567 977 23 20 af
603 977 197 26 sågningsafgiften,
813 978 55 25 jemt
883 979 39 19 och
938 982 45 17 nätt

230 1012 28 25 gå
273 1012 56 25 ihop,
346 1012 60 19 torde
422 1012 33 19 väl
471 1011 48 20 icke
535 1011 56 20 Hans
608 1011 118 26 Kejserliga
742 1011 97 26 Majestät
850 1012 71 20 kunna
932 1013 50 26 god-

231 1045 71 20 känna
323 1045 71 20 denna
415 1046 70 26 afgilts
501 1045 138 25 afskaffande,
655 1047 49 18 utan
720 1047 29 17 att
765 1045 109 27 förelägga
889 1048 94 25 proposi-

231 1080 43 19 tion
291 1086 32 13 om
339 1080 49 19 dess
404 1080 118 19 ersättande
538 1086 76 19 genom
631 1079 70 26 någon
714 1085 69 14 annan
795 1079 57 20 skatt
863 1081 38 19 och
913 1083 71 24 tunga,

232 1115 39 18 och
287 1114 88 19 sålunda
390 1114 67 19 skulle
472 1113 178 26 Borgareståndet
666 1113 62 20 hafva
743 1113 106 20 föranledt
865 1121 25 13 en
904 1115 80 27 åtgärd,

232 1148 85 19 hvilken
334 1147 90 20 berörde
440 1147 137 20 Medstånden
594 1147 27 26 på
637 1149 29 18 ett
683 1147 84 26 mycket
783 1150 97 17 närmare
899 1151 46 24 sätt,
957 1152 26 17 än

232 1188 34 12 om
282 1182 26 19 de
325 1181 69 19 blifvit
416 1183 53 18 satta
484 1182 6 18 i
506 1181 83 19 tillfälle
613 1183 29 17 att
664 1181 74 25 pröfva
761 1183 29 17 ett
806 1181 78 27 förslag
903 1189 33 13 om
950 1183 33 25 ju-

232 1215 76 20 darnes
330 1215 162 26 emancipation.
522 1215 41 26 Jag
585 1214 104 20 vidhåller
708 1214 81 20 således
809 1215 42 19 min
867 1216 65 19 redan
949 1216 35 20 vid

229 1249 316 26 jude-emancipationsfrågans
567 1251 83 18 senaste
674 1249 130 26 behandling
822 1249 92 20 uttalade
930 1250 55 27 åsigt

232 1286 36 23 att,
285 1289 32 13 om
334 1289 49 13 man
399 1289 61 14 anser
475 1285 31 18 tre
521 1283 76 20 Stånds
613 1282 228 20 sammanstämmande
852 1282 68 21 beslut
935 1284 51 19 böra

232 1317 110 19 föranleda
364 1319 31 18 att
417 1317 19 26 ej
459 1317 36 20 det
517 1317 66 26 fjerde
599 1317 89 20 Ståndet
702 1317 105 19 inlemnar
823 1319 30 16 ett
867 1317 58 20 inom
941 1317 44 20 det-

232 1357 81 14 samma
327 1351 65 19 väckt
407 1351 179 26 petitionsförslag
601 1351 8 19 i
624 1357 26 13 en
666 1351 24 19 så
705 1350 108 20 beskaffad
830 1350 66 27 fråga,
912 1351 24 20 så
949 1351 36 20 fin-

234 1391 37 14 nes
294 1385 30 19 för
347 1391 27 14 en
398 1385 65 20 sådan
486 1385 73 26 åtgärd
575 1388 57 16 ännu
647 1384 95 20 starkare
758 1383 53 26 skäl,
827 1384 27 19 då
869 1385 36 19 det
920 1385 67 26 gäller

232 1425 26 13 en
282 1419 88 25 petition
394 1419 67 20 såsom
486 1419 70 20 denna
578 1425 32 14 om
631 1418 202 27 sågningsafgiftens
849 1418 139 21 afskaffande.
