1070 1786
222 152 34 17 928
521 151 40 17 Den
575 151 11 17 4
598 151 41 23 Maj.

201 211 37 18 kat
254 209 65 26 något
337 209 81 20 sådant.
450 209 99 20 Deremot
569 209 125 26 godkänner
707 209 38 26 jag
760 209 7 20 i
783 209 42 20 allo
844 201 110 28 utskottets

204 244 134 21 betänkande
361 243 112 27 angående
497 243 139 27 dissenterlag
659 244 40 19 och
719 244 35 26 lag
776 246 57 18 emot
851 244 101 26 proselyt-

202 279 89 20 makeri.

269 312 56 25 Herr
348 308 147 30 Öhrnberg:
522 312 9 19 I
554 311 117 20 hufvudsak
698 311 92 20 biträder
812 312 37 26 jag
875 312 79 19 utskot-

202 349 40 18 tets
258 346 162 26 ifrägavarande
437 346 141 26 betänkande,
595 352 46 14 men
658 346 37 20 ber
710 348 30 17 att
756 345 129 20 beträffande
900 346 55 19 vissa

203 381 59 20 delar
285 380 62 20 deraf
367 380 21 20 få
411 380 116 19 framställa
549 380 66 26 några
634 379 171 27 anmärkningar.
840 379 52 20 Lika
907 380 47 19 med

204 415 101 19 utskottet
320 414 40 20 och
376 414 27 26 på
418 414 53 25 skäl,
487 413 88 20 anförda
590 414 28 19 uti
635 414 35 20 det
685 414 6 19 i
708 413 144 21 betänkandet
870 414 86 26 intagna

204 448 234 28 petitionsmemorialet
454 447 38 20 och
508 448 120 19 sedermera
643 448 6 19 i
666 447 143 21 betänkandet
827 448 128 26 upprepade,

204 490 62 13 anser
287 483 37 26 jag
344 482 117 20 Ständerne
481 482 50 20 böra
547 482 37 19 hos
599 482 57 19 Hans
672 482 119 26 Kejserliga
808 482 97 26 Majestät
920 488 35 14 an-

206 518 56 20 hålla
284 524 33 13 om
340 517 70 25 Nädig
429 516 130 26 proposition
578 516 31 19 till
628 522 26 14 en
670 516 122 26 fullständig
811 516 144 27 dissenterlag.

205 552 55 20 Frän
277 552 111 19 utskottets
405 550 136 27 formulering
556 550 23 20 af
593 550 95 27 lydelsen
705 550 31 20 för
749 550 160 27 ifrägavarande
920 558 35 13 un-

206 587 116 25 derdäniga
337 586 88 26 petition
442 585 68 19 skulle
523 585 37 26 jag
576 585 54 19 dock
646 585 32 19 för
693 585 42 19 min
752 585 34 19 del
802 585 50 26 vilja
867 586 89 19 utesluta

206 621 66 21 orden
288 619 244 21 ”öfverensstämmande
553 619 47 19 med
616 619 41 19 den
673 626 66 12 sanna
754 619 202 26 religionsfrihetens

206 654 156 27 grundsatser”,
385 654 89 19 emedan
491 654 37 25 jag
543 660 62 13 anser
624 653 40 20 den
681 653 160 26 bestämningen
859 654 52 20 både
927 655 29 19 öf-

206 688 105 26 verflödig
332 688 39 20 och
395 687 88 27 otydlig.
514 687 59 20 Hvad
598 687 46 20 med
668 694 52 13 sann
740 687 165 27 religionsfrihet
920 688 37 20 bör

207 722 75 21 förstås
298 725 22 17 är
336 722 19 26 ej
372 721 23 20 sä
410 721 92 27 afgjordt
517 723 29 18 att
562 728 46 13 man
625 721 48 20 icke
688 721 33 20 får
736 728 22 13 se
774 722 58 19 olika
848 722 109 27 meningar

208 758 73 19 derom
297 756 121 25 framträda,
434 756 38 20 och
489 756 35 19 det
539 755 141 20 förekommer
690 756 43 26 mig
744 755 82 20 derföre
837 762 43 14 som
890 756 67 20 skulle

207 791 134 27 Regeringen
358 790 34 20 vid
409 790 169 26 propositionens
594 789 137 20 utarbetande
746 789 48 20 icke
813 790 63 20 hafva
895 790 64 27 nägot

208 826 93 26 verkligt
315 831 56 21 gagn
388 824 46 20 utaf
447 824 70 20 denna
533 824 140 26 bestämning,
693 824 88 20 likasom
799 824 40 20 den
856 824 64 20 också
936 828 22 17 är

208 860 125 26 öfverflödig
356 866 23 12 ur
402 859 40 19 den
465 858 144 26 synpunkten,
628 861 30 17 att
674 864 48 14 man
738 858 158 28 otvifvelaktigt
910 860 47 20 icke

209 895 37 19 har
262 893 115 26 anledning
393 894 30 18 att
438 892 23 19 af
474 892 133 26 Regeringen
624 893 63 18 vänta
702 892 78 26 förslag
796 892 31 19 till
843 899 25 13 en
878 893 78 20 dissen-

208 929 74 26 terlag,
305 934 44 13 som
372 927 68 20 skulle
463 927 31 19 stå
510 927 7 18 i
532 926 51 19 strid
607 927 47 19 med
678 933 28 16 en
721 933 50 13 sann
788 927 169 26 religionsfrihet.

209 963 31 20 De
263 960 67 28 öfriga
352 961 186 26 bestämningarna
552 961 7 19 i
576 967 61 13 mom.
653 967 21 19 a,
694 967 44 13 som
754 960 56 27 angå
825 961 72 26 lagens
916 969 43 13 om-

210 998 56 25 fång,
282 1003 63 20 synas
361 996 43 26 mig
420 995 95 20 deremot
530 995 70 19 kunna
616 995 124 19 bibehållas.

275 1031 40 19 För
340 1030 40 19 min
405 1029 34 20 del
459 1029 37 20 har
513 1029 38 26 jag
571 1028 47 20 icke
634 1031 62 23 emot,
713 1030 31 18 att
758 1027 117 22 Ständerne
891 1029 27 26 på
933 1030 25 19 de

209 1066 6 19 i
232 1064 144 21 betänkandet
398 1063 94 26 antydda
515 1063 45 19 skäl
584 1063 126 26 petitionera
732 1069 33 13 om
785 1063 78 26 förslag
878 1064 30 19 till
924 1064 34 26 lag

209 1099 109 27 angäende
342 1097 106 20 mosaiska
471 1097 39 20 och
533 1097 66 20 andra
619 1097 48 19 icke
688 1097 81 19 kristna
783 1097 176 20 trosbekännares

209 1135 41 18 rätt
272 1135 30 18 att
324 1133 37 20 här
377 1132 6 19 i
400 1131 71 20 landet
490 1131 56 20 bilda
569 1131 99 26 kyrkliga
684 1131 103 20 samfund.
819 1131 68 20 Anser
902 1132 57 20 Hans

209 1168 96 25 Majestät
321 1173 26 14 en
364 1165 65 21 sädan
445 1166 34 26 lag
494 1165 48 20 icke
558 1172 49 13 vara
622 1165 25 20 af
662 1165 210 26 omständigheterna
887 1165 72 27 päkal-

210 1202 40 25 lad,
266 1201 23 19 sä
304 1200 81 20 lemnar
408 1200 57 19 Hans
488 1200 97 23 Maiestät
607 1199 98 26 troligen,
728 1198 75 20 liksom
820 1199 6 19 i
842 1199 66 20 andra
923 1200 36 26 dy-

209 1236 44 20 lika
277 1235 43 26 fall,
342 1234 129 20 Ständernes
495 1234 88 26 petition
605 1234 6 19 i
636 1233 70 20 denna
726 1232 33 21 del
783 1236 48 17 utan
853 1234 107 20 afseende.

211 1271 46 19 Men
274 1269 48 20 icke
338 1275 61 13 anser
412 1269 43 25 jag,
471 1268 26 19 dä
513 1275 25 12 en
555 1267 56 27 gång
626 1267 102 20 utskottet
740 1267 36 20 har
787 1269 70 18 ansett
867 1268 32 26 sig
911 1268 50 20 böra

210 1303 111 22 hemställa
344 1309 32 14 om
400 1304 30 18 ett
445 1302 179 26 petitionsförslag
640 1302 6 19 i
662 1302 58 19 detta
735 1301 61 26 syfte,
812 1301 148 27 Borgarestän-

210 1339 35 20 det
261 1337 62 20 hafva
338 1337 69 26 skälig
423 1336 114 26 anledning
553 1338 30 18 att
603 1335 143 27 undertrycka
767 1335 110 20 utskottets
893 1336 67 21 såsom

209 1373 36 20 det
260 1378 63 20 synes
339 1370 101 26 enhälligt
455 1370 81 26 afgifna
551 1370 77 26 förslag
644 1370 80 20 derom.

276 1404 135 21 Beträffande
426 1404 45 20 åter
488 1411 67 13 mom.
566 1411 10 13 c
591 1404 78 19 tillåter
682 1405 38 25 jag
737 1404 42 26 mig
794 1406 31 17 att
844 1404 77 20 föreslå
936 1412 25 13 en

211 1447 69 14 annan
305 1439 133 26 bestämning
460 1445 33 13 om
515 1438 35 20 det
572 1438 106 20 blifvande
700 1438 148 27 lagförslagets
864 1439 99 24 innehåll,
