1070 1786
0 896 10 91 ANSE
0 908 14 4 N
0 877 14 19 EA
0 677 8 190 3"
0 755 14 8 FS
0 732 14 22 RANA
0 711 14 13 EIA
0 690 14 14 ARS
0 681 14 6 NA
0 656 14 20 SINN
0 645 14 10 ANI
0 629 14 12 SN
0 589 4 33 TAJAT

208 151 33 17 742
489 150 40 17 Den
543 151 22 16 20
577 150 60 23 April.

186 207 84 22 derstöd
287 208 31 19 för
334 208 42 19 min
393 207 60 27 åsigt,
470 207 36 20 ber
519 208 37 25 jag
571 209 31 18 att
617 207 21 19 få
647 208 124 26 ytterligare
785 208 92 21 vidhålla
889 209 45 19 mitt

186 242 79 26 förslag
288 248 33 14 om
347 243 30 18 att
402 241 144 20 betänkandet
568 241 68 20 skulle
659 241 55 20 sluta
732 242 47 19 med
803 242 60 20 ordet
881 243 52 19 ”till-

186 276 111 26 godoses”.

254 310 54 20 Herr
323 309 138 20 Mechelin:
476 308 40 27 Jag
532 308 37 20 ber
584 310 36 24 att,
636 308 32 20 för
683 311 30 18 att
728 309 32 20 för
776 310 41 18 min
837 310 33 19 del
887 310 47 20 icke

187 344 57 26 gifva
260 343 114 26 anledning
390 343 31 19 till
437 342 68 26 nägon
522 342 137 26 proposition,
674 342 22 20 fä
711 343 73 20 förena
795 344 42 25 mig
849 350 33 13 om
894 344 39 19 den

186 378 24 20 af
223 378 52 20 Herr
290 377 113 20 Wasenius
419 376 118 27 föreslagna
552 376 143 27 formulering.

256 411 68 20 Sedan
348 410 62 20 äfven
434 410 53 20 Herr
509 406 138 31 Öhrnberg
664 410 28 26 pä
710 411 111 19 enahanda
839 411 45 19 skäl
899 417 35 13 an-

187 446 58 20 slutit
260 446 33 26 sig
307 445 33 19 till
355 445 54 19 Herr
424 444 95 20 Wasenii
535 444 84 26 förslag,
639 444 131 20 förklarades
789 445 145 19 diskussionen

186 480 97 25 afslutad,
304 478 49 21 derä
372 479 54 19 Herr
445 478 160 20 Talmannen
625 478 131 20 framställde
777 478 92 27 följande
888 486 46 19 pro-

187 514 128 26 positioner
304 510 15 34 :

255 546 171 27 Proposition
446 546 38 20 N:o
509 547 22 18 1:
551 546 42 19 Vill
612 546 88 20 Ständet
716 546 129 21 omedelbart
859 548 76 25 antaga

188 582 113 19 utskottets
323 580 149 20 betänkande?
495 580 51 19 eller
568 580 53 19 skall
642 580 68 26 någon
735 581 23 19 af
771 581 26 19 de
813 581 65 19 under
894 581 40 19 dis-

188 616 114 19 kussionen
324 613 90 27 yttrade,
438 613 89 20 derifrän
551 613 113 20 afvikande
690 614 110 26 meningar
822 614 113 26 uppställas

189 650 68 19 säsom
274 648 205 26 kontraproposition
497 647 108 19 deremot?
634 648 38 25 De,
693 654 44 13 som
758 648 49 26 vilja
827 648 34 20 det
881 648 54 20 förra

188 689 61 13 svara
262 683 38 25 ja,
316 682 25 19 de
357 688 44 13 som
422 683 55 17 rösta
492 681 31 19 för
539 681 35 19 det
589 687 73 14 senare
679 682 48 25 nej.

257 716 160 26 Propositionen
441 714 125 20 besvarades
591 715 47 19 med
663 714 102 20 blandadt
786 716 23 24 ja
834 715 37 20 och
895 716 41 25 nej,

189 750 117 26 hvarjemte
322 748 104 28 begärdes
441 749 102 25 votering,
559 754 44 14 som
620 748 55 26 förty
691 748 114 20 anställdes
821 749 38 19 och
878 750 58 19 utföll

190 785 47 19 med
256 785 25 19 11
296 784 26 26 ja
337 783 39 20 och
392 783 30 19 23
438 783 46 25 nej.

257 817 169 27 Proposition
450 817 39 19 N:o
505 816 22 20 2:
550 816 57 20 Skall
635 816 68 20 såsom
732 816 203 27 kontraproposition

190 854 57 19 emot
264 852 109 20 utskottets
389 850 134 20 betänkande
542 850 114 26 uppställas
675 850 53 19 Herr
747 850 95 20 Wasenii
860 851 76 26 förslag

191 894 32 13 om
240 886 129 25 uteslutning
384 885 24 19 af
421 884 55 20 hvad
491 885 5 18 i
514 884 142 19 betänkandet
676 884 142 20 förekommer
838 886 51 19 efter
905 892 31 12 or-

190 921 36 20 det
240 919 151 28 ”tillgodoses?
407 918 51 20 eller
474 918 52 19 Herr
541 917 119 26 Nylanders
680 918 149 20 amendement
849 925 32 13 om
901 925 37 13 an-

190 954 92 27 tagande
298 954 22 19 af
334 953 114 26 ordalagen
464 952 7 19 i
486 952 139 26 petitionären
645 951 54 20 Herr
719 952 119 20 Ehrströms
859 959 77 13 memo-

190 988 54 20 rial?
273 988 41 19 För
329 987 36 20 det
380 987 56 18 förra
450 987 67 18 röstas
533 985 47 20 med
593 986 38 25 ja,
647 985 32 20 för
695 986 36 19 det
744 992 74 14 senare
833 987 46 20 med
891 987 46 26 nej.

262 1021 73 20 Svaret
350 1020 52 20 härä
417 1020 59 20 utföll
492 1020 48 20 med
555 1020 157 27 öfvervägande
726 1021 32 25 ja.

258 1054 171 27 Proposition
453 1054 38 19 N:o
513 1055 22 18 3:
562 1054 130 20 Godkänner
717 1053 87 21 Ständet
828 1054 110 20 utskottets

191 1089 133 20 betänkande
348 1088 141 26 oförändradt,
513 1088 51 20 eller
585 1088 47 20 med
657 1088 40 19 den
720 1088 24 19 af
760 1088 53 19 Herr
829 1088 109 20 Wasenius

191 1123 120 26 föreslagna
326 1122 141 27 uteslutning?
497 1123 45 19 Den
565 1129 43 13 som
633 1122 77 20 önskar
733 1122 36 20 det
791 1122 55 19 förra
869 1129 70 13 svarar

188 1159 36 25 ja,
241 1157 40 20 den
298 1163 43 13 som
358 1156 37 19 vill
411 1156 35 20 det
461 1163 73 13 senare
550 1157 47 25 nej.

261 1191 56 19 Härä
332 1190 98 20 svarades
447 1191 23 19 af
483 1197 26 13 en
525 1190 105 20 obestridd
647 1190 151 26 röstpluralitet
813 1190 125 26 nekande,

192 1226 5 19 i
216 1225 51 26 följd
282 1224 75 20 hvaraf
370 1224 54 19 Herr
446 1224 95 20 Wasenii
563 1224 149 20 amendement
736 1223 129 20 förklarades
891 1230 49 14 vara

194 1260 22 19 af
230 1259 87 20 Ständet
332 1260 99 24 antaget;
455 1258 38 20 och
517 1258 66 19 skulle
607 1258 18 26 ej
650 1257 81 20 mindre
755 1257 136 21 Medständen
914 1261 25 16 än

192 1293 115 20 Allmänna
329 1292 193 19 Besvärsutskottet
544 1292 71 19 härom
636 1291 131 20 underrättas
782 1298 76 19 genom
875 1294 28 17 ett
918 1293 22 19 sä

192 1327 93 26 lydande
302 1325 201 27 protokollsutdrag:

363 1359 81 27 Utdrag
460 1360 23 19 af
495 1359 187 27 Borgareständets
698 1359 106 27 protokoll
822 1360 33 19 vid
875 1361 65 20 landt-

334 1394 68 26 dagen
417 1394 7 19 i
439 1393 132 27 Helsingfors
587 1394 40 19 den
644 1394 26 19 20
686 1393 59 26 April
765 1394 59 19 1872.

262 1428 128 26 Föredrogs:
408 1427 113 20 Allmänna
536 1427 204 20 Besvärsutskottets
751 1427 132 21 betänkande
896 1430 45 19 med
