1070 1786
434 161 41 18 Den
488 161 23 18 14
523 162 42 22 Maj.
817 161 43 18 1137

123 218 66 19 tilläte
206 218 143 27 filantropiska
366 219 78 27 åsigter
461 219 48 20 leda
525 219 31 26 sig
572 218 54 20 ända
642 219 78 20 derhän
739 221 28 17 att
788 219 57 19 stifta
859 225 26 13 en

123 251 64 20 sådan
203 252 41 27 lag,
260 255 29 17 att
305 253 136 26 disciplinens
452 253 183 26 upprätthållande
648 253 26 26 på
687 253 49 20 våra
747 253 71 26 fartyg
830 253 53 19 deri-

123 292 75 19 genom
215 286 68 20 skulle
299 287 155 26 omöjliggöras.
485 287 30 19 Af
529 287 25 19 de
572 287 226 25 straffbestämmelser,
818 293 43 13 som
878 287 6 19 i

124 321 9 22 S
154 319 26 19 62
200 319 94 26 föreslås,
312 322 36 17 äro
368 320 74 19 endast
463 320 169 26 penningeböter
651 320 128 26 någongång
796 320 88 26 tillämp-

125 352 52 27 liga;
194 360 46 13 men
257 354 25 19 de
305 356 35 17 äro
358 354 47 20 icke
422 354 65 26 nägot
503 354 69 19 medel
588 356 27 17 att
633 354 20 19 fä
669 354 39 19 den
725 354 159 26 ögonblickliga

123 386 85 27 lydnad,
224 394 43 13 som
284 390 23 16 är
322 390 28 17 ett
367 388 150 19 hufvudvilkor
533 388 31 19 för
579 394 25 12 en
621 387 62 20 säker
699 388 131 26 navigering,
842 388 39 19 och

123 420 61 20 hafva
208 421 105 20 dessutom
337 422 39 20 den
400 424 56 18 stora
479 422 140 26 olägenheten
643 424 30 17 att
695 422 25 20 de
742 422 79 20 drabba
836 422 48 19 icke

123 456 89 20 allenast
227 456 39 20 den
283 456 90 24 felande,
397 459 47 17 utan
470 456 62 20 äfven
549 457 52 19 hans
625 456 71 26 familj.
728 456 37 20 Att
787 456 98 20 använda

123 492 65 17 arrest
213 490 40 19 kan
278 493 72 17 nästan
374 491 68 26 aldrig
465 490 86 20 komma
573 490 7 19 i
597 490 64 26 fråga,
677 490 63 20 redan
758 490 81 20 derföre
855 492 30 18 att

125 530 46 14 man
193 524 87 20 ombord
301 524 25 26 pä
346 527 30 17 ett
398 525 69 25 fartyg
487 524 68 26 aldrig
572 524 37 19 har
624 524 102 20 öfverflöd
742 524 27 26 pä
784 524 43 20 folk
845 523 38 20 och

124 558 81 20 säledes
219 559 51 20 icke
280 559 36 20 kan
335 559 93 20 undvara
443 566 26 13 en
485 559 52 20 eller
553 559 50 20 flere
621 565 47 13 man
684 558 44 20 frän
745 558 71 20 arbete
833 558 52 19 eller

125 595 105 17 manöver.
261 593 47 19 Med
324 593 44 19 stöd
386 593 22 20 af
422 593 53 19 hvad
490 594 37 25 jag
544 600 26 12 nu
587 593 37 19 här
639 593 45 19 haft
699 595 50 17 äran
761 593 72 19 anföra
845 592 38 20 och

123 626 135 26 åberopande
282 628 41 18 min
347 627 144 20 betänkandet
514 627 98 26 bifogade
635 626 136 26 reservation,
796 626 31 19 får
848 626 37 26 jag

124 660 106 20 vördsamt
241 662 82 24 föreslå,
340 664 29 18 att
385 662 88 20 Ståndet
483 662 50 19 ville
549 662 73 18 förena
638 661 31 26 sig
685 666 32 14 om
735 661 29 18 att
779 660 57 26 gifva
852 662 31 22 $:n

123 694 41 20 den
184 695 132 26 ordalydelse
334 696 38 26 jag
388 696 5 18 i
410 696 156 19 reservationen
584 694 113 25 föreslagit.
728 693 94 27 Antages
838 694 47 19 mitt

125 728 83 26 förslag,
225 729 22 19 så
264 732 22 16 är
298 730 37 25 jag
351 729 124 27 öfvertygad
493 736 41 19 om,
550 730 30 18 att
596 729 120 26 kroppsaga
732 730 71 17 nästan
816 728 67 26 aldrig

123 761 95 20 kommer
240 764 29 18 att
292 764 113 25 användas,
429 766 22 24 ty
475 763 67 20 blotta
562 762 149 20 medvetandet
726 768 32 13 om
775 764 30 17 att
821 762 61 26 lagen

123 796 139 20 tillerkänner
272 796 157 20 befälhafvaren
442 796 58 20 makt
511 798 28 18 att
552 795 140 27 upprätthålla
704 795 123 25 disciplinen
841 801 41 13 om-

127 830 50 20 bord
194 830 52 20 skall
263 831 6 19 i
286 831 25 19 de
328 830 58 20 flesta
402 831 36 19 fall
455 837 50 13 vara
521 836 42 20 nog
578 832 30 17 att
623 830 118 26 förebygga
757 828 126 26 obehagliga

124 864 122 26 uppträden.
277 864 31 20 Då
324 864 104 26 kaptenen
446 868 23 16 är
485 867 92 23 tvungen
594 866 30 17 att
639 862 105 20 anteckna
760 862 35 20 allt
810 863 6 19 i
826 863 57 25 jour-

123 897 69 26 nalen,
214 898 22 19 så
256 901 23 16 är
295 899 62 19 redan
375 899 57 20 detta
448 901 29 17 ett
492 901 53 17 stort
561 898 54 19 band
632 897 26 26 på
674 897 88 24 honom;
777 903 48 13 men
843 896 38 19 han

122 934 22 17 är
160 931 104 20 dessutom
281 932 61 20 äfven
359 933 95 20 förfallen
471 933 31 19 till
515 933 59 19 böter
584 932 30 19 för
627 931 104 20 missbruk
742 930 23 19 af
773 931 32 18 sin
817 930 63 19 makt.

123 965 65 20 Dessa
210 966 58 20 böter
288 967 36 19 har
342 967 36 27 jag
398 968 6 19 i
423 967 108 20 Utskottet
546 966 109 26 föreslagit
669 967 30 18 att
714 965 52 19 ökas
782 965 54 18 ända
852 965 31 18 till

125 1000 51 19 1000
193 1000 69 25 mark,
279 1007 46 13 men
343 1001 36 19 har
398 1001 45 20 deri
459 1001 48 19 icke
523 1000 37 20 fått
578 999 97 20 medhåll.
706 999 8 19 I
726 998 107 26 Amerika,
845 999 38 19 der

121 1041 39 19 aga
178 1035 61 18 äfven
260 1037 23 16 är
303 1034 79 19 tillåten
404 1041 32 12 om
457 1033 138 27 skeppsbord,
612 1033 77 26 pliktar
704 1032 106 25 kaptenen
829 1032 53 19 1000

123 1068 72 25 dollar,
212 1075 32 12 om
264 1068 41 19 han
322 1068 138 20 misshandlar
471 1075 26 13 en
515 1075 54 18 man,
585 1067 39 20 och
638 1067 37 26 jag
691 1067 56 19 inser
763 1066 46 19 icke
821 1066 60 19 hvar-

122 1104 42 18 före
178 1109 46 12 man
240 1102 48 20 icke
305 1103 37 19 hos
358 1109 32 13 oss
411 1103 69 19 kunde
501 1102 82 19 härföre
604 1103 76 18 utsätta
698 1101 66 25 högre
781 1099 59 20 böter
855 1103 25 16 än

121 1137 40 19 200
178 1136 65 25 mark,
260 1136 26 19 då
302 1143 46 13 man
365 1137 84 19 ändock
466 1136 74 26 tyckes
556 1141 51 14 vara
623 1135 22 19 af
658 1134 40 20 den
716 1134 54 26 åsigt
785 1135 30 18 att
831 1133 50 26 kap-

99 1177 2 2 *
121 1173 87 17 tenerne
224 1170 43 19 ofta
284 1171 117 20 missbruka
416 1171 31 19 sin
465 1170 130 26 myndighet.

188 1204 54 20 Herr
257 1204 79 26 Frey:
352 1204 9 19 I
376 1204 42 20 allo
434 1204 91 20 delande
541 1204 40 18 den
598 1202 22 20 af
634 1201 127 27 föregående
777 1201 63 19 ärade
852 1204 29 16 ta-

121 1239 43 18 lare
186 1237 91 20 uttalade
298 1237 60 27 åsigt,
374 1240 30 17 att
420 1238 35 19 det
470 1241 22 16 är
509 1245 24 12 en
551 1237 111 26 ovilkorlig
679 1235 156 26 nödvändighet
851 1235 30 20 för

121 1272 156 20 befälhafvaren
302 1275 29 17 att
355 1272 70 20 kunna
449 1272 106 26 tilltvinga
577 1272 32 25 sig
632 1269 144 28 ögonblicklig
795 1269 86 26 lydnad,

121 1307 35 18 vill
169 1307 37 25 jag
222 1306 53 19 blott
291 1308 42 17 mot
348 1306 40 20 den
400 1306 23 20 af
432 1306 76 20 honom
521 1305 119 26 föreslagna
651 1304 109 20 redaktion
773 1303 24 19 af
805 1303 75 26 ifräga-

122 1340 90 20 varande
228 1342 9 22 $
253 1340 113 20 framställa
382 1341 65 26 några
462 1340 171 25 anmärkningar,
668 1337 147 21 Förevarande
822 1333 12 32 $
831 1337 48 24 uti

121 1374 116 19 Utskottets
255 1373 133 20 betänkande
404 1374 70 25 börjar
491 1373 46 20 med
555 1375 29 18 ett
600 1371 151 28 uppräknande
767 1371 22 19 af
803 1371 25 19 de
840 1371 40 19 för-

120 1407 84 25 seelser,
225 1406 71 21 hvilka
316 1408 159 19 befälhafvaren
496 1407 69 20 skulle
586 1407 70 19 kunna
672 1404 105 27 bestraffa,
793 1405 39 19 och
849 1405 31 19 så-

117 1448 43 13 som
184 1440 78 20 sådana
286 1445 130 16 omnämnas:
441 1441 137 26 vårdslöshet,
602 1440 152 27 försumlighet,
781 1438 100 27 olydnad,
