1070 1786
429 151 40 16 Den
483 150 21 17 16
518 150 60 22 April.
819 151 34 17 709

126 209 39 20 och
181 208 128 27 välgörande
328 208 100 20 stiftelser
443 208 6 19 i
465 207 116 20 allmänhet
600 207 52 20 böra
673 207 51 26 ingå
744 208 28 19 uti
793 208 83 21 Statens

127 242 85 27 budget,
234 242 24 19 så
280 242 58 20 torde
361 241 124 27 derigenom
512 241 146 20 förhållanden
682 241 126 26 framkallas,
831 249 44 13 som

126 276 48 20 leda
188 276 32 19 till
236 278 29 18 ett
280 276 31 19 för
326 276 40 19 den
383 276 106 19 allmänna
504 275 162 27 hushållningen
684 275 80 20 mindre
779 276 98 20 tillfreds-

129 310 101 20 ställande
246 310 91 20 resultat.
369 310 47 19 Man
433 309 37 19 har
485 309 66 19 också
566 310 6 18 i
592 309 217 20 öfverensstämmelse
830 310 47 19 här-

128 344 48 19 med
191 344 7 18 i
213 343 115 20 allmänhet
344 344 46 19 hört
405 343 135 27 öfverklagas
556 344 41 19 den
613 344 69 26 legala
693 343 184 27 fattigförsörjnin-

127 384 52 20 gens
195 378 115 24 resultater,
327 384 47 13 man
390 377 38 20 har
443 377 98 20 klandrat
556 377 151 27 författningen
727 377 71 20 härom
818 378 24 19 af
855 377 23 20 år

129 412 61 19 1852.
219 411 39 26 Jag
274 412 56 18 inser
346 411 18 26 ej
380 411 67 19 heller
463 411 96 19 hvarföre
580 411 39 20 och
638 411 27 26 på
685 411 71 19 hvilka
776 411 46 20 skäl
841 418 37 13 un-

129 446 149 25 dervisningen
302 446 30 18 för
357 445 71 19 blinda
449 445 50 19 barn
518 445 122 26 egentligen
657 445 67 19 skulle
741 445 50 20 böra
805 446 51 26 ingå
871 446 6 19 i

129 479 219 27 folkskolebudgeten.
377 479 42 19 Det
438 482 23 16 är
483 479 27 25 på
533 479 62 19 dessa
617 478 74 25 skäl,
685 474 12 36 i
710 479 97 27 förening
830 480 47 19 med

130 513 55 23 dem,
201 519 43 13 som
262 513 27 19 uti
313 513 39 19 den
376 513 128 19 reservation
523 513 37 25 jag
577 513 43 19 haft
639 515 49 17 äran
704 513 92 27 åberopa
811 513 67 21 finnas

130 546 136 27 framställda,
289 553 42 14 som
352 547 37 26 jag
412 547 19 26 ej
450 546 41 20 kan
513 546 82 20 biträda
610 547 111 20 utskottets
738 547 141 26 betänkande,

131 583 47 17 utan
195 581 120 19 hemställer
329 581 31 19 till
376 581 93 25 Ständet,
486 581 103 19 huruvida
605 581 18 25 ej
640 581 45 19 skäl
696 587 50 14 vore
760 581 118 20 förhanden

131 617 29 17 att
174 615 94 19 förkasta
284 615 56 19 detta
356 614 140 20 betänkande.
525 614 42 26 Jag
587 614 121 20 hemställer
730 615 31 19 till
784 615 95 26 Ståndet,

130 649 102 19 huruvida
247 649 35 19 det
297 651 22 17 är
335 648 99 26 förenligt
449 648 46 20 med
512 648 40 20 den
572 648 74 20 känsla
664 648 22 20 af
704 648 116 21 humanitet
839 650 40 19 och

131 682 133 20 medlidande
288 682 45 20 med
357 682 50 20 våra
426 682 108 26 olyckliga
549 682 175 20 samhällsbröder
740 683 20 19 vi
779 689 50 14 anse
845 690 34 13 oss

130 717 51 20 böra
197 717 57 26 hysa,
270 719 30 17 att
315 717 26 25 på
356 716 72 20 Staten
444 716 109 24 öfverlåta,
572 716 31 19 till
623 716 71 20 Staten
715 716 112 27 hänskjuta
849 717 29 20 åt-

131 751 81 27 gärder,
235 757 43 13 som
303 750 52 20 efter
378 750 42 21 min
442 749 54 27 åsigt
514 750 44 19 helt
577 750 39 19 och
635 750 65 20 hållet
715 750 64 20 borde
795 751 85 21 tillhöra

132 785 39 19 den
196 784 96 20 enskilda
314 784 171 26 välgörenheten.
515 783 33 20 Då
560 784 37 26 jag
612 784 88 20 sålunda
719 784 102 26 åberopar
837 786 43 26 mig

132 819 26 26 på
174 818 40 20 den
230 819 106 19 allmänna
352 817 221 26 menniskokärleken,
590 817 23 20 så
628 818 49 19 sker
698 818 35 20 det
752 819 19 25 ej
790 819 91 20 allenast

131 852 27 26 på
175 853 41 19 min
237 852 96 20 enskilda
352 851 153 26 öfvertygelses
523 851 110 26 grundval,
653 853 48 18 utan
722 852 36 20 har
771 853 38 26 jag
824 854 7 18 i
845 854 36 20 det

131 887 109 19 afseendet
260 886 30 19 till
310 886 45 19 stöd
375 886 31 18 för
426 885 40 19 min
487 884 144 27 öfvertygelse
646 886 66 19 andra
727 886 84 20 länders
827 889 53 18 erta-

132 921 74 19 renhet
228 920 38 19 och
290 919 107 20 föredöme
413 919 5 19 i
435 925 80 13 samma
536 919 41 19 fall.
611 919 40 19 Det
674 922 22 16 är
718 919 65 21 kändt
806 923 30 18 att
851 922 28 19 uti

132 954 94 26 Europas
245 953 59 20 flesta
323 953 73 19 länder
417 952 103 20 likartade
541 952 100 20 anstalter
656 953 46 20 med
719 953 54 27 dem,
792 961 44 14 som
853 962 27 13 nu

132 989 7 19 i
154 988 89 20 Finland
259 987 163 26 ifrägakommit,
438 986 45 19 dels
494 986 44 19 helt
549 986 40 19 och
605 986 63 20 hället
684 987 139 27 underhällas,
835 989 46 20 dels

133 1023 127 19 ätminstone
276 1020 144 26 understödjas
436 1026 75 19 genom
524 1020 84 19 enskild
619 1021 143 26 välgörenhet,
774 1023 18 25 ej
804 1029 78 20 genom

133 1056 109 26 offentliga
262 1055 132 25 statsbidrag.
424 1054 41 19 Det
484 1057 23 16 är
525 1056 31 17 att
571 1054 96 27 fräntaga
682 1055 46 20 dem
746 1056 39 19 den
805 1056 76 21 karak-

133 1093 37 23 ter,
187 1097 43 13 som
247 1090 47 19 dem
311 1088 119 27 egentligen
447 1087 135 26 tillkommer,
603 1090 29 18 att
648 1089 60 20 ställa
723 1089 47 20 dem
786 1091 6 18 i
813 1091 70 20 direkt

133 1124 129 20 förbindelse
285 1123 46 20 med
355 1122 165 26 statsbudgeten.
551 1121 40 27 Jag
614 1129 104 20 upprepar
737 1123 82 21 derföre
838 1125 42 20 min

133 1158 133 20 vördsamma
281 1157 97 20 anhällan
394 1158 30 17 att
440 1155 87 20 Ständet
543 1157 49 19 ville
609 1157 93 20 förkasta
720 1157 111 21 utskottets
851 1162 30 17 ut-

133 1192 85 20 lätande
233 1192 5 18 i
254 1191 160 26 ifrägavarande
432 1190 41 19 fall.

201 1226 53 19 Herr
268 1224 76 21 Julin:
361 1224 31 20 Dä
405 1224 37 27 jag
457 1224 68 20 säsom
543 1224 90 20 medlem
652 1225 6 19 i
678 1225 35 20 det
732 1225 85 26 utskott,
836 1233 44 14 som

134 1259 106 21 förberedt
256 1259 78 26 frägan,
351 1259 89 25 deltagit
455 1259 4 18 i
476 1258 39 20 och
533 1258 90 27 bidragit
639 1259 30 19 till
686 1259 110 20 utskottets
807 1260 76 27 beslut,

134 1295 23 19 sä
171 1294 37 19 ber
221 1294 37 25 jag
274 1293 21 20 få
310 1295 82 22 nämna,
412 1294 30 18 att
462 1293 37 26 jag
519 1292 45 20 från
581 1293 64 19 första
660 1293 61 20 stund
738 1293 65 26 ansåg
819 1295 40 19 den
876 1296 7 19 i

133 1330 68 19 staten
224 1329 106 24 upptagna
352 1325 71 21 siffran
447 1333 50 12 vara
519 1326 86 26 mycket
624 1327 31 19 för
678 1327 47 26 hög,
745 1334 46 13 men
808 1329 74 20 trodde

133 1362 117 20 Ständerne
266 1361 54 20 dock
336 1361 19 25 ej
372 1361 50 19 böra
437 1360 23 19 af
474 1360 52 19 brist
541 1360 27 26 pä
584 1360 108 20 bestämda
708 1361 63 25 fakta,
782 1361 102 26 stipulera

133 1395 81 21 mindre
230 1395 75 26 siffror,
320 1397 22 24 ty
358 1395 123 26 derigenom
498 1394 68 20 skulle
583 1401 47 13 man
651 1395 98 26 möjligen
768 1394 72 21 kunna
855 1397 28 19 af-

133 1431 62 20 skära
210 1429 32 19 för
256 1429 135 26 Regeringen
408 1429 38 19 och
462 1429 156 26 inrättningens
638 1428 144 20 föreständare
802 1430 81 27 möjlig-
