1070 1786
199 144 33 30 704
479 148 40 17 Den
531 149 22 16 16
568 149 59 21 April.

177 207 105 18 mansatta
297 205 63 20 Stats-
377 205 39 20 och
431 205 232 21 Ekonomieutskottets
679 205 133 20 betänkande
831 206 6 19 i
857 205 71 20 anled-

178 240 51 25 ning
252 239 22 19 af
291 239 57 20 Hans
372 239 117 26 Kejserliga
511 240 108 26 Majestäts
638 239 84 26 Nådiga
740 240 136 26 proposition,
892 246 35 13 an-

178 273 84 26 gående
277 273 73 26 anslag
366 273 23 19 af
403 273 197 26 bevillningsmedel
619 273 31 20 för
675 273 71 20 blinda
769 273 62 20 barns
854 273 74 20 under-

178 307 85 25 visning
279 307 39 19 och
335 306 127 26 uppfostran.

248 340 42 20 Vid
307 340 40 20 den
363 340 7 20 i
385 340 114 26 anledning
522 340 61 20 häraf
603 340 123 26 uppkomna
748 340 119 20 diskussion
889 343 41 24 ytt-

179 374 50 20 rade
245 374 43 26 sig:

248 408 53 20 Herr
316 408 149 27 Wallgren:
481 408 40 27 Jag
537 408 116 27 tillstyrker
668 409 130 26 antagandet
813 409 22 19 af
853 408 77 20 utskot-

180 444 40 18 tets
244 442 142 26 betänkande,
409 442 68 20 såvidt
500 442 35 20 det
557 445 34 17 rör
610 442 74 26 frågan
701 449 33 13 om
750 442 79 20 Finska
847 442 83 20 talande

181 476 73 20 blinda
276 476 62 20 barns
364 476 151 27 undervisning
534 476 40 20 och
589 476 130 26 uppfostran.
749 476 40 26 Jag
805 479 38 24 gör
858 476 35 20 det
909 476 22 19 så

181 510 87 26 mycket
283 510 65 20 hellre
364 516 44 14 som
426 510 100 20 utskottet
541 510 99 20 särskildt
655 510 114 20 framhållit
784 510 40 20 den
841 512 90 18 omstän-

181 544 101 27 digheten
298 544 44 19 ”att
357 544 116 20 Ständerne
489 544 51 19 ville
555 544 67 20 såsom
640 546 30 18 ett
685 544 159 27 önskningsmål
861 544 71 25 uttala,

181 580 31 17 att
227 578 99 19 eleverna
341 578 5 19 i
363 578 103 19 anstalten
482 578 47 19 icke
545 578 64 19 måtte
625 578 73 25 vänjas
715 578 34 19 vid
765 580 29 17 ett
809 578 74 20 sådant
894 578 37 19 lef-

182 612 101 25 nadssätt,
298 618 44 13 som
359 612 26 19 de
401 612 53 19 efter
469 612 31 19 sin
521 611 78 27 afgång
620 611 92 20 derifrån
734 611 66 20 sakna
823 612 109 26 möjlighet

183 647 29 17 att
228 652 77 20 genom
321 646 36 19 sitt
372 645 73 20 arbete
461 646 74 25 sjelfva
550 645 78 20 bereda
643 646 33 25 sig
692 646 38 19 och
747 647 30 18 alt
794 648 76 17 största
887 646 45 26 vigt

183 679 67 20 skulle
267 680 63 19 fästas
346 679 34 20 vid
397 680 109 19 elevernas
525 679 97 20 tekniska
643 679 52 20 eller
716 680 123 19 industriela
857 680 75 19 under-

183 713 105 26 visning”.
317 709 70 23 Äfven
401 714 37 26 jag
454 713 77 19 önskar
547 715 30 17 att
593 713 76 19 betona
690 713 70 19 denna
779 713 155 26 omständighet

184 747 40 20 och
246 747 37 19 vill
306 747 83 19 derföre
412 747 61 19 äfven
490 746 105 27 tillstyrka
614 747 70 19 denna
699 747 34 19 del
748 747 22 19 af
784 747 149 21 betänkandet.

183 781 61 19 Hvad
255 781 45 19 åter
309 780 133 20 vidkommer
457 780 153 20 betänkandets
624 787 75 13 senare
713 781 41 25 del,
765 781 90 19 rörande
869 780 64 20 Sven-

184 814 39 20 ska
246 814 83 20 talande
352 814 72 20 blinda
448 814 61 20 barns
531 814 152 26 undervisning
706 814 39 20 och
768 815 128 25 uppfostran,
912 815 22 19 så

184 848 41 20 kan
240 849 38 25 jag
294 848 18 26 ej
329 848 48 20 dela
392 848 40 20 den
450 848 22 19 af
485 848 102 20 utskottet
602 848 92 20 uttalade
710 848 55 26 åsigt
779 851 30 17 att
824 848 62 26 ingen
899 848 34 20 be-

185 882 88 26 villning
288 882 32 19 för
336 882 58 19 detta
408 882 96 19 ändamål
520 882 67 19 skulle
603 882 76 19 äskats.
712 882 42 25 Jag
777 884 42 17 tror
842 884 35 23 att,
900 888 32 13 om

186 922 47 13 man
250 922 55 19 noga
328 915 115 26 genomgår
466 915 40 20 den
529 915 83 26 Nädiga
630 916 157 25 propositionen
807 916 7 19 i
833 915 57 20 detta
905 916 29 19 af-

185 949 85 26 seende,
286 949 35 19 det
336 949 94 26 tydligen
447 949 60 20 deraf
521 949 96 26 framgår,
634 951 35 23 att,
686 955 34 14 om
737 955 46 13 man
803 949 77 20 önskar
895 949 38 20 lik-

185 983 62 20 ställa
262 983 165 20 blindanstalten
442 983 32 19 för
489 983 96 19 Svenska
601 983 83 19 talande
702 983 51 19 barn
773 983 46 19 med
840 983 95 20 blindan-

186 1017 75 19 stalten
278 1017 30 19 för
324 1017 54 24 dem,
394 1016 83 20 hvilkas
493 1016 107 27 tungomål
615 1019 23 17 är
653 1016 100 26 Finskan,
772 1017 80 19 fordras
872 1016 65 20 också

186 1051 83 19 derföre
286 1051 123 25 bevillning.
439 1050 40 20 Det
495 1051 92 26 framgår
602 1050 86 20 alldeles
705 1050 48 19 icke
771 1049 23 20 af
812 1051 124 25 propositio-

186 1091 41 13 nen
243 1087 30 17 att
289 1085 70 19 Staten
384 1084 22 19 af
426 1084 46 19 sina
495 1084 68 19 medel
583 1087 71 16 ämnar
669 1084 136 26 understödja
823 1084 68 19 denna
906 1085 30 18 in-

186 1119 100 25 rättning.
316 1118 66 19 Deraf
402 1118 92 26 framgår
517 1118 53 19 blott
590 1118 83 26 tydligt,
689 1120 30 17 att
734 1118 47 25 den,
800 1124 44 13 som
861 1118 77 19 önskar

186 1154 31 18 att
232 1153 61 19 dessa
313 1152 159 19 blindanstalter
491 1152 60 19 skola
570 1158 50 13 vara
636 1151 113 26 likställda,
769 1151 33 20 må
817 1151 66 20 också
897 1152 41 19 för-

186 1186 52 19 orda
254 1186 128 25 bevillning;
399 1185 39 19 och
455 1185 26 20 då
499 1186 38 26 jag
553 1185 125 19 åtminstone
699 1185 31 19 för
747 1185 41 19 min
805 1185 33 19 del
855 1185 83 25 önskar,

186 1222 32 17 att
233 1219 61 20 dessa
310 1219 70 27 begge
396 1219 100 20 anstalter
512 1219 33 20 må
561 1225 49 14 vara
625 1218 46 20 fullt
689 1218 114 26 likställda,
823 1225 62 14 anser
901 1219 37 26 jag

186 1254 163 25 konseqvensen
366 1253 39 20 och
421 1253 99 20 rättvisan
538 1253 71 20 fordra
624 1255 30 17 att
668 1253 63 19 äfven
747 1253 31 19 för
797 1253 58 19 detta
874 1253 65 19 ända-

188 1288 41 19 mål
246 1287 116 26 bevillning
378 1287 123 26 medgifves.
531 1287 40 26 Jag
587 1287 92 19 ansluter
697 1286 42 26 mig
755 1286 82 19 således
856 1287 6 18 i
882 1287 58 19 detta

188 1321 100 20 afseende
311 1321 128 26 fullkomligt
462 1321 30 18 till
512 1321 53 19 Herr
580 1320 116 20 Mechelins
712 1320 23 19 af
748 1320 107 19 Professor
874 1320 65 20 Mont-

188 1361 88 20 gomery
293 1354 143 20 understödda
453 1354 135 20 reservation.

258 1389 53 20 Herr
326 1388 139 20 Mechelin:
488 1388 37 19 Att
541 1388 59 26 börja
616 1388 46 19 med
686 1387 38 20 ber
737 1388 36 25 jag
795 1389 30 18 att
840 1387 21 20 få
877 1389 64 19 uttala

190 1423 42 19 min
256 1422 122 26 synnerliga
403 1422 78 26 fägnad
501 1422 104 25 deröfver,
626 1423 30 18 att
672 1421 46 20 mitt
732 1421 96 26 yrkande
843 1421 7 19 i
867 1421 40 20 den
922 1421 24 20 af
