1070 1786
213 149 35 18 984
501 148 40 17 Den
555 148 21 17 11
590 148 41 23 Maj.

417 206 117 30 Lördagen
558 207 42 22 den
624 208 26 21 11
672 207 44 30 Moj

191 274 29 19 kl.
245 273 56 26 10!/,
325 273 13 20 f.
357 279 27 14 m.
403 273 169 20 sammanträdde
592 273 31 19 till
646 273 86 26 plenum
756 273 188 26 Borgareständets

192 307 99 27 samtlige
315 307 143 25 medlemmar,
482 307 47 19 med
554 307 106 26 undantag
684 307 24 19 af
728 307 77 19 Herrar
820 306 124 20 Gummerus

192 341 40 20 och
255 341 62 26 Berg,
340 347 44 13 som
408 341 79 19 anmält
508 341 32 26 sig
560 347 56 19 vara,
634 341 40 19 den
694 341 54 19 förre
763 341 24 19 af
799 340 145 26 sjukdomsfall

192 376 57 18 inom
274 375 31 19 sin
328 375 66 25 familj
418 374 39 20 och
479 375 41 19 den
541 381 74 13 senare
631 375 23 19 af
667 374 127 20 illamående
810 373 135 21 förhindrade

193 411 31 17 att
240 408 164 20 sammanträdet
420 408 81 20 bivista.

262 442 122 20 Justerades
406 442 104 20 särskilda
532 442 74 26 utdrag
628 449 23 12 ur
669 442 187 26 Borgareståndets
876 442 68 26 proto-

194 476 44 20 koll
262 476 32 20 för
316 476 39 20 den
372 477 11 18 7
400 476 7 19 i
423 476 68 20 denna
515 476 75 20 månad
614 476 59 20 öfver
696 476 97 20 Ståndets
814 476 67 20 beslut
897 476 6 18 i
919 475 27 19 då

194 510 127 20 förevordna
336 510 94 20 ärender.

262 544 133 27 Föredrogos
417 544 92 26 följande
533 544 31 19 till
586 544 88 20 Ståndet
696 544 106 20 ankomna
820 543 125 27 protokolls-

195 578 86 26 utdrag:

266 610 41 29 1:0)
324 611 45 20 från
385 612 120 26 Höglofliga
520 612 155 26 Ridderskapet
690 612 38 20 och
744 612 76 25 Adeln,
836 612 23 19 af
876 611 41 20 den
934 612 11 18 4

195 646 49 26 Maj,
267 646 7 18 i
293 646 115 25 anledning
429 645 23 19 af
471 645 83 27 Nådiga
576 646 191 25 propositionerna:
790 645 24 25 a)
836 645 110 27 angående

196 680 52 19 börd
265 681 52 17 samt
333 679 154 19 viderboendes
503 680 39 19 och
558 679 65 20 nabos
642 680 142 26 lösningsrätt,
801 679 21 27 b)
841 686 33 13 om
896 686 51 18 upp-

196 714 88 19 förande
307 713 22 19 af
346 713 36 19 två
402 713 101 25 fyrbåkar
518 714 6 18 i
540 713 84 27 Ladoga
644 714 30 25 sjö
691 714 39 19 och
746 720 33 13 om
796 713 115 26 utgörande
927 712 23 20 af

197 747 124 26 bevillning,
348 746 68 20 såvidt
438 747 65 26 angår
527 747 129 19 bekostande
680 747 23 19 af
723 754 26 12 en
765 747 33 26 fyr
815 747 12 19 &
843 747 104 26 Bogskärs

197 781 217 25 undervattensgrund
438 781 61 19 söder
518 788 33 12 om
568 774 76 33 Åland,
660 782 22 25 c)
698 781 110 27 angående
827 781 75 26 anslag
916 781 31 19 till

197 822 27 18 ny
241 814 116 20 kuranstalt
373 815 31 19 för
420 815 139 25 sinnessjuka,
575 815 23 26 d)
614 822 33 13 om
664 815 123 20 afträdande
802 815 23 20 af
838 815 60 19 mark
917 815 30 19 till

197 849 130 26 anläggning
350 848 22 20 af
392 848 109 27 landsväg,
517 849 19 26 e)
552 856 33 12 om
601 850 121 26 rigtningen
739 849 23 20 af
777 850 121 19 stambanor
913 849 36 19 vid

194 882 256 27 jernvägsanläggningar
472 883 7 18 i
500 883 102 25 Finland;
628 885 54 17 samt
708 883 110 26 angående
840 883 107 26 petitions-

196 916 106 27 förslagen
314 915 24 28 f)
354 923 32 12 om
404 916 138 27 dissenterlag
558 917 39 19 och
613 917 35 26 lag
664 919 44 17 mot
721 917 176 26 proselytmakeri
908 917 39 19 och

196 950 24 27 g)
236 957 33 12 om
286 950 165 19 ambulatoriska
473 950 81 19 skolors
576 951 143 19 inrättande
712 946 14 35 i
738 951 25 19 de
787 950 161 26 grekisk-ryska

198 984 174 25 församlingarne
388 984 7 19 i
410 984 95 25 Finland,
529 984 108 20 äfvensom
660 985 24 18 af
704 985 40 19 den
766 985 11 18 6
798 985 41 25 Maji
877 985 70 18 anled-

199 1019 50 25 ning
265 1018 22 19 af
300 1018 83 26 Nädiga
405 1018 183 25 propositionerna
603 1017 23 27 4)
645 1025 33 12 om
702 1019 89 25 ändring
815 1018 22 19 af
853 1019 95 25 grunden

199 1052 31 19 för
254 1051 167 27 tolagsafgiftens
445 1051 134 20 beräknande
603 1051 39 20 och
658 1051 18 27 i)
692 1058 32 13 om
749 1051 73 27 tillägg
845 1052 31 19 till
895 1052 54 19 stad-

199 1086 79 26 gandet
293 1085 89 20 rörande
402 1085 94 26 grunden
518 1085 31 20 för
564 1085 101 20 Finlands
682 1085 66 20 banks
764 1085 185 27 sedelutgifnings-

199 1121 41 18 rätt
262 1122 54 17 samt
338 1126 33 13 om
390 1119 93 20 ändrade
503 1119 131 26 stadganden
651 1119 90 20 rörande
757 1119 41 20 den
814 1119 66 26 årliga
895 1120 54 19 revi-

199 1153 74 20 sionen
290 1153 21 20 af
324 1153 100 20 Finlands
440 1153 67 20 banks
523 1153 92 19 tillständ
631 1153 39 20 och
690 1153 134 25 förvaltning,
842 1153 107 20 äfvensom

198 1187 24 26 k)
245 1187 201 26 petitionsförslaget
468 1193 33 13 om
525 1187 101 26 rensning
647 1187 23 19 af
687 1187 103 19 särskilda
806 1187 90 19 farleder
911 1187 39 19 och

200 1220 124 26 vattendrag
340 1220 6 20 i
362 1220 36 20 det
412 1220 46 20 inre
474 1220 23 20 af
510 1220 77 20 landet.

268 1253 42 29 2:0)
327 1254 44 19 frän
388 1254 137 27 Högvördiga
540 1254 158 20 Presteständet
713 1255 23 19 af
750 1254 39 20 den
806 1254 11 19 6
837 1254 63 26 Maji
916 1261 36 13 an-

199 1289 88 26 ledning
303 1288 22 20 af
338 1288 137 20 förenämnde
490 1289 83 26 Nädiga
589 1289 165 26 propositioner:
770 1288 24 26 a)
810 1295 33 13 om
863 1289 89 26 ändring

199 1323 23 19 af
236 1323 95 26 grunden
354 1322 32 19 för
409 1322 168 26 tolagsafoiftens
600 1322 143 25 beräknande,
764 1321 11 20 b)
805 1329 33 12 om
858 1323 95 25 grunden

201 1356 31 19 för
247 1357 101 18 Finlands
367 1356 67 19 banks
454 1357 218 26 sedelutgifningsrätt
688 1356 39 19 och
743 1355 19 27 c)
779 1362 32 13 om
831 1356 40 19 den
888 1357 67 26 ärliga

201 1391 120 19 revisionen
337 1391 7 18 i
360 1390 84 20 banken
456 1393 53 17 samt
523 1390 24 25 d)
558 1391 111 26 angäende
681 1390 154 20 ofvanberörde
846 1391 108 24 petitions-

201 1423 78 27 förslag
295 1430 32 13 om
345 1424 103 20 särskilda
465 1424 100 20 farleders
581 1424 39 20 och
637 1424 136 26 vattendrags
789 1425 149 24 upprensning.
