1070 1786
203 143 45 17 1320
493 142 42 17 Den
547 142 21 17 21
581 141 41 22 Maj.

180 200 180 27 pantsättningen,
376 199 120 20 antecknad
512 199 27 26 på
555 199 75 26 sjelfva
646 198 141 28 skuldsedeln.
815 198 32 20 Då
862 198 70 20 skuld-

179 234 73 20 sedeln
269 236 23 17 är
307 233 61 20 ställd
385 233 31 19 till
432 233 79 25 ordres,
528 232 23 20 så
566 239 50 13 vore
632 239 26 13 en
675 233 64 19 sådan
752 232 129 26 anteckning
892 233 39 18 vis-

179 268 91 25 serligen
294 267 136 26 öfverflödig;
454 273 47 14 men
521 267 36 26 jag
580 269 48 23 tror,
649 269 30 17 att
699 267 34 19 vid
749 266 183 26 tillämpningen
920 262 17 35 i

180 301 54 20 slika
256 300 37 20 fall
313 301 19 25 ej
354 300 66 20 heller
439 300 54 20 skall
513 301 82 19 fordras
611 300 67 26 någon
695 300 72 24 sådan,
784 302 21 24 ty
823 300 62 19 redan
902 301 30 17 ut-

180 334 115 20 ställandet
309 334 31 20 till
356 335 42 19 viss
414 341 47 13 man
478 334 51 20 eller
545 335 72 19 ordres
632 334 88 20 innebär
736 336 40 17 rätt
791 334 30 18 till
833 335 99 24 pantsätt-

181 370 57 25 ning.
268 368 41 26 Jag
325 368 36 20 vill
378 369 83 19 derföre
477 368 85 20 förorda
578 368 171 26 bestämningens
765 366 146 27 qvarstående.

249 403 66 19 Herr
330 403 158 25 Björksten:
506 402 27 20 Af
551 402 35 20 det
603 402 63 20 motiv
681 402 54 19 Herr
750 401 103 20 Mechelin
865 401 69 19 anfört

180 438 31 19 för
234 437 41 20 den
298 436 162 26 ifrågavarande
485 436 160 26 bestämningen
668 435 41 20 kan
731 436 37 25 jag
787 436 32 19 för
840 435 41 20 min
898 434 33 20 del

179 472 49 19 ieke
246 471 58 19 finna
319 471 43 26 mig
378 470 159 20 tillfredsställd.
568 470 44 20 Den
629 470 66 20 fördel
713 470 82 19 banken
814 469 39 20 kan
871 468 61 20 hafva

180 505 66 25 deraf,
262 507 31 17 att
308 505 31 19 ett
354 504 75 20 sådant
443 504 149 26 medgifvande
604 504 67 20 finnes
682 504 129 20 antecknadt
822 503 26 26 på
859 503 73 26 sjelfva

180 538 145 24 skuldsedeln,
340 539 7 19 i
363 538 69 20 stället
449 538 32 20 för
496 540 29 18 att
541 540 30 18 ett
587 538 99 26 skriftligt
699 538 148 26 medgifvande
859 538 71 18 endast

181 573 88 26 åtföljde
285 579 106 18 reversen,
407 579 44 14 som
468 573 6 19 i
491 573 26 19 de
533 573 60 19 flesta
609 572 36 20 fall
662 572 83 19 ändock
761 572 66 19 måste
842 578 50 13 vara
903 571 29 20 åt-

181 607 51 26 följd
249 606 23 20 af
286 606 107 27 åtskilliga
408 606 67 20 andra
491 606 124 26 handlingar
632 617 24 3 —
669 606 70 19 denna
749 606 80 20 förmon
841 606 32 19 för
883 605 50 20 ban-

183 641 48 25 ken,
248 641 94 19 förfaller
358 641 30 19 till
406 647 26 13 en
448 640 154 26 obetydlighet,
615 640 4 19 i
628 640 127 26 jemnbredd
773 640 46 20 med
835 640 39 19 den
891 640 42 19 olä-

182 676 79 26 genhet
280 674 126 26 stadgandet
426 674 70 20 härom
516 674 53 19 skall
587 674 95 19 medföra
696 674 32 19 för
744 674 130 26 låntagaren,
890 680 43 13 som

182 709 44 19 ofta
248 709 41 19 kan
314 715 50 13 vara
384 708 127 20 urståndsatt
531 711 29 16 att
577 708 26 26 på
618 708 65 20 åratal
700 708 20 19 få
736 708 33 20 det
786 708 149 26 egenhändiga

183 743 158 26 medgifvandet
357 742 130 20 antecknadt
502 742 27 26 på
545 748 104 14 reversen.
672 742 41 26 Jag
729 742 44 25 vill,
789 742 26 26 på
831 742 66 26 grund
914 743 22 19 af

183 778 42 19 min
249 777 45 19 lilla
315 776 121 20 erfarenhet
451 777 6 19 i
473 777 39 19 den
533 779 69 23 vägen
619 776 95 26 tillägga,
730 778 31 17 att
775 776 159 26 föreningsban-

183 812 48 24 ken,
248 817 44 13 som
309 810 65 20 också
389 811 68 25 gifver
472 810 34 20 lån
524 812 42 18 mot
581 810 111 20 enahanda
707 812 50 24 pant
772 810 39 20 och
827 810 46 20 icke
885 816 50 20 upp-

182 845 72 19 ställer
274 844 68 26 någon
359 844 65 20 sådan
441 844 91 25 fordran,
548 845 19 25 ej
585 844 73 26 funnit,
674 844 67 20 såvidt
756 844 36 26 jag
808 847 41 22 vet.
866 844 67 26 någon

183 879 115 26 olägenhet
319 878 23 19 af
363 880 30 17 att
413 878 72 26 åtnöja
500 879 32 25 sig
549 878 45 19 med
613 878 50 19 blott
680 880 30 17 ett
725 878 99 19 särskildt
840 878 94 19 affattadt

183 913 99 26 skriftligt
301 912 155 26 medgifvande.
479 911 32 20 Då
525 911 48 20 icke
591 911 62 27 något
668 914 64 17 annat
749 915 24 16 än
790 915 30 16 ett
837 912 96 26 begväm-

184 947 144 26 lighetsmotiv
346 946 36 19 här
398 946 80 19 anförts
493 946 30 19 till
540 946 46 19 stöd
602 946 32 19 för
649 946 160 25 ifrägavarande
824 946 111 25 föreskrift,

184 981 36 19 vill
234 981 38 26 jag
288 980 130 20 fortfarande
434 980 99 25 vidhålla,
549 983 30 16 att
595 987 24 12 en
636 980 246 26 redaktionsförändring
898 981 5 18 i
915 980 23 19 af

184 1015 44 26 mig
243 1015 113 26 föreslaget
372 1014 56 26 syfte
445 1021 49 13 vore
510 1014 27 26 på
553 1014 30 19 sin
601 1014 59 26 plats.

253 1048 65 20 Herr
342 1048 125 19 Masalin:
497 1048 41 26 Jag
562 1048 36 19 ber
620 1050 30 17 att
670 1048 21 19 få
712 1049 111 18 instämma
839 1048 28 19 uti
883 1048 53 20 Herr

184 1082 123 26 Björkstens
329 1082 108 26 yttrande,
458 1082 130 20 beträffande
609 1082 39 19 den
666 1082 66 19 under
748 1088 74 13 senare
838 1088 62 13 mom,
916 1082 22 19 af

185 1117 94 25 punkten
296 1116 11 20 d
323 1117 88 25 intagna
435 1116 138 26 bestämning,
594 1116 72 19 såvida
686 1116 58 19 detta
758 1116 98 26 yttrande
871 1116 67 26 enligt

186 1151 42 19 min
244 1150 64 20 tanke
324 1150 38 20 har
378 1150 47 19 fullt
440 1150 45 19 skäl
502 1151 31 18 för
549 1150 38 26 sig.
618 1150 59 19 Hvad
694 1150 26 19 de
737 1150 113 26 ändringar
861 1150 75 20 beträf-

185 1185 37 24 far,
245 1191 44 13 som
315 1184 31 19 för
369 1185 63 25 öfrigt
453 1185 66 19 finnas
538 1184 23 19 af
573 1183 107 20 Utskottet
697 1184 101 26 vidtagna
814 1185 4 18 i
836 1185 69 18 denna
920 1186 16 23 $,

186 1218 22 19 så
231 1217 69 20 skulle
317 1218 37 26 jag
373 1218 45 20 åter
434 1218 50 26 vilja
500 1218 82 20 biträda
597 1218 54 19 dem.
682 1217 117 27 Angående
815 1217 72 26 frågan
904 1224 32 13 om

185 1252 125 26 inteckning
332 1252 39 19 och
393 1252 26 19 de
438 1252 142 26 olägenheter,
596 1258 44 13 som
658 1251 70 20 kunna
744 1251 74 26 uppstå
835 1251 60 20 deraf
908 1255 27 16 att

187 1286 83 19 banken
290 1286 68 19 såsom
378 1286 100 20 säkerhet
493 1287 32 18 för
540 1286 33 19 län
590 1289 117 22 emottager
722 1292 25 13 en
764 1285 128 26 skuldsedel,
907 1287 30 18 in-

185 1320 92 19 tecknad
300 1320 52 19 efter
373 1320 36 19 det
428 1327 25 12 en
469 1327 70 12 annan
556 1320 64 19 redan
637 1320 55 19 förut
709 1319 68 20 blifvit
793 1320 6 19 i
815 1326 80 13 samma
910 1320 28 19 lä-

186 1354 80 26 genhet
280 1354 123 25 intecknad,
419 1354 23 19 så
457 1356 42 17 tror
513 1355 44 25 jag,
573 1356 30 17 att
613 1355 44 18 deri
669 1353 49 20 icke
730 1353 67 26 ligger
809 1354 69 25 någon
890 1360 47 20 syn-

187 1388 94 25 nerligen
298 1391 42 16 stor
357 1388 59 24 våda,
434 1388 25 19 då
475 1388 37 19 här
529 1388 89 26 troligen
636 1388 47 19 icke
700 1388 40 19 kan
759 1387 64 20 blifva
838 1387 59 26 fråga
907 1395 32 12 om

166 1429 3 4 *
188 1422 66 19 andra
276 1421 181 26 försträckningar
478 1424 26 17 än
525 1422 79 19 sådana
624 1423 26 25 på
667 1422 84 19 kortare
767 1422 36 19 tid.
833 1421 72 20 Annat
919 1425 23 16 är
