1070 1786
431 147 40 20 Den
484 149 23 17 20
519 149 62 23 April.
825 148 32 18 757

133 207 87 20 stånden
237 211 26 17 än
279 207 113 20 Allmänna
408 206 193 21 Besvärsutskottet
616 206 131 19 underrättas
765 212 75 20 genom
853 208 29 19 ett

133 242 23 19 så
171 242 93 26 lydande
279 241 202 27 protokollsutdrag:

304 275 81 26 Utdrag
400 275 23 20 af
437 275 189 26 Borgareståndets
641 275 105 25 protokoll
762 275 35 20 vid
815 275 67 20 landt-

271 310 66 26 dagen
354 309 7 19 i
376 309 132 26 Helsingfors
525 309 41 19 den
582 309 27 19 20
625 308 59 27 April
702 309 60 19 1872.

202 344 127 26 Föredrogs:
344 343 114 19 Allmänna
468 343 204 19 Besvärsutskottets
683 343 134 20 betänkande
828 344 7 19 i
846 350 36 13 an-

133 378 87 26 ledning
243 378 23 20 af
288 377 102 20 särskilda
413 378 55 19 inom
492 377 156 26 Ridderskapet
671 377 39 20 och
736 377 69 20 Adeln
829 380 53 17 samt

134 412 177 27 Borgareståndet
330 412 77 20 väckta
422 412 113 26 petitioner
551 418 34 13 om
604 412 34 26 lag
653 411 110 27 angående
778 412 104 25 vilkoren,

134 446 120 21 hvarunder
275 446 125 20 koncession
420 446 32 19 för
471 445 99 20 enskilda
589 452 101 20 personer
709 445 51 20 eller
775 446 63 26 bolag
854 448 29 18 att

135 481 7 19 i
157 480 88 20 Finland
261 480 70 26 bygga
344 480 88 26 jernväg
448 479 41 20 kan
506 479 24 20 af
544 480 133 26 Regeringen
695 480 112 20 meddelas.

203 515 69 19 Jemte
288 514 34 20 det
337 513 178 27 Borgareståndet
535 514 101 19 förenade
658 514 32 26 sig
709 513 70 21 derom
800 516 31 18 att
846 521 36 13 un-

136 549 102 27 derdånig
253 549 87 26 petition
356 548 6 20 i
378 548 139 20 förevarande
533 548 79 20 ärende
629 548 65 20 borde
709 548 37 20 hos
762 548 57 20 Hans
834 548 48 26 Kej-

135 584 77 26 serliga
227 584 97 25 Majestät
338 583 132 25 framställas,
494 583 69 19 beslöt
587 582 177 26 Borgareståndet
781 585 30 17 att
829 583 7 19 i
851 583 30 18 in-

136 618 114 26 ledningen
260 617 30 19 till
300 617 120 19 densamma
428 616 67 20 skulle
505 616 103 26 åberopas
628 616 40 20 den
684 616 117 21 Ständerne
817 616 68 26 enligt

136 652 33 26 lag
185 651 159 20 tillkommande
366 652 42 18 rätt
426 652 29 18 att
470 651 67 25 jemte
557 650 131 26 Regeringen
713 650 84 26 deltaga
817 651 6 19 i
838 650 44 26 lag-

135 686 122 26 stiftningen
282 686 27 18 uti
332 684 159 27 ifrågavarande
511 687 68 23 ämne,
601 685 89 20 hvarhos
706 684 177 27 Borgareståndet

135 720 113 26 godkände
271 719 110 19 utskottets
405 719 134 19 betänkande
562 719 39 19 och
624 719 100 26 förslaget
744 718 30 20 till
791 718 39 20 den
847 724 35 14 an-

136 754 77 26 hållan,
229 753 99 20 hvarmed
344 753 115 19 Ständerne
475 753 69 20 skulle
560 753 32 19 till
607 753 57 19 Hans
682 753 118 27 Kejserliga
818 753 63 26 Maje-

136 790 40 17 stät
190 788 7 19 i
213 787 167 26 underdånighet
402 787 56 26 ingå,
482 787 48 19 med
553 787 131 20 uteslutande
701 787 63 20 likväl
781 787 24 20 af
817 787 64 20 orden

135 822 7 18 i
157 822 45 19 här
225 822 79 19 ofvan
327 821 102 19 nämndt
450 821 81 26 syfte,
549 822 7 18 i
571 821 52 27 följd
647 822 75 19 hvaraf
741 822 90 19 berörde
845 828 36 13 an-

136 855 69 20 hållan
221 855 84 20 komme
320 857 31 17 att
365 855 108 26 innefatta,
490 856 44 19 ”att
544 856 113 26 lagförslag
668 856 88 20 rörande
768 856 26 20 de
805 856 76 26 grund-

137 890 75 25 vilkor,
227 890 117 19 hvarunder
361 890 124 19 koncession
508 890 34 19 må
565 890 87 26 beviljas
671 890 96 20 enskilda
782 897 100 19 personer

137 924 50 19 eller
210 923 62 27 bolag
296 925 27 18 att
339 924 6 19 i
361 923 88 20 Finland
473 923 73 27 bygga
566 924 90 26 jernväg
678 924 70 20 blefve
764 925 119 20 utarbetadt

136 958 38 19 och
191 957 34 20 vid
241 957 173 20 nästkommande
430 957 100 27 landtdag
545 958 7 19 i
568 958 100 20 afseende
678 958 13 19 å
701 958 130 27 granskning
842 959 39 19 och

136 992 119 26 antagande
270 991 115 20 Ständerne
404 991 124 27 förelagdt”.

203 1026 77 20 Härom
309 1026 67 19 skulle
405 1026 152 20 underrättelse
587 1033 75 20 genom
691 1026 192 27 protokollsutdrag

137 1061 107 20 meddelas
260 1061 24 19 de
301 1060 66 27 öfrige
383 1060 92 21 Stånden
494 1061 41 20 och
553 1060 113 20 Allmänna
684 1061 199 21 Besvärsutskottet.

693 1094 21 16 In
728 1093 62 17 fidem:

664 1123 19 20 S.
698 1123 126 20 Calamnius.

204 1163 96 20 Härefter
318 1163 106 26 föredrogs
444 1163 115 19 Allmänna
580 1163 202 20 Besvärsutskottets
798 1163 40 20 den
857 1164 23 19 11

136 1196 142 20 innevarande
293 1196 59 26 April
369 1196 115 26 bordlagda
504 1196 134 20 betänkande
657 1197 7 19 i
683 1196 115 26 anledning
817 1197 22 19 af
851 1197 30 19 in-

135 1237 33 14 om
192 1230 174 27 Borgareständet
389 1230 63 20 väckt
473 1230 89 27 petition
586 1237 32 13 om
635 1230 118 20 inrättande
769 1230 24 20 af
809 1237 26 13 en
851 1231 32 19 för

135 1265 26 20 de
177 1265 69 20 skilda
261 1265 73 20 länens
349 1265 7 19 i
370 1265 89 20 Finland
483 1265 137 20 kommunala
641 1265 179 26 angelägenheter
835 1265 46 20 ord-

136 1299 38 19 nad
192 1299 106 25 periodisk
314 1299 173 26 representation.

236 1332 9 19 I
262 1333 86 19 ärendet
363 1333 81 20 föreföll
461 1333 93 26 följande
570 1333 128 20 diskussion:

203 1365 53 20 Herr
271 1366 145 27 Cajander:
439 1367 40 26 Jag
501 1367 108 20 erkänner
629 1369 30 18 att
676 1367 129 19 inrättandet
819 1367 24 19 af
856 1374 25 13 en

135 1399 23 20 så
173 1399 107 20 beskaffad
300 1401 221 26 länerepresentation,
542 1407 45 14 som
603 1401 114 26 petitionen
735 1401 62 25 afser,
815 1401 66 20 skulle

133 1435 6 19 i
156 1433 114 21 allmänhet
285 1434 96 21 befordra
396 1435 207 21 framåtskridandet,
633 1435 47 20 Men
698 1435 30 19 för
740 1436 29 18 att
780 1441 25 13 en
817 1435 64 20 sådan
