1070 1786
212 152 46 17 1014
502 151 41 17 Den
556 151 21 17 11
590 151 42 22 Maj.

190 209 25 19 de
230 202 111 27 Äländska
356 209 98 25 fartygen
471 208 56 27 finge
542 208 113 20 inskrifvas
671 208 37 20 hos
724 209 193 27 ordningsmannen
934 209 6 19 i

190 242 138 26 Mariehamn,
349 242 84 19 hvarest
453 242 108 27 Magistrat
581 243 18 26 ej
620 243 68 19 finnes
704 243 39 19 och
759 243 82 20 säledes
857 243 82 20 inskrif-

191 277 51 26 ning
258 276 66 26 enligt
339 276 146 26 föreliggande
505 277 113 25 lagförslag
639 277 19 25 ej
678 276 41 20 kan
736 277 49 25 ske;
804 277 40 20 och
859 277 32 20 fär
903 279 37 25 jag

191 310 83 20 derföre
290 309 76 20 föreslå
380 312 31 17 att
426 312 30 17 ett
471 310 74 26 tillägg
560 310 73 20 härom
650 310 63 20 måtte
728 310 7 20 i
751 312 10 22 $
777 311 12 19 4
805 314 68 24 göras.

260 344 61 20 Herr
336 344 144 26 Borgström
496 344 101 20 förenade
612 345 32 26 sig
660 344 48 20 med
724 344 52 20 Herr
792 345 128 20 Granström.

259 378 63 20 Herr
339 378 117 26 Krogius:
479 378 32 20 Dä
530 381 161 18 reservanterne
707 379 6 19 i
729 378 70 21 denna
813 379 66 27 punkt
895 379 43 20 huf-

192 412 144 26 vudsakligast
350 412 121 26 framhällit,
487 415 30 17 att
531 419 27 13 en
573 412 65 21 sädan
654 413 134 27 inskrifning,
805 413 85 21 hvarom
902 414 38 19 här

192 449 22 17 är
229 446 67 26 fräga,
311 446 67 20 skulle
394 446 94 20 medföra
507 447 136 27 olägenheter
658 447 32 20 för
706 447 95 26 redarne,
817 448 121 26 derigenom

192 483 30 17 att
237 481 25 19 de
279 480 65 20 mäste
360 480 86 27 begifva
461 481 32 26 sig
507 481 33 19 till
555 483 105 18 närmaste
676 482 53 25 stad,
745 482 22 19 sä
783 482 36 19 vill
830 482 37 26 jag
878 482 61 20 fram-

193 515 62 26 hälla,
271 517 30 17 att
316 522 26 12 en
358 515 64 19 sädan
439 515 126 27 inskrifning
581 516 75 20 endast
672 515 67 20 skulle
755 515 91 21 behöfva
861 516 38 20 ske
914 522 25 14 en

193 550 55 19 enda
267 549 57 26 gäng
342 548 31 21 för
393 549 73 26 hvarje
481 549 70 27 fartyg
567 550 38 20 och
622 550 71 19 kunde
708 550 94 26 försiggä
817 550 63 19 redan
898 556 41 13 me-

194 585 39 19 dan
250 585 92 25 fartyget
361 586 23 17 är
404 584 65 19 under
487 584 106 26 byggnad.
622 585 243 25 Landtmannafartygen
882 585 57 19 kom-

195 624 31 14 me
250 618 67 26 enligt
339 617 71 20 denna
428 618 35 26 lag
481 620 30 17 att
529 618 102 20 likställas
656 618 48 20 med
726 618 154 26 stadsfartygen
901 618 38 20 och

195 652 65 20 mäste
283 652 87 25 säledes,
393 652 70 20 derest
485 652 26 20 de
529 652 60 20 skola
611 652 72 20 kunna
706 652 107 26 begagnas
833 652 30 20 till
883 659 57 13 resor

194 688 56 18 utom
265 686 78 26 landet,
358 685 44 20 lika
418 686 47 19 med
481 686 66 25 dessa,
565 686 113 19 medhafva
689 682 84 30 fribref,
789 692 43 14 som
849 686 91 20 utfärdas

194 720 23 20 af
233 720 119 26 Magistrat;
374 720 40 25 och
437 720 70 19 kunde
527 720 83 19 derföre
629 719 162 27 inskrifningen,
807 722 48 18 utan
872 720 68 26 någon

194 754 90 20 särskild
300 760 46 14 resa
360 754 32 19 till
409 754 80 25 staden,
505 753 37 20 ske
558 754 108 26 samtidigt
682 754 48 19 med
744 754 119 20 fribrefvets
874 756 66 24 uttag-

195 789 57 24 ning.
282 788 40 26 Jag
345 788 42 19 kan
410 787 83 20 säledes
515 787 47 21 icke
581 788 46 20 inse
647 790 36 24 att,
700 788 67 20 säsom
783 791 157 17 reservanterne

194 822 99 26 päpekat,
308 822 69 26 nägon
393 822 114 26 olägenhet
522 828 76 20 genom
614 828 26 14 en
656 822 66 20 sädan
738 822 126 26 inskrifning
875 822 66 20 skulle

194 857 76 26 uppstä
287 856 31 20 för
336 856 238 20 landtmannarederier.
605 856 37 20 Att
664 862 26 14 en
707 858 65 18 större
788 856 132 26 noggranhet
934 856 7 19 i

194 890 176 27 skeppsregistret
390 890 81 25 vinnes,
488 890 69 20 derest
577 890 134 26 uppgifterna
726 896 34 13 om
776 890 96 27 fartygen
887 896 53 13 sam-

196 925 29 20 las
241 925 74 20 endast
333 924 23 19 af
373 924 109 19 städernas
505 925 138 26 Magistrater,
663 927 26 16 än
709 930 33 13 om
759 924 71 26 hvarje
847 924 93 20 länsman

195 959 75 27 gjorde
285 959 41 25 det,
342 961 23 16 är
380 958 34 20 väl
430 958 142 27 obestridligt;
588 959 40 19 och
642 958 26 20 dä
678 958 264 27 landtmannarederierna,

196 998 75 22 genom
288 995 29 18 ett
331 993 7 19 i
353 995 32 22 S:n
401 993 70 26 gjordt
486 993 75 26 tillägg
576 993 63 20 äfven
655 993 86 26 fritagas
757 993 44 19 från
813 993 128 26 erläggande

196 1028 22 20 af
232 1027 108 26 utskylder
359 1027 31 19 till
410 1027 80 26 staden,
511 1027 22 20 så
552 1027 31 19 får
601 1027 35 26 jag
653 1027 31 20 för
702 1027 39 19 min
758 1027 34 19 del
808 1027 83 20 förorda
908 1027 33 20 be-

196 1061 126 20 tänkandets
338 1061 126 26 antagande.
493 1061 63 20 Emot
571 1061 53 20 Herr
639 1061 123 20 Granström
779 1060 36 20 vill
823 1061 37 26 jag
871 1061 73 19 endast

197 1096 79 25 anföra,
292 1097 29 18 att
336 1095 44 26 just
399 1088 176 33 Åländningarna
594 1095 50 20 idka
667 1095 32 19 för
719 1095 36 20 det
777 1097 67 18 mesta
865 1095 79 20 utrikes

196 1130 74 26 sjöfart
292 1130 39 19 och
350 1129 26 20 då
396 1129 82 20 således
498 1129 123 26 isynnerhet
640 1129 26 20 de
682 1129 67 20 skulle
765 1129 84 20 komma
864 1131 29 18 att
909 1129 34 20 be-

197 1165 64 19 höfva
282 1163 74 20 fribref
377 1163 32 20 för
432 1163 46 20 sina
497 1163 69 27 fartyg
585 1163 39 20 och
644 1163 31 20 för
691 1163 40 20 den
747 1163 90 20 orsaken
853 1166 51 23 göra
918 1169 26 14 en

196 1198 113 25 stadsresa,
324 1196 23 20 så
362 1196 68 20 skulle
446 1197 157 27 inskrifningen
619 1198 18 25 ej
654 1197 32 20 för
702 1197 48 19 dem
766 1197 94 19 medföra
875 1197 68 27 någon

198 1226 120 37 olägenhet.
875 1229 2 4 |

266 1266 61 19 Herr
346 1265 158 27 Tengström:
527 1266 41 20 Till
589 1267 52 19 Herr
660 1265 74 27 Krogii
754 1265 98 26 yttrande
868 1265 76 20 önskar

195 1302 37 26 jag
247 1301 21 20 få
283 1300 89 25 tillagdt,
392 1302 30 17 att
438 1302 73 24 posten
531 1300 45 20 från
591 1293 70 27 Åland
677 1299 72 20 säkert
763 1299 38 27 går
816 1300 35 19 två
867 1299 79 28 gångor

197 1337 7 18 i
220 1335 82 20 veckan
317 1335 30 19 till
363 1327 48 27 Åbo
428 1335 52 19 eller
498 1335 117 24 Nådendal,
636 1335 40 19 och
696 1336 30 17 att
742 1334 35 19 det
791 1333 82 20 säledes
889 1335 18 24 ej
924 1337 22 16 är

198 1370 69 26 någon
290 1369 159 26 nödvändighet
472 1369 31 19 för
522 1362 96 26 Åländsk
638 1369 74 19 redare
728 1370 31 17 att
774 1374 46 13 resa
836 1367 31 20 till
883 1367 63 27 farty-

198 1406 45 24 gets
259 1403 179 26 inskrifningsort,
454 1403 27 19 då
496 1398 88 25 ärendet
599 1403 41 20 kan
652 1395 92 27 ”uträttas
760 1408 75 20 genom
853 1401 47 20 bref
908 1403 39 20 och

198 1438 86 20 ombud.
319 1437 35 20 Att
380 1437 177 26 skeppsregistret
579 1437 117 20 innehåller
719 1436 68 27 någon
810 1436 53 27 stad,
885 1437 65 19 under
