1070 1786
394 152 41 17 Den
448 153 23 16 30
482 153 61 22 April.
789 156 34 17 859

93 212 23 19 så
138 211 77 20 blifver
238 210 40 19 den
300 209 93 20 samlade
416 209 77 20 fonden
509 210 85 21 ändock
610 212 6 19 i
632 212 36 19 det
683 215 104 18 närmaste
803 213 40 20 till-

92 245 89 26 räcklig.
211 243 39 21 Om
267 249 47 14 man
330 243 106 20 beräknar
451 246 30 17 att
496 251 96 14 summan
609 246 34 19 vid
656 246 53 19 1878
721 247 33 19 års
765 247 78 26 utgång

93 279 75 25 skulle,
192 278 68 20 såsom
287 277 143 20 betänkandet
458 278 118 26 uppgifver,
604 279 84 20 komma
713 282 30 18 att
770 283 74 24 utgöra

94 313 110 26 1,179,000
226 311 58 20 mark
303 311 38 20 och
362 311 40 20 den
422 311 68 27 årliga
505 314 76 18 räntan
597 313 23 19 af
633 313 57 20 detta
708 314 78 26 kapital
803 316 12 18 &
831 316 12 18 5

93 348 87 25 procent
189 346 75 26 belöpa
272 345 32 26 sig
319 345 31 19 till
368 345 76 26 59,000
460 345 65 26 mark,
537 346 83 20 hvilket
629 348 154 26 sammanlagdt
795 349 46 19 med

93 379 201 29 byggnadsfondens
310 379 67 26 årliga
392 379 125 26 statsanslag
533 382 62 24 utgör
611 381 75 25 70,000
699 382 65 26 mark,
775 382 68 20 skulle

93 415 75 20 endast
182 420 26 14 en
221 414 51 19 brist
282 413 23 19 af
313 413 87 26 ungefär
414 413 74 26 10,000
500 413 59 20 mark
573 415 83 25 uppstå;
672 415 39 20 och
727 422 33 13 om
773 416 70 20 denna

94 450 50 19 brist
159 448 67 20 skulle
243 450 59 23 tagas
317 447 54 19 ifrån
383 447 110 26 kapitalet,
509 447 86 21 komme
606 448 57 20 detta
674 449 54 20 dock
739 452 30 18 att
779 451 64 19 räcka

93 482 90 27 ungefär
199 481 76 27 fyratio
286 481 29 19 år.
344 482 64 19 Detta
421 484 22 17 är
459 481 54 20 dock
529 488 26 13 en
573 482 89 26 framtid,
678 484 23 19 så
716 490 47 20 pass
779 484 64 27 afläg-

93 522 44 20 sen,
156 518 31 17 att
202 522 47 13 man
265 515 47 20 icke
333 515 41 20 kan
389 515 79 20 förutse
484 516 73 19 hvilka
573 518 56 18 stora
644 517 133 27 hvälfningar
796 518 45 20 der-

93 550 67 20 under
182 550 71 19 kunna
275 549 31 20 för
329 550 32 26 sig
384 550 32 26 gå,
437 550 40 19 och
495 550 35 19 det
549 550 71 21 kunde
633 552 23 25 ju
673 551 68 20 hända
756 554 36 24 att,
808 558 32 14 om

94 591 48 13 man
166 591 26 12 nu
216 584 65 26 hopar
302 586 56 17 stora
380 583 111 26 kapitaler,
514 584 63 20 dessa
595 585 103 25 kapitaler
718 586 68 20 skulle
801 586 40 20 för-

93 618 76 20 svinna
184 618 6 19 i
206 618 84 19 okända
308 617 54 20 öden
383 618 65 19 redan
467 618 45 19 före
531 618 107 26 utgången
654 619 23 19 af
690 619 61 20 dessa
766 620 76 26 fyratio

93 652 29 19 år.
152 651 32 20 Då
201 652 37 26 jag
261 651 71 20 vidare
354 658 62 13 anser
434 653 31 18 att
480 658 25 13 en
525 651 65 20 sådan
606 652 115 28 inrättning
737 660 44 13 som
797 654 44 19 uni-

93 687 109 19 versitetet
216 686 38 19 bör
270 686 150 26 upprätthållas
436 686 23 19 af
473 685 45 20 vårt
533 685 52 27 folk,
601 686 60 20 äfven
678 693 33 13 om
733 687 49 27 inga
797 688 44 19 fon-

93 720 38 20 der
153 720 71 20 derför
246 719 65 20 finnas
334 720 100 25 samlade,
450 719 31 19 får
494 720 43 26 jag,
553 720 7 18 i
577 720 66 20 likhet
658 720 46 20 med
722 721 54 20 hvad
792 722 49 19 flere

93 754 128 26 föregående
245 754 64 19 talare
330 753 70 27 yrkat,
423 753 90 26 förorda,
536 755 31 17 att
587 754 69 20 denna
671 755 87 25 petition
778 755 63 20 måtte

92 790 88 24 antagas
195 788 39 19 och
250 787 110 20 utskottets
376 787 134 20 betänkande
525 787 111 20 förkastas.

162 822 53 20 Herr
230 821 140 20 Mechelin:
390 821 41 26 Jag
452 821 36 19 har
504 821 76 26 begärt
594 822 59 20 ordet
669 823 75 19 endast
760 824 31 19 för
806 826 36 23 att,

93 856 6 19 i
115 856 115 26 anledning
246 855 23 20 af
281 855 53 20 Herr
352 855 166 26 Neppenströms
537 856 99 24 yttrande
652 862 32 14 om
702 857 72 20 hvilka
789 864 52 14 sam-

94 890 140 24 hällsklasser,
258 895 42 14 som
321 889 53 20 känt
388 890 32 25 sig
436 889 149 19 företrädesvis
602 889 87 20 berörda
704 891 24 18 af
741 892 99 19 universi-

93 923 199 26 tetsfondsafgiften,
313 923 7 19 i
337 923 85 20 korthet
444 923 76 25 erinra,
544 925 31 18 att
594 923 34 20 det
643 927 23 16 är
681 931 25 13 en
724 925 65 20 skatts
805 926 36 19 all-

93 960 76 17 männa
191 957 152 26 beskaffenhet,
366 963 44 14 som
431 957 37 20 bör
484 959 73 24 utgöra
573 959 30 18 ett
618 957 108 21 kriterium
748 959 31 20 för
795 959 46 20 dess

93 991 153 20 bedömmande
269 991 38 20 och
327 991 48 20 icke
394 991 41 20 den
451 991 183 26 omständigheten
652 992 43 19 från
712 993 73 20 hvilka
800 993 41 20 håll

91 1025 91 27 anspråk
198 1025 27 26 på
240 1025 48 20 dess
302 1025 133 20 afskaffande
451 1025 146 20 framkomma.

160 1059 54 20 Herr
229 1059 137 26 Cajander:
383 1059 40 20 För
439 1059 41 20 min
497 1059 34 20 del
547 1059 38 20 har
598 1060 37 26 jag
651 1059 74 28 begärt
736 1061 59 20 ordet
806 1068 35 13 en-

93 1094 46 19 dast
154 1094 32 19 för
201 1095 29 18 att
246 1093 135 27 understödja
396 1093 26 20 de
439 1093 71 24 talare,
526 1093 75 20 hvilka
611 1093 92 20 förordat
714 1096 129 25 antagandet

92 1128 23 19 af
128 1128 153 20 Sammansatta
303 1127 63 21 Stats-
389 1128 39 19 och
452 1127 231 21 Ekonomieutskottets
702 1128 140 27 betänkande,

93 1161 39 20 och
149 1164 37 24 gör
198 1162 38 26 jag
252 1162 36 20 det
302 1161 177 27 hufvudsakligen
496 1161 27 26 på
538 1161 41 20 den
595 1162 74 26 grund,
684 1164 31 18 att
727 1163 37 26 jag
780 1170 61 13 anser

92 1196 146 19 universitetet
252 1195 115 20 tillsvidare
383 1195 48 20 icke
447 1195 72 19 kunna
533 1196 94 19 undvara
642 1196 26 20 de
685 1196 80 27 bidrag,
782 1197 60 20 hvar-

92 1236 34 13 om
149 1237 27 12 nu
198 1232 23 17 är
244 1229 63 28 fråga,
330 1229 86 20 såframt
432 1230 146 19 universitetet
593 1230 52 20 skall
662 1230 72 21 kunna
749 1232 94 26 uppfylla

92 1265 36 18 sitt
143 1264 103 25 ändamål,
262 1270 44 14 som
322 1267 23 16 är
361 1264 156 26 vetenskapens
538 1264 144 26 befrämjande
701 1265 6 18 i
724 1265 46 20 vårt
787 1266 55 20 land.

91 1298 40 26 Jag
154 1298 96 20 betviflar
272 1298 33 19 väl
328 1298 54 25 icke,
405 1300 30 17 att
454 1298 99 19 intresset
571 1298 32 19 för
618 1298 46 20 vårt
682 1299 123 20 universitet
820 1303 22 17 är

91 1332 82 26 ganska
195 1332 104 25 lefvande,
322 1339 47 13 men
391 1333 37 18 har
445 1332 54 20 dock
515 1332 83 26 skäliga
613 1332 140 27 anledningar
771 1333 73 20 befara

91 1367 37 24 att,
144 1366 44 19 ifall
204 1366 25 19 de
245 1366 80 26 anslag,
342 1373 44 13 som
403 1366 146 20 universitetet
564 1365 31 20 för
611 1367 31 18 sin
658 1366 94 20 existens
771 1367 72 20 behöf-

92 1406 43 19 ver,
151 1400 85 19 komma
250 1402 30 17 att
296 1400 49 26 utgå
361 1407 77 20 genom
453 1399 89 20 särskild
556 1400 122 27 bevillning,
696 1399 146 22 belåtenheten

92 1434 87 19 härmed
195 1434 67 19 skulle
280 1433 63 20 blifva
359 1434 82 20 mindre
457 1434 84 19 allmän.
