1070 1786
225 141 46 18 1228
513 140 42 17 Den
567 139 22 18 18
601 139 45 23 Maj.

202 205 48 14 nom
276 198 156 26 äfventyrades,
456 197 28 20 dä
507 197 96 20 deremot
628 195 155 28 grannstadens
808 195 162 26 pensionskassa

203 232 67 20 skulle
290 231 32 20 stä
344 232 32 26 sig
390 230 93 21 utmärkt
500 230 42 20 bra.
572 230 41 19 Vid
630 230 41 19 den
688 234 158 22 gemensamma
861 228 107 26 pensions-

203 265 143 26 inrättningen
370 265 70 19 kunde
464 264 34 19 väl
523 263 65 21 också
611 263 111 20 enahanda
737 263 87 25 misstag
839 262 40 19 och
895 262 74 19 förlust
986 275 5 5 .

204 299 93 25 inträffa,
318 304 46 14 men
385 298 58 19 detta
461 297 70 20 skulle
547 297 54 19 dock
618 297 18 25 ej
652 297 84 19 ruinera
752 295 111 24 anstalten,
879 295 87 21 emedan

204 333 101 20 förlusten
322 338 50 13 vore
389 331 49 19 vida
453 331 83 19 mindre
553 330 135 26 betungande
704 330 32 19 för
752 335 25 13 en
794 330 43 18 stor
852 331 25 16 än
895 328 31 19 för
942 334 24 13 en

203 367 51 19 liten
277 366 69 19 kassa.
376 365 50 20 Icke
450 364 68 20 heller
541 364 68 25 torde,
625 364 82 20 såsnart
722 362 160 26 sjömanshusen
898 361 70 20 blifvit

205 400 97 26 verkliga
316 398 209 27 pensionsanstalter,
542 398 61 20 deras
619 397 119 26 bokföring,
754 396 127 20 åtminstone
898 395 28 19 uti
942 394 25 20 de

205 434 77 24 städer,
298 433 37 19 der
350 432 135 26 sjömännens
501 432 56 19 antal
573 434 23 17 är
607 433 73 21 större,
695 430 72 19 kunna
778 429 130 25 verkställas,
918 430 48 18 utan

206 469 29 19 att
249 466 179 21 omkostnaderne
444 466 103 26 fördyras.
577 465 32 20 De
624 464 289 27 sjömanshus-ombudsmän,
924 469 42 14 som

207 508 25 12 nu
256 500 67 20 finnas
346 499 111 25 anställda,
476 501 43 17 tror
537 499 38 26 jag
589 498 48 20 icke
653 498 68 20 skulle
738 497 62 27 åtaga
815 498 31 26 sig
862 499 31 18 att
908 496 59 20 verk-

206 534 62 20 ställa
283 534 40 19 den
340 532 112 27 vidlyftiga
466 533 188 26 inregistreringen
666 532 24 19 af
698 532 51 19 flere
760 533 59 18 tusen
830 531 137 26 pensionärer

204 569 66 26 jemte
287 567 119 25 bokföring,
422 568 48 17 utan
487 566 106 26 betydligt
608 565 96 26 förhöjda
719 564 100 26 arvoden,
831 564 135 27 hvarigenom

208 600 170 27 sjömanshusens
392 599 87 27 utgifter
492 599 70 20 blefve
573 598 69 20 ökade
654 598 47 20 med
713 598 138 20 tillsammans
866 598 103 20 måhända

208 635 11 19 3
236 636 12 18 &
264 634 62 26 4,000
342 632 58 21 mark
418 633 88 26 årligen,
521 639 26 13 en
564 632 96 27 betydlig
675 638 88 19 summa,
779 632 100 20 hvarmed
896 638 25 14 en
933 638 35 20 ge-

208 674 94 14 mensam
319 667 73 20 kassas
408 667 129 25 förvaltning
552 666 71 20 kunde
639 666 128 24 åtminstone:
782 666 31 19 till
831 667 42 18 stor
889 666 33 19 del
934 666 34 19 be-

208 702 78 20 kostas.
317 701 41 20 Det
380 706 50 14 vore
454 700 105 20 dessutom
583 699 140 26 ovilkorligen
747 699 131 26 nödvändigt
899 701 31 18 att
944 699 25 19 de

208 735 132 26 lästafgifter,
363 740 45 14 som
431 734 85 19 komme
538 735 31 18 att
591 733 104 27 uppbäras
718 732 28 26 pä
764 732 25 20 de
805 732 59 20 olika
879 734 90 24 orterne,

209 763 120 26 fördelades
352 767 27 27 pä
400 767 42 20 alla
464 767 139 26 sjömanshus,
621 766 83 20 hvilket
719 765 88 20 likasom
823 766 146 27 fördelningen

209 802 22 20 af
252 801 149 26 statsanslaget
423 800 39 20 och
486 800 166 20 kollektmedlen
668 800 34 19 väl
719 799 65 20 måste
800 799 33 20 vid
850 799 72 27 hvarje
938 800 33 19 års

210 836 42 19 slut
267 840 77 22 genom
359 834 136 26 Regeringen.
511 834 124 19 verkställas
651 833 47 20 med
716 833 97 19 remisser
831 833 39 19 och
886 833 83 20 kontra-

210 868 104 20 remisser.
332 866 84 30 Såsom
433 866 134 27 Regeringen
584 874 26 12 nu
626 866 117 26 föreslagit,
760 868 35 18 vet
807 867 38 26 jag
859 867 110 26 verkligen

210 901 48 20 icke
282 901 51 19 huru
356 906 24 13 en
404 899 35 20 del
462 900 23 19 af
498 899 26 20 de
539 899 105 20 särskilda
659 899 228 26 pensionsanstalterne
903 900 67 20 skulle

212 935 85 20 komma
319 936 30 17 att
370 933 32 20 slä
418 934 32 25 sig
465 935 28 18 ut.
523 933 9 20 I
548 933 89 27 Wiborg
653 933 30 20 till
700 933 105 26 exempel,
821 939 43 14 som
882 934 89 19 besökes

212 969 22 20 af
248 970 30 18 ett
294 967 86 27 mycket
394 969 52 17 stort
461 967 56 19 antal
533 967 112 20 utländska
660 967 78 26 fartyg,
756 966 67 21 blefve
839 966 99 27 beloppet
951 967 23 19 af

213 1001 89 20 influtna
325 1001 126 26 lästafgifter
473 1000 82 27 ganska
578 1000 111 27 betydligt,
706 1000 75 20 medan
797 1001 79 19 antalet
891 1001 79 25 sjömän

214 1035 100 25 deremot,
333 1035 7 19 i
360 1034 106 20 anseende
483 1034 69 20 dertill
567 1036 31 17 att
612 1034 74 20 staden
703 1034 55 19 blott
772 1034 37 19 har
828 1034 21 19 få
864 1041 54 19 egna
933 1034 39 19 far-

214 1069 43 26 tyg,
280 1067 66 20 mäste
368 1067 66 21 blifva
456 1068 152 25 jemförelsevis
629 1068 67 26 ringa.
728 1061 20 26 Ä
770 1067 66 20 andra
856 1069 55 18 orter
929 1067 44 20 äter

215 1109 49 13 vore
280 1103 29 18 ett
325 1103 85 19 motsatt
424 1101 131 20 förhällande
571 1103 30 18 att
616 1104 86 23 emotse,
720 1101 40 20 och
770 1101 52 20 huru
833 1101 139 26 pensionerne

214 1136 38 19 der
274 1135 68 19 skulle
365 1135 71 20 kunna
459 1134 50 27 utgå
531 1137 22 17 är
576 1135 56 19 svårt
647 1137 31 18 att
692 1135 54 19 inse.
776 1134 32 20 Då
823 1141 46 14 man
885 1135 88 20 sålunda

216 1169 76 20 tänker
314 1169 32 25 sig
368 1168 22 19 in
413 1168 6 19 i
438 1167 72 25 saken,
526 1168 41 20 kan
585 1175 46 13 man
647 1169 55 24 icke,
719 1168 69 20 sävidt
801 1169 37 25 jag
853 1168 41 20 kan
911 1169 62 25 finna,

214 1201 115 27 godkänna
349 1200 101 27 förslaget
468 1201 7 19 i
491 1201 39 20 den
547 1201 83 26 Nädiga
644 1201 167 27 propositionen,
825 1203 32 18 att
872 1202 101 20 särskilda

215 1234 201 27 pensionsanstalter
431 1234 67 21 skulle
514 1235 32 20 för
561 1235 73 26 hvarje
650 1237 32 18 ort
698 1235 179 26 tillvägabringas.

284 1268 66 19 Herr
364 1267 127 20 Jansson:
521 1268 9 19 I
545 1269 116 26 anledning
677 1269 24 19 af
714 1268 55 20 hvad
785 1268 54 20 Herr
854 1269 70 26 Sjöros
933 1271 41 24 ytt-

216 1304 31 18 rat
262 1308 34 13 om
312 1301 35 20 det
362 1302 84 25 ojemna
461 1301 125 20 utfallandet
601 1302 23 20 af
636 1301 138 26 lästafgiften,
789 1301 37 21 ber
839 1302 36 26 jag
898 1303 76 19 fä'an-

217 1335 79 26 märka,
315 1336 31 18 att
365 1334 36 19 det
419 1333 48 20 icke
487 1337 23 16 är
529 1336 81 18 ensamt
624 1334 28 26 pä
667 1334 137 26 lästafgiften,
820 1341 43 13 som
879 1335 40 19 den
935 1336 40 19 till-

216 1368 89 20 ämnade
321 1367 244 27 pensionsinrättningen
581 1368 84 20 komme
681 1369 32 18 att
732 1368 97 26 grundas,
849 1370 49 18 utan
915 1369 61 19 äfven

216 1402 27 26 på
268 1402 72 25 bidrag
362 1401 23 20 af
403 1401 72 20 Staten
492 1401 39 20 och
547 1401 135 27 delegarene,
698 1401 40 20 och
755 1402 40 19 den
811 1402 108 25 ojemnhet
934 1409 43 12 som
