1070 1786
442 149 39 16 Den
495 148 21 17 11
530 149 41 22 Maj.
826 148 33 17 993

200 207 53 20 Herr
269 207 117 19 Masalin:
403 207 41 19 Det
459 209 22 17 är
497 205 63 20 bland
577 206 26 19 de
618 205 72 26 talare,
702 212 43 13 som
755 206 64 20 redan
832 214 49 19 upp-

133 241 60 25 trädt,
216 241 123 26 visserligen
363 241 48 19 icke
435 240 49 20 flere
507 243 26 16 än
553 246 34 19 en,
603 246 44 13 som
663 242 55 17 utom
737 240 146 26 Lagutskottet

134 275 91 19 förordat
248 275 149 24 betänkandet,
422 274 74 19 medan
519 274 50 19 flere
588 274 65 19 talare
673 274 62 19 hafva
750 274 85 20 anslutit
850 275 32 26 sig

134 308 30 20 till
180 309 53 19 Herr
248 305 123 29 Öhrnbergs
386 308 138 24 reservation,
541 307 85 19 hvilken
643 307 61 20 äfven
713 308 37 26 jag
761 314 61 14 anser
833 315 51 13 vara

134 344 80 25 strängt
229 345 58 24 taget
302 343 74 26 rigtig;
397 348 46 14 men
463 342 32 26 då,
511 342 69 19 såsom
596 342 22 19 af
632 342 39 19 den
688 342 83 26 Nådiga
788 344 95 25 proposi-

134 377 70 20 tionen
221 377 38 20 och
277 376 143 20 betänkandet
435 383 70 19 synes,
521 376 80 20 sådana
617 376 35 19 fall
664 376 71 20 kunna
748 376 90 26 inträffa,
854 379 29 17 att

134 411 39 20 den
197 411 126 20 föreskrifna
346 410 108 27 uppgiften
475 416 33 14 om
525 409 207 27 fordringsbeloppet
751 410 47 21 icke
815 411 40 20 kan
872 412 12 19 å

134 446 184 26 inställelsedagen
341 445 97 26 afgifvas,
461 445 39 19 och
524 444 156 26 konkurslagen
701 444 116 27 medgifver
833 452 50 20 upp-

134 480 49 19 skof
204 480 30 19 för
254 486 68 13 annan
342 479 113 26 utredning
470 479 6 19 i
492 478 166 26 konkursmålet,
674 478 22 20 så
712 478 35 20 vill
760 479 37 26 jag
817 479 26 26 på
859 480 25 19 de

136 514 44 19 skäl
197 514 111 19 utskottets
324 513 134 20 betänkande
474 512 118 20 innehåller
608 512 38 20 och
663 518 43 14 som
723 512 76 20 Herrar
815 513 67 27 Teng-

136 550 63 17 ström
216 548 38 20 och
271 548 54 26 Frey
342 547 72 20 vidare
430 547 113 26 utvecklat,
567 546 26 20 be
612 548 30 18 att
657 546 31 21 för
704 547 41 20 min
763 547 33 20 del
812 547 21 20 få
848 554 36 14 an-

137 583 55 19 sluta
207 583 42 25 mig
265 582 31 20 till
311 582 57 19 detta
385 581 140 20 betänkande.
555 581 32 19 En
607 581 36 19 sak
663 583 58 23 tager
734 582 37 25 jag
791 581 42 27 mig
849 582 33 19 fri-

136 616 62 20 heten
222 616 89 26 påpeka,
334 616 32 19 till
389 616 40 19 den
453 615 56 19 kraft
531 615 39 19 och
594 615 77 19 verkan
695 615 40 20 den
754 615 41 20 kan
816 616 68 20 hafva.

136 650 43 26 Mig
194 657 63 19 synes
273 652 30 18 att
318 657 46 13 man
381 650 6 19 i
404 650 154 26 slutmeningen
575 649 22 19 af
611 649 110 19 utskottets
732 649 78 27 förslag
819 650 65 20 hellre

138 684 63 20 borde
228 687 51 24 säga
301 684 127 26 ”pröfvade”
454 686 25 17 än
505 684 117 25 ”pröfvar”,
646 683 88 20 emedan
762 684 121 27 derigenom

139 718 68 20 blefve
228 718 130 20 bestämdare
378 718 98 26 uttryckt,
496 719 31 18 att
541 718 19 25 ej
577 717 69 26 någon
663 724 27 19 ny
707 718 105 26 pröfning,
829 721 55 17 utom

138 752 39 20 den
201 753 65 19 redan
290 752 155 26 försiggängna,
468 752 54 19 skall
541 758 40 20 ega
595 758 51 13 rum.
677 751 31 19 De
723 753 78 19 tvenne
817 752 69 20 skilda

138 787 156 26 pröfningarna,
310 793 43 13 som
370 786 53 20 Herr
438 786 125 26 Tengström
579 785 117 26 päpekade,
712 785 68 20 skulle
794 786 27 20 dä
832 786 54 20 bort-

139 821 56 25 falla,
211 821 96 19 förutsatt
322 822 36 24 att,
374 820 68 20 säsom
456 820 37 26 jag
509 822 48 23 tror,
581 819 125 27 stadgandet
726 820 66 26 enligt
808 820 77 20 utskot-

139 857 39 17 tets
200 854 136 26 formulering
360 854 41 19 kan
425 854 67 19 tolkas
515 853 29 25 sä,
561 855 29 17 att
606 860 25 12 en
646 854 124 26 ytterligare
788 855 99 27 pröfning

139 889 53 19 skall
215 889 37 19 ske
276 888 33 19 vid
332 888 40 19 den
396 888 74 19 termin
495 888 130 25 borgenären
643 887 38 19 fätt
696 888 31 26 sig
747 888 94 27 förelagd
858 892 29 16 att

139 923 66 19 förete
221 923 40 19 den
278 922 92 19 saknade
385 921 148 28 utredningen.
564 921 40 20 Det
623 924 23 17 är
666 921 44 20 från
726 922 39 19 den
783 922 103 21 förutsätt-

140 957 76 26 ningen
230 957 42 26 jag
284 956 65 27 utgår,
366 958 29 17 att
412 962 46 13 man
474 955 41 20 kan
532 955 59 20 tolka
606 955 126 27 stadgandet
747 957 28 19 sä.
802 957 41 26 Jag
857 958 31 19 för

140 991 42 19 min
206 991 33 19 del
263 992 48 24 tror,
334 992 30 17 att
386 989 70 27 nägon
480 989 71 20 vidare
574 989 135 27 pröfning'ej
730 990 36 20 bör
783 991 106 20 komma
873 985 19 35 i

141 1025 58 26 fräga
214 1027 26 17 än
264 1025 40 20 den
325 1024 26 26 pä
370 1024 193 26 inställelsedagen,
579 1024 27 19 dä
621 1024 116 20 domstolen
754 1025 63 20 redan
834 1027 54 24 pröf-

141 1065 36 12 var
193 1065 33 13 om
243 1058 131 27 borgenären
390 1058 38 19 har
443 1057 81 20 kunnat
539 1058 66 19 förete
621 1058 69 20 denna
707 1059 111 26 utredning
839 1060 51 20 eller

140 1093 26 25 ej,
182 1095 21 24 ty
220 1093 77 19 företer
313 1092 39 19 han
369 1092 39 19 den
425 1092 19 25 ej
461 1092 34 19 vid
511 1092 36 19 det
562 1099 74 13 senare
652 1092 98 26 tillfället,
765 1093 23 19 sä
803 1093 37 20 har
849 1095 40 19 han

141 1127 127 26 ohjelpligen
285 1126 86 20 förlorat
386 1126 31 19 sin
433 1128 46 17 rätt.
510 1126 40 26 Jag
569 1126 75 20 tänker
663 1127 43 26 mig
724 1127 65 19 saken
808 1127 29 26 sä,
861 1131 29 17 att

141 1167 32 14 om
190 1160 39 20 ock
247 1161 130 26 borgenären
394 1160 48 20 icke
457 1160 12 19 ä
484 1160 187 27 inställelsedagen
688 1161 101 20 förklaras
805 1161 20 20 få
839 1169 50 20 upp-

141 1195 49 19 skof
211 1194 46 20 med
280 1194 132 26 afgifvandet
433 1195 23 18 af
469 1194 161 26 ifrägavarande
646 1195 88 25 uppgift,
753 1195 22 19 sä
791 1195 41 20 kan
850 1196 39 19 han

141 1229 54 20 dock
219 1228 67 20 skaffa
308 1228 40 20 den
372 1228 30 20 till
422 1228 65 27 något
499 1228 31 21 af
544 1228 25 20 de
586 1235 73 13 senare
676 1235 115 20 uppropen,
807 1236 32 13 om
856 1230 35 20 det

141 1263 42 19 stär
199 1263 6 18 i
221 1263 51 19 hans
288 1263 68 28 makt;
372 1263 38 19 och
427 1263 27 19 dä
469 1263 40 19 kan
524 1263 23 26 ju
563 1263 118 20 domstolen
697 1263 75 26 pröfva
787 1263 54 20 hvad
861 1265 29 19 af-

141 1297 78 19 seende
235 1296 65 26 derpä
315 1296 33 20 mä
363 1297 71 19 fästas.
463 1297 40 26 Jag
519 1297 122 20 instämmer
657 1297 107 26 nemligen
780 1297 48 20 med
839 1297 53 20 Herr

142 1331 125 25 Tengström
291 1330 74 25 deruti,
388 1333 30 17 att
438 1331 23 19 de
482 1331 69 26 öfriga
567 1331 155 26 borgenärerna
738 1330 47 20 icke
802 1331 90 20 behöfva

142 1364 96 25 inkallas,
255 1365 31 18 för
301 1367 29 17 att
346 1365 62 19 höras
424 1365 58 20 öfver
498 1365 40 20 den
556 1365 115 26 uppgiften,
688 1365 26 19 dä
730 1365 35 19 det
785 1365 42 20 stär
846 1367 44 25 tyd-

141 1399 39 26 ligt
194 1399 7 18 i
217 1397 165 28 konkurslagen,
405 1401 30 18 att
457 1399 41 20 alla
521 1399 125 26 handlingar
666 1399 59 20 skola
740 1398 13 20 &
767 1399 124 21 inställelse-

143 1434 67 25 dagen
227 1433 84 20 företes.
