1070 1786
420 167 41 18 Den
475 167 21 16 18
507 167 42 22 Maj.
809 167 44 18 1233

117 225 45 20 med
184 231 71 14 menas
277 225 149 26 förordningen
447 224 111 26 angående
577 224 167 25 sjömanshusen,
765 230 45 13 men
827 224 48 20 icke

116 259 35 20 det
167 259 106 20 blifvande
290 259 140 26 reglementet
445 258 32 20 för
492 259 252 25 pensionsinrättningen.

184 293 66 19 Herr
266 289 149 28 Öhrnberg:
445 291 32 20 Då
493 294 77 17 tvenne
590 292 22 19 af
625 291 98 20 Ståndets
740 291 137 19 medlemmar

115 326 30 19 uti
168 325 185 27 Sjölagsutskottet
375 325 100 19 förklarat
499 326 32 25 sig
554 325 52 26 hysa
628 332 26 12 en
670 325 84 26 ganska
768 324 108 27 skiljaktig

115 360 135 26 uppfattning
265 358 23 19 af
302 358 115 20 innehåliet
433 358 44 19 utaf
491 358 35 20 det
541 358 51 19 sista
608 360 115 17 momentet
741 358 7 18 i
763 358 61 19 dessa
839 358 37 19 all-

117 395 76 17 männa
213 391 163 25 bestämningar,
392 390 60 20 torde
467 390 36 20 det
519 396 50 14 vara
584 390 112 26 ursäktligt
711 397 33 13 om
761 392 61 19 äfven
839 392 38 19 hos

116 426 66 20 andra
197 425 125 20 tvifvelsmål
341 424 81 26 uppstå,
439 425 51 19 huru
506 424 160 26 ifrågavarande
683 424 39 20 och
739 424 61 20 äfven
811 425 66 20 andra

115 459 24 19 af
152 458 62 20 dessa
229 458 157 26 bestämningar
402 458 113 26 rätteligen
533 458 60 19 skola
609 458 80 20 förstås.
720 458 109 20 Utskottet
839 459 38 19 har

116 499 76 19 genom
210 492 60 19 dessa
287 491 157 26 bestämningar
460 490 109 26 föreslagit
585 490 51 20 huru
646 490 76 26 sjelfva
734 491 35 20 det
780 492 96 19 väsendt-

116 526 43 27 liga
175 526 28 19 uti
220 525 126 20 Ständernes
362 524 146 26 underdåniga
523 530 47 13 svar
586 524 30 19 till
633 524 57 20 Hans
706 524 117 28 Kejserliga
833 526 42 19 Ma-

115 561 63 25 jestät
198 559 68 20 skulle
286 558 88 25 affattas,
394 558 38 20 och
449 558 26 19 då
491 558 36 19 det
541 560 23 17 är
579 558 23 19 af
615 558 137 27 synnerligen
767 562 43 17 stor
825 559 51 26 vigt,

117 596 30 17 alt
162 593 127 21 Ständernes
306 592 105 20 blifvande
428 598 46 13 svar
490 591 13 19 &
518 591 39 20 den
576 591 76 26 nådiga
667 593 156 25 propositionen
841 593 34 19 be-

117 628 59 19 sitter
197 627 39 19 den
258 626 111 26 tydlighet,
384 628 30 17 att
431 625 64 27 något
511 625 125 20 tvifvelsmål
652 632 33 13 om
702 626 48 20 dess
766 629 53 17 rätta
835 626 40 20 för-

117 661 60 20 stånd
195 661 48 19 icke
262 660 95 26 skäligen
378 660 41 19 kan
437 660 80 26 uppstå,
533 666 25 13 en
578 660 162 26 omständighet,
756 666 43 14 som
816 663 23 17 är
853 660 24 20 så

118 695 86 26 mycket
226 701 58 13 mera
305 694 23 19 af
348 693 76 25 nöden,
448 700 43 12 som
511 693 57 19 Hans
583 693 119 26 Kejserliga
717 694 96 24 Majestät
829 694 48 19 icke

119 729 75 20 blifver
218 729 6 19 i
248 728 80 20 tillfälle
349 730 30 17 att
394 727 94 19 inhemta
504 730 95 16 närmare
615 727 124 27 förklaring,
755 728 36 19 der
807 730 70 17 svaret

118 763 94 20 befinnes
232 762 98 26 otydligt,
350 761 23 20 så
391 761 37 19 vill
446 762 37 25 jag
499 761 30 19 till
546 761 97 20 Ståndets
660 762 143 26 bepröfvande
818 762 58 19 hem-

118 797 68 23 ställa,
202 803 33 13 om
252 795 46 21 icke
314 796 62 19 äfven
392 795 58 19 detta
469 797 93 17 moment
577 794 69 25 kunde
662 795 21 19 få
698 794 73 26 åtfölja
786 795 26 19 de
828 795 49 19 öfri-

117 837 27 20 ga
159 829 131 27 stadganden
306 829 39 19 och
357 831 122 23 momenter,
495 835 45 13 som
550 824 137 37 härförinnan
707 828 72 24 blifvit
794 829 31 19 till
840 828 36 20 Ut-

117 864 78 20 skottet
218 862 188 25 äterremitterade,
430 862 26 25 pä
471 862 34 19 det
521 864 31 17 att
567 862 108 20 Utskottet
690 861 68 20 skulle
773 862 31 20 för
820 862 56 20 detta

119 899 99 19 moment.
234 895 77 21 föreslä
334 902 24 13 en
376 901 57 13 mera
450 895 95 19 bestämd
562 895 87 26 lydelse.
680 895 40 20 Det
736 895 141 22 förekommer

119 931 41 26 mig
180 931 102 25 derjemte
302 929 219 26 anmärkningsvärdt,
537 931 30 17 att
582 928 107 21 Utskottet
704 929 48 20 icke
767 929 58 20 aktat
841 932 36 17 nö-

118 965 45 26 digt
186 964 82 25 föreslä,
292 963 51 20 huru
366 963 128 19 Ständernes
515 969 46 13 svar
579 963 63 19 borde
659 962 72 20 utfalla
748 963 129 20 beträffande

119 999 35 20 det
173 998 67 25 öfriga
260 996 115 21 innehället
394 996 24 19 af
430 996 36 19 det
481 996 32 19 till
530 996 117 20 Ständerne
663 997 158 19 öfverlemnade
838 997 39 19 för-

119 1033 67 26 slaget
209 1032 30 19 till
262 1031 121 26 förordning
398 1037 33 12 om
447 1030 167 26 sjömanshusen.
645 1030 108 20 Utskottet
768 1031 37 19 har
823 1031 53 20 före-

118 1066 102 20 trädesvis
237 1065 39 20 och
293 1067 72 18 nästan
383 1064 132 20 uteslutande
530 1065 109 25 sysselsatt
654 1065 32 26 sig
703 1065 46 19 med
769 1065 107 26 pensions-

116 1100 143 25 inrättningen
282 1099 39 20 och
344 1099 18 25 ej
379 1101 65 24 egnat
459 1098 72 20 vidare
550 1101 26 16 än
593 1098 65 27 några
673 1098 27 26 få,
716 1099 6 18 i
739 1098 138 26 förbigående

118 1134 29 19 uti
171 1133 117 20 motiverna
310 1132 30 19 till
364 1132 143 19 betänkaudet
530 1132 91 19 nämnda
643 1132 37 19 ord
702 1132 20 19 ät
743 1132 54 19 hvad
813 1133 64 25 sagde

117 1167 123 25 förordning
256 1167 31 19 för
302 1166 62 26 öfrigt
379 1165 124 20 innehäller.
534 1166 41 19 Det
589 1172 63 20 synes
668 1166 42 26 mig
721 1165 158 27 otvifvelaktigt

117 1202 31 18 att
170 1200 61 19 äfven
256 1200 25 19 de
304 1199 68 26 öfriga
395 1198 185 26 bestämningarne
603 1200 6 18 i
626 1199 149 26 förordningen
791 1200 52 19 böra
857 1201 23 19 af

117 1233 118 21 Ständerne
258 1232 102 27 granskas
383 1232 38 20 och
444 1232 117 20 Ständerne
577 1239 50 13 vara
641 1232 96 27 pligtige,
753 1235 30 18 att
797 1234 29 19 uti
843 1235 35 19 det

119 1267 107 20 blifvande
243 1266 143 26 underdäniga
406 1269 70 17 svaret
490 1266 58 26 gifva
564 1266 104 20 tillkänna
682 1267 32 19 sin
730 1267 55 26 äsigt
797 1268 80 25 jemväl

118 1308 34 13 om
176 1301 54 22 dem,
254 1299 26 26 pä
304 1300 34 19 det
360 1302 30 17 att
412 1300 57 19 Hans
492 1300 119 26 Kejserliga
633 1301 97 26 Majestät
745 1301 47 20 icke
809 1301 33 20 mä
857 1302 23 19 af

117 1335 129 20 Ständernes
267 1331 83 28 tystnad
366 1335 5 18 i
392 1334 70 19 denna
477 1335 40 19 del
528 1335 65 26 draga
609 1335 39 20 den
665 1335 91 26 slutsats,
772 1338 30 23 att
817 1335 57 20 Stän-

117 1369 65 20 derne
198 1370 69 17 ansett
282 1368 115 26 anledning
412 1368 31 19 till
459 1368 65 26 nägra
534 1368 142 26 päminnelser
688 1369 129 20 beträffande
829 1371 48 19 dem

116 1402 48 20 icke
184 1401 120 20 förefinnas.
334 1402 41 19 För
395 1402 42 19 min
458 1402 33 19 del
508 1402 37 19 har
562 1403 45 25 jag,
622 1402 35 19 vid
673 1403 35 19 det
720 1404 38 25 jag
773 1403 44 26 gått
832 1405 43 26 ige-

116 1443 48 13 nom
180 1436 70 19 denna
265 1435 123 26 förordning
403 1435 111 26 angäende
530 1436 167 27 sjömanshusen,
713 1437 68 21 funnit
797 1439 36 25 att,
846 1440 29 18 ut-
