1070 1786
390 154 41 17 Den
444 154 23 18 30
479 154 61 23 April.
783 154 31 17 871

90 213 102 21 tionsskäl
208 213 35 20 vill
260 212 106 27 olagligen
382 212 103 25 förskjuta
500 212 78 19 honom
594 211 118 26 penningar
728 213 43 18 mot
785 218 53 13 sam-

90 255 34 13 ma
138 249 67 23 ränta,
222 253 44 14 som
282 243 40 23 han
338 246 41 19 kan
396 246 23 19 af
432 252 26 13 en
475 252 70 13 annan
561 245 86 26 erhäila,
663 247 22 24 ty
701 245 36 20 det
754 248 23 17 är
791 245 48 20 icke

90 287 66 21 gerna
171 281 111 26 antagligt,
305 282 29 17 att
357 287 25 12 en
399 279 140 26 jordbrukare
557 280 43 24 just
615 279 66 20 under
697 279 25 20 de
738 279 31 20 för
781 280 58 24 jord-

92 314 74 20 bruket
188 316 54 18 mest
265 314 116 26 tryckande
405 314 39 19 och
467 313 207 26 bekymmersamma
693 312 146 20 förhållanden

91 349 67 19 skulle
180 348 75 26 lyckas
278 347 80 21 erhålla
373 349 30 18 ett
417 347 35 19 lån
468 349 57 17 emot
540 347 59 26 lägre
613 349 61 17 ränta
688 350 27 16 än
731 353 26 13 en
775 347 64 19 lånta-

91 386 79 24 tagare,
186 389 45 13 som
247 382 70 20 ställer
332 382 44 19 lika
396 381 41 27 god
454 381 101 19 säkerhet
569 381 39 19 och
624 381 101 26 derjemte
742 381 97 25 erbjuder

90 418 39 20 den
147 419 65 22 ränta,
228 422 45 14 som
296 416 31 19 för
343 415 92 20 tillfället
457 415 97 26 betingas
577 415 23 19 af
617 414 88 27 tillgång
724 416 38 19 och
778 416 61 19 efter-

91 451 73 27 frågan
190 450 26 26 på
238 450 124 26 penningar.
393 449 29 20 På
444 449 67 27 grund
532 449 24 19 af
573 449 26 19 de
614 449 7 19 i
637 449 45 19 mitt
697 449 64 26 tycke
776 450 6 18 i
798 450 41 19 allo

91 486 59 19 klara
165 485 52 25 skäl,
243 491 44 13 som
309 484 102 20 utskottet
426 483 121 20 framhåller
563 483 38 20 och
617 483 82 19 hvilkas
715 484 123 25 principrik-

91 520 67 26 tighet
173 518 51 20 våra
239 518 76 27 dagars
330 517 212 20 nationalekonomer
558 517 60 20 ställa
632 519 56 18 utom
705 518 37 19 allt
762 518 77 26 tvifvel,

91 553 65 27 vågar
169 553 44 26 jag,
229 553 7 19 i
251 552 37 20 rak
311 554 86 18 motsats
420 553 43 18 mot
485 551 109 26 utskottet,
614 551 93 20 vidhålla
722 551 40 20 den
778 551 61 27 åsigt,

91 590 30 17 att
136 589 85 17 räntans
237 586 135 26 fullständiga
387 586 120 26 frigörande
531 589 24 16 är
577 586 32 19 för
626 592 34 13 oss
678 587 30 18 ett
722 586 117 26 trängande

92 621 68 25 behof,
177 620 31 20 för
224 621 61 19 hvars
301 619 171 27 förverkligande
489 620 26 19 de
535 620 130 19 närvarande
680 619 159 21 förhållandena

91 655 32 19 för
145 655 64 26 öfrigt
230 657 36 17 äro
289 654 93 20 särdeles
396 660 147 20 gynnsamma,
559 653 39 20 och
614 653 36 20 ber
665 654 74 19 endast
756 655 35 24 att,
807 653 31 20 så-

91 695 44 14 som
147 690 30 19 ett
190 688 123 26 ytterligare
329 688 127 26 väsendtligt
471 687 46 19 skäl
533 687 77 26 derför,
625 687 21 20 få
654 687 83 26 påpeka
751 688 34 19 det
797 694 42 13 mo-

90 722 75 20 raliskt
180 722 156 26 depraverande
356 722 39 19 och
415 721 33 20 för
462 720 170 27 rättsbegreppet
648 721 146 27 förslappande
810 722 29 19 uti

90 758 30 18 att
135 756 99 26 dagligen
258 762 22 13 se
296 762 32 19 en,
352 761 34 13 om
409 754 65 20 också
493 754 82 27 obillig,
591 755 86 19 orättvis
692 755 40 20 och
751 756 34 19 det
800 756 40 19 fria

91 790 73 20 aftalet
179 789 130 26 kränkande,
326 789 55 20 dock
396 792 56 16 ännu
467 789 7 19 i
489 788 37 20 full
543 788 97 26 gällande
656 788 56 20 kraft
724 789 115 19 bestående

90 824 35 26 lag
148 823 102 27 kringgås
272 823 66 20 under
361 822 143 27 hvarjehanda
528 822 84 26 former,
635 823 68 19 såsom
726 824 113 25 provision,

91 857 155 27 kapitalrabatt,
269 857 131 20 straffräntor
418 864 26 12 m.
465 864 33 19 m.,
514 856 53 20 eller
582 856 64 20 också
661 856 43 20 helt
723 857 117 26 uppenbart

91 894 81 17 trotsas.
203 891 40 26 Jag
259 893 42 17 tror
316 892 30 18 att
358 891 38 26 jag
410 891 48 19 icke
474 890 70 19 alltför
561 890 85 26 mycket
665 891 109 25 misstager
790 891 49 26 mig,

91 932 34 13 om
138 926 37 25 jag
191 926 93 25 antager,
307 926 31 18 att
356 924 72 20 ibland
444 924 165 19 medlemmarne
624 924 24 19 af
660 924 96 27 samtliga
774 924 64 20 Stånd

91 960 36 19 vid
143 960 69 19 denna
227 959 99 26 landtdag
347 959 35 19 det
402 957 48 21 icke
465 957 54 20 skall
535 958 68 19 finnas
618 960 30 17 ett
663 958 23 19 så
700 958 61 26 ringa
776 959 63 25 antal,

91 994 79 25 hvilka,
186 1000 33 13 om
235 993 65 20 också
314 993 75 19 endast
403 993 7 19 i
426 992 107 27 egenskap
551 992 23 19 af
585 992 115 27 låntagare,
716 993 62 19 hafva
788 993 50 20 lem-

91 1030 36 17 nat
142 1028 35 19 sitt
200 1027 111 20 understöd
327 1027 6 19 i
349 1033 25 13 en
391 1026 52 20 eller
458 1033 69 12 annan
544 1026 52 19 form
612 1026 21 19 åt
648 1033 25 12 en
694 1026 64 20 sådan
773 1027 66 26 lagöf-

91 1061 127 21 verträdelse
237 1061 6 19 i
262 1060 59 27 fråga
344 1067 33 13 om
400 1062 66 24 ränta,
489 1060 39 19 och
553 1060 103 26 knappast
679 1060 69 27 någon
771 1067 68 13 annan

91 1096 59 20 torde
166 1095 67 20 finnas
249 1097 25 17 än
291 1094 101 26 möjligen
407 1095 138 19 reservanten
561 1093 45 20 från
621 1094 162 26 Bondeståndet,
795 1101 44 13 som

91 1132 59 24 tager
172 1129 70 20 denna
263 1128 59 27 fråga
346 1128 22 20 så
383 1130 81 25 strängt
479 1128 40 19 och
535 1127 23 20 så
573 1128 131 20 uteslutande
720 1135 23 12 ur
758 1128 82 27 kristlig

91 1163 113 26 synpunkt,
221 1164 30 18 att
266 1163 40 19 han
322 1164 13 17 t.
352 1169 34 14 ex,
402 1162 67 20 skulle
485 1169 51 13 anse
553 1163 31 26 sig
599 1162 122 19 förhindrad
737 1164 30 17 att
784 1162 56 26 köpa

91 1204 26 13 en
133 1197 12 19 6
160 1198 98 24 procents
283 1198 60 17 ränta
367 1196 92 20 bärande
483 1196 123 26 obligation,
629 1202 34 13 om
683 1196 40 19 den
743 1196 96 26 erbjödes

91 1231 76 20 honom
183 1230 31 20 till
230 1232 30 18 ett
275 1230 42 26 pris
333 1230 66 20 under
414 1230 53 26 pari,
483 1230 52 19 eller
551 1237 26 12 en
594 1230 11 19 5
619 1232 97 24 procents
730 1230 111 20 enabanda

91 1265 122 26 obligation,
236 1271 45 13 som
300 1264 59 20 stode
379 1264 77 20 honom
473 1264 30 19 till
520 1264 53 20 buds
588 1264 66 20 under
669 1264 61 26 83'/;,
751 1265 23 25 ja
789 1264 52 20 kan-

91 1299 38 19 ske
144 1298 48 20 icke
208 1305 36 12 ens
261 1304 33 13 om
310 1298 146 26 obligationen
472 1304 49 14 vore
537 1298 61 20 ställd
613 1298 27 26 på
652 1305 24 12 en
686 1298 154 26 jordlägenhet.

90 1333 9 19 I
116 1333 115 25 anledning
254 1332 61 19 häraf
335 1332 40 20 och
398 1332 27 26 på
448 1332 66 25 grund
538 1332 23 19 af
579 1332 54 20 hvad
644 1333 37 25 jag
697 1333 6 18 i
719 1331 63 27 öfrigt
797 1333 44 19 haft

90 1370 50 17 äran
155 1366 79 25 anföra,
250 1366 80 26 hoppas
344 1367 37 26 jag
397 1365 27 27 på
439 1366 98 20 Ståndets
553 1366 107 26 enhälliga
678 1365 121 26 understöd,
815 1367 26 19 då

88 1402 37 25 jag
141 1402 59 25 tager
217 1400 43 26 mig
275 1400 90 19 friheten
382 1400 83 25 föreslå,
481 1402 30 17 att
526 1399 88 20 Ståndet
629 1397 56 28 ville,
702 1399 49 20 med
766 1400 74 20 under-

89 1434 112 21 kännande
216 1434 24 19 af
253 1434 111 20 utskottets
388 1434 141 26 betänkande,
553 1433 81 20 besluta
648 1434 32 26 sig
700 1433 32 20 för
748 1434 40 20 den
804 1441 36 13 un-
