1070 1786
218 171 44 17 1010
511 171 41 16 Den
566 171 20 17 11
600 171 41 22 Maj.

195 227 51 20 idka
261 228 77 20 handel
353 228 40 19 och
409 228 78 25 sjöfart.
518 227 69 21 Sedan
607 228 41 20 den
669 229 59 20 tiden
750 233 35 16 äro
805 234 72 17 ortens
892 232 57 19 inne-

196 262 79 20 vånare
291 262 71 20 kända
376 262 33 19 för
424 261 32 20 sin
471 261 119 27 kunnighet
604 262 7 19 i
626 261 180 29 skeppsbyggeri,
829 265 39 20 och
893 265 56 20 detta

196 296 61 19 äfven
282 296 64 19 innan
370 295 27 20 de
413 295 93 26 begynte
521 297 30 17 att
567 295 75 26 sjelfva
657 296 53 20 idka
726 297 70 26 någon
817 298 131 27 betydligare

196 330 81 26 sjöfart,
293 330 81 19 hvilket
389 330 19 25 ej
425 329 80 20 skedde
521 329 69 19 förrän
607 329 23 20 år
645 330 64 26 1796,
734 331 26 19 dä
778 332 109 26 stapelrätt
909 333 39 19 till-

197 363 105 20 erkändes
318 363 80 20 staden.
428 363 35 19 Uti
479 362 165 26 Westerbotten,
660 363 29 26 på
710 365 91 20 svenska
823 366 67 25 sidan,
913 366 37 20 har

197 397 112 20 enahanda
331 397 89 20 industri
443 396 51 20 eller
517 387 178 40 skeppsbyggeri,
716 398 69 20 idkats
804 400 7 19 i
827 402 42 18 stor
885 400 65 25 skala,

197 431 39 19 och
253 431 36 19 det
304 431 23 19 så
342 431 94 25 allmänt,
452 433 30 17 att
497 432 29 18 ett
541 431 130 26 ungefärligt
689 432 44 26 pris
752 432 22 20 af
787 434 41 19 200
844 434 43 19 Rdr
902 434 48 26 rgds

198 464 31 20 för
247 464 72 26 hvarje
334 464 41 20 läst
391 464 65 20 under
471 471 26 13 en
513 464 73 26 längre
603 464 30 20 tid
651 471 36 13 var
703 466 99 26 gällande
813 467 32 19 för
856 467 93 27 byggan-

198 499 36 19 det
249 498 40 20 och
304 498 165 26 upptacklandet
483 498 23 20 af
519 498 77 26 fartyg,
612 498 89 20 hvarom
719 499 79 21 bönder
814 501 39 19 och
869 500 79 20 stånds-

199 538 101 20 personer
316 532 43 20 ofta
375 538 50 14 voro
441 533 7 19 i
463 532 69 26 bolag,
547 544 28 2 —
592 532 82 20 således
698 533 62 20 äfven
783 540 100 20 personer
906 541 42 13 som

200 567 41 19 den
257 566 59 20 tiden
333 567 18 25 ej
368 573 50 14 voro
435 566 131 26 berättigade
583 568 29 18 att
628 566 51 20 idka
695 567 78 25 sjöfart.
807 568 59 19 Hvad
887 568 63 19 sedan

199 600 65 26 angår
288 600 116 26 utbytande
428 600 22 19 af
471 600 106 26 uttrycket
601 600 208 27 ”skeppsbyggnad”
828 604 56 17 emot
899 602 51 20 ”far-

201 634 169 26 tygsbyggnad”,
386 633 23 19 så
424 640 36 13 var
475 634 61 19 äfven
553 634 57 19 inom
627 634 109 20 Utskottet
751 634 59 27 fråga
821 635 78 26 derom,
911 636 38 20 och

201 668 64 20 redan
290 668 53 19 hade
366 666 95 21 beslutits
484 669 31 18 att
529 667 36 20 det
585 667 67 20 skulle
668 668 50 19 heta
734 668 217 28 ”fartygsbyggnad”;

202 708 45 14 men
272 702 64 19 sedan
358 701 36 20 det
416 701 94 26 erinrats,
534 703 29 17 att
587 701 61 19 ordet
666 701 205 28 ”skeppsbyggnad”
887 706 23 17 är
924 710 26 13 en

201 736 87 19 allmänt
304 737 89 25 antagen
411 735 84 20 teknisk
511 737 59 23 term,
587 741 44 13 som
648 742 76 19 genom
746 736 73 20 bruket
839 737 38 19 fätt
893 737 57 27 bety-

202 770 72 20 delsen
290 771 30 18 att
335 769 44 20 afse
395 769 41 19 alla
451 769 55 26 slags
521 769 78 26 fartyg,
615 769 67 19 säsom
703 769 62 20 äfven
786 770 46 20 med
849 771 50 19 flere
914 778 37 12 an-

202 804 38 20 dra
255 804 37 19 ord
308 806 23 17 är
346 803 65 26 fallet,
422 805 13 17 t.
447 810 33 13 ex.
492 802 130 27 skeppsvarf,
634 803 219 27 skeppstimmerman,
865 805 86 26 skepps-

202 838 76 25 rederi,
295 837 248 26 skeppsförnödenheter,
559 837 195 26 skeppsklarerare,
776 845 25 12 m.
818 838 27 26 fl.,
869 840 22 18 sä
910 839 44 20 blef

203 872 60 19 ordet
278 870 205 27 ”skeppsbyggnad”
501 870 121 20 bibehållet.
652 870 74 20 Såsom
750 878 25 12 en
794 872 85 20 teknisk
899 875 51 17 term

203 905 104 20 försvarar
322 905 61 19 ordet
398 904 82 20 således
496 904 107 26 sin*plats.
622 916 22 2 —
662 905 47 19 Den
730 905 111 20 förordade
857 906 94 19 omtänk-

203 939 107 20 samheten
326 940 30 18 att
371 938 65 19 redan
452 945 28 12 nu
495 938 125 19 föreskrifva
636 938 185 27 Sjölagsutskottet
838 940 53 19 hvad
907 947 44 13 som

204 973 22 19 af
241 979 79 13 samma
342 972 86 26 Utskott
450 971 37 20 bör
509 971 112 27 iakttagas,
641 972 7 19 i
664 973 101 19 händelse
791 973 119 24 äterremiss
932 975 23 19 af

204 1007 87 19 ärendet
313 1006 96 20 kommer
432 1007 29 18 att
484 1005 43 26 ske,
551 1009 22 16 är
592 1012 25 13 en
634 1006 70 19 alltför
720 1008 42 18 stor
778 1008 174 20 omtänksamhet.

204 1041 44 19 Den
272 1047 62 20 synes
358 1040 42 26 mig
424 1045 51 14 vara
496 1039 31 20 för
550 1040 53 26 tidig
618 1040 40 20 och
674 1040 88 20 sålunda
776 1041 73 27 otidig,
865 1042 38 20 och
917 1043 37 26 jag

204 1075 105 26 afstyrker
330 1074 40 20 den
386 1073 68 20 såsom
471 1073 106 27 olämplig.

273 1109 53 20 Herr
342 1109 97 26 Sjöros:
455 1107 40 27 Jag
511 1107 36 20 ber
563 1109 30 18 att
608 1108 6 19 i
630 1108 102 20 afseende
747 1109 13 19 &
775 1110 46 19 mitt
831 1111 78 27 förslag
920 1117 33 14 om

206 1145 62 18 sättet
284 1143 31 20 för
330 1142 108 21 Utskottet
453 1144 30 18 att
499 1142 104 20 behandla
626 1142 82 27 frägan,
733 1143 70 20 derest
821 1144 40 21 den
877 1146 77 20 äterre-

206 1177 101 25 mitteras,
323 1177 20 19 fä
358 1177 78 25 erinra,
451 1178 31 18 att
497 1176 35 20 det
547 1179 22 17 är
585 1183 26 13 en
627 1177 78 19 allmän
729 1177 81 27 princip
827 1181 29 17 att
879 1186 32 13 om
928 1187 26 12 en

206 1210 119 28 paragraf
319 1206 13 37 i
343 1217 25 13 en
392 1210 34 27 lag
449 1213 22 17 är
493 1210 24 20 af
529 1212 30 18 ett
575 1210 65 20 Stånd
663 1210 107 27 godkänd,
793 1212 31 20 får
839 1213 19 26 ej
875 1220 36 13 ens
926 1215 30 18 ett

207 1245 37 20 ord
268 1245 67 20 deruti
358 1245 83 26 ändras,
464 1245 48 20 med
535 1245 82 19 mindre
638 1247 25 17 än
680 1247 30 17 att
726 1245 57 20 detta
798 1246 64 21 Ständ
882 1247 38 20 blir
936 1248 23 19 af

208 1279 25 20 de
249 1279 66 20 andra
330 1278 92 21 Ständen
439 1279 145 20 öfverröstadt.
615 1279 65 20 Skola
695 1279 7 19 i
718 1286 69 14 annan
803 1281 102 20 händelse
920 1284 35 17 än-

208 1313 86 27 dringar
309 1313 67 20 deruti
393 1313 20 20 fä
428 1316 61 23 göras
505 1313 22 20 af
541 1313 36 20 det
596 1313 92 26 Utskott,
712 1320 44 13 som
779 1315 120 20 sedermera
922 1316 34 20 be-

208 1348 89 20 handlar
313 1347 71 26 saken,
401 1347 23 20 sä
440 1347 65 20 mäste
521 1347 99 20 särskildt
636 1347 68 20 beslut
724 1348 71 20 derom
819 1349 68 21 fattas.
917 1351 43 23 Det

210 1389 36 12 var
261 1382 63 25 detta,
346 1388 45 13 som
416 1382 44 19 mitt
483 1382 77 26 förslag
581 1381 183 27 hufvudsakligast
779 1383 59 27 afsäg
857 1385 38 21 ocb
914 1389 44 20 frän

210 1415 40 20 den
266 1415 134 26 synpunkten
417 1418 22 17 är
455 1415 35 20 det
505 1415 94 20 hvarken
616 1416 31 19 för
663 1415 63 27 tidigt
741 1416 51 21 eller
808 1413 84 40 otidigt.
