1070 1786
206 155 33 17 736
487 154 41 17 Den
541 154 22 17 20
575 154 57 23 April.

185 212 92 21 tillfället
293 212 29 19 till
339 212 62 19 vinst.
430 211 40 27 Jag
489 213 34 18 vet
543 212 18 25 ej
582 211 98 20 hvarföre
705 213 43 25 just
766 212 99 20 Finlands
881 211 55 20 bank

186 247 69 20 skulle
270 253 50 13 vara
336 246 133 27 otillgänglig
487 246 32 19 för
542 248 29 17 ett
594 246 143 26 menskligare
761 246 173 20 betraktelsesätt.

185 281 9 19 I
211 281 94 25 enlighet
326 281 46 19 med
397 281 46 19 mitt
464 280 109 26 yttrandes
592 280 64 19 första
680 280 33 20 del
740 281 82 19 förenar
838 281 37 25 jag
893 280 43 26 mig

188 314 46 20 med
252 314 26 20 de
295 314 72 25 talare,
383 320 45 14 som
444 314 85 19 anslutit
545 314 31 26 sig
591 313 31 20 till
638 314 70 19 Baron
719 314 70 26 Boijes
800 314 137 20 reservation.

255 348 52 20 Herr
322 348 146 26 Nylander:
487 347 42 20 Till
548 347 122 26 minskning
694 348 22 19 af
735 347 200 27 voteringsproposi-

187 382 107 18 tionernes
316 382 63 25 antal,
402 382 50 19 ville
473 382 37 26 jag
531 381 83 26 föreslä,
634 383 30 17 att
679 381 53 20 Herr
748 388 40 13 von
805 382 131 26 Zweygberg

186 414 69 20 skulle
278 415 53 19 afstä
350 415 46 19 frän
416 415 35 19 sitt
469 415 155 25 amendement,
645 415 27 26 pä
690 422 80 13 samma
785 417 39 18 sätt
843 422 44 13 som
900 416 36 24 jag

187 448 28 20 uti
238 448 159 20 Statsutskottet
414 450 62 25 gjort,
496 449 6 19 i
518 449 36 19 det
573 451 30 17 att
620 450 44 25 jag,
686 449 26 19 dä
728 450 37 25 jag
780 449 48 19 fann
849 451 29 17 att
894 449 41 19 min

188 482 55 26 äsigt
265 482 47 20 icke
336 482 68 20 skulle
426 483 63 19 vinna
511 482 64 26 nägot
590 483 130 19 allmännare
740 483 131 26 deltagande,
889 482 48 20 icke

187 516 66 26 ansåg
276 516 42 26 mig
342 516 51 20 böra
412 516 56 20 hålla
490 516 71 26 derpä,
580 516 51 20 eller
647 517 6 19 i
670 516 58 20 detta
743 517 99 19 afseende
858 517 78 26 afgifva

187 550 137 19 reservation.

256 584 53 19 Herr
324 590 48 13 von
390 584 161 26 Zweygberg
573 584 97 19 förmälte
690 584 32 26 sig
741 584 47 19 icke
811 585 50 25 vilja
882 585 55 25 yrka

189 617 27 26 pä
231 618 129 26 proposition
377 624 33 13 om
428 618 35 19 det
477 618 23 19 af
513 618 76 19 honom
606 617 122 26 föreslagna
744 618 153 20 amendement.

257 652 53 19 Herr
325 651 143 26 Björksten
489 651 118 20 förklarade
625 652 33 25 sig
676 652 62 18 äfven
759 652 49 24 vilja
831 652 106 20 fränträda

189 685 35 19 sitt
239 686 149 19 amendement
404 685 39 20 och
459 685 74 19 förena
547 685 32 26 sig
595 686 29 18 uti
639 685 113 19 utskottets
770 686 138 19 betänkande.

258 719 32 19 Dä
312 719 64 26 ingen
397 719 23 19 af
436 718 96 20 Ständets
551 719 137 19 medlemmar
708 719 91 19 härefter
817 720 70 19 anhöll
903 726 32 13 om

189 753 67 25 ordet,
279 752 119 20 förklarade
422 752 52 20 Herr
497 752 158 20 Talmannen
676 752 147 21 diskussionen
847 754 89 20 afslutad

190 787 38 19 och
244 786 129 20 framställde
389 786 92 26 följande

258 820 178 26 Proposition:
463 820 129 20 Godkänner
618 820 89 20 Ständet
731 821 110 19 utskottets
867 821 69 20 betän-

191 854 69 19 kande
276 856 48 17 utan
341 854 135 26 förändring?
496 854 51 20 eller
567 854 36 19 vill
625 854 90 20 Ständet
736 856 29 18 att
788 854 68 27 någon
875 855 24 19 af
911 856 25 19 de

190 888 130 19 framställda
334 888 200 19 amendementerne
557 888 53 19 skall
630 888 116 25 uppställas
765 888 67 19 såsom
854 889 82 19 kontra-

191 921 129 26 proposition
344 923 57 18 emot
426 921 156 20 betänkandet?
611 921 32 20 De
669 928 45 13 som
741 922 66 19 önska
826 923 35 18 det
883 923 55 19 förra

190 962 62 13 svara
264 956 34 25 ja;
315 955 25 19 de
356 961 44 13 som
417 958 35 17 äro
469 955 22 19 af
504 955 40 20 den
560 961 73 14 senare
648 955 83 26 äsigten
747 956 46 25 nej.

261 989 31 19 Dä
307 989 158 26 propositionen
482 989 126 20 besvarades
623 989 47 19 med
688 989 100 20 blandadt
801 990 22 25 ja
841 990 39 19 och
897 991 40 25 nej,

190 1023 82 19 anhölls
296 1029 32 13 om
352 1023 39 20 och
417 1023 112 19 anställdes
549 1023 102 26 votering,
671 1029 45 13 som
732 1023 58 20 utföll
808 1024 47 19 med
871 1025 29 18 23
913 1025 27 24 ja

190 1059 58 18 emot
265 1058 24 18 11
309 1057 52 25 nej;
376 1057 7 19 i
399 1056 51 26 följd
466 1057 75 19 hvaraf
555 1057 87 19 Ständet
660 1057 130 20 förklarades
809 1057 62 20 hafva
889 1058 49 26 god-

191 1091 65 19 kännt
282 1091 110 19 utskottets
418 1091 140 25 betänkande,
581 1093 48 16 utan
653 1090 69 27 någon
742 1091 132 26 förändring;
900 1092 38 19 och

190 1125 68 19 skulle
274 1124 152 19 underrättelse
442 1124 72 19 härom
530 1131 76 20 genom
622 1124 193 27 protokollsutdrag
832 1126 106 19 meddelas

190 1159 58 19 såväl
266 1158 137 20 Medstånden
420 1164 43 13 som
479 1158 162 20 Statsutskottet.

261 1192 43 19 Mot
318 1192 170 26 omröstningens
504 1192 79 26 utgång
599 1192 135 20 reserverade
751 1192 31 26 sig
791 1192 76 20 Herrar
883 1193 55 19 Wa-

192 1226 89 20 senius
298 1225 38 20 och
352 1225 163 26 Tengström.

260 1260 53 19 Herr
328 1259 159 20 Talmannen
504 1259 98 27 föredrog
618 1259 30 20 till
664 1259 122 20 kännedom
805 1260 93 26 följande
909 1261 30 19 till

192 1294 88 19 Ständet
294 1293 108 20 ankomna
416 1293 202 26 protokollsutdrag:

263 1328 37 19 1:o.
330 1327 54 20 Från
404 1327 119 26 Högloflige
542 1327 155 26 Ridderskapet
721 1327 39 20 och
779 1327 69 20 Adeln
864 1328 23 19 af
901 1329 38 19 den

194 1363 24 18 13
235 1361 67 26 April,
325 1361 110 26 angående
459 1361 23 26 a)
505 1368 26 13 en
554 1361 56 20 inom
629 1361 138 20 Hedervärda
784 1361 157 21 Bondeständet

192 1396 64 19 väckt
271 1395 89 26 petition
376 1401 34 14 om
426 1397 220 24 augmentsräntornas
662 1395 128 26 indragning
806 1395 30 19 till
856 1395 84 21 Kronan

193 1431 39 18 och
256 1429 126 20 rusthällens
405 1429 134 20 likställande
561 1429 46 20 med
628 1429 68 27 öfriga
716 1429 155 27 skattskyldiga
887 1430 55 20 hem-
