<?xml version="1.0" encoding="UTF-8"?>
<alto xmlns="http://www.loc.gov/standards/alto/ns-v3#" xmlns:xlink="http://www.w3.org/1999/xlink" xmlns:xsi="http://www.w3.org/2001/XMLSchema-instance" xsi:schemaLocation="http://www.loc.gov/standards/alto/ns-v3# http://www.loc.gov/alto/v3/alto-3-0.xsd">
	<Description>
		<MeasurementUnit>pixel</MeasurementUnit>
		<sourceImageInformation>
			<fileName>/tmp/tess_pfer_s97_input.PNG</fileName>
		</sourceImageInformation>
		<OCRProcessing ID="OCR_0">
			<ocrProcessingStep>
				<processingSoftware>
					<softwareName>tesseract 5.3.4</softwareName>
				</processingSoftware>
			</ocrProcessingStep>
		</OCRProcessing>
	</Description>
	<Layout>
		<Page WIDTH="1070" HEIGHT="1786" PHYSICAL_IMG_NR="0" ID="page_0">
			<PrintSpace HPOS="0" VPOS="0" WIDTH="1070" HEIGHT="1786">
				<GraphicalElement ID="cblock_0" HPOS="10" VPOS="664" WIDTH="4" HEIGHT="321"></GraphicalElement >
				<ComposedBlock ID="cblock_1" HPOS="436" VPOS="158" WIDTH="412" HEIGHT="23">
					<TextBlock ID="block_0" HPOS="436" VPOS="158" WIDTH="412" HEIGHT="23">
						<TextLine ID="line_0" HPOS="436" VPOS="158" WIDTH="412" HEIGHT="23">
							<String ID="string_0" HPOS="436" VPOS="158" WIDTH="41" HEIGHT="17" WC="0.96" CONTENT="Den"/><SP WIDTH="14" VPOS="158" HPOS="477"/>
							<String ID="string_1" HPOS="491" VPOS="158" WIDTH="21" HEIGHT="17" WC="0.96" CONTENT="14"/><SP WIDTH="12" VPOS="158" HPOS="512"/>
							<String ID="string_2" HPOS="524" VPOS="159" WIDTH="41" HEIGHT="22" WC="0.96" CONTENT="Maj."/><SP WIDTH="238" VPOS="159" HPOS="565"/>
							<String ID="string_3" HPOS="803" VPOS="159" WIDTH="45" HEIGHT="18" WC="0.96" CONTENT="1135"/>
						</TextLine>
					</TextBlock>
				</ComposedBlock>
				<ComposedBlock ID="cblock_2" HPOS="112" VPOS="215" WIDTH="769" HEIGHT="1248">
					<TextBlock ID="block_1" HPOS="112" VPOS="215" WIDTH="757" HEIGHT="61">
						<TextLine ID="line_1" HPOS="112" VPOS="215" WIDTH="757" HEIGHT="27">
							<String ID="string_4" HPOS="112" VPOS="218" WIDTH="48" HEIGHT="17" WC="0.96" CONTENT="utan"/><SP WIDTH="24" VPOS="218" HPOS="160"/>
							<String ID="string_5" HPOS="184" VPOS="215" WIDTH="64" HEIGHT="26" WC="0.95" CONTENT="några"/><SP WIDTH="23" VPOS="215" HPOS="248"/>
							<String ID="string_6" HPOS="271" VPOS="216" WIDTH="128" HEIGHT="26" WC="0.96" CONTENT="svårigheter"/><SP WIDTH="23" VPOS="216" HPOS="399"/>
							<String ID="string_7" HPOS="422" VPOS="216" WIDTH="39" HEIGHT="20" WC="0.96" CONTENT="och"/><SP WIDTH="19" VPOS="216" HPOS="461"/>
							<String ID="string_8" HPOS="480" VPOS="216" WIDTH="73" HEIGHT="19" WC="0.95" CONTENT="kunna"/><SP WIDTH="16" VPOS="216" HPOS="553"/>
							<String ID="string_9" HPOS="569" VPOS="216" WIDTH="31" HEIGHT="19" WC="0.96" CONTENT="väl"/><SP WIDTH="18" VPOS="216" HPOS="600"/>
							<String ID="string_10" HPOS="618" VPOS="217" WIDTH="61" HEIGHT="19" WC="0.93" CONTENT="äfven"/><SP WIDTH="17" VPOS="217" HPOS="679"/>
							<String ID="string_11" HPOS="696" VPOS="216" WIDTH="112" HEIGHT="20" WC="0.91" CONTENT="framdeles"/><SP WIDTH="16" VPOS="216" HPOS="808"/>
							<String ID="string_12" HPOS="824" VPOS="217" WIDTH="45" HEIGHT="24" WC="0.96" CONTENT="ske,"/>
						</TextLine>
						<TextLine ID="line_2" HPOS="113" VPOS="249" WIDTH="516" HEIGHT="27">
							<String ID="string_13" HPOS="113" VPOS="253" WIDTH="47" HEIGHT="16" WC="0.96" CONTENT="utan"/><SP WIDTH="16" VPOS="253" HPOS="160"/>
							<String ID="string_14" HPOS="176" VPOS="252" WIDTH="29" HEIGHT="17" WC="0.96" CONTENT="att"/><SP WIDTH="16" VPOS="252" HPOS="205"/>
							<String ID="string_15" HPOS="221" VPOS="249" WIDTH="88" HEIGHT="20" WC="0.96" CONTENT="särskild"/><SP WIDTH="16" VPOS="249" HPOS="309"/>
							<String ID="string_16" HPOS="325" VPOS="250" WIDTH="106" HEIGHT="26" WC="0.96" CONTENT="reglering"/><SP WIDTH="17" VPOS="250" HPOS="431"/>
							<String ID="string_17" HPOS="448" VPOS="250" WIDTH="59" HEIGHT="19" WC="0.93" CONTENT="deraf"/><SP WIDTH="15" VPOS="250" HPOS="507"/>
							<String ID="string_18" HPOS="522" VPOS="250" WIDTH="107" HEIGHT="19" WC="0.92" CONTENT="behöfves."/>
						</TextLine>
					</TextBlock>
					<TextBlock ID="block_2" HPOS="112" VPOS="283" WIDTH="760" HEIGHT="60">
						<TextLine ID="line_3" HPOS="181" VPOS="283" WIDTH="691" HEIGHT="25">
							<String ID="string_19" HPOS="181" VPOS="284" WIDTH="149" HEIGHT="19" WC="0.95" CONTENT="Diskussionen"/><SP WIDTH="24" VPOS="284" HPOS="330"/>
							<String ID="string_20" HPOS="354" VPOS="284" WIDTH="131" HEIGHT="19" WC="0.89" CONTENT="förklarades"/><SP WIDTH="24" VPOS="284" HPOS="485"/>
							<String ID="string_21" HPOS="509" VPOS="283" WIDTH="50" HEIGHT="20" WC="0.89" CONTENT="härå"/><SP WIDTH="16" VPOS="283" HPOS="559"/>
							<String ID="string_22" HPOS="575" VPOS="284" WIDTH="96" HEIGHT="24" WC="0.92" CONTENT="afslutad,"/><SP WIDTH="23" VPOS="284" HPOS="671"/>
							<String ID="string_23" HPOS="694" VPOS="284" WIDTH="105" HEIGHT="20" WC="0.96" CONTENT="hvarefter"/><SP WIDTH="21" VPOS="284" HPOS="799"/>
							<String ID="string_24" HPOS="820" VPOS="285" WIDTH="52" HEIGHT="19" WC="0.95" CONTENT="Herr"/>
						</TextLine>
						<TextLine ID="line_4" HPOS="112" VPOS="317" WIDTH="418" HEIGHT="26">
							<String ID="string_25" HPOS="112" VPOS="318" WIDTH="163" HEIGHT="19" WC="0.96" CONTENT="Talmannen"/><SP WIDTH="17" VPOS="318" HPOS="275"/>
							<String ID="string_26" HPOS="292" VPOS="317" WIDTH="129" HEIGHT="19" WC="0.96" CONTENT="framställde"/><SP WIDTH="15" VPOS="317" HPOS="421"/>
							<String ID="string_27" HPOS="436" VPOS="317" WIDTH="94" HEIGHT="26" WC="0.94" CONTENT="följande"/>
						</TextLine>
					</TextBlock>
					<TextBlock ID="block_3" HPOS="114" VPOS="350" WIDTH="757" HEIGHT="128">
						<TextLine ID="line_5" HPOS="181" VPOS="350" WIDTH="690" HEIGHT="28">
							<String ID="string_28" HPOS="181" VPOS="350" WIDTH="185" HEIGHT="26" WC="0.93" CONTENT="Proposition:"/><SP WIDTH="16" VPOS="350" HPOS="366"/>
							<String ID="string_29" HPOS="382" VPOS="350" WIDTH="131" HEIGHT="20" WC="0.92" CONTENT="Godkänner"/><SP WIDTH="14" VPOS="350" HPOS="513"/>
							<String ID="string_30" HPOS="527" VPOS="350" WIDTH="88" HEIGHT="20" WC="0.92" CONTENT="Ståndet"/><SP WIDTH="15" VPOS="350" HPOS="615"/>
							<String ID="string_31" HPOS="630" VPOS="353" WIDTH="10" HEIGHT="22" WC="0.92" CONTENT="$"/><SP WIDTH="16" VPOS="353" HPOS="640"/>
							<String ID="string_32" HPOS="656" VPOS="352" WIDTH="25" HEIGHT="19" WC="0.95" CONTENT="59"/><SP WIDTH="24" VPOS="352" HPOS="681"/>
							<String ID="string_33" HPOS="705" VPOS="352" WIDTH="68" HEIGHT="26" WC="0.93" CONTENT="enligt"/><SP WIDTH="15" VPOS="352" HPOS="773"/>
							<String ID="string_34" HPOS="788" VPOS="352" WIDTH="83" HEIGHT="20" WC="0.91" CONTENT="Utskot-"/>
						</TextLine>
						<TextLine ID="line_6" HPOS="114" VPOS="384" WIDTH="757" HEIGHT="28">
							<String ID="string_35" HPOS="114" VPOS="387" WIDTH="39" HEIGHT="17" WC="0.91" CONTENT="tets"/><SP WIDTH="25" VPOS="387" HPOS="153"/>
							<String ID="string_36" HPOS="178" VPOS="384" WIDTH="132" HEIGHT="20" WC="0.96" CONTENT="betänkande"/><SP WIDTH="24" VPOS="384" HPOS="310"/>
							<String ID="string_37" HPOS="334" VPOS="384" WIDTH="51" HEIGHT="20" WC="0.96" CONTENT="eller"/><SP WIDTH="23" VPOS="384" HPOS="385"/>
							<String ID="string_38" HPOS="408" VPOS="386" WIDTH="87" HEIGHT="24" WC="0.93" CONTENT="antager"/><SP WIDTH="23" VPOS="386" HPOS="495"/>
							<String ID="string_39" HPOS="518" VPOS="384" WIDTH="88" HEIGHT="20" WC="0.93" CONTENT="Ständet"/><SP WIDTH="16" VPOS="384" HPOS="606"/>
							<String ID="string_40" HPOS="622" VPOS="384" WIDTH="51" HEIGHT="20" WC="0.93" CONTENT="Herr"/><SP WIDTH="16" VPOS="384" HPOS="673"/>
							<String ID="string_41" HPOS="689" VPOS="385" WIDTH="89" HEIGHT="20" WC="0.92" CONTENT="Kurténs"/><SP WIDTH="16" VPOS="385" HPOS="778"/>
							<String ID="string_42" HPOS="794" VPOS="386" WIDTH="77" HEIGHT="26" WC="0.96" CONTENT="förslag"/>
						</TextLine>
						<TextLine ID="line_7" HPOS="114" VPOS="418" WIDTH="757" HEIGHT="27">
							<String ID="string_43" HPOS="114" VPOS="426" WIDTH="33" HEIGHT="13" WC="0.96" CONTENT="om"/><SP WIDTH="15" VPOS="426" HPOS="147"/>
							<String ID="string_44" HPOS="162" VPOS="418" WIDTH="133" HEIGHT="20" WC="0.93" CONTENT="återremiss?"/><SP WIDTH="17" VPOS="418" HPOS="295"/>
							<String ID="string_45" HPOS="312" VPOS="430" WIDTH="17" HEIGHT="2" WC="0.92" CONTENT="—"/><SP WIDTH="23" VPOS="430" HPOS="329"/>
							<String ID="string_46" HPOS="352" VPOS="418" WIDTH="32" HEIGHT="20" WC="0.96" CONTENT="De"/><SP WIDTH="15" VPOS="418" HPOS="384"/>
							<String ID="string_47" HPOS="399" VPOS="424" WIDTH="43" HEIGHT="14" WC="0.96" CONTENT="som"/><SP WIDTH="16" VPOS="424" HPOS="442"/>
							<String ID="string_48" HPOS="458" VPOS="418" WIDTH="68" HEIGHT="20" WC="0.96" CONTENT="önska"/><SP WIDTH="15" VPOS="418" HPOS="526"/>
							<String ID="string_49" HPOS="541" VPOS="418" WIDTH="34" HEIGHT="20" WC="0.96" CONTENT="det"/><SP WIDTH="18" VPOS="418" HPOS="575"/>
							<String ID="string_50" HPOS="593" VPOS="418" WIDTH="55" HEIGHT="20" WC="0.95" CONTENT="förra"/><SP WIDTH="14" VPOS="418" HPOS="648"/>
							<String ID="string_51" HPOS="662" VPOS="425" WIDTH="62" HEIGHT="13" WC="0.96" CONTENT="svara"/><SP WIDTH="12" VPOS="425" HPOS="724"/>
							<String ID="string_52" HPOS="736" VPOS="420" WIDTH="37" HEIGHT="25" WC="0.95" CONTENT="ja,"/><SP WIDTH="17" VPOS="420" HPOS="773"/>
							<String ID="string_53" HPOS="790" VPOS="420" WIDTH="26" HEIGHT="19" WC="0.97" CONTENT="de"/><SP WIDTH="11" VPOS="420" HPOS="816"/>
							<String ID="string_54" HPOS="827" VPOS="426" WIDTH="44" HEIGHT="13" WC="0.96" CONTENT="som"/>
						</TextLine>
						<TextLine ID="line_8" HPOS="115" VPOS="452" WIDTH="367" HEIGHT="26">
							<String ID="string_55" HPOS="115" VPOS="454" WIDTH="72" HEIGHT="19" WC="0.96" CONTENT="förena"/><SP WIDTH="15" VPOS="454" HPOS="187"/>
							<String ID="string_56" HPOS="202" VPOS="453" WIDTH="32" HEIGHT="25" WC="0.96" CONTENT="sig"/><SP WIDTH="16" VPOS="453" HPOS="234"/>
							<String ID="string_57" HPOS="250" VPOS="459" WIDTH="32" HEIGHT="13" WC="0.95" CONTENT="om"/><SP WIDTH="17" VPOS="459" HPOS="282"/>
							<String ID="string_58" HPOS="299" VPOS="452" WIDTH="118" HEIGHT="20" WC="0.95" CONTENT="återremiss"/><SP WIDTH="17" VPOS="452" HPOS="417"/>
							<String ID="string_59" HPOS="434" VPOS="453" WIDTH="48" HEIGHT="25" WC="0.96" CONTENT="nej."/>
						</TextLine>
					</TextBlock>
					<TextBlock ID="block_4" HPOS="115" VPOS="487" WIDTH="756" HEIGHT="94">
						<TextLine ID="line_9" HPOS="183" VPOS="487" WIDTH="688" HEIGHT="27">
							<String ID="string_60" HPOS="183" VPOS="487" WIDTH="157" HEIGHT="26" WC="0.96" CONTENT="Propositionen"/><SP WIDTH="18" VPOS="487" HPOS="340"/>
							<String ID="string_61" HPOS="358" VPOS="487" WIDTH="126" HEIGHT="19" WC="0.95" CONTENT="besvarades"/><SP WIDTH="17" VPOS="487" HPOS="484"/>
							<String ID="string_62" HPOS="501" VPOS="488" WIDTH="46" HEIGHT="19" WC="0.93" CONTENT="med"/><SP WIDTH="17" VPOS="488" HPOS="547"/>
							<String ID="string_63" HPOS="564" VPOS="488" WIDTH="156" HEIGHT="25" WC="0.91" CONTENT="öfvervägande"/><SP WIDTH="12" VPOS="488" HPOS="720"/>
							<String ID="string_64" HPOS="732" VPOS="488" WIDTH="37" HEIGHT="26" WC="0.96" CONTENT="ja;"/><SP WIDTH="11" VPOS="488" HPOS="769"/>
							<String ID="string_65" HPOS="780" VPOS="488" WIDTH="38" HEIGHT="19" WC="0.93" CONTENT="och"/><SP WIDTH="13" VPOS="488" HPOS="818"/>
							<String ID="string_66" HPOS="831" VPOS="488" WIDTH="40" HEIGHT="19" WC="0.93" CONTENT="för-"/>
						</TextLine>
						<TextLine ID="line_10" HPOS="116" VPOS="520" WIDTH="755" HEIGHT="26">
							<String ID="string_67" HPOS="116" VPOS="521" WIDTH="96" HEIGHT="19" WC="0.95" CONTENT="klarades"/><SP WIDTH="16" VPOS="521" HPOS="212"/>
							<String ID="string_68" HPOS="228" VPOS="520" WIDTH="6" HEIGHT="19" WC="0.96" CONTENT="i"/><SP WIDTH="16" VPOS="520" HPOS="234"/>
							<String ID="string_69" HPOS="250" VPOS="520" WIDTH="94" HEIGHT="26" WC="0.96" CONTENT="enlighet"/><SP WIDTH="16" VPOS="520" HPOS="344"/>
							<String ID="string_70" HPOS="360" VPOS="521" WIDTH="85" HEIGHT="19" WC="0.93" CONTENT="härmed"/><SP WIDTH="16" VPOS="521" HPOS="445"/>
							<String ID="string_71" HPOS="461" VPOS="523" WIDTH="10" HEIGHT="21" WC="0.92" CONTENT="$"/><SP WIDTH="17" VPOS="523" HPOS="471"/>
							<String ID="string_72" HPOS="488" VPOS="521" WIDTH="25" HEIGHT="19" WC="0.96" CONTENT="59"/><SP WIDTH="19" VPOS="521" HPOS="513"/>
							<String ID="string_73" HPOS="532" VPOS="521" WIDTH="61" HEIGHT="19" WC="0.96" CONTENT="hafva"/><SP WIDTH="16" VPOS="521" HPOS="593"/>
							<String ID="string_74" HPOS="609" VPOS="521" WIDTH="69" HEIGHT="19" WC="0.96" CONTENT="blifvit"/><SP WIDTH="14" VPOS="521" HPOS="678"/>
							<String ID="string_75" HPOS="692" VPOS="522" WIDTH="23" HEIGHT="19" WC="0.92" CONTENT="af"/><SP WIDTH="9" VPOS="522" HPOS="715"/>
							<String ID="string_76" HPOS="724" VPOS="522" WIDTH="88" HEIGHT="20" WC="0.91" CONTENT="Ståndet"/><SP WIDTH="11" VPOS="522" HPOS="812"/>
							<String ID="string_77" HPOS="823" VPOS="524" WIDTH="48" HEIGHT="17" WC="0.96" CONTENT="utan"/>
						</TextLine>
						<TextLine ID="line_11" HPOS="115" VPOS="555" WIDTH="233" HEIGHT="26">
							<String ID="string_78" HPOS="115" VPOS="555" WIDTH="121" HEIGHT="26" WC="0.96" CONTENT="förändring"/><SP WIDTH="16" VPOS="555" HPOS="236"/>
							<String ID="string_79" HPOS="252" VPOS="558" WIDTH="96" HEIGHT="23" WC="0.96" CONTENT="antagen."/>
						</TextLine>
					</TextBlock>
					<TextBlock ID="block_5" HPOS="217" VPOS="589" WIDTH="61" HEIGHT="27">
						<TextLine ID="line_12" HPOS="217" VPOS="589" WIDTH="61" HEIGHT="27">
							<String ID="string_80" HPOS="217" VPOS="589" WIDTH="13" HEIGHT="27" WC="0.44" CONTENT="I"/><SP WIDTH="17" VPOS="589" HPOS="230"/>
							<String ID="string_81" HPOS="247" VPOS="589" WIDTH="31" HEIGHT="20" WC="0.93" CONTENT="60"/>
						</TextLine>
					</TextBlock>
					<TextBlock ID="block_6" HPOS="116" VPOS="622" WIDTH="759" HEIGHT="299">
						<TextLine ID="line_13" HPOS="184" VPOS="622" WIDTH="689" HEIGHT="27">
							<String ID="string_82" HPOS="184" VPOS="622" WIDTH="53" HEIGHT="20" WC="0.96" CONTENT="Herr"/><SP WIDTH="20" VPOS="622" HPOS="237"/>
							<String ID="string_83" HPOS="257" VPOS="622" WIDTH="110" HEIGHT="20" WC="0.96" CONTENT="Kurtén:"/><SP WIDTH="19" VPOS="622" HPOS="367"/>
							<String ID="string_84" HPOS="386" VPOS="623" WIDTH="9" HEIGHT="19" WC="0.95" CONTENT="I"/><SP WIDTH="16" VPOS="623" HPOS="395"/>
							<String ID="string_85" HPOS="411" VPOS="622" WIDTH="138" HEIGHT="20" WC="0.93" CONTENT="förevarande"/><SP WIDTH="16" VPOS="622" HPOS="549"/>
							<String ID="string_86" HPOS="565" VPOS="625" WIDTH="10" HEIGHT="21" WC="0.92" CONTENT="$"/><SP WIDTH="16" VPOS="625" HPOS="575"/>
							<String ID="string_87" HPOS="591" VPOS="623" WIDTH="66" HEIGHT="19" WC="0.96" CONTENT="finnes"/><SP WIDTH="16" VPOS="623" HPOS="657"/>
							<String ID="string_88" HPOS="673" VPOS="625" WIDTH="77" HEIGHT="18" WC="0.96" CONTENT="utsatta"/><SP WIDTH="15" VPOS="625" HPOS="750"/>
							<String ID="string_89" HPOS="765" VPOS="624" WIDTH="25" HEIGHT="19" WC="0.96" CONTENT="de"/><SP WIDTH="17" VPOS="624" HPOS="790"/>
							<String ID="string_90" HPOS="807" VPOS="624" WIDTH="66" HEIGHT="25" WC="0.96" CONTENT="böter,"/>
						</TextLine>
						<TextLine ID="line_14" HPOS="117" VPOS="656" WIDTH="756" HEIGHT="26">
							<String ID="string_91" HPOS="117" VPOS="656" WIDTH="71" HEIGHT="20" WC="0.96" CONTENT="hvilka"/><SP WIDTH="16" VPOS="656" HPOS="188"/>
							<String ID="string_92" HPOS="204" VPOS="663" WIDTH="24" HEIGHT="13" WC="0.96" CONTENT="en"/><SP WIDTH="17" VPOS="663" HPOS="228"/>
							<String ID="string_93" HPOS="245" VPOS="657" WIDTH="79" HEIGHT="25" WC="0.96" CONTENT="sjöman"/><SP WIDTH="17" VPOS="657" HPOS="324"/>
							<String ID="string_94" HPOS="341" VPOS="660" WIDTH="23" HEIGHT="16" WC="0.96" CONTENT="är"/><SP WIDTH="16" VPOS="660" HPOS="364"/>
							<String ID="string_95" HPOS="380" VPOS="657" WIDTH="148" HEIGHT="25" WC="0.96" CONTENT="underkastad,"/><SP WIDTH="17" VPOS="657" HPOS="528"/>
							<String ID="string_96" HPOS="545" VPOS="664" WIDTH="32" HEIGHT="12" WC="0.95" CONTENT="om"/><SP WIDTH="13" VPOS="664" HPOS="577"/>
							<String ID="string_97" HPOS="590" VPOS="657" WIDTH="40" HEIGHT="19" WC="0.95" CONTENT="han"/><SP WIDTH="13" VPOS="657" HPOS="630"/>
							<String ID="string_98" HPOS="643" VPOS="659" WIDTH="47" HEIGHT="18" WC="0.92" CONTENT="utan"/><SP WIDTH="13" VPOS="659" HPOS="690"/>
							<String ID="string_99" HPOS="703" VPOS="657" WIDTH="170" HEIGHT="21" WC="0.90" CONTENT="befälhafvarens"/>
						</TextLine>
						<TextLine ID="line_15" HPOS="116" VPOS="690" WIDTH="758" HEIGHT="28">
							<String ID="string_100" HPOS="116" VPOS="690" WIDTH="92" HEIGHT="20" WC="0.96" CONTENT="tillstånd"/><SP WIDTH="25" VPOS="690" HPOS="208"/>
							<String ID="string_101" HPOS="233" VPOS="690" WIDTH="79" HEIGHT="20" WC="0.95" CONTENT="medför"/><SP WIDTH="23" VPOS="690" HPOS="312"/>
							<String ID="string_102" HPOS="335" VPOS="697" WIDTH="67" HEIGHT="19" WC="0.95" CONTENT="varor;"/><SP WIDTH="24" VPOS="697" HPOS="402"/>
							<String ID="string_103" HPOS="426" VPOS="697" WIDTH="46" HEIGHT="13" WC="0.92" CONTENT="men"/><SP WIDTH="25" VPOS="697" HPOS="472"/>
							<String ID="string_104" HPOS="497" VPOS="691" WIDTH="95" HEIGHT="20" WC="0.92" CONTENT="hvarken"/><SP WIDTH="24" VPOS="691" HPOS="592"/>
							<String ID="string_105" HPOS="616" VPOS="691" WIDTH="26" HEIGHT="25" WC="0.96" CONTENT="på"/><SP WIDTH="22" VPOS="691" HPOS="642"/>
							<String ID="string_106" HPOS="664" VPOS="692" WIDTH="58" HEIGHT="19" WC="0.96" CONTENT="detta"/><SP WIDTH="20" VPOS="692" HPOS="722"/>
							<String ID="string_107" HPOS="742" VPOS="692" WIDTH="51" HEIGHT="19" WC="0.96" CONTENT="eller"/><SP WIDTH="17" VPOS="692" HPOS="793"/>
							<String ID="string_108" HPOS="810" VPOS="692" WIDTH="64" HEIGHT="26" WC="0.96" CONTENT="något"/>
						</TextLine>
						<TextLine ID="line_16" HPOS="117" VPOS="724" WIDTH="756" HEIGHT="27">
							<String ID="string_109" HPOS="117" VPOS="728" WIDTH="63" HEIGHT="16" WC="0.94" CONTENT="annat"/><SP WIDTH="22" VPOS="728" HPOS="180"/>
							<String ID="string_110" HPOS="202" VPOS="725" WIDTH="60" HEIGHT="19" WC="0.94" CONTENT="ställe"/><SP WIDTH="22" VPOS="725" HPOS="262"/>
							<String ID="string_111" HPOS="284" VPOS="725" WIDTH="6" HEIGHT="19" WC="0.93" CONTENT="i"/><SP WIDTH="23" VPOS="725" HPOS="290"/>
							<String ID="string_112" HPOS="313" VPOS="724" WIDTH="236" HEIGHT="27" WC="0.92" CONTENT="författningsförslaget"/><SP WIDTH="18" VPOS="724" HPOS="549"/>
							<String ID="string_113" HPOS="567" VPOS="726" WIDTH="67" HEIGHT="18" WC="0.96" CONTENT="finnes"/><SP WIDTH="16" VPOS="726" HPOS="634"/>
							<String ID="string_114" HPOS="650" VPOS="725" WIDTH="68" HEIGHT="20" WC="0.93" CONTENT="direkt"/><SP WIDTH="16" VPOS="725" HPOS="718"/>
							<String ID="string_115" HPOS="734" VPOS="726" WIDTH="94" HEIGHT="25" WC="0.90" CONTENT="uttaladt,"/><SP WIDTH="16" VPOS="726" HPOS="828"/>
							<String ID="string_116" HPOS="844" VPOS="727" WIDTH="29" HEIGHT="17" WC="0.97" CONTENT="att"/>
						</TextLine>
						<TextLine ID="line_17" HPOS="118" VPOS="758" WIDTH="754" HEIGHT="28">
							<String ID="string_117" HPOS="118" VPOS="760" WIDTH="39" HEIGHT="18" WC="0.96" CONTENT="han"/><SP WIDTH="16" VPOS="760" HPOS="157"/>
							<String ID="string_118" HPOS="173" VPOS="765" WIDTH="50" HEIGHT="13" WC="0.96" CONTENT="vore"/><SP WIDTH="16" VPOS="765" HPOS="223"/>
							<String ID="string_119" HPOS="239" VPOS="758" WIDTH="85" HEIGHT="26" WC="0.96" CONTENT="skyldig"/><SP WIDTH="16" VPOS="758" HPOS="324"/>
							<String ID="string_120" HPOS="340" VPOS="761" WIDTH="29" HEIGHT="17" WC="0.96" CONTENT="att"/><SP WIDTH="16" VPOS="761" HPOS="369"/>
							<String ID="string_121" HPOS="385" VPOS="761" WIDTH="77" HEIGHT="17" WC="0.96" CONTENT="ersätta"/><SP WIDTH="16" VPOS="761" HPOS="462"/>
							<String ID="string_122" HPOS="478" VPOS="759" WIDTH="88" HEIGHT="20" WC="0.96" CONTENT="redaren"/><SP WIDTH="12" VPOS="759" HPOS="566"/>
							<String ID="string_123" HPOS="578" VPOS="760" WIDTH="40" HEIGHT="19" WC="0.96" CONTENT="den"/><SP WIDTH="14" VPOS="760" HPOS="618"/>
							<String ID="string_124" HPOS="632" VPOS="759" WIDTH="55" HEIGHT="20" WC="0.96" CONTENT="frakt"/><SP WIDTH="9" VPOS="759" HPOS="687"/>
							<String ID="string_125" HPOS="696" VPOS="760" WIDTH="40" HEIGHT="19" WC="0.96" CONTENT="han"/><SP WIDTH="14" VPOS="760" HPOS="736"/>
							<String ID="string_126" HPOS="750" VPOS="760" WIDTH="122" HEIGHT="26" WC="0.96" CONTENT="härigenom"/>
						</TextLine>
						<TextLine ID="line_18" HPOS="118" VPOS="792" WIDTH="754" HEIGHT="28">
							<String ID="string_127" HPOS="118" VPOS="793" WIDTH="56" HEIGHT="19" WC="0.93" CONTENT="velat"/><SP WIDTH="22" VPOS="793" HPOS="174"/>
							<String ID="string_128" HPOS="196" VPOS="792" WIDTH="136" HEIGHT="20" WC="0.71" CONTENT="undansnilla."/><SP WIDTH="32" VPOS="792" HPOS="332"/>
							<String ID="string_129" HPOS="364" VPOS="793" WIDTH="31" HEIGHT="19" WC="0.96" CONTENT="Då"/><SP WIDTH="22" VPOS="793" HPOS="395"/>
							<String ID="string_130" HPOS="417" VPOS="794" WIDTH="35" HEIGHT="19" WC="0.95" CONTENT="det"/><SP WIDTH="22" VPOS="794" HPOS="452"/>
							<String ID="string_131" HPOS="474" VPOS="796" WIDTH="23" HEIGHT="17" WC="0.96" CONTENT="är"/><SP WIDTH="24" VPOS="796" HPOS="497"/>
							<String ID="string_132" HPOS="521" VPOS="794" WIDTH="72" HEIGHT="24" WC="0.94" CONTENT="kändt,"/><SP WIDTH="16" VPOS="794" HPOS="593"/>
							<String ID="string_133" HPOS="609" VPOS="796" WIDTH="29" HEIGHT="17" WC="0.96" CONTENT="att"/><SP WIDTH="15" VPOS="796" HPOS="638"/>
							<String ID="string_134" HPOS="653" VPOS="794" WIDTH="26" HEIGHT="26" WC="0.96" CONTENT="på"/><SP WIDTH="16" VPOS="794" HPOS="679"/>
							<String ID="string_135" HPOS="695" VPOS="794" WIDTH="25" HEIGHT="19" WC="0.96" CONTENT="de"/><SP WIDTH="17" VPOS="794" HPOS="720"/>
							<String ID="string_136" HPOS="737" VPOS="794" WIDTH="76" HEIGHT="25" WC="0.95" CONTENT="fartyg,"/><SP WIDTH="16" VPOS="794" HPOS="813"/>
							<String ID="string_137" HPOS="829" VPOS="800" WIDTH="43" HEIGHT="12" WC="0.96" CONTENT="som"/>
						</TextLine>
						<TextLine ID="line_19" HPOS="117" VPOS="826" WIDTH="756" HEIGHT="27">
							<String ID="string_138" HPOS="117" VPOS="830" WIDTH="50" HEIGHT="23" WC="0.96" CONTENT="göra"/><SP WIDTH="21" VPOS="830" HPOS="167"/>
							<String ID="string_139" HPOS="188" VPOS="826" WIDTH="60" HEIGHT="20" WC="0.96" CONTENT="korta"/><SP WIDTH="22" VPOS="826" HPOS="248"/>
							<String ID="string_140" HPOS="270" VPOS="829" WIDTH="60" HEIGHT="22" WC="0.96" CONTENT="turer,"/><SP WIDTH="22" VPOS="829" HPOS="330"/>
							<String ID="string_141" HPOS="352" VPOS="826" WIDTH="52" HEIGHT="20" WC="0.96" CONTENT="eller"/><SP WIDTH="20" VPOS="826" HPOS="404"/>
							<String ID="string_142" HPOS="424" VPOS="826" WIDTH="127" HEIGHT="20" WC="0.96" CONTENT="åtminstone"/><SP WIDTH="18" VPOS="826" HPOS="551"/>
							<String ID="string_143" HPOS="569" VPOS="827" WIDTH="27" HEIGHT="25" WC="0.96" CONTENT="på"/><SP WIDTH="15" VPOS="827" HPOS="596"/>
							<String ID="string_144" HPOS="611" VPOS="834" WIDTH="26" HEIGHT="13" WC="0.96" CONTENT="en"/><SP WIDTH="17" VPOS="834" HPOS="637"/>
							<String ID="string_145" HPOS="654" VPOS="827" WIDTH="32" HEIGHT="19" WC="0.95" CONTENT="del"/><SP WIDTH="16" VPOS="827" HPOS="686"/>
							<String ID="string_146" HPOS="702" VPOS="826" WIDTH="103" HEIGHT="26" WC="0.93" CONTENT="ångbåtar"/><SP WIDTH="16" VPOS="826" HPOS="805"/>
							<String ID="string_147" HPOS="821" VPOS="828" WIDTH="52" HEIGHT="24" WC="0.92" CONTENT="styr-"/>
						</TextLine>
						<TextLine ID="line_20" HPOS="118" VPOS="860" WIDTH="757" HEIGHT="26">
							<String ID="string_148" HPOS="118" VPOS="864" WIDTH="88" HEIGHT="16" WC="0.93" CONTENT="männen"/><SP WIDTH="18" VPOS="864" HPOS="206"/>
							<String ID="string_149" HPOS="224" VPOS="861" WIDTH="67" HEIGHT="19" WC="0.91" CONTENT="drifva"/><SP WIDTH="15" VPOS="861" HPOS="291"/>
							<String ID="string_150" HPOS="306" VPOS="866" WIDTH="25" HEIGHT="14" WC="0.96" CONTENT="en"/><SP WIDTH="16" VPOS="866" HPOS="331"/>
							<String ID="string_151" HPOS="347" VPOS="860" WIDTH="47" HEIGHT="19" WC="0.96" CONTENT="icke"/><SP WIDTH="16" VPOS="860" HPOS="394"/>
							<String ID="string_152" HPOS="410" VPOS="860" WIDTH="109" HEIGHT="26" WC="0.93" CONTENT="obetydlig"/><SP WIDTH="12" VPOS="860" HPOS="519"/>
							<String ID="string_153" HPOS="531" VPOS="860" WIDTH="141" HEIGHT="25" WC="0.92" CONTENT="fraktrörelse,"/><SP WIDTH="14" VPOS="860" HPOS="672"/>
							<String ID="string_154" HPOS="686" VPOS="860" WIDTH="64" HEIGHT="20" WC="0.96" CONTENT="borde"/><SP WIDTH="12" VPOS="860" HPOS="750"/>
							<String ID="string_155" HPOS="762" VPOS="863" WIDTH="29" HEIGHT="17" WC="0.96" CONTENT="ett"/><SP WIDTH="10" VPOS="863" HPOS="791"/>
							<String ID="string_156" HPOS="801" VPOS="860" WIDTH="74" HEIGHT="20" WC="0.95" CONTENT="sådant"/>
						</TextLine>
						<TextLine ID="line_21" HPOS="119" VPOS="894" WIDTH="723" HEIGHT="27">
							<String ID="string_157" HPOS="119" VPOS="895" WIDTH="115" HEIGHT="26" WC="0.95" CONTENT="stadgande"/><SP WIDTH="17" VPOS="895" HPOS="234"/>
							<String ID="string_158" HPOS="251" VPOS="894" WIDTH="77" HEIGHT="19" WC="0.96" CONTENT="införas"/><SP WIDTH="16" VPOS="894" HPOS="328"/>
							<String ID="string_159" HPOS="344" VPOS="895" WIDTH="39" HEIGHT="18" WC="0.96" CONTENT="och"/><SP WIDTH="16" VPOS="895" HPOS="383"/>
							<String ID="string_160" HPOS="399" VPOS="894" WIDTH="84" HEIGHT="19" WC="0.96" CONTENT="komme"/><SP WIDTH="17" VPOS="894" HPOS="483"/>
							<String ID="string_161" HPOS="500" VPOS="894" WIDTH="26" HEIGHT="19" WC="0.96" CONTENT="då"/><SP WIDTH="16" VPOS="894" HPOS="526"/>
							<String ID="string_162" HPOS="542" VPOS="894" WIDTH="70" HEIGHT="20" WC="0.96" CONTENT="säkert"/><SP WIDTH="16" VPOS="894" HPOS="612"/>
							<String ID="string_163" HPOS="628" VPOS="895" WIDTH="42" HEIGHT="19" WC="0.96" CONTENT="ofta"/><SP WIDTH="15" VPOS="895" HPOS="670"/>
							<String ID="string_164" HPOS="685" VPOS="897" WIDTH="29" HEIGHT="17" WC="0.96" CONTENT="att"/><SP WIDTH="17" VPOS="897" HPOS="714"/>
							<String ID="string_165" HPOS="731" VPOS="895" WIDTH="111" HEIGHT="25" WC="0.96" CONTENT="tillämpas."/>
						</TextLine>
					</TextBlock>
					<TextBlock ID="block_7" HPOS="119" VPOS="923" WIDTH="756" HEIGHT="98">
						<TextLine ID="line_22" HPOS="186" VPOS="923" WIDTH="689" HEIGHT="31">
							<String ID="string_166" HPOS="186" VPOS="929" WIDTH="53" HEIGHT="19" WC="0.96" CONTENT="Herr"/><SP WIDTH="20" VPOS="929" HPOS="239"/>
							<String ID="string_167" HPOS="259" VPOS="928" WIDTH="131" HEIGHT="19" WC="0.96" CONTENT="Boström:"/><SP WIDTH="20" VPOS="928" HPOS="390"/>
							<String ID="string_168" HPOS="410" VPOS="923" WIDTH="69" HEIGHT="24" WC="0.96" CONTENT="Äfven"/><SP WIDTH="18" VPOS="923" HPOS="479"/>
							<String ID="string_169" HPOS="497" VPOS="928" WIDTH="38" HEIGHT="26" WC="0.96" CONTENT="jag"/><SP WIDTH="15" VPOS="928" HPOS="535"/>
							<String ID="string_170" HPOS="550" VPOS="934" WIDTH="61" HEIGHT="13" WC="0.96" CONTENT="anser"/><SP WIDTH="15" VPOS="934" HPOS="611"/>
							<String ID="string_171" HPOS="626" VPOS="930" WIDTH="30" HEIGHT="17" WC="0.96" CONTENT="ett"/><SP WIDTH="15" VPOS="930" HPOS="656"/>
							<String ID="string_172" HPOS="671" VPOS="927" WIDTH="75" HEIGHT="20" WC="0.96" CONTENT="sådant"/><SP WIDTH="14" VPOS="927" HPOS="746"/>
							<String ID="string_173" HPOS="760" VPOS="927" WIDTH="115" HEIGHT="26" WC="0.95" CONTENT="stadgande"/>
						</TextLine>
						<TextLine ID="line_23" HPOS="120" VPOS="962" WIDTH="755" HEIGHT="26">
							<String ID="string_174" HPOS="120" VPOS="962" WIDTH="106" HEIGHT="26" WC="0.91" CONTENT="behöfligt,"/><SP WIDTH="25" VPOS="962" HPOS="226"/>
							<String ID="string_175" HPOS="251" VPOS="968" WIDTH="45" HEIGHT="13" WC="0.96" CONTENT="men"/><SP WIDTH="24" VPOS="968" HPOS="296"/>
							<String ID="string_176" HPOS="320" VPOS="964" WIDTH="42" HEIGHT="17" WC="0.95" CONTENT="tror"/><SP WIDTH="23" VPOS="964" HPOS="362"/>
							<String ID="string_177" HPOS="385" VPOS="962" WIDTH="116" HEIGHT="19" WC="0.96" CONTENT="detsamma"/><SP WIDTH="23" VPOS="962" HPOS="501"/>
							<String ID="string_178" HPOS="524" VPOS="962" WIDTH="71" HEIGHT="19" WC="0.93" CONTENT="kunna"/><SP WIDTH="16" VPOS="962" HPOS="595"/>
							<String ID="string_179" HPOS="611" VPOS="962" WIDTH="103" HEIGHT="19" WC="0.90" CONTENT="undvaras"/><SP WIDTH="15" VPOS="962" HPOS="714"/>
							<String ID="string_180" HPOS="729" VPOS="962" WIDTH="29" HEIGHT="19" WC="0.96" CONTENT="uti"/><SP WIDTH="15" VPOS="962" HPOS="758"/>
							<String ID="string_181" HPOS="773" VPOS="962" WIDTH="70" HEIGHT="19" WC="0.93" CONTENT="denna"/><SP WIDTH="15" VPOS="962" HPOS="843"/>
							<String ID="string_182" HPOS="858" VPOS="963" WIDTH="17" HEIGHT="24" WC="0.92" CONTENT="$,"/>
						</TextLine>
						<TextLine ID="line_24" HPOS="119" VPOS="995" WIDTH="478" HEIGHT="26">
							<String ID="string_183" HPOS="119" VPOS="997" WIDTH="26" HEIGHT="18" WC="0.96" CONTENT="då"/><SP WIDTH="17" VPOS="997" HPOS="145"/>
							<String ID="string_184" HPOS="162" VPOS="996" WIDTH="145" HEIGHT="19" WC="0.96" CONTENT="bestämmelse"/><SP WIDTH="15" VPOS="996" HPOS="307"/>
							<String ID="string_185" HPOS="322" VPOS="995" WIDTH="72" HEIGHT="20" WC="0.95" CONTENT="härom"/><SP WIDTH="17" VPOS="995" HPOS="394"/>
							<String ID="string_186" HPOS="411" VPOS="995" WIDTH="67" HEIGHT="26" WC="0.95" CONTENT="ingått"/><SP WIDTH="17" VPOS="995" HPOS="478"/>
							<String ID="string_187" HPOS="495" VPOS="996" WIDTH="27" HEIGHT="19" WC="0.92" CONTENT="uti"/><SP WIDTH="17" VPOS="996" HPOS="522"/>
							<String ID="string_188" HPOS="539" VPOS="997" WIDTH="9" HEIGHT="22" WC="0.90" CONTENT="$"/><SP WIDTH="17" VPOS="997" HPOS="548"/>
							<String ID="string_189" HPOS="565" VPOS="996" WIDTH="32" HEIGHT="19" WC="0.96" CONTENT="83."/>
						</TextLine>
					</TextBlock>
					<TextBlock ID="block_8" HPOS="119" VPOS="1023" WIDTH="755" HEIGHT="67">
						<TextLine ID="line_25" HPOS="187" VPOS="1023" WIDTH="687" HEIGHT="32">
							<String ID="string_190" HPOS="187" VPOS="1031" WIDTH="53" HEIGHT="19" WC="0.96" CONTENT="Herr"/><SP WIDTH="22" VPOS="1031" HPOS="240"/>
							<String ID="string_191" HPOS="262" VPOS="1029" WIDTH="150" HEIGHT="26" WC="0.93" CONTENT="Lundberg:"/><SP WIDTH="24" VPOS="1029" HPOS="412"/>
							<String ID="string_192" HPOS="436" VPOS="1023" WIDTH="142" HEIGHT="32" WC="0.91" CONTENT="Åberopande"/><SP WIDTH="23" VPOS="1023" HPOS="578"/>
							<String ID="string_193" HPOS="601" VPOS="1029" WIDTH="53" HEIGHT="20" WC="0.96" CONTENT="hvad"/><SP WIDTH="25" VPOS="1029" HPOS="654"/>
							<String ID="string_194" HPOS="679" VPOS="1030" WIDTH="71" HEIGHT="19" WC="0.96" CONTENT="härom"/><SP WIDTH="24" VPOS="1030" HPOS="750"/>
							<String ID="string_195" HPOS="774" VPOS="1030" WIDTH="28" HEIGHT="19" WC="0.93" CONTENT="uti"/><SP WIDTH="21" VPOS="1030" HPOS="802"/>
							<String ID="string_196" HPOS="823" VPOS="1031" WIDTH="10" HEIGHT="22" WC="0.93" CONTENT="$"/><SP WIDTH="17" VPOS="1031" HPOS="833"/>
							<String ID="string_197" HPOS="850" VPOS="1029" WIDTH="24" HEIGHT="19" WC="0.96" CONTENT="83"/>
						</TextLine>
						<TextLine ID="line_26" HPOS="119" VPOS="1063" WIDTH="577" HEIGHT="27">
							<String ID="string_198" HPOS="119" VPOS="1065" WIDTH="90" HEIGHT="25" WC="0.95" CONTENT="stadgas,"/><SP WIDTH="16" VPOS="1065" HPOS="209"/>
							<String ID="string_199" HPOS="225" VPOS="1071" WIDTH="61" HEIGHT="12" WC="0.96" CONTENT="anser"/><SP WIDTH="16" VPOS="1071" HPOS="286"/>
							<String ID="string_200" HPOS="302" VPOS="1064" WIDTH="61" HEIGHT="19" WC="0.96" CONTENT="äfven"/><SP WIDTH="14" VPOS="1064" HPOS="363"/>
							<String ID="string_201" HPOS="377" VPOS="1064" WIDTH="37" HEIGHT="25" WC="0.96" CONTENT="jag"/><SP WIDTH="16" VPOS="1064" HPOS="414"/>
							<String ID="string_202" HPOS="430" VPOS="1063" WIDTH="57" HEIGHT="20" WC="0.96" CONTENT="detta"/><SP WIDTH="17" VPOS="1063" HPOS="487"/>
							<String ID="string_203" HPOS="504" VPOS="1070" WIDTH="49" HEIGHT="13" WC="0.95" CONTENT="vara"/><SP WIDTH="16" VPOS="1070" HPOS="553"/>
							<String ID="string_204" HPOS="569" VPOS="1064" WIDTH="127" HEIGHT="26" WC="0.96" CONTENT="tillräckligt."/>
						</TextLine>
					</TextBlock>
					<TextBlock ID="block_9" HPOS="119" VPOS="1097" WIDTH="758" HEIGHT="95">
						<TextLine ID="line_27" HPOS="188" VPOS="1097" WIDTH="689" HEIGHT="26">
							<String ID="string_205" HPOS="188" VPOS="1099" WIDTH="28" HEIGHT="19" WC="0.96" CONTENT="På"/><SP WIDTH="18" VPOS="1099" HPOS="216"/>
							<String ID="string_206" HPOS="234" VPOS="1098" WIDTH="22" HEIGHT="19" WC="0.96" CONTENT="af"/><SP WIDTH="15" VPOS="1098" HPOS="256"/>
							<String ID="string_207" HPOS="271" VPOS="1098" WIDTH="52" HEIGHT="19" WC="0.96" CONTENT="Herr"/><SP WIDTH="19" VPOS="1098" HPOS="323"/>
							<String ID="string_208" HPOS="342" VPOS="1098" WIDTH="165" HEIGHT="19" WC="0.96" CONTENT="Talmannen"/><SP WIDTH="17" VPOS="1098" HPOS="507"/>
							<String ID="string_209" HPOS="524" VPOS="1097" WIDTH="115" HEIGHT="20" WC="0.96" CONTENT="framställd"/><SP WIDTH="17" VPOS="1097" HPOS="639"/>
							<String ID="string_210" HPOS="656" VPOS="1098" WIDTH="137" HEIGHT="25" WC="0.96" CONTENT="proposition,"/><SP WIDTH="18" VPOS="1098" HPOS="793"/>
							<String ID="string_211" HPOS="811" VPOS="1097" WIDTH="66" HEIGHT="19" WC="0.95" CONTENT="beslöt"/>
						</TextLine>
						<TextLine ID="line_28" HPOS="119" VPOS="1131" WIDTH="758" HEIGHT="26">
							<String ID="string_212" HPOS="119" VPOS="1133" WIDTH="87" HEIGHT="20" WC="0.92" CONTENT="Ståndet"/><SP WIDTH="16" VPOS="1133" HPOS="206"/>
							<String ID="string_213" HPOS="222" VPOS="1134" WIDTH="34" HEIGHT="22" WC="0.96" CONTENT="att,"/><SP WIDTH="18" VPOS="1134" HPOS="256"/>
							<String ID="string_214" HPOS="274" VPOS="1131" WIDTH="46" HEIGHT="20" WC="0.93" CONTENT="med"/><SP WIDTH="15" VPOS="1131" HPOS="320"/>
							<String ID="string_215" HPOS="335" VPOS="1131" WIDTH="113" HEIGHT="26" WC="0.91" CONTENT="afböjande"/><SP WIDTH="15" VPOS="1131" HPOS="448"/>
							<String ID="string_216" HPOS="463" VPOS="1131" WIDTH="23" HEIGHT="20" WC="0.96" CONTENT="af"/><SP WIDTH="13" VPOS="1131" HPOS="486"/>
							<String ID="string_217" HPOS="499" VPOS="1131" WIDTH="54" HEIGHT="19" WC="0.93" CONTENT="Herr"/><SP WIDTH="16" VPOS="1131" HPOS="553"/>
							<String ID="string_218" HPOS="569" VPOS="1131" WIDTH="89" HEIGHT="19" WC="0.91" CONTENT="Kurténs"/><SP WIDTH="15" VPOS="1131" HPOS="658"/>
							<String ID="string_219" HPOS="673" VPOS="1131" WIDTH="63" HEIGHT="20" WC="0.96" CONTENT="ofvan"/><SP WIDTH="12" VPOS="1131" HPOS="736"/>
							<String ID="string_220" HPOS="748" VPOS="1131" WIDTH="129" HEIGHT="20" WC="0.95" CONTENT="framställda"/>
						</TextLine>
						<TextLine ID="line_29" HPOS="120" VPOS="1165" WIDTH="538" HEIGHT="27">
							<String ID="string_221" HPOS="120" VPOS="1167" WIDTH="83" HEIGHT="25" WC="0.95" CONTENT="förslag,"/><SP WIDTH="16" VPOS="1167" HPOS="203"/>
							<String ID="string_222" HPOS="219" VPOS="1167" WIDTH="77" HEIGHT="24" WC="0.93" CONTENT="antaga"/><SP WIDTH="15" VPOS="1167" HPOS="296"/>
							<String ID="string_223" HPOS="311" VPOS="1167" WIDTH="9" HEIGHT="22" WC="0.92" CONTENT="$"/><SP WIDTH="16" VPOS="1167" HPOS="320"/>
							<String ID="string_224" HPOS="336" VPOS="1165" WIDTH="27" HEIGHT="20" WC="0.96" CONTENT="60"/><SP WIDTH="17" VPOS="1165" HPOS="363"/>
							<String ID="string_225" HPOS="380" VPOS="1167" WIDTH="48" HEIGHT="18" WC="0.96" CONTENT="utan"/><SP WIDTH="17" VPOS="1167" HPOS="428"/>
							<String ID="string_226" HPOS="445" VPOS="1165" WIDTH="68" HEIGHT="26" WC="0.95" CONTENT="någon"/><SP WIDTH="18" VPOS="1165" HPOS="513"/>
							<String ID="string_227" HPOS="531" VPOS="1165" WIDTH="127" HEIGHT="26" WC="0.95" CONTENT="förändring."/>
						</TextLine>
					</TextBlock>
					<TextBlock ID="block_10" HPOS="221" VPOS="1198" WIDTH="481" HEIGHT="64">
						<TextLine ID="line_30" HPOS="221" VPOS="1198" WIDTH="481" HEIGHT="29">
							<String ID="string_228" HPOS="221" VPOS="1200" WIDTH="14" HEIGHT="27" WC="0.89" CONTENT="$"/><SP WIDTH="16" VPOS="1200" HPOS="235"/>
							<String ID="string_229" HPOS="251" VPOS="1199" WIDTH="21" HEIGHT="20" WC="0.92" CONTENT="61"/><SP WIDTH="18" VPOS="1199" HPOS="272"/>
							<String ID="string_230" HPOS="290" VPOS="1198" WIDTH="42" HEIGHT="20" WC="0.96" CONTENT="blef"/><SP WIDTH="14" VPOS="1198" HPOS="332"/>
							<String ID="string_231" HPOS="346" VPOS="1199" WIDTH="22" HEIGHT="19" WC="0.93" CONTENT="af"/><SP WIDTH="14" VPOS="1199" HPOS="368"/>
							<String ID="string_232" HPOS="382" VPOS="1198" WIDTH="89" HEIGHT="21" WC="0.92" CONTENT="Ståndet"/><SP WIDTH="15" VPOS="1198" HPOS="471"/>
							<String ID="string_233" HPOS="486" VPOS="1199" WIDTH="104" HEIGHT="26" WC="0.96" CONTENT="enhälligt"/><SP WIDTH="15" VPOS="1199" HPOS="590"/>
							<String ID="string_234" HPOS="605" VPOS="1201" WIDTH="97" HEIGHT="24" WC="0.96" CONTENT="antagen."/>
						</TextLine>
						<TextLine ID="line_31" HPOS="222" VPOS="1233" WIDTH="59" HEIGHT="29">
							<String ID="string_235" HPOS="222" VPOS="1233" WIDTH="14" HEIGHT="29" WC="0.92" CONTENT="$"/><SP WIDTH="15" VPOS="1233" HPOS="236"/>
							<String ID="string_236" HPOS="251" VPOS="1233" WIDTH="30" HEIGHT="21" WC="0.85" CONTENT="62."/>
						</TextLine>
					</TextBlock>
					<TextBlock ID="block_11" HPOS="120" VPOS="1267" WIDTH="761" HEIGHT="196">
						<TextLine ID="line_32" HPOS="188" VPOS="1267" WIDTH="691" HEIGHT="27">
							<String ID="string_237" HPOS="188" VPOS="1269" WIDTH="52" HEIGHT="19" WC="0.93" CONTENT="Herr"/><SP WIDTH="22" VPOS="1269" HPOS="240"/>
							<String ID="string_238" HPOS="262" VPOS="1268" WIDTH="125" HEIGHT="26" WC="0.92" CONTENT="Krogius:"/><SP WIDTH="25" VPOS="1268" HPOS="387"/>
							<String ID="string_239" HPOS="412" VPOS="1267" WIDTH="31" HEIGHT="20" WC="0.96" CONTENT="Då"/><SP WIDTH="20" VPOS="1267" HPOS="443"/>
							<String ID="string_240" HPOS="463" VPOS="1269" WIDTH="38" HEIGHT="24" WC="0.96" CONTENT="jag"/><SP WIDTH="22" VPOS="1269" HPOS="501"/>
							<String ID="string_241" HPOS="523" VPOS="1268" WIDTH="29" HEIGHT="19" WC="0.96" CONTENT="uti"/><SP WIDTH="17" VPOS="1268" HPOS="552"/>
							<String ID="string_242" HPOS="569" VPOS="1267" WIDTH="69" HEIGHT="20" WC="0.93" CONTENT="denna"/><SP WIDTH="14" VPOS="1267" HPOS="638"/>
							<String ID="string_243" HPOS="652" VPOS="1270" WIDTH="10" HEIGHT="21" WC="0.93" CONTENT="$"/><SP WIDTH="16" VPOS="1270" HPOS="662"/>
							<String ID="string_244" HPOS="678" VPOS="1270" WIDTH="22" HEIGHT="17" WC="0.96" CONTENT="är"/><SP WIDTH="16" VPOS="1270" HPOS="700"/>
							<String ID="string_245" HPOS="716" VPOS="1267" WIDTH="24" HEIGHT="20" WC="0.96" CONTENT="af"/><SP WIDTH="13" VPOS="1267" HPOS="740"/>
							<String ID="string_246" HPOS="753" VPOS="1267" WIDTH="57" HEIGHT="20" WC="0.93" CONTENT="olika"/><SP WIDTH="15" VPOS="1267" HPOS="810"/>
							<String ID="string_247" HPOS="825" VPOS="1267" WIDTH="54" HEIGHT="26" WC="0.92" CONTENT="åsigt"/>
						</TextLine>
						<TextLine ID="line_33" HPOS="123" VPOS="1301" WIDTH="756" HEIGHT="27">
							<String ID="string_248" HPOS="123" VPOS="1304" WIDTH="45" HEIGHT="19" WC="0.96" CONTENT="med"/><SP WIDTH="17" VPOS="1304" HPOS="168"/>
							<String ID="string_249" HPOS="185" VPOS="1303" WIDTH="117" HEIGHT="20" WC="0.92" CONTENT="Utskottets"/><SP WIDTH="16" VPOS="1303" HPOS="302"/>
							<String ID="string_250" HPOS="318" VPOS="1302" WIDTH="112" HEIGHT="26" WC="0.92" CONTENT="pluralitet,"/><SP WIDTH="17" VPOS="1302" HPOS="430"/>
							<String ID="string_251" HPOS="447" VPOS="1301" WIDTH="36" HEIGHT="20" WC="0.96" CONTENT="ber"/><SP WIDTH="16" VPOS="1301" HPOS="483"/>
							<String ID="string_252" HPOS="499" VPOS="1302" WIDTH="37" HEIGHT="26" WC="0.96" CONTENT="jag"/><SP WIDTH="16" VPOS="1302" HPOS="536"/>
							<String ID="string_253" HPOS="552" VPOS="1304" WIDTH="31" HEIGHT="17" WC="0.96" CONTENT="att"/><SP WIDTH="15" VPOS="1304" HPOS="583"/>
							<String ID="string_254" HPOS="598" VPOS="1301" WIDTH="30" HEIGHT="20" WC="0.93" CONTENT="för"/><SP WIDTH="16" VPOS="1301" HPOS="628"/>
							<String ID="string_255" HPOS="644" VPOS="1301" WIDTH="88" HEIGHT="20" WC="0.90" CONTENT="Ståndet"/><SP WIDTH="15" VPOS="1301" HPOS="732"/>
							<String ID="string_256" HPOS="747" VPOS="1301" WIDTH="20" HEIGHT="20" WC="0.96" CONTENT="få"/><SP WIDTH="16" VPOS="1301" HPOS="767"/>
							<String ID="string_257" HPOS="783" VPOS="1303" WIDTH="96" HEIGHT="16" WC="0.96" CONTENT="närmare"/>
						</TextLine>
						<TextLine ID="line_34" HPOS="122" VPOS="1334" WIDTH="756" HEIGHT="27">
							<String ID="string_258" HPOS="122" VPOS="1337" WIDTH="102" HEIGHT="20" WC="0.96" CONTENT="motivera"/><SP WIDTH="22" VPOS="1337" HPOS="224"/>
							<String ID="string_259" HPOS="246" VPOS="1337" WIDTH="47" HEIGHT="18" WC="0.93" CONTENT="den."/><SP WIDTH="29" VPOS="1337" HPOS="293"/>
							<String ID="string_260" HPOS="322" VPOS="1336" WIDTH="42" HEIGHT="19" WC="0.95" CONTENT="Det"/><SP WIDTH="22" VPOS="1336" HPOS="364"/>
							<String ID="string_261" HPOS="386" VPOS="1335" WIDTH="106" HEIGHT="26" WC="0.96" CONTENT="kontrakt,"/><SP WIDTH="23" VPOS="1335" HPOS="492"/>
							<String ID="string_262" HPOS="515" VPOS="1341" WIDTH="44" HEIGHT="14" WC="0.96" CONTENT="som"/><SP WIDTH="24" VPOS="1341" HPOS="559"/>
							<String ID="string_263" HPOS="583" VPOS="1341" WIDTH="25" HEIGHT="13" WC="0.95" CONTENT="en"/><SP WIDTH="24" VPOS="1341" HPOS="608"/>
							<String ID="string_264" HPOS="632" VPOS="1335" WIDTH="79" HEIGHT="25" WC="0.96" CONTENT="sjöman"/><SP WIDTH="17" VPOS="1335" HPOS="711"/>
							<String ID="string_265" HPOS="728" VPOS="1337" WIDTH="38" HEIGHT="24" WC="0.96" CONTENT="gör"/><SP WIDTH="17" VPOS="1337" HPOS="766"/>
							<String ID="string_266" HPOS="783" VPOS="1334" WIDTH="46" HEIGHT="19" WC="0.95" CONTENT="med"/><SP WIDTH="17" VPOS="1334" HPOS="829"/>
							<String ID="string_267" HPOS="846" VPOS="1334" WIDTH="32" HEIGHT="19" WC="0.95" CONTENT="sin"/>
						</TextLine>
						<TextLine ID="line_35" HPOS="120" VPOS="1368" WIDTH="760" HEIGHT="29">
							<String ID="string_268" HPOS="120" VPOS="1372" WIDTH="84" HEIGHT="25" WC="0.96" CONTENT="kapten,"/><SP WIDTH="16" VPOS="1372" HPOS="204"/>
							<String ID="string_269" HPOS="220" VPOS="1373" WIDTH="22" HEIGHT="16" WC="0.96" CONTENT="är"/><SP WIDTH="16" VPOS="1373" HPOS="242"/>
							<String ID="string_270" HPOS="258" VPOS="1371" WIDTH="22" HEIGHT="18" WC="0.95" CONTENT="af"/><SP WIDTH="13" VPOS="1371" HPOS="280"/>
							<String ID="string_271" HPOS="293" VPOS="1370" WIDTH="42" HEIGHT="19" WC="0.96" CONTENT="helt"/><SP WIDTH="16" VPOS="1370" HPOS="335"/>
							<String ID="string_272" HPOS="351" VPOS="1369" WIDTH="57" HEIGHT="20" WC="0.96" CONTENT="olika"/><SP WIDTH="15" VPOS="1369" HPOS="408"/>
							<String ID="string_273" HPOS="423" VPOS="1369" WIDTH="45" HEIGHT="26" WC="0.96" CONTENT="slag"/><SP WIDTH="17" VPOS="1369" HPOS="468"/>
							<String ID="string_274" HPOS="485" VPOS="1369" WIDTH="47" HEIGHT="19" WC="0.96" CONTENT="med"/><SP WIDTH="17" VPOS="1369" HPOS="532"/>
							<String ID="string_275" HPOS="549" VPOS="1369" WIDTH="41" HEIGHT="25" WC="0.96" CONTENT="det,"/><SP WIDTH="11" VPOS="1369" HPOS="590"/>
							<String ID="string_276" HPOS="601" VPOS="1375" WIDTH="45" HEIGHT="13" WC="0.96" CONTENT="som"/><SP WIDTH="15" VPOS="1375" HPOS="646"/>
							<String ID="string_277" HPOS="661" VPOS="1371" WIDTH="61" HEIGHT="24" WC="0.96" CONTENT="göres"/><SP WIDTH="18" VPOS="1371" HPOS="722"/>
							<String ID="string_278" HPOS="740" VPOS="1368" WIDTH="75" HEIGHT="19" WC="0.93" CONTENT="mellan"/><SP WIDTH="18" VPOS="1368" HPOS="815"/>
							<String ID="string_279" HPOS="833" VPOS="1368" WIDTH="47" HEIGHT="19" WC="0.91" CONTENT="hus-"/>
						</TextLine>
						<TextLine ID="line_36" HPOS="121" VPOS="1402" WIDTH="760" HEIGHT="27">
							<String ID="string_280" HPOS="121" VPOS="1405" WIDTH="69" HEIGHT="20" WC="0.96" CONTENT="bonde"/><SP WIDTH="20" VPOS="1405" HPOS="190"/>
							<String ID="string_281" HPOS="210" VPOS="1404" WIDTH="38" HEIGHT="19" WC="0.93" CONTENT="och"/><SP WIDTH="21" VPOS="1404" HPOS="248"/>
							<String ID="string_282" HPOS="269" VPOS="1403" WIDTH="121" HEIGHT="26" WC="0.91" CONTENT="tjenstefolk"/><SP WIDTH="20" VPOS="1403" HPOS="390"/>
							<String ID="string_283" HPOS="410" VPOS="1403" WIDTH="6" HEIGHT="19" WC="0.96" CONTENT="i"/><SP WIDTH="19" VPOS="1403" HPOS="416"/>
							<String ID="string_284" HPOS="435" VPOS="1403" WIDTH="60" HEIGHT="25" WC="0.96" CONTENT="land;"/><SP WIDTH="20" VPOS="1403" HPOS="495"/>
							<String ID="string_285" HPOS="515" VPOS="1403" WIDTH="36" HEIGHT="20" WC="0.96" CONTENT="det"/><SP WIDTH="20" VPOS="1403" HPOS="551"/>
							<String ID="string_286" HPOS="571" VPOS="1406" WIDTH="22" HEIGHT="16" WC="0.96" CONTENT="är"/><SP WIDTH="19" VPOS="1406" HPOS="593"/>
							<String ID="string_287" HPOS="612" VPOS="1403" WIDTH="38" HEIGHT="19" WC="0.96" CONTENT="och"/><SP WIDTH="21" VPOS="1403" HPOS="650"/>
							<String ID="string_288" HPOS="671" VPOS="1403" WIDTH="65" HEIGHT="18" WC="0.96" CONTENT="måste"/><SP WIDTH="16" VPOS="1403" HPOS="736"/>
							<String ID="string_289" HPOS="752" VPOS="1402" WIDTH="61" HEIGHT="19" WC="0.96" CONTENT="äfven"/><SP WIDTH="18" VPOS="1402" HPOS="813"/>
							<String ID="string_290" HPOS="831" VPOS="1408" WIDTH="50" HEIGHT="13" WC="0.96" CONTENT="vara"/>
						</TextLine>
						<TextLine ID="line_37" HPOS="120" VPOS="1436" WIDTH="760" HEIGHT="27">
							<String ID="string_291" HPOS="120" VPOS="1439" WIDTH="23" HEIGHT="19" WC="0.96" CONTENT="af"/><SP WIDTH="19" VPOS="1439" HPOS="143"/>
							<String ID="string_292" HPOS="162" VPOS="1441" WIDTH="47" HEIGHT="17" WC="0.93" CONTENT="rent"/><SP WIDTH="23" VPOS="1441" HPOS="209"/>
							<String ID="string_293" HPOS="232" VPOS="1437" WIDTH="110" HEIGHT="20" WC="0.92" CONTENT="militärisk"/><SP WIDTH="25" VPOS="1437" HPOS="342"/>
							<String ID="string_294" HPOS="367" VPOS="1439" WIDTH="67" HEIGHT="18" WC="0.94" CONTENT="natur."/><SP WIDTH="29" VPOS="1439" HPOS="434"/>
							<String ID="string_295" HPOS="463" VPOS="1437" WIDTH="32" HEIGHT="20" WC="0.96" CONTENT="En"/><SP WIDTH="24" VPOS="1437" HPOS="495"/>
							<String ID="string_296" HPOS="519" VPOS="1437" WIDTH="78" HEIGHT="26" WC="0.96" CONTENT="kapten"/><SP WIDTH="24" VPOS="1437" HPOS="597"/>
							<String ID="string_297" HPOS="621" VPOS="1437" WIDTH="27" HEIGHT="25" WC="0.96" CONTENT="på"/><SP WIDTH="18" VPOS="1437" HPOS="648"/>
							<String ID="string_298" HPOS="666" VPOS="1439" WIDTH="30" HEIGHT="17" WC="0.96" CONTENT="ett"/><SP WIDTH="16" VPOS="1439" HPOS="696"/>
							<String ID="string_299" HPOS="712" VPOS="1437" WIDTH="70" HEIGHT="25" WC="0.96" CONTENT="fartyg"/><SP WIDTH="16" VPOS="1437" HPOS="782"/>
							<String ID="string_300" HPOS="798" VPOS="1436" WIDTH="37" HEIGHT="19" WC="0.96" CONTENT="har"/><SP WIDTH="16" VPOS="1436" HPOS="835"/>
							<String ID="string_301" HPOS="851" VPOS="1437" WIDTH="29" HEIGHT="18" WC="0.96" CONTENT="ett"/>
						</TextLine>
					</TextBlock>
				</ComposedBlock>
			</PrintSpace>
		</Page>
	</Layout>
</alto>
