1070 1786
436 145 40 19 Den
489 146 24 18 20
525 147 60 22 April.
829 147 33 17 759

138 210 24 13 en
179 204 74 20 kärlek
269 205 32 19 till
317 205 142 25 fosterlandet,
477 211 43 12 som
537 204 62 20 äfven
615 205 113 19 framdeles
739 205 84 20 komme
834 205 51 20 våra

137 238 125 27 landtdagar
277 238 97 26 tillgodo;
399 245 46 12 man
469 238 69 20 skulle
557 238 44 19 lära
620 239 32 26 sig
672 245 25 13 en
715 239 98 26 utvidgad
830 239 55 26 sjelf-

138 272 134 20 verksamhet
288 273 38 19 och
342 272 73 20 Staten
431 272 68 19 skulle
515 272 68 26 slippa
599 272 97 20 besväret
711 275 36 23 att,
763 273 67 19 såsom
846 273 38 20 hit-

138 306 41 19 tills
196 306 33 20 vid
246 306 124 20 inträffande
393 306 72 25 nödår,
489 308 74 17 nästan
583 308 75 24 stoppa
677 306 74 20 brödet
770 306 6 20 i
792 314 92 12 munnen

139 340 25 26 på
180 340 25 20 de
221 340 127 27 hungrande.
379 336 63 24 Ännu
466 340 77 26 många
563 340 65 19 andra
643 340 45 19 skäl
705 340 69 20 kunde
789 340 96 26 anföras;

139 381 47 13 men
207 375 37 25 jag
266 374 37 20 vill
326 375 18 25 ej
366 374 47 19 med
437 374 62 20 deras
519 374 152 26 uppräknande
687 374 71 20 vidare
774 375 113 25 uppehålla

138 408 94 23 Ståndet,
252 408 26 20 då
295 409 36 25 jag
349 411 23 17 är
392 408 125 26 öfvertygad
538 414 33 13 om
587 410 30 17 att
632 408 86 20 Ståndet
733 408 6 19 i
755 408 67 20 likhet
838 409 46 19 med

139 442 113 20 Allmänna
274 442 191 20 Besvärsutskottet
488 442 67 19 finner
580 444 30 18 att
632 442 111 20 förordade
768 442 116 21 institution

140 483 49 13 vore
205 476 23 20 af
241 478 42 18 stor
300 476 107 26 betydelse
423 476 32 20 för
470 476 47 19 vårt
532 476 55 19 folks
602 476 56 20 såväl
679 476 85 26 andliga
783 483 45 13 som
844 484 41 12 ma-

139 510 82 20 teriella
236 510 196 20 framåtskridande.
462 510 41 26 Jag
518 510 80 26 hoppas
615 510 52 20 blott
684 512 30 18 att
730 510 87 21 Ståndet
832 511 52 20 ifrån

140 545 64 26 sagde
230 545 87 26 premiss
343 544 95 20 kommer
461 544 31 20 till
516 550 25 14 en
565 550 68 14 annan
656 544 127 28 slutledning
805 548 27 17 än
856 548 29 17 ut-

140 579 83 20 skottet.

207 613 53 19 Herr
276 612 117 20 Masalin:
416 613 41 19 Det
479 615 23 17 är
521 612 32 20 för
574 614 29 18 att
620 612 46 20 med
686 613 42 19 min
744 616 43 17 röst
803 614 83 19 biträda

139 646 40 20 den
196 646 158 27 ifrågavarande
369 647 124 25 petitionen,
509 652 44 14 som
567 647 37 26 jag
621 646 73 27 begärt
712 647 64 20 ordet.
808 648 39 19 Det
863 651 22 16 är

140 681 130 26 visserligen,
287 681 67 19 såsom
370 681 102 19 utskottet
487 683 68 24 säger,
571 683 67 23 sannt,
654 683 30 17 att
699 682 85 25 ”hvarje
800 688 29 20 ny
844 682 41 26 lag,

139 721 44 13 som
206 714 48 20 icke
277 715 36 19 har
335 715 35 19 sitt
389 715 46 19 stöd
451 715 7 19 i
475 714 76 20 folkets
570 715 106 19 allmänna
693 715 193 21 rättsmedvetande

139 749 39 19 och
195 749 129 26 följaktligen
348 749 48 19 icke
419 749 66 19 heller
508 749 160 20 tillfredsställer
689 752 29 17 ett
738 750 92 26 verkligt
846 751 39 19 och

140 782 89 20 erkändt
244 782 69 26 behof,
330 782 74 20 blifver
419 783 74 19 endast
509 790 26 12 en
551 783 172 26 drifhusplanta”;
739 790 47 13 men
795 784 37 26 jag
843 786 43 18 tror

139 819 30 17 att
184 816 68 20 denna
267 818 41 18 sats
323 817 47 19 icke
386 817 41 19 kan
449 817 62 20 hafva
531 818 31 18 sin
583 818 132 26 tillämpning
735 818 27 26 på
781 818 104 27 ifrågava-

141 850 64 20 rande
221 850 41 20 fall.
292 851 45 19 Den
361 851 126 26 erfarenhet,
507 852 38 26 jag
567 852 55 26 gjort
642 852 87 26 specielt
749 852 28 20 uti
794 853 35 19 det
843 853 42 25 län,

140 885 36 19 der
189 885 37 26 jag
242 887 22 16 är
280 885 130 25 tjensteman,
427 886 36 18 har
479 885 44 19 ledt
539 886 42 25 mig
598 886 29 19 till
648 892 25 13 en
694 886 87 19 alldeles
802 888 84 18 motsatt

140 918 60 27 åsigt,
217 919 39 19 och
272 919 46 19 icke
334 919 66 19 heller
416 922 42 16 tror
471 919 44 26 jag,
532 921 30 17 att
577 919 31 20 för
624 919 69 20 denna
708 920 37 19 sak
762 919 65 27 några
838 927 47 19 syn-

139 953 83 26 nerliga
244 953 108 26 utskylder
373 953 67 19 skulle
464 952 85 21 komma
566 953 7 19 i
593 953 65 26 fråga.
692 953 105 20 Måhända
815 954 70 20 kunde

141 987 30 19 till
187 993 25 14 en
228 987 73 26 början
317 993 25 13 en
359 987 64 19 sådan
436 987 215 26 länerepresentation
664 988 82 19 förenas
758 988 47 19 med
819 988 66 19 landt-

140 1021 142 25 bruksmöten,
303 1021 143 26 expositioner
468 1021 39 20 och
527 1021 66 20 andra
607 1021 101 20 liknande
722 1022 163 27 tillställningar,

140 1055 36 19 der
192 1055 44 19 folk
251 1055 7 19 i
274 1055 113 19 allmänhet
403 1055 85 25 samlas;
504 1055 36 20 vid
551 1055 73 26 dylika
635 1056 187 19 sammankomster
833 1056 52 19 kun-

140 1089 26 19 de
182 1089 61 19 äfven
259 1089 65 19 andra
339 1089 62 19 saker
416 1089 24 19 af
452 1089 89 20 intresse
562 1089 66 20 finnas
648 1092 30 17 att
697 1092 48 24 taga
761 1090 33 19 del
810 1090 23 19 af
846 1090 38 19 och

139 1122 74 27 utbyta
227 1123 46 19 sina
288 1123 77 26 åsigter
380 1129 41 19 om,
444 1125 26 17 än
491 1123 26 20 de
537 1129 44 14 som
601 1126 93 17 närmast
708 1126 75 24 utgöra
797 1124 87 19 föremål

140 1157 31 19 för
187 1157 198 26 sammankomsten,
402 1157 38 20 och
459 1157 263 26 öfverläggningsämnena
743 1157 69 20 blefve
835 1158 50 19 kan-

139 1191 38 19 ske
193 1191 31 19 till
240 1197 25 13 en
283 1191 71 25 början
370 1191 48 19 icke
437 1191 22 19 så
480 1191 83 26 många,
582 1193 29 17 att
626 1191 26 19 de
668 1194 48 23 toge
733 1191 50 19 flere
799 1191 65 26 dagar
879 1192 6 18 i

139 1224 97 27 anspråk.
266 1225 38 26 Jag
320 1225 31 19 får
367 1224 82 21 således
465 1225 31 20 för
512 1225 43 19 min
572 1225 40 26 del,
632 1227 57 18 emot
708 1225 54 20 hvad
784 1225 101 20 utskottet

139 1259 68 20 utlåtit
222 1260 37 25 sig,
276 1259 133 26 understödja
425 1259 122 26 pelitionen.

204 1293 53 20 Herr
273 1293 167 26 Tengström:
456 1293 29 19 På
501 1299 80 14 samma
596 1293 44 20 skäl
657 1300 44 13 som
716 1294 53 19 Herr
781 1293 104 26 Cajander

139 1334 61 13 anser
212 1327 44 26 jag,
273 1327 45 20 med
335 1327 136 20 erkännande
488 1327 23 19 af
525 1327 35 20 det
575 1327 183 26 samhällsnyttiga
774 1328 28 19 uti
819 1334 25 13 en
857 1328 28 19 lä-

141 1361 200 26 nerepresentation,
358 1361 57 20 tiden
432 1362 18 25 ej
467 1368 50 13 vara
532 1362 49 19 inne
598 1362 30 19 för
644 1369 26 12 en
681 1361 76 20 sådans
768 1361 117 26 införande,

139 1397 21 24 ty
176 1395 36 19 det
226 1397 22 17 är
264 1395 47 19 icke
327 1401 41 20 nog
384 1395 55 26 med,
454 1397 31 18 att
500 1398 30 17 ett
545 1396 76 25 förslag
636 1396 7 19 i
659 1396 39 19 och
717 1395 31 20 för
764 1395 31 26 sig
811 1398 23 17 är
849 1397 36 19 ab-

138 1429 54 19 solut
208 1429 89 26 nyttigt;
313 1429 35 20 det
362 1432 23 17 är
401 1429 61 20 äfven
479 1430 114 26 angeläget
610 1432 30 17 att
656 1429 179 26 omständigheter
847 1431 38 19 och
