1070 1786
443 149 40 17 Den
495 150 12 16 4
519 149 42 23 Maj.
820 150 33 17 931

126 214 33 13 om
177 215 46 12 man
240 208 23 19 så
280 207 41 25 vill,
338 207 117 26 affällingar
471 207 45 19 från
533 207 26 19 de
576 207 113 19 bestående
706 207 113 26 kyrkorna.
846 208 31 19 De

128 241 70 20 kunna
221 241 47 20 icke
293 241 65 20 kallas
382 241 86 25 kristna,
488 241 27 19 dä
530 241 27 19 de
573 241 46 19 icke
636 241 88 19 omfatta
739 241 138 26 treenighets-

127 275 64 26 läran,
208 283 46 12 men
271 275 60 20 äfven
349 275 31 20 för
398 275 48 20 dem
463 275 65 20 borde
544 275 34 19 väl
599 275 109 25 möjlighet
728 275 87 20 beredas
831 276 46 19 att
864 271 16 34 i

127 309 71 20 landet
221 309 57 20 bilda
293 309 77 27 lagliga
386 308 103 20 samfund.
520 309 40 19 För
576 309 64 25 öfrigt
655 308 122 20 instämmer
794 310 37 26 jag
849 310 26 19 uti

128 344 52 19 Herr
203 340 122 30 Öhrnbergs
341 343 78 26 förslag
434 343 31 19 till
481 343 91 26 ändring
587 343 7 19 i
610 343 110 19 utskottets
737 342 140 21 betänkande.

127 378 34 20 Uti
178 384 62 14 mom.
256 379 30 24 a),
303 378 36 19 der
354 377 54 19 Herr
424 373 111 30 Öhrnberg
551 376 108 26 föreslagit
674 378 30 28 att
719 377 64 19 orden
795 377 81 20 ”öfver-

127 412 169 20 ensstämmande
313 411 46 19 med
376 411 40 19 den
432 417 66 13 sanna
514 411 203 26 religionsfrihetens
731 412 146 25 grundsatser”

128 446 68 20 skulle
212 445 56 27 utgå,
290 452 62 13 anser
372 446 34 25 jag
428 445 122 26 visserligen
567 447 30 17 att
612 445 61 19 dessa
688 446 37 19 ord
741 446 47 20 icke
807 446 72 20 kunna

129 481 62 19 lända
215 480 31 20 till
262 480 78 25 »skada,
363 481 48 18 utan
429 481 13 17 t.
458 486 19 12 o.
494 486 26 13 m.
537 479 72 19 kunna
631 486 49 13 vara
702 480 120 26 gagneliga,
845 487 32 13 om

130 515 35 19 det
180 514 166 27 önskningsmäl,
362 520 44 13 som
423 514 6 18 i
445 513 94 20 indirekt
554 513 53 19 form
623 514 6 18 i
645 514 51 19 sista
710 514 84 26 stycket
809 514 22 20 af
842 522 34 18 pe-

131 548 173 27 titionsförslaget
319 548 67 27 ingär,
402 548 68 19 skulle
486 547 72 20 kunna
574 548 64 19 vinna
653 548 101 20 afseende
769 548 5 19 i
791 549 40 19 den
842 549 35 26 pä-

129 583 81 25 yrkade
233 583 172 25 dissenterlagen.
436 583 48 18 Men
508 589 33 12 om
565 582 32 19 för
620 582 26 19 de
665 583 162 25 grekisk-ryska
843 583 34 19 be-

131 616 122 20 kännarena
276 624 26 12 nu
325 616 99 27 gällande
447 616 203 26 undantagsstadgar
672 616 60 20 skola
748 617 92 25 fortfara,
856 617 23 19 sä

130 653 41 17 kan
195 650 165 27 dissenterlagen
384 651 18 25 ej
429 650 64 20 blifva
515 650 46 20 fullt
583 651 228 19 öfverensstämmande
831 652 46 19 med

130 686 39 19 den
186 692 66 13 sanna
267 685 202 26 religionsfrihetens
484 684 135 26 grundsatser
635 684 39 20 och
690 685 61 19 dessa
763 684 68 20 skulle
847 685 30 19 sä-

131 720 57 20 ledes
212 720 26 20 dä
261 720 18 25 ej
304 720 70 19 kunna
394 720 6 18 i
416 719 48 19 hela
482 719 32 19 sin
531 718 49 20 vidd
597 719 44 19 deri
658 719 66 25 följas.
755 720 56 18 Enär
827 720 52 19 Herr

131 750 111 30 Öhrnberg
258 754 61 19 fästat
334 753 212 27 uppmärksamheten
563 753 35 19 vid
615 753 65 26 några
692 754 131 19 momenter
817 746 10 38 i
836 760 42 13 mo-

132 788 117 26 tiveringen
272 788 23 19 af
315 788 149 25 betänkandet,
489 787 72 19 hvilka
580 787 99 26 möjligen
699 787 69 20 kunde
785 788 55 26 utgä,
857 788 23 18 sä

133 822 35 20 ber
182 823 36 25 jag
235 824 30 18 att
287 822 5 19 &
308 822 42 19 min
366 822 46 19 sida
428 822 20 19 få
463 822 65 19 uttala
544 822 40 19 den
600 822 150 26 förhoppning,
765 824 30 17 att
809 822 70 26 Expe-

131 856 179 20 ditionsutskottet
331 856 115 26 ingalunda
471 856 53 20 skall
541 856 115 26 underläta,
672 858 30 17 att
718 856 41 19 läta
777 856 103 26 inspirera

131 890 31 26 sig
184 891 24 18 af
228 890 26 19 de
277 890 105 26 upphöjda
405 890 106 19 tänkesätt
529 890 39 19 och
585 890 25 20 de
627 890 32 19 väl
676 890 66 26 sagda
757 891 122 26 sanningar,

132 931 43 13 som
192 925 6 19 i
214 924 76 26 sjelfva
304 924 231 26 petitionsmemorialet
550 924 124 19 innehällas.
690 924 47 20 Med
754 925 25 19 de
795 925 22 19 af
826 925 53 20 Herr

131 955 111 30 Öhrnberg
266 959 118 26 föreslagna
407 959 148 26 ändringarna,
580 958 36 20 ber
632 959 38 26 jag
686 959 20 19 få
721 959 106 26 tillstyrka
845 959 34 20 be-

132 993 125 20 tänkandets
272 993 126 26 antagande.

200 1028 53 19 Herr
268 1027 169 26 Tengström:
458 1027 97 20 Rörande
573 1034 61 13 mom.
650 1027 21 26 b)
691 1028 6 19 i
714 1028 109 19 utskottets
840 1028 37 19 för-

131 1062 45 26 slag
192 1062 30 19 till
239 1061 125 26 petitionens
380 1061 137 26 formulering
533 1062 37 19 har
586 1061 69 20 blifvit
670 1061 102 26 anmärkt,
793 1064 29 17 att
839 1069 41 13 mo-

132 1096 70 19 saiska
224 1095 172 22 trosbekännare,
420 1095 66 26 enligt
509 1095 152 27 förordningen
684 1097 23 18 af
728 1096 39 19 den
794 1097 25 18 27
842 1096 39 26 Maj

135 1130 59 25 1782,
211 1130 39 19 och
266 1130 64 19 andra
346 1130 47 19 icke
410 1130 80 19 kristna
507 1129 127 26 bekännare,
655 1130 67 27 enligt
736 1130 65 26 nägra
816 1130 66 19 andra

132 1165 46 19 icke
202 1165 92 19 citerade
317 1164 172 27 lagstadganden,
513 1165 18 25 ej
555 1164 66 19 skulle
644 1164 21 19 fä
687 1165 66 19 finnas
776 1165 6 18 i
803 1165 78 25 landet,

133 1199 75 19 hvaraf
228 1198 40 20 den
294 1198 82 20 slutsats
390 1198 86 26 dragits,
492 1200 31 17 att
538 1198 27 20 de
580 1198 7 19 i
603 1198 74 26 sjelfva
693 1198 74 20 verket
781 1198 48 20 icke
845 1199 37 19 här

133 1234 73 25 finnas,
230 1233 38 20 och
292 1235 30 17 att
346 1232 82 21 säledes
451 1239 25 13 en
501 1232 146 27 dissenterlag,
664 1232 68 20 sävidt
747 1232 46 20 dem
810 1232 71 27 angär,

135 1275 49 13 vore
208 1267 129 26 öfvertlödig.
368 1267 159 26 Befogenheten
551 1267 23 19 af
595 1267 39 19 den
655 1267 167 26 anmärkningen
842 1267 40 20 kan

129 1303 37 25 jag
182 1303 19 25 ej
218 1301 120 27 godkänna.
369 1302 40 19 Det
424 1305 22 16 är
462 1304 30 17 ett
508 1301 65 20 kändt
589 1301 87 20 faktiskt
694 1301 137 25 förhållande,
853 1303 30 17 att

134 1337 45 19 utaf
193 1336 67 26 begge
276 1336 61 19 dessa
353 1336 127 26 kategorier,
496 1335 58 20 såväl
575 1335 105 20 mosaiska
696 1342 44 13 som
756 1335 64 20 andra
835 1335 48 20 icke

133 1371 80 19 kristna
229 1369 172 26 trosbekännare,
420 1372 30 17 ett
465 1369 82 27 ganska
563 1372 52 17 stort
630 1370 55 19 antal
702 1370 66 19 finnes
788 1369 96 20 vistande

133 1405 39 20 och
198 1403 81 20 boende
296 1404 5 19 i
317 1404 96 19 Finland.
447 1404 30 19 Af
492 1404 62 26 judar
571 1404 66 19 finnas
653 1407 13 16 t.
684 1411 32 12 ex.
733 1404 63 19 redan
814 1403 5 20 i
835 1404 48 19 Hel-

137 1438 89 27 singfors
249 1437 39 20 och
312 1438 89 26 Wiborg
424 1439 89 19 emellan
538 1439 42 19 fem
599 1439 39 19 och
654 1445 37 12 sex
708 1438 86 25 hundra,
814 1438 30 19 till
861 1445 25 14 en

1048 1221 22 21 mi
1048 1185 22 30 mm
1048 1111 22 37 RS
1048 1050 22 32 EE
1048 1016 22 25 Saki
1048 968 22 43 mikn
1048 862 22 94 VN
