1070 1786
225 160 45 39 1184
519 171 40 17 Den
572 171 21 17 16
608 171 42 22 Maj.

203 229 147 20 diskussionen
366 228 90 20 afslutad
475 240 24 3 —
517 229 39 20 och
572 229 66 19 Herr
653 228 165 20 Talmannen
837 228 127 20 framställde

202 263 31 20 till
250 263 88 20 Ståndet
354 262 93 25 följande

271 296 185 26 Proposition:
487 296 43 19 Vill
554 295 87 20 Ståndet
660 298 80 25 antaga
755 295 117 20 Utskottets
888 296 76 25 förslag

203 331 30 19 till
257 332 10 22 $
292 331 25 19 92
341 331 49 18 utan
407 329 131 27 förändring,
555 330 50 19 eller
620 330 54 19 skall
690 330 70 19 denna
776 332 10 21 $
803 329 160 20 äterremitteras

203 364 30 20 till
249 364 108 20 Utskottet
372 363 32 19 för
419 364 31 19 att
465 364 144 26 omredigeras
624 370 76 20 genom
718 364 72 25 utbyte
806 363 23 19 af
842 364 59 19 ordet
912 363 51 19 ”till-

203 398 55 19 lika”
282 399 56 18 emot
361 396 25 20 ”
409 403 26 13 en
452 398 45 18 ort”
515 397 50 19 eller
581 399 63 18 annat
660 398 97 26 lämpligt
773 397 89 26 uttryck,
879 397 37 20 och
933 397 31 19 för

203 432 63 24 öfrigt
281 432 7 19 i
304 431 35 19 det
354 430 62 27 syfte,
433 433 30 17 att
478 431 117 26 ersättning
611 432 31 18 för
662 431 185 26 öfverliggedagar
864 431 34 19 vid
914 430 50 20 loss-

203 465 51 25 ning
277 465 6 19 i
306 465 72 25 hvarje
399 464 102 20 händelse
517 464 41 20 kan
575 467 75 24 genast
665 465 97 26 uttagpas?
792 465 31 19 De
839 470 44 14 som
899 464 66 20 önska

204 498 34 20 det
261 498 56 20 förra
340 504 62 14 svara
422 499 37 25 ja,
475 498 26 20 de
518 505 44 13 som
578 501 56 17 rösta
649 499 32 19 för
697 500 35 18 det
748 504 75 14 senare
839 504 61 14 svara
914 498 50 25 nej.

271 532 160 26 Propositionen
450 532 126 20 besvarades
592 532 46 20 med
655 532 158 26 öfvervägande
829 533 52 25 nej,
888 527 12 36 i
897 531 67 26 följd

204 565 74 20 hvaraf
292 565 87 20 Ständet
395 565 131 20 förklarades
538 566 63 19 hafva
612 566 84 19 beslutit
708 566 30 19 till
751 565 118 20 äterremiss
881 566 18 19 af
911 568 9 21 $
932 565 31 20 92.

305 597 14 29 $
335 599 32 19 93.

272 632 66 20 Herr
354 633 131 26 Procop6:
515 633 10 19 I
541 633 64 20 första
621 636 116 17 momentet
752 634 23 18 af
790 636 9 21 $
816 634 25 19 93
857 633 58 19 heter
931 633 35 19 det

204 667 68 25 enligt
287 666 118 20 Utskottets
421 667 85 27 förslag,
523 670 30 17 att
568 668 142 24 befraktaren,
726 668 7 19 i
750 668 100 19 händelse
869 668 18 25 ej
903 669 63 17 annat

205 701 71 19 förord
293 700 63 26 skett,
372 701 54 19 skall
442 701 92 20 aflemna
553 701 128 27 styckegods
701 704 39 17 etc.
758 702 56 19 inom
830 702 20 18 af
867 701 98 19 befälhaf-

204 740 64 13 varen
285 734 94 27 förelagd
396 735 36 25 tid,
449 736 39 18 och
505 736 5 18 i
527 742 73 13 senare
617 736 113 26 meningen
748 735 44 19 äter
803 735 51 19 stär:
866 735 54 19 ”kan
932 735 34 19 det

204 768 18 25 ej
240 774 73 13 senare
331 768 145 26 begvämligen
493 769 82 25 intagas
591 769 38 19 och
646 768 86 25 stufvas,
750 774 38 19 ege
809 768 155 19 befälhafvaren

204 803 41 17 rätt
260 802 30 18 att
306 804 64 24 vägra
386 802 48 19 dess
450 802 168 26 emottagande?.
648 802 40 19 Det
705 808 33 13 ser
755 802 61 19 häraf
829 804 22 16 ut
866 808 43 13 som
926 808 39 16 om,

204 835 88 19 vaktadt
306 835 76 26 godset
398 836 69 19 blifvit
481 836 114 19 aflemnadt
610 836 57 19 inom
686 835 94 20 bestämd
797 835 29 19 tid
842 836 39 18 och
897 836 22 19 af
932 836 33 19 be-

204 868 130 20 fälhafvaren
351 871 124 23 emottaget,
491 869 40 19 han
543 868 54 20 dock
609 869 121 19 sedermera
744 868 67 20 skulle
823 868 70 20 kunna
905 871 62 23 vägra

204 904 30 17 att
254 903 99 25 medtaga
372 902 36 19 det
427 902 29 19 uti
476 902 99 26 fartyget,
591 909 33 13 om
641 903 36 19 det
693 904 18 24 ej
729 902 41 19 kan
788 901 114 26 lämpligen
918 901 48 20 stuf-

204 943 36 13 vas
256 937 40 19 och
311 937 89 25 intagas.
430 937 89 19 Derföre
536 936 36 20 ber
585 937 36 25 jag
637 936 20 19 fä
674 935 86 26 föreslä,
771 937 30 18 att
811 935 31 20 för
854 935 113 26 tydlighets

204 970 55 19 skull
270 976 74 13 senare
357 970 112 26 meningen
482 970 69 20 skulle
568 970 68 26 börja:
653 970 67 20 ”Sker
737 969 36 20 det
788 970 26 25 ej,
830 969 39 19 och
880 969 41 19 kan
933 970 34 19 det

204 1004 19 25 ej
240 1010 75 13 senare
331 1003 149 26 begvämligen
496 1004 83 26 intagas
595 1004 39 19 och
650 1003 102 20 stufvas”.
782 1002 39 20 Om
833 1002 134 20 befraktaren

204 1037 48 20 icke
268 1038 37 19 har
320 1037 100 20 aflemnat
436 1038 75 25 godset
525 1038 58 19 inom
599 1038 40 19 den
656 1038 19 19 af
687 1036 162 21 befälhafvaren
860 1036 108 26 förelagda

204 1072 37 25 tid,
264 1072 22 19 sä
307 1071 42 20 kan
374 1071 157 20 befälhafvaren
548 1071 131 26 naturligtvis
695 1070 67 20 sedan
779 1073 54 16 ännu
849 1072 48 24 taga
913 1073 56 17 emot

205 1105 41 26 det,
264 1111 34 14 om
314 1105 36 20 det
365 1105 41 19 kan
423 1105 148 26 begvämligen
589 1105 83 26 intagas
688 1104 41 20 och
741 1103 84 20 stufvas.
855 1103 39 27 Jag
905 1104 64 25 yrkar

204 1139 83 20 således
304 1141 42 22 S:ns
362 1138 120 20 återremiss
498 1139 32 19 för
541 1141 29 17 att
586 1139 152 26 omredigeras.

272 1172 32 20 Då
326 1173 64 25 ingen
414 1178 69 13 annan
499 1172 65 19 talare
581 1172 73 26 begärt
669 1172 68 24 ordet,
753 1171 127 20 framställde
901 1171 67 20 Herr

204 1206 162 20 Talmannen
383 1205 31 19 till
430 1205 87 20 Ståndet
531 1205 93 26 följande

273 1239 188 26 Proposition:
492 1239 42 20 Vill
557 1239 88 20 Ståndet
667 1241 81 24 antaga
771 1241 9 22 $
797 1239 25 19 93
845 1239 66 26 enligt
934 1239 33 20 Ut-

205 1274 91 20 skottets
318 1273 141 26 betänkande,
483 1273 51 20 eller
559 1273 54 20 Herr
635 1273 107 26 Procopés
764 1272 148 20 amendement
936 1279 33 13 om

204 1307 136 20 återremiss?
370 1307 31 20 De
417 1313 44 14 som
478 1307 68 26 önska
560 1307 36 20 det
610 1307 57 20 förra
683 1313 63 13 svara
759 1307 37 26 ja,
813 1306 26 20 de
855 1313 44 13 som
914 1310 56 17 rösta

205 1343 31 19 för
252 1342 36 19 det
303 1347 73 14 senare
392 1347 62 13 svara
469 1341 48 26 nej.

273 1375 161 26 Propositionen
461 1373 124 20 besvarades
607 1374 45 19 med
675 1373 104 20 blandadt
801 1374 28 25 ja
853 1374 39 19 och
918 1377 51 24 nej,

205 1409 99 20 hvarföre
326 1407 115 21 anställdes
468 1408 103 26 votering,
595 1414 46 13 som
661 1407 63 20 utföll
749 1407 46 20 med
818 1407 30 20 17
867 1409 26 24 ja
916 1413 55 16 emot

207 1442 29 20 16
255 1442 49 26 nej.
