1070 1786
246 135 37 31 842
529 138 41 17 Den
583 138 22 17 30
618 138 60 22 April.

229 197 97 20 nedsätta
341 196 130 20 förbemälde
487 195 127 20 ledamöters
630 195 40 20 och
685 195 147 26 suppleanters
847 196 86 26 dagliga
947 202 32 13 ar-

229 231 55 20 vode
300 231 65 20 under
380 230 42 26 det,
439 230 25 19 de
480 236 27 13 nu
523 229 68 20 såsom
607 231 172 24 representanter
794 229 86 26 åtnjuta.

298 265 53 19 Herr
366 260 137 29 Öhrnberg
527 263 50 19 sade
600 263 32 26 sig
654 262 22 19 så
701 263 86 26 mycket
803 263 66 20 hellre
884 263 51 26 vilja
950 263 29 20 bi-

230 299 60 19 träda
310 299 53 18 Herr
386 297 76 26 Sjöros'
485 297 84 25 förslag,
585 302 44 14 som
645 297 27 19 20
688 299 10 21 $
714 297 23 19 af
750 297 230 26 landtdagsordningen

230 332 142 26 uttryckligen
389 330 137 20 tillerkänner
542 330 93 20 Ständen
650 330 102 26 rättighet
766 333 31 17 att
813 330 115 20 bestämma
946 337 34 13 ve-

231 366 131 20 derbörande
379 364 172 26 landtdagsmäns
567 364 99 19 arvoden.

299 399 29 20 På
342 399 115 19 framställd
474 398 136 26 proposition,
627 398 69 20 beslöt
710 398 95 26 Ständet,
821 400 30 18 att
866 398 37 20 hos
918 398 63 20 Stats-

232 433 101 22 utskottet
347 432 68 20 skulle
432 435 61 24 göras
508 432 154 26 framställning
678 432 80 26 derom,
769 434 30 18 att
809 432 32 20 till
852 432 26 20 de
891 432 24 20 af
922 432 59 20 Stän-

233 467 46 19 dets
295 466 143 26 medlemmar,
455 465 72 20 hvilka
542 466 53 19 efter
610 466 140 26 landtdagens
765 466 124 20 afbläsande
905 466 77 26 nödga-

234 501 36 19 des
286 500 67 20 säsom
370 500 117 20 ledamöter
502 500 52 19 eller
569 500 135 25 suppleanter
719 500 29 19 uti
764 500 148 26 Expeditions-
932 500 51 20 eller

231 534 222 26 Justeringsutskottet
474 534 123 25 tjenstgöra,
620 533 64 20 måtte
704 534 24 19 af
741 534 196 26 bevillningsmedel
953 536 30 18 ut-

232 568 105 21 anordnas
352 574 80 14 samma
447 567 86 27 dagliga
548 567 84 26 arvode,
648 574 45 13 som
709 568 27 19 de
752 575 27 12 nu
795 569 23 19 af
831 568 46 20 sina
887 568 96 20 kommit-

233 604 69 18 tenter
317 602 87 20 erhälla.

303 636 9 20 I
328 636 151 26 sammanhang
503 635 87 20 härmed
613 635 76 20 väckte
711 635 54 20 Herr
788 636 68 25 Berg
875 636 59 26 fräga
950 642 33 14 om

235 674 96 17 närmare
346 670 141 26 bestämning,
503 669 104 20 huruvida
621 670 35 19 det
671 669 128 20 omnämnda
814 670 88 20 arvodet
916 670 69 20 skulle

236 705 103 19 beräknas
362 704 32 20 för
416 704 72 25 hvarje
507 703 41 27 dag
570 703 130 20 förbemälde
719 704 118 20 ledamöter
853 704 132 20 nödsakades

236 738 54 20 efter
304 738 139 26 landtdagens
458 737 41 19 slut
514 737 113 26 uppehålla
641 737 33 26 sig
688 737 30 19 uti
734 737 74 20 staden
825 737 51 20 eller
889 737 96 20 inskrän-

236 772 38 20 kas
296 772 32 19 till
350 772 26 19 de
400 771 64 26 dagar
484 771 26 19 de
525 771 7 19 i
548 770 105 20 utskotten
670 771 149 26 tjenstejorde;
839 771 39 20 och
894 778 51 14 vore
959 778 27 13 en

236 805 134 26 bestämning
386 805 72 19 härom
473 805 24 19 sä
512 804 85 27 mycket
613 811 57 13 mera
684 805 24 19 af
720 806 77 25 nöden,
816 812 45 13 som
881 805 106 27 &sigterne

237 840 6 19 i
260 840 72 26 frågan
348 839 127 19 åtminstone
490 839 57 19 inom
563 838 157 21 Presteständet
735 840 54 19 varit
803 840 87 26 mycket
905 840 81 20 delade.

305 874 53 19 Herr
374 873 152 20 Gummerus
541 873 66 26 ansäg
622 874 30 18 att
670 880 70 13 annan
761 874 134 26 bestämning
913 874 73 20 härom

238 909 19 25 ej
274 907 70 20 kunde
359 907 86 20 komma
459 907 7 19 i
481 907 67 26 fräga,
563 909 26 17 än
605 909 31 17 att
650 907 61 20 dessa
727 907 138 20 medlemmar
882 908 39 19 och
940 914 45 20 sup-

238 942 102 26 pleanter,
356 942 32 19 för
404 941 71 26 hvarje
501 941 40 26 dag
565 941 25 19 de
609 941 53 19 efter
680 939 141 28 landtdagens
837 941 40 20 slut
892 941 6 20 i
914 941 74 20 staden

239 975 97 26 vistades,
359 981 50 14 vare
424 975 32 26 sig
471 977 30 18 att
517 975 26 19 de
559 981 50 14 voro
624 977 106 24 upptagne
746 976 6 19 i
769 975 106 20 utskotten
895 975 51 20 eller
962 976 26 25 ej,

239 1009 68 20 skulle
322 1009 81 26 åtnjuta
418 1009 84 25 arvode,
521 1009 27 19 dä
567 1009 25 19 de
608 1009 7 19 i
630 1009 39 19 och
686 1009 31 19 för
732 1009 32 19 sin
780 1009 140 26 tjenstgöring
935 1010 7 19 i
957 1012 31 17 ut-

240 1043 82 20 skotten
338 1043 6 19 i
360 1043 42 19 alla
424 1043 37 19 fall
483 1049 52 13 vore
553 1043 123 19 nödsakade
694 1044 30 18 att
742 1043 64 20 vistas
822 1043 39 20 och
877 1043 113 26 uppehälla

240 1077 32 26 sig
287 1077 6 19 i
309 1077 81 19 staden.

308 1110 30 20 Pä
352 1111 61 25 gjord
429 1110 160 26 framställning,
605 1110 100 20 förenade
721 1111 32 26 sig
768 1110 89 21 Ständet
873 1117 33 13 om
922 1111 69 20 denna

241 1145 53 20 Herr
309 1144 108 20 Gummeri
433 1144 65 27 äsigt;
513 1145 40 19 och
570 1144 77 20 beslöts
662 1145 6 18 i
685 1145 69 26 öfrigt,
777 1145 37 19 det
832 1144 67 20 skulle
915 1145 75 19 under-

240 1179 85 20 rättelse
341 1185 33 13 om
392 1179 25 19 de
432 1178 23 20 af
468 1179 176 25 Borgareständet
659 1179 7 18 i
682 1179 142 19 ofvannämnd
836 1179 65 19 måtto
912 1179 79 19 fattade

241 1212 68 20 beslut
324 1212 108 19 meddelas
441 1212 56 20 såväl
511 1212 136 20 Medständen
660 1218 43 14 som
716 1212 149 27 Expeditions-
875 1212 39 20 och
926 1212 64 20 Stats-

242 1246 105 20 utskotten
364 1252 76 20 genom
457 1246 22 19 sä
496 1246 91 26 lydande
603 1246 202 27 protokollsutdrag:

412 1280 80 26 Utdrag
508 1280 23 19 af
544 1280 188 26 Borgareständets
746 1280 107 27 protokoll
872 1280 34 19 vid
924 1280 67 19 landt-

380 1313 68 27 dagen
463 1314 7 19 i
485 1314 132 27 Helsingfors
633 1315 41 19 den
690 1315 26 19 30
732 1314 59 27 April
811 1315 60 19 1872.

309 1347 128 26 Föredrogs:
459 1348 253 26 Expeditionsutskottets
732 1349 31 19 till
785 1348 72 20 denna
875 1349 41 26 dag
932 1348 60 21 bord-

241 1381 63 27 lagda
318 1381 112 20 skrifvelse
445 1381 32 20 för
493 1381 39 20 den
549 1382 26 19 23
591 1382 145 20 innevarande
751 1382 84 26 mänad,
852 1383 47 20 med
915 1383 79 26 förslag

240 1415 32 22 till
294 1415 128 20 Ständernes
444 1415 145 26 underdäniga
611 1422 49 13 svar
679 1416 5 19 i
705 1416 116 26 anledning
837 1416 23 19 af
872 1416 58 20 Hans
946 1416 47 25 Kej-
