1070 1786
240 142 46 32 1290
525 145 47 26 Den
585 147 21 16 21
619 146 42 23 Maj.

218 204 39 20 och
274 204 102 19 förmente
393 203 139 27 svårigheter,
555 210 44 13 som
616 204 126 20 statsverket
758 203 68 21 skulle
843 204 84 21 komma
942 207 30 18 att

218 237 44 20 lida
284 244 77 20 genom
385 237 156 26 separationen,
565 238 65 19 ehuru
650 239 26 19 de
692 239 7 18 i
715 238 74 25 sjelfva
810 238 74 21 verket
899 239 19 26 ej
935 242 35 17 äro

218 271 110 25 tänkbara,
344 271 24 19 så
383 273 22 17 är
421 271 35 20 det
479 260 120 42 antagligt,
612 273 31 18 att
665 271 101 26 förslaget
789 272 38 20 har
842 272 84 20 svårare
942 275 29 18 att

218 305 26 26 gå
260 305 84 25 igenom
362 311 27 12 nu
400 307 25 17 än
437 311 34 13 om
488 305 70 19 denna
574 305 128 20 reservation
719 305 68 20 skulle
799 305 110 20 uteblifvit.
930 306 39 26 Jag

219 339 37 19 ber
278 338 82 20 derföre
384 338 20 20 få
420 339 113 25 tillstyrka,
554 341 30 17 att
599 339 89 20 Ståndet
703 339 49 19 ville
768 342 77 24 antaga
861 340 38 19 den
917 340 51 18 form

218 374 32 19 för
264 373 36 19 sitt
315 372 68 20 beslut
397 372 3 20 i
412 372 69 20 denna
497 372 64 27 fråga,
578 375 29 17 att
623 380 26 12 en
664 373 90 20 särskild
766 373 131 27 underdänig
908 373 61 20 fram-

193 432 4 3 .
218 407 100 26 ställning
329 406 6 20 i
347 409 71 17 ämnet
434 406 65 20 måtte
516 406 31 20 till
563 407 56 19 Hans
635 407 119 26 Kejserliga
766 407 95 26 Majestät
872 407 97 25 ingifvas,

218 440 26 26 pä
259 440 36 20 det
317 442 29 18 att
368 440 78 20 verkan
463 440 24 20 af
505 441 52 19 Herr
573 448 39 13 von
630 441 81 26 Trapps
727 441 154 27 framställning
897 442 70 24 mätte,

218 474 23 20 sä
256 474 86 26 mycket
364 480 44 14 som
433 474 88 26 möjligt,
545 481 75 20 genom
637 482 26 13 en
679 475 122 27 förändring
818 476 6 19 i
841 476 79 20 formen
938 476 31 19 för

218 508 128 20 Ständernes
363 508 73 26 beslut,
453 509 154 20 neutraliseras.

286 542 41 20 Till
351 548 25 14 en
401 545 96 17 närmare
522 543 167 27 vederläggning
712 543 23 19 af
756 543 53 20 Herr
833 550 38 13 von
889 544 80 25 Trapps

218 577 128 19 reservation
364 583 61 13 anser
438 577 37 26 jag
493 577 42 26 mig
551 577 47 20 icke
615 584 26 13 nu
658 577 51 20 böra
725 577 77 26 skrida,
819 577 27 20 dä
856 578 63 26 ingen
932 579 37 19 har

217 611 7 19 i
248 610 47 20 dess
317 610 73 20 helhet
411 610 87 20 anslutit
520 611 32 26 sig
575 611 31 19 till
630 611 69 20 denna
726 612 136 19 reservation.
897 611 70 20 Skulle

217 644 88 20 Ständet
327 646 75 18 stanna
425 644 34 20 vid
477 644 91 20 beslutet
583 647 30 17 att
628 644 94 27 aflägsna
738 647 10 21 $
764 645 11 19 4
791 652 24 13 ur
830 645 139 27 reglementet

218 678 39 20 och
280 678 42 20 låta
346 678 89 20 beslutet
457 678 66 20 blifva
538 678 87 20 föremål
641 678 32 20 för
689 685 25 13 en
731 678 88 20 särskild
837 678 131 26 underdänig

217 712 161 26 framställning,
394 712 23 20 sä
432 712 60 20 torde
508 718 24 14 en
550 712 119 20 äterremiss
680 712 31 20 till
724 712 105 20 Utskottet
841 712 46 20 icke
899 712 70 20 kunna

218 746 110 20 undvikas.
359 746 37 20 Att
412 746 46 20 med
476 746 90 20 beslutet
582 746 72 20 härom
672 746 42 20 läta
726 746 65 26 anstä,
800 747 32 19 för
843 748 28 18 att
883 747 83 18 invänta

218 780 55 20 hvad
290 780 45 20 frän
352 780 66 20 andra
432 780 65 20 Ständ
513 780 6 20 i
535 780 70 20 denna
621 780 58 27 fräga
695 780 100 26 förljudes
811 787 61 13 anser
885 781 37 25 jag
939 780 30 19 för

218 814 43 20 min
285 814 33 20 del
341 814 48 20 icke
412 814 141 26 erforderligt,
576 814 64 20 ehuru
659 815 37 25 jag
718 814 131 27 naturligtvis
865 814 47 20 icke
928 814 39 19 kan

219 849 98 19 motsätta
332 848 43 26 mig
390 847 163 27 bordläggning,
569 854 34 14 om
619 848 40 20 den
676 849 6 19 i
699 848 88 26 behörig
803 848 89 26 ordning
901 848 67 19 äskas.

285 882 67 19 Herr
367 882 113 19 Kurtén:
510 882 41 26 Jag
566 882 33 19 för
614 882 42 19 min
673 882 33 19 del
722 882 68 19 skulle
807 882 44 19 åter
862 888 65 20 gerna
938 888 29 17 se,

216 918 31 17 att
262 915 88 20 Ständet
366 915 49 20 ville
431 915 118 26 bordlägga
565 915 70 20 denna
650 915 66 27 fräga,
727 915 55 20 intill
794 915 47 20 dess
853 915 35 20 det
901 915 65 20 blifvit

217 949 72 26 kändt,
313 949 102 20 huruvida
433 949 56 20 inom
511 949 156 26 Ridderskapet
682 949 39 20 och
739 949 67 20 Adeln
823 950 26 19 de
859 956 106 20 personer,

217 990 44 13 som
278 983 31 20 stä
324 983 6 19 i
346 985 84 24 spetsen
447 983 31 20 för
495 982 235 28 finansförvaltuingen,
746 983 69 26 hafva,
832 983 46 20 med
895 983 70 20 anled-

216 1018 51 26 ning
287 1017 22 20 af
328 1017 51 20 Herr
402 1023 40 13 von
466 1017 81 26 Trapps
567 1018 137 25 reservation,
723 1019 65 24 yttrat
806 1017 33 26 sig
858 1017 108 27 angäende

216 1053 63 18 sättet
294 1051 31 19 för
340 1051 199 26 ävägabringandet
553 1051 23 20 af
585 1051 40 20 den
639 1051 122 26 förändring
772 1051 5 19 i
789 1051 100 20 Finlands
901 1050 65 21 banks

216 1084 135 27 förvaltning,
377 1091 44 14 som
442 1085 6 19 i
469 1087 10 22 $
499 1085 12 20 4
531 1087 22 18 är
573 1085 126 26 föreslagen.
738 1085 40 26 Jag
797 1085 83 20 förenar
898 1085 42 26 mig
959 1085 6 18 i

215 1119 53 20 Herr
284 1119 114 20 Mechelins
414 1119 123 26 förklaring,
553 1121 31 18 att
599 1119 165 20 Bankutskottet
789 1119 52 20 blott
856 1119 38 20 har
907 1119 58 20 tänkt

215 1153 32 26 sig
270 1153 35 20 det
327 1154 41 19 sätt
387 1153 31 20 för
439 1152 106 21 ernäende
567 1153 24 19 af
608 1153 69 19 denna
692 1153 96 26 ändring;
803 1159 44 13 som
864 1153 23 19 af
901 1153 64 20 bank-

215 1187 132 25 fullmäktige
370 1192 76 20 genom
470 1187 61 19 deras
552 1187 78 26 förslag
646 1187 30 19 till
692 1186 131 26 reglemente
839 1187 126 19 framställts.

214 1220 41 20 För
278 1220 42 20 min
346 1220 33 20 del
400 1220 36 20 har
454 1220 38 27 jag
510 1220 68 27 aldrig
600 1220 84 20 tillmätt
701 1220 43 27 mig
760 1222 29 18 att
804 1220 112 20 bedömma
931 1220 35 20 det

215 1254 96 19 formella
325 1254 6 19 i
347 1254 70 20 denna
437 1254 49 25 sak;
503 1261 47 13 men
563 1255 38 26 jag
616 1254 65 27 ansäg
698 1254 36 20 det
749 1253 65 20 ocksä
829 1254 133 26 temmeligen

213 1287 113 26 sjelffallet,
348 1289 30 18 att
401 1287 36 20 det
456 1290 63 17 sättet
539 1288 69 20 skulle
630 1295 50 13 vara
696 1288 111 26 antagligt,
823 1287 27 20 dä
865 1288 47 19 icke
928 1294 36 14 ens

213 1322 117 20 Utskottets
346 1321 126 20 ordförande
490 1322 51 19 Herr
557 1329 40 12 von
614 1322 77 26 Trapp,
709 1328 44 13 som
769 1321 61 26 hyste
847 1321 117 27 betänklig-

214 1356 58 19 heter
293 1358 42 17 mot
350 1355 76 26 sjelfva
441 1355 74 26 saken,
531 1355 70 20 sävidt
613 1356 37 25 jag
668 1355 44 29 kan
727 1355 99 26 päminna
843 1356 49 26 mig,
908 1356 6 19 i
929 1356 36 20 Ut-

212 1389 79 20 skottet
312 1389 82 26 yttrade
414 1389 33 26 sig
463 1391 56 18 emot
535 1392 68 17 sättet.
633 1389 41 26 Jag
691 1389 54 20 hade
762 1389 115 20 emellertid
896 1392 69 17 väntat

212 1425 36 23 att,
271 1429 33 13 om
328 1423 47 25 han,
400 1423 46 20 med
467 1423 39 20 den
527 1425 67 18 större
615 1423 121 20 erfarenhet
754 1423 6 19 i
776 1423 70 20 denna
866 1426 39 23 väg
926 1423 39 20 han
