1070 1786
422 148 41 17 Den
475 147 22 18 25
510 147 61 22 April.
812 144 33 18 805

118 216 33 13 oss
166 208 99 27 gällande
280 207 39 20 och
335 207 7 18 i
358 206 34 26 lag
406 205 96 27 grundad
523 203 115 26 rättsäsigt,
654 205 30 18 att
700 203 39 20 den
759 204 110 19 civilrätts-

118 244 42 26 liga
174 243 56 19 talan
247 245 23 16 är
286 241 42 19 helt
344 240 38 20 och
402 239 65 20 hället
488 237 107 21 beroende
616 237 22 20 af
652 237 102 20 huruvida
769 237 99 20 brottmä-

118 278 29 19 let
163 277 63 20 redan
245 275 68 20 blifvit
329 273 150 20 underkastadt
495 271 141 27 preskription
654 271 52 20 eller
722 272 26 25 ej,
760 271 50 20 eller
822 272 47 19 med

119 312 65 20 andra
203 310 37 25 ord
262 311 30 17 att
310 309 6 19 i
332 308 40 20 och
398 307 45 20 med
464 306 119 20 detsamma
603 305 56 19 tiden
682 305 140 26 tilländalupit
838 306 31 18 för

118 344 131 22 anställande
269 342 23 20 af
309 342 41 20 åtal
371 342 31 19 för
422 341 82 24 brottet,
521 339 115 27 påstående
652 346 34 13 om
703 340 39 19 den
759 340 110 19 civilrätts-

119 380 43 26 liga
177 377 107 28 päföljden
304 376 92 20 förfallit.
427 371 29 23 Är
475 374 75 20 sådant
573 373 48 19 icke
637 373 58 19 fallet
710 374 51 19 eller
776 376 23 17 är
815 373 54 20 brot-

119 416 29 18 tet
163 414 23 19 af
199 412 74 20 urbota
293 410 146 20 beskaffenhet
456 408 39 20 och
512 408 42 20 åtal
571 408 71 19 derom
659 408 87 20 sålunda
764 408 41 20 kan
821 411 47 17 väc-

119 449 37 19 kas
181 446 53 20 efter
257 446 51 24 huru
330 444 50 26 lång
400 443 29 19 tid
445 449 44 13 som
505 442 64 26 helst,
585 444 23 17 är
624 441 64 20 också
704 442 56 20 talan
779 449 32 13 om
828 442 40 20 den

118 480 146 26 civilrättsliga
278 478 107 27 påföljden
406 476 97 21 bevarad.

187 514 71 20 Skulle
280 512 110 20 utskottets
412 510 135 21 betänkande
568 510 52 20 eller
638 510 41 20 den
695 511 82 26 Nådiga
795 518 74 20 propo-

120 550 89 20 sitionen
229 550 93 23 antagas,
344 546 102 27 uppstode
465 545 62 19 deraf
543 544 131 27 mångfaldig
694 545 69 20 oreda.
796 546 31 20 Då
843 553 25 13 en

120 584 29 19 uti
165 583 38 20 N:o
220 583 26 19 58
262 581 23 20 af
303 580 131 26 Helsingfors
452 579 97 26 Dagblad
570 579 32 19 för
617 579 143 20 innevarande
779 579 22 20 år
817 581 52 19 inta-

121 625 40 19 gen
177 616 90 21 ledande
283 614 75 20 artikel
374 614 27 26 på
416 615 36 23 ett,
471 619 44 13 som
537 612 36 20 det
593 612 107 20 förefaller
719 614 47 26 mig,
782 621 86 19 synner-

120 652 56 26 ligen
192 650 86 20 slående
301 650 40 18 sätt
357 647 125 20 framställer
501 647 26 19 de
544 646 72 26 vådor,
633 653 44 13 som
694 648 22 18 af
729 648 39 20 den
787 648 83 28 Nådiga

121 685 168 27 propositionens
308 682 120 26 antagande
448 681 67 20 skulle
534 680 75 27 uppstå
628 680 31 20 för
678 682 117 25 samhället,
811 683 58 20 utbe-

121 720 36 20 der
172 720 38 25 jag
231 718 43 26 mig
292 718 30 18 alt
340 716 21 20 få
380 716 46 20 med
450 715 101 20 artikelns
568 721 54 19 egna
637 715 37 19 ord
690 715 110 21 framhålla
815 717 54 20 dem.

121 754 49 19 Deri
186 756 70 23 säges:

189 787 61 19 ”Man
267 785 33 20 må
316 784 62 20 hafva
393 784 72 19 hvilka
481 783 78 26 åsigter
575 789 44 14 som
632 783 54 20 helst
698 784 110 26 angående
824 792 47 20 pre-

121 821 102 26 skription
239 820 6 19 i
263 818 103 26 brottmål,
387 818 71 19 derom
478 817 59 19 torde
558 817 55 20 dock
633 817 41 20 alla
692 820 88 18 stämma
803 819 66 20 öfver-

121 862 42 18 ens,
180 856 29 18 att
228 854 76 20 brottet
323 858 77 21 genom
421 851 170 27 preskriptionen
616 852 53 19 skall
688 852 44 20 helt
752 854 37 19 och
801 854 70 20 -hället

121 889 139 19 öfverlemnag
284 887 20 19 ät
326 885 118 27 glömskan,
468 885 23 19 sä
513 886 30 18 att
565 885 133 26 förbrytaren
719 887 52 20 efter
786 894 26 13 en
829 889 41 19 viss

121 923 40 20 tids
179 922 82 25 förlopp
286 920 76 20 befrias
386 918 44 21 från
455 919 71 26 hvarje
546 919 53 26 följd
618 919 23 20 af
654 920 34 19 sitt
708 921 59 20 brott.
798 922 71 20 Redan

121 957 67 26 enligt
202 955 95 20 romersk
318 955 35 26 lag
376 953 70 20 kunde
465 953 89 26 derföre,
575 953 53 20 efter
645 954 105 27 utgången
766 956 23 19 af
802 956 69 20 denna

121 991 36 26 tid,
182 990 67 26 någon
268 988 159 26 undersökning
450 987 33 20 vid
504 987 90 20 domstol
618 987 48 20 icke
690 995 57 14 mera
764 989 106 21 komma
856 983 19 35 i

121 1026 59 26 fråga
196 1037 26 2 —
238 1025 30 18 ett
286 1023 124 26 stadgande,
430 1028 42 13 som
490 1021 79 26 jemväl
590 1021 78 20 influtit
688 1023 5 19 i
713 1029 74 14 senare
807 1025 64 19 tiders

122 1059 135 27 lagstiftning.
288 1057 43 19 Mot
351 1057 70 19 denna
440 1055 77 20 vackra
533 1056 39 19 och
589 1056 90 19 humana
694 1058 111 25 grundsats
825 1059 46 25 bry-

121 1097 32 16 ter
167 1100 27 13 nu
210 1092 64 27 sagde
290 1091 83 26 Nådiga
389 1090 135 26 proposition.
559 1090 41 19 Det
621 1090 73 20 behöfs
713 1091 48 20 icke
781 1093 90 26 mycken

122 1127 118 21 eftertanke
263 1125 31 20 för
318 1127 30 18 att
367 1125 63 25 finna,
450 1124 72 19 hvilka
546 1126 146 19 smärtsamma
714 1125 102 26 påföljder
838 1128 35 19 det

122 1162 41 19 kan
180 1160 62 20 hafva
258 1159 31 20 för
304 1166 25 13 en
346 1165 82 20 person,
445 1165 43 13 som
505 1159 102 26 möjligen
623 1159 5 18 i
640 1159 231 29 ungdomsöfverilning

123 1194 70 27 begått
209 1201 25 13 en
253 1193 133 26 förbrytelse,
407 1199 46 13 men
473 1192 92 20 derefter
584 1192 66 20 under
670 1199 26 13 en
716 1193 49 27 lång
784 1194 51 27 följd
851 1196 24 19 af

122 1230 22 19 år
159 1228 85 27 inslagit
262 1235 26 12 en
308 1230 47 23 väg,
376 1227 137 26 hvarigenom
534 1227 40 20 han
596 1228 74 19 vunnit
694 1228 30 19 sin
744 1229 128 27 omgifnings

122 1263 88 26 aktning
226 1262 39 20 och
287 1261 127 26 förtroende,
435 1263 30 18 att
480 1261 112 26 plötsligen
614 1261 66 20 måsta
696 1262 131 21 schavottera
842 1264 29 19 in-

123 1299 31 18 för
170 1296 118 21 domstolen
305 1307 20 2 —
347 1295 31 20 för
395 1302 26 13 en
437 1295 66 20 skada
518 1296 23 19 af
555 1295 100 26 möjligen
673 1296 64 26 några
750 1297 71 25 penni.
841 1298 32 19 Då

123 1330 160 27 ifrågavarande
303 1329 84 20 fordran
407 1330 106 26 nemligen
534 1329 42 20 kan
593 1329 85 20 utsökas
694 1330 68 19 ”inom
779 1331 40 20 den
836 1332 37 26 tid,

122 1372 45 13 som
183 1365 31 20 för
230 1363 196 27 fordringsanspråk
444 1364 5 19 i
465 1364 115 19 allmänhet
597 1364 87 26 stadgad
702 1364 41 25 är”,
768 1365 22 19 så
806 1366 67 26 gäller

123 1399 35 20 det
170 1399 23 25 ju
209 1398 74 20 endast
298 1400 30 17 att
343 1397 27 26 på
386 1398 80 26 vanligt
481 1400 40 17 sätt
537 1398 131 26 (Kejserliga
687 1399 149 27 förordningen
853 1401 24 19 af

122 1435 40 19 den
179 1433 11 19 9
207 1433 52 19 Nov.
279 1431 61 27 1868)
357 1432 56 20 hålla
428 1433 31 18 sin
481 1432 84 20 fordran
587 1435 70 23 öppen
674 1432 38 20 och
728 1433 41 20 låta
785 1434 25 19 de
828 1434 45 20 blif-
