1070 1786
400 147 41 16 Den
454 147 21 16 21
487 147 53 24 Maj.
775 147 44 17 1289

92 204 164 20 Bankutskottet
271 204 53 20 hade
341 204 54 19 varit
410 203 153 26 oförhindradt,
579 205 30 18 att
625 204 37 19 här
677 204 79 20 föreslå
770 211 25 13 en
812 204 29 20 ät-

93 238 58 26 gärd,
174 238 77 26 analog
272 238 46 19 med
340 238 48 24 den,
404 243 43 14 som
464 237 109 20 Utskottet
587 237 107 26 föreslagit
709 238 6 19 i
733 240 10 22 $
759 239 19 24 5;
794 245 47 12 men

90 272 37 25 jag
143 271 67 20 finner
230 272 54 20 dock
304 271 54 25 icke,
379 273 31 18 att
424 263 163 28 Bankutskottet
603 271 75 20 saknat
693 271 47 20 skäl
756 272 29 19 till
801 273 40 19 den

93 305 116 26 förmodan,
232 308 31 17 att
285 306 79 18 formen
381 305 7 19 i
404 304 69 20 denna
495 304 36 20 sak
555 305 62 19 äfven
638 305 54 19 varit
708 305 87 21 föremäl
812 306 31 20 för

95 339 198 26 bankfullmäktiges
308 339 106 26 pröfning,
430 338 38 20 och
482 339 37 25 jag
535 341 44 17 tror
593 339 31 19 för
640 339 42 19 min
699 339 42 26 del,
757 342 30 17 att
802 340 40 20 den

93 373 59 25 form,
168 380 43 12 som
231 373 133 26 fullmäktige
380 372 115 26 föreslagit,
511 372 47 20 icke
575 375 22 17 är
613 372 67 27 farlig.
707 373 53 19 Herr
775 370 67 23 Öhrn-

94 407 51 26 berg
160 407 36 19 har
212 407 50 25 sjelf
279 406 117 27 medgifvit,
411 408 30 18 att
457 406 86 26 mycket
559 406 65 20 måste
640 406 50 20 bero
707 406 28 26 på
750 406 39 20 den
806 414 36 12 nu-

94 441 92 19 varande
202 440 183 27 finansstyrelsens
398 440 84 26 åsigter.
505 440 32 20 De
548 440 102 20 uttalades
662 440 64 20 redan
738 440 34 20 vid
784 443 58 17 ären-

95 474 44 20 dets
162 475 74 19 remiss
260 474 30 20 till
310 474 173 25 Bankutskottet;
508 474 27 20 då
549 474 83 26 yttrade
648 474 32 26 sig
697 474 54 20 både
767 474 76 20 finans-

93 508 75 20 chefen
188 508 53 20 Herr
257 508 107 20 Molander
380 508 39 20 och
436 508 124 20 biträdande
575 508 143 20 finanschefen
734 508 53 20 Herr
802 514 41 14 von

95 542 113 20 Haartman
232 542 81 26 ganska
336 542 128 27 mångsidigt
487 548 34 14 om
542 542 101 26 förslaget
665 542 32 19 till
713 542 130 27 reglemente

95 577 39 20 och
156 577 26 20 de
201 577 84 26 tycktes
307 577 47 20 icke
370 577 54 25 hysa
445 576 80 20 sådana
544 576 84 26 åsigter,
649 583 44 14 som
714 577 26 20 de
756 577 23 20 af
791 577 54 20 Herr

96 616 40 14 von
152 610 70 27 Trapp
238 611 29 19 uti
283 610 51 20 hans
350 610 128 20 reservation
495 610 98 25 uttalade,
605 612 49 18 utan
664 610 80 26 ansågo
755 612 88 18 tvertom

95 644 147 26 separationen
263 644 58 26 ligga
336 644 56 20 inom
410 644 149 26 möjlighetens
575 646 98 24 gränser.
701 644 48 20 Med
765 644 80 20 känne-

97 678 46 19 dom
160 678 23 19 af
196 678 62 20 dessa
272 678 120 26 yttranden,
408 678 49 19 fann
473 677 165 20 Bankutskottet
652 677 79 27 skäligt
741 678 105 26 tillstyrka

96 712 118 25 antagande
230 712 23 19 af
266 712 201 26 bankfullmäktiges
483 712 80 26 afgifna
579 712 45 25 och,
642 711 26 26 på
684 714 40 17 sätt
744 712 101 26 upplysts,

96 744 105 28 enhälligt
223 746 117 26 uppgjorda
362 746 78 26 förslag
455 746 6 19 i
477 745 81 27 frågan.
589 746 41 19 För
650 746 42 19 min
708 746 35 19 del
759 746 36 19 vill
809 746 37 26 jag

96 780 51 18 visst
162 779 48 20 icke
226 781 96 18 motsätta
338 780 50 26 mig,
404 781 30 18 att
448 779 97 26 uppoffra
555 779 40 20 den
608 786 27 12 nu
646 779 147 27 föreliggande
805 780 40 19 for-

99 820 46 13 men
169 813 31 20 för
220 820 26 13 en
266 820 76 19 annan,
362 820 43 13 som
421 814 86 19 säkrare
522 813 71 20 kunde
610 813 47 19 leda
672 813 31 19 till
720 813 70 26 målet,
806 813 39 20 och

98 848 37 19 bar
154 847 18 25 ej
189 847 67 20 heller
278 847 64 27 något
364 849 57 18 emot
436 847 53 20 Herr
503 846 98 21 Kiseleffs
616 847 80 26 förslag
711 853 33 13 om
762 854 24 13 en
803 850 42 16 sär-

97 880 54 20 skild
175 881 131 26 underdånig
328 881 161 25 framställning,
513 880 45 20 från
575 880 85 20 hvilken
674 882 37 25 jag
726 880 55 21 dock
797 880 49 20 ville

99 914 61 20 hafva
175 914 60 20 ordet
250 915 114 25 ”petition?
380 915 125 26 aflägsnadt,
520 914 88 20 emedan
622 915 37 26 jag
675 921 62 13 anser
752 916 31 18 att
797 917 10 22 $
821 915 20 19 11

98 949 5 18 i
122 949 51 19 1867
188 948 35 20 års
239 948 123 27 förordning
378 949 40 19 kan
436 949 105 26 berättiga
556 948 116 21 Sländerne
688 949 32 19 till
731 951 30 18 ett
771 949 74 19 under-

99 981 71 27 dänigt
186 982 85 26 förslag,
287 989 43 13 som
346 983 49 19 icke
410 985 23 17 är
448 984 30 18 att
493 982 104 20 likställas
614 983 46 20 med
676 983 95 26 petition.
798 983 47 20 Men

99 1015 55 20 hvad
169 1016 64 19 sedan
250 1016 81 25 sjelfva:
340 1016 65 20 saken
422 1015 133 20 vidkommer
565 1016 39 19 och
616 1016 27 20 dä
654 1017 82 19 erinran
748 1023 33 13 om
793 1017 53 19 Herr

98 1056 40 13 von
153 1049 81 26 Trapps
256 1051 129 19 reservation
406 1050 65 19 redan
487 1050 57 19 skett
559 1052 59 24 samt,
634 1050 128 20 åtminstone
777 1050 68 20 såsom

99 1083 114 26 möjlighet,
229 1083 90 26 uttalats,
335 1086 30 17 att
377 1083 68 27 nägon
461 1084 51 19 ville
528 1084 81 19 ansluta
624 1085 32 25 sig
672 1084 30 19 till
714 1084 36 20 det
760 1084 23 20 af
795 1085 52 19 Herr

98 1123 41 14 von
154 1117 70 26 Trapp
240 1117 75 26 gjorda
329 1117 146 20 förmedlande
490 1118 107 26 förslaget,
612 1117 24 20 sä
650 1117 41 20 kan
706 1119 37 25 jag
759 1118 32 19 för
804 1118 42 19 min

99 1151 34 20 del
157 1151 51 20 blott
230 1151 66 20 uttala
311 1153 30 18 ett
356 1151 133 26 beklagande
505 1152 66 25 deraf,
586 1154 30 17 att
631 1152 71 20 denna
715 1153 131 19 reservation

99 1185 54 25 med,
166 1185 38 25 jag
215 1185 66 19 mäste
292 1185 106 26 medgifva
409 1185 41 25 det,
462 1185 135 27 mängsidiga
607 1186 38 19 och
656 1186 107 26 skickliga
772 1192 75 20 vapen,

98 1218 62 20 söker
176 1218 104 27 bekämpa
296 1225 25 13 en
337 1219 23 19 sä
376 1219 68 26 nyttig
454 1218 81 27 ätgärd,
547 1226 44 13 som
603 1219 40 20 den
654 1220 124 26 ifrägasatta
789 1226 58 20 sepa-

98 1253 103 18 rationen.
231 1252 39 19 Att
291 1253 70 19 denna
376 1253 161 26 framställning,
553 1253 87 20 oaktadt
652 1255 38 25 jag
706 1254 32 19 för
754 1254 42 19 min
813 1254 34 20 del

99 1285 48 20 icke
169 1285 41 20 kan
234 1285 114 27 godkänna
371 1288 30 17 ett
422 1287 55 19 enda
500 1287 23 19 af
541 1287 25 19 de
586 1288 46 19 utaf
649 1288 53 19 Herr
720 1294 41 13 von
777 1288 70 25 Trapp

98 1319 88 20 anförda
200 1319 53 26 skäl,
269 1321 48 18 utan
333 1320 67 19 finner
416 1320 47 19 dem
479 1320 88 26 ihäliga,
578 1321 55 20 dock
644 1321 41 20 kan
697 1322 72 19 utöfva
779 1321 69 20 inver-

99 1353 41 20 kan
163 1353 27 26 pä
213 1353 69 20 denna
304 1353 66 26 fråga,
388 1356 23 17 är
431 1353 87 27 mycket
533 1355 88 26 möjligt,
638 1358 21 23 ty
676 1355 36 20 det
726 1355 123 26 personliga

100 1387 114 20 anseendet
236 1387 42 20 kan
297 1387 64 20 redan
378 1387 72 20 dervid
466 1388 60 25 spela
541 1395 24 13 en
583 1391 42 18 stor
640 1389 54 25 rol;'
706 1389 39 20 och
761 1392 38 17 när
814 1389 36 20 det

100 1421 70 20 ställes
189 1421 36 19 vid
241 1421 59 19 sidan
317 1421 22 19 af
352 1421 69 20 tillika
435 1421 118 27 framlagda
569 1422 95 20 formella
680 1423 170 25 betänkligheter

147 1456 59 16 Vällofi.
220 1455 138 20 Vorgareständets
367 1457 83 18 protokoll
459 1456 96 22 landtdagen
570 1458 46 15 1872.
782 1455 21 18 82
