1070 1786
426 153 41 18 Den
479 153 22 18 23
513 154 41 22 Maj.
799 155 45 18 1417

117 212 53 25 dras,
193 211 69 26 aldrig
285 211 82 26 komma
391 211 5 18 i
420 210 121 26 åtnjutande
561 211 24 19 af
598 211 108 20 förmånen
722 211 24 20 af
759 218 25 13 en
801 212 65 20 sådan

118 245 176 26 löneförhöjning,
318 245 43 19 ifall
386 245 25 19 de
434 245 56 19 inom
514 245 104 26 förloppet
640 245 23 19 af
684 245 36 20 det
740 245 127 21 föreskrifna

118 279 79 20 antalet
211 279 23 20 år
251 278 106 20 befordras
373 279 29 18 till
419 285 25 12 en
461 278 64 26 högre
542 279 61 25 plats.
633 272 18 26 Å
667 279 65 20 andra
748 280 59 19 sidan
825 280 40 19 kan

119 313 35 19 det
178 312 47 24 mål,
248 318 43 13 som
313 312 52 18 Herr
380 312 112 19 Wasenius
508 312 102 25 åsyftade,
626 312 27 19 då
669 312 40 20 han
726 312 96 21 framhöll
839 315 29 18 att

119 347 125 25 tjenstemän
265 346 73 25 finnas,
354 351 43 13 som
415 345 71 19 kunna
501 345 61 20 sköta
577 352 25 13 en
618 339 58 32 lögre
693 346 53 25 plats
763 347 40 25 väl,
820 354 47 13 men

119 381 18 25 ej
153 387 26 13 en
196 380 72 26 högre,
285 379 105 26 nemligen
406 380 30 18 att
451 378 79 20 sädana
545 380 124 25 tjenstemän
686 380 19 25 ej
722 380 65 20 borde
799 380 67 20 befor-

119 416 53 23 dras,
189 420 47 13 men
253 413 95 20 deremot
363 413 98 19 förunnas
473 413 177 26 löneförhöjning,
661 414 61 19 äfven
735 414 74 20 vinnas
821 414 45 20 der-

118 449 91 25 igenom,
228 450 30 17 att
274 447 45 20 dem
336 446 90 20 tilldelas
442 446 124 26 diskretion,
583 447 85 19 hvilken
687 447 33 19 vid
736 447 75 20 sådant
826 448 40 19 för-

118 482 98 20 hållande
241 481 45 20 med
310 481 37 19 allt
369 480 45 20 skäl
439 480 40 20 kan
502 480 66 20 blifva
586 483 124 23 permanent
725 482 32 18 för
773 488 25 13 en
815 482 52 19 eller

118 522 68 13 annan
209 515 87 20 individ.
317 514 107 20 Utskottet
443 514 37 20 har
496 514 26 26 på
538 514 61 20 dessa
614 514 45 20 skäl
675 517 84 17 stannat
774 515 35 19 vid
825 516 40 18 den

119 550 60 26 åsigt,
194 551 30 18 att
240 549 35 20 det
290 555 49 13 vore
356 548 129 27 lämpligare,
501 550 30 17 att
547 548 139 20 diskretioner
698 548 67 21 skulle
777 549 20 19 få
807 549 58 20 utde-

119 585 30 18 las
164 587 27 16 än
207 585 31 17 att
253 582 169 26 löneförhöjning
438 582 53 19 efter
507 582 56 19 vissa
578 582 23 19 år
618 582 120 26 beviljades.
768 583 39 19 Att
821 583 45 19 åter

119 618 37 19 här
170 617 90 26 inrymts
275 616 20 20 åt
311 615 132 26 fullmäktige
459 615 151 26 pröfningsrätt
624 615 80 20 skedde
720 616 32 20 för
767 618 30 18 att
813 616 52 20 före-

118 651 92 25 komma,
232 652 30 18 att
285 649 112 26 möjligtvis
420 649 40 19 den
484 655 39 13 ena
545 649 51 20 eller
615 650 66 19 andra
696 650 169 26 tjenstemannen

117 684 68 20 skulle
208 683 22 21 af
250 682 188 21 bankdirektionen
457 682 70 20 alltför
543 683 43 19 ofta
602 683 87 20 förbises
705 684 52 19 eller
772 684 13 19 å
800 684 66 19 andra

117 718 59 20 sidan
193 718 69 19 alltför
278 718 43 19 ofta
336 716 145 26 ihågkommas
498 716 46 20 med
557 719 30 17 ett
597 716 95 20 tillskott.
718 718 63 19 Detta
791 720 73 23 syntes

117 752 107 20 Utskottet
246 758 50 12 vara
314 752 29 18 ett
362 750 96 26 lämpligt
474 750 109 20 korrektiv
598 751 7 18 i
620 751 100 19 afseende
736 751 13 19 å
763 751 101 20 direktio-

118 792 51 13 nens
185 787 41 18 sätt
241 787 30 17 att
286 784 70 20 utdela
371 784 61 20 dessa
448 784 95 20 tillskott.

186 819 67 19 Herr
277 818 152 20 Wasenius:
459 818 62 19 Emot
537 818 40 20 den
593 818 175 27 anmärkningen,
784 821 31 17 att
829 819 36 20 det

117 853 70 20 kunde
210 852 90 26 inträffa,
320 854 30 18 att
368 858 25 13 en
410 852 133 26 tjensteman,
559 858 44 14 som
621 852 73 20 vinner
711 852 118 26 befordran,
845 854 19 25 ej

117 888 67 18 skulle
204 886 85 20 komma
294 882 12 35 i
326 886 82 19 tillfälle
423 887 30 18 att
468 886 20 19 få
504 892 25 13 en
546 886 65 19 sådan
627 886 176 27 löneförhöjning,
819 893 44 13 som

117 921 37 19 här
168 921 80 24 afsetts,
264 919 68 26 ligger
347 919 40 20 den
404 919 157 26 invändningen
579 922 50 17 nära
645 919 33 20 til?
692 920 73 25 hands,
781 922 30 17 att
823 920 40 19 han

115 955 5 19 i
138 955 38 19 och
201 954 45 19 med
270 954 116 19 detsamma
401 953 40 19 han
458 953 113 25 befordras,
587 953 6 19 i
610 953 74 26 sjelfva
700 954 73 19 verket
789 953 31 20 får
836 960 25 13 en

115 989 127 19 åtminstone
257 987 44 20 lika
315 990 43 16 stor
373 993 33 14 om
423 988 18 25 ej
458 989 65 18 större
540 987 176 26 löneförhöjning.
742 987 40 26 Jag
793 987 69 20 skulle

116 1023 106 25 nemligen
246 1023 38 24 tro,
307 1021 64 19 ehuru
391 1021 37 26 jag
453 1021 52 19 blott
525 1021 84 26 flyktigt
630 1021 102 20 beräknat
754 1021 41 26 det,
811 1022 52 19 att
853 1017 14 35 i

115 1057 71 25 hvarje
207 1056 36 19 fall
264 1056 39 19 den
320 1057 90 17 närmast
424 1055 65 26 högre
505 1056 91 24 tjensten
612 1059 22 16 är
650 1055 126 20 åtminstone
794 1056 25 19 10
835 1055 27 27 %,

116 1091 67 20 bättre
199 1090 82 20 aflönad
298 1092 26 17 än
340 1089 40 20 den
398 1089 134 26 föregående;
548 1089 39 19 och
600 1089 38 26 jag
653 1095 61 14 anser
730 1089 35 20 det
776 1096 50 13 vara
841 1090 24 19 af

115 1125 51 26 vigt,
189 1126 31 18 att
242 1124 167 25 tjenstemännen
429 1123 6 18 i
453 1123 82 19 banken
552 1123 26 25 ej,
595 1123 67 19 såsom
680 1129 25 13 en
721 1129 70 20 grace,
807 1123 20 19 få
842 1123 23 19 af

115 1158 133 20 direktionen
265 1157 78 26 årligen
360 1163 25 13 en
402 1156 149 27 gratifikation,
568 1159 47 17 utan
631 1159 31 17 att
676 1157 33 25 de,
720 1163 33 14 om
765 1157 26 20 de
802 1157 61 20 sköta

115 1192 31 20 sin
171 1192 64 26 tjenst
258 1191 33 19 väl
312 1191 38 19 och
366 1191 129 25 pligttroget,
511 1191 71 19 kunna
598 1191 46 19 med
660 1191 37 19 full
712 1191 99 19 säkerhet
826 1191 37 25 på-

114 1226 67 20 räkna
196 1228 30 17 att
242 1225 52 20 efter
311 1225 25 19 10
352 1224 22 20 år
389 1224 80 20 erhålla
484 1224 177 27 löneförhöjning.
687 1224 30 20 Eu
736 1225 125 26 tjensteman

113 1261 69 19 skulle
206 1259 88 20 sålunda
315 1259 47 19 icke
386 1259 91 19 behöfva
500 1259 72 26 längta
594 1259 52 19 efter
664 1260 31 18 att
712 1258 22 20 få
750 1265 25 13 en
792 1259 70 25 tjenst,

112 1301 44 13 som
182 1294 41 19 han
243 1292 81 20 kanske
345 1295 34 17 vet
395 1292 47 20 med
463 1292 32 26 sig
515 1294 30 17 att
565 1293 41 18 han
626 1292 19 25 ej
661 1292 43 19 kan
719 1291 24 20 så
760 1292 33 19 väl
809 1292 53 26 fylla

113 1335 43 14 som
180 1327 48 26 den,
252 1327 34 19 vid
307 1326 85 20 hvilken
412 1327 40 19 han
468 1329 23 16 är
506 1332 48 13 van.
583 1326 41 26 Jag
639 1326 103 19 vidhåller
758 1326 27 26 på
800 1326 61 19 dessa

112 1362 46 20 skäl
175 1361 46 20 mitt
237 1361 83 25 förslag.

180 1396 65 19 Herr
260 1395 108 19 Kurtén:
386 1394 41 26 Jag
437 1394 36 19 ber
483 1396 30 17 att
524 1394 21 19 få
554 1393 84 27 påpeka
648 1400 26 13 en
683 1394 121 26 skuggsida,
814 1401 44 13 som

109 1432 63 19 sättet
194 1431 30 18 att
246 1435 75 20 genom
345 1428 170 26 löneförhöjning
534 1427 76 21 belöna
628 1434 26 14 en
669 1427 111 27 långvarig
796 1428 64 25 tjenst
