1070 1786
222 160 33 16 642
502 160 40 17 Den
557 160 20 17 13
591 161 59 22 April.

198 218 44 19 lika
259 217 111 20 förordade
386 219 30 18 ett
431 217 158 26 lagstadgande,
605 225 44 12 som
662 218 68 19 skulle
742 218 96 26 förbjuda
850 219 96 27 förnyan-

198 253 36 20 det
249 252 53 20 eller
317 252 161 26 förlängningen
495 252 23 19 af
530 253 29 18 ett
575 254 30 18 tre
624 252 33 20 års
675 252 194 27 lärlingskontrakt.
901 254 46 19 Men

200 287 65 26 något
280 287 74 19 sådant
370 287 36 18 har
422 286 46 20 icke
484 286 23 20 af
521 286 66 26 någon
603 286 93 26 yrkats..

270 320 133 20 Beträffande
418 320 53 20 Herr
487 320 120 26 Wallgrens
622 320 106 26 yttrande,
745 327 62 19 synes
824 322 42 26 mig
882 324 29 17 att
923 322 26 26 på

200 356 40 18 den
258 354 125 20 humanitets
399 354 128 26 ståndpunkt
542 354 41 20 han
599 354 55 20 ställt
670 355 32 25 sig
722 361 46 13 man
787 354 60 21 bordt
865 355 85 20 komma

201 390 31 18 till
249 396 26 12 en
291 395 68 13 annan
376 388 134 26 konklusion,
527 391 25 17 än
568 388 48 20 han.
646 389 58 19 Hans
719 389 96 25 yttrande
832 390 37 18 har
885 390 63 19 redan

200 424 68 19 delvis
292 423 66 19 blifvit
383 422 122 26 vederlagdt
527 422 23 19 af
567 422 52 20 Herr
635 422 86 20 Kurtén.
752 422 39 26 Jag
812 423 48 19 ville
877 423 72 19 blott
939 418 14 34 i

200 464 82 13 samma
297 457 54 26 syfte
368 459 82 23 nämna,
467 458 28 18 att
511 462 32 14 om
561 456 110 27 lärlingen,
688 456 68 20 såsom
773 457 52 19 Herr
840 457 109 27 Wallgren

201 492 125 23 förutsätter,
350 490 39 20 och
413 490 66 20 såsom
501 491 37 26 jag
559 490 76 20 önskar
654 490 39 20 och
709 490 80 26 hoppas
805 493 30 17 att
851 491 98 27 mången-

201 526 70 20 städes
288 528 21 16 är
324 525 64 25 fallet,
410 528 101 23 upptages
531 524 69 20 såsom
620 524 50 20 barn
687 525 7 19 i
711 525 58 19 huset
786 525 37 20 hos
840 528 109 23 mästaren,

201 560 23 20 så
248 562 42 17 tror
310 560 36 25 jag
368 559 24 19 så
414 559 51 26 godt
483 566 32 13 om
535 559 40 20 den
592 559 120 26 menskliga
727 562 93 23 naturen,
837 562 28 17 att
881 560 69 19 denna

201 595 78 25 lärling
294 593 48 20 icke
358 593 88 19 sträfvar
462 595 29 17 att
507 593 84 19 komma
607 593 99 25 derifrån,
723 596 47 16 utan
788 593 46 20 med
846 594 31 19 sin
890 594 59 19 måls-

202 634 59 14 mans
278 627 126 27 begifvande
421 627 38 19 och
475 627 27 26 på
517 628 52 18 hans
584 627 96 26 yrkande
696 633 66 18 gerna
777 629 85 18 stannar
883 628 66 26 qvari

202 665 30 17 ott
247 662 56 25 hem,
318 662 36 19 der
371 662 40 18 han
428 661 22 19 sä
465 661 33 19 väl
515 661 121 19 behandlas.
665 661 185 27 Inskränkningen
867 662 22 19 af
898 663 50 25 tjen-

202 697 90 20 stetiden
309 696 66 26 gäller
390 695 48 20 icke
454 695 77 20 sådana
547 696 42 22 fall,
605 698 21 23 ty
643 695 68 20 såsom
726 696 37 26 jag
783 696 62 20 redan
866 696 84 25 erinrat,

202 734 22 16 är
240 730 105 26 förnyelse
364 730 52 19 eller
436 730 133 26 förlängning
589 730 23 19 af
625 730 123 19 kontraktet
765 730 122 26 derigenom
904 730 46 20 icke

202 765 118 26 förbjuden.
350 763 183 27 Inskränkningen
554 764 66 26 gäller
643 766 29 17 ett
695 764 68 26 skydd
787 764 30 19 för
837 764 54 26 dem,
907 770 43 14 som

202 806 77 20 genom
296 798 208 26 lärlingskontraktet
524 798 68 20 blifvit
608 798 84 19 bundna
714 800 29 17 att
759 798 56 26 tjena
832 799 3 18 i
853 800 29 18 ett
897 798 55 25 hem,

204 834 37 20 der
257 834 25 19 de
298 833 47 19 icke
362 832 115 20 behandlas
495 832 37 19 väl.
563 832 29 19 På
607 832 86 19 hvilken
713 832 128 26 ståndpunkt
862 839 46 13 man
925 835 25 17 än

202 868 72 19 ställer
297 867 31 26 sig
344 867 5 19 i
367 866 69 20 denna
459 866 65 26 fråga,
547 866 59 19 torde
630 872 47 13 man
696 866 52 20 böra
763 866 95 20 erkänna
873 869 36 23 att,
925 867 26 19 då

203 901 150 26 förordningen
371 903 55 16 ännu
443 900 47 19 icke
506 900 53 19 varit
575 899 107 27 tillämpad
699 900 6 19 i
722 899 45 20 fullt
783 900 46 26 fyra
845 901 22 18 år
877 901 38 19 och
925 901 27 19 då

204 941 47 14 man
276 935 34 19 vill
334 935 63 18 hafva
420 934 88 26 ändring
527 935 43 24 just
587 934 23 19 af
626 935 65 24 tiden,
711 940 44 13 som
771 934 66 26 gäller
853 935 31 19 för
900 935 50 19 kon-

203 969 84 24 traktet,
317 968 67 26 någon
410 968 118 19 erfarenhet
551 969 113 25 omöjligen
681 968 41 19 kan
739 968 62 20 hafva
819 969 83 19 vunnits
918 975 33 13 om

205 1003 156 26 verkningarne
384 1002 23 19 af
428 1002 40 19 den
492 1002 127 27 förändring,
643 1009 45 13 som
710 1009 75 20 genom
802 1003 149 26 förordningen

203 1037 85 20 inträdt.
320 1037 47 18 Man
391 1036 40 19 kan
456 1036 106 20 sannolikt
577 1036 46 20 icke
640 1036 92 27 åberopa
748 1036 67 27 någon
835 1037 117 20 erfarenhet

204 1072 79 20 derom,
300 1073 29 17 att
345 1072 66 19 under
427 1071 39 19 den
484 1071 29 19 tid
530 1073 29 17 tre
576 1071 33 19 års
620 1070 160 27 bestämningen
792 1071 53 20 varit
856 1071 96 26 gällande

203 1105 184 20 handtverkarene
411 1105 43 19 haft
477 1105 56 19 svårt
553 1107 30 17 att
605 1105 20 19 få
644 1105 106 26 lärlingar.
781 1105 47 20 Man
845 1105 66 20 skulle
928 1106 26 19 då

205 1139 61 20 bordt
282 1139 91 26 åberopa
389 1139 39 19 den
446 1139 125 25 erfarenhet,
587 1145 44 14 som
647 1139 85 19 vunnits
747 1146 75 19 genom
839 1142 30 17 att
889 1140 64 20 under

205 1180 25 12 en
247 1173 74 26 längre
337 1173 52 25 följd
405 1173 23 19 af
442 1173 21 19 år
480 1173 73 19 endast
575 1175 30 17 tre
625 1173 33 19 års
675 1173 123 19 kontrakter
814 1175 35 24 egt
865 1173 86 20 bestånd

204 1208 39 18 och
260 1208 53 18 visat
328 1206 46 20 sina
390 1206 81 26 följder.

272 1241 60 20 Hvad
356 1241 52 19 Herr
431 1241 55 26 Frey
509 1244 63 23 yttrat
593 1247 32 14 om
645 1241 107 26 åsigterna
768 1241 25 26 på
809 1241 40 20 den
865 1244 31 17 ort
913 1242 40 19 han

205 1277 163 24 representerar,
392 1275 65 20 måste
474 1275 5 19 i
495 1275 51 26 följd
570 1275 61 20 häraf
652 1275 115 20 betecknas
789 1275 74 20 endast
886 1275 67 20 såsom

204 1310 111 25 farhågor;
332 1315 46 14 men
394 1312 29 16 att
440 1309 26 26 på
481 1309 67 26 grund
565 1310 22 19 af
601 1309 97 26 farhågor
714 1309 50 26 vilja
779 1309 101 26 upprefva
896 1310 59 19 ettså

206 1350 50 20 nyss
279 1343 75 20 fattadt
376 1343 154 20 ständerbeslut
549 1343 40 20 kan
607 1344 37 25 jag
659 1343 48 19 icke
723 1343 88 19 biträda.
842 1343 35 19 Ett
892 1347 63 16 annat

206 1378 130 19 förhållande
354 1377 67 20 skulle
438 1384 39 19 ega
492 1384 43 13 rum
553 1384 32 13 om
603 1377 57 20 detta
675 1377 116 26 stadgande
812 1383 49 13 vore
880 1380 27 17 ett
924 1385 31 13 se-

206 1413 40 19 dan
264 1412 114 19 decennier
393 1412 51 19 eller
460 1411 70 20 sekler
547 1411 119 26 bestående,
682 1417 45 14 som
743 1411 23 19 af
779 1417 25 13 en
821 1411 52 20 eller
887 1419 68 12 annan

204 1446 64 20 orsak
284 1446 90 19 kommit
390 1448 30 17 att
435 1446 50 27 ingå
500 1446 29 19 uti
545 1447 38 19 och
601 1446 115 20 bekräftats
734 1451 77 20 genom
830 1452 25 13 en
873 1453 26 18 ny
916 1447 39 18 för-
