1070 1786
428 163 43 17 Den
486 163 20 18 16
518 163 42 22 Maj.
812 163 43 17 1207

117 222 83 23 tagaren
225 219 50 26 sjelf
293 220 18 25 ej
335 222 34 17 vet
392 220 22 19 af
436 219 95 26 ombytet
546 219 39 20 och
601 219 88 20 sålunda
705 219 18 25 ej
740 219 39 19 kan
797 220 84 19 anmäla

117 253 34 19 det
170 253 52 19 eller
240 255 30 17 att
288 253 40 19 han
345 252 31 20 får
395 253 22 19 så
433 253 84 20 sentida
533 253 151 19 underrättelse
700 253 79 26 derom,
794 255 30 17 att
840 253 39 19 han

117 287 18 25 ej
151 287 75 19 hinner
242 287 82 19 anmäla
340 287 148 25 förändringen
506 287 71 19 förrän
595 287 39 19 han
652 287 104 19 förmodar
771 289 30 17 att
821 287 58 19 faran

116 320 65 20 redan
198 324 22 16 är
236 321 154 20 öfverstånden.
414 322 47 18 Men
477 321 95 19 inträffar
588 320 26 20 då
630 327 26 13 en
668 321 50 26 fara,
730 321 23 19 så
763 324 23 16 är
796 321 41 19 han
849 323 29 16 ut-

116 357 41 17 satt
182 355 31 19 för
236 355 34 19 det
293 356 55 18 stora
364 355 118 25 äfventyret
497 356 31 18 att
543 354 26 27 gå
585 354 95 26 förlustig
696 355 36 19 allt
747 354 90 26 anspråk
853 354 27 26 på

117 388 135 26 godtgörelse
268 389 31 19 för
314 388 63 20 timad
394 388 71 20 skada.
495 388 41 27 Jag
552 395 61 13 anser
630 388 31 20 för
676 389 63 26 öfrigt
754 391 30 17 att
795 395 31 13 om
839 388 39 20 ock

117 422 125 26 stadgandet
261 422 41 20 kan
318 422 62 20 hafva
398 423 65 26 något
477 422 46 20 skäl
539 422 32 20 för
586 422 39 26 sig,
642 422 26 19 då
683 422 35 20 det
733 425 22 17 är
771 422 60 26 fråga
845 429 33 13 om

117 456 98 26 fartyget,
231 456 35 20 det
282 456 124 20 åtminstone
423 457 19 25 ej
459 456 37 20 bör
512 463 41 19 ega
568 456 133 26 tillämpning
716 456 12 19 å
743 456 73 20 lasten.

185 490 67 20 Herr
267 490 147 20 Molander:
444 490 40 26 Jag
506 490 33 20 för
563 490 41 19 min
629 490 33 19 del
686 490 115 26 tillstyrker
821 492 57 18 anta-

118 524 77 24 gandet
218 524 23 19 af
262 524 116 20 Utskottets
401 524 141 26 betänkande,
566 524 88 19 emedan
678 524 36 19 der
737 524 141 26 uttryckligen

118 559 47 19 står:
186 558 70 20 ”Hvar
275 565 43 14 som
338 558 34 21 det
387 561 60 17 utan
464 558 59 26 laga
539 558 88 20 förfall
643 558 138 26 underlåter”,
797 558 40 20 och
853 558 25 19 de

117 593 23 19 af
153 593 52 19 Herr
221 593 79 19 Kurtén
316 593 126 19 omnämnda
457 593 35 19 fall
503 595 35 17 äro
547 593 43 25 just
601 594 29 18 att
642 592 97 19 hänföras
751 592 30 19 till
792 592 85 24 sådana,

117 633 44 13 som
177 627 7 19 i
199 628 32 22 $:n
248 626 129 26 undantagas
394 633 74 19 genom
485 626 159 26 bestämningen
662 632 33 13 om
706 626 48 26 laga
765 626 76 19 förfall.

185 660 65 20 Herr
271 660 105 21 Kurtén:
406 660 39 26 Jag
465 660 97 20 framhöll
583 660 63 20 också
667 662 29 18 att
716 666 24 13 en
760 660 65 19 sådan
842 666 35 13 an-

117 694 69 20 mälan
201 694 49 20 icke
266 695 63 19 borde
344 694 81 20 fordras
442 694 45 20 med
504 694 100 20 afseende
620 694 12 19 å
650 693 74 20 lasten.
754 694 40 19 För
815 694 63 26 öfrigt

117 731 22 17 är
154 728 33 20 väl
204 730 47 18 sant
266 730 29 18 att
311 735 47 13 man
374 731 23 17 är
414 728 79 20 befriad
508 728 46 20 från
571 728 120 26 äfventyret
710 728 6 18 i
737 727 100 20 händelse
857 728 22 19 af

117 762 48 26 laga
180 762 80 26 förfall;
276 769 44 13 men
335 763 37 25 jag
388 762 66 20 skulle
466 763 49 25 vilja
526 762 63 20 hafva
600 762 39 20 den
652 762 112 20 befrielsen
775 762 102 19 utsträckt

117 796 85 26 derhän,
218 798 31 18 att
264 796 38 20 alls
317 796 62 27 ingen
396 797 96 19 anmälan
509 796 69 20 skulle
594 796 91 20 behöfva
700 798 65 24 göras.
796 796 40 20 Det
855 798 22 17 är

117 830 121 26 egentligen
254 837 57 13 mera
326 830 64 20 sällan
408 837 46 13 man
466 837 92 19 numera,
569 830 27 20 då
607 830 118 26 försäkring
736 830 42 19 ofta
788 829 89 26 begäres

116 869 37 20 per
169 863 94 27 telegraf,
280 863 36 20 hos
332 864 161 19 assuradörerne
505 863 111 26 uppgifver
629 862 168 21 befälhafvarens
807 870 69 13 namn.

116 897 48 19 Man
181 897 111 26 uppgifver
307 897 92 26 fartyget
415 897 38 20 och
469 897 40 20 den
526 897 57 19 klass
595 897 35 19 det
640 897 94 25 innehar,
745 897 39 20 och
795 903 80 14 assura-

117 930 64 20 dören
208 933 64 18 sätter
297 931 98 26 vanligen
419 932 18 25 ej
460 932 6 19 i
482 931 60 26 fråga
557 933 30 17 att
606 931 21 19 få
645 933 48 17 veta
709 931 167 20 befälhafvarens

117 971 69 19 namn,
202 965 70 20 förrän
291 965 117 26 framdeles,
432 969 37 16 när
484 965 186 20 konnässementet
686 965 94 20 kommer
799 965 76 20 honom

115 999 109 20 tillhanda.

183 1033 69 20 Sedan
268 1033 146 20 diskussionen
430 1033 22 20 af
465 1033 66 20 Herr
547 1033 162 20 Talmannen
726 1033 110 20 förklarats
847 1033 28 20 af-

115 1066 75 27 slutad,
206 1067 139 20 framställdes
361 1067 93 26 följande

184 1101 180 26 Proposition:
395 1101 94 26 Antager
511 1101 88 20 Ståndet
621 1104 9 21 $
654 1101 40 20 202
710 1101 65 26 enligt
790 1101 85 20 Utskot-

116 1136 39 18 tets
179 1134 146 21 betänkande?
348 1135 51 19 eller
422 1135 76 19 önskar
521 1135 87 20 Ständet
630 1135 152 20 återremittera
797 1137 31 22 $:n
845 1135 30 19 till

115 1168 107 20 Utskottet
244 1169 7 18 i
274 1169 35 19 det
331 1169 54 25 syfte
408 1169 53 19 Herr
477 1169 78 20 Kurtén
571 1168 82 20 anfört?
669 1169 31 19 De
716 1175 42 13 som
775 1169 50 25 vilja
841 1169 35 19 det

115 1202 55 19 förra
186 1208 60 13 svara
258 1202 36 26 ja,
310 1202 25 20 de
351 1208 42 13 som
410 1202 66 19 önska
493 1202 35 20 det
543 1208 73 14 senare
633 1202 48 26 nej.

183 1236 159 26 Propositionen
360 1236 124 19 besvarades
500 1236 47 19 med
563 1236 156 26 öfvervägande
732 1236 35 25 ja,
779 1236 96 19 hvarföre

114 1269 67 20 såsom
205 1269 98 21 Ständets
327 1270 67 19 beslut
416 1270 142 20 antecknades
578 1271 128 26 antagandet
723 1269 22 20 af
758 1269 117 20 Utskottets

115 1303 133 20 betänkande
264 1304 6 19 i
286 1305 10 22 $
311 1304 47 19 202.

214 1336 28 29 $$
258 1337 101 21 203—234
374 1340 87 22 antogos
478 1339 48 18 utan
543 1337 125 20 diskussion.

215 1370 14 29 $
245 1371 41 20 235.

180 1405 66 20 Herr
261 1405 146 20 Molander:
432 1405 39 27 Jag
487 1405 84 20 förenar
587 1405 42 26 mig
644 1405 6 19 i
667 1405 51 20 Herr
729 1405 76 26 Sjöros'
816 1407 56 18 emot

112 1439 68 20 denna
196 1441 10 22 $
222 1439 80 26 afgifna
317 1440 135 19 reservation.

1048 1248 22 33 id:
1062 1230 5 12 2
