1070 1786
244 146 33 17 972
540 146 41 17 Den
593 146 10 17 7
616 146 42 22 Maj.

222 203 88 20 alldeles
325 203 48 20 icke
390 203 31 20 till
436 204 31 19 att
481 203 178 26 Borgareståndet
676 203 65 20 borde
761 203 74 27 frångå
854 205 121 26 någondera

222 238 23 19 af
259 238 187 26 uteslutningarne.
463 237 39 20 Om
519 237 40 20 den
575 237 65 20 första
655 237 23 20 af
696 235 54 28 dem,
767 237 52 20 eller
834 239 77 20 orden:
928 240 46 19 ”om

224 272 82 26 möjligt
320 271 64 20 redan
401 271 35 20 vid
452 271 75 26 denna,
544 271 51 20 eller
610 272 6 19 i
632 273 66 18 annat
712 272 55 25 fall”,
783 273 83 25 yttrade
880 273 37 26 jag
933 273 42 26 mig

222 306 66 19 redan
304 306 6 18 i
326 305 43 26 går.
400 305 46 19 Den
463 305 66 19 andra
544 305 164 26 uteslutningen,
725 306 106 26 nemligen
852 307 123 25 meningen:

223 339 101 20 ”baserad
345 339 27 25 på
389 339 25 19 de
430 339 98 25 grunder,
548 345 43 13 som
608 339 25 19 de
649 339 23 19 år
690 340 53 18 1868
760 339 85 20 tillsatte
864 340 111 20 komitera-

223 373 25 19 de
258 372 128 26 föreslagit”,
400 379 56 13 anser
466 373 33 25 jag
508 379 50 13 vara
566 372 44 26 lika
618 372 32 20 väl
668 372 97 27 befogad,
782 379 33 13 om
831 373 65 20 också
907 374 70 19 denna

222 407 96 25 menings
327 406 148 20 bibehållande
484 406 49 20 icke
541 409 22 17 är
572 406 23 19 så
609 406 7 19 i
632 409 83 23 ögonen
732 407 91 19 fallande
831 407 93 26 orimligt
932 413 44 13 som

223 441 40 19 den
272 440 52 20 först
332 440 155 20 omförmäldas.
503 440 42 20 Det
553 441 55 19 visar
620 441 33 25 sig
663 440 7 20 i
681 441 116 19 allmänhet
806 448 25 12 en
844 441 132 26 benägenhet

223 474 38 20 hos
275 474 92 20 Stånden
382 474 39 20 och
435 474 124 26 isynnerhet
572 474 37 20 hos
629 474 98 20 enskilda
742 475 142 25 petitionärer,
896 475 33 19 vid
942 474 34 20 be-

223 512 65 23 gäran
305 515 33 13 om
362 508 115 27 lagförslag
493 509 6 19 i
516 510 29 18 ett
561 511 68 23 ämne,
645 509 52 19 eller
713 515 33 13 om
763 509 113 20 komitéers
894 509 82 19 nedsät-

224 544 63 18 tande
314 542 31 20 för
369 542 137 20 utarbetande
529 542 23 20 af
572 542 77 27 förslag
672 543 32 19 till
727 543 69 26 någon
818 543 158 27 lagförändring

225 577 51 19 eller
292 577 64 19 andra
372 577 97 25 åtgärder
485 577 30 19 till
531 576 86 19 allmänt
632 583 56 19 gagn
709 589 24 2 —
755 583 25 13 en
796 577 135 26 benägenhet
948 579 30 18 alt

225 610 44 19 deri
286 609 90 20 instieka
393 610 68 26 någon
479 610 22 19 af
514 610 97 19 Ständets
627 610 51 19 eller
693 611 151 25 petitionärens
857 610 117 26 älsknings-

226 645 39 19 och
288 644 131 26 detaljideer,
443 644 21 19 åt
486 644 86 19 hvilken
596 650 47 13 man
667 644 78 20 önskar
762 645 79 19 bereda
859 645 116 26 framgång.

225 678 63 20 Detta
304 684 61 13 anser
377 678 37 26 jag
430 678 7 18 i
453 678 40 19 alla
509 677 111 20 händelser
636 678 116 26 olämpligt,
768 680 22 24 ty
801 679 35 19 vid
848 679 40 19 den
899 679 76 26 grund-

224 712 44 26 liga
291 712 38 19 och
353 718 123 20 noggranna
498 711 119 27 utredning,
637 718 43 13 som
697 712 35 20 vid
750 712 142 27 beredningen
911 712 23 20 af
948 715 29 17 ett

225 746 114 26 lagförslag
363 746 51 19 eller
438 752 68 12 annan
530 746 104 25 Kejserlig
656 746 130 26 proposition
810 746 31 20 till
860 746 116 20 Ständerne

226 780 110 26 företages,
353 779 65 20 måste
436 779 76 26 många
527 780 180 26 omständigheter
723 780 122 26 upptäckas,
865 787 43 13 som
925 780 50 20 und-

226 814 51 19 fallit
294 814 140 26 petitionären
452 813 51 19 eller
519 813 93 26 Ståndet,
629 813 75 27 många
720 814 109 26 praktiska
848 814 129 26 svårigheter

225 854 57 20 yppa
305 848 31 25 sig
360 848 39 19 och
419 847 76 27 många
514 847 123 20 kollisioner
653 848 46 19 med
717 848 54 20 förut
786 848 98 26 gällande
900 848 75 20 förhål-

225 882 88 25 landen;
337 881 103 25 hvarföre,
464 888 32 13 om
521 883 29 17 ett
569 882 134 25 hufvudsyfte
720 882 51 19 eller
787 884 30 17 ett
835 882 141 19 hufvudämne

225 915 65 19 redan
313 918 23 16 är
351 915 6 19 i
374 917 30 17 ett
426 915 177 26 petitionsförslag
627 916 92 24 nämndt,
744 916 25 19 de
791 917 24 18 af
835 917 140 25 petitionären

225 948 101 20 inflikade
350 948 143 27 detaljförslag
516 949 140 26 ovilkorligen
678 950 52 19 böra
750 950 33 19 vid
801 950 75 26 sjelfva
894 951 81 25 petitio-

226 989 52 12 nens
301 982 113 20 affattande
438 983 104 26 förbigås;
565 983 87 20 sålunda
668 983 64 20 också
748 984 65 20 detta:
833 984 100 20 ”baserad
950 984 26 26 på

226 1016 26 19 de
268 1016 98 26 grunder,
386 1023 42 12 som
446 1016 25 19 de
487 1017 23 19 år
527 1017 53 19 1868
597 1017 85 20 tillsatte
698 1017 132 20 komiterade
849 1018 127 26 föreslagit”.

225 1050 102 19 Hvarföre
348 1050 44 25 just
415 1049 27 26 på
465 1050 61 19 dessa
549 1051 98 26 grunder,
670 1051 27 20 då
720 1051 76 27 många
815 1052 78 26 förslag
909 1052 68 19 blifvit

226 1083 117 26 uppgjorda
366 1083 40 20 och
429 1083 107 26 åsigterna
559 1091 32 13 om
612 1085 35 19 det
663 1091 39 14 ena
718 1085 52 20 eller
785 1086 66 19 andra
867 1086 110 27 förslagets

226 1117 104 20 företräde
354 1117 90 26 troligen
464 1120 55 17 ännu
535 1125 25 12 en
577 1118 56 27 gång
648 1119 86 20 komma
749 1120 66 19 under
833 1120 144 26 granskning?

225 1151 41 26 Jag
289 1158 61 13 anser
373 1151 83 20 derföre
479 1153 30 18 att
524 1152 176 25 Borgareståndet
716 1154 18 24 ej
752 1153 37 20 bör
805 1153 74 27 frångå
897 1154 80 27 någon-

226 1185 51 19 dera
300 1185 22 19 af
344 1185 26 19 de
391 1185 68 25 begge
475 1185 254 27 uteslutningsförslagen,
750 1187 39 19 och
805 1187 35 19 det
855 1187 23 19 så
893 1167 84 51 mycket

226 1218 89 26 mindre,
338 1224 44 13 som
406 1218 69 20 denna
498 1220 156 26 omständighet
672 1220 49 20 icke
741 1220 65 21 borde
822 1223 75 24 utgöra
915 1221 62 26 något

225 1253 76 19 hinder
325 1253 31 18 för
379 1253 122 25 petitionen.
532 1254 75 19 Denna
629 1254 41 19 kan
693 1255 107 26 nemligen
824 1255 83 20 affattas
930 1256 46 19 med

226 1287 40 19 den
283 1286 49 19 vidd
348 1286 39 20 och
404 1287 151 26 utsträckning,
572 1287 58 20 hvari
647 1288 40 19 den
703 1288 70 20 blifvit
787 1289 24 19 af
823 1291 31 18 tre
866 1289 63 20 Stånd
941 1297 35 12 an-

225 1323 76 23 tagen;
317 1320 39 19 och
372 1320 40 19 den
430 1321 190 26 omständigheten,
637 1329 43 13 som
698 1323 36 19 det
748 1323 68 26 tredje
833 1323 86 20 Ståndet
928 1324 48 20 icke

225 1355 87 26 antagit,
328 1354 38 20 bör
382 1354 56 26 utgå,
454 1355 89 19 emedan
560 1355 39 20 den
617 1356 37 19 har
670 1357 73 18 endast
759 1357 34 19 två
809 1357 64 19 Stånd
889 1357 32 20 för
940 1359 37 25 sig.

224 1388 31 19 En
280 1388 126 26 inbjudning
427 1388 46 21 från
498 1381 114 28 Allmänna
634 1390 194 20 Besvärsutskottet
843 1391 31 19 till
890 1391 87 20 Ridder-

224 1421 76 26 skapet
315 1422 38 19 och
370 1421 69 21 Adeln
456 1424 54 18 samt
528 1423 164 26 Bondeståndet,
712 1424 72 19 hvilka
799 1425 81 26 antagit
896 1426 81 24 petitio-
