1070 1786
409 167 41 17 Den
463 167 20 17 21
496 168 42 22 Maj.
785 169 45 18 1309

98 225 84 20 försedd
200 225 46 20 med
264 225 87 25 behörig
366 227 81 23 accept.
477 225 133 20 Säkerheten
620 225 42 20 kan
674 226 28 20 då
713 229 56 17 ännu
781 226 71 21 lemna

97 259 65 26 något
172 259 64 26 öfrigt
247 261 35 18 att.
290 258 72 25 önska,
377 265 47 13 men
434 259 76 19 vexeln
519 262 22 17 är
551 259 126 20 åtminstone
686 260 7 19 i
702 260 85 20 formelt
795 260 54 21 afse-

97 293 54 19 ende
167 293 69 25 säker,
252 293 80 19 hvilket
343 292 40 19 den
394 292 95 20 deremot
504 293 49 19 icke
569 296 23 16 är
607 293 23 19 så
646 293 63 26 länge
720 293 42 21 den
773 294 78 20 saknar

96 329 80 24 accept.
205 326 10 20 I
231 326 151 26 sammanhang
399 326 86 20 härmed
502 326 37 20 ber
551 327 38 25 jag
604 329 30 17 att
644 326 21 20 få
676 327 78 20 föreslå
764 328 86 20 rättelse

95 360 5 20 i
117 363 36 24 ett,
168 367 33 13 om
218 360 64 20 också
297 360 124 26 obetydligt,
438 360 97 26 tryckfel,
551 367 45 13 som
612 360 59 20 torde
688 361 65 20 hafva
765 362 84 26 ingått
838 356 14 36 i

93 394 134 26 stadgandet,
236 394 75 20 sådant
320 394 35 19 det
363 394 23 19 af
391 393 108 21 Utskottet
506 394 139 20 formulerats.
657 394 41 20 Det
707 395 60 20 heter
775 396 72 20 ”euro-

95 428 73 26 peiska
178 428 84 20 länders
274 428 55 19 bank
344 427 39 20 och
400 428 161 25 vexeilplatser.”
587 428 41 20 För
642 430 31 18 att
687 429 37 19 det
734 429 49 20 icke
793 429 54 20 skall

94 462 47 20 leda
149 462 30 20 till
188 462 126 26 otydlighet,
324 461 63 20 borde
396 461 60 20 ordet
464 462 83 20 ”bank”
557 462 66 20 förses
632 462 48 20 med
689 462 159 28 bindningstec-

92 496 48 26 ken,
149 499 21 23 ty
180 496 90 25 troligen
280 496 36 19 har
324 495 38 19 här
370 495 33 19 väl
415 499 80 16 menats
505 496 134 26 bankplatser
647 496 40 20 och
698 497 147 26 vexelplatser.

163 530 66 19 Herr
252 529 108 19 Kurtén:
390 528 40 20 Till
454 528 129 22 bemötande
605 530 23 20 af
649 530 53 20 Herr
725 527 123 30 Öhrnbergs

95 564 147 25 anmärkning,
258 562 110 27 angäende
385 563 39 20 den
441 563 23 20 af
477 564 163 20 Bankutskottet
651 564 101 27 vidtagna
763 564 84 21 föränd-

95 598 47 26 ring
157 598 6 19 i
180 600 10 22 $
207 598 32 25 16,
256 597 37 20 ber
310 597 37 26 jag
362 599 31 17 att
407 597 52 19 först
475 598 22 19 fä
512 598 88 20 hänvisa
614 598 31 20 till
662 598 26 20 de
704 598 6 19 i
726 598 119 20 Utskottets

96 632 88 19 motiver
206 630 116 27 framlagda
342 630 52 20 skäl.
424 630 60 20 Hvad
510 631 100 21 särskildt
634 632 115 20 företrädet
770 632 77 20 mellan

95 665 111 26 uttrycken
222 664 75 20 ”säkra
311 664 85 20 vexlar”
412 665 38 19 och
467 665 120 26 ”personer,
603 666 70 19 kända
688 665 32 20 för
731 665 114 21 redbarhet

95 700 39 19 och
158 698 182 27 vederhäftighet”
363 698 140 26 vidkommer,
525 699 24 20 så
572 703 42 16 tror
631 700 37 26 jag
690 699 112 20 skilnaden
823 702 23 16 är

95 733 81 27 ganska
199 734 67 25 ringa,
290 732 80 20 hvilket
392 733 101 26 tydligast
514 733 55 20 visar
587 734 32 26 sig
639 739 34 14 om
693 740 46 13 man
760 733 86 20 framför

96 767 102 20 hvardera
217 766 139 20 attributerna
375 768 64 18 sätter
450 766 61 20 ordet
531 767 94 25 absolut;
642 769 21 24 ty
680 766 44 20 lika
739 767 47 19 litet
800 773 45 13 som

95 808 47 13 man
158 801 42 19 kan
216 800 21 20 få
252 807 26 13 en
294 800 82 20 absolut
391 800 61 20 säker
468 799 71 27 vexel,
555 801 45 19 lika
616 800 46 20 litet
677 800 41 20 kan
730 807 48 13 man
789 800 57 20 finna

93 842 25 12 en
135 835 82 20 absolut
232 834 132 27 vederhäftig
380 840 83 20 person,
480 837 49 17 utan
545 837 43 17 tror
601 834 37 27 jag
654 836 30 18 att
699 841 47 13 man
758 834 7 20 i
777 834 69 26 begge

92 869 62 20 fallen
178 869 66 19 måste
266 868 69 20 lemna
356 875 44 13 rum
417 868 32 20 för
465 868 173 26 bankstyrelsens
654 868 106 27 pröfning.
790 868 9 20 I
815 870 30 18 ett

93 903 34 20 fall
143 903 37 20 har
195 902 55 21 dock
271 902 116 20 Utskottets
407 902 80 26 förslag
505 902 84 20 absolut
609 902 106 20 företräde
730 902 88 20 framför
833 904 10 22 $

94 938 23 19 16
133 937 7 20 i
155 937 145 26 fullmäktiges
318 936 79 26 förslag
412 936 39 19 och
475 936 36 20 det
526 939 23 17 är
564 936 51 25 deri,
631 939 30 17 att
676 943 34 13 om
726 943 26 13 en
768 942 76 20 person

93 971 95 20 kommer
213 970 46 20 med
283 977 26 12 en
330 969 70 26 vexel,
418 969 62 20 hvars
499 970 75 20 äkthet
593 970 47 20 icke
658 973 22 16 är
702 969 141 21 underkastad

93 1005 63 26 något
170 1004 74 20 tvifvel
260 1004 39 20 och
315 1004 39 19 den
370 1006 24 17 är
410 1003 94 26 utgifven
519 1004 24 20 af
557 1005 68 25 någon
643 1004 45 19 utaf
696 1004 95 26 Europas
802 1004 41 20 för-

93 1041 81 18 nämsta
198 1037 86 26 banker,
304 1037 22 20 så
345 1037 68 20 skulle
434 1038 47 19 med
499 1038 40 19 den
557 1038 142 25 formulering,
715 1044 44 13 som
775 1037 66 20 bank-

92 1073 131 25 fullmäktige
238 1072 62 26 gifvit
314 1071 21 20 åt
350 1073 39 24 $:n,
406 1071 83 20 banken
506 1078 51 13 vara
570 1071 122 20 förhindrad
707 1073 31 18 att
749 1073 93 24 mottaga

91 1108 69 19 denna
176 1106 68 25 vexel,
260 1105 27 27 på
302 1105 66 26 grund
385 1105 61 20 deraf
458 1108 31 17 att
500 1105 103 26 säljarens
613 1105 170 26 vederhäftighet
792 1105 49 20 icke

91 1145 22 16 är
129 1141 63 25 känd,
208 1140 65 20 ehuru
288 1140 7 19 i
306 1139 57 20 detta
373 1139 37 20 fall
421 1139 52 20 hans
485 1139 171 27 vederhäftighet
667 1139 75 20 verkar
752 1139 88 19 alldeles

88 1175 117 27 ingenting.
236 1174 60 19 Hvad
318 1173 56 19 valet
393 1172 24 20 af
432 1173 38 19 ord
493 1173 139 25 vidkommer,
652 1173 24 19 så
696 1176 42 16 tror
750 1173 45 25 jag,
811 1174 31 18 att

91 1216 46 14 man
152 1210 7 19 i
175 1209 58 20 detta
248 1207 34 20 fall
300 1207 36 20 har
352 1206 56 20 svårt
422 1208 31 18 att
467 1209 60 24 säga,
543 1209 30 17 att
588 1207 36 19 det
638 1213 40 13 ena
693 1209 23 17 är
731 1206 108 26 riktigare,

89 1248 26 16 än
139 1244 35 19 det
196 1243 72 19 andra.
298 1241 9 20 I
325 1241 152 20 affärsverlden
501 1241 78 20 förstår
601 1247 48 14 man
669 1241 48 19 med
733 1240 108 27 uttrycket

89 1278 75 20 Ysäker
186 1276 76 21 vexel”
284 1283 27 13 en
334 1275 63 20 sådan
418 1275 69 22 vexel,
507 1281 45 14 som
572 1281 48 14 man
640 1281 61 13 anser
719 1275 33 26 sig
768 1274 71 19 kunna

90 1315 49 17 utan
161 1310 51 26 risk,
233 1313 47 17 utan
300 1312 30 17 att
348 1309 73 20 befara
436 1309 82 26 förlust,
535 1309 128 20 diskontera.
693 1308 41 20 Det
750 1307 23 20 af
784 1308 55 19 Herr

88 1343 111 28 Öhrnberg
221 1343 110 20 anmärkta
353 1343 113 26 tryckfelet
489 1343 38 20 ber
547 1344 37 25 jag
606 1342 64 20 också
690 1344 30 18 att
739 1341 21 20 få
777 1344 61 19 rätta.

88 1382 40 19 Det
149 1383 23 16 är
192 1378 124 27 uppenbart,
334 1380 31 17 att
379 1380 30 17 ett
425 1376 289 27 sammanbindningstecken
738 1376 101 21 bortfallit

87 1416 52 19 efter
154 1413 61 20 ordet
230 1412 88 25 ”bank”,
334 1414 22 23 ty
372 1411 67 20 såsom
456 1411 55 20 Herr
526 1409 112 28 Ohrnberg
653 1410 109 20 förutsatte
777 1410 24 20 sä
815 1414 24 17 är

87 1449 112 25 meningen
215 1446 78 20 ”bank-
309 1446 39 19 och
365 1445 162 26 vexelplatser”.
