1070 1786
234 145 34 18 832
517 143 41 18 Den
571 143 22 18 25
606 143 60 23 April.

214 203 87 26 betinga
315 203 33 26 sig
364 202 77 25 derför,
457 203 49 18 utan
522 203 31 18 att
568 207 47 14 man
631 201 37 20 har
685 201 46 20 skäl
747 202 77 25 antaga
839 203 30 18 att
883 201 26 20 de
920 201 45 20 der-

213 238 85 26 igenom
314 237 61 20 skola
390 236 93 26 betunga
497 235 119 20 sterbhuset
632 241 58 14 mera
705 237 26 18 än
748 235 74 20 hittills
838 236 53 19 varit
902 236 63 20 fallet.

214 271 80 20 Vidare
309 274 23 17 är
347 270 68 27 sagdt,
432 271 31 19 att
477 271 7 18 i
500 269 101 20 händelse
616 269 193 26 boupptecknings-
829 270 39 19 och
884 270 81 20 skiftes-

214 305 99 20 arvodets
336 304 140 26 beräkning
468 298 15 36 i
499 305 90 24 procent
610 302 68 21 skulle
694 303 124 27 upphäfvas,
841 304 57 20 detta
916 310 49 14 vore

215 341 30 18 ett
259 338 85 27 intrång
359 338 7 20 i
383 337 163 27 borgerskapets
561 337 125 27 rättigheter
702 337 39 20 och
757 339 30 18 att
803 338 164 20 medlemmarne

215 373 23 19 af
252 372 94 26 Ståndet,
366 372 70 20 derest
455 372 26 20 de
502 371 97 20 befordra
616 371 126 26 petitionen,
764 371 123 27 derigenom
904 371 63 20 också

215 406 68 21 skulle
306 406 82 20 kränka
411 406 62 20 dessa
494 405 132 27 rättigheter.
654 405 42 27 Jag
719 405 42 20 kan
784 406 19 25 ej
827 405 58 20 finna
904 405 65 26 något

215 440 46 20 skäl
277 440 76 26 härtill,
369 440 90 20 emedan
476 439 143 21 betänkandet
637 439 143 27 uttryckligen
799 439 124 26 innehåller,
939 441 29 18 att

216 474 108 20 städernas
347 474 131 26 borgerskap
502 474 71 26 borde,
596 474 64 20 innan
682 473 72 27 Nådig
769 474 129 26 proposition
914 474 52 19 före-

216 509 74 26 lägges
312 508 124 26 Ständerne,
460 508 61 20 höras
544 508 103 20 huruvida
669 508 154 29 borgerskapet
845 508 77 20 önskar
939 508 29 19 af-

216 545 52 24 säga
284 543 31 26 sig
331 542 26 20 de
373 542 124 27 rättigheter
517 542 32 20 för
564 542 98 20 städerna
680 549 28 13 nu
724 542 98 27 gällande
838 542 129 27 stadganden

218 577 6 19 i
239 579 72 18 ämnet
332 577 104 20 innebära
458 577 37 19 och
513 576 71 20 ikläda
599 577 99 19 städerna
714 577 26 19 de
756 576 152 26 skyldigheter,
924 583 43 13 som

217 610 71 20 blefve
304 617 24 13 en
345 610 51 26 följd
414 610 69 26 deraf;
503 610 39 20 och
561 610 67 20 skulle
649 610 153 27 borgerskapet
823 610 6 20 i
845 610 89 20 flertalet
949 611 23 19 af

217 644 99 20 städerna
338 644 49 20 icke
410 645 50 26 vilja
483 645 73 26 afsäga
578 646 32 26 sig
632 645 25 20 de
674 645 153 26 rättigheterna
843 644 50 20 eller
909 644 61 27 åtaga

219 678 32 27 sig
274 678 26 20 de
323 678 184 27 skyldigheterna,
530 679 23 19 så
573 685 49 13 vore
638 679 79 26 följden
734 679 40 19 den
791 680 30 18 att
836 678 133 27 Regeringen

217 713 19 26 ej
253 712 84 20 komme
353 715 30 18 att
398 713 54 20 fästa
466 713 100 20 afseende
587 713 33 20 vid
636 713 117 27 petitionen
769 713 6 19 i
792 713 40 19 den
853 713 61 19 delen
930 713 39 19 och

219 746 83 21 således
317 748 18 26 ej
352 747 67 20 heller
435 748 117 26 framlägga
563 747 69 27 någon
643 748 131 26 proposition
785 747 7 19 i
803 749 77 18 ämnet.
899 747 71 20 Skulle

218 781 46 20 åter
279 781 91 20 flertalet
385 782 71 20 städer
471 782 113 26 godkänna
600 782 107 26 förslaget,
724 788 47 13 men
787 788 26 13 en
835 781 80 20 mindre
936 781 33 20 del

217 817 57 24 yttra
296 816 32 26 sig
351 816 102 25 deremot,
476 816 23 20 så
522 822 61 14 anser
599 816 37 26 jag
651 816 36 19 det
702 822 51 13 vara
767 822 26 13 en
811 815 90 27 naturlig
919 815 50 26 följd

218 849 66 25 häraf,
307 852 29 17 att
360 856 34 14 om
418 856 25 14 en
466 850 70 26 Nådig
560 850 128 26 proposition
709 850 6 19 i
731 849 162 27 ifrågavarande
915 849 55 27 syfte

219 883 126 26 framlägges
370 884 39 19 och
432 884 117 19 Ständerne
571 884 114 26 godkänna
708 884 129 25 densamma,
864 883 61 20 äfven
944 884 25 19 de

218 917 77 26 städer,
311 923 44 14 som
372 918 54 19 varit
447 919 56 18 emot
522 918 149 26 förändringen
693 917 67 20 blifva
777 919 94 24 tvungna
889 919 30 18 att
934 924 35 13 un-

219 951 99 20 derkasta
332 951 33 27 sig
381 951 48 20 den.
459 951 10 20 I
485 951 26 20 de
527 951 60 20 flesta
603 951 34 20 fall
654 951 96 20 inträffar
765 951 34 20 vid
816 951 123 27 förändring
951 952 22 19 af

219 985 35 26 lag
270 987 30 18 att
322 985 66 27 några
410 992 101 20 personer
532 986 121 26 derigenom
669 985 21 20 få
706 985 118 20 vidkännas
839 985 97 20 förluster
951 987 22 19 af

220 1020 31 19 ett
266 1019 52 20 eller
340 1022 64 17 annat
427 1020 52 26 slag,
503 1020 74 20 medan
597 1020 45 20 åter
657 1020 66 20 andra
740 1019 63 20 undfå
818 1019 115 26 lättnader;
948 1020 23 19 så

221 1054 65 20 också
308 1054 43 19 här.
382 1054 41 20 Det
446 1057 22 17 är
492 1054 130 27 nödvändigt
644 1056 31 18 att
697 1060 81 13 samma
801 1053 116 27 stadgande
934 1054 38 20 blir

220 1088 98 27 gällande
334 1088 7 19 i
356 1088 42 20 alla
414 1088 77 26 städer,
507 1089 23 19 så
545 1090 30 18 att
590 1088 26 20 de
631 1089 27 26 ej,
670 1088 99 20 eftersom
780 1088 26 19 de
818 1087 73 27 önska,
902 1088 71 20 kunna

221 1121 105 21 bibehålla
342 1122 36 20 det
392 1122 77 27 gamla,
485 1122 52 20 eller
552 1123 81 19 ansluta
649 1123 32 26 sig
696 1122 31 19 till
744 1122 36 20 det
794 1128 48 20 nya.
872 1122 100 27 Slutligen

220 1157 39 19 har
274 1156 114 25 anmärkts,
405 1158 30 18 att
449 1157 7 18 i
472 1156 101 20 händelse
592 1157 36 19 det
648 1163 26 12 nu
693 1156 118 20 Ständerne
827 1155 145 28 föreliggande

221 1190 78 26 förslag
321 1190 31 19 till
376 1190 248 26 kommunalförordning
650 1190 38 20 blir
716 1191 94 25 antaget,
836 1189 138 21 kommunens

221 1223 131 28 fullmäktige
376 1224 123 27 derigenom
524 1224 68 20 skulle
615 1224 21 19 få
658 1223 87 27 mycket
763 1225 30 18 att
808 1222 65 21 ordna
889 1224 39 20 och
944 1227 31 17 ut-

222 1259 45 19 föra
282 1258 39 20 och
344 1257 83 20 derföre
450 1258 48 20 icke
519 1258 65 20 borde
605 1257 103 27 betungas
725 1257 47 20 med
788 1259 37 24 att,
841 1257 67 20 såsom
924 1258 49 20 hän-

222 1292 72 20 delsen
317 1291 77 26 blefve,
418 1291 71 21 derest
510 1292 118 26 petitionen
652 1291 90 20 beslötes
767 1291 40 20 och
831 1298 68 13 vunne
918 1293 57 20 Hans

221 1325 119 27 Kejserliga
362 1325 107 27 Majestäts
494 1325 65 27 bifall,
582 1332 55 20 egna
656 1326 32 26 sig
704 1325 22 20 åt
741 1325 86 26 frågans
845 1325 130 29 granskning

222 1360 39 20 och
278 1359 121 27 afgifvande
415 1359 23 20 af
450 1359 100 27 yttrande
566 1359 51 20 deri.
647 1359 41 27 Jag
702 1366 63 13 anser
781 1359 53 20 dock
850 1359 65 20 saken
928 1368 49 13 vara

222 1394 24 20 af
259 1394 41 20 den
316 1394 51 26 vigt,
383 1395 30 18 att
429 1400 26 13 en
472 1393 41 20 slik
529 1393 148 27 betänklighet
687 1394 19 25 ej
718 1393 66 20 borde
795 1393 86 20 komma
893 1394 6 19 i
910 1394 67 28 fråga,

223 1430 49 18 utan
288 1427 38 20 bör
342 1427 48 26 den,
406 1434 33 13 om
456 1427 89 21 Ständet
559 1428 62 26 eljest
631 1434 62 13 anser
704 1427 145 21 betänkandet
859 1434 50 14 vara
920 1430 60 19 värdt
