1070 1786
389 150 42 17 Den
443 150 23 17 30
478 150 63 23 April.
782 149 34 18 839

86 209 147 26 anmärkning,
256 209 36 19 det
313 207 155 20 Sammansatta
489 207 129 26 Justerings-
635 207 38 20 och
690 208 148 26 Expeditions-

88 243 106 20 utskottet.
224 243 41 26 Jag
288 241 66 20 håller
376 241 129 20 fortfarande
529 241 52 26 före,
605 243 29 17 att
649 243 30 18 ett
694 243 98 20 talrikare
809 246 29 17 ut-

87 277 57 20 skott
158 277 55 19 hade
236 275 91 26 erbjudit
346 281 26 14 en
392 277 66 18 större
477 275 102 20 säkerhet
593 275 39 20 och
648 276 100 26 trygghet
763 277 32 20 för
809 280 31 18 att

87 310 123 27 uppdragen
233 309 91 21 blefve
314 305 12 36 i
343 309 42 19 alla
407 308 114 20 afseenden
546 308 27 26 på
595 310 30 18 ett
647 309 192 23 tillfredsställande

87 347 41 17 sätt
142 345 60 19 lösta.
232 344 33 19 Då
287 343 117 20 emellertid
424 342 26 20 de
465 344 32 18 tre
513 342 70 26 öfriga
597 342 92 21 Stånden
705 345 64 19 redan
787 346 51 26 god-

87 379 52 19 känt
160 377 254 21 Talmanskonferensens
437 376 78 26 förslag
531 377 7 19 i
555 376 79 27 frågan,
657 384 67 22 anser
738 380 38 25 jag
797 380 42 26 mig

88 414 51 19 böra
154 412 54 20 afstå
223 412 45 19 från
284 411 38 19 allt
335 410 98 27 yrkande
449 410 26 26 på
491 412 30 18 ett
532 410 100 20 talrikare
643 411 85 27 utskott,
744 413 94 26 isynner-

88 448 35 20 het
138 453 43 13 som
198 446 36 20 det
249 446 31 19 för
296 445 89 26 mången
402 445 23 19 af
438 444 105 20 Ståndens
560 444 136 21 medlemmar
711 446 70 21 kunde
794 448 44 19 blif-

88 488 27 12 va
130 480 97 20 förenadt
250 479 46 19 med
320 479 131 26 svårigheter
469 478 40 20 och
525 478 144 27 uppoffringar
684 482 36 24 att,
737 482 46 19 med
799 482 40 19 åsi-

89 514 123 20 dosättande
228 514 23 19 af
264 514 45 19 sina
328 513 98 19 enskilda
444 513 188 26 angelägenheter,
654 516 127 24 qvarstanna
803 516 37 20 här

89 549 26 19 de
132 548 106 23 månader,
261 553 44 14 som
328 547 62 20 dessa
411 548 90 19 utskotts
522 547 95 26 göromål
633 548 107 21 sannolikt
755 549 85 21 komma

89 585 30 17 att
135 583 104 25 medtaga.
269 582 48 18 Men
333 581 35 20 det
384 581 68 19 finnes
467 584 54 16 ännu
539 588 27 12 en
581 588 69 13 annan
666 583 65 26 fråga,
742 590 51 19 som,
805 591 33 13 om

89 616 65 20 också
169 617 19 25 ej
204 616 35 19 vid
256 616 56 19 detta
322 615 89 25 tillfälle,
420 614 59 20 torde
489 614 87 26 påkalla
585 616 31 19 sin
625 615 84 28 lösning
722 618 39 19 och
772 618 35 20 det
817 622 24 16 är

91 651 72 27 frågan
173 657 33 13 om
216 652 62 18 sättet
286 651 30 18 att
324 649 104 20 honorera
436 649 25 19 de
470 648 178 28 förtroendemän,
662 650 26 20 de
704 652 137 20 medlemmar

89 685 6 19 i
112 685 54 19 både
181 684 129 26 Justerings-
324 683 39 19 och
378 682 256 27 Expeditionsutskotten,
646 690 43 14 som
701 685 44 19 deri
754 686 86 20 insättas

89 719 22 19 af
125 717 183 27 Borgareståndet,
328 717 32 19 för
380 716 40 20 den
440 717 72 25 längre
528 717 31 19 tid
575 718 38 18 och
633 718 35 19 det
683 718 79 26 arbete,
777 720 26 20 de
819 721 21 20 få

89 759 56 20 egna
160 752 22 20 åt
196 751 138 26 landtdagens
349 750 101 27 göromål.
465 751 42 19 Det
522 750 43 20 kan
581 752 104 26 nemligen
700 752 139 28 ifrågasättas,

91 792 33 14 om
141 786 35 20 det
192 788 23 17 är
232 785 47 20 med
294 785 86 19 rättvisa
396 784 39 20 och
451 784 98 26 billighet
565 781 234 37 öfverensstämmande,
811 791 30 17 att

91 820 26 20 de
133 820 75 24 städer,
225 818 82 20 hvilkas
322 820 172 24 representanter
509 818 27 20 de
552 821 44 23 äro,
611 819 60 20 skola
686 820 117 21 vidkännas
814 822 25 20 de

91 854 92 26 utgifter,
199 860 44 12 som
260 852 84 20 dermed
361 855 36 17 äro
416 852 107 20 förenade.
555 852 40 20 Vid
616 853 26 19 de
660 854 134 27 föregående,
810 856 29 20 åt-

92 888 104 19 minstone
219 887 36 19 vid
274 886 39 20 den
330 888 83 17 senaste
432 886 137 25 landtdagen,
585 886 71 27 utgick
672 888 88 19 arvodet
774 889 21 20 åt
811 893 28 16 ut-

91 921 95 20 skottens
202 921 134 19 medlemmar
356 919 54 20 ifrån
426 919 97 26 samtlige
543 920 69 19 städer
627 921 7 18 i
650 921 70 20 landet
735 923 39 19 och
789 930 51 19 upp-

92 957 46 24 togs
156 955 7 20 i
181 954 151 26 sammanhang
356 953 47 21 med
426 953 144 20 kostnaderna
592 954 31 19 för
645 954 98 21 Ständets
765 955 74 22 kansli.

91 989 93 20 Numera
207 988 102 20 bestridas
331 988 34 19 väl
388 988 143 19 kostnaderna
546 988 33 19 för
594 987 103 21 Ståndens
714 989 91 21 kanslier
820 991 23 20 af

91 1023 107 20 allmänna
220 1022 209 26 bevillningsmedel;
452 1028 47 13 men
523 1021 127 21 åtminstone
674 1023 42 26 mig
736 1024 105 21 förefaller

91 1057 36 20 det
143 1056 141 27 tvifvelaktigt
299 1063 33 13 om
348 1056 178 27 Borgareståndet
541 1055 42 20 kan
600 1056 78 26 begära
692 1057 40 20 och
748 1058 93 25 påräkna

91 1093 31 17 att
136 1091 23 19 af
173 1090 196 27 bevillningsmedel
384 1090 80 20 erhålla
479 1090 80 20 arvode
575 1091 32 19 tör
626 1090 96 20 Ständets
742 1092 99 20 medlem-

94 1131 43 13 mar
152 1125 6 18 i
174 1124 126 27 Justerings-
324 1124 39 20 och
386 1124 250 26 Expeditionsutskotten
660 1124 32 20 för
714 1125 57 20 tiden
790 1127 53 20 efter

93 1159 139 26 landtdagens
254 1158 46 20 slut.
329 1158 113 20 Likaledes
465 1157 41 20 kan
530 1157 74 27 frågan
624 1164 33 14 om
677 1158 57 20 detta
753 1161 88 19 arvodes

93 1193 77 26 belopp
186 1192 100 26 möjligen
302 1192 58 26 gifva
374 1192 115 26 anledning
505 1191 30 20 till
551 1192 58 19 olika
624 1192 115 26 meningar.

161 1226 53 20 Herr
229 1226 140 20 Mechelin:
392 1225 41 27 Jag
456 1226 37 19 ber
511 1227 31 18 att
557 1225 22 20 få
599 1226 80 20 biträda
694 1226 147 27 Expeditions-

93 1261 111 20 utskottets
227 1260 77 26 förslag
326 1260 95 25 sålunda,
440 1262 29 17 att
488 1259 35 20 två
539 1259 117 21 ledamöter
671 1261 30 19 till
716 1261 124 28 Justerings-

93 1295 101 20 utskottet
215 1294 39 20 och
277 1293 35 20 två
334 1294 135 26 suppleanter
485 1293 31 20 för
532 1293 63 20 dessa
611 1294 114 20 ledamöter
744 1295 63 20 måtte
823 1297 23 19 af

94 1328 176 27 Borgareståndet
293 1330 61 17 utses.
385 1328 61 19 Hvad
469 1327 64 20 sedan
557 1328 41 20 den
621 1328 23 20 af
661 1329 53 19 Herr
732 1325 111 32 Öhrnberg

93 1363 77 19 väckta
192 1363 59 26 fråga
272 1369 33 13 om
329 1362 156 20 honorerandet
504 1362 22 19 af
542 1361 229 28 Justeringsutskottets
787 1364 56 21 leda-

94 1398 66 18 möter
183 1397 39 19 och
244 1396 135 26 suppleanter
401 1396 32 19 för
456 1396 60 19 deras
539 1396 72 20 arbete
635 1397 53 19 efter
705 1396 139 29 landtdagens

92 1431 41 20 slut
149 1431 139 24 vidkommer,
310 1436 62 14 anser
388 1431 37 25 jag
444 1430 40 19 den
508 1430 23 19 så
551 1433 51 17 nära
616 1430 165 27 sammanhänga
797 1433 47 19 med
