1070 1786
433 157 42 18 Den
487 158 22 17 13
521 158 47 23 Maj.
812 158 44 17 1075

186 215 10 19 I
215 215 51 26 följd
288 215 23 19 af
324 215 61 20 dessa
400 215 69 27 begge
485 216 165 26 omröstningars
666 215 80 26 utgång
761 215 123 20 förklarade

118 249 52 20 Herr
182 249 154 20 Talmannen
347 249 94 26 Ständet,
454 250 46 19 med
513 249 155 27 godkännande
682 249 23 20 af
714 251 42 22 $:ns
768 249 116 26 stadgande

119 283 28 19 uti
167 283 65 19 första
253 285 120 23 momentet,
394 283 62 19 hafva
477 283 84 20 beslutit
576 283 31 19 till
623 283 66 19 andra
704 285 125 17 momentets
841 289 43 13 om-

117 316 155 20 formulerande
291 317 6 19 i
314 316 35 20 det
364 317 61 25 syfte,
441 319 29 17 att
486 319 80 24 protest
581 317 55 27 finge
652 317 6 19 i
674 317 46 19 stad
736 316 95 20 anmälas
847 323 36 13 en-

121 351 45 20 dast
182 351 37 20 hos
234 351 98 19 Notarius
348 350 101 26 publicus.

188 385 112 19 Sessionen
317 384 91 20 slutades
425 385 28 19 kl.
469 385 20 19 2.

347 528 122 30 Måndagen
490 528 41 22 den
554 529 29 21 13
603 528 42 30 Maj

119 589 27 19 kl.
167 590 12 18 5
201 595 17 13 e.
235 595 26 13 m.
277 589 170 19 sammanträdde
463 589 187 26 Borgareständets
666 589 97 24 samtlige
779 588 102 20 medlem-

119 628 50 20 mar,
186 622 48 20 med
250 622 104 26 undantag
369 623 23 19 af
405 622 54 20 Herr
474 623 119 26 Lundberg,
605 629 43 13 som
660 623 80 19 anmält
760 623 31 26 sig
802 628 50 14 vara
862 622 23 19 af

117 656 107 20 inträffadt
238 656 127 20 illamäende
379 656 88 20 hindrad
483 659 30 17 att
529 657 34 19 vid
579 657 185 19 sammmanträdet
781 659 96 17 närvara.

187 690 40 19 Vid
247 690 35 20 det
300 697 27 13 nu
346 690 68 20 skulle
432 691 31 19 till
485 691 72 20 vidare
577 691 128 26 behandling
725 692 102 24 upptagas
843 690 36 19 det

119 723 30 19 till
168 724 40 19 och
227 724 47 19 med
294 726 10 22 $
323 725 26 19 44
369 724 168 27 genomgångna,
558 725 23 19 af
597 724 184 27 Sjölagsutskottet
797 724 81 26 afgifne

119 757 133 20 betänkande
268 758 6 18 i
290 758 114 26 anledning
420 759 23 19 af
456 759 83 26 Nädiga
554 759 158 26 propositionen
735 764 33 14 om
792 765 28 19 ny
839 759 41 25 sjö-

119 791 33 27 lag
167 792 32 18 för
214 792 95 25 Finland,
327 792 102 26 begärdes
445 793 58 20 ordet
519 792 23 20 af

186 825 54 20 Herr
262 826 137 25 Mechelin,
422 832 43 14 som
487 826 71 20 anhöll
577 828 30 18 att
626 826 40 20 den
689 826 132 20 äterstäende
844 826 35 19 be-

123 860 127 26 handlingen
267 860 23 20 af
303 860 57 20 detta
374 860 78 20 ärende
468 861 55 26 finge
539 861 30 19 till
586 860 92 26 följande
694 860 84 26 plenum
795 860 58 20 bero.

187 893 53 20 Herr
256 890 133 30 Öhrnberg
404 895 91 25 yttrade:
507 894 40 27 Jag
558 894 94 20 anhäller
664 897 30 16 att
704 894 20 19 fä
736 894 81 20 biträda
828 893 53 20 Herr

121 927 115 20 Mechelins
256 928 77 26 förslag
352 928 23 19 sä
396 928 85 26 mycket
496 928 67 20 hellre
579 935 44 13 som
636 929 37 26 jag
689 929 7 18 i
712 928 51 25 följd
778 928 23 19 af
815 927 67 20 andra

119 961 207 26 landtdagsgöromäl
342 964 55 17 ännu
412 961 48 20 icke
475 962 55 19 varit
545 962 6 19 i
567 962 83 19 tillfälle
666 963 30 18 att
711 961 21 20 åt
746 961 43 19 alla
805 961 25 19 de
845 961 35 19 de-

120 995 29 20 lar
168 995 23 20 af
208 995 102 26 sjölagen,
328 1001 52 20 som,
401 995 44 20 ifall
462 995 156 27 behandlingen
634 995 61 20 deraf
708 1001 27 13 nu
751 995 130 20 omedelbart

119 1030 112 24 fortsättes,
254 1028 85 20 komma
360 1031 30 17 att
413 1029 65 20 blifva
501 1029 88 19 föremål
612 1029 32 19 för
663 1028 98 20 Ståndets
782 1029 99 26 pröfning

117 1069 55 20 egna
188 1063 40 19 den
244 1062 184 26 uppmärksamhet
444 1062 38 19 och
499 1062 127 25 föregäende
642 1061 137 27 granskning,
792 1068 45 13 som
849 1061 32 20 för

119 1097 46 19 mitt
180 1096 127 27 deltagande
322 1096 7 19 i
345 1096 188 26 öfverläggningen
551 1103 49 12 vore
616 1096 22 19 af
652 1095 76 20 nöden.

187 1130 10 19 I
217 1130 51 26 följd
284 1130 61 19 häraf
359 1129 43 20 blef
416 1130 40 19 den
473 1130 95 19 fortsatta
584 1129 155 26 behandlingen
756 1129 23 20 af
791 1129 87 26 sjölags-

120 1164 102 26 förslaget
236 1163 127 26 uppskjuten
379 1163 31 19 till
426 1163 93 26 följande
535 1163 161 20 sammanträde.

187 1198 53 20 Herr
255 1197 163 20 Talmannen
435 1198 98 25 föredrog
548 1197 113 19 Allmänna
676 1196 205 20 Besvärsutskottets

118 1232 40 20 den
175 1232 11 20 7
203 1232 142 19 innevarande
361 1232 41 25 Maj
419 1231 116 26 bordlagda
551 1231 133 20 betänkande
701 1231 47 20 med
764 1231 116 26 anledning

118 1267 23 19 af
158 1266 105 19 särskilda
278 1266 56 19 inom
350 1265 96 26 samtlige
462 1265 92 20 Ständen
571 1265 76 20 väckta
662 1265 112 26 petitioner
790 1265 90 20 rörande

120 1299 207 27 skollagstiftningen
337 1299 39 20 och
385 1299 277 26 undervisningsväsendets
670 1299 107 20 ordnande
786 1299 6 18 i
801 1299 79 19 landet.

186 1334 10 19 I
212 1336 71 17 ämnet
298 1333 82 20 föreföll
397 1333 91 26 följande
505 1333 124 20 diskussion.

187 1367 53 20 Herr
257 1367 146 26 Wallgren:
419 1367 35 20 Uti
470 1367 35 20 det
521 1367 217 26 petitionsmemorial,
751 1365 130 21 beträffande

120 1401 151 20 skolväsendet
288 1401 6 19 i
310 1401 78 26 landet,
401 1401 38 26 jag
455 1401 53 20 hade
524 1404 50 16 äran
591 1403 29 17 att
635 1401 55 20 inför
706 1400 175 27 Borgareständet

116 1435 118 26 framlägga
253 1435 39 20 och
308 1435 80 20 hvilket
404 1435 67 20 finnes
487 1435 81 27 intaget
583 1435 29 22 uti
637 1435 35 22 det
687 1435 134 22 betänkande
837 1441 44 15 som
