1070 1786
429 156 41 17 Den
483 156 21 17 11
517 156 41 23 Maj.
802 155 44 18 1013

119 215 54 20 skall
197 221 49 14 vara
269 214 63 24 fallet,
357 214 84 19 hvarom
463 214 37 25 jag
521 213 61 26 dock,
601 213 7 19 i
626 213 80 20 saknad
722 213 20 19 af
758 213 87 26 insigter
861 213 6 19 i

120 249 68 19 finska
203 248 91 26 språket,
313 248 19 25 ej
349 248 53 19 varit
417 248 6 19 i
439 247 83 20 tillfälle
541 249 30 18 att
591 247 45 20 med
658 253 55 20 egna
728 249 55 24 ögon
799 247 66 18 öfver-

121 285 50 24 tyga
187 283 49 26 mig.
266 283 41 19 Det
329 288 49 13 vore
402 281 99 26 önskligt,
525 283 30 17 att
574 287 47 13 man
641 281 32 19 för
692 281 41 19 tids
754 280 112 25 vinnande,

119 317 71 19 kunde
210 316 85 20 komma
313 315 53 20 ifrån
386 316 61 19 dessa
466 314 150 27 felaktigheter
632 315 5 19 i
654 314 26 20 de
696 314 67 20 finska
778 314 88 20 transla-

119 352 102 25 tionerna,
236 353 49 17 utan
301 352 29 18 att
346 350 26 19 de
387 349 68 20 skulle
471 349 110 20 föranleda
596 349 29 19 till
641 348 90 20 särskild
747 348 118 20 diskussion

118 384 56 21 inom
190 384 93 21 Ständet.

187 419 61 19 Herr
263 418 94 26 Sjöros:
372 418 41 26 Jag
428 417 95 20 anhäller
538 417 21 20 fä
572 416 113 20 formulera
696 416 42 20 min
750 422 49 20 nyss
810 416 55 26 gjor-

119 454 26 20 da
162 452 154 27 framställning
336 452 93 26 sålunda,
445 454 30 17 att
490 452 26 20 de
531 451 172 26 anmärkningar,
722 450 85 20 hvartill
823 450 40 20 den

118 488 68 19 finska
208 488 71 18 texten
303 486 39 20 kan
366 486 58 26 gifva
444 486 121 26 anledning,
586 486 19 25 ej
621 484 69 20 skulle
708 484 110 20 föranleda
833 484 30 20 till

117 522 120 20 diskussion
254 520 51 20 eller
320 520 72 27 ätgärd
409 520 23 20 af
445 518 95 22 Ständet.

185 556 9 19 I
210 555 69 20 denna
294 554 136 27 formulering
446 554 100 20 förenade
562 554 32 26 sig
610 554 60 19 Herr
686 553 154 26 Tengström.

185 589 87 21 Ständet
288 589 72 25 beslöt,
380 589 27 25 pä
426 588 23 20 af
462 588 61 20 Htrr
541 587 154 20 Talmannen
717 587 60 27 gjord
800 587 61 19 fram-

116 624 106 26 ställning,
238 625 30 17 att
286 623 25 19 de
330 622 172 26 anmärkningar,
522 628 45 14 som
587 622 70 20 kunde
676 624 61 24 göras
756 622 57 19 emot
827 621 34 20 be-

116 658 125 20 tänkandets
256 657 68 19 finska
338 658 52 27 text,
406 657 19 25 ej
441 656 68 20 skulle
523 656 110 20 föranleda
652 656 70 26 :nägon
742 656 119 20 diskussion

115 692 52 20 eller
182 691 74 27 ätgärd
272 691 23 20 af
308 691 94 25 Ständet,
419 692 49 18 utan
484 690 75 20 endast
569 690 67 20 säsom
648 691 152 27 upplysningar
811 690 50 26 ingä

115 726 5 18 i
137 726 133 26 protokollet.
671 741 3 3 3

183 760 32 19 Då
237 766 27 12 nu
286 759 118 27 öfvergicks
428 760 30 19 till
483 760 119 19 diskussion
622 759 22 19 af
661 759 75 26 sjelfva
755 760 26 19 de
799 760 6 18 i
821 761 10 22 $
847 760 12 19 2

115 793 173 21 förekommande
303 794 137 26 stadganden,
456 794 83 25 yttrade
555 794 32 26 sig
604 793 96 20 deröfver

182 828 62 20 Herr
260 828 156 26 Tengström:
432 827 69 20 Ehuru
518 827 106 27 ätskilliga
640 828 80 19 mindre
730 827 129 27 omständig-

115 862 58 20 heter
188 862 75 19 funnes
282 864 29 17 att
325 861 101 20 anmärka
448 862 91 20 rörande
559 862 40 20 den
618 862 161 26 ifrägavarande
799 868 60 20 para-

113 896 80 26 grafen,
210 895 34 20 vill
258 896 38 25 jag
312 895 54 20 dock
381 895 106 26 tillstyrka
505 895 133 20 densammas
658 895 119 26 antagande
792 895 67 26 enligt

112 930 117 20 Utskottets
244 929 140 20 betänkande.
414 929 9 20 I
438 930 159 25 propositionen
612 932 23 17 är
650 930 67 26 sagdt,
733 932 30 17 att
778 931 30 18 ett
819 929 40 20 far-

111 966 37 24 tyg
170 963 54 20 skall
247 969 50 14 vara
317 963 116 20 fulländadt
452 963 46 20 med
522 963 160 27 förbindningar
701 963 34 20 ”af
754 963 44 20 träd
819 963 39 20 och

109 998 68 26 jern”.
208 997 42 22 Att,
266 997 67 20 såsom
349 997 107 20 Utskottet
471 998 74 25 funnit,
561 1000 30 18 ett
606 998 69 26 fartyg
691 997 54 20 dock
761 997 41 20 kan
815 994 43 23 haf-

112 1039 25 13 va
152 1032 159 26 förbindningar
334 1032 74 19 endast
428 1032 22 19 af
468 1033 52 25 träd,
539 1033 52 19 eller
611 1032 40 20 ock
671 1032 74 20 endast
763 1032 24 19 af
802 1032 55 25 jern,

111 1067 60 20 faller
187 1067 23 20 af
224 1067 32 26 sig
271 1066 53 26 sjelf,
340 1066 40 20 och
395 1069 23 17 är
433 1067 23 18 af
469 1067 147 20 erfarenheten
633 1066 33 20 väl
683 1066 83 20 bekant.

177 1101 69 20 Sedan
263 1100 145 20 diskussionen
425 1101 86 20 härmed
527 1101 101 25 afslutats,
646 1101 48 25 blef,
711 1100 25 26 pä
752 1101 73 19 derom
837 1101 22 19 af

109 1135 61 20 Herr
192 1135 152 20 Talmannen
367 1135 115 20 framställd
503 1135 137 26 proposition,
665 1137 5 22 $
691 1135 7 20 2
714 1136 6 18 i
736 1135 118 20 Utskottets

110 1169 133 21 betänkande
259 1169 23 19 af
295 1169 87 20 Ständet
397 1169 102 26 enhälligt
514 1173 101 23 antagen.

212 1202 14 28 $
241 1202 12 21 3
268 1204 74 25 antogs
358 1205 47 17 utan
422 1202 127 21 diskussion.

211 1236 13 29 $
239 1237 17 20 4

177 1271 61 20 Herr
257 1272 152 19 Granström:
427 1272 62 20 Emot
509 1271 159 28 bestämningen
685 1272 6 20 i
707 1272 70 21 denna
793 1275 16 23 $,
825 1275 33 17 att

109 1306 206 26 landtmannafartyg
330 1306 60 20 skola
404 1307 113 19 inskrifvas
532 1307 38 19 hos
586 1307 134 26 Magistraten
732 1307 6 19 i
750 1310 106 17 närmaste

108 1341 52 25 stad,
180 1341 33 18 har
218 1338 221 28 Landtdagsmannen
460 1341 125 26 Rosenberg
601 1348 25 13 m.
644 1341 19 19 fl.
680 1341 82 26 afgifvit
777 1347 26 13 en
821 1341 35 20 be-

107 1374 115 21 tänkandet
238 1373 84 27 bifogad
338 1375 135 25 reservation,
494 1375 87 26 hvilken
598 1376 43 25 jag,
658 1375 126 20 ätminstone
801 1375 55 20 hvad

105 1409 66 26 angär
193 1401 77 31 Äland,
292 1414 61 14 anser
373 1409 62 19 hafva
454 1409 35 20 allt
510 1409 45 20 skäl
575 1409 32 20 för
622 1409 38 26 sig.
691 1409 164 26 Svärigheterna

104 1443 35 20 vid
154 1441 152 28 inskrifningen
327 1443 70 20 kunde
416 1443 53 20 dock
485 1443 6 19 i
508 1443 105 27 väsentlig
629 1443 46 20 män
692 1443 105 26 afhjelpas
815 1450 34 13 om
