1070 1786
235 150 45 18 1212
546 151 41 17 Den
600 151 21 16 16
633 151 43 22 Maj.

216 207 134 27 sakkunnige
370 210 54 23 män,
445 214 73 13 svarar
536 209 37 25 ja,
595 208 39 20 den
651 215 44 13 som
711 215 62 13 anser
789 208 124 26 stadgandet
929 208 50 19 böra

216 241 76 20 ändras
310 242 7 19 i
337 241 35 20 det
390 241 62 27 syfte,
471 244 31 18 att
523 243 74 19 endast
614 249 30 13 en
661 243 64 19 sådan
742 241 53 20 skall
811 241 106 26 tillkallas,
933 247 44 14 sva-

214 282 34 13 rar
264 276 49 25 nej.
718 270 3 2 |

284 308 74 20 Svaret
388 309 50 19 härå
469 309 59 20 utföll
559 310 47 20 med
638 309 157 27 öfvervägande
828 308 149 27 röstpluralitet

215 342 123 20 nekande.

284 376 107 26 Derjemte
411 376 85 26 beslöts,
515 377 35 19 det
569 377 67 20 skulle
654 379 32 22 $:n
705 377 31 20 för
751 376 147 26 undergående
913 375 23 19 af
950 375 25 19 de

214 410 155 26 förändringar,
386 410 83 20 hvartill
485 411 7 19 i
508 411 152 20 ofvanstående
673 410 64 20 måtto
749 410 101 26 beslutits,
861 410 115 20 återremit-

215 445 55 19 teras
286 444 31 19 till
332 444 187 26 sjölagsutskottet.

318 477 30 28 $$
363 478 103 20 236—244
481 481 89 23 antogos
586 481 48 17 utan
650 478 126 21 diskussion.

317 510 14 29 $
347 511 41 21 245.

283 545 67 20 Herr
366 545 169 26 Tengström:
561 545 33 21 Uti
610 548 9 22 $
635 546 47 25 245,
698 551 44 14 som
760 546 22 17 är
794 545 68 25 troget
875 543 99 26 kopierad

216 579 52 19 efter
292 579 98 25 Sveriges
413 585 43 19 nya
479 579 46 26 och,
549 580 66 26 enligt
633 580 87 19 allmänt
738 578 143 24 erkännande,
897 577 80 26 ganska

216 612 141 26 misslyckade
373 612 67 26 sjölag
456 613 23 19 af
492 613 23 19 år
532 614 59 25 1864,
612 614 37 19 har
665 620 25 13 en
707 612 78 20 allmän
801 612 44 26 lag-
862 611 38 19 och
916 613 58 17 rätts-

215 646 68 26 grund
302 646 68 20 blifvit
390 646 128 27 öfverträdd,
534 648 6 19 i
556 647 101 20 afseende
673 647 12 19 &
702 645 157 21 bestämmande
875 644 22 20 af
910 644 66 20 forum

214 680 7 18 i
242 678 103 21 brottmäl.
375 679 41 19 Det
434 682 23 17 är
477 686 26 14 en
523 680 56 20 känd
599 680 44 25 sak,
660 682 30 17 att
706 678 105 26 brottmål,
827 679 82 26 ringare
925 678 51 20 eller

215 712 139 26 betydligare,
374 712 60 20 skola
457 713 116 20 behandlas
596 714 12 19 &
632 714 169 26 gerningsorten,
824 712 83 20 hvarest
928 712 47 19 vitt-

215 752 40 13 nen
272 746 39 19 och
327 752 69 14 annan
413 747 113 27 utredning
542 750 22 17 är
579 749 30 18 att
625 747 66 27 tillgå;
707 746 40 21 och
763 746 67 20 såsom
841 746 93 20 hörande
945 746 29 19 till

214 779 32 19 sin
263 779 83 19 hemort
360 779 83 27 räknas,
454 780 66 25 enligt
530 781 88 19 allmänt
628 783 90 23 antagen
730 780 173 26 sjöfartsprincip,
914 780 60 19 äfven

215 812 74 26 skepp,
313 819 43 13 som
379 813 107 21 betraktas
510 814 68 20 såsom
602 816 29 18 ett
655 814 78 27 bihang
757 814 51 20 eller
823 814 107 26 appendix
944 813 30 19 till

215 847 116 19 hemorten.
361 847 41 20 Det
422 850 22 17 är
463 848 40 20 ock
523 855 26 13 en
569 848 56 20 känd
644 848 45 26 sak,
707 850 31 18 att
754 847 26 20 då
795 847 27 26 på
832 847 97 20 utländsk
944 848 31 18 ort

215 883 29 17 ett
262 881 54 19 brott
332 881 67 19 blifvit
415 882 87 19 ombord
517 882 28 26 på
560 884 13 18 t.
589 889 33 13 ex.
638 885 30 17 ett
683 881 88 20 svenskt
786 880 67 27 skepp
865 881 110 26 begånget,

215 915 37 19 har
276 915 39 19 den
340 915 111 20 utländska
473 917 125 26 regeringen
614 916 46 20 låtit
678 915 84 26 fängsla
777 915 39 20 och
832 915 30 20 till
878 915 97 26 skeppets

214 949 99 19 hemland
336 949 74 20 skicka
433 950 40 20 den
498 951 107 26 brottslige
627 951 32 19 för
681 953 31 17 att
734 949 37 20 der
786 949 72 20 dömas
873 949 52 20 efter
941 949 34 20 det

214 983 84 20 landets
312 983 65 26 lagar.
406 984 76 20 Forum
499 985 31 20 för
547 985 41 20 mål
603 985 110 27 angående
731 984 60 26 brott,
807 990 43 13 som
863 983 67 20 blifvit
942 983 33 19 be-

216 1016 84 27 gångna
314 1017 66 20 under
395 1018 99 20 utländsk
509 1025 52 19 resa,
573 1019 37 20 bör
621 1019 83 20 derföre
716 1018 132 25 nödvändigt
858 1023 49 14 vara
918 1017 55 20 dom-

214 1050 40 20 stol
270 1051 12 18 å
298 1051 39 19 den
354 1053 38 24 ort,
408 1052 37 19 der
461 1052 89 26 skeppet
565 1053 83 19 hemma
663 1055 29 16 är.
713 1051 33 20 En
762 1051 63 20 sådan
837 1051 138 26 förändring
963 1046 15 37 i

216 1084 69 20 denna
298 1086 9 22 $
320 1085 38 19 har
370 1085 63 20 äfven
447 1085 68 20 blifvit
528 1088 91 24 antagen
628 1086 23 19 af
657 1085 165 25 Presteståndet,
831 1084 26 27 på
865 1084 109 19 framställ-

215 1119 51 26 ning
278 1119 22 19 af
308 1125 25 13 en
344 1119 142 20 framstående
497 1120 38 19 och
544 1120 57 20 känd
610 1119 135 26 kriminalist,
755 1119 60 19 hvars
824 1118 82 26 uppgift
913 1118 61 19 äfven

215 1155 23 17 är
254 1155 29 17 att
299 1153 120 20 handhafva
435 1154 39 19 den
496 1154 120 20 kriminella
631 1153 210 26 rättsvetenskapens
863 1152 49 19 vård
936 1152 38 20 och

215 1186 54 20 hvad
286 1187 69 19 dertill
370 1187 68 19 hörer.
468 1187 40 26 Jag
523 1189 87 25 antager
625 1189 29 17 att
670 1187 64 19 äfven
750 1185 175 27 Borgareståndet
938 1188 37 16 ön-

214 1218 50 21 skar
286 1226 25 13 en
335 1219 64 20 sådan
412 1220 140 27 förändring,
574 1220 23 19 så
619 1221 30 18 att
671 1220 72 19 denna
765 1221 28 22 $:s
809 1218 64 21 andra
890 1219 84 26 mening

214 1252 84 21 komme
314 1255 30 18 att
359 1253 59 27 lyda:
434 1253 55 20 ”Har
505 1253 164 20 öfverträdelsen
685 1253 59 20 skett
758 1252 65 20 under
837 1259 53 17 resa,
906 1252 69 26 gånge

215 1287 66 20 saken
301 1287 30 20 till
351 1287 55 20 finsk
426 1288 90 19 domstol
535 1288 28 19 uti
582 1288 102 26 fartygets
701 1287 102 19 hemort”.
821 1297 26 3 —
863 1286 57 19 ”Den
936 1288 39 23 ort,

215 1321 31 19 dit
265 1321 40 20 den
326 1321 109 27 brottslige
455 1321 50 20 först
524 1321 114 20 anländer”
654 1324 23 17 är
693 1323 31 17 ett
740 1327 41 20 nog
797 1319 109 26 olämpligt
920 1319 55 20 stad-

214 1355 76 25 gande.
314 1355 130 20 Hädanefter
460 1355 40 19 kan
517 1361 47 13 man
580 1357 70 23 vänta,
665 1356 31 18 att
712 1353 146 20 hemkomsten
875 1359 41 20 nog
932 1354 42 19 ofta

215 1388 94 19 kommer
324 1390 30 17 att
365 1387 42 20 ske
423 1388 27 26 pä
462 1389 89 25 jernväg
567 1389 58 19 öfver
640 1388 30 20 S:t
685 1387 128 26 Petersburg
829 1387 39 20 och
879 1387 95 27 Wiborg,

215 1421 39 20 och
270 1421 36 20 det
320 1427 51 13 vore
386 1421 52 19 visst
454 1417 85 30 mycket
554 1421 109 26 olämpligt
679 1427 35 14 om
731 1421 143 20 häradsrätten
893 1421 6 18 i
918 1421 56 20 Kivi-
