1070 1786
406 150 41 19 Den
460 153 21 16 22
495 151 62 24 April.
800 154 34 17 779

170 210 61 19 Hvad
247 210 45 19 åter
307 209 131 20 vidkommer
458 210 77 25 sjelfva
554 210 115 20 innehållet
689 211 23 19 af
731 213 124 19 reservatio-

104 250 49 19 nen,
169 243 23 20 så
208 243 66 20 måste
290 244 34 25 jag
339 243 7 19 i
362 243 67 20 likhet
446 243 46 20 med
508 244 80 19 Herrar
599 244 125 20 Gummerus
735 245 39 20 och
786 245 68 27 Teng-

104 280 64 17 ström
184 277 97 26 afstyrka
295 277 36 19 allt
346 277 123 20 biträdande
491 278 24 19 af
529 278 40 19 den
589 278 61 26 åsigt,
671 285 44 13 som
734 279 69 26 ligger
823 279 31 20 till

105 311 67 26 grund
188 312 31 18 för
234 311 129 19 densamma.
378 310 40 26 Jag
434 310 58 20 delar
509 311 6 19 i
532 311 41 19 allo
589 311 52 20 Herr
657 312 136 26 Tengströms
811 319 44 13 om-

106 346 62 19 döme
184 345 79 25 derom,
280 346 27 18 att
325 346 29 18 ett
369 344 74 20 sådant
459 344 133 20 afskaffande
608 346 47 19 icke
670 345 49 26 kan,
736 353 32 12 om
786 346 69 27 någon

106 379 101 26 förnuftig
231 379 85 25 mening
339 378 44 20 deri
405 378 54 20 skall
478 378 56 26 ingå,
555 379 75 19 förstås
646 379 38 20 och
701 380 65 19 verka
781 386 75 14 annor-

106 413 64 20 lunda
190 416 25 16 än
236 419 45 13 som
301 414 29 18 ett
349 412 91 26 verkligt
461 412 74 20 förbud
553 415 44 17 mot
612 413 78 19 sådana
706 413 150 21 förbindelsers

107 447 106 27 ingående
229 446 118 25 framdeles,
366 446 65 20 ehuru
450 446 58 20 detta
528 446 75 20 förbud
623 447 47 19 icke
691 447 100 21 behöfver
808 454 49 14 vara

110 482 47 19 med
173 480 129 27 uttryckliga
317 480 37 20 ord
370 480 93 20 uttaladt.
495 480 40 20 Om
553 487 46 13 man
616 481 82 20 ändock
714 482 36 19 vill
762 482 97 20 fasthålla

109 516 40 19 den
166 515 60 26 åsigt,
242 516 30 18 alt
288 514 34 20 det
338 514 127 20 fortfarande
481 521 51 13 vore
549 515 75 19 tillåtet
639 517 29 17 att
684 516 72 20 ikläda
775 517 32 26 sig
826 516 31 20 så-

110 550 55 19 dana
180 548 145 27 förbindelser,
344 548 24 20 så
386 548 68 21 skulle
473 556 78 19 genom
573 549 157 26 upphäfvandet
744 550 23 20 af
780 551 26 19 de
822 557 35 13 an-

111 584 83 19 märkta
211 583 145 25 stadgandena
371 583 6 19 i
395 583 25 19 10
443 583 48 26 kap.
515 583 25 19 H.
556 583 23 19 B.
599 590 25 12 en
648 586 42 17 stor
709 585 38 19 och
767 585 31 19 till
814 585 46 19 sina

111 618 76 25 följder
202 616 109 26 betänklig
326 616 62 20 lucka
406 617 6 19 i
432 617 62 26 lagen
515 617 133 26 uppkomma.
679 618 47 20 Man
744 621 67 23 säger,
830 620 31 18 att

111 652 79 19 sådana
212 650 139 21 förbindelser
373 651 128 20 fortfarande
523 651 68 20 skulle
614 652 20 19 få
656 652 71 26 ingås;
754 658 47 14 men
824 652 34 20 vid

112 686 131 26 uppstående
266 686 72 19 tvister
360 685 68 19 skulle
451 691 47 13 man
523 685 67 20 sakna
609 686 34 26 lag
662 686 31 19 för
709 686 114 26 afgörande
840 686 23 20 af

112 720 62 20 dessa
188 720 80 26 tvister,
284 720 121 26 derigenom
422 720 30 18 att
467 726 47 12 man
527 719 88 26 upphäft
628 720 25 19 de
664 720 139 26 stadganden,
815 726 44 14 som

111 754 74 20 hittills
201 754 58 26 legat
274 754 30 19 till
319 753 67 27 grund
403 753 74 20 derför.
510 753 41 19 Det
566 753 58 20 torde
642 754 122 26 medgifvas,
780 756 31 18 att
826 754 35 20 det

112 788 58 26 aftal,
186 794 44 14 som
250 794 46 14 man
318 787 114 20 benämner
453 787 79 26 borgen
553 787 32 19 för
604 794 53 20 egen
674 787 67 25 skuld,
762 790 22 17 är
800 788 6 19 i
822 788 39 20 och

114 822 32 19 för
165 822 33 26 sig
221 822 76 20 tillåtet
315 821 39 20 och
376 827 25 13 en
424 821 102 26 handling
545 821 127 26 fullkomligt
692 821 102 27 hederlig.
825 822 38 19 Att

114 856 97 26 förbjuda
230 856 70 19 direkt
317 855 51 20 eller
386 855 93 19 indirekt
498 861 26 13 en
545 854 60 26 dylik
625 855 101 26 handling
745 855 48 25 kan,
809 855 54 20 efter

115 890 46 19 mitt
177 889 143 26 förmenande,
336 888 47 20 icke
399 888 104 20 förklaras
520 895 23 12 ur
558 889 114 26 förnuftiga
686 889 53 19 skäl.
759 890 41 19 Det
810 889 53 25 skäl,

116 930 44 13 som
182 923 90 20 bestämt
290 922 157 20 Bondeståndet
466 922 35 19 vid
521 925 83 16 senaste
623 923 101 26 landtdag
742 923 38 19 och
801 923 61 19 äfven

115 957 106 20 föranledt
240 957 57 19 Hans
316 957 97 24 Majestät
432 958 30 17 att
481 956 7 19 i
507 956 137 26 inledningen
666 956 30 19 till
711 956 40 20 den
770 957 94 26 proposi-

116 992 51 25 tion,
190 997 44 14 som
260 991 32 19 vid
313 990 90 20 nämnde
423 990 101 26 landtdag
540 990 118 25 framlades,
674 990 111 20 framhålla
801 991 64 25 sagde

115 1025 135 20 rättsinstitut
268 1025 68 19 såsom
357 1024 64 26 något
441 1024 95 25 menligt,
556 1030 37 13 var
611 1023 121 27 pätagligen
752 1024 40 20 den
813 1024 53 20 erfa-

117 1059 81 25 renhet,
214 1065 45 13 som
275 1059 51 18 hvar
341 1057 39 20 och
396 1064 26 13 en
438 1057 36 20 fått
491 1060 52 23 göra
559 1057 108 27 angående
683 1058 104 25 följderna
805 1058 23 19 af
841 1065 25 12 en

118 1093 66 20 sådan
207 1092 139 24 förbindelse;
370 1098 47 13 men
441 1091 39 20 den
505 1091 70 26 insigt,
599 1097 42 14 som
661 1092 111 25 erfordras,
791 1092 32 19 för
839 1094 30 17 att

119 1127 94 20 undvika
233 1125 145 26 förbindelser,
399 1131 44 14 som
463 1125 73 19 kunna
554 1125 94 20 medföra
666 1125 74 26 dylika
757 1125 110 26 påföljder,

119 1161 41 20 den
176 1161 42 19 kan
235 1160 129 27 lagstiftaren
380 1159 47 20 icke
444 1159 97 26 bibringa
558 1159 158 27 medborgaren.
747 1159 40 20 Det
805 1163 23 16 är
839 1162 30 17 ett

120 1197 65 17 annat
200 1194 69 20 medel
292 1193 110 20 samhället
420 1193 32 19 för
467 1193 58 20 detta
541 1193 97 20 ändamål
655 1193 37 20 bör
708 1194 71 19 anlita.
809 1194 59 19 Erfa-

121 1229 102 20 renheten
240 1228 37 20 har
293 1230 96 24 nogsamt
404 1228 66 19 under
486 1227 99 20 förflutna
603 1227 131 20 århundrade
750 1227 120 27 ådagalagt,

121 1266 30 18 att
165 1263 139 26 lagstiftaren,
319 1262 27 19 då
360 1262 41 19 han
418 1268 76 20 genom
510 1261 155 27 inskränkning
680 1262 23 19 af
712 1262 40 19 den
767 1262 105 26 naturliga

120 1297 91 20 friheten
228 1297 48 19 sökt
291 1296 66 20 förmå
372 1296 156 26 medborgarne
545 1295 30 20 till
592 1302 25 13 en
633 1295 40 26 god
686 1295 135 27 hushållning
832 1296 39 19 och

121 1331 55 20 hvad
200 1331 69 20 denna
291 1330 91 26 kräfver,
406 1330 123 26 derigenom
553 1329 48 20 icke
624 1330 74 19 vunnit
716 1329 69 27 någon
802 1336 69 13 annan

122 1365 87 26 påföljd,
232 1367 27 17 än
279 1364 70 20 försök
367 1366 31 18 att
416 1363 92 27 kringgå
527 1363 78 20 sådana
623 1363 138 27 stadganden,
783 1363 40 20 och
839 1363 33 20 det

122 1399 68 20 skulle
205 1398 91 27 troligen
312 1398 65 20 också
392 1398 65 20 blifva
473 1398 40 19 den
529 1398 55 19 enda
599 1397 96 27 verkliga
710 1397 79 26 följden
811 1397 24 20 af
847 1404 26 13 en

122 1433 42 26 lag,
186 1432 138 26 hvarigenom
346 1439 47 13 man
414 1431 95 27 förbjöde
530 1432 58 25 eller,
609 1438 32 13 om
662 1438 48 13 man
734 1431 23 20 så
780 1431 44 26 vill,
844 1431 29 20 af-
