1070 1786
210 169 46 18 1140
510 167 41 18 Den
565 168 21 17 14
598 168 41 23 Maj.

186 225 32 20 för
234 226 118 27 exemplets
367 226 53 19 skull
437 225 66 20 hellre
520 226 93 26 lagligen
630 225 85 20 tilltalas
730 225 39 20 och
785 225 88 20 straffas.
906 225 41 20 Vill

186 259 55 20 dock
258 260 159 20 befälhafvaren
434 261 47 18 utan
499 259 48 27 laga
563 259 41 20 åtal
620 259 42 20 låta
677 259 69 20 denna
762 259 100 20 förseelse
878 260 70 25 aflöpa

187 294 47 19 med
263 293 155 26 extra-judiciel
439 295 67 24 näpst,
525 296 22 16 är
563 293 40 19 han
619 293 69 19 dertill
706 293 123 26 berättigad.
861 293 86 19 Korteli-

186 334 50 20 gen,
256 328 38 26 jag
317 327 83 19 förenar
423 327 42 26 mig
489 326 29 20 uti
541 326 156 20 reservationen
714 326 39 20 och
769 326 116 26 tillstyrker
901 327 46 19 dess

187 361 120 26 antagande
323 362 54 18 samt
392 360 34 19 vill
444 360 68 19 tillika
528 360 75 24 erinra,
614 361 31 18 att
655 360 155 26 Ridderskapet
821 360 38 20 och
872 360 75 26 Adeln,

186 395 109 19 äfvensom
312 394 160 24 Presteståndet,
489 394 79 19 fridens
580 393 134 26 förkunnare,
726 394 81 26 antagit
817 394 129 21 densamma.

256 429 53 19 Herr
329 424 156 30 Öhrnberg:
505 428 40 19 För
564 428 41 19 min
622 428 33 19 del
673 428 90 20 biträder
777 428 37 26 jag
831 428 38 20 den
887 428 60 26 åsigt,

187 464 29 18 att
233 468 25 14 en
276 462 118 20 återremiss
410 462 23 18 af
446 462 69 18 denna
531 461 99 26 paragraf
643 468 50 13 vore
708 461 23 20 af
740 462 67 19 nöden
820 462 38 20 och
871 462 76 19 tillåter

188 496 42 25 mig
254 497 30 17 att
306 497 56 17 emot
386 495 121 19 densamma
531 497 51 23 göra
604 494 92 26 följande
720 494 138 28 påminnelse,
881 496 66 19 som
935 490 17 36 i

187 529 102 20 händelse
307 531 31 21 $:n
362 528 169 26 återremitteras,
552 528 64 20 borde
637 528 23 20 af
677 528 107 20 Utskottet
799 530 35 19 vid
850 530 40 20 den
906 530 40 19 för-

188 563 69 26 nyade
274 563 159 26 handläggning
449 562 35 21 det
499 562 84 20 komme
600 565 29 17 att
644 569 56 20 egna
716 563 122 20 densamma
853 564 93 21 beaktas.

187 597 72 20 Såsom
284 597 64 26 något
371 597 120 20 straffvärdt
514 600 122 16 omnämnes
661 597 136 26 begifvenhet
816 598 26 26 pä
859 597 50 20 bruk
926 598 24 19 af

186 631 72 20 starka
274 631 97 26 drycker.
402 630 38 20 Om
457 631 54 20 dock
528 638 25 12 en
570 632 80 25 sjöman
666 631 127 20 inskränker
809 632 31 26 sig
852 632 30 19 till
895 632 51 20 bruk

186 665 24 19 af
223 664 71 20 starka
311 664 91 26 drycker
417 665 38 19 och
473 666 18 24 ej
508 667 37 24 gör
561 665 32 26 sig
604 664 85 27 skyldig
702 664 31 20 till
745 665 103 19 missbruk
861 666 23 19 af
893 666 53 24 dem,

188 698 66 20 borde
277 698 39 20 han
340 698 20 20 få
383 698 56 20 hålla
461 698 31 19 sin
517 698 96 20 lekamen
637 698 6 19 i
660 698 44 20 fred
721 698 32 20 för
769 698 116 26 kaptenens
901 706 45 20 aga.

187 732 122 26 Uttrycket:
325 732 54 19 ”kan
396 732 40 19 han
453 732 18 26 ej
489 731 88 20 sålunda
591 732 77 19 rättas?
684 732 68 19 skulle
765 733 38 25 jag
814 733 50 25 vilja
875 734 71 26 utbyta

188 769 55 17 emot
268 766 64 19 ”låter
356 766 40 19 han
420 766 32 26 sig
475 766 18 25 ej
517 766 88 19 sålunda
625 766 74 26 rätta”,
715 766 81 19 hvilket
813 767 135 26 uttryckssätt

188 801 60 20 torde
264 800 67 20 bättre
348 802 106 18 motsvara
469 800 38 20 och
524 802 40 17 rätt
579 800 103 26 återgifva
697 800 142 27 lagstiftarens
855 802 91 26 mening.

256 835 41 19 Det
319 834 37 19 har
379 834 71 20 vidare
475 834 99 20 förefallit
595 834 41 27 mig
660 834 62 27 högst
737 835 78 26 vidrigt
830 837 35 24 att,
881 835 66 27 enligt

187 869 54 19 hvad
259 868 54 20 både
329 868 156 26 propositionen
503 868 38 20 och
560 868 142 20 betänkandet
712 869 108 25 innebära,
833 869 112 19 besättnin-

187 909 41 20 gen
247 902 27 26 på
292 902 92 25 fartyget
403 907 49 14 vore
473 901 85 26 skyldig
577 903 29 18 att
623 901 42 20 låta
681 901 96 27 begagna
793 902 31 26 sig
840 909 43 13 som
899 909 46 20 pro-

187 937 43 19 foss
250 937 34 19 vid
306 936 25 19 de
352 935 145 25 exekutioner,
518 935 86 20 hvarom
625 937 31 22 $:n
673 935 57 20 talar.
762 936 68 19 Anser
846 930 99 26 befälhaf-

187 977 63 12 varen
268 971 72 25 nödigt
356 972 30 17 att
401 970 32 19 för
449 976 24 13 en
490 970 91 25 sjömans
593 969 173 20 tillrättavisande
777 970 81 19 tilldela
869 970 75 20 honom

187 1011 47 20 aga,
256 1004 48 19 ville
322 1005 44 24 jag,
388 1003 26 26 pä
434 1005 41 18 sätt
493 1003 61 19 äfven
571 1005 134 18 reservanten
722 1003 115 27 föreslagit,
854 1004 41 20 läta
911 1004 34 20 be-

187 1038 129 19 fälhafvaren
333 1037 50 26 sjelf
401 1037 112 20 verkställa
529 1037 148 20 exekutionen.
709 1037 61 20 Såväl
787 1038 28 19 uti
833 1038 112 20 betänkan-

187 1072 36 19 det
239 1078 43 13 som
300 1072 156 19 reservationen
473 1071 140 20 förekommer
629 1074 30 17 ett
674 1071 91 26 uttryck,
777 1078 43 13 som
836 1073 32 18 väl
878 1073 68 25 ljuder

190 1107 42 24 bra,
249 1112 46 13 men
313 1105 27 26 på
356 1105 62 20 hvars
442 1105 131 26 tillämpning
595 1106 37 25 jag
653 1106 43 25 just
719 1105 47 20 icke
793 1106 88 26 hoppas;
907 1106 37 20 och

188 1140 35 19 det
244 1142 23 17 är
287 1141 30 18 att
335 1139 47 19 ”vid
403 1139 164 26 bestraffningen
590 1139 53 20 skall
660 1139 64 26 nödig
740 1139 117 20 hofsamhet
871 1140 74 19 iaktta-

187 1174 57 26 gas”.
280 1174 56 18 Huru
360 1180 25 12 en
410 1173 95 19 verksam
530 1173 137 26 bestraffning
690 1173 23 19 af
733 1173 160 26 ifrågavarande
915 1177 31 16 art

188 1208 53 19 skall
263 1207 42 19 låta
320 1207 74 19 förena
410 1207 30 26 sig
458 1207 46 19 med
520 1206 117 20 hofsamhet
652 1207 39 19 och
707 1207 93 20 hurudan
817 1208 70 19 denna
902 1208 43 19 hof-

187 1241 81 20 samhet
285 1241 36 20 bör
338 1247 55 20 vara,
410 1241 31 19 för
456 1243 29 17 att
501 1241 70 19 kunna
587 1241 90 26 förtjena
689 1242 102 25 epithetet
805 1242 70 25 nödig,
887 1242 58 19 torde

188 1282 49 13 vara
260 1275 56 20 svårt
339 1274 54 20 både
417 1277 28 17 att
469 1274 64 20 förstå
556 1275 38 19 och
614 1277 31 17 att
660 1275 5 19 i
683 1275 145 26 verkligheten
845 1277 53 18 rätta
914 1277 31 26 sig

188 1310 63 24 efter;
272 1308 96 21 hvarföre
385 1308 42 26 mig
443 1314 62 19 synes
521 1310 30 17 att
569 1308 47 19 hela
632 1308 70 19 denna
716 1309 99 26 grannlåt
830 1309 70 20 kunde
916 1312 29 17 ut-

187 1343 33 26 gå.
251 1342 170 19 Vidkommande
441 1342 74 25 sjelfva
534 1341 72 26 saken,
622 1341 64 26 hyser
698 1343 40 26 jag
754 1343 55 20 vissa
825 1343 71 20 tvifvel
913 1351 31 13 om

188 1376 185 26 nödvändigheten
394 1375 22 20 af
435 1377 28 18 ett
483 1375 74 20 sådant
577 1375 79 20 medels
676 1376 107 20 anlitande
799 1383 43 13 som
859 1377 85 27 kropps-

187 1417 46 19 ava,
249 1417 47 12 men
313 1409 68 20 skulle
397 1409 53 20 dock
467 1409 47 20 icke
530 1409 63 20 tveka
608 1411 30 18 att
649 1410 126 20 tillerkänna
787 1411 157 20 befälhafvaren

186 1444 101 27 rättighet
307 1443 30 20 till
358 1444 48 19 dess
427 1444 146 26 användande,
593 1450 33 13 om
644 1445 38 25 jag
698 1444 69 21 kunde
784 1445 115 26 förutsätta,
914 1448 30 17 att
