1070 1786
222 157 33 18 752
505 157 40 18 Den
557 157 22 17 20
591 156 59 24 April.

201 215 71 20 känna
288 216 29 18 att
332 215 193 20 kautionssumman
542 215 62 20 äfven
620 215 70 20 skulle
710 217 74 24 utgöra
807 215 98 20 säkerhet
923 215 32 20 för

201 248 108 21 enskildes
324 249 104 20 förluster.

268 283 53 19 Herr
336 282 126 20 Kiseleff:
484 283 41 26 Jag
544 283 37 19 ber
603 285 30 17 att
651 283 21 19 få
688 283 137 26 understödja
843 284 52 19 Herr
912 291 40 12 von

203 317 144 27 Zweygbergs
370 316 85 27 förslag,
477 319 32 17 att
528 317 65 20 orden
612 317 20 19 ”i
651 317 38 19 här
706 317 62 20 ofvan
784 318 87 19 nämndt
886 318 67 26 syfte”

202 351 68 19 skulle
287 357 22 13 ur
326 350 145 20 betänkandet
486 351 55 27 utgå.

269 384 54 20 Herr
338 384 155 26 Björksten:
520 380 69 25 Åfven
609 386 38 26 jag
664 385 37 20 ber
724 387 30 17 att
776 384 21 20 få
819 385 135 26 understödja

204 419 58 19 detta
277 418 77 26 förslag
370 418 39 20 och
425 420 29 18 att
470 418 74 25 tillika,
560 419 31 19 för
607 419 137 20 undvikande
763 419 23 19 af
804 418 150 26 missförstånd,

204 452 94 26 tillägga,
314 454 30 18 att
356 453 37 26 jag
409 452 92 20 uttalade
517 453 43 26 mig
576 455 42 17 mot
633 453 41 19 den
691 454 6 18 i
714 453 143 20 betänkandet
872 453 82 19 införda

206 486 140 26 bestämning,
362 488 30 18 att
407 486 127 20 koncession
550 487 48 20 icke
613 486 68 21 skulle
697 489 50 18 utan
765 487 144 27 Regeringens
926 487 29 20 bi-

204 520 36 20 fall
256 520 21 20 få
292 520 30 20 till
338 527 69 13 annan
423 520 119 26 öfverlåtas,
558 521 27 26 på
600 521 39 20 den
656 521 69 26 grund
740 523 31 18 att
783 521 37 27 jag
835 521 65 27 ansåg
914 521 38 20 Re-

205 555 102 27 geringen
323 555 6 19 i
346 554 72 27 hvarje
434 555 36 20 fall
486 555 72 20 kunna
573 554 85 21 säkrare
676 554 112 21 bedömma
802 555 26 20 de
840 555 116 20 materiella

206 593 26 16 än
249 589 25 19 de
291 589 113 19 moraliska
427 590 134 25 garantierne
584 590 37 19 hos
644 589 184 20 koncessionären.
859 589 39 20 Om
914 589 40 20 den

206 630 45 13 som
266 622 91 20 ansöker
380 622 127 21 koncession
533 623 79 20 lemnar
632 623 46 19 fullt
694 623 128 26 tillräckliga
841 623 114 19 materiella

206 657 113 27 garantier,
345 656 59 20 torde
427 657 153 20 koncessionen
604 657 50 20 böra
676 658 78 19 honom
778 657 94 25 beviljas,
893 657 61 19 äfven

206 698 34 13 om
264 691 134 26 Regeringen
422 690 41 20 kan
494 691 63 20 hafva
586 691 81 19 mindre
695 691 41 19 fast
758 690 141 27 öfvertygelse
922 698 33 13 om

208 726 25 19 de
257 725 114 20 moraliska
392 725 113 26 garantier,
535 732 44 13 som
605 725 180 20 koncessionären
811 724 41 20 kan
880 725 75 20 lemna.

207 760 41 20 Det
262 762 24 16 är
301 758 176 27 hufvudsakligen
493 759 28 26 på
536 759 25 20 de
578 759 115 20 materiella
708 759 134 26 garantierna
858 765 43 13 som
916 759 40 20 Re-

208 794 102 27 geringen
327 793 37 20 bör
380 792 61 21 ställa
456 793 30 19 sin
503 793 92 20 fordran.

274 827 53 20 Herr
342 827 127 26 Procopé:
492 827 32 19 Då
543 828 38 25 jag
603 826 47 21 icke
673 827 42 19 kan
739 827 57 20 finna
811 828 30 18 att
856 827 64 19 orden
936 828 20 19 ”i

209 862 37 20 här
262 861 62 20 ofvan
341 861 87 19 nämndt
443 860 75 27 syfte”,
535 867 32 13 om
585 861 25 19 de
625 861 79 19 införas
716 861 28 19 uti
756 861 123 26 petitionen,
890 861 67 20 skulle

209 895 31 20 för
256 895 132 26 Regeringen
404 894 102 20 innebära
521 896 30 18 ett
567 894 121 27 ovilkorligt
704 894 56 20 band
775 896 30 18 att
825 895 34 19 vid
876 895 80 20 utarbe-

209 929 73 20 tandet
297 929 23 20 af
333 928 136 27 lagförslaget
485 930 92 25 upptaga
591 928 41 20 alla
647 929 29 18 uti
694 929 117 25 petitionen
830 929 127 20 omnämnda

211 963 163 26 bestämningar,
390 963 31 19 får
434 963 37 26 jag
486 962 87 26 påyrka,
589 964 29 18 att
634 963 61 19 dessa
710 962 38 20 ord
768 962 56 25 finge
843 963 29 19 uti
891 963 65 26 petio-

210 1004 41 14 nen
268 997 84 26 qvarstå
366 997 39 19 och
422 999 30 17 att
468 996 142 20 betänkandet
626 996 64 20 måtte
705 998 94 25 antagas.

277 1031 31 20 Då
323 1031 64 26 ingen
403 1031 23 20 af
439 1031 98 20 Ståndets
554 1031 135 19 medlemmar
704 1030 73 20 vidare
789 1030 91 27 begärde
893 1031 65 26 ordet,

211 1065 129 21 framställde
356 1065 53 20 Herr
424 1065 161 20 Talmannen
601 1064 92 26 följande

277 1099 177 26 Proposition:
479 1099 93 26 Antager
595 1098 87 20 Ständet
696 1097 113 21 utskottets
825 1098 134 21 betänkande

213 1175 39 14 von
269 1167 133 27 Zweygberg
411 1167 74 27 gjorda
493 1167 85 26 förslag,
590 1168 29 18 att
630 1166 65 20 orden
707 1166 20 19 ”i
743 1166 37 19 här
795 1166 62 20 ofvan
874 1168 87 19 nämndt

213 1202 67 27 syfte”
296 1202 60 19 skola
371 1208 23 12 ur
411 1200 143 20 betänkandet
570 1200 62 26 utgå?
663 1200 30 20 De
709 1206 45 13 som
773 1200 68 19 önska
856 1200 35 20 det
905 1201 56 20 förra

213 1243 61 14 svara
286 1237 36 26 ja;
338 1236 25 19 de
379 1241 45 14 som
440 1235 112 26 föredraga
568 1235 35 19 det
618 1241 81 18 senare,
715 1235 49 25 nej.

279 1269 160 27 Propositionen
462 1269 128 20 besvarades
613 1268 47 20 med
684 1268 101 20 blandadt
801 1269 24 24 ja
840 1268 39 20 och
896 1269 65 26 nej;
950 1264 14 36 i

213 1305 51 26 följd
281 1304 76 20 hvaraf
378 1303 82 20 anhölls
483 1309 34 14 om
537 1303 40 20 och
593 1302 113 20 anställdes
722 1302 105 26 votering,
843 1309 44 13 som
903 1303 59 20 utföll

215 1339 47 20 med
280 1339 28 19 14
321 1339 27 25 ja
363 1339 57 18 emot
436 1337 29 20 19
483 1337 47 26 nej.

280 1373 54 19 Herr
349 1372 114 25 Procop6
479 1370 72 20 anhöll
568 1377 32 13 om
616 1369 131 27 proposition
763 1369 12 20 &
791 1369 35 20 sitt
845 1369 66 21 under
922 1371 39 20 dis-

214 1407 114 20 kussionen
350 1405 131 20 framställda
503 1404 86 26 förslag,
611 1405 30 18 att
664 1403 28 20 uti
714 1403 110 26 ingressen
841 1403 31 20 till
890 1405 74 25 sjelfva

215 1441 116 28 petitionen
347 1439 68 20 skulle
430 1438 103 28 äberopas
549 1438 26 21 de
591 1437 23 22 af
627 1437 75 20 honom
720 1437 128 21 omnämnda
867 1438 97 29 stadgan-
