1070 1786
206 149 34 17 980
501 147 40 18 Den
554 148 9 16 7
577 147 41 24 Maj.

250 205 54 20 Herr
319 204 126 21 Boström:
467 205 41 20 För
528 206 42 21 min
591 205 34 20 del
646 205 60 20 utber
722 204 36 28 jag
775 206 43 26 mig
836 205 21 20 få
871 206 63 26 påpe-

184 239 28 20 ka
227 239 98 20 ärendets
349 238 132 21 brådskande
502 239 153 25 beskaffenhet,
674 239 125 26 isynnerhet
813 246 45 13 som
874 240 61 20 dessa

184 273 55 20 tider
254 273 78 26 förslag
347 273 7 19 i
371 274 84 18 motsatt
470 273 55 25 syfte
540 273 60 20 torde
616 273 85 20 komma
716 275 30 18 att
764 273 30 19 till
815 274 56 19 Hans
887 274 47 25 Kej-

184 306 78 26 serliga
280 306 97 26 Majestät
398 306 55 26 ingå,
473 306 98 20 hvarföre
583 307 44 26 .jag
642 313 62 13 anser
720 309 30 17 att
764 307 88 19 ärendet
871 307 64 20 borde

184 340 65 20 redan
266 340 34 19 vid
317 342 59 17 nästa
392 340 154 20 sammanträde
563 340 121 20 behandlas.

252 374 54 20 Herr
322 374 164 26 Tengström:
510 368 20 25 Å
553 374 42 19 min
618 374 46 19 sida
686 374 94 20 önskade
797 375 36 25 jag
853 374 83 26 påpeka

186 408 154 19 betänkandets
355 410 57 18 stora
426 408 45 26 vigt
485 408 39 19 och
541 407 117 26 betydelse,
674 408 69 19 såsom
759 410 29 17 ett
803 408 45 20 skäl
864 408 31 19 för
909 414 25 13 en

183 442 74 25 längre
275 441 159 27 bordläggning,
450 443 23 24 ty
488 441 105 20 ”brådska
609 441 39 20 och
663 442 48 18 väl”
728 442 51 25 vilja
794 442 18 25 ej
829 442 58 19 alltid
897 441 37 20 föl-

182 476 34 25 jas
231 474 28 20 ät.
289 475 27 19 Vi
339 475 62 19 hafva
423 475 32 20 för
477 475 132 19 närvarande
630 475 61 20 äfven
711 475 227 26 Sjölagsbetänkandet

186 508 114 27 bordlagdt
322 509 31 19 till
376 511 60 17 nästa
457 509 92 26 plenum,
572 508 81 20 hvilket
668 509 135 19 betänkande
819 516 41 19 nog
878 511 58 23 tager

186 543 31 19 sin
234 543 30 19 tid
280 545 29 17 att
325 543 101 26 granska;
442 543 97 20 hvarföre
552 544 37 25 jag
609 550 61 12 anser
688 543 36 19 det
743 543 150 19 ändamålslöst
907 545 30 17 att

186 577 65 20 redan
266 577 36 20 vid
319 580 60 17 nästa
394 577 153 20 sammanträde
563 577 95 26 företaga
669 584 27 12 nu
708 577 159 26 ifrågavarande
877 579 59 17 ären-

186 611 33 25 de,
236 611 38 19 och
291 611 36 19 vill
342 611 84 20 förorda
442 611 47 20 dess
503 611 157 26 bordläggning
675 610 32 20 till
723 611 64 19 första
806 610 84 26 plenum
907 610 29 20 ef-

186 646 31 18 ter
233 644 44 20 åtta
292 644 75 26 dagars
382 644 89 26 förlopp.

255 678 54 20 Herr
323 678 144 26 Wallgren:
490 678 31 20 Då
543 678 116 26 petitionen
683 680 23 17 är
731 678 23 19 af
773 680 42 17 stor
842 677 49 27 vigt,
914 678 23 19 så

186 712 69 20 skulle
276 712 37 26 jag
335 712 67 19 önska
424 714 30 17 att
476 712 40 19 den
540 712 111 20 bordlades
666 712 32 18 till
713 711 113 26 lördagens
846 711 90 26 plenum.

187 746 83 26 Nådiga
285 746 155 26 propositioner
456 746 65 19 måste
534 746 23 25 ju
573 745 27 27 gå
615 745 45 19 före
675 752 27 12 en
721 745 96 26 petition,
840 751 47 13 men
904 745 35 20 det

188 779 72 20 kunde
283 780 69 19 hända
374 781 30 18 att
424 786 47 13 man
487 779 26 19 då
529 779 62 19 äfven
607 779 69 19 hunne
693 778 48 20 med
757 778 75 20 denna.
863 778 38 20 Om
918 779 20 19 vi

186 814 44 19 låta
246 813 47 20 med
309 814 127 25 petitionens
453 813 128 26 behandling
604 813 50 19 bero
675 812 32 20 till
723 812 47 20 dess
785 813 41 19 alla
844 813 93 25 proposi-

188 848 68 19 tioner
271 850 36 17 äro
322 847 170 27 genomgångna,
515 847 23 19 så
557 846 75 20 blifver
652 847 40 19 den
708 846 109 26 företagen
836 847 51 19 först
902 847 35 19 vid

187 882 140 25 landtdagens
343 881 47 19 slut:
419 881 110 19 Dessutom
546 880 86 20 hindrar
645 881 23 25 ju
684 880 53 19 intet
752 882 36 23 att,
804 880 44 19 ifall
869 881 69 19 denna

189 915 88 26 petition
301 915 48 19 icke
368 915 76 19 hinner
459 915 105 26 företagas
581 921 32 12 om
631 914 79 26 lördag,
727 914 40 19 den
783 914 76 20 blifver
873 916 63 25 ytter-

187 949 67 26 ligare
271 948 109 27 bordlagd.

256 983 54 19 Herr
332 982 84 20 Julin:
441 982 9 19 I
473 982 34 20 det
529 982 62 19 äfven
615 983 37 25 jag
675 981 88 20 föreslår
786 981 153 20 betänkandets

190 1016 154 27 bordläggning
367 1016 30 19 till
420 1016 111 26 lördagens
555 1016 161 25 sammanträde,
733 1016 35 19 vill
781 1016 37 26 jag
837 1016 101 25 derjemte

189 1050 121 25 framställa,
327 1050 101 19 huruvida
448 1050 35 19 det
499 1051 18 25 ej
534 1057 50 13 vore
604 1050 45 20 skäl
666 1052 36 23 att,
718 1050 27 19 då
761 1050 20 19 vi
796 1049 65 20 redan
877 1050 62 19 hafva

189 1084 36 19 det
240 1084 110 26 vidlyftiga
367 1084 142 20 betänkandet
524 1091 33 13 om
573 1084 95 26 sjölagen
684 1086 30 17 att
722 1083 119 26 handlägga
852 1083 45 26 och,
909 1084 30 19 in-

189 1124 41 13 nan
249 1118 36 19 det
307 1118 75 19 hunnit
404 1118 121 26 genomgås,
553 1118 99 26 frågorna
674 1125 33 12 om
732 1117 128 20 kommunal-
887 1119 53 18 samt

189 1152 276 25 bränvinsförordningarne
488 1151 106 20 sannolikt
615 1151 114 25 inkomma,
753 1151 87 20 Ständet
860 1151 79 20 beslöte

190 1188 30 17 att
234 1186 42 19 alla
292 1185 148 19 betänkanden
456 1186 5 18 i
479 1186 86 19 enklare
588 1185 51 20 eller
663 1185 82 19 mindre
768 1184 111 27 vidlyftiga
899 1185 39 19 frä-

188 1226 38 20 gor
242 1219 68 20 skulle
327 1219 113 20 behandlas
456 1220 151 26 plenidagarne
622 1219 28 26 pä
665 1218 168 26 eftermiddagen
849 1221 53 16 samt
913 1218 25 20 de

189 1256 66 17 större
278 1253 27 26 pä
327 1253 176 26 förmiddagarne.
534 1254 40 19 Det
593 1257 21 16 är
634 1255 7 17 i
656 1252 219 20 öfverensstämmelse
893 1252 46 19 här-

191 1288 47 19 med
252 1288 37 25 jag
305 1287 95 20 anhåller
415 1293 33 14 om
465 1287 57 20 detta
538 1287 89 20 ärendes
638 1287 156 25 bordläggning
805 1286 32 19 till
848 1286 92 26 1ördags-

190 1321 174 26 eftermiddagen.

257 1355 54 20 Herr
327 1355 138 19 Mechelin:
488 1353 41 28 Jag
545 1354 37 19 vill
599 1354 135 25 understödja
753 1354 53 19 Herr
821 1353 120 27 Wallgrens

188 1389 79 26 förslag
283 1395 32 13 om
331 1388 98 20 ärendets
445 1388 154 27 bordläggning
615 1388 31 19 till
662 1395 34 12 om
711 1387 81 26 lördag,
804 1387 47 20 med
868 1387 77 21 fästadt

190 1422 100 20 afseende
299 1421 72 27 derpä,
379 1424 30 17 att
418 1429 46 12 man
473 1422 26 20 dä
509 1422 66 20 bättre
585 1422 40 19 kan
636 1422 111 20 bedömma
755 1421 30 20 till
795 1421 85 20 hvilken
890 1423 40 25 dag
939 1423 6 18 i
