1070 1786
387 157 38 17 Den
440 157 21 16 16
474 157 62 21 April.
779 160 34 17 699

83 223 34 12 om
141 218 30 17 att
193 214 161 27 ifrågavarande
377 214 106 26 uppgifter
507 214 19 25 ej
550 216 37 17 äro
606 213 230 24 öfverensstämmande

85 250 47 20 med
148 251 54 18 rätta
217 248 147 26 förhållandet,
380 250 48 17 utan
446 247 106 26 betydligt
567 247 65 26 lägre.
666 248 110 20 Dessutom
800 251 37 20 vill

82 285 38 25 jag
136 284 70 18 erinra
221 285 31 17 att
266 283 52 19 Herr
335 282 93 19 Höckert
443 282 6 18 i
465 281 26 19 de
509 281 22 19 af
545 281 76 19 honom
638 282 96 20 lemnade
754 285 82 25 uppgif-

85 320 32 18 ter
133 318 18 25 ej
168 317 52 26 tagit
235 317 6 19 i
259 316 145 25 betraktande,
427 317 30 17 att
480 314 28 27 på
527 316 85 18 orterna
631 316 89 19 emellan
736 316 100 22 Tavaste-

86 351 37 19 hus
139 351 39 19 och
194 350 142 20 Tammerfors
358 350 64 18 redan
443 349 94 26 uppstått
552 348 92 21 fabriker
660 351 38 18 och
714 351 121 27 antagligen

87 384 119 26 framdeles,
230 390 32 13 om
288 384 67 20 banan
376 383 95 20 kommer
487 383 33 19 till
535 383 68 23 stånd,
619 383 49 20 flere
683 384 79 20 sådana
777 385 61 21 skola

86 419 82 26 uppstå,
184 420 54 18 samt
254 420 30 17 att
299 418 63 19 också
377 418 7 18 i
400 417 122 20 landsorten
538 417 99 27 omkring
652 418 142 21 Tammerfors
805 426 31 14 re-

86 454 41 19 dan
144 453 66 19 finnas
227 452 98 24 fabriker,
340 451 72 20 hvilka
427 452 73 19 kunna
519 451 72 19 lemna
608 451 74 27 bidrag
698 452 30 19 till
748 453 89 20 trafiken

87 486 12 20 &
114 487 76 19 banan.
221 486 116 19 Enahanda
359 486 147 19 förhållanden
529 486 90 19 rörande
642 479 47 26 Åbo
712 486 69 20 banan
798 487 39 19 och

88 520 82 20 trakten
187 520 62 26 kring
265 514 46 26 Åbo
328 522 60 24 togos
404 520 107 26 nemligen
527 519 24 19 af
563 519 53 20 Herr
632 519 93 20 Höckert
740 520 6 19 i
763 520 74 20 beräk-

88 555 51 26 ning
154 554 31 20 till
202 554 80 19 förmån
299 554 31 19 för
345 554 91 19 nämnde
452 554 61 19 bana.
530 553 41 20 För
587 553 63 26 öfrigt
664 553 37 20 ber
713 554 38 27 jag
766 554 21 20 få
803 554 34 27 på-

87 588 55 26 yrka
158 588 129 26 proposition
303 589 5 18 i
324 588 72 19 saken.

157 622 54 19 Herr
226 622 160 20 Granström:
402 621 29 20 På
446 621 68 26 grund
530 620 23 20 af
567 621 52 19 hvad
636 621 76 20 Herrar
726 622 112 26 Mechelin,

90 656 55 26 Frey
160 656 39 19 och
220 656 92 19 Höckert
330 656 62 19 hafva
410 655 75 23 anfört,
509 656 84 18 förenar
609 656 38 25 jag
669 656 42 25 mig
728 656 46 19 med
791 656 46 20 dem

90 689 75 26 deruti,
187 692 31 17 att
240 689 110 20 utskottets
373 689 135 20 betänkande
533 689 129 20 beträffande
684 678 67 42 Äbo—-
763 678 76 42 Wiiala

90 724 39 18 och
145 723 303 20 Tavastehus—Tammerfors
471 723 96 20 banorna
589 723 63 20 borde
672 725 93 24 antagas.
799 724 41 20 Det

90 760 23 16 är
129 757 19 25 ej
164 757 32 19 för
213 757 65 26 något
292 757 66 20 lokalt
372 758 89 18 intresse
476 763 46 13 som
536 757 37 26 jag
589 757 119 25 uppträder,
728 759 48 17 utan
793 757 46 20 der-

91 791 44 19 före
157 793 31 17 att
207 792 38 25 jag
268 798 60 13 anser
343 785 157 26 Åbo—Wiiala
521 791 67 19 banan
605 797 50 13 vara
670 791 22 19 af
706 791 40 19 den
765 792 76 19 största

91 825 50 26 vigt.
171 825 46 20 Den
234 825 37 19 har
286 826 59 19 äfven
362 827 30 18 ett
407 825 92 26 afgjordt
517 824 104 20 företräde
639 824 86 20 framför
740 831 26 13 en
786 825 55 20 bana

91 858 46 20 från
159 852 48 27 Åbo
230 860 31 19 till
284 859 120 26 Riihimäki,
428 859 62 20 bland
511 860 64 18 annat
593 859 50 25 deri,
659 861 30 17 att
707 858 70 20 denna
794 859 45 20 sist-

93 893 91 19 nämnde
209 893 61 25 bana,
292 893 68 20 såsom
383 893 64 20 redan
471 895 23 17 är
517 893 93 24 nämndt,
629 892 69 20 blefve
714 892 127 21 åtminstone

93 927 47 26 fyra
155 927 36 19 mil
206 927 80 26 längre.
317 927 36 19 Att
369 927 81 20 således
466 920 48 26 Åbo
531 927 67 19 banan
615 926 67 20 skulle
702 926 28 27 gå
748 927 31 19 till
798 927 43 20 Rii-

93 961 80 19 himäki
196 961 70 20 derför
288 967 32 14 ser
339 961 37 26 jag
399 961 19 25 ej
442 961 65 26 något
529 961 52 25 skäl,
601 961 53 19 helst
672 961 40 19 den
732 961 27 19 då
774 961 68 20 skulle

94 995 86 20 komma
194 997 31 17 att
240 995 31 20 till
287 995 67 26 någon
372 995 33 20 del
422 995 121 19 konkurera
559 995 46 19 med
621 995 75 26 Hangö
712 995 75 19 banan.
813 995 30 20 På

93 1029 26 20 de
135 1029 23 20 af
171 1029 50 19 flere
244 1029 127 26 föregående
394 1029 64 20 talare
481 1029 90 19 anförda
590 1029 44 19 skäl
651 1029 83 19 förenar
746 1029 38 26 jag
801 1029 42 26 mig

94 1063 32 20 för
142 1062 64 27 öfrigt
220 1069 33 13 om
270 1063 96 20 ärendets
381 1063 152 20 remitterande
548 1063 31 19 till
595 1063 165 19 Statsutskottet.

162 1096 54 20 Herr
231 1096 122 20 Höckert:
372 1097 41 26 Jag
429 1097 34 19 vill
480 1097 76 19 endast
571 1099 51 24 göra
637 1103 25 13 en
682 1095 139 28 anmärkning
837 1097 5 19 i

95 1130 66 26 några
176 1130 37 19 ord
229 1133 57 16 emot
300 1131 53 19 Herr
369 1131 104 26 Procopés
488 1131 106 25 yttrande.
624 1130 9 19 I
652 1130 82 19 trakten
754 1130 22 19 af
789 1119 55 38 Åbo,

96 1165 19 25 ej
132 1163 58 27 långt
206 1164 98 25 derifrån,
320 1164 67 20 finnas
403 1164 77 26 många
487 1164 102 25 jernverk
601 1164 37 19 och
648 1163 108 27 jernbruk,
771 1163 74 20 hvilka

97 1198 31 19 till
144 1200 56 17 stora
215 1198 126 26 gvantiteter
356 1198 98 20 tillverka
466 1198 48 26 jern
524 1198 32 19 för
568 1198 110 26 Ryssland.
694 1198 67 19 Dessa
772 1197 73 20 bruks-

97 1232 161 26 tillverkningar
280 1232 39 19 och
341 1232 61 19 deras
421 1232 79 19 värden
522 1232 62 19 hafva
599 1232 38 19 alls
652 1231 48 20 icke
715 1230 66 27 ingätt
797 1231 7 20 i
820 1231 25 20 de

96 1266 76 25 siffror,
192 1272 43 13 som
254 1266 36 25 jag
306 1265 26 26 pä
352 1266 65 26 grund
434 1265 23 20 af
469 1265 173 26 Magistraternas
658 1265 30 20 till
704 1265 141 20 Manufaktur-

97 1299 134 20 direktionen
247 1299 79 26 afgifna
343 1299 122 20 berättelser
480 1299 120 20 framhällit.
631 1299 47 20 Man
694 1299 71 20 kunde
776 1299 71 19 säkert

97 1333 21 20 få
133 1333 109 26 åtskilliga
268 1333 80 26 ganska
368 1333 55 26 höga
438 1333 69 20 siffror
526 1336 62 21 ännu,
605 1339 31 14 om
654 1339 47 13 man
718 1333 49 19 ville
783 1332 66 20 anlita

98 1367 62 19 dessa
176 1366 238 27 tillverkningsvärden;
430 1373 54 20 men,
501 1373 45 14 som
562 1367 66 26 sagdt,
646 1367 36 26 jag
700 1366 38 19 har
757 1366 19 25 ej
793 1366 55 26 gjort

99 1401 41 20 det.
170 1399 40 27 Jag
233 1402 43 17 tror
298 1401 70 26 ocksä,
391 1403 31 17 att
444 1407 33 13 om
493 1393 49 27 Åbo
553 1389 98 41 —Wiiala
666 1400 68 19 banan
754 1399 95 21 kommer

98 1434 31 20 till
145 1433 69 25 stånd,
236 1433 23 20 så
281 1434 59 19 skola
362 1441 26 12 en
409 1434 76 26 mängd
503 1434 98 24 fabriker,
618 1433 68 20 drifna
702 1433 47 20 med
769 1435 79 18 vatten-
