1070 1786
441 152 41 17 Den
494 152 23 17 20
529 152 61 23 April,
835 153 32 16 735

142 211 68 20 blifvit
225 210 135 26 framställda,
375 210 37 19 vill
424 211 37 26 jag
477 210 6 19 i
500 209 36 20 det
551 209 107 26 afseende,
679 209 81 20 hvaruti
780 210 40 20 den
839 211 49 25 Kej-

143 245 75 26 serliga
240 244 157 27 propositionen
419 244 39 19 och
481 243 169 20 Statsutskottets
672 243 135 20 betänkande
826 244 63 26 skilja

143 279 31 25 sig
196 279 44 20 från
264 278 124 25 hvarandra,
414 277 106 26 nemligen
545 277 47 20 med
615 277 99 20 afseende
734 277 12 20 å
760 278 128 26 ändamålet,

142 312 84 20 hvarför
241 312 91 20 kreditiv
347 311 67 19 skulle
430 311 115 25 meddelas,
562 311 73 20 förena
650 311 43 26 mig
709 311 47 20 med
773 311 26 19 de
815 312 72 25 talare,

142 346 76 20 Herrar
240 346 86 25 Kurtén,
348 345 116 25 Lindblom,
487 346 56 25 Frey
567 345 40 20 och
628 344 93 26 Kiseleff,
738 351 44 13 som
799 345 87 19 hufvud-

140 380 96 26 sakligen
252 380 84 19 anslutit
351 380 32 25 sig
399 379 30 20 till
445 379 67 20 Baron
529 379 71 26 Boijes
615 379 135 26 reservation,
766 379 53 19 ifrån
835 380 52 19 hvil-

141 415 41 19 ken
206 414 42 20 min
272 414 84 25 mening
373 413 43 19 helt
430 413 120 26 obetydligt
565 413 72 26 skiljer
652 413 38 26 sig.
720 413 100 19 Deremot
836 414 50 19 nöd-

140 455 37 20 gas
196 449 44 25 jag,
256 448 7 19 i
278 447 59 27 fråga
359 454 33 13 om
415 449 80 23 räntan,
511 447 7 19 i
534 447 82 19 hvilket
638 447 99 20 afseende
758 448 37 26 jag
818 448 69 20 blifvit

141 482 126 20 understödd
284 476 73 25 endast
372 481 23 19 af
407 480 53 20 Herr
474 480 121 27 Lundberg,
610 481 92 20 vidhålla
721 482 41 18 min
783 482 54 20 förut
856 485 29 17 ut-

141 516 69 20 talade
226 516 60 26 åsigt.
316 515 39 27 Jag
371 522 61 13 anser
447 517 30 18 att
491 515 91 27 åsigten,
598 517 30 18 att
641 515 96 20 betrakta
748 516 69 19 denna
827 516 60 26 fråga

141 551 69 20 såsom
233 550 53 20 blott
307 550 38 19 och
369 549 45 20 bart
436 556 26 13 en
480 556 38 13 ren
539 549 58 26 affär,
616 549 47 20 icke
679 549 41 20 kan
737 552 47 17 utan
801 556 27 14 en
844 550 42 19 viss

140 585 51 26 grad
207 585 23 19 af
243 584 123 26 hjertlöshet
386 586 93 24 antagas,
502 584 27 19 då
552 584 72 26 frågan
642 584 66 26 gäller
722 585 30 18 att
769 584 72 26 hjelpa
857 586 29 17 ett

141 618 43 20 helt
199 618 43 20 folk
259 618 28 20 uti
304 618 46 20 dess
366 618 47 20 nöd.
443 618 56 20 Vore
519 618 74 26 frägan
612 624 25 14 en
656 624 37 14 ren
711 618 58 26 affär,
787 618 98 20 hvarföre

141 652 26 20 dä
182 652 70 20 fordra
267 659 26 13 en
308 654 60 18 ränta
382 652 23 20 af
417 652 53 20 blott
485 655 31 17 tre
532 655 88 23 procent
634 652 39 20 och
688 652 48 20 icke
750 658 51 19 mer,
817 652 68 19 såsom

140 686 66 20 andra
220 686 107 26 läntagare
343 686 6 19 i
366 686 83 20 banken
465 686 84 20 betala?
579 686 41 20 Det
636 686 38 20 har
693 686 67 20 blifvit
775 686 22 19 af
813 692 26 13 en
855 687 30 18 ta-

141 722 42 18 lare
199 720 103 26 anmärkt,
318 722 29 18 att
362 720 25 20 de
404 720 75 26 medel,
495 726 45 14 som
554 720 27 26 pä
596 720 67 26 grund
678 720 24 20 af
718 720 57 20 detta
793 720 92 20 kreditiv

141 756 83 19 komme
248 756 30 18 att
299 754 69 26 lyftas,
391 754 67 20 skulle
477 754 108 20 användas
605 754 31 20 till
651 754 94 27 utläning
762 756 43 18 mot
820 757 65 23 ränta,

141 789 80 19 hvilket
243 788 55 20 dock
319 788 48 20 icke
386 791 22 17 är
423 788 23 20 sä
460 789 89 19 alldeles
565 789 71 26 gifvet,
652 791 21 24 ty
690 789 26 19 de
736 789 85 19 komma
836 791 48 17 utan

141 822 73 21 tvifvel
236 823 31 19 till
290 829 25 13 en
338 825 42 17 stor
403 822 34 20 del
459 825 30 17 att
507 824 109 19 användas
633 823 31 20 till
680 823 97 20 nödfalls-
794 824 39 19 och
849 824 36 19 all-

141 861 77 17 männa
233 857 93 25 arbeten,
342 863 43 13 som
402 857 31 19 för
448 857 48 19 land
513 858 39 19 och
569 858 44 19 folk
628 858 62 19 hafva
706 858 31 19 sin
751 859 56 18 stora
820 860 67 24 nytta,

141 892 68 19 säsom
225 894 15 16 t.
256 898 33 13 ex.
305 891 30 19 till
351 891 169 26 kanalgräfning,
537 892 88 25 fällning
640 892 23 19 af
680 892 66 19 forsar
765 892 38 19 och
824 893 61 24 sjöar,

142 925 142 26 anläggandet
298 925 22 19 af
333 925 106 19 allmänna
454 927 65 24 vägar
534 928 54 17 samt
603 925 104 20 dessutom
724 925 60 20 äfven
801 926 31 19 till
844 926 41 19 väl-

142 959 220 28 görenhetsanstalter,
384 959 68 20 säsom
477 959 143 26 provisionela
644 959 86 26 sjukhus
752 959 39 20 och
807 959 80 26 dylikt;

142 995 25 19 de
183 994 85 20 komma
283 993 86 20 sälunda
383 993 48 20 icke
446 993 59 20 alltid
523 995 30 18 att
568 993 86 20 utlänas.
685 994 37 19 Att
736 993 97 20 betrakta
846 994 39 19 frä-

141 1035 41 20 gan
198 1028 67 20 säsom
286 1034 26 13 en
332 1034 36 13 ren
387 1026 59 27 affär,
465 1027 108 26 förbjuder
588 1028 70 19 vidare
674 1027 40 20 den
731 1027 155 26 omständighe-

141 1066 42 23 ten,
199 1065 36 22 att,
251 1062 66 26 enligt
332 1062 45 19 mitt
392 1061 69 26 tycke,
478 1061 100 20 Finlands
593 1061 63 26 bank,
672 1061 68 20 säsom
756 1062 64 19 redan
834 1062 53 19 Herr

140 1097 112 26 Björksten
268 1095 144 26 ungefärligen
428 1095 117 26 anmärkte,
561 1099 23 16 är
599 1096 7 19 i
622 1096 114 26 besittning
747 1095 22 20 af
777 1095 24 20 sä
811 1096 77 26 mänga

142 1130 151 27 prerogativer,
309 1129 22 20 sä
348 1129 76 27 mänga
439 1129 98 26 fördelar,
554 1129 27 27 pä
595 1130 82 19 landets
700 1130 39 19 och
759 1129 76 20 folkets
853 1129 33 20 be-

142 1164 96 25 kostnad,
261 1166 30 17 att
313 1170 79 13 samma
415 1163 56 20 bank
490 1163 83 20 derföre
589 1163 47 20 icke
650 1163 60 20 alltid
726 1163 37 20 bör
782 1163 105 20 behandla

143 1199 47 20 land
213 1199 39 19 och
276 1198 42 20 folk
342 1198 26 24 pä
386 1199 30 18 ett
438 1197 151 27 affärsmessigt
610 1199 46 24 sätt,
672 1199 49 17 utan
737 1197 61 19 äfven
817 1197 70 27 nägon

142 1233 56 27 gäng
213 1233 63 20 hafva
290 1232 67 26 hjerta
372 1232 31 19 för
420 1231 176 26 menskligheten.
626 1232 47 19 Man
689 1231 37 20 har
742 1233 38 18 sett
791 1232 31 19 att
831 1233 57 18 stora

142 1267 104 25 bankirer,
263 1269 42 17 mot
320 1266 82 19 hvilkas
418 1265 75 20 affärer
509 1265 101 20 Finlands
627 1265 66 20 banks
714 1267 71 24 utgöra
805 1272 26 13 en
847 1265 39 20 för-

142 1301 116 20 svinnande
274 1299 94 26 litenhet,
384 1299 63 20 hafva
461 1299 55 20 visat
531 1299 32 26 sig
579 1299 70 20 kunna
664 1299 74 27 frångå
756 1299 41 20 den
815 1299 72 20 affärs-

143 1335 89 25 messiga
250 1333 140 26 synpunkten,
410 1333 38 20 och
467 1333 63 20 äfven
550 1333 88 20 Finland
655 1333 43 26 har,
714 1334 53 19 efter
783 1333 54 19 hvad
851 1333 37 26 jag

142 1369 68 20 blifvit
230 1367 83 26 upplyst
332 1374 34 13 om
386 1374 77 19 genom
483 1374 26 13 en
526 1367 65 20 talare
606 1368 57 19 inom
679 1366 154 26 Ridderskapet
849 1367 39 20 och

141 1402 76 25 Adeln,
240 1401 38 20 fätt
300 1402 68 19 erfara
390 1402 117 19 detsamma
529 1402 46 19 utaf
588 1408 25 13 en
629 1401 41 20 den
686 1403 76 18 största
776 1400 39 20 och
835 1403 54 17 mest

140 1435 143 22 blomstrande
300 1435 142 26 bankirfirma,
458 1442 44 13 som
519 1442 42 20 nog
577 1435 59 26 eljest
652 1435 74 20 förstår
742 1436 29 18 att
790 1434 98 27 begagna
