1070 1786
204 155 49 31 1204
490 161 41 16 Den
543 161 22 16 16
579 161 42 22 Maj.

181 219 68 20 såsom
270 217 98 21 Ständets
389 219 67 20 beslut
471 219 143 19 antecknades
632 219 120 26 antagande
767 219 45 23 af
804 213 12 36 $
831 219 37 19 159
885 219 6 19 i
907 219 35 20 Ut-

181 253 89 20 skottets
287 253 138 20 betänkande.

285 285 30 28 SS
330 285 100 21 160—169
445 288 87 22 antogos
549 288 48 17 utan
613 285 126 20 diskussion.

285 318 14 28 S
315 318 39 21 170.

250 354 65 19 Herr
336 353 107 19 Kurten:
474 355 9 22 $
505 353 38 19 170
564 356 30 22 är,
610 353 65 26 enligt
695 353 41 19 min
753 352 60 27 äsigt,
829 354 18 25 ej
865 353 32 19 väl
913 360 31 12 re-

182 387 95 26 digerad,
294 389 21 23 ty
332 387 40 19 den
388 386 58 20 leder
461 387 30 19 till
508 387 35 19 det
558 386 92 25 resultat,
667 388 31 18 att
712 393 34 13 om
762 389 29 17 ett
801 387 64 19 finskt
876 386 68 26 fartyg

182 422 6 18 i
205 421 108 19 utländskt
328 421 102 19 farvatten
447 421 76 24 bergar
538 420 60 26 gods,
614 420 82 20 hvilket
707 421 33 19 vid
752 421 149 19 framkomsten
914 420 30 20 till

183 457 65 18 första
271 455 111 19 utländska
405 455 61 19 hamn
490 455 116 26 behörigen
629 455 95 19 anmäles
747 455 38 19 och
805 454 99 20 hvarmed
920 454 27 20 dä

183 489 88 19 förfares
292 489 52 19 efter
365 488 37 20 der
421 488 96 26 gällande
538 489 65 25 lagar,
624 488 23 20 sä
662 488 55 20 skall
733 488 117 26 skepparen
865 488 80 26 ytterli-

183 529 49 19 gare
249 522 80 25 afgifva
344 521 135 25 redogörelse
497 521 30 19 för
542 522 51 18 huru
610 521 40 19 den
666 521 80 19 affären
762 521 78 27 aflupit,
858 522 30 19 till
900 522 45 19 tull-

183 555 104 26 styrelsen
303 555 6 19 i
325 554 45 20 värt
387 554 55 26 land,
457 555 86 19 hvilken
559 555 91 20 derefter
666 561 51 20 eger
733 555 84 20 utfärda
834 556 111 26 kungörel-

183 596 22 12 se
221 596 34 12 om
271 589 79 25 fyndet.
381 589 60 19 Hvad
457 595 56 19 gagn
529 589 40 19 den
586 588 141 26 kungörelsen
744 589 41 19 kan
802 590 99 24 medföra,
913 596 30 12 se-

184 622 40 20 dan
248 628 77 20 egaren
350 621 104 20 mähända
475 621 64 19 redan
563 627 76 19 genom
663 621 73 25 ätgärd
756 622 6 19 i
778 622 40 20 den
835 623 111 19 utländska

184 656 90 20 hamnen
296 655 83 19 äterfätt
400 655 36 19 sitt
454 657 22 17 är
491 654 56 20 svärt
563 656 30 17 att
608 654 52 26 inse,
677 654 87 20 likasom
781 656 54 20 hvad
852 657 39 19 den
908 656 35 20 fin-

184 691 38 19 ska
242 688 141 26 tullstyrelsen
402 688 85 20 dämera
502 688 37 19 har
556 688 46 19 med
620 688 64 19 saken
702 691 30 16 att
748 689 72 20 skaffa.
851 690 40 27 Jag
907 691 38 19 för-

185 724 72 20 modar
273 726 30 16 att
318 722 52 20 felet
385 722 37 19 här
438 722 91 26 uppstått
543 722 23 19 af
580 722 141 20 förbiseende.
746 723 31 19 De
792 724 154 26 nästföregäen-

184 758 26 19 de
234 760 46 21 $:na
303 756 77 20 handla
400 763 32 13 om
450 756 59 26 gods,
525 762 43 12 som
586 755 84 26 bergals
685 756 57 20 inom
759 757 68 20 finska
842 758 102 19 farvatten

185 798 47 13 men
248 791 45 23 af
283 785 12 36 $
311 790 38 20 170
366 789 87 19 handlar
468 789 64 19 första
547 789 62 19 delen
626 795 32 13 om
675 790 112 26 egendom,
803 797 43 13 som
864 791 81 26 bergats

184 832 51 13 vare
257 826 32 25 sig
310 824 7 19 i
340 823 63 20 finskt
418 823 51 19 eller
485 823 106 19 utländskt
607 823 111 25 farvatten,
735 830 46 13 men
798 831 43 13 som
858 825 37 19 bör
911 832 34 12 an-

185 860 64 19 mälas
266 858 33 20 vid
317 858 53 19 finsk
387 857 154 26 tullkammare,
557 856 88 20 emedan
662 856 64 20 sådan
740 858 49 18 först
800 858 94 26 anlöpes,
906 860 38 19 och

184 895 7 18 i
208 894 56 19 detta
280 892 34 19 fall
331 895 23 16 är
370 892 35 19 det
421 891 99 26 naturligt
535 893 29 17 att
580 891 46 19 med
644 891 74 26 godset
734 892 53 19 skall
797 892 86 20 förfaras
895 893 52 20 efter

186 928 36 19 vär
241 927 44 26 lag;
305 932 47 13 men
373 925 87 26 anlöper
480 925 92 26 fartyget
593 925 50 19 först
659 925 99 19 utländsk
774 925 69 26 hamn,
858 926 22 19 sä
896 926 51 19 skall

187 962 67 25 enligt
276 960 66 19 andra
365 965 61 13 mom.
450 959 31 18 för
497 959 74 26 godset
593 959 37 19 der
653 959 113 26 redogöras
785 959 52 20 efter
853 960 39 19 den
909 961 40 25 lag,

186 1003 43 12 som
251 995 37 19 der
308 993 72 27 gäller.
412 989 30 23 Är
458 993 26 19 dä
500 993 67 19 tillika
582 993 66 25 fallet,
664 996 29 17 att
709 993 75 27 godset
799 993 78 20 funnits
892 995 55 19 inom

186 1029 63 20 finskt
264 1029 111 24 farvatten,
392 1027 22 19 sä
430 1027 69 19 kunde
515 1027 36 19 det
566 1034 50 13 vara
632 1027 131 26 skepparens
780 1028 122 26 skyldighet
912 1031 36 23 att,

186 1067 56 16 utom
266 1063 36 19 det
323 1064 30 17 att
376 1062 39 19 han
441 1062 4 18 i
463 1061 64 20 första
543 1062 112 19 utländska
675 1063 62 19 hamn
753 1063 90 25 redogör
859 1063 30 19 för
906 1063 42 19 det-

186 1104 86 18 samma,
293 1097 60 19 äfven
373 1095 43 20 låta
437 1096 6 19 i
464 1095 108 20 hemorten
589 1103 118 13 annonsera
723 1103 33 13 om
774 1097 79 25 fyndet,
869 1097 30 19 för
915 1097 35 19 det

186 1131 36 20 fall
245 1133 30 17 att
299 1131 35 19 det
358 1130 30 19 till
413 1130 107 25 äfventyrs
539 1136 50 13 vore
605 1130 52 19 finsk
676 1130 149 26 medborgares
841 1131 110 26 egendom,

186 1165 89 20 emedan
302 1164 68 19 denne
394 1163 107 26 svärligen
524 1163 37 19 bör
584 1163 72 20 kunna
678 1170 62 13 anses
759 1164 84 26 skyldig
859 1167 29 16 att
904 1167 48 23 taga

190 1198 50 20 reda
258 1198 28 26 pä
306 1198 40 18 den
366 1197 138 25 publicering,
525 1203 42 13 som
589 1196 69 20 blifvit
672 1198 60 25 gjord
750 1199 13 17 t.
779 1204 33 12 ex.
831 1198 2 18 i
849 1198 103 26 England,

187 1233 38 19 och
249 1231 66 26 härpå
337 1234 23 16 är
384 1230 35 20 det
442 1230 33 19 väl
499 1237 44 12 som
559 1237 74 12 senare
650 1230 60 20 delen
728 1231 22 19 af
763 1233 31 22 $:n
814 1231 74 26 syftar;
904 1238 46 13 men

186 1267 37 19 der
241 1265 66 20 borde
322 1264 100 20 särskildt
438 1264 91 25 stadgas,
545 1265 30 18 att
590 1264 74 19 sädant
680 1264 48 20 icke
744 1265 66 24 gäller
826 1267 36 17 när
878 1266 74 25 godset

187 1301 83 26 bergats
295 1300 6 19 i
325 1298 107 20 utländskt
455 1298 109 24 farvatten,
588 1300 48 17 utan
660 1299 75 18 endast
759 1299 27 19 dä
801 1299 35 19 det
851 1299 99 20 funnits
938 1294 16 37 i

186 1334 69 19 finskt.
287 1332 145 26 Märkvärdigt
447 1338 50 13 vore
513 1332 42 24 det,
574 1338 33 13 om
627 1334 28 17 ett
676 1332 58 25 fynd,
751 1339 42 13 som
810 1335 61 23 göres
888 1337 13 15 t.
918 1340 32 13 ex.

186 1368 5 18 i
211 1367 83 20 trakten
315 1366 23 19 af
356 1365 48 26 Nya
424 1365 97 25 Holland,
543 1365 67 19 skulle
626 1371 129 14 annonseras
771 1366 5 19 i
793 1366 99 21 Finlands
907 1367 45 20 All-

188 1404 76 16 männa
287 1400 122 25 "Tidningar,
432 1399 39 20 och
497 1399 34 19 det
554 1399 64 19 ehuru
642 1398 64 20 saken
724 1402 24 16 är
762 1399 95 20 klarerad
874 1398 78 23 förut
939 1394 15 35 i

187 1435 97 20 utländsk
302 1435 68 20 hamn.
