1070 1786
208 143 38 31 680
493 147 40 18 Den
546 147 22 18 16
581 148 60 22 April.

191 205 105 26 styrelsen
311 205 32 20 för
359 208 49 24 väg-
424 205 39 20 och
479 205 309 21 vattenkommunikationerna
801 207 94 26 afgifven
911 207 30 19 in-

191 239 112 27 struktion,
319 240 37 19 har
371 240 127 26 Ingeniören
514 239 91 27 Pipping
620 240 56 26 gjort
693 247 24 12 en
739 240 74 20 okulär
827 241 114 20 undersök-

191 275 52 25 ning
266 275 59 20 öfver
344 281 26 13 en
387 273 166 27 bansträckning
573 277 71 16 norrut
659 274 7 19 i
682 275 39 19 den
738 274 101 27 riktning,
855 281 44 14 som
916 282 26 12 nu

192 310 70 21 blifvit
276 308 85 20 nämnd.
391 308 54 19 Från
461 307 132 27 Wiljakkala
609 307 69 27 kapell
694 308 6 19 i
716 308 131 26 Tavastkyro
857 308 85 26 socken,

192 351 45 13 som
253 344 69 26 ligger
338 342 34 20 vid
384 342 40 20 den
436 342 130 19 undersökta
576 342 192 27 bansträckningen
780 342 90 20 emellan
881 343 61 19 Tam-

193 378 89 20 merfors
298 377 38 20 och
359 376 138 26 Björneborg,
517 379 23 16 är
555 376 65 20 linien
636 376 118 27 föreslagen
775 377 38 19 och
829 377 114 20 undersökt

192 414 52 18 först
259 414 41 18 rätt
315 412 6 18 i
338 417 49 14 norr
402 417 76 20 genom
494 410 65 20 Ikalis
575 410 79 20 socken
670 411 40 19 och
720 411 47 20 dess
778 413 56 18 östra
849 412 33 20 del
894 414 50 17 nära

191 446 37 20 rän
245 450 43 16 mot
310 445 91 20 Ruovesi
424 444 87 26 socken;
532 451 76 20 genom
629 445 86 19 hvilken
734 445 78 20 socken
831 446 65 19 linien
912 452 31 14 se-

193 481 97 19 dermera
312 480 84 19 komme
419 480 30 18 att
471 478 27 27 gä
516 480 30 18 ett
566 479 81 20 mindre
663 479 74 26 stycke
753 480 31 19 till
799 476 145 24 Österbottens

193 518 63 24 gräns
273 514 34 19 vid
323 513 109 26 Seinäjoki
449 512 27 27 by
492 513 52 20 eller
565 513 70 27 kapell
654 514 6 18 i
676 514 96 26 sydöstra
789 514 75 20 hörnet
882 514 23 20 af
917 514 26 20 Il-

195 549 57 20 mola
267 548 85 20 socken.
383 546 97 21 Derifrän
497 547 66 20 skulle
580 547 40 20 den
636 547 28 26 gä
684 548 5 19 i
711 548 115 27 nordostlig
845 548 99 27 riktning,

194 584 18 25 ej
228 583 31 19 till
275 583 78 25 Lappo,
369 588 44 13 som
431 587 49 13 vore
496 582 6 18 i
518 582 137 26 nordvestlig,
670 584 47 17 utan
730 582 59 26 längs
803 583 140 26 landtryggen

194 617 91 20 emellan
307 616 108 20 Kuortane
438 616 39 19 och
501 622 62 14 norra
586 616 61 20 delen
670 616 24 20 af
706 616 93 20 Wirdois
815 617 128 27 församling,

196 652 73 20 vidare
292 658 77 20 genom
392 650 68 20 Etseri
483 650 30 20 till
537 653 89 23 gränsen
646 650 23 20 af
687 650 92 26 Alajärvi
795 650 77 27 kapell.
902 652 43 19 Här

194 686 75 24 skulle,
285 685 67 26 enligt
366 684 36 20 det
416 684 24 20 af
452 684 126 26 Ingeniören
595 684 91 27 Pipping
702 684 118 27 föreslagna
837 687 107 25 systemet,

194 727 27 13 en
237 720 101 26 korsning
354 719 23 19 af
388 718 115 27 jernbanor
527 725 40 20 ega
583 726 51 18 rum,
650 719 6 19 i
672 718 36 20 det
722 720 30 18 att
767 719 91 20 derifrän
877 720 67 19 skulle

196 754 51 27 utgä
262 760 26 14 en
304 754 77 20 bibana
396 753 6 19 i
418 753 73 26 sydost
506 752 30 20 till
551 752 119 26 Jyväskylä
685 752 38 20 och
740 759 25 13 en
781 759 69 14 annan
866 754 6 19 i
884 754 60 20 nord-

196 791 45 17 vest
256 788 31 20 till
303 787 123 21 Jakobstad.
457 787 77 19 Vidare
550 786 67 20 skulle
636 788 70 18 vestra
720 787 122 20 stambanan
864 788 81 20 fortsät-

195 826 32 16 tas
243 823 6 19 i
266 828 80 14 samma
360 821 96 27 riktning
471 821 30 19 till
517 822 97 26 Piippola
629 822 39 19 och
684 821 99 20 Pulkkila
800 822 146 26 församlingar

197 857 39 20 och
253 856 140 26 nägonstädes
408 856 7 19 i
432 856 69 19 denna
516 855 56 20 trakt
587 856 73 19 förena
676 856 32 26 sig
724 856 47 20 med
787 862 26 14 en
829 856 45 20 frän
891 856 53 20 Kuo-

197 891 35 26 pio
249 890 127 20 kommande
393 889 54 20 bana
461 892 54 17 samt
531 890 91 19 derifrän
638 890 82 26 framgä
735 890 30 19 till
781 890 112 27 Uleäborg.
909 891 35 19 Sä-

197 925 51 19 dant
263 927 23 16 är
301 923 35 20 det
351 923 85 27 förslag,
452 920 48 23 som
513 923 22 20 af
548 923 127 27 Ingeniören
691 924 89 26 Pipping
799 925 114 26 uppgjorts.
936 925 9 19 1

196 957 221 21 öfverensstämmelse
433 957 84 20 härmed
534 958 37 19 har
587 965 47 13 man
650 958 24 19 af
687 958 132 27 Regeringen
835 961 30 17 att
881 961 65 17 motse

196 999 25 13 en
237 993 89 20 relation
343 999 33 12 om
393 992 25 19 de
432 992 291 27 jernvägsundersökningar,
740 999 43 13 som
803 993 68 19 blifvit
891 993 53 26 gjor-

197 1027 33 26 da,
247 1027 80 20 hvilket
351 1026 65 20 också
438 1033 25 12 en
486 1026 93 20 ledamot
602 1027 23 18 af
645 1026 155 27 Ridderskapet
815 1027 39 20 och
871 1027 76 25 Adeln,

196 1062 54 20 Herr
275 1067 39 13 von
341 1060 93 26 Alfthan,
459 1060 70 20 anfört
544 1061 6 18 i
570 1061 31 19 sin
626 1061 153 26 framställning
801 1061 24 19 af
845 1060 72 27 frågan
941 1061 6 18 i

197 1095 92 20 nämnde
312 1095 72 20 Ständ.
415 1095 59 19 Hvad
497 1095 36 20 har
550 1101 47 14 man
620 1095 33 26 sig
668 1101 28 13 nu
712 1095 79 20 bekant
806 1101 32 14 om
855 1095 40 20 den
911 1095 36 20 der

196 1130 72 26 Lappo
286 1141 10 2 —
298 1129 66 20 Wasa
376 1129 82 20 banan?
478 1129 45 19 Den
540 1129 102 20 existerar
661 1129 79 20 härtills
761 1129 52 20 blott
828 1129 6 19 i
850 1129 97 21 fantasin,

199 1170 48 13 men
264 1163 41 26 eji
321 1163 65 26 nägot
400 1163 24 20 af
436 1163 135 27 Regeringen
588 1163 50 20 eller
654 1163 66 20 andra
736 1163 112 26 uppgjordt
862 1163 86 26 förslag.

197 1197 33 19 En
250 1197 64 19 sådan
331 1196 55 20 bana
402 1196 67 20 skulle
486 1197 80 25 jemväl
582 1204 50 12 vara
647 1197 87 20 förenad
751 1197 46 19 med
813 1196 103 20 särskilda
926 1203 21 13 o-

198 1231 128 27 lägenheter.
357 1230 28 21 Sä
407 1230 67 21 skulle
497 1231 40 20 den
562 1231 79 27 framgå
664 1231 73 20 försti
754 1230 82 27 nordlig
855 1230 94 27 riktning

198 1265 46 20 frän
261 1265 142 20 Tammerfors
419 1265 50 20 eller
485 1265 131 26 Wiljakkala
632 1265 30 20 till
678 1265 78 26 Lappo,
776 1271 46 13 men
843 1265 36 19 der
898 1267 51 24 göra

199 1305 26 14 en
241 1301 52 17 nära
312 1305 41 20 nog
377 1301 31 17 rät
431 1299 72 20 vinkel
526 1299 31 20 för
580 1301 29 18 att
632 1299 86 20 komma
733 1299 30 20 till
779 1299 71 25 Wasa,
870 1299 79 20 hvilket

200 1339 50 14 vore
273 1339 25 13 en
315 1332 137 27 besynnerlig
472 1333 53 20 form
542 1333 26 26 pä
583 1340 26 13 en
626 1334 64 24 bana;
706 1333 39 20 och
760 1333 52 20 huru
828 1333 39 19 den
884 1333 64 20 sedan

200 1367 68 20 skulle
291 1366 85 20 komma
398 1367 32 19 till
452 1367 106 26 Uleäborg
585 1370 31 17 vet
638 1369 38 24 jag
696 1368 26 25 ej,
738 1373 33 14 om
788 1367 40 20 den
847 1367 18 26 ej
882 1367 67 20 skulle

200 1401 50 26 följa
266 1401 74 19 kusten
356 1401 40 20 och
412 1401 98 20 stranden
527 1401 28 26 ät,
571 1401 81 21 hvilket
668 1403 54 18 utom
738 1403 63 18 annat
816 1401 67 20 skulle
895 1404 55 17 möta

201 1437 56 18 stora
272 1434 130 27 svårigheter
419 1435 33 20 vid
473 1435 65 20 nedra
560 1436 71 26 loppet
654 1436 23 19 af
690 1435 26 21 de
733 1435 76 26 många
827 1435 67 20 elfvar
910 1435 39 20 den
