1070 1786
442 158 40 17 Den
495 159 22 17 16
529 159 42 22 Maj.
820 158 45 17 1191

133 217 89 19 lastaren
246 215 136 20 endosseradt
404 216 171 25 konnässement,
600 217 20 24 ty
645 215 40 20 han
708 215 43 20 kan
775 216 114 26 omöjligen

132 249 66 20 samla
212 249 50 26 ihop
278 249 40 20 alla
333 250 109 25 exemplar
457 250 23 19 af
494 249 192 20 konnässementet.

200 283 65 19 Herr
281 283 90 25 Sjöros
386 283 97 19 anmälde
500 283 32 25 sig
547 283 61 19 äfven
625 282 63 20 hafva
706 283 57 19 inom
783 283 108 19 Utskottet

133 317 74 20 uttalat
222 316 169 26 betänkligheter
406 319 57 17 emot
478 316 162 26 ifrågavarande
655 316 122 26 stadgande.

201 351 66 19 Herr
283 350 169 26 Tengström:
478 350 85 20 Samma
577 350 97 20 anmälan
690 350 38 19 har
743 350 61 19 äfven
813 350 37 26 jag
861 352 30 18 att

133 388 51 23 göra
202 384 38 20 och
257 384 35 19 vill
308 384 94 26 tillägga,
417 386 31 18 att
461 384 42 20 alla
518 384 164 26 anmärkningar
698 387 56 17 emot
769 384 120 19 förevaran-

133 419 26 20 de
175 420 92 18 moment
282 418 111 20 strandade
408 420 57 18 emot
480 421 29 17 ett
524 418 123 26 obevekligt
658 417 111 26 motstånd,
780 424 43 13 som
835 418 54 19 hade

133 452 131 27 organiserat
279 452 32 26 sig
325 452 57 20 inom
398 452 113 20 Utskottet.

201 485 65 20 Herr
282 484 149 27 Lundberg:
461 485 42 19 För
525 486 30 18 att
577 484 34 20 det
634 484 18 26 ej
676 484 54 20 skall
753 486 74 19 stanna
847 486 43 26 mig

134 520 73 22 allena,
215 518 63 20 bland
293 518 188 26 Borgareståndets
493 518 136 20 medlemmar
637 519 7 19 i
653 518 107 20 Utskottet
767 518 32 20 till
810 517 41 21 last
861 521 29 17 att

134 553 63 20 hafva
217 552 122 21 medverkat
359 552 31 21 till
411 552 117 21 Utskottets
544 552 134 21 betänkande
693 553 6 19 i
715 553 69 20 denna
799 553 41 26 del,
859 553 31 20 får

130 588 38 26 jag
176 587 84 19 anmäla
276 588 29 18 att
320 586 61 20 äfven
395 587 37 25 jag
448 588 97 18 motsatte
556 587 43 25 mig
614 587 66 19 saken
696 587 7 18 i
718 587 114 20 Utskottet.

201 620 69 20 Sedan
296 620 146 20 diskussionen
465 620 87 20 härmed
575 620 112 20 förklarats
710 620 95 26 afslutad,
823 620 66 20 beslöt

133 654 94 26 Ståndet,
250 654 26 26 på
299 654 153 26 framställning
467 654 24 20 af
503 654 66 20 Herr
589 654 175 25 Talmannen,
779 656 30 17 att
824 654 65 20 andra

133 694 62 14 mom.
218 688 23 20 af
260 690 9 22 $
294 688 38 20 112
355 688 69 19 skulle
446 688 107 25 uteslutas,
576 688 108 19 hvaremot
706 688 54 24 S:n
751 684 14 34 i
783 688 64 26 öfrigt
869 688 22 20 af

133 722 87 20 Ståndet
235 722 130 26 godkändes.

234 754 28 29 $$
277 755 93 20 113—120
385 759 88 22 antogos
489 757 49 18 utan
554 755 126 20 diskussion.

234 789 14 27 S
264 789 35 20 121.

200 823 66 20 Herr
283 823 107 19 Kurtén:
414 822 41 27 Jag
477 822 38 20 ber
537 824 30 18 att
588 823 20 19 få
627 823 84 20 förorda
726 823 127 26 antagandet
868 824 23 19 af

132 857 118 20 Utskottets
270 856 137 20 betänkande.
438 856 107 20 Utskottet
560 856 37 20 har
615 856 107 20 förändrat
737 857 59 19 ordet
811 857 77 20 eller”

133 890 30 19 till
186 890 72 20 ”såväl
284 901 23 3 --
332 890 64 25 som”,
420 890 81 19 hvilket
524 896 36 13 var
583 890 22 19 af
618 890 74 26 högsta
708 891 75 26 nöden,
799 891 88 20 emedan

133 924 61 26 eljest
216 923 81 20 kunnat
315 923 76 26 hända,
407 926 30 17 att
452 930 25 13 en
495 923 143 21 befälhafvare
654 923 99 20 aflemnat
767 924 76 26 godset
858 925 31 19 till

132 965 26 12 en
182 958 104 19 insolvent
308 957 169 27 lastemottagare
501 958 40 19 och
561 957 64 20 sedan
641 957 89 20 kommit
746 958 87 20 tillbaka
849 959 39 20 och

132 991 80 20 fordrat
228 991 82 20 frakten
326 993 23 19 af
362 992 141 26 befraktaren,
520 992 65 19 ehuru
601 992 38 19 han
656 992 49 25 sjelf
723 993 121 20 försummat
859 995 30 18 att

132 1025 52 21 söka
206 1025 44 20 utfä
272 1026 121 20 densamma
415 1033 23 13 ur
455 1026 72 24 lasten,
543 1032 45 13 som
604 1028 60 24 utgör
680 1026 117 26 underpant
812 1027 76 20 derför.

132 1059 38 20 Om
182 1059 129 26 rigtigheten
327 1059 23 20 af
363 1059 40 20 den
419 1059 88 26 princip,
522 1061 30 18 att
567 1065 26 14 en
609 1059 103 26 skeppare
728 1060 53 20 skall
797 1060 20 20 fä
833 1061 56 20 hälla

132 1093 32 27 sig
179 1093 32 20 till
231 1092 134 21 befraktaren
384 1093 32 19 för
433 1093 106 20 bristande
555 1093 61 24 frakt,
632 1093 70 20 derest
718 1093 67 20 lasten
801 1094 37 19 har
853 1101 34 12 va-

131 1127 30 20 vit
171 1127 127 26 otillräcklig
309 1127 30 20 till
350 1127 131 20 densammas
493 1126 132 20 betäckande
640 1126 42 20 kan
698 1127 34 20 väl
747 1134 50 13 vara
813 1129 20 18 tu
849 1128 39 25 tal;

130 1168 48 13 men
192 1161 37 26 jag
244 1161 32 19 för
291 1161 41 20 min
349 1161 33 20 del
398 1167 67 18 anser,
481 1163 30 18 att
522 1161 27 20 dä
558 1163 30 18 ett
597 1161 102 20 kontrakt
710 1164 103 23 uppgöres
825 1162 62 19 emel-

129 1195 35 21 lan
188 1195 133 21 befraktaren
344 1196 39 19 och
406 1195 165 25 befälhafvaren,
594 1195 36 20 bör
653 1195 65 20 också
732 1195 156 20 befraktaren
875 1191 15 34 i

130 1230 50 20 sista
195 1229 56 20 hand
267 1229 89 26 fullgöra
371 1228 127 26 kontraktet,
514 1228 23 20 sä
552 1228 62 19 framt
629 1228 40 19 han
686 1228 18 25 ej
722 1227 119 20 förbehällit
856 1229 32 26 sig

129 1266 31 17 att
175 1269 51 14 vara
241 1263 90 20 derifrän
348 1262 87 20 befriad.
465 1262 39 26 Jag
521 1264 41 17 tror
577 1261 124 26 visserligen
716 1263 30 18 att
761 1262 6 19 i
778 1262 110 20 framtiden

129 1298 36 19 det
180 1297 59 20 alltid
255 1297 53 20 skall
324 1296 64 19 blifva
403 1295 64 25 fallet,
482 1297 31 18 att
528 1295 34 20 vid
577 1295 114 26 inlastning
710 1295 22 20 af
746 1295 80 20 mindre
843 1299 44 16 vär-

129 1331 79 20 defulla
224 1331 63 20 laster
302 1331 51 19 eller
369 1329 116 20 afslutande
497 1330 22 19 af
529 1330 135 25 certepartier
675 1336 32 13 om
720 1329 84 26 sädana,
815 1329 73 26 hvarje

129 1365 97 26 försigtig
242 1365 118 20 befraktare
377 1364 54 20 skall
447 1363 118 20 förbehälla
581 1364 31 25 sig
623 1365 30 18 att
664 1369 49 14 vara
723 1363 26 19 fri
760 1363 44 20 frän
816 1363 72 27 hvarje

129 1399 152 26 efterräkning,
304 1405 47 14 men
367 1399 36 19 det
426 1398 39 20 blir
488 1398 26 19 dä
538 1398 168 20 befälhafvarens
721 1397 37 20 sak
774 1399 29 18 att
819 1404 22 13 se
857 1398 31 19 till

128 1439 33 14 om
179 1433 41 20 han
239 1433 36 19 vill
295 1435 77 24 antaga
386 1433 56 19 frakt
456 1432 27 26 pä
502 1432 79 20 sädana
597 1432 67 19 vilkor
680 1432 52 19 eller
748 1431 53 20 icke.
