1070 1786
211 149 33 18 744
492 149 40 18 Den
545 150 23 17 20
581 150 59 22 April.

190 207 39 20 och
252 207 27 19 då
302 207 35 20 det
360 207 34 20 vid
418 207 73 20 sådant
516 207 131 20 förhållande
671 207 71 20 kunde
759 207 75 26 hända,
852 209 37 24 att,
905 213 33 14 om

191 241 63 20 äfven
270 241 117 20 Ständerne
404 243 76 24 antaga
495 241 151 25 betänkandet,
664 241 58 19 Hans
742 241 119 27 Kejserliga
875 241 63 26 Maje-

190 277 40 18 stät
246 275 55 20 dock
316 275 48 20 icke
380 275 67 19 skulle
463 275 114 26 godkänna
590 275 110 26 principen
712 281 33 14 om
757 275 127 20 Ständernes
895 275 42 20 del-

190 309 92 26 tagande
298 309 6 19 i
319 308 82 27 frågan,
417 310 68 18 ansett
501 308 49 26 mig,
567 308 67 20 såsom
651 308 48 26 den,
714 308 86 20 hvilken
816 309 56 19 inom
889 309 49 19 Bor-

189 342 135 27 gareståndet
340 343 64 19 väckt
419 342 123 26 petitionen,
558 342 51 20 böra
626 342 86 20 anhålla
734 344 30 18 att
786 342 93 26 Ständet,
905 349 32 13 om

189 377 37 19 det
240 379 78 24 antoge
333 376 152 26 betänkandet,
501 376 49 20 ville
570 376 31 20 för
620 376 32 20 sin
669 376 33 20 del
720 376 80 20 besluta
816 376 30 20 till
865 378 30 18 att
910 376 27 19 uti

187 410 137 26 inledningen
341 410 30 19 till
396 410 40 20 den
460 410 144 26 underdåniga
626 410 118 26 petitionen
764 410 77 26 skulle,
857 410 27 26 på
900 412 39 17 sätt

190 444 62 20 äfven
272 444 155 26 Ridderskapet
449 444 38 20 och
505 444 68 20 Adeln
589 444 91 25 beslutit,
696 444 103 26 åberopas
817 445 19 25 ej
853 444 87 19 allenast

192 479 12 19 2
220 478 49 26 kap.
286 478 22 20 B.
324 478 23 20 B.
363 478 6 19 i
386 478 40 19 den
442 484 76 20 genom
539 478 127 20 Ständernes
687 478 128 20 medverkan
831 478 110 20 tillkomna

189 512 124 26 landslagen
339 512 23 20 af
382 512 60 26 1442,
466 512 81 19 hvilket
569 512 87 19 handlar
679 518 45 13 om:
750 512 70 20 ”Huru
841 518 46 13 man
907 518 33 13 ma

191 546 51 26 nyia
258 546 68 26 vägha
342 546 78 26 läggia,
436 546 39 19 och
491 546 70 26 gamla
582 547 44 18 ater
645 546 84 26 täppa”,
752 547 49 19 utan
820 545 68 26 äfven,
910 547 30 18 att

191 580 134 26 Regeringen
349 580 36 19 vid
412 580 52 19 1867
488 579 33 20 års
543 580 101 26 landtdag
666 580 91 26 förelagt
780 579 115 20 Ständerne
913 586 26 12 en

190 614 71 26 Nädig
276 613 131 26 proposition
424 619 32 13 om
473 613 124 19 vattenverk
614 613 38 20 och
669 613 184 26 vattenledningar
874 613 7 19 i
896 613 43 19 lan-

192 648 42 24 det,
250 647 86 20 hvilken
351 647 45 19 ledt
414 646 32 20 till
469 647 124 19 utfärdande
608 647 24 19 af
649 647 120 26 Kejserliga
791 646 148 27 förordningen

194 682 39 19 den
258 681 26 19 23
304 681 54 19 Mars
381 681 60 25 1868,
457 687 43 13 som
517 680 117 20 innehäller
650 680 130 27 stadganden
798 680 61 20 bland
878 682 63 18 annat

192 721 34 13 om
243 714 121 26 kungsädra
379 714 39 20 och
434 714 97 20 farleder.

262 748 53 20 Herr
331 744 148 30 Öhrnberg:
504 748 40 26 Jag
569 748 37 20 ber
630 750 31 17 att
685 748 21 19 fä
730 748 135 26 understödja
889 748 53 20 Herr

191 783 105 25 Procop6s
319 782 79 26 förslag
422 782 38 19 och
483 784 30 17 att
535 782 71 25 sedan,
626 782 55 19 hvad
699 782 75 25 sjelfva
789 782 64 20 saken
870 782 71 26 angår,

193 816 108 26 tillstyrka
315 815 129 27 antagandet
459 816 22 19 af
495 816 111 19 utskottets
622 815 141 21 betänkande.
788 816 35 20 Uti
839 816 57 19 detta
907 816 34 19 be-

194 850 107 20 tänkande
317 852 35 17 äro
368 849 26 20 de
410 849 106 20 allmänna
532 849 137 26 synpunkter,
686 856 52 19 som,
754 850 66 26 enligt
831 850 110 19 utskottets

194 884 61 25 äsigt,
272 883 64 19 borde
352 885 51 24 göra
418 883 32 26 sig
466 883 97 26 gällande
579 884 35 18 vid
633 883 148 20 utarbetandet
799 884 24 19 af
839 884 36 19 det
897 884 45 19 blif-

194 917 68 20 vande
278 916 141 27 lagförslaget,
436 919 107 23 upptagna
558 917 5 19 i
579 917 40 19 den
641 917 129 26 föregäende
789 917 152 26 motiveringen

194 951 39 20 ocb
249 951 49 19 icke
313 950 132 20 annorlunda
460 953 26 16 än
502 951 161 26 antydningsvis
680 951 119 26 upprepade
821 951 27 20 uti
868 951 75 26 sjelfva

195 985 102 26 förslaget
312 984 31 19 till
359 984 130 26 underdänig
505 985 94 25 petition.
628 984 41 27 Jag
692 985 42 19 kan
755 985 82 20 derföre
859 985 85 20 förorda

196 1019 58 20 detta
269 1018 129 19 sistnämnde
414 1017 84 26 förslag,
522 1018 65 19 ehuru
605 1018 43 26 jag,
668 1018 131 20 beträffande
819 1018 124 20 åtminstone

195 1060 25 13 en
237 1053 46 19 utaf
296 1053 25 19 de
337 1052 92 19 nämnda
444 1052 106 19 allmänna
565 1052 160 26 synpunkterna
740 1052 31 20 för
787 1053 41 19 min
848 1053 96 19 enskilda

196 1087 34 20 del
247 1087 63 25 hyser
325 1085 133 20 tvifvelsmål.
488 1086 76 25 Fjerde
580 1085 93 26 punkten
690 1086 23 19 af
726 1086 143 20 betänkandet
886 1087 58 20 inne-

194 1120 68 20 håller
278 1120 112 26 nemligen,
412 1121 30 18 att
456 1120 6 19 i
479 1119 228 27 tidsbeslämningarne
728 1120 32 19 för
776 1121 168 26 jernvägsbygg-

196 1154 80 20 nadens
292 1153 112 20 utförande
421 1153 37 20 bör
473 1153 82 27 intagas
567 1153 47 20 icke
626 1153 52 20 blott
688 1154 107 26 terminer,
806 1155 55 19 inom
873 1154 72 19 hvilka

196 1189 123 19 densamma
334 1187 38 19 bör
388 1193 50 13 vara
454 1187 101 26 påbörjad
571 1190 53 16 samt
639 1187 104 20 särskilda
761 1188 58 20 delar
839 1189 39 19 och
897 1188 48 19 hela

197 1222 68 19 banan
289 1220 127 26 fulländade,
440 1222 48 18 utan
513 1221 61 20 äfven
598 1220 92 21 vilkoret
708 1223 30 18 att
755 1221 191 27 byggnadsarbetet

196 1256 106 19 oafbrutet
324 1255 37 20 bör
384 1255 74 26 fortgå.
488 1255 75 19 Denna
584 1255 67 26 punkt
666 1261 64 20 synes
746 1256 43 26 mig
804 1255 12 20 å
831 1263 40 12 ena
886 1256 58 19 sidan

196 1296 50 13 vara
261 1289 32 20 för
313 1291 71 24 sträng
404 1288 40 20 och
459 1289 12 19 å
487 1289 39 20 den
551 1289 65 20 andra
631 1289 87 26 mycket
733 1289 38 20 lätt
786 1289 71 20 kunna
875 1290 70 19 elude-

196 1330 40 13 ras.
266 1323 41 20 Det
321 1323 42 19 kan
380 1322 113 26 nemligen,
509 1323 12 19 å
536 1329 40 13 ena
591 1323 67 24 sidan,
673 1323 76 26 uppstå
763 1323 60 27 fråga
837 1330 33 13 om
892 1323 53 20 hvad

197 1364 44 13 som
267 1356 105 20 erfordras
396 1356 31 19 för
449 1358 30 18 att
506 1363 46 13 man
575 1357 54 20 skall
652 1357 73 20 kunna
745 1360 56 23 säga,
821 1359 30 18 att
865 1358 82 20 arbetet

198 1390 110 26 verkligen
325 1389 68 21 blifvit
409 1389 121 27 påbörjadt;
551 1391 46 26 och,
619 1391 12 20 å
652 1391 66 20 andra
733 1391 58 20 sidan
809 1397 32 14 om
860 1391 86 20 konces-

198 1425 97 19 sionären
311 1423 133 26 sysselsätter
465 1425 74 19 endast
558 1425 64 26 några
642 1425 20 19 få
682 1431 100 20 personer
802 1425 46 20 med
867 1426 80 25 arbete,
