1070 1786
191 175 46 16 1206
493 173 41 17 Den
547 173 22 17 16
581 173 40 22 Maj.

170 239 34 12 om
221 235 37 16 när
274 233 28 18 ett
319 231 80 26 fartygs
415 237 46 13 resa
477 231 53 19 skall
546 237 62 14 anses
624 237 52 13 vara
694 231 97 25 afslutad,
808 231 23 19 så
851 231 35 19 vill
902 231 36 26 jag

172 265 74 21 endast
268 265 54 19 fästa
344 264 185 27 uppmärksamhet
552 265 27 26 på
602 266 36 21 att,
663 264 69 20 såsom
750 265 43 26 mig
808 271 70 20 synes,
894 265 44 19 från

172 300 71 19 denna
260 301 9 21 $
286 298 90 26 framgår
392 301 37 16 när
445 298 75 19 sådant
537 298 62 26 skett,
616 299 108 26 nemligen
736 298 27 19 då
774 298 103 26 fartygets
888 299 48 19 loss-

171 334 51 25 ning
239 332 69 20 blifvit
323 331 114 20 fulländad.

240 366 66 19 Herr
322 365 111 19 Kurtén:
463 365 71 19 Ehuru
547 366 38 25 jag
601 366 19 25 ej
636 372 63 13 anser
715 367 29 18 att
760 366 53 19 Herr
833 366 105 20 Boströms

172 400 142 26 anmärkning
329 400 41 18 kan
386 399 48 19 leda
450 399 29 19 till
496 398 69 27 någon
583 399 124 26 förändring
723 400 94 19 hvarken
833 400 22 19 af
869 400 69 19 denna

173 437 9 22 $
204 434 52 20 eller
276 434 22 19 af
315 433 39 20 den
371 433 55 19 förut
441 433 72 26 gjorda
529 433 102 19 remissen
648 433 22 19 af
684 435 58 22 S$:na
757 440 32 13 om
807 434 66 20 slutad
886 440 52 19 resa,

174 468 22 19 så
215 470 43 17 tror
276 468 36 25 jag
332 467 42 25 mig
395 466 53 20 dock
466 466 50 20 böra
531 466 90 26 påpeka,
638 468 30 18 att
683 466 38 20 här
736 469 22 17 är
773 467 60 27 fråga
849 474 32 13 om
899 468 39 19 slu-

174 502 34 19 tad
224 508 54 18 resa,
294 501 7 19 i
316 500 99 20 afseende
432 500 12 20 å
459 500 240 26 försäkringsgifvarens
710 501 136 20 förhållande
857 501 30 19 till
899 501 39 19 för-

174 535 185 26 säkringstagaren
383 534 38 20 och
446 536 94 18 tvärtom.
571 534 10 19 I
605 534 25 20 de
650 536 22 22 $$
688 534 52 26 åter,
756 542 44 13 som
816 536 23 18 af
852 534 88 20 Ståndet

175 570 55 19 förut
254 569 171 19 återremitterats
446 568 30 19 till
495 568 114 25 Utskottet,
626 569 37 19 har
680 569 54 19 varit
748 569 59 26 fråga
823 575 32 14 om
872 569 65 19 slutad

174 610 53 19 resa,
243 603 6 19 i
266 602 99 20 afseende
381 602 11 19 å
408 602 157 26 besättningens
582 602 52 20 eller
646 602 169 20 befälhafvarens
827 602 111 20 förhållan-

175 638 25 19 de
224 637 32 19 till
278 637 96 25 rederiet,
398 636 39 20 och
461 636 26 20 då
503 637 18 25 ej
538 636 65 26 något
618 636 64 20 skildt
698 637 36 19 ord
750 637 7 19 i
773 637 83 26 språket
872 636 66 20 finnes

175 672 31 18 för
229 673 30 17 att
282 671 103 19 beteckna
408 677 25 13 en
457 677 52 18 resa,
531 670 110 20 betraktad
658 670 45 20 från
720 671 91 20 nämnde
826 670 113 29 synpunkt,

175 705 23 19 så
221 705 65 19 borde
310 712 24 12 en
358 704 88 20 särskild
467 704 109 20 definition
592 704 116 26 uppställas
724 704 22 20 af
760 705 53 19 hvad
830 705 47 19 med
892 710 46 14 resa

176 738 81 26 förstås,
274 738 26 20 då
316 738 72 26 frågan
405 738 66 26 gäller
487 739 84 19 redares
582 738 134 20 förhållande
727 738 30 20 till
769 738 119 26 besättning
900 738 38 20 och

178 772 148 25 befälbafvare,
338 772 79 19 hvilket
429 778 36 13 var
477 772 34 20 det
522 778 43 14 som
578 772 34 20 vid
624 772 147 20 återremissen
780 772 39 25 af
809 768 9 34 $
829 773 25 19 54
863 772 75 26 afsågs.

246 806 63 19 Herr
324 806 131 19 Boström:
485 806 41 19 Det
541 812 36 13 var
593 806 52 19 visst
660 806 19 26 ej
697 806 43 19 min
755 806 85 26 mening
857 808 28 17 att
903 805 35 20 nå-

176 846 41 20 gon
239 839 123 27 förändring
381 840 68 19 skulle
465 840 37 19 ske
519 840 93 19 hvarken
628 840 6 18 i
652 840 69 19 denna
736 842 10 22 $
762 840 51 19 eller
828 840 6 19 i
851 840 40 19 den
907 846 30 12 re-

177 874 40 20 dan
238 874 96 20 beslutna
353 874 146 20 återremissen
520 874 23 18 af
561 873 128 26 föregående
711 876 49 23 $:er,
776 876 47 16 utan
840 873 49 19 ville
903 874 36 24 jag

178 908 58 25 blott,
258 907 47 20 med
324 907 115 26 anledning
458 907 23 19 af
498 907 54 20 hvad
573 907 55 19 förut
647 907 53 19 varit
722 907 59 26 fråga
801 913 40 19 om,
857 906 82 26 påpeka

177 943 29 18 ett
222 941 64 26 något
301 941 21 19 så
339 943 36 17 när
390 940 101 19 liknande
506 940 43 25 fall,
565 940 37 19 der
618 940 134 27 bestämning
767 940 66 20 finnes
849 946 34 13 om
902 943 36 16 när

177 982 25 12 en
218 981 48 14 resa
281 975 53 19 skall
350 981 60 13 anses
428 980 49 13 vara
493 974 95 19 afslutad.

245 1009 66 20 Herr
326 1009 146 19 Lindblom:
502 1008 40 26 Jag
559 1008 68 19 skulle
643 1008 31 19 för
691 1009 43 18 min
750 1008 32 19 del
800 1008 83 21 förorda
904 1015 35 13 an-

177 1043 91 27 tagande
292 1043 23 20 af
334 1043 116 20 Utskottets
474 1042 140 26 betänkande,
634 1049 44 13 som
693 1043 37 26 jag
747 1042 67 20 finner
830 1048 49 14 vara
894 1042 44 26 tyd-

177 1078 39 26 ligt
232 1077 39 20 och
287 1077 60 20 klart.

246 1110 70 20 Sedan
340 1109 145 20 diskussionen
509 1109 111 20 förklarats
643 1109 97 24 afslutad,
765 1109 66 20 beslöt
846 1109 93 26 Ståndet,

178 1145 26 26 på
223 1144 155 26 framställning
396 1144 22 19 af
435 1144 66 19 Herr
519 1143 175 26 Talmannen,
713 1145 30 18 att
762 1146 77 23 antaga
854 1143 83 20 Utskot-

177 1181 41 17 tets
233 1179 78 25 förslag
327 1178 30 19 till
373 1180 9 21 $
401 1178 45 18 191.

281 1210 28 29 $$
325 1211 97 20 192—194
438 1211 123 26 godkändes
576 1213 49 17 utan
642 1210 125 20 diskussion.

280 1245 27 28 $$
322 1245 95 20 193—201
434 1247 88 24 antogos
539 1247 47 18 utan
603 1245 126 20 diskussion.

281 1279 13 28 G
308 1279 42 20 202.

247 1315 62 19 Herr
332 1314 106 19 Kurtén:
469 1313 9 19 I
501 1315 9 22 $
534 1313 40 20 202
595 1319 60 14 anser
668 1313 38 26 jag
721 1313 126 26 stadgandet
863 1319 32 13 om
911 1315 29 16 att

179 1349 33 18 vid
234 1348 85 25 ombyte
339 1347 22 20 af
379 1347 144 20 befälhafvare
542 1347 12 19 å
569 1347 77 26 fartyg,
662 1353 44 12 som
718 1349 23 16 är
757 1347 117 18 försäkradt
889 1347 51 18 eller

179 1382 115 25 inrymmer
312 1381 118 20 försäkradt
445 1380 52 27 gods
513 1380 199 26 försäkringsrätten
732 1383 23 16 ät
770 1380 119 25 förverkad,
905 1387 35 19 ge-

179 1421 48 13 nom
246 1414 116 20 uraktläten
380 1415 96 19 anmälan
498 1414 70 20 derom
585 1414 37 19 hos
638 1413 234 27 försäkringsgifvaren,
892 1420 49 13 vara

179 1448 64 27 nägot
263 1449 32 19 för
313 1450 86 25 strängt.
429 1449 41 19 Det
490 1448 79 20 händer
588 1447 94 20 särdeles
698 1447 44 20 ofta
757 1450 30 17 att
802 1447 138 26 försäkrings-
