1070 1786
0 1005 9 433 VV
0 1043 16 65 OSS
0 919 16 55 AES
0 872 16 25 A
0 664 12 196 S.

212 159 34 17 638
494 159 40 18 Den
549 160 20 17 13
583 161 53 22 April

209 217 71 19 derom
298 219 30 18 att
344 218 39 19 den
400 218 44 19 deri
463 218 108 20 bestämda
587 219 73 19 lärotid
677 222 23 16 är
714 219 133 26 otillräcklig,
857 221 102 21 hvarföre,

210 251 39 19 och
270 251 26 20 då
316 251 41 27 mig
376 258 70 19 synes,
465 254 31 18 att
514 253 73 19 hittills
607 253 88 19 anförda
711 253 105 26 klagomål
833 254 58 19 öfver
908 255 51 19 läro-

210 285 68 19 tidens
303 285 83 20 korthet
404 286 48 20 icke
475 289 36 17 äro
532 287 134 25 tillräckliga,
685 287 32 19 för
736 289 29 17 att
780 287 81 20 landets
878 295 26 12 nu
920 289 39 19 för-

211 319 93 20 samlade
321 320 89 19 Ständer
426 320 26 26 på
468 320 66 26 grund
552 321 22 19 af
587 321 47 19 dem
650 320 69 20 skulle
735 327 75 20 genom
830 328 24 13 en
872 323 86 25 petition

211 352 53 20 söka
280 354 105 25 upphäfva
400 361 26 12 en
443 354 81 27 åtgärd,
540 355 100 26 vidtagen
657 355 33 19 vid
708 357 83 18 senaste
807 356 106 26 landtdag,
923 357 36 25 jag

211 393 61 13 anser
298 388 42 26 mig
363 388 31 19 för
418 388 131 20 närvarande
574 389 49 19 böra
646 389 94 26 afstyrka
759 390 126 25 petitionens
903 392 57 18 anta-

211 421 76 25 gande.

282 455 51 20 Herr
348 456 108 21 Kurtén:
480 457 40 19 Till
544 464 24 13 en
594 458 71 25 början
686 458 95 19 anhåller
794 459 37 26 jag
851 461 29 17 att
896 459 20 19 få
930 459 30 19 in-

211 488 63 27 lägga
297 492 78 24 protest
400 494 42 16 mot
465 492 40 19 den
527 492 139 26 uppfattning,
685 498 44 13 som
746 493 54 25 gjort
815 493 32 25 sig
865 493 96 26 gällande

212 523 80 25 derom,
307 526 31 17 att
353 524 25 20 de
395 525 98 20 Ståndets
509 526 143 22 medlemmar,
668 532 44 13 som
731 528 82 17 motsatt
829 527 31 26 sig
879 527 82 25 pelitio-

213 564 47 19 nen,
287 558 67 20 skulle
378 559 55 26 gjort
456 560 35 19 det
514 560 66 20 under
603 560 40 19 den
664 560 153 27 förutsättning,
834 563 29 18 att
879 561 82 20 slafveri

213 592 39 19 och
269 593 128 19 misshandel
413 600 49 12 vore
479 595 116 25 någonting
611 595 79 25 vanligt
710 594 24 19 af
751 595 153 19 handtverkare
920 598 42 17 mot

214 627 134 26 lärlingarne.
380 627 72 19 Såsom
473 628 49 26 sjelf
539 635 25 13 en
587 635 53 13 man,
657 628 94 20 hörande
766 628 31 19 till
813 628 25 20 de
855 629 107 25 praktiska

212 662 90 25 yrkena,
322 662 63 26 hyser
402 662 38 26 jag
458 662 41 20 den
515 665 75 17 största
610 662 88 26 aktning
715 662 31 19 för
762 662 199 20 handtverkerierne

214 696 39 19 och
270 696 59 19 deras
345 696 81 20 idkare.
456 696 39 26 Jag
511 696 37 20 har
565 699 82 17 motsatt
664 696 43 26 mig
727 696 128 26 antagandet
875 696 22 19 af
910 696 50 26 peti-

215 729 70 19 tionen
308 730 75 19 endast
405 730 27 26 på
455 731 127 19 humanitets
601 730 45 20 skäl
665 730 39 20 och
721 730 78 19 försökt
816 730 49 25 visa,
881 733 30 17 att
925 737 35 13 an-

213 764 115 26 ledningen
345 765 30 19 till
393 765 122 25 petitionen,
533 765 39 19 den
589 764 101 26 påstådda
707 764 145 20 erfarenheten
864 764 55 19 såväl
929 771 32 13 om

215 798 39 19 den
272 798 54 20 våda
349 799 150 25 förordningen
523 799 67 19 skulle
610 799 97 23 medfört,
723 804 44 14 som
783 798 64 20 också
863 799 34 19 det
913 799 48 19 ned-

214 832 82 26 gåeude
320 833 22 19 af
358 833 209 25 handtverkerierne,
586 840 44 12 som
652 833 68 19 skulle
737 832 106 26 försports,
859 833 37 19 har
911 834 52 18 varit

214 866 86 27 oriktig.
332 863 61 23 Annu
411 874 56 12 mera
484 867 82 19 bevisar
581 867 35 19 det
632 868 32 24 sig
679 873 75 20 genom
771 867 53 19 Herr
843 867 65 26 Freys
921 870 40 23 ytt-

214 900 72 25 rande,
302 903 30 16 att
347 901 64 19 redan
428 901 62 26 länge
507 901 67 19 förrän
592 901 67 26 någon
677 901 73 26 åtgärd
770 901 31 19 för
820 901 141 26 tillvägabrin-

214 934 68 26 gande
305 935 23 18 af
348 935 116 25 petitionen
489 935 54 19 hade
569 934 65 20 blifvit
659 935 84 24 bekant,
760 934 201 20 handtverkarene
949 930 16 34 i

215 968 89 26 Wiborg
320 969 53 19 hade
390 969 75 19 önskat
481 971 29 17 att
526 976 25 12 en
569 969 122 26 förändring
707 969 29 18 uti
750 968 159 25 ifrågavarande
920 971 41 17 äm-

215 1009 26 12 ne
258 1003 62 19 måtte
344 1003 141 26 genomföras.
518 1003 62 19 Detta
604 1003 88 19 bevisar,
716 1005 30 16 att
765 1002 145 19 erfarenheten
926 1002 37 19 alls

214 1037 47 18 icke
286 1037 66 25 aktas,
375 1040 23 23 ty
421 1037 67 19 såsom
506 1037 37 26 jag
564 1037 63 19 redan
644 1037 34 19 vid
695 1039 31 17 ett
741 1036 127 26 föregående
884 1037 79 19 tillfälle

215 1073 79 21 nämnt,
315 1071 36 19 har
371 1071 69 19 denna
460 1071 122 26 förordning
602 1071 48 19 icke
666 1071 81 19 kunnat
762 1070 108 19 föranleda
888 1071 30 18 till
935 1072 28 17 ut-

213 1105 104 26 skrifning
332 1105 23 19 af
369 1105 68 26 några
452 1105 123 26 utlärlingar
590 1105 51 19 eller
657 1104 120 26 antagande
788 1104 22 19 af
818 1105 90 25 gesäller
918 1104 45 19 från

216 1139 74 26 längre
310 1139 69 20 datum
401 1139 87 20 tillbaka
507 1142 24 16 än
552 1139 40 19 den
610 1140 8 17 1
637 1139 40 25 Maj
698 1139 59 24 1871,
776 1138 131 19 alldenstund
923 1139 39 18 den

215 1173 73 19 trädde
304 1173 6 18 i
326 1173 98 25 gällande
447 1173 54 19 kraft
525 1173 51 19 först
599 1173 39 19 den
658 1174 6 17 1
685 1172 40 26 Maj
744 1173 59 18 1868.
834 1172 49 19 Icke
900 1173 64 19 heller

214 1208 37 18 har
275 1207 68 26 någon
368 1207 23 19 af
412 1207 53 24 dem,
487 1213 43 13 som
548 1208 84 18 motsatt
647 1206 31 26 sig
696 1206 122 26 petitionen,
834 1206 84 19 tillmätt
933 1206 31 26 sig

214 1241 95 26 förmåga
331 1243 30 18 att
387 1241 122 24 bestämma,
526 1247 32 14 om
575 1247 25 14 en
618 1247 74 19 person
710 1240 58 20 alltid
786 1240 25 25 på
827 1243 29 16 tre
875 1241 23 18 år
913 1241 51 19 eller

214 1275 84 19 kortare
313 1275 29 19 tid
359 1275 41 19 kan
420 1275 64 20 blifva
499 1275 74 24 utlärd,
590 1281 84 13 snarare
699 1274 63 19 hafva
784 1274 25 19 de
829 1274 23 19 af
868 1274 96 20 Ståndets

215 1309 141 25 medlemmar,
374 1315 43 14 som
435 1309 102 20 försvarat
552 1309 122 26 petitionen,
690 1309 57 26 gjort
765 1308 31 26 sig
815 1308 98 26 skyldiga
934 1309 29 18 till

213 1343 139 26 påståenden,
368 1349 44 14 som
430 1343 47 20 icke
493 1343 71 20 kunna
579 1343 63 20 hafva
657 1349 69 13 annan
748 1342 66 26 grund
835 1345 26 16 än
880 1344 29 17 ett
925 1343 38 19 för-

215 1377 100 20 utseende
336 1377 6 19 i
361 1377 40 19 den
426 1380 75 23 vägen.
535 1377 38 20 Om
601 1378 34 19 det
658 1377 79 20 vackra
760 1375 136 26 förhällaude,
921 1383 44 13 som

213 1411 55 19 Herr
292 1411 108 26 Wallgren
425 1411 120 22 framhållit,
571 1411 106 26 nemligen
706 1412 30 17 att
758 1410 75 25 lärling
855 1409 69 21 blefve
940 1417 25 12 en

213 1445 90 20 medlem
320 1445 23 19 af
357 1445 97 26 familjen
472 1446 5 19 i
495 1445 35 20 det
546 1445 175 25 handtverkshus,
741 1444 43 19 deri
799 1444 39 19 han
856 1444 66 19 blifvit
931 1451 34 13 an-
