1070 1786
438 136 41 17 Den
491 135 21 18 21
525 136 43 23 Maj.
814 136 44 18 1319

129 195 45 16 tens
197 193 65 20 värde
280 193 40 21 och
339 193 97 20 bankens
456 193 61 20 deraf
533 193 107 20 beroende
655 193 100 20 säkerhet
770 193 27 26 på
812 193 68 26 någon

129 233 53 19 egen
207 227 129 25 kännedom;
352 222 43 25 och
416 227 26 20 då
459 227 37 26 jag
512 227 32 19 för
560 227 42 19 min
619 227 34 20 del
669 227 67 20 måste
752 227 128 20 fortfarande

130 260 58 25 hylla
206 261 41 19 den
267 261 61 26 åsigt,
344 264 29 17 att
390 261 83 20 banken
489 261 48 19 icke
555 261 36 19 bör
609 261 115 26 vinnlägga
738 261 32 26 sig
785 263 30 17 att
831 261 50 19 idka

130 294 39 19 den
187 295 133 25 lånerörelse,
336 301 44 13 som
398 297 85 17 nämnes
495 295 7 19 i
514 300 62 14 mom.
587 294 19 25 d,
618 295 65 19 håller
696 295 38 25 jag
750 295 64 19 också
829 295 52 23 före,

129 330 31 18 att
183 328 40 20 den
243 328 160 26 inskränkning,
424 335 43 13 som
485 328 34 20 det
535 328 88 26 tillagda
638 328 60 20 ordet
714 328 91 20 ”första”
821 329 58 19 inne-

131 362 42 26 bär,
198 362 40 20 kan
261 362 92 20 försvara
375 363 31 19 sin
427 362 61 26 plats.
519 362 31 20 Då
567 363 37 25 jag
620 362 90 20 nämnde
726 362 26 20 de
769 365 55 24 tysta
840 363 39 19 för-

130 396 160 26 månsrätterna,
313 396 23 20 så
358 397 63 19 visste
444 396 62 20 äfven
529 396 42 26 jag,
591 398 29 18 att
640 396 80 20 sådana
739 396 72 20 kunna
826 397 53 19 före-

130 430 84 20 komma
236 430 66 20 också
322 430 37 20 der
382 430 85 20 banken
491 430 36 20 har
547 430 65 19 första
632 430 133 26 inteckning:
783 437 46 13 men
843 431 37 25 jag

129 464 90 20 nämnde
242 464 47 20 dem
313 464 89 26 derföre,
424 467 30 17 att
474 464 61 20 deras
556 464 76 26 belopp
648 464 44 20 ofta
707 467 23 17 är
746 464 79 20 okändt
841 464 38 20 och

130 500 30 18 att
182 498 26 20 de
228 498 41 20 öka
289 498 39 20 den
348 498 119 26 olägenhet,
483 504 43 14 som
544 498 39 20 den
601 498 190 26 omständigheten,
808 501 30 17 alt
853 505 25 13 en

131 532 67 20 bättre
213 532 124 26 rätlegande
353 532 124 26 inteckning
492 532 120 25 förefinnes,
629 532 86 20 medför.

197 566 65 20 Herr
285 567 153 26 Björksten:
461 567 50 19 Helt
526 567 39 20 och
581 566 64 20 hälle!
661 567 154 20 instämmande
826 567 6 19 i
844 567 35 20 Ut-

130 599 89 21 skottets
242 600 134 20 betänkande
399 600 31 20 för
454 600 70 27 öfrigt,
548 600 67 20 finner
632 601 37 25 jag
691 600 53 20 dock
761 601 38 19 här
814 600 66 20 under

130 634 38 19 litt.
191 634 5 20 d
212 641 25 13 en
261 635 162 26 omständighet,
447 641 44 13 som
514 634 48 20 icke
585 634 107 20 förefaller
712 635 44 26 mig
774 634 47 20 klar
841 634 38 20 och

131 668 123 27 tillräckligt
270 669 122 25 motiverad,
409 669 106 26 nemligen
527 668 171 26 bestämningen:
710 668 52 20 ”och
773 669 53 19 skall
836 669 44 26 gäl-

131 702 99 26 denären,
246 709 74 19 genom
336 703 134 26 egenhändig
485 702 129 26 anteckning
625 702 27 26 på
663 702 142 26 skuldsedeln,
817 703 61 19 hafva

130 736 110 26 medgifvit
262 736 132 20 densammas
417 737 144 26 pantsättning
581 736 7 20 i
607 736 104 20 banken”.
741 736 40 27 Jag
805 737 75 19 förstår

129 770 47 20 icke
200 770 96 20 hvarföre
320 771 34 19 det
373 771 54 20 skall
448 777 49 14 vara
517 770 80 27 nödigt,
617 772 31 18 att
662 771 129 26 anteckning
807 771 73 19 härom

130 804 143 26 egenhändigt
288 807 60 24 göres
364 805 21 19 af
399 804 172 29 gäldenären
542 800 26 37 på
586 804 76 26 sjelfva
673 804 142 20 skuldsedeln.
832 805 47 19 Med

130 838 129 28 gäldenären
275 839 40 19 kan
332 839 37 19 här
384 839 134 26 naturligtvis
533 839 48 19 icke
597 838 75 20 förstås
689 838 68 27 någon
773 845 70 13 annan
853 841 26 17 än

131 872 121 20 utställaren
276 874 22 18 af
318 873 40 20 den
379 876 106 23 pantsatta
505 878 110 19 reversen;
631 872 40 20 och
687 872 26 20 då
728 873 37 19 det
779 873 44 19 ofta
838 872 41 20 kan

131 913 50 13 vara
203 907 57 19 svårt
283 907 30 19 för
336 907 156 20 lånesökanden
513 909 30 17 att
559 906 21 20 få
595 906 70 20 denna
680 907 149 26 egenhändiga
844 913 35 13 an-

131 939 100 28 teckning
246 941 27 26 på
288 941 141 26 skuldsedeln,
445 941 23 20 så
483 947 62 14 anser
558 941 37 26 jag
611 940 84 20 banken
712 940 71 20 kunna
799 941 82 26 åtnöjas

131 980 32 13 om
188 974 50 20 blott
262 975 140 26 gäldenärens
425 975 128 26 uttryckliga
573 975 149 26 medgifvande
741 975 30 19 till
787 975 94 26 pantför-

131 1008 131 27 skrifningen
285 1009 71 20 finnes.
386 1009 40 26 Jag
450 1009 36 20 ber
506 1009 83 20 derföre
610 1009 20 19 få
646 1009 82 24 föreslå,
745 1011 30 18 att
791 1015 62 14 mom.
869 1009 12 20 d

132 1042 60 27 finge.
208 1043 93 25 följande
317 1043 89 26 lydelse:
422 1043 152 26 ”skuldsedlar,
590 1043 31 19 till
637 1043 99 19 säkerhet
752 1043 30 20 för
798 1043 84 20 hvilkas

131 1076 93 20 innehåll
247 1077 123 26 inteckning
389 1077 7 20 i
416 1077 99 26 fastighet
539 1077 26 26 på
588 1077 72 20 landet
683 1077 51 20 eller
750 1077 5 19 i
772 1077 109 20 brandför-

133 1111 75 19 säkrad
227 1111 51 26 gård
294 1111 39 20 och
350 1113 51 18 tomt
417 1112 6 19 i
438 1111 45 20 stad
501 1114 22 17 är
539 1111 113 25 fastställd;
668 1111 40 20 och
724 1111 83 20 hvilkas
824 1114 57 23 pant-

132 1145 93 26 sättning
240 1145 6 19 i
264 1145 89 26 banken,
377 1146 69 19 derest
466 1145 138 20 skuldsedeln
624 1145 48 20 icke
687 1148 23 17 är
725 1145 62 20 ställd
805 1145 30 20 till
851 1151 30 14 or-

131 1179 54 25 dres,
201 1182 23 16 är
238 1179 24 19 af
275 1179 120 20 utställaren
413 1179 142 27 uttryckligen
572 1179 140 26 medgifven.”

201 1212 65 20 Herr
282 1213 142 19 Mechelin:
441 1213 82 20 Genom
541 1213 39 20 den
597 1214 23 18 af
633 1213 53 19 Herr
701 1213 112 26 Björksten
831 1213 51 19 före-

133 1247 73 26 slagna
229 1247 111 20 redaktion
360 1247 67 20 skulle
443 1247 6 20 i
465 1247 76 26 sjelfva
561 1247 73 20 verket
649 1247 7 19 i
672 1247 55 20 vissa
746 1247 35 20 fall
797 1253 27 14 en
841 1253 42 14 om-

133 1281 57 26 gång
213 1281 71 19 kunna
306 1281 102 20 undvikas
428 1281 31 20 för
478 1281 47 25 den,
542 1287 44 14 som
604 1281 36 19 vill
657 1281 75 20 belåna
747 1288 25 13 en
789 1281 95 19 skuldse-

135 1315 44 24 del;
200 1321 46 13 men
265 1315 36 26 jag
317 1317 42 18 tror
376 1315 54 20 dock
446 1315 54 25 icke,
517 1318 30 17 att
563 1315 69 20 denna
648 1315 90 26 omgång
754 1318 23 16 är
792 1315 23 19 så
831 1315 54 24 svår,

133 1350 30 17 att
182 1349 40 19 den
244 1348 35 20 bör
294 1349 7 19 i
317 1349 139 26 reglementet
471 1349 55 20 afses
542 1349 85 20 framför
643 1349 41 20 den
701 1349 72 25 fördel,
789 1355 44 13 som
851 1349 36 20 det

134 1383 38 19 har
194 1383 32 19 för
250 1382 83 20 banken
354 1385 30 17 att
402 1383 48 20 icke
472 1383 90 20 behöfva
577 1383 6 19 i
599 1390 25 13 en
641 1383 89 19 särskild
747 1383 72 26 bilaga
834 1383 53 19 söka

135 1417 45 19 stöd
197 1417 31 19 för
244 1417 34 19 sitt
294 1417 52 26 kraf,
362 1419 49 18 utan
428 1417 63 20 hafva
507 1417 40 20 den
565 1417 135 25 förbindelse,
712 1423 43 13 som
768 1417 134 26 medgifver
892 1413 12 35 -
