1070 1786
236 147 34 17 766
516 145 42 18 Den
570 146 21 16 22
604 145 60 23 April.

215 206 30 18 ett
260 204 75 19 sådant
350 203 127 20 frikallande
493 203 47 20 icke
557 203 101 20 behöfver
675 203 176 26 medborgesman
861 202 106 21 meddelas

216 239 39 20 och
272 238 70 20 denna
364 238 83 19 således
469 238 19 25 ej
512 237 67 20 heller
601 240 22 16 är
645 236 80 21 beredd
742 239 29 18 att
787 237 98 26 begagna
900 237 31 26 sig
947 237 22 19 af

216 273 32 20 sin
264 273 6 20 i
288 273 11 19 8
315 275 9 22 $
342 272 108 27 medgifna
472 272 185 26 uppsägningsrätt
680 271 33 20 för
736 273 29 18 att
784 271 6 20 i
807 271 29 20 tid
859 271 58 26 värja
935 271 32 26 sig

217 309 55 18 emot
289 307 85 26 möjliga
389 306 104 26 förluster,
509 312 61 14 anser
583 306 43 26 jag,
647 308 29 17 att
693 306 156 26 Lagutskottets
868 306 77 26 förslag
961 305 6 19 i

217 342 70 19 denna
309 341 41 26 del,
373 340 68 20 såsom
464 340 109 20 tillåtande
597 346 25 14 en
638 346 78 20 person
732 342 30 17 att
777 340 106 19 förnärma
901 340 66 25 tredje

218 382 58 13 mans
292 377 46 23 rätt,
354 375 78 19 honom
448 375 100 25 ohördan,
565 374 63 20 borde
645 374 90 19 förfalla.
765 374 100 20 Deremot
881 376 35 17 äro
927 374 42 19 alla

217 410 61 19 dessa
294 408 104 20 missbruk
413 408 118 26 förebygda
547 408 29 20 uti
592 408 39 20 den
648 408 86 25 Nådiga
748 408 164 26 propositionen,
923 414 44 13 som

218 443 85 27 stadgar
327 445 39 24 att,
388 442 64 20 sedan
476 442 110 20 löftesman
610 442 69 20 blifvit
703 442 90 26 frikänd,
817 442 26 20 de
866 442 67 26 öfriga
949 443 18 25 ej

219 484 58 13 mera
292 480 35 16 äro
344 476 121 20 solidariskt
480 477 112 26 ansvariga
607 476 31 20 för
654 476 133 20 återstående
804 476 105 26 beloppet.
928 476 41 27 Jag

218 511 116 26 tillstyrker
349 511 90 25 derföre,
461 513 30 17 att
515 512 12 18 2
551 513 9 22 $
584 511 27 19 uti
635 510 41 20 den
699 510 84 27 Nådiga
804 511 163 26 propositionen,

220 546 62 20 måtte
307 545 137 20 oförändradt
465 549 92 23 antagas,
582 552 46 12 men
654 544 165 21 betänkandet
810 540 14 36 i
836 546 64 26 öfrigt
917 546 51 26 god-

218 581 88 19 kännas.

287 614 53 20 Herr
356 614 144 20 Molander:
516 614 31 19 Då
561 614 37 26 jag
613 617 23 17 är
652 614 22 20 af
688 620 81 14 samma
787 614 55 26 åsigt
857 621 43 13 som
916 615 53 20 Herr

219 649 104 20 Fabritius
346 648 39 20 och
411 648 53 20 hade
488 650 71 18 ämnat
578 648 73 20 anföra
666 648 113 20 enahanda
793 648 45 20 skäl
859 649 47 19 med
922 649 47 19 dem

221 684 39 19 han
278 682 116 26 framställt,
410 682 23 20 så
449 682 36 20 ber
497 683 37 25 jag
550 684 30 18 att
595 682 20 20 få
635 682 73 20 förena
725 683 42 26 mig
783 683 48 19 med
847 683 83 20 honom.
959 683 10 19 I

220 718 64 26 öfrigt
305 717 96 20 anhåller
421 717 37 26 jag
481 716 21 20 få
524 716 54 20 fästa
597 716 186 26 uppmärksamhet
799 717 71 26 derpä,
886 719 29 18 att
930 720 10 22 $
956 718 13 19 2

221 752 53 20 både
290 752 6 19 i
313 752 40 19 den
369 751 83 26 Nådiga
468 751 156 25 propositionen
641 751 39 19 och
696 750 145 21 betänkandet
856 751 32 20 väl
904 752 65 20 måste

220 786 44 20 afse
280 785 61 20 äfven
358 785 36 20 det
409 785 36 19 fall
461 785 27 19 då
503 785 54 20 blott
571 785 35 19 två
622 785 112 19 löftesmän
751 785 74 25 finnas,
845 785 65 19 ehuru
920 786 7 18 i
939 788 30 22 $:n

221 820 51 20 talas
289 820 52 20 blott
356 826 33 13 om
407 819 50 20 flere
473 821 54 18 samt
542 826 32 13 om
590 819 129 20 förbindelse
736 826 25 13 en
777 820 32 19 för
824 819 41 20 alla
879 820 38 19 och
929 819 41 20 alla

222 854 31 20 för
269 861 32 13 en.
330 854 41 26 Jag
393 860 62 13 anser
473 856 35 22 att,
532 861 32 12 om
582 854 34 19 två
632 854 127 26 borgesmän
774 854 67 26 ingått
860 854 111 20 solidarisk

222 888 134 26 ansvarighet
372 888 38 19 och
428 888 103 26 borgenär
546 888 53 19 eller
613 888 119 26 långifvare
752 888 36 19 har
804 888 79 26 fritagit
906 894 24 13 en
950 888 23 19 af

223 923 46 19 dem
293 921 44 21 från
362 921 248 28 betalningsskyldighet,
634 922 40 19 han
692 922 124 26 derigenom
832 922 37 19 har
885 922 85 27 ingripit

222 956 27 26 på
264 958 30 18 ett
309 957 47 24 sätt,
372 962 43 13 som
433 955 37 20 bör
485 955 76 27 fritaga
577 956 40 19 den
632 956 66 19 andre
714 956 169 26 borgesmannen
895 958 29 17 att
936 956 34 20 be-

223 991 41 19 tala
279 991 71 19 vidare
367 993 26 16 än
409 996 44 13 som
472 990 52 19 efter
543 990 131 20 hufvudtalet
692 990 27 26 på
738 990 77 20 honom
831 990 31 27 sig
879 990 91 26 belöper,

222 1025 20 19 d.
259 1031 18 13 v.
293 1031 15 13 s.
325 1024 86 20 hälften.
443 1024 39 20 Det
497 1024 70 20 kunde
581 1025 30 25 ju,
630 1025 101 26 antingen
752 1024 167 26 borgesmännen
936 1027 35 17 äro

223 1059 35 19 tvä
273 1059 51 19 eller
339 1058 57 25 flere,
420 1058 38 19 lätt
472 1058 91 26 inträffa,
585 1060 31 18 att
630 1065 26 13 en
672 1057 125 27 längifvare,
813 1065 44 12 som
877 1058 53 21 hade
946 1065 24 13 en

224 1093 75 20 osäker
320 1092 108 27 gäldenär,
450 1092 6 19 i
477 1092 110 27 bedräglig
607 1092 63 26 afsigt
692 1092 95 19 skaffade
806 1099 25 12 en
848 1092 62 20 säker
926 1093 46 20 bor-

224 1133 86 20 gesman
326 1133 38 20 pro
380 1127 74 25 forma,
470 1126 88 19 sälunda
577 1129 30 17 att
624 1126 70 20 denne
714 1126 65 19 sedan
795 1125 45 20 frän
857 1127 114 20 förbindel-

225 1168 36 13 sen
278 1161 92 26 fritoges.
400 1161 74 19 Denne
491 1167 36 19 pro
544 1161 67 19 forma
627 1160 126 27 borgesman
773 1159 66 20 skulle
851 1161 77 20 teckna
938 1168 35 13 un-

224 1195 37 20 der
276 1194 159 20 skuldebrefvet
450 1194 39 20 och
505 1194 123 26 derigenom
644 1194 66 20 andra
725 1194 72 20 lockas
817 1196 30 17 att
861 1197 52 23 göra
928 1196 43 19 det-

224 1235 85 14 samma.
342 1228 41 21 Det
405 1228 23 20 af
451 1228 146 27 Lagutskottet
620 1228 119 27 föreslagna
762 1229 116 27 stadgande
902 1229 6 20 i
931 1232 9 22 $
961 1230 12 19 2

224 1263 70 20 kunde
317 1263 89 20 sälunda
428 1263 59 26 gifva
509 1263 115 26 anledning
646 1263 31 19 till
698 1263 77 26 mänga
794 1263 121 27 vinglerier.
944 1263 29 20 Pä

224 1297 67 27 grund
314 1297 62 20 häraf
394 1297 50 20 ville
461 1297 38 26 jag
517 1297 106 26 tillstyrka
642 1297 130 26 antagandet
791 1298 22 19 af
830 1298 40 19 den
891 1298 82 27 Nädiga

223 1332 169 26 propositionens
408 1331 12 20 2
437 1333 17 23 $,
471 1337 46 14 men
542 1331 31 20 för
593 1331 64 26 öfrigt
675 1331 85 20 förorda
775 1331 110 20 utskottets
901 1332 72 20 betän-

225 1366 77 26 kande,
317 1366 48 20 med
381 1366 108 26 undantag
506 1365 65 20 likväl
586 1365 32 20 för
633 1368 10 22 $
660 1366 10 19 6
687 1365 52 26 deri,
761 1365 84 20 hvilken
860 1367 37 26 jag
913 1373 60 14 anser

226 1401 50 19 böra
290 1400 44 20 helt
350 1400 40 19 och
406 1399 65 20 hållet
490 1401 131 18 utmönstras.

294 1434 52 19 Herr
366 1433 141 27 Cajander:
531 1433 30 20 De
585 1434 171 26 anmärkningar,
779 1440 45 14 som
847 1434 37 20 här
907 1435 68 19 blifvit
