1070 1786
203 155 44 18 1192
515 155 41 17 Den
569 155 22 17 16
603 155 41 23 Maj.

248 212 67 20 Herr
333 212 169 27 Tengström:
538 213 46 19 Den
600 212 111 20 redaktion
727 213 23 19 af
763 213 70 19 denna
848 215 17 23 $,
882 212 58 19 hvar-

180 253 34 12 om
231 245 107 21 Utskottet
354 246 161 26 ursprungligen
533 246 101 19 förenade
650 247 38 25 sig,
705 246 63 26 lydde
780 246 98 20 sålunda:
888 246 54 19 ”Har

181 281 158 19 befälhafvaren
363 283 50 17 utan
439 280 144 20 försummelse
599 281 54 21 sökt,
670 287 47 13 men
735 280 94 20 hvarken
845 280 24 19 af
882 280 59 19 laste-

181 316 131 24 mottagaren
328 314 52 20 eller
395 320 23 13 ur
434 314 74 26 godset
524 314 138 19 utbekommit
679 314 40 19 den
734 314 56 19 frakt
805 314 39 19 och
861 313 26 20 de
898 320 44 12 om-

181 348 122 25 kostnader,
319 348 72 19 hvilka
407 348 50 19 böra
473 348 103 26 erläggas,
593 348 52 19 skall
662 347 40 19 han
716 348 71 19 derom
800 348 83 19 anmäla
894 353 46 19 pro-

182 382 52 20 test”
250 384 40 18 ete.
322 382 37 20 Att
374 384 31 22 S:n
422 382 64 20 sedan
503 382 39 19 fått
557 382 64 19 sådan
637 381 89 27 lydelse,
738 388 43 13 som
799 382 40 19 den
857 388 26 12 nu
899 381 43 23 har,

183 416 37 19 hör
241 415 65 20 också
328 416 32 19 till
384 416 78 18 antalet
485 415 22 19 af
529 415 25 19 de
571 415 76 26 många
662 415 131 26 surpriserna
808 416 7 18 i
831 415 111 20 Utskottet.

182 450 41 18 För
240 449 41 19 min
299 448 33 20 del
348 448 31 20 får
392 449 37 26 jag
445 448 85 25 föreslå,
546 450 31 18 att
592 448 144 26 nyssnämnde
752 449 147 27 ursprungliga
910 454 31 14 re-

183 483 94 25 daktion,
302 483 84 19 hvarom
408 482 113 26 Utskottet,
537 488 32 14 om
587 483 18 25 ej
622 482 141 26 enstämmigt,
779 482 22 20 så
817 483 125 20 åtminstone

183 517 31 19 till
230 516 96 26 flertalet,
342 516 100 20 förenade
458 516 38 26 sig,
513 516 63 20 måtte
593 516 65 20 blifva
673 518 99 24 antagen.
861 541 2 3 N

252 550 92 20 Herrar
366 550 87 26 Sjöros
476 550 38 20 och
534 550 108 27 Krogius
661 550 101 20 förenade
778 550 32 27 sig
826 550 46 20 med
888 550 53 19 Herr

184 586 131 25 Tengström.

252 618 63 20 Herr
339 617 104 20 Kurtén:
473 618 32 19 Då
517 618 37 26 jag
570 624 60 13 anser
646 618 40 19 den
703 617 108 27 päyrkade
827 617 114 20 förändrin-

184 659 40 20 gen
248 652 45 19 afse
313 658 25 13 en
362 651 94 26 spräklig
475 651 132 27 förbättring,
632 658 48 13 men
696 652 18 25 ej
732 652 91 25 ändring
838 652 6 18 i
860 651 44 25 sak,
920 650 22 20 sä

184 687 38 19 har
244 686 37 26 jag
306 685 110 26 ingenting
442 688 55 16 emot
521 686 40 18 den
585 685 120 26 föreslagna
724 684 127 20 förändrade
867 684 73 20 redak-

185 721 78 19 tionen.

251 754 69 20 Sedan
344 753 90 19 härefter
457 753 145 20 diskussionen
625 752 113 20 förklarats
760 752 95 26 afslutad,
872 752 66 20 beslöt

184 788 94 24 Ständet,
297 787 26 26 pä
338 786 154 26 framställning
507 786 23 20 af
545 786 64 20 Herr
624 786 177 26 Talmannen,
817 788 30 18 att
861 786 78 20 äterre-

185 822 83 19 mittera
283 820 63 26 $,121
367 821 31 19 till
414 821 112 25 Utskottet,
543 821 6 19 i
565 820 99 20 afseende
680 820 12 20 &
708 821 40 19 den
764 820 23 20 af
800 820 53 20 Herr
868 820 67 26 Teng-

185 858 63 17 ström
265 854 109 26 päyrkade
390 855 252 23 redaktionsförändring.

288 887 27 28 $$
329 886 94 21 122—127
439 890 88 23 antogos
543 890 48 17 utan
607 888 126 19 diskussion.

288 921 13 28 $
317 921 38 20 128.

254 955 62 19 Herr
336 954 147 26 Öhrnberg:
514 954 9 19 I
539 954 70 19 denna
624 956 10 22 $
650 954 141 20 förekommer
815 961 24 13 en
856 955 82 19 hänvis-

186 989 57 26 ning,
267 994 44 13 som
332 989 36 25 jag
384 989 42 18 tror
442 988 18 25 ej
477 990 22 17 är
514 988 69 26 rigtig.
613 988 41 19 Det
670 988 59 20 heter
744 988 197 27 ”fordringsegaren

186 1022 52 20 söke
256 1022 115 25 utmätning
387 1021 32 20 för
434 1022 30 19 sin
481 1022 91 25 fordran,
588 1022 68 19 såsom
672 1023 116 19 nedanföre
804 1023 6 19 i
826 1025 10 22 $
852 1023 41 19 242
909 1025 31 17 sä-

186 1056 56 26 ges”.
273 1056 47 19 Men
336 1058 10 21 $
362 1055 40 20 242
418 1055 52 20 talar
486 1056 18 25 ej
521 1055 38 20 alls
575 1062 33 13 om
624 1057 126 25 utmätning,
761 1059 49 17 utan
827 1063 32 13 om
872 1063 25 13 en
907 1063 36 13 ren

186 1090 56 19 tvist.
272 1090 76 20 Månne
364 1090 26 25 ej,
406 1096 33 13 om
456 1090 34 19 det
505 1090 63 19 sedan
585 1090 73 19 härrör
673 1090 23 19 af
709 1090 91 26 tryckfel
816 1090 51 20 eller
878 1090 65 20 andra

186 1124 93 25 orsaker,
295 1124 153 25 hänvisningen
464 1124 64 19 borde
544 1124 57 26 gälla
616 1126 10 22 $
644 1124 54 19 241?

255 1157 151 20 Diskussionen
434 1157 80 20 afbröts
538 1157 80 26 härvid,
634 1158 7 19 i
657 1157 35 20 det
714 1160 30 17 att
765 1158 54 19 Herr
841 1158 101 20 Senatorn

186 1191 57 19 Knut
265 1191 119 25 Furuhjelm
405 1191 27 25 på
448 1191 97 19 anmälan
561 1191 102 24 förekom,
680 1191 73 26 åtföljd
769 1192 22 19 af
804 1192 53 19 Herr
872 1192 70 19 Proto-

186 1224 200 20 kollssekreteraren
404 1224 82 20 Wasilii
502 1224 124 26 Margunoff,
643 1224 39 21 och
698 1224 31 20 till
744 1224 53 20 Herr
812 1225 129 20 Talmannen

187 1259 118 20 aflemnade
328 1265 24 13 en
377 1259 24 18 H.
421 1259 24 19 K.
461 1259 46 19 M:ts
523 1259 83 26 Nädiga
621 1259 137 26 proposition,
774 1266 32 13 om
824 1260 118 25 antagande

187 1293 23 18 af
231 1299 25 12 en
273 1292 122 26 författning
411 1293 110 26 angäende
537 1293 117 26 underpant
670 1293 5 19 i
690 1293 254 27 jernvägsanläggningar

189 1326 46 19 med
252 1326 68 19 dertill
338 1326 92 19 hörande
446 1326 40 20 fast
501 1327 38 19 och
557 1327 30 19 lös
603 1327 111 26 egendom.

256 1360 67 20 Sedan
349 1360 52 19 Herr
417 1360 130 20 Talmannen
564 1361 74 19 uttalat
653 1361 98 20 Ständets
766 1361 131 20 tacksamhet
913 1362 31 19 för

188 1394 69 19 denna
274 1393 76 26 nädiga
366 1393 160 28 framställning,
542 1395 95 20 afträdde
648 1395 159 20 vederbörande
816 1395 39 20 och
864 1395 80 20 diskus-

188 1426 72 19 sionen
277 1426 105 20 fortsattes
397 1426 27 26 pä
439 1429 40 17 sätt
494 1433 45 14 som
553 1427 70 27 följer:
