1070 1786
214 150 44 18 1374
504 145 41 18 Den
559 146 22 16 23
593 145 42 22 Maj.

191 207 37 20 Att
243 207 7 20 i
266 207 36 26 lag
317 205 127 21 föreskrifva
459 211 26 13 en
501 203 65 20 sådan
583 203 108 26 procedur,
707 201 38 26 går
761 202 18 25 ej
796 207 39 19 an;
851 207 47 14 men
909 207 33 12 om

191 242 41 19 den
248 247 27 14 en
291 241 56 26 gång
364 238 139 27 uppkommit,
519 237 23 20 så
557 237 37 19 har
610 237 40 19 den
663 236 110 26 ingenting
785 235 51 20 ondt
849 236 45 19 med
906 235 38 26 sig.

192 275 89 20 Derföre
297 273 66 26 ansåg
379 273 114 24 Utskottet,
509 274 30 17 att
549 271 65 20 ehuru
625 271 36 19 det
672 270 70 19 kunde
755 270 62 19 hafva
828 269 46 19 sina
885 269 59 25 prak-

192 308 57 20 tiska
271 307 98 25 fördelar,
391 306 65 26 något
477 305 74 20 sådant
567 304 123 26 stadgande,
706 310 44 13 som
767 303 22 19 af
802 303 53 19 Herr
873 302 71 19 Wase-

193 342 47 19 nius
256 341 110 24 förordats,
383 341 18 25 ej
420 340 64 20 borde
500 338 50 27 ingå
565 339 6 18 i
587 338 145 26 reglemeutet.

262 374 66 20 Herr
347 370 154 29 Öhrnberg:
523 372 40 26 Jag
579 372 85 26 frångår
680 371 42 19 min
738 370 147 26 anmärkning,
901 376 43 12 som

194 409 100 21 härrörde
309 408 66 26 deraf,
391 410 31 18 att
434 408 38 26 jag
488 407 19 25 ej
523 406 37 26 gaf
575 406 42 26 mig
633 406 29 19 tid
677 408 28 17 att
718 405 132 26 fullständigt
861 410 84 20 genom-

194 444 44 19 läsa
256 442 116 21 Utskottets
387 442 86 26 förslag.

262 476 33 20 Då
310 476 149 20 diskussionen
475 474 86 20 härmed
577 480 37 13 var
629 473 97 25 afslutad,
741 472 129 20 framställde
881 472 66 20 Herr

194 511 165 20 Talmannen
377 509 93 26 följande

264 544 186 26 Proposition:
471 543 94 24 Antager
581 541 87 20 Ståndet
684 543 10 22 $
710 541 26 19 95
753 540 66 27 enligt
831 540 115 20 Utskottets

196 578 148 21 betänkande?
368 578 51 20 eller
438 577 77 20 önskar
530 576 87 20 Ståndet
632 578 42 21 $:ns
690 575 126 25 återremiss,
833 575 31 19 för
880 581 66 13 omre-

196 612 99 27 digering
311 612 6 19 i
333 612 36 19 det
388 611 24 19 af
429 610 55 20 Herr
500 610 112 20 Wasenius
627 609 121 26 föreslagna
763 608 68 26 syfte?
856 608 31 20 De
903 614 43 14 som

196 646 52 26 vilja
263 646 35 20 det
314 646 56 19 förra
384 652 62 12 svara
459 646 34 24 ja;
509 644 26 20 de
551 650 43 14 som
612 644 50 25 vilja
676 644 36 18 det
727 649 74 13 senare
816 643 48 25 nej.

247 692 5 5 +
264 679 161 27 Propositionen
453 678 125 20 besvarades
603 677 45 19 med
673 676 157 26 öfvervägande
850 677 35 25 ja,
909 677 37 19 och

196 713 167 20 antecknades
351 706 12 36 i
380 712 50 26 följd
455 712 60 20 häraf
536 712 69 19 såsom
628 711 99 20 Ständets
752 710 72 26 beslut,
846 714 31 16 att
896 712 10 22 $
922 711 25 19 95

198 747 70 20 blifvit
282 747 67 26 enligt
365 746 118 20 Utskottets
499 745 133 20 betänkande
648 747 98 23 antagen.

301 786 14 28 $
330 786 33 20 96.

266 820 66 20 Herr
354 820 125 19 Masalin:
509 819 41 26 Jag
573 818 77 20 tillåter
671 819 43 25 mig
734 818 74 20 endast
828 818 53 20 fästa
897 824 49 20 upp-

199 854 171 20 märksamheten
390 854 72 25 derpå,
483 855 30 17 att
527 853 7 19 i
555 855 4 21 $
575 853 26 19 96
621 852 23 20 af
657 852 107 20 Utskottet
779 852 124 26 föreslagits,
919 854 30 18 att

199 888 69 25 någon
288 887 23 20 af
330 886 203 21 bankdirektionens
553 886 115 19 ledamöter
684 886 55 19 skall
754 886 46 19 föra
815 893 26 12 en
858 886 89 19 minnes-

199 921 48 26 bok,
264 921 29 20 uti
309 921 86 20 hvilken
412 921 144 19 direktionens
573 920 67 20 beslut
655 921 39 19 och
710 920 99 26 åtgärder
825 920 123 25 antecknas,

199 955 110 20 hvaremot
323 955 7 19 i
345 957 10 22 $
371 955 26 19 97
422 954 64 26 enligt
509 954 117 20 Utskottets
649 954 79 26 förslag
747 957 22 16 är
789 954 110 25 bestämdt,
915 961 33 13 om

199 988 109 27 åtskilliga
323 988 67 20 andra
405 987 102 27 göromål,
524 987 85 20 hvilken
626 988 23 19 af
658 987 143 20 direktionens
813 988 137 20 medlemmar

200 1023 26 19 de
249 1022 78 26 åligga.
357 1022 67 19 Bland
446 1025 65 16 annat
530 1021 141 20 förekommer
691 1021 44 25 der,
756 1024 28 17 att
800 1022 40 19 den
857 1022 94 26 lagfarna

199 1057 122 19 ledamoten
346 1056 54 19 skall
422 1056 45 19 föra
482 1056 109 20 memorial
607 1056 59 19 öfver
681 1056 27 19 de
724 1056 99 22 ärenden,
839 1062 44 13 som
900 1056 50 19 böra

200 1091 7 18 i
223 1089 128 27 protokollet
366 1089 123 20 antecknas.
511 1089 142 27 Fullmäktige
670 1090 44 19 åter
730 1089 63 20 hafva
807 1092 54 24 sagt,
876 1092 30 17 att
916 1090 34 20 det

200 1124 55 19 skall
278 1123 55 20 föras
356 1130 26 13 en
405 1123 125 20 minnesbok
554 1124 39 20 och
613 1126 30 17 att
664 1124 40 19 den
721 1123 94 26 lagfarna
830 1123 120 20 ledamoten

199 1157 55 20 skall
274 1157 46 20 föra
336 1158 116 19 memorial.
482 1157 70 20 Ehuru
565 1158 38 26 jag
618 1158 19 25 ej
655 1158 81 19 känner
751 1158 52 19 huru
819 1158 70 25 praxis
905 1158 45 19 här-

200 1191 48 19 med
271 1194 29 22 är,
324 1191 71 19 skulle
412 1192 37 25 jag
464 1191 55 20 dock
535 1194 38 21 tro,
589 1193 29 17 att
634 1192 36 19 det
685 1191 71 19 kunde
772 1191 49 19 leda
836 1192 31 18 till
883 1192 67 19 bättre

199 1225 98 26 ordning,
313 1231 35 14 om
364 1231 26 14 en
407 1225 42 20 viss
465 1225 92 20 ledamot
572 1225 54 20 hade
641 1225 33 26 sig
689 1225 73 26 ålagdt
776 1227 31 18 att
822 1226 44 19 föra
881 1226 69 19 denna

200 1258 133 26 minnesbok,
349 1258 76 20 liksom
441 1259 36 20 det
491 1261 23 18 är
529 1259 62 25 sagdt
605 1266 34 13 om
656 1259 132 20 memorialet
801 1259 60 20 öfver
871 1259 79 20 sådana

200 1293 96 24 ärender,
312 1298 45 14 som
372 1292 62 20 skola
448 1295 108 24 uppsättas
571 1293 39 20 och
626 1293 7 19 i
649 1293 128 26 protokollet
791 1293 56 26 ingå.
879 1293 71 20 Skulle

200 1326 88 20 Ståndet
310 1325 115 27 godkänna
446 1326 64 25 detta,
530 1326 24 20 så
573 1326 87 20 föreslår
672 1327 46 26 jag,
734 1328 30 18 att
783 1327 58 19 ordet
856 1327 95 26 ”nägon”

200 1359 65 20 måtte
285 1359 84 26 utbytas
390 1361 44 18 mot
448 1360 61 20 ordet
523 1360 52 20 ”en?
591 1361 39 19 och
646 1362 31 18 att
692 1361 7 18 i
715 1360 92 26 följande
823 1363 10 21 $
849 1361 56 26 finge
920 1362 30 19 in-

200 1393 52 26 flyta
266 1395 37 22 att,
318 1395 56 18 utom
397 1394 132 20 memorialet
544 1394 59 20 öfver
617 1395 25 19 de
654 1394 95 26 ärender,
761 1401 43 13 som
817 1394 61 20 skola
888 1395 6 19 i
905 1402 46 19 pro-
