<?xml version="1.0" encoding="UTF-8"?>
<alto xmlns="http://www.loc.gov/standards/alto/ns-v3#" xmlns:xlink="http://www.w3.org/1999/xlink" xmlns:xsi="http://www.w3.org/2001/XMLSchema-instance" xsi:schemaLocation="http://www.loc.gov/standards/alto/ns-v3# http://www.loc.gov/alto/v3/alto-3-0.xsd">
	<Description>
		<MeasurementUnit>pixel</MeasurementUnit>
		<sourceImageInformation>
			<fileName>/tmp/tess_8hgas9op_input.PNG</fileName>
		</sourceImageInformation>
		<OCRProcessing ID="OCR_0">
			<ocrProcessingStep>
				<processingSoftware>
					<softwareName>tesseract 5.3.4</softwareName>
				</processingSoftware>
			</ocrProcessingStep>
		</OCRProcessing>
	</Description>
	<Layout>
		<Page WIDTH="1070" HEIGHT="1786" PHYSICAL_IMG_NR="0" ID="page_0">
			<PrintSpace HPOS="0" VPOS="0" WIDTH="1070" HEIGHT="1786">
				<ComposedBlock ID="cblock_0" HPOS="217" VPOS="159" WIDTH="426" HEIGHT="24">
					<TextBlock ID="block_0" HPOS="217" VPOS="159" WIDTH="426" HEIGHT="24">
						<TextLine ID="line_0" HPOS="217" VPOS="159" WIDTH="426" HEIGHT="24">
							<String ID="string_0" HPOS="217" VPOS="160" WIDTH="46" HEIGHT="17" WC="0.96" CONTENT="1082"/><SP WIDTH="251" VPOS="160" HPOS="263"/>
							<String ID="string_1" HPOS="514" VPOS="159" WIDTH="41" HEIGHT="18" WC="0.96" CONTENT="Den"/><SP WIDTH="14" VPOS="159" HPOS="555"/>
							<String ID="string_2" HPOS="569" VPOS="160" WIDTH="22" HEIGHT="17" WC="0.96" CONTENT="13"/><SP WIDTH="12" VPOS="160" HPOS="591"/>
							<String ID="string_3" HPOS="603" VPOS="160" WIDTH="40" HEIGHT="23" WC="0.95" CONTENT="Maj."/>
						</TextLine>
					</TextBlock>
				</ComposedBlock>
				<ComposedBlock ID="cblock_1" HPOS="186" VPOS="217" WIDTH="772" HEIGHT="1208">
					<TextBlock ID="block_1" HPOS="194" VPOS="217" WIDTH="764" HEIGHT="127">
						<TextLine ID="line_1" HPOS="195" VPOS="217" WIDTH="763" HEIGHT="26">
							<String ID="string_4" HPOS="195" VPOS="217" WIDTH="43" HEIGHT="26" WC="0.93" CONTENT="liga"/><SP WIDTH="21" VPOS="217" HPOS="238"/>
							<String ID="string_5" HPOS="259" VPOS="217" WIDTH="174" HEIGHT="26" WC="0.90" CONTENT="missbilligande."/><SP WIDTH="30" VPOS="217" HPOS="433"/>
							<String ID="string_6" HPOS="463" VPOS="217" WIDTH="40" HEIGHT="26" WC="0.95" CONTENT="Jag"/><SP WIDTH="19" VPOS="217" HPOS="503"/>
							<String ID="string_7" HPOS="522" VPOS="223" WIDTH="62" HEIGHT="14" WC="0.95" CONTENT="anser"/><SP WIDTH="15" VPOS="223" HPOS="584"/>
							<String ID="string_8" HPOS="599" VPOS="217" WIDTH="32" HEIGHT="20" WC="0.93" CONTENT="för"/><SP WIDTH="15" VPOS="217" HPOS="631"/>
							<String ID="string_9" HPOS="646" VPOS="217" WIDTH="72" HEIGHT="26" WC="0.92" CONTENT="öfrigt,"/><SP WIDTH="16" VPOS="217" HPOS="718"/>
							<String ID="string_10" HPOS="734" VPOS="219" WIDTH="29" HEIGHT="18" WC="0.93" CONTENT="att"/><SP WIDTH="16" VPOS="219" HPOS="763"/>
							<String ID="string_11" HPOS="779" VPOS="217" WIDTH="54" HEIGHT="20" WC="0.92" CONTENT="hvad"/><SP WIDTH="15" VPOS="217" HPOS="833"/>
							<String ID="string_12" HPOS="848" VPOS="218" WIDTH="53" HEIGHT="20" WC="0.93" CONTENT="Herr"/><SP WIDTH="16" VPOS="218" HPOS="901"/>
							<String ID="string_13" HPOS="917" VPOS="219" WIDTH="41" HEIGHT="19" WC="0.92" CONTENT="Ma-"/>
						</TextLine>
						<TextLine ID="line_2" HPOS="194" VPOS="250" WIDTH="764" HEIGHT="27">
							<String ID="string_14" HPOS="194" VPOS="251" WIDTH="52" HEIGHT="20" WC="0.91" CONTENT="salin"/><SP WIDTH="21" VPOS="251" HPOS="246"/>
							<String ID="string_15" HPOS="267" VPOS="253" WIDTH="66" HEIGHT="24" WC="0.96" CONTENT="yttrat"/><SP WIDTH="15" VPOS="253" HPOS="333"/>
							<String ID="string_16" HPOS="348" VPOS="257" WIDTH="33" HEIGHT="13" WC="0.93" CONTENT="om"/><SP WIDTH="17" VPOS="257" HPOS="381"/>
							<String ID="string_17" HPOS="398" VPOS="250" WIDTH="129" HEIGHT="20" WC="0.95" CONTENT="tillkomsten"/><SP WIDTH="17" VPOS="250" HPOS="527"/>
							<String ID="string_18" HPOS="544" VPOS="251" WIDTH="22" HEIGHT="20" WC="0.96" CONTENT="af"/><SP WIDTH="17" VPOS="251" HPOS="566"/>
							<String ID="string_19" HPOS="583" VPOS="251" WIDTH="51" HEIGHT="20" WC="0.93" CONTENT="1724"/><SP WIDTH="16" VPOS="251" HPOS="634"/>
							<String ID="string_20" HPOS="650" VPOS="251" WIDTH="33" HEIGHT="20" WC="0.96" CONTENT="års"/><SP WIDTH="17" VPOS="251" HPOS="683"/>
							<String ID="string_21" HPOS="700" VPOS="251" WIDTH="122" HEIGHT="26" WC="0.95" CONTENT="förordning"/><SP WIDTH="16" VPOS="251" HPOS="822"/>
							<String ID="string_22" HPOS="838" VPOS="259" WIDTH="33" HEIGHT="12" WC="0.93" CONTENT="om"/><SP WIDTH="16" VPOS="259" HPOS="871"/>
							<String ID="string_23" HPOS="887" VPOS="252" WIDTH="71" HEIGHT="20" WC="0.96" CONTENT="skolor"/>
						</TextLine>
						<TextLine ID="line_3" HPOS="194" VPOS="285" WIDTH="763" HEIGHT="26">
							<String ID="string_24" HPOS="194" VPOS="285" WIDTH="39" HEIGHT="19" WC="0.92" CONTENT="och"/><SP WIDTH="21" VPOS="285" HPOS="233"/>
							<String ID="string_25" HPOS="254" VPOS="285" WIDTH="120" HEIGHT="26" WC="0.92" CONTENT="gymnasier"/><SP WIDTH="20" VPOS="285" HPOS="374"/>
							<String ID="string_26" HPOS="394" VPOS="287" WIDTH="22" HEIGHT="17" WC="0.96" CONTENT="är"/><SP WIDTH="20" VPOS="287" HPOS="416"/>
							<String ID="string_27" HPOS="436" VPOS="285" WIDTH="22" HEIGHT="18" WC="0.92" CONTENT="sä"/><SP WIDTH="18" VPOS="285" HPOS="458"/>
							<String ID="string_28" HPOS="476" VPOS="285" WIDTH="128" HEIGHT="26" WC="0.91" CONTENT="fullkomligt"/><SP WIDTH="16" VPOS="285" HPOS="604"/>
							<String ID="string_29" HPOS="620" VPOS="285" WIDTH="124" HEIGHT="26" WC="0.88" CONTENT="vederlagdt"/><SP WIDTH="15" VPOS="285" HPOS="744"/>
							<String ID="string_30" HPOS="759" VPOS="292" WIDTH="75" HEIGHT="19" WC="0.96" CONTENT="genom"/><SP WIDTH="17" VPOS="292" HPOS="834"/>
							<String ID="string_31" HPOS="851" VPOS="286" WIDTH="53" HEIGHT="19" WC="0.93" CONTENT="Herr"/><SP WIDTH="15" VPOS="286" HPOS="904"/>
							<String ID="string_32" HPOS="919" VPOS="287" WIDTH="38" HEIGHT="19" WC="0.93" CONTENT="Bo-"/>
						</TextLine>
						<TextLine ID="line_4" HPOS="194" VPOS="318" WIDTH="763" HEIGHT="26">
							<String ID="string_33" HPOS="194" VPOS="320" WIDTH="75" HEIGHT="18" WC="0.92" CONTENT="ströms"/><SP WIDTH="21" VPOS="320" HPOS="269"/>
							<String ID="string_34" HPOS="290" VPOS="318" WIDTH="162" HEIGHT="26" WC="0.95" CONTENT="framställning,"/><SP WIDTH="19" VPOS="318" HPOS="452"/>
							<String ID="string_35" HPOS="471" VPOS="321" WIDTH="30" HEIGHT="17" WC="0.93" CONTENT="att"/><SP WIDTH="21" VPOS="321" HPOS="501"/>
							<String ID="string_36" HPOS="522" VPOS="318" WIDTH="65" HEIGHT="26" WC="0.91" CONTENT="nägot"/><SP WIDTH="17" VPOS="318" HPOS="587"/>
							<String ID="string_37" HPOS="604" VPOS="318" WIDTH="100" HEIGHT="20" WC="0.92" CONTENT="afseende"/><SP WIDTH="16" VPOS="318" HPOS="704"/>
							<String ID="string_38" HPOS="720" VPOS="318" WIDTH="65" HEIGHT="26" WC="0.92" CONTENT="derpä"/><SP WIDTH="15" VPOS="318" HPOS="785"/>
							<String ID="string_39" HPOS="800" VPOS="319" WIDTH="19" HEIGHT="25" WC="0.92" CONTENT="ej"/><SP WIDTH="17" VPOS="319" HPOS="819"/>
							<String ID="string_40" HPOS="836" VPOS="319" WIDTH="37" HEIGHT="20" WC="0.93" CONTENT="bör"/><SP WIDTH="15" VPOS="319" HPOS="873"/>
							<String ID="string_41" HPOS="888" VPOS="319" WIDTH="69" HEIGHT="19" WC="0.92" CONTENT="fästas."/>
						</TextLine>
					</TextBlock>
					<TextBlock ID="block_2" HPOS="194" VPOS="352" WIDTH="763" HEIGHT="59">
						<TextLine ID="line_5" HPOS="263" VPOS="352" WIDTH="694" HEIGHT="25">
							<String ID="string_42" HPOS="263" VPOS="352" WIDTH="67" HEIGHT="20" WC="0.93" CONTENT="Sedan"/><SP WIDTH="24" VPOS="352" HPOS="330"/>
							<String ID="string_43" HPOS="354" VPOS="352" WIDTH="146" HEIGHT="20" WC="0.91" CONTENT="diskussionen"/><SP WIDTH="25" VPOS="352" HPOS="500"/>
							<String ID="string_44" HPOS="525" VPOS="352" WIDTH="86" HEIGHT="20" WC="0.91" CONTENT="härmed"/><SP WIDTH="24" VPOS="352" HPOS="611"/>
							<String ID="string_45" HPOS="635" VPOS="352" WIDTH="101" HEIGHT="25" WC="0.92" CONTENT="afslutats,"/><SP WIDTH="24" VPOS="352" HPOS="736"/>
							<String ID="string_46" HPOS="760" VPOS="353" WIDTH="128" HEIGHT="19" WC="0.92" CONTENT="framställde"/><SP WIDTH="16" VPOS="353" HPOS="888"/>
							<String ID="string_47" HPOS="904" VPOS="353" WIDTH="53" HEIGHT="19" WC="0.96" CONTENT="Herr"/>
						</TextLine>
						<TextLine ID="line_6" HPOS="194" VPOS="385" WIDTH="274" HEIGHT="26">
							<String ID="string_48" HPOS="194" VPOS="386" WIDTH="165" HEIGHT="19" WC="0.90" CONTENT="Talmannen"/><SP WIDTH="18" VPOS="386" HPOS="359"/>
							<String ID="string_49" HPOS="377" VPOS="385" WIDTH="91" HEIGHT="26" WC="0.96" CONTENT="följande"/>
						</TextLine>
					</TextBlock>
					<TextBlock ID="block_3" HPOS="194" VPOS="419" WIDTH="763" HEIGHT="129">
						<TextLine ID="line_7" HPOS="262" VPOS="419" WIDTH="694" HEIGHT="27">
							<String ID="string_50" HPOS="262" VPOS="420" WIDTH="186" HEIGHT="26" WC="0.92" CONTENT="Proposition:"/><SP WIDTH="21" VPOS="420" HPOS="448"/>
							<String ID="string_51" HPOS="469" VPOS="420" WIDTH="94" HEIGHT="26" WC="0.92" CONTENT="Antager"/><SP WIDTH="20" VPOS="420" HPOS="563"/>
							<String ID="string_52" HPOS="583" VPOS="420" WIDTH="87" HEIGHT="20" WC="0.92" CONTENT="Ständet"/><SP WIDTH="19" VPOS="420" HPOS="670"/>
							<String ID="string_53" HPOS="689" VPOS="420" WIDTH="117" HEIGHT="19" WC="0.92" CONTENT="Utskottets"/><SP WIDTH="17" VPOS="420" HPOS="806"/>
							<String ID="string_54" HPOS="823" VPOS="419" WIDTH="133" HEIGHT="20" WC="0.91" CONTENT="betänkande"/>
						</TextLine>
						<TextLine ID="line_8" HPOS="194" VPOS="452" WIDTH="763" HEIGHT="21">
							<String ID="string_55" HPOS="194" VPOS="454" WIDTH="32" HEIGHT="19" WC="0.96" CONTENT="till"/><SP WIDTH="16" VPOS="454" HPOS="226"/>
							<String ID="string_56" HPOS="242" VPOS="454" WIDTH="42" HEIGHT="19" WC="0.96" CONTENT="alla"/><SP WIDTH="15" VPOS="454" HPOS="284"/>
							<String ID="string_57" HPOS="299" VPOS="452" WIDTH="72" HEIGHT="21" WC="0.96" CONTENT="delar?"/><SP WIDTH="16" VPOS="452" HPOS="371"/>
							<String ID="string_58" HPOS="387" VPOS="453" WIDTH="51" HEIGHT="19" WC="0.88" CONTENT="eller"/><SP WIDTH="12" VPOS="453" HPOS="438"/>
							<String ID="string_59" HPOS="450" VPOS="454" WIDTH="45" HEIGHT="19" WC="0.93" CONTENT="med"/><SP WIDTH="18" VPOS="454" HPOS="495"/>
							<String ID="string_60" HPOS="513" VPOS="454" WIDTH="130" HEIGHT="19" WC="0.91" CONTENT="uteslutande"/><SP WIDTH="16" VPOS="454" HPOS="643"/>
							<String ID="string_61" HPOS="659" VPOS="454" WIDTH="23" HEIGHT="19" WC="0.96" CONTENT="af"/><SP WIDTH="8" VPOS="454" HPOS="682"/>
							<String ID="string_62" HPOS="690" VPOS="454" WIDTH="66" HEIGHT="19" WC="0.93" CONTENT="andra"/><SP WIDTH="12" VPOS="454" HPOS="756"/>
							<String ID="string_63" HPOS="768" VPOS="456" WIDTH="124" HEIGHT="17" WC="0.91" CONTENT="momentets"/><SP WIDTH="11" VPOS="456" HPOS="892"/>
							<String ID="string_64" HPOS="903" VPOS="454" WIDTH="54" HEIGHT="18" WC="0.92" CONTENT="förra"/>
						</TextLine>
						<TextLine ID="line_9" HPOS="194" VPOS="486" WIDTH="763" HEIGHT="28">
							<String ID="string_65" HPOS="194" VPOS="488" WIDTH="126" HEIGHT="19" WC="0.91" CONTENT="alternativ?"/><SP WIDTH="30" VPOS="488" HPOS="320"/>
							<String ID="string_66" HPOS="350" VPOS="488" WIDTH="32" HEIGHT="19" WC="0.92" CONTENT="De"/><SP WIDTH="20" VPOS="488" HPOS="382"/>
							<String ID="string_67" HPOS="402" VPOS="494" WIDTH="44" HEIGHT="13" WC="0.96" CONTENT="som"/><SP WIDTH="21" VPOS="494" HPOS="446"/>
							<String ID="string_68" HPOS="467" VPOS="488" WIDTH="50" HEIGHT="26" WC="0.96" CONTENT="vilja"/><SP WIDTH="19" VPOS="488" HPOS="517"/>
							<String ID="string_69" HPOS="536" VPOS="488" WIDTH="35" HEIGHT="19" WC="0.93" CONTENT="det"/><SP WIDTH="20" VPOS="488" HPOS="571"/>
							<String ID="string_70" HPOS="591" VPOS="488" WIDTH="55" HEIGHT="20" WC="0.92" CONTENT="förra"/><SP WIDTH="16" VPOS="488" HPOS="646"/>
							<String ID="string_71" HPOS="662" VPOS="494" WIDTH="61" HEIGHT="13" WC="0.93" CONTENT="svara"/><SP WIDTH="13" VPOS="494" HPOS="723"/>
							<String ID="string_72" HPOS="736" VPOS="489" WIDTH="35" HEIGHT="24" WC="0.95" CONTENT="ja,"/><SP WIDTH="17" VPOS="489" HPOS="771"/>
							<String ID="string_73" HPOS="788" VPOS="488" WIDTH="26" HEIGHT="19" WC="0.96" CONTENT="de"/><SP WIDTH="16" VPOS="488" HPOS="814"/>
							<String ID="string_74" HPOS="830" VPOS="494" WIDTH="43" HEIGHT="13" WC="0.91" CONTENT="som"/><SP WIDTH="17" VPOS="494" HPOS="873"/>
							<String ID="string_75" HPOS="890" VPOS="486" WIDTH="67" HEIGHT="20" WC="0.91" CONTENT="önska"/>
						</TextLine>
						<TextLine ID="line_10" HPOS="194" VPOS="522" WIDTH="188" HEIGHT="26">
							<String ID="string_76" HPOS="194" VPOS="522" WIDTH="36" HEIGHT="19" WC="0.95" CONTENT="det"/><SP WIDTH="15" VPOS="522" HPOS="230"/>
							<String ID="string_77" HPOS="245" VPOS="528" WIDTH="73" HEIGHT="14" WC="0.96" CONTENT="senare"/><SP WIDTH="17" VPOS="528" HPOS="318"/>
							<String ID="string_78" HPOS="335" VPOS="522" WIDTH="47" HEIGHT="26" WC="0.94" CONTENT="nej."/>
						</TextLine>
					</TextBlock>
					<TextBlock ID="block_4" HPOS="193" VPOS="555" WIDTH="764" HEIGHT="162">
						<TextLine ID="line_11" HPOS="263" VPOS="555" WIDTH="692" HEIGHT="27">
							<String ID="string_79" HPOS="263" VPOS="556" WIDTH="160" HEIGHT="26" WC="0.96" CONTENT="Propositionen"/><SP WIDTH="18" VPOS="556" HPOS="423"/>
							<String ID="string_80" HPOS="441" VPOS="556" WIDTH="124" HEIGHT="20" WC="0.96" CONTENT="besvarades"/><SP WIDTH="17" VPOS="556" HPOS="565"/>
							<String ID="string_81" HPOS="582" VPOS="556" WIDTH="46" HEIGHT="19" WC="0.93" CONTENT="med"/><SP WIDTH="17" VPOS="556" HPOS="628"/>
							<String ID="string_82" HPOS="645" VPOS="556" WIDTH="103" HEIGHT="26" WC="0.95" CONTENT="enhälligt"/><SP WIDTH="13" VPOS="556" HPOS="748"/>
							<String ID="string_83" HPOS="761" VPOS="556" WIDTH="37" HEIGHT="25" WC="0.89" CONTENT="ja;"/><SP WIDTH="15" VPOS="556" HPOS="798"/>
							<String ID="string_84" HPOS="813" VPOS="556" WIDTH="6" HEIGHT="19" WC="0.96" CONTENT="i"/><SP WIDTH="15" VPOS="556" HPOS="819"/>
							<String ID="string_85" HPOS="834" VPOS="555" WIDTH="50" HEIGHT="26" WC="0.90" CONTENT="töljd"/><SP WIDTH="13" VPOS="555" HPOS="884"/>
							<String ID="string_86" HPOS="897" VPOS="555" WIDTH="58" HEIGHT="20" WC="0.93" CONTENT="hvar-"/>
						</TextLine>
						<TextLine ID="line_12" HPOS="193" VPOS="589" WIDTH="764" HEIGHT="21">
							<String ID="string_87" HPOS="193" VPOS="590" WIDTH="23" HEIGHT="19" WC="0.93" CONTENT="af"/><SP WIDTH="17" VPOS="590" HPOS="216"/>
							<String ID="string_88" HPOS="233" VPOS="590" WIDTH="118" HEIGHT="20" WC="0.95" CONTENT="Utskottets"/><SP WIDTH="21" VPOS="590" HPOS="351"/>
							<String ID="string_89" HPOS="372" VPOS="590" WIDTH="133" HEIGHT="20" WC="0.96" CONTENT="betänkande"/><SP WIDTH="21" VPOS="590" HPOS="505"/>
							<String ID="string_90" HPOS="526" VPOS="590" WIDTH="130" HEIGHT="19" WC="0.96" CONTENT="förklarades"/><SP WIDTH="17" VPOS="590" HPOS="656"/>
							<String ID="string_91" HPOS="673" VPOS="590" WIDTH="63" HEIGHT="19" WC="0.95" CONTENT="hafva"/><SP WIDTH="16" VPOS="590" HPOS="736"/>
							<String ID="string_92" HPOS="752" VPOS="589" WIDTH="67" HEIGHT="19" WC="0.95" CONTENT="blifvit"/><SP WIDTH="15" VPOS="589" HPOS="819"/>
							<String ID="string_93" HPOS="834" VPOS="589" WIDTH="22" HEIGHT="19" WC="0.93" CONTENT="af"/><SP WIDTH="14" VPOS="589" HPOS="856"/>
							<String ID="string_94" HPOS="870" VPOS="589" WIDTH="87" HEIGHT="19" WC="0.93" CONTENT="Ständet"/>
						</TextLine>
						<TextLine ID="line_13" HPOS="194" VPOS="622" WIDTH="760" HEIGHT="27">
							<String ID="string_95" HPOS="194" VPOS="626" WIDTH="49" HEIGHT="17" WC="0.96" CONTENT="utan"/><SP WIDTH="17" VPOS="626" HPOS="243"/>
							<String ID="string_96" HPOS="260" VPOS="624" WIDTH="123" HEIGHT="25" WC="0.96" CONTENT="förändring"/><SP WIDTH="15" VPOS="624" HPOS="383"/>
							<String ID="string_97" HPOS="398" VPOS="626" WIDTH="96" HEIGHT="23" WC="0.95" CONTENT="antaget;"/><SP WIDTH="17" VPOS="626" HPOS="494"/>
							<String ID="string_98" HPOS="511" VPOS="623" WIDTH="38" HEIGHT="20" WC="0.96" CONTENT="och"/><SP WIDTH="16" VPOS="623" HPOS="549"/>
							<String ID="string_99" HPOS="565" VPOS="623" WIDTH="68" HEIGHT="20" WC="0.96" CONTENT="skulle"/><SP WIDTH="16" VPOS="623" HPOS="633"/>
							<String ID="string_100" HPOS="649" VPOS="624" WIDTH="19" HEIGHT="25" WC="0.96" CONTENT="ej"/><SP WIDTH="12" VPOS="624" HPOS="668"/>
							<String ID="string_101" HPOS="680" VPOS="623" WIDTH="81" HEIGHT="19" WC="0.93" CONTENT="mindre"/><SP WIDTH="12" VPOS="623" HPOS="761"/>
							<String ID="string_102" HPOS="773" VPOS="622" WIDTH="144" HEIGHT="25" WC="0.91" CONTENT="Medstånden,"/><SP WIDTH="11" VPOS="622" HPOS="917"/>
							<String ID="string_103" HPOS="928" VPOS="626" WIDTH="26" HEIGHT="16" WC="0.96" CONTENT="än"/>
						</TextLine>
						<TextLine ID="line_14" HPOS="194" VPOS="657" WIDTH="760" HEIGHT="26">
							<String ID="string_104" HPOS="194" VPOS="657" WIDTH="114" HEIGHT="21" WC="0.92" CONTENT="Allmänna"/><SP WIDTH="19" VPOS="657" HPOS="308"/>
							<String ID="string_105" HPOS="327" VPOS="657" WIDTH="192" HEIGHT="19" WC="0.92" CONTENT="Besvärsutskottet"/><SP WIDTH="19" VPOS="657" HPOS="519"/>
							<String ID="string_106" HPOS="538" VPOS="657" WIDTH="72" HEIGHT="19" WC="0.95" CONTENT="härom"/><SP WIDTH="22" VPOS="657" HPOS="610"/>
							<String ID="string_107" HPOS="632" VPOS="657" WIDTH="131" HEIGHT="19" WC="0.94" CONTENT="underrättas"/><SP WIDTH="24" VPOS="657" HPOS="763"/>
							<String ID="string_108" HPOS="787" VPOS="663" WIDTH="75" HEIGHT="20" WC="0.93" CONTENT="genom"/><SP WIDTH="25" VPOS="663" HPOS="862"/>
							<String ID="string_109" HPOS="887" VPOS="659" WIDTH="67" HEIGHT="23" WC="0.92" CONTENT="proto-"/>
						</TextLine>
						<TextLine ID="line_15" HPOS="194" VPOS="691" WIDTH="138" HEIGHT="26">
							<String ID="string_110" HPOS="194" VPOS="691" WIDTH="138" HEIGHT="26" WC="0.90" CONTENT="kollsutdrag."/>
						</TextLine>
					</TextBlock>
					<TextBlock ID="block_5" HPOS="191" VPOS="724" WIDTH="766" HEIGHT="229">
						<TextLine ID="line_16" HPOS="260" VPOS="724" WIDTH="697" HEIGHT="27">
							<String ID="string_111" HPOS="260" VPOS="725" WIDTH="54" HEIGHT="19" WC="0.96" CONTENT="Herr"/><SP WIDTH="8" VPOS="725" HPOS="314"/>
							<String ID="string_112" HPOS="322" VPOS="725" WIDTH="159" HEIGHT="19" WC="0.95" CONTENT="Talmannen"/><SP WIDTH="10" VPOS="725" HPOS="481"/>
							<String ID="string_113" HPOS="491" VPOS="726" WIDTH="98" HEIGHT="25" WC="0.96" CONTENT="föredrog"/><SP WIDTH="9" VPOS="726" HPOS="589"/>
							<String ID="string_114" HPOS="598" VPOS="725" WIDTH="112" HEIGHT="19" WC="0.93" CONTENT="Allmänna"/><SP WIDTH="8" VPOS="725" HPOS="710"/>
							<String ID="string_115" HPOS="718" VPOS="724" WIDTH="200" HEIGHT="20" WC="0.92" CONTENT="Besvärsutskottets"/><SP WIDTH="9" VPOS="724" HPOS="918"/>
							<String ID="string_116" HPOS="927" VPOS="724" WIDTH="30" HEIGHT="20" WC="0.96" CONTENT="till"/>
						</TextLine>
						<TextLine ID="line_17" HPOS="192" VPOS="758" WIDTH="764" HEIGHT="26">
							<String ID="string_117" HPOS="192" VPOS="758" WIDTH="58" HEIGHT="20" WC="0.96" CONTENT="detta"/><SP WIDTH="20" VPOS="758" HPOS="250"/>
							<String ID="string_118" HPOS="270" VPOS="758" WIDTH="155" HEIGHT="20" WC="0.93" CONTENT="sammanträde"/><SP WIDTH="16" VPOS="758" HPOS="425"/>
							<String ID="string_119" HPOS="441" VPOS="758" WIDTH="116" HEIGHT="26" WC="0.93" CONTENT="bordlagda"/><SP WIDTH="16" VPOS="758" HPOS="557"/>
							<String ID="string_120" HPOS="573" VPOS="758" WIDTH="77" HEIGHT="26" WC="0.96" CONTENT="förslag"/><SP WIDTH="16" VPOS="758" HPOS="650"/>
							<String ID="string_121" HPOS="666" VPOS="758" WIDTH="31" HEIGHT="20" WC="0.93" CONTENT="till"/><SP WIDTH="16" VPOS="758" HPOS="697"/>
							<String ID="string_122" HPOS="713" VPOS="758" WIDTH="205" HEIGHT="26" WC="0.92" CONTENT="sammanjemkning"/><SP WIDTH="16" VPOS="758" HPOS="918"/>
							<String ID="string_123" HPOS="934" VPOS="758" WIDTH="22" HEIGHT="20" WC="0.96" CONTENT="af"/>
						</TextLine>
						<TextLine ID="line_18" HPOS="193" VPOS="792" WIDTH="759" HEIGHT="27">
							<String ID="string_124" HPOS="193" VPOS="792" WIDTH="27" HEIGHT="20" WC="0.96" CONTENT="de"/><SP WIDTH="15" VPOS="792" HPOS="220"/>
							<String ID="string_125" HPOS="235" VPOS="792" WIDTH="124" HEIGHT="26" WC="0.96" CONTENT="skiljaktiga"/><SP WIDTH="17" VPOS="792" HPOS="359"/>
							<String ID="string_126" HPOS="376" VPOS="792" WIDTH="72" HEIGHT="25" WC="0.96" CONTENT="beslut,"/><SP WIDTH="17" VPOS="792" HPOS="448"/>
							<String ID="string_127" HPOS="465" VPOS="799" WIDTH="44" HEIGHT="13" WC="0.96" CONTENT="som"/><SP WIDTH="17" VPOS="799" HPOS="509"/>
							<String ID="string_128" HPOS="526" VPOS="792" WIDTH="92" HEIGHT="27" WC="0.96" CONTENT="uppstått"/><SP WIDTH="16" VPOS="792" HPOS="618"/>
							<String ID="string_129" HPOS="634" VPOS="792" WIDTH="34" HEIGHT="20" WC="0.96" CONTENT="vid"/><SP WIDTH="16" VPOS="792" HPOS="668"/>
							<String ID="string_130" HPOS="684" VPOS="792" WIDTH="186" HEIGHT="26" WC="0.94" CONTENT="handläggningen"/><SP WIDTH="17" VPOS="792" HPOS="870"/>
							<String ID="string_131" HPOS="887" VPOS="792" WIDTH="22" HEIGHT="20" WC="0.93" CONTENT="af"/><SP WIDTH="9" VPOS="792" HPOS="909"/>
							<String ID="string_132" HPOS="918" VPOS="792" WIDTH="34" HEIGHT="20" WC="0.90" CONTENT="Ut-"/>
						</TextLine>
						<TextLine ID="line_19" HPOS="191" VPOS="826" WIDTH="762" HEIGHT="26">
							<String ID="string_133" HPOS="191" VPOS="826" WIDTH="90" HEIGHT="19" WC="0.92" CONTENT="skottets"/><SP WIDTH="21" VPOS="826" HPOS="281"/>
							<String ID="string_134" HPOS="302" VPOS="826" WIDTH="133" HEIGHT="20" WC="0.96" CONTENT="betänkande"/><SP WIDTH="21" VPOS="826" HPOS="435"/>
							<String ID="string_135" HPOS="456" VPOS="826" WIDTH="6" HEIGHT="19" WC="0.96" CONTENT="i"/><SP WIDTH="19" VPOS="826" HPOS="462"/>
							<String ID="string_136" HPOS="481" VPOS="826" WIDTH="113" HEIGHT="26" WC="0.96" CONTENT="anledning"/><SP WIDTH="16" VPOS="826" HPOS="594"/>
							<String ID="string_137" HPOS="610" VPOS="826" WIDTH="22" HEIGHT="20" WC="0.95" CONTENT="af"/><SP WIDTH="13" VPOS="826" HPOS="632"/>
							<String ID="string_138" HPOS="645" VPOS="826" WIDTH="77" HEIGHT="20" WC="0.93" CONTENT="väckta"/><SP WIDTH="12" VPOS="826" HPOS="722"/>
							<String ID="string_139" HPOS="734" VPOS="826" WIDTH="112" HEIGHT="26" WC="0.92" CONTENT="petitioner"/><SP WIDTH="20" VPOS="826" HPOS="846"/>
							<String ID="string_140" HPOS="866" VPOS="832" WIDTH="33" HEIGHT="14" WC="0.96" CONTENT="om"/><SP WIDTH="19" VPOS="832" HPOS="899"/>
							<String ID="string_141" HPOS="918" VPOS="826" WIDTH="35" HEIGHT="26" WC="0.95" CONTENT="lag"/>
						</TextLine>
						<TextLine ID="line_20" HPOS="192" VPOS="859" WIDTH="761" HEIGHT="26">
							<String ID="string_142" HPOS="192" VPOS="859" WIDTH="111" HEIGHT="26" WC="0.93" CONTENT="angående"/><SP WIDTH="22" VPOS="859" HPOS="303"/>
							<String ID="string_143" HPOS="325" VPOS="859" WIDTH="103" HEIGHT="26" WC="0.91" CONTENT="vilkoren,"/><SP WIDTH="21" VPOS="859" HPOS="428"/>
							<String ID="string_144" HPOS="449" VPOS="860" WIDTH="118" HEIGHT="20" WC="0.92" CONTENT="hvarunder"/><SP WIDTH="16" VPOS="860" HPOS="567"/>
							<String ID="string_145" HPOS="583" VPOS="860" WIDTH="125" HEIGHT="20" WC="0.45" CONTENT="köneession"/><SP WIDTH="17" VPOS="860" HPOS="708"/>
							<String ID="string_146" HPOS="725" VPOS="860" WIDTH="31" HEIGHT="18" WC="0.96" CONTENT="för"/><SP WIDTH="15" VPOS="860" HPOS="756"/>
							<String ID="string_147" HPOS="771" VPOS="860" WIDTH="98" HEIGHT="19" WC="0.93" CONTENT="enskilda"/><SP WIDTH="15" VPOS="860" HPOS="869"/>
							<String ID="string_148" HPOS="884" VPOS="866" WIDTH="69" HEIGHT="19" WC="0.93" CONTENT="perso-"/>
						</TextLine>
						<TextLine ID="line_21" HPOS="191" VPOS="892" WIDTH="762" HEIGHT="27">
							<String ID="string_149" HPOS="191" VPOS="899" WIDTH="37" HEIGHT="13" WC="0.93" CONTENT="ner"/><SP WIDTH="22" VPOS="899" HPOS="228"/>
							<String ID="string_150" HPOS="250" VPOS="893" WIDTH="53" HEIGHT="19" WC="0.96" CONTENT="eller"/><SP WIDTH="17" VPOS="893" HPOS="303"/>
							<String ID="string_151" HPOS="320" VPOS="893" WIDTH="60" HEIGHT="26" WC="0.96" CONTENT="bolag"/><SP WIDTH="16" VPOS="893" HPOS="380"/>
							<String ID="string_152" HPOS="396" VPOS="895" WIDTH="30" HEIGHT="17" WC="0.95" CONTENT="att"/><SP WIDTH="17" VPOS="895" HPOS="426"/>
							<String ID="string_153" HPOS="443" VPOS="893" WIDTH="7" HEIGHT="19" WC="0.96" CONTENT="i"/><SP WIDTH="15" VPOS="893" HPOS="450"/>
							<String ID="string_154" HPOS="465" VPOS="893" WIDTH="90" HEIGHT="20" WC="0.96" CONTENT="Finland"/><SP WIDTH="16" VPOS="893" HPOS="555"/>
							<String ID="string_155" HPOS="571" VPOS="893" WIDTH="70" HEIGHT="26" WC="0.93" CONTENT="bygga"/><SP WIDTH="13" VPOS="893" HPOS="641"/>
							<String ID="string_156" HPOS="654" VPOS="893" WIDTH="89" HEIGHT="26" WC="0.92" CONTENT="jernväg"/><SP WIDTH="17" VPOS="893" HPOS="743"/>
							<String ID="string_157" HPOS="760" VPOS="893" WIDTH="40" HEIGHT="19" WC="0.96" CONTENT="kan"/><SP WIDTH="17" VPOS="893" HPOS="800"/>
							<String ID="string_158" HPOS="817" VPOS="893" WIDTH="23" HEIGHT="19" WC="0.93" CONTENT="af"/><SP WIDTH="13" VPOS="893" HPOS="840"/>
							<String ID="string_159" HPOS="853" VPOS="892" WIDTH="100" HEIGHT="27" WC="0.92" CONTENT="Regerin-"/>
						</TextLine>
						<TextLine ID="line_22" HPOS="192" VPOS="926" WIDTH="173" HEIGHT="27">
							<String ID="string_160" HPOS="192" VPOS="933" WIDTH="41" HEIGHT="20" WC="0.93" CONTENT="gen"/><SP WIDTH="18" VPOS="933" HPOS="233"/>
							<String ID="string_161" HPOS="251" VPOS="926" WIDTH="114" HEIGHT="20" WC="0.93" CONTENT="meddelas."/>
						</TextLine>
					</TextBlock>
					<TextBlock ID="block_6" HPOS="260" VPOS="959" WIDTH="640" HEIGHT="30">
						<TextLine ID="line_23" HPOS="260" VPOS="959" WIDTH="640" HEIGHT="30">
							<String ID="string_162" HPOS="260" VPOS="960" WIDTH="9" HEIGHT="19" WC="0.93" CONTENT="I"/><SP WIDTH="16" VPOS="960" HPOS="269"/>
							<String ID="string_163" HPOS="285" VPOS="959" WIDTH="115" HEIGHT="26" WC="0.92" CONTENT="anledning"/><SP WIDTH="17" VPOS="959" HPOS="400"/>
							<String ID="string_164" HPOS="417" VPOS="960" WIDTH="60" HEIGHT="19" WC="0.92" CONTENT="häraf"/><SP WIDTH="12" VPOS="960" HPOS="477"/>
							<String ID="string_165" HPOS="489" VPOS="960" WIDTH="84" HEIGHT="25" WC="0.92" CONTENT="yttrade"/><SP WIDTH="16" VPOS="960" HPOS="573"/>
							<String ID="string_166" HPOS="589" VPOS="960" WIDTH="43" HEIGHT="26" WC="0.96" CONTENT="sig:"/><SP WIDTH="266" VPOS="960" HPOS="632"/>
							<String ID="string_167" HPOS="898" VPOS="986" WIDTH="2" HEIGHT="3" WC="0.26" CONTENT="."/>
						</TextLine>
					</TextBlock>
					<TextBlock ID="block_7" HPOS="186" VPOS="993" WIDTH="768" HEIGHT="432">
						<TextLine ID="line_24" HPOS="258" VPOS="993" WIDTH="696" HEIGHT="27">
							<String ID="string_168" HPOS="258" VPOS="994" WIDTH="53" HEIGHT="19" WC="0.93" CONTENT="Herr"/><SP WIDTH="19" VPOS="994" HPOS="311"/>
							<String ID="string_169" HPOS="330" VPOS="993" WIDTH="123" HEIGHT="26" WC="0.90" CONTENT="Procopé:"/><SP WIDTH="18" VPOS="993" HPOS="453"/>
							<String ID="string_170" HPOS="471" VPOS="994" WIDTH="43" HEIGHT="26" WC="0.96" CONTENT="Mig"/><SP WIDTH="16" VPOS="994" HPOS="514"/>
							<String ID="string_171" HPOS="530" VPOS="1000" WIDTH="63" HEIGHT="19" WC="0.96" CONTENT="synes"/><SP WIDTH="20" VPOS="1000" HPOS="593"/>
							<String ID="string_172" HPOS="613" VPOS="993" WIDTH="133" HEIGHT="27" WC="0.96" CONTENT="oförklarligt"/><SP WIDTH="21" VPOS="993" HPOS="746"/>
							<String ID="string_173" HPOS="767" VPOS="994" WIDTH="51" HEIGHT="19" WC="0.96" CONTENT="huru"/><SP WIDTH="23" VPOS="994" HPOS="818"/>
							<String ID="string_174" HPOS="841" VPOS="994" WIDTH="113" HEIGHT="19" WC="0.96" CONTENT="Allmänna"/>
						</TextLine>
						<TextLine ID="line_25" HPOS="190" VPOS="1027" WIDTH="762" HEIGHT="26">
							<String ID="string_175" HPOS="190" VPOS="1027" WIDTH="193" HEIGHT="20" WC="0.91" CONTENT="Besvärsutskottet"/><SP WIDTH="15" VPOS="1027" HPOS="383"/>
							<String ID="string_176" HPOS="398" VPOS="1027" WIDTH="80" HEIGHT="19" WC="0.96" CONTENT="kunnat"/><SP WIDTH="14" VPOS="1027" HPOS="478"/>
							<String ID="string_177" HPOS="492" VPOS="1027" WIDTH="7" HEIGHT="19" WC="0.95" CONTENT="i"/><SP WIDTH="16" VPOS="1027" HPOS="499"/>
							<String ID="string_178" HPOS="515" VPOS="1027" WIDTH="34" HEIGHT="19" WC="0.93" CONTENT="sitt"/><SP WIDTH="11" VPOS="1027" HPOS="549"/>
							<String ID="string_179" HPOS="560" VPOS="1027" WIDTH="296" HEIGHT="26" WC="0.90" CONTENT="sammanjemkningsförslag"/><SP WIDTH="10" VPOS="1027" HPOS="856"/>
							<String ID="string_180" HPOS="866" VPOS="1028" WIDTH="86" HEIGHT="25" WC="0.96" CONTENT="inbjuda"/>
						</TextLine>
						<TextLine ID="line_26" HPOS="189" VPOS="1061" WIDTH="763" HEIGHT="26">
							<String ID="string_181" HPOS="189" VPOS="1061" WIDTH="156" HEIGHT="26" WC="0.92" CONTENT="Ridderskapet"/><SP WIDTH="21" VPOS="1061" HPOS="345"/>
							<String ID="string_182" HPOS="366" VPOS="1061" WIDTH="39" HEIGHT="20" WC="0.92" CONTENT="och"/><SP WIDTH="24" VPOS="1061" HPOS="405"/>
							<String ID="string_183" HPOS="429" VPOS="1061" WIDTH="68" HEIGHT="19" WC="0.92" CONTENT="Adeln"/><SP WIDTH="21" VPOS="1061" HPOS="497"/>
							<String ID="string_184" HPOS="518" VPOS="1063" WIDTH="53" HEIGHT="17" WC="0.93" CONTENT="samt"/><SP WIDTH="23" VPOS="1063" HPOS="571"/>
							<String ID="string_185" HPOS="594" VPOS="1061" WIDTH="176" HEIGHT="26" WC="0.91" CONTENT="Borgareståndet"/><SP WIDTH="17" VPOS="1061" HPOS="770"/>
							<String ID="string_186" HPOS="787" VPOS="1064" WIDTH="30" HEIGHT="17" WC="0.96" CONTENT="att"/><SP WIDTH="20" VPOS="1064" HPOS="817"/>
							<String ID="string_187" HPOS="837" VPOS="1062" WIDTH="27" HEIGHT="19" WC="0.96" CONTENT="uti"/><SP WIDTH="24" VPOS="1062" HPOS="864"/>
							<String ID="string_188" HPOS="888" VPOS="1063" WIDTH="64" HEIGHT="18" WC="0.95" CONTENT="första"/>
						</TextLine>
						<TextLine ID="line_27" HPOS="189" VPOS="1094" WIDTH="764" HEIGHT="27">
							<String ID="string_189" HPOS="189" VPOS="1094" WIDTH="93" HEIGHT="26" WC="0.94" CONTENT="punkten"/><SP WIDTH="22" VPOS="1094" HPOS="282"/>
							<String ID="string_190" HPOS="304" VPOS="1094" WIDTH="74" HEIGHT="27" WC="0.96" CONTENT="frångå"/><SP WIDTH="20" VPOS="1094" HPOS="378"/>
							<String ID="string_191" HPOS="398" VPOS="1094" WIDTH="26" HEIGHT="20" WC="0.96" CONTENT="de"/><SP WIDTH="20" VPOS="1094" HPOS="424"/>
							<String ID="string_192" HPOS="444" VPOS="1095" WIDTH="23" HEIGHT="18" WC="0.96" CONTENT="af"/><SP WIDTH="16" VPOS="1095" HPOS="467"/>
							<String ID="string_193" HPOS="483" VPOS="1095" WIDTH="46" HEIGHT="18" WC="0.96" CONTENT="dem"/><SP WIDTH="22" VPOS="1095" HPOS="529"/>
							<String ID="string_194" HPOS="551" VPOS="1094" WIDTH="95" HEIGHT="20" WC="0.96" CONTENT="beslutna"/><SP WIDTH="20" VPOS="1094" HPOS="646"/>
							<String ID="string_195" HPOS="666" VPOS="1094" WIDTH="74" HEIGHT="27" WC="0.96" CONTENT="tillägg"/><SP WIDTH="16" VPOS="1094" HPOS="740"/>
							<String ID="string_196" HPOS="756" VPOS="1095" WIDTH="30" HEIGHT="18" WC="0.95" CONTENT="till"/><SP WIDTH="17" VPOS="1095" HPOS="786"/>
							<String ID="string_197" HPOS="803" VPOS="1095" WIDTH="150" HEIGHT="23" WC="0.96" CONTENT="betänkandet,"/>
						</TextLine>
						<TextLine ID="line_28" HPOS="189" VPOS="1128" WIDTH="756" HEIGHT="27">
							<String ID="string_198" HPOS="189" VPOS="1129" WIDTH="55" HEIGHT="18" WC="0.96" CONTENT="helst"/><SP WIDTH="18" VPOS="1129" HPOS="244"/>
							<String ID="string_199" HPOS="262" VPOS="1128" WIDTH="108" HEIGHT="20" WC="0.96" CONTENT="Utskottet"/><SP WIDTH="20" VPOS="1128" HPOS="370"/>
							<String ID="string_200" HPOS="390" VPOS="1128" WIDTH="29" HEIGHT="19" WC="0.96" CONTENT="uti"/><SP WIDTH="19" VPOS="1128" HPOS="419"/>
							<String ID="string_201" HPOS="438" VPOS="1128" WIDTH="65" HEIGHT="19" WC="0.95" CONTENT="andra"/><SP WIDTH="15" VPOS="1128" HPOS="503"/>
							<String ID="string_202" HPOS="518" VPOS="1128" WIDTH="92" HEIGHT="25" WC="0.96" CONTENT="punkten"/><SP WIDTH="18" VPOS="1128" HPOS="610"/>
							<String ID="string_203" HPOS="628" VPOS="1128" WIDTH="102" HEIGHT="26" WC="0.96" CONTENT="tillstyrkt"/><SP WIDTH="10" VPOS="1128" HPOS="730"/>
							<String ID="string_204" HPOS="740" VPOS="1129" WIDTH="126" HEIGHT="26" WC="0.96" CONTENT="antagandet"/><SP WIDTH="14" VPOS="1129" HPOS="866"/>
							<String ID="string_205" HPOS="880" VPOS="1129" WIDTH="23" HEIGHT="20" WC="0.95" CONTENT="af"/><SP WIDTH="13" VPOS="1129" HPOS="903"/>
							<String ID="string_206" HPOS="916" VPOS="1132" WIDTH="29" HEIGHT="17" WC="0.96" CONTENT="ett"/>
						</TextLine>
						<TextLine ID="line_29" HPOS="189" VPOS="1161" WIDTH="760" HEIGHT="27">
							<String ID="string_207" HPOS="189" VPOS="1162" WIDTH="76" HEIGHT="20" WC="0.96" CONTENT="endast"/><SP WIDTH="15" VPOS="1162" HPOS="265"/>
							<String ID="string_208" HPOS="280" VPOS="1163" WIDTH="24" HEIGHT="18" WC="0.93" CONTENT="af"/><SP WIDTH="13" VPOS="1163" HPOS="304"/>
							<String ID="string_209" HPOS="317" VPOS="1161" WIDTH="207" HEIGHT="27" WC="0.92" CONTENT="Ridderskapet"/><SP WIDTH="-40" VPOS="1161" HPOS="524"/>
							<String ID="string_210" HPOS="484" VPOS="1157" WIDTH="43" HEIGHT="35" WC="0.91" CONTENT="och"/><SP WIDTH="15" VPOS="1157" HPOS="527"/>
							<String ID="string_211" HPOS="542" VPOS="1161" WIDTH="68" HEIGHT="20" WC="0.92" CONTENT="Adeln"/><SP WIDTH="9" VPOS="1161" HPOS="610"/>
							<String ID="string_212" HPOS="619" VPOS="1163" WIDTH="56" HEIGHT="24" WC="0.96" CONTENT="gjort"/><SP WIDTH="12" VPOS="1163" HPOS="675"/>
							<String ID="string_213" HPOS="687" VPOS="1162" WIDTH="80" HEIGHT="26" WC="0.94" CONTENT="tillägg."/><SP WIDTH="30" VPOS="1162" HPOS="767"/>
							<String ID="string_214" HPOS="797" VPOS="1162" WIDTH="32" HEIGHT="20" WC="0.84" CONTENT="Då"/><SP WIDTH="12" VPOS="1162" HPOS="829"/>
							<String ID="string_215" HPOS="841" VPOS="1163" WIDTH="34" HEIGHT="19" WC="0.96" CONTENT="två"/><SP WIDTH="11" VPOS="1163" HPOS="875"/>
							<String ID="string_216" HPOS="886" VPOS="1163" WIDTH="63" HEIGHT="20" WC="0.95" CONTENT="Stånd"/>
						</TextLine>
						<TextLine ID="line_30" HPOS="189" VPOS="1195" WIDTH="761" HEIGHT="26">
							<String ID="string_217" HPOS="189" VPOS="1196" WIDTH="83" HEIGHT="19" WC="0.96" CONTENT="förenat"/><SP WIDTH="15" VPOS="1196" HPOS="272"/>
							<String ID="string_218" HPOS="287" VPOS="1196" WIDTH="31" HEIGHT="25" WC="0.96" CONTENT="sig"/><SP WIDTH="16" VPOS="1196" HPOS="318"/>
							<String ID="string_219" HPOS="334" VPOS="1202" WIDTH="34" HEIGHT="13" WC="0.96" CONTENT="om"/><SP WIDTH="16" VPOS="1202" HPOS="368"/>
							<String ID="string_220" HPOS="384" VPOS="1197" WIDTH="30" HEIGHT="17" WC="0.96" CONTENT="ett"/><SP WIDTH="15" VPOS="1197" HPOS="414"/>
							<String ID="string_221" HPOS="429" VPOS="1195" WIDTH="79" HEIGHT="26" WC="0.96" CONTENT="tillägg,"/><SP WIDTH="16" VPOS="1195" HPOS="508"/>
							<String ID="string_222" HPOS="524" VPOS="1195" WIDTH="54" HEIGHT="19" WC="0.96" CONTENT="hade"/><SP WIDTH="16" VPOS="1195" HPOS="578"/>
							<String ID="string_223" HPOS="594" VPOS="1195" WIDTH="108" HEIGHT="20" WC="0.96" CONTENT="Utskottet"/><SP WIDTH="16" VPOS="1195" HPOS="702"/>
							<String ID="string_224" HPOS="718" VPOS="1196" WIDTH="45" HEIGHT="19" WC="0.96" CONTENT="med"/><SP WIDTH="16" VPOS="1196" HPOS="763"/>
							<String ID="string_225" HPOS="779" VPOS="1202" WIDTH="56" HEIGHT="13" WC="0.96" CONTENT="mera"/><SP WIDTH="12" VPOS="1202" HPOS="835"/>
							<String ID="string_226" HPOS="847" VPOS="1196" WIDTH="45" HEIGHT="20" WC="0.96" CONTENT="skäl"/><SP WIDTH="13" VPOS="1196" HPOS="892"/>
							<String ID="string_227" HPOS="905" VPOS="1197" WIDTH="45" HEIGHT="19" WC="0.96" CONTENT="bort"/>
						</TextLine>
						<TextLine ID="line_31" HPOS="189" VPOS="1228" WIDTH="759" HEIGHT="27">
							<String ID="string_228" HPOS="189" VPOS="1229" WIDTH="76" HEIGHT="20" WC="0.96" CONTENT="föreslå"/><SP WIDTH="21" VPOS="1229" HPOS="265"/>
							<String ID="string_229" HPOS="286" VPOS="1229" WIDTH="67" HEIGHT="20" WC="0.96" CONTENT="dettas"/><SP WIDTH="20" VPOS="1229" HPOS="353"/>
							<String ID="string_230" HPOS="373" VPOS="1229" WIDTH="119" HEIGHT="26" WC="0.95" CONTENT="antagande"/><SP WIDTH="20" VPOS="1229" HPOS="492"/>
							<String ID="string_231" HPOS="512" VPOS="1228" WIDTH="61" HEIGHT="21" WC="0.96" CONTENT="äfven"/><SP WIDTH="22" VPOS="1228" HPOS="573"/>
							<String ID="string_232" HPOS="595" VPOS="1229" WIDTH="23" HEIGHT="20" WC="0.95" CONTENT="af"/><SP WIDTH="16" VPOS="1229" HPOS="618"/>
							<String ID="string_233" HPOS="634" VPOS="1229" WIDTH="26" HEIGHT="20" WC="0.96" CONTENT="de"/><SP WIDTH="22" VPOS="1229" HPOS="660"/>
							<String ID="string_234" HPOS="682" VPOS="1230" WIDTH="68" HEIGHT="25" WC="0.96" CONTENT="begge"/><SP WIDTH="19" VPOS="1230" HPOS="750"/>
							<String ID="string_235" HPOS="769" VPOS="1229" WIDTH="66" HEIGHT="21" WC="0.93" CONTENT="andra"/><SP WIDTH="15" VPOS="1229" HPOS="835"/>
							<String ID="string_236" HPOS="850" VPOS="1230" WIDTH="98" HEIGHT="21" WC="0.92" CONTENT="Ständen."/>
						</TextLine>
						<TextLine ID="line_32" HPOS="187" VPOS="1263" WIDTH="765" HEIGHT="26">
							<String ID="string_237" HPOS="187" VPOS="1264" WIDTH="41" HEIGHT="19" WC="0.96" CONTENT="För"/><SP WIDTH="20" VPOS="1264" HPOS="228"/>
							<String ID="string_238" HPOS="248" VPOS="1264" WIDTH="42" HEIGHT="19" WC="0.95" CONTENT="min"/><SP WIDTH="23" VPOS="1264" HPOS="290"/>
							<String ID="string_239" HPOS="313" VPOS="1263" WIDTH="33" HEIGHT="20" WC="0.95" CONTENT="del"/><SP WIDTH="20" VPOS="1263" HPOS="346"/>
							<String ID="string_240" HPOS="366" VPOS="1263" WIDTH="95" HEIGHT="20" WC="0.96" CONTENT="anhåller"/><SP WIDTH="18" VPOS="1263" HPOS="461"/>
							<String ID="string_241" HPOS="479" VPOS="1264" WIDTH="37" HEIGHT="25" WC="0.96" CONTENT="jag"/><SP WIDTH="19" VPOS="1264" HPOS="516"/>
							<String ID="string_242" HPOS="535" VPOS="1265" WIDTH="30" HEIGHT="18" WC="0.93" CONTENT="att"/><SP WIDTH="20" VPOS="1265" HPOS="565"/>
							<String ID="string_243" HPOS="585" VPOS="1263" WIDTH="178" HEIGHT="26" WC="0.91" CONTENT="Borgareståndet"/><SP WIDTH="16" VPOS="1263" HPOS="763"/>
							<String ID="string_244" HPOS="779" VPOS="1263" WIDTH="48" HEIGHT="20" WC="0.93" CONTENT="ville"/><SP WIDTH="22" VPOS="1263" HPOS="827"/>
							<String ID="string_245" HPOS="849" VPOS="1264" WIDTH="103" HEIGHT="21" WC="0.91" CONTENT="vidblifva"/>
						</TextLine>
						<TextLine ID="line_33" HPOS="187" VPOS="1297" WIDTH="762" HEIGHT="26">
							<String ID="string_246" HPOS="187" VPOS="1298" WIDTH="36" HEIGHT="19" WC="0.95" CONTENT="sitt"/><SP WIDTH="15" VPOS="1298" HPOS="223"/>
							<String ID="string_247" HPOS="238" VPOS="1297" WIDTH="84" HEIGHT="26" WC="0.95" CONTENT="engång"/><SP WIDTH="16" VPOS="1297" HPOS="322"/>
							<String ID="string_248" HPOS="338" VPOS="1297" WIDTH="78" HEIGHT="20" WC="0.95" CONTENT="fattade"/><SP WIDTH="17" VPOS="1297" HPOS="416"/>
							<String ID="string_249" HPOS="433" VPOS="1297" WIDTH="67" HEIGHT="20" WC="0.96" CONTENT="beslut"/><SP WIDTH="15" VPOS="1297" HPOS="500"/>
							<String ID="string_250" HPOS="515" VPOS="1297" WIDTH="54" HEIGHT="20" WC="0.96" CONTENT="hvad"/><SP WIDTH="17" VPOS="1297" HPOS="569"/>
							<String ID="string_251" HPOS="586" VPOS="1297" WIDTH="65" HEIGHT="20" WC="0.96" CONTENT="första"/><SP WIDTH="15" VPOS="1297" HPOS="651"/>
							<String ID="string_252" HPOS="666" VPOS="1297" WIDTH="94" HEIGHT="26" WC="0.96" CONTENT="punkten"/><SP WIDTH="16" VPOS="1297" HPOS="760"/>
							<String ID="string_253" HPOS="776" VPOS="1297" WIDTH="71" HEIGHT="26" WC="0.96" CONTENT="angår,"/><SP WIDTH="16" VPOS="1297" HPOS="847"/>
							<String ID="string_254" HPOS="863" VPOS="1299" WIDTH="39" HEIGHT="19" WC="0.93" CONTENT="och"/><SP WIDTH="12" VPOS="1299" HPOS="902"/>
							<String ID="string_255" HPOS="914" VPOS="1301" WIDTH="35" HEIGHT="17" WC="0.93" CONTENT="ön-"/>
						</TextLine>
						<TextLine ID="line_34" HPOS="187" VPOS="1331" WIDTH="764" HEIGHT="26">
							<String ID="string_256" HPOS="187" VPOS="1331" WIDTH="65" HEIGHT="20" WC="0.96" CONTENT="skade"/><SP WIDTH="16" VPOS="1331" HPOS="252"/>
							<String ID="string_257" HPOS="268" VPOS="1332" WIDTH="6" HEIGHT="19" WC="0.96" CONTENT="i"/><SP WIDTH="17" VPOS="1332" HPOS="274"/>
							<String ID="string_258" HPOS="291" VPOS="1332" WIDTH="99" HEIGHT="19" WC="0.93" CONTENT="afseende"/><SP WIDTH="16" VPOS="1332" HPOS="390"/>
							<String ID="string_259" HPOS="406" VPOS="1332" WIDTH="12" HEIGHT="19" WC="0.91" CONTENT="å"/><SP WIDTH="15" VPOS="1332" HPOS="418"/>
							<String ID="string_260" HPOS="433" VPOS="1332" WIDTH="66" HEIGHT="19" WC="0.96" CONTENT="andra"/><SP WIDTH="15" VPOS="1332" HPOS="499"/>
							<String ID="string_261" HPOS="514" VPOS="1331" WIDTH="92" HEIGHT="26" WC="0.96" CONTENT="punkten"/><SP WIDTH="17" VPOS="1331" HPOS="606"/>
							<String ID="string_262" HPOS="623" VPOS="1331" WIDTH="90" HEIGHT="25" WC="0.96" CONTENT="förorda,"/><SP WIDTH="16" VPOS="1331" HPOS="713"/>
							<String ID="string_263" HPOS="729" VPOS="1333" WIDTH="29" HEIGHT="18" WC="0.93" CONTENT="att"/><SP WIDTH="14" VPOS="1333" HPOS="758"/>
							<String ID="string_264" HPOS="772" VPOS="1331" WIDTH="179" HEIGHT="26" WC="0.92" CONTENT="Borgareståndet"/>
						</TextLine>
						<TextLine ID="line_35" HPOS="187" VPOS="1365" WIDTH="762" HEIGHT="26">
							<String ID="string_265" HPOS="187" VPOS="1366" WIDTH="49" HEIGHT="19" WC="0.96" CONTENT="ville"/><SP WIDTH="17" VPOS="1366" HPOS="236"/>
							<String ID="string_266" HPOS="253" VPOS="1366" WIDTH="73" HEIGHT="19" WC="0.96" CONTENT="förena"/><SP WIDTH="15" VPOS="1366" HPOS="326"/>
							<String ID="string_267" HPOS="341" VPOS="1366" WIDTH="32" HEIGHT="25" WC="0.96" CONTENT="sig"/><SP WIDTH="17" VPOS="1366" HPOS="373"/>
							<String ID="string_268" HPOS="390" VPOS="1366" WIDTH="46" HEIGHT="19" WC="0.93" CONTENT="med"/><SP WIDTH="20" VPOS="1366" HPOS="436"/>
							<String ID="string_269" HPOS="456" VPOS="1365" WIDTH="154" HEIGHT="26" WC="0.91" CONTENT="Ridderskapet"/><SP WIDTH="20" VPOS="1365" HPOS="610"/>
							<String ID="string_270" HPOS="630" VPOS="1365" WIDTH="38" HEIGHT="20" WC="0.93" CONTENT="och"/><SP WIDTH="21" VPOS="1365" HPOS="668"/>
							<String ID="string_271" HPOS="689" VPOS="1365" WIDTH="70" HEIGHT="19" WC="0.92" CONTENT="Adeln"/><SP WIDTH="18" VPOS="1365" HPOS="759"/>
							<String ID="string_272" HPOS="777" VPOS="1368" WIDTH="53" HEIGHT="16" WC="0.96" CONTENT="samt"/><SP WIDTH="15" VPOS="1368" HPOS="830"/>
							<String ID="string_273" HPOS="845" VPOS="1365" WIDTH="83" HEIGHT="22" WC="0.96" CONTENT="således"/><SP WIDTH="16" VPOS="1365" HPOS="928"/>
							<String ID="string_274" HPOS="944" VPOS="1368" WIDTH="5" HEIGHT="18" WC="0.96" CONTENT="i"/>
						</TextLine>
						<TextLine ID="line_36" HPOS="186" VPOS="1399" WIDTH="581" HEIGHT="26">
							<String ID="string_275" HPOS="186" VPOS="1399" WIDTH="70" HEIGHT="20" WC="0.89" CONTENT="denua"/><SP WIDTH="16" VPOS="1399" HPOS="256"/>
							<String ID="string_276" HPOS="272" VPOS="1400" WIDTH="65" HEIGHT="25" WC="0.96" CONTENT="punkt"/><SP WIDTH="16" VPOS="1400" HPOS="337"/>
							<String ID="string_277" HPOS="353" VPOS="1401" WIDTH="77" HEIGHT="24" WC="0.92" CONTENT="antaga"/><SP WIDTH="15" VPOS="1401" HPOS="430"/>
							<String ID="string_278" HPOS="445" VPOS="1399" WIDTH="322" HEIGHT="26" WC="0.90" CONTENT="sammanjemkningsförslaget."/>
						</TextLine>
					</TextBlock>
				</ComposedBlock>
			</PrintSpace>
		</Page>
	</Layout>
</alto>
