1070 1786
438 161 41 18 Den
493 163 23 16 13
528 162 42 22 Maj.
807 163 44 17 1051

113 221 30 18 att
158 219 29 19 uti
208 221 4 22 $
231 220 25 19 12
273 226 61 13 mom.
351 220 11 19 8
379 219 61 20 äfven
463 219 55 19 talas
541 225 33 13 om
591 219 80 26 fartygs
688 219 107 26 byggnad,
813 221 60 19 hvar-

114 253 44 19 före
174 253 40 19 och
234 253 27 20 då
284 253 88 19 berörde
387 255 9 21 $
413 253 36 19 här
472 252 111 26 åberopas,
604 253 66 26 enligt
685 255 9 22 $
710 253 24 19 21
753 254 62 19 äfven
832 253 41 21 kan

115 287 66 19 blifva
195 287 60 26 fråga
278 293 31 13 om
333 286 153 20 sammanskott
510 286 32 19 till
559 289 30 17 ett
605 288 46 24 nytt
666 287 76 25 fartyg,
759 287 63 19 innan
839 287 36 19 det

113 320 52 26 lupit
180 328 24 12 ur
223 321 98 20 hamnen.

183 354 53 20 Herr
252 354 166 26 Tengström:
448 354 41 26 Jag
505 354 78 19 önskar
602 354 74 20 endast
691 354 53 19 fästa
761 354 111 26 uppmärk-

115 388 82 20 samhet
217 388 27 26 på
266 388 39 19 den
328 388 194 26 omständigheten,
538 390 29 17 att
583 390 10 22 $
611 389 23 18 11
651 387 65 27 angår
732 388 143 20 förhållandet

115 422 89 20 emellan
229 422 39 19 den
292 428 44 13 som
360 421 98 20 beställer
482 424 31 17 ett
531 422 70 25 fartyg
620 421 39 19 och
675 422 39 18 den
730 428 45 13 som
792 422 82 26 bygger

116 456 40 24 det,
177 456 102 26 fartygets
297 455 148 26 byggmästare
468 455 55 19 eller
545 462 26 12 en
592 456 142 25 entreprenör,
750 456 82 20 således
848 462 25 14 en

116 490 46 19 med
187 490 36 19 det
244 488 131 20 industriella
397 488 38 20 och
459 488 126 20 mekaniska
601 488 81 20 arbetet
696 488 117 26 sysslande,
829 496 44 12 som

118 530 66 19 egnar
195 523 32 26 sig
243 523 21 20 åt
274 525 30 17 att
319 522 97 20 tillverka
431 522 78 26 fartyg,
522 529 47 13 men
585 522 48 20 icke
649 522 37 19 har
702 522 69 20 medel
787 525 30 17 att
829 522 44 19 full-

117 557 55 20 ända
186 557 42 25 det,
241 559 48 17 utan
306 556 79 27 nödgas
400 556 23 20 af
436 556 48 25 den,
496 562 44 14 som
558 556 80 20 betalar
653 556 35 20 det
704 556 128 20 verkställda
843 562 30 14 ar-

117 591 63 25 betet,
192 593 106 24 emottaga
314 591 116 24 förskotter.
457 593 10 21 $
485 590 23 20 21
529 590 75 20 liksom
620 592 10 22 $
648 591 24 19 12
688 590 127 20 bestämmer
831 590 44 20 åter

117 624 213 20 rättsförhållandena
348 624 88 19 emellan
457 624 125 20 medredare
599 624 27 19 uti
642 624 76 26 fartyg.
748 623 42 20 Det
805 626 22 17 är
843 623 31 20 sä-

118 658 57 20 ledes
191 658 57 20 olika
271 658 35 19 fall
322 664 43 12 som
383 658 28 18 uti
429 658 22 18 11
470 657 40 19 och
528 657 24 19 12
569 658 22 23 $$
607 656 85 26 åsyftas,
708 656 39 20 och
760 657 38 25 jag
813 662 62 14 anser

120 692 82 19 derföre
218 698 26 13 en
256 691 126 26 hänvisning
397 690 6 19 i
419 692 10 22 $
445 691 24 19 21
489 690 75 20 endast
579 690 31 19 till
630 692 5 22 $
653 690 25 20 12
694 696 50 13 vara
759 690 65 26 riktig
835 690 38 20 och

118 726 27 26 på
160 726 36 19 sitt
211 726 67 19 ställe.

185 760 53 19 Herr
254 759 90 26 Sjöros
367 758 70 19 anhöll
460 760 31 17 att
513 757 21 20 få
557 757 105 27 berigtiga
680 757 38 20 och
734 757 142 26 komplettera

117 793 36 19 sitt
172 796 82 17 senaste
276 792 104 27 yttrande,
397 798 76 20 genom
496 794 30 17 att
543 792 72 19 förena
630 792 32 26 sig
678 791 46 20 med
741 792 47 19 herr
803 792 70 26 Teng-

117 829 70 17 ström.

186 861 58 20 Efter
263 861 65 19 slutad
349 860 118 20 diskussion
491 860 129 20 framställde
639 860 53 19 Herr
711 859 163 20 Talmannen

118 895 93 25 följande

187 927 185 26 Proposition:
395 926 95 27 Antager
506 926 88 20 Ståndet
609 929 9 21 $
634 927 25 19 21
677 926 67 27 enligt
759 927 117 20 Utskottets

120 961 132 20 betänkande
273 961 50 20 eller
342 961 35 19 det
392 960 22 20 af
428 961 53 19 Herr
497 960 56 19 Julin
570 960 129 20 framställda
714 961 161 19 amendement?

120 1007 26 2 —
163 995 31 19 De
210 1001 44 13 som
270 994 66 20 önska
359 994 35 19 det
414 995 56 18 förra
485 1000 62 13 svara
559 995 31 25 ja:
613 995 26 19 de
655 1001 44 13 som
714 994 111 27 föredraga
841 995 35 19 det

118 1035 74 14 senare
208 1029 40 26 nej.

186 1063 158 25 Propositionen
369 1061 126 20 besvarades
519 1062 47 19 med
589 1061 158 27 öfvervägande
769 1062 55 19 antal
841 1061 34 28 ja;

119 1097 38 20 och
178 1096 120 19 förklarade
313 1096 53 19 Herr
385 1096 164 19 Talmannen
566 1096 7 19 i
588 1096 50 25 följd
655 1096 61 19 häraf
729 1096 88 20 Ståndet
832 1097 43 19 haf-

119 1137 26 13 va
160 1133 48 16 utan
224 1130 122 26 förändring
362 1130 80 26 antagit
457 1132 10 22 $
484 1130 23 19 21
526 1130 67 26 enligt
603 1130 117 20 Utskottets
736 1130 139 21 betänkande.

219 1163 57 28 s».

188 1197 52 19 Herr
256 1193 150 29 Öhrnberg:
435 1196 41 27 Jag
493 1196 36 20 ber
553 1199 30 17 att
605 1200 56 16 emot
680 1197 70 19 denna
768 1199 28 23 $:s
811 1198 66 19 andra

119 1233 92 18 moment
226 1231 21 20 fä
262 1233 51 24 göra
322 1237 26 14 en
364 1230 149 27 anmärkning,
529 1231 6 19 i
552 1232 55 25 syfte
623 1234 30 17 att
668 1232 22 19 af
704 1232 26 19 de
746 1232 130 20 närvarande

119 1265 163 20 medlemmarne
294 1266 27 19 uti
334 1265 187 28 Sjölagsutskottet
532 1266 66 19 blifva
613 1266 84 26 upplyst
713 1273 33 13 om
763 1267 114 25 obefogen-

119 1299 61 19 heten
204 1299 23 18 af
248 1299 46 19 mitt
312 1299 79 19 tvifvel.
427 1299 42 20 Det
487 1299 59 19 heter
561 1299 47 20 der:
639 1299 67 20 ”Utan
722 1299 99 19 särskildt
837 1299 39 19 till-

120 1332 60 19 ständ
200 1332 23 19 af
239 1332 91 20 rederiet
352 1332 32 20 mä
406 1333 18 25 ej
448 1333 154 19 hufvudredare
617 1333 7 18 i
640 1332 47 20 dess
703 1339 63 13 namn
782 1332 53 19 eller
851 1332 27 26 pä

119 1366 47 19 dess
189 1368 79 23 vägnar
292 1366 90 26 uppläna
404 1366 125 26 penningar,
545 1367 20 25 ej
581 1366 66 19 heller
668 1366 85 25 försälja
768 1365 52 20 eller
836 1365 41 20 för-

120 1401 64 24 panta
206 1399 136 27 delegarenes
365 1400 69 26 fartyg
457 1400 40 19 och
517 1399 144 27 fartygslotter
684 1399 52 20 eller
751 1399 50 20 derä
817 1399 61 20 verk-

121 1433 61 19 ställa
197 1434 66 19 större
286 1433 167 26 förbättringar”,
476 1433 39 20 och
531 1433 24 20 af
568 1433 40 20 den
624 1433 93 26 följande
732 1435 32 22 $:n
780 1439 34 14 ser
830 1440 47 13 man
