1070 1786
256 139 34 32 898
557 143 40 18 Den
610 143 10 17 2
633 144 42 23 Maj.

233 202 110 27 angående
367 204 56 18 rätta
445 201 81 27 platsen
550 202 32 19 för
605 201 40 20 den
670 201 108 21 blifvande
801 202 79 20 Finska
901 202 86 20 normal-

233 237 80 20 skolan.
344 237 8 20 I
368 237 60 20 detta
450 235 101 20 afseende
573 238 23 17 är
613 235 45 26 jag,
681 235 27 26 på
731 236 26 20 de
773 236 54 26 skäl,
850 243 44 14 som
914 243 74 13 senare

234 271 79 20 hälften
340 271 23 20 af
388 277 52 20 pag.
467 271 11 18 4
502 270 29 19 uti
557 269 111 20 utskottets
698 270 136 20 betänkande
864 271 124 25 innehåller,

234 306 22 20 af
276 312 79 14 samma
377 304 67 21 tanke
466 310 45 14 som
535 304 107 25 utskottet,
670 304 30 19 till
724 304 61 20 hvars
810 304 126 27 motivering
951 305 38 25 jag

235 340 54 20 dock
305 340 49 20 ville
370 339 96 26 tillägga,
491 340 30 18 att
538 338 156 20 normalskolan
711 338 27 26 ej,
755 338 6 20 i
777 338 68 20 likhet
861 338 47 20 med
923 338 66 20 andra

235 374 151 26 läroanstalter,
403 373 56 20 afser
475 372 53 21 blott
544 372 110 20 elevernes
670 372 104 27 bildning,
791 375 48 17 utan
853 372 79 26 jemväl
951 372 37 20 har

235 408 30 20 till
281 407 98 21 särskildt
394 407 100 21 ändamål
509 406 201 27 lärarebildningen.
726 407 43 19 Här
784 407 67 26 gäller
867 407 7 19 i
893 406 31 20 sin
937 406 51 20 fulla

236 442 55 20 kraft
313 443 36 20 det
370 442 73 27 gamla
465 441 125 27 ordspråket
617 441 110 20 ”docendo
744 441 120 20 discimus”.
895 440 93 27 Derföre,

235 476 40 20 och
290 477 27 20 då
332 477 71 20 denna
418 476 77 20 anstalt
510 475 43 21 står
568 475 66 20 under
654 475 72 26 tillsyn
747 476 22 19 af
790 475 198 27 pedagogieprofes-

236 518 55 19 sorn,
314 511 36 19 vill
370 511 46 26 jag,
439 510 30 20 uti
492 511 40 19 den
556 509 192 27 omständigheten,
771 511 31 18 att
824 509 74 20 skolan
920 508 69 20 skalle

236 546 94 26 placeras
345 546 6 19 i
367 544 140 27 Helsingfors,
523 544 64 20 redan
604 544 28 27 på
647 544 88 20 förhand
752 544 115 27 godkänna
878 543 111 21 utskottets

237 580 139 20 betänkande.

304 614 52 20 Herr
372 614 123 26 Sopanen
511 612 105 26 framhöll,
632 614 30 18 att
677 612 64 20 bland
757 612 40 20 den
814 612 79 20 Finska
906 612 84 20 talande

238 648 150 26 befolkningen
412 647 40 20 den
476 646 81 20 önskan
581 646 87 20 allmänt
693 646 91 26 uttalats,
804 648 31 18 att
855 646 41 20 den
912 646 79 20 Finska

237 682 156 21 normalskolan
410 681 55 27 finge
481 681 30 19 sin
528 681 54 26 plats
597 681 7 19 i
621 680 166 26 hufvudstaden;
803 680 39 20 och
860 680 63 20 borde
939 680 49 20 Bor-

236 716 134 28 gareståndet
393 715 24 21 så
440 715 86 27 mycket
548 715 66 20 hellre
630 714 54 20 fästa
698 715 101 20 afseende
816 715 34 19 vid
869 715 69 19 denna
954 718 35 16 ön-

237 752 59 25 skan,
318 757 44 13 som
387 750 42 20 den
452 749 78 20 Finska
554 749 151 27 befolkningen
729 750 55 19 ända
807 749 31 20 till
862 751 83 17 senaste
961 750 29 19 tid

238 786 88 26 nödgats
344 785 94 19 inhemta
453 784 32 19 sin
501 783 96 27 bildning
613 783 28 27 på
660 785 30 18 ett
706 784 129 20 tremmande
851 784 69 26 språk,
938 787 54 17 samt

237 821 7 19 i
260 820 99 20 händelse
375 818 163 26 ifrågavarande
554 817 132 27 berättigade
702 818 91 26 anspråk
815 817 123 27 förbisåges,
957 818 32 20 så-

238 854 50 20 dant
310 854 52 20 blott
385 852 85 20 komme
493 854 30 18 att
545 852 49 20 leda
617 852 30 20 till
667 852 101 26 afvoghet
783 852 40 20 och
839 852 150 20 missförstånd.

238 889 89 19 Talaren
343 887 110 27 hoppades
469 886 90 26 derföre,
574 888 31 18 att
620 886 89 20 Ståndet
719 886 68 20 skulle
802 886 7 19 i
825 886 41 20 allo
877 886 114 26 godkänna

239 922 149 21 betänkandet.

307 957 52 19 Herr
375 962 50 13 von
441 955 175 26 Zweygberg:
638 955 40 26 Jag
702 955 38 19 har
762 954 89 20 anhållit
873 961 34 14 om
930 955 61 20 ordet

240 992 52 19 blott
314 992 30 19 för
366 992 32 18 att
418 990 83 20 bemöta
517 989 26 20 de
559 989 22 20 af
595 989 53 20 Herr
664 989 94 20 Höckert
772 989 75 26 gjorda
862 989 70 20 inkast
948 992 43 17 mot

239 1027 23 18 af
283 1026 41 26 mig
349 1024 122 27 åberopade
493 1024 76 19 siffror.
599 1023 41 27 Jag
659 1023 35 20 vill
710 1023 48 20 icke
774 1023 66 20 strida
855 1030 33 13 om
905 1024 85 20 hvilken

240 1060 132 27 uppfattning
390 1059 33 20 må
439 1065 50 13 vara
504 1058 40 19 den
557 1060 60 23 rätta,
633 1057 111 20 utskottets
755 1058 52 19 eller
817 1058 53 20 Herr
881 1059 110 23 Höckerts,

241 1101 47 14 men
310 1097 42 17 tror
375 1093 56 20 dock
446 1095 31 17 att
491 1092 54 20 hvar
560 1092 39 19 och
615 1098 26 13 en
658 1092 38 19 bör
711 1092 53 19 fästa
780 1099 58 13 mera
854 1093 43 26 vigt
916 1093 34 20 vid
966 1093 26 20 de

241 1129 92 25 siffertal,
349 1134 44 13 som
410 1126 102 21 utskottet
527 1126 115 20 framhållit
657 1129 26 16 än
700 1126 34 20 vid
750 1127 78 19 antalet
839 1127 79 20 Finska
929 1133 62 14 namn

242 1163 62 20 bland
319 1162 86 20 skolans
428 1161 81 24 elever;
532 1160 38 20 och
592 1160 33 26 då,
642 1160 66 27 enligt
723 1160 151 27 betänkandet,
897 1162 37 19 112
950 1161 41 20 ele-

241 1204 43 18 ver,
300 1195 113 21 fördelade
430 1194 75 20 endast
527 1194 28 26 på
577 1194 42 20 fem
642 1194 88 26 klasser,
747 1194 62 20 hafva
825 1194 66 20 under
909 1197 82 17 senaste

240 1232 24 20 år
279 1230 131 21 undervisats
426 1229 6 20 i
448 1228 79 21 Finska
543 1228 157 21 normalskolan
716 1228 39 20 och
772 1228 41 20 den
829 1228 82 27 privata
926 1228 66 27 skola,

241 1273 44 14 som
302 1267 116 18 motsvarar
433 1263 169 20 normalskolans
617 1263 65 19 första
696 1263 64 26 klass,
776 1262 59 20 torde
852 1263 57 20 detta
919 1265 74 25 utgöra

241 1303 30 18 ett
286 1300 58 20 bevis
359 1299 28 26 på
402 1300 31 18 att
448 1298 40 20 den
504 1297 80 20 Finska
600 1297 156 20 normalskolan
772 1299 23 18 är
811 1297 22 20 af
847 1297 100 20 behofvet
957 1298 35 26 på-

242 1334 76 26 kallad,
342 1339 91 14 namnen
456 1332 28 27 på
506 1332 100 20 eleverne
630 1331 33 21 må
686 1331 64 20 sedan
767 1337 51 14 vara
833 1331 95 20 Svenska
943 1333 52 20 eller

241 1365 83 34 Finska.
573 1386 5 4 N

310 1402 53 20 Herr
379 1400 148 21 Lindblom:
550 1400 77 26 Sedan,
651 1402 43 19 mot
709 1400 117 25 förmodan,
845 1400 58 20 olika
917 1400 79 27 äsigter
