1070 1786
435 152 40 17 Den
488 152 21 17 16
522 153 61 22 April.
825 153 34 18 695

135 210 118 20 tillkomma
268 212 66 18 staten
350 212 30 17 att
395 210 65 27 draga
477 210 83 26 försorg
578 217 33 13 om
628 210 254 27 jernvägsbyggnaderna

135 240 6 23 i
157 244 78 26 landet,
250 245 38 19 har
304 244 100 20 utskottet
419 244 85 20 dermed
520 244 55 20 dock
591 244 115 27 ingalunda
721 245 56 19 velat
791 246 91 26 ensidigt

136 278 96 20 fasthålla
247 279 41 19 den
304 278 59 26 åsigt,
379 280 30 17 att
425 278 60 19 dessa
501 278 124 26 byggnader
640 278 60 20 skola
714 279 23 19 af
746 281 66 17 staten
825 285 56 14 ome-

137 312 81 20 delbart
233 312 83 20 utföras.
347 312 107 20 Utskottet
468 312 67 20 håller
551 312 68 20 henne
634 312 45 20 före
695 314 29 18 att
740 312 72 26 dylika
828 312 53 20 före-

137 348 34 25 tag
187 347 45 19 bäst
248 346 114 25 befordras,
378 346 5 19 i
400 345 35 20 fall
451 348 66 17 staten
542 346 112 26 befrämjar
677 346 106 20 desamma
805 353 76 20 genom

137 380 118 26 beviljande
271 380 23 20 af
306 380 81 26 garanti
403 379 31 20 för
449 382 59 17 ränta
524 380 39 19 och
579 380 148 26 amortering”.
757 380 40 20 Det
815 380 68 27 öfriga

135 415 51 19 talet
200 414 111 27 angående
326 413 189 20 handelsområden
531 420 62 13 anser
606 414 37 26 jag
659 414 42 26 wmig
720 414 18 26 ej
755 414 62 20 hafva
837 414 44 20 skäl

136 451 30 17 att
181 449 94 25 besvara,
291 448 64 20 ehuru
370 448 62 19 äfven
449 450 56 18 emot
520 448 36 20 det
567 448 75 26 många
655 448 164 27 anmärkningar
830 448 51 20 kun-

136 483 25 19 de
178 489 49 13 vara
242 484 30 18 att
286 484 58 24 göra.

204 516 53 21 Herr
272 516 76 26 Frey:
370 516 41 26 Jag
428 516 32 19 för
483 516 42 19 min
545 516 33 20 del
597 517 83 19 förenar
698 516 43 26 mig
757 517 5 19 i
778 517 41 20 allo
836 518 47 19 med

138 551 52 20 Herr
205 550 105 21 Mechelin
325 550 6 19 i
347 550 54 19 hvad
418 549 40 20 han
474 549 69 20 anfört
558 550 90 20 rörande
659 550 25 20 de
696 550 118 27 föreslagna
825 552 57 25 jern-

137 588 92 23 vägarne
246 580 159 35 Tavastehus--
413 584 133 20 Tammerfors
561 584 40 20 och
616 577 68 27 Äbo—
698 573 72 43 Wiiala
785 588 53 17 samt
847 585 35 20 vill

138 619 82 20 derföre
237 618 81 21 biträda
332 618 40 20 den
384 618 87 26 äsigten,
483 620 30 17 att
523 618 160 26 ifrägavarande
691 619 112 26 jernvägar
819 619 64 20 borde

138 653 169 27 skyndsammast
322 652 86 26 byggas.
438 652 31 20 Dä
482 652 37 26 jag
536 652 116 20 emellertid
668 659 61 13 anser
749 653 103 20 hvardera
862 653 24 20 af

137 688 61 20 dessa
220 687 146 26 sträckningar
389 686 68 20 såsom
480 686 121 20 stambanor
622 686 52 20 eller
694 686 58 20 delar
769 687 62 20 deraf
843 688 40 19 och

138 722 63 26 hyser
216 721 41 20 den
273 721 54 26 åsigt
342 722 30 18 att
386 720 149 20 stambanorna
553 720 140 26 ovilkorligen
706 720 50 20 böra
771 721 22 19 af
810 721 72 21 Staten

137 755 88 27 byggas,
242 755 50 20 ville
304 755 37 26 jag
356 754 68 20 tillika
438 754 104 26 uppställa
557 754 35 20 det
607 754 75 26 vilkor,
697 756 29 18 att
742 755 61 20 äfven
823 756 61 20 dessa

138 790 65 19 banor
225 789 61 20 skola
305 788 23 20 af
343 788 71 20 Staten
435 788 86 26 byggas.
552 788 74 26 Nägon
642 789 112 26 utredning
769 796 33 13 om
818 790 64 20 Stats-

138 824 83 20 verkets
237 822 111 28 tillgångar
363 822 31 20 till
409 822 138 26 företagande
562 822 22 20 af
601 824 29 18 ett
645 822 74 20 sådant
738 823 71 21 arbete
829 824 53 20 före-

137 858 68 26 ligger
220 858 18 26 ej
255 858 44 25 här,
315 857 38 19 och
369 856 36 20 vill
418 857 38 26 jag
471 856 83 20 derföre
570 856 72 20 förena
658 857 42 26 mig
714 858 47 19 med
773 858 26 19 de
809 858 73 26 talare,

137 898 44 14 som
197 892 108 25 föreslagit
320 891 72 20 remiss
408 890 30 20 till
454 890 164 25 Statsutskottet,
634 890 31 19 för
681 891 105 20 vinnande
801 892 23 19 af
837 895 46 17 när-

138 933 56 13 mare
210 925 112 26 utredning
337 925 7 19 i
360 925 56 19 detta
432 924 106 20 afseende.

205 959 59 20 Hvad
288 959 64 20 sedan
375 958 132 20 vidkommer
530 957 73 27 frägan
626 965 32 13 om
682 959 160 27 fortsättningen
863 961 23 19 af

134 993 275 27 jernvägssträckningarne
424 992 45 19 från
485 992 143 19 Tammerfors
648 993 71 20 vidare
737 993 70 26 uppåt,
823 994 23 19 sä
861 997 22 16 är

135 1029 36 26 jag
186 1027 65 21 också
266 1028 6 19 i
288 1027 40 20 allo
344 1033 50 13 ense
413 1026 71 20 derom
508 1028 37 24 att,
563 1028 47 17 näst
625 1026 53 20 efter
692 1027 26 20 de
734 1027 22 19 af
770 1028 43 26 mig
829 1028 54 19 förut

137 1061 127 21 omnämnda
287 1060 222 27 bansträckningarne,
534 1060 67 20 banan
628 1061 44 19 från
700 1061 140 20 Tammerfors
863 1062 21 20 åt

137 1093 134 23 Österbotten
295 1095 36 20 bör
348 1095 84 19 komma
447 1094 67 27 ifråga
529 1096 36 24 att,
581 1094 69 20 såsom
666 1095 64 20 också
749 1096 91 20 varande
857 1103 26 13 en

137 1130 116 24 stambana,
270 1129 79 26 byggas
365 1128 47 20 med
428 1128 127 20 statsmedel.
586 1128 32 19 Då
633 1135 27 13 nu
676 1129 116 20 emellertid
809 1130 18 25 ej
846 1130 35 20 nå-

136 1171 41 20 gon
196 1162 303 26 instrumentalundersökning
521 1162 23 20 af
565 1162 68 20 denna
656 1163 164 27 bansträckning
843 1164 39 20 för-

137 1198 77 26 siggått
229 1198 39 19 och
284 1196 92 20 hvarken
394 1196 64 26 något
473 1202 37 13 ens
533 1196 149 26 aproximativt
704 1196 181 29 kostnadsförslag

137 1232 51 20 eller
211 1231 64 27 något
297 1230 89 21 bestämt
408 1230 78 26 förslag
510 1230 31 19 till
561 1230 79 20 banans
656 1230 94 28 riktning
765 1231 119 28 förefinnes,

136 1273 62 13 anser
210 1267 38 25 jag
264 1265 35 20 det
314 1271 49 13 vara
378 1264 94 26 förtidigt
487 1265 30 18 att
534 1271 26 12 nu
576 1264 64 20 redan
659 1267 56 23 yttra
731 1265 42 27 mig
792 1266 91 27 angåen-

137 1301 26 19 de
178 1300 57 19 tiden
252 1302 37 17 när
304 1299 40 19 den
361 1298 68 20 banan
445 1297 38 21 bör
498 1298 23 19 af
535 1297 131 21 Statsverket
681 1299 88 26 byggas,
785 1300 40 19 och
848 1301 37 19 vill

134 1335 37 26 jag
187 1334 83 19 derföre
290 1332 82 23 föreslå,
392 1333 30 18 att
440 1332 70 19 denna
529 1331 60 27 fråga
605 1332 61 20 måtte
682 1333 80 20 lemnas
778 1333 106 21 beroende

137 1368 31 19 till
184 1369 59 18 nästa
257 1367 106 26 landtdag,
379 1366 27 20 då
420 1366 118 20 Ständerne
555 1366 63 19 borde
629 1366 119 27 föreläggas
762 1373 123 20 noggranna

136 1401 182 26 undersökningar
333 1401 39 19 och
388 1400 78 26 förslag
481 1400 7 19 i
504 1401 78 18 ämnet.
598 1400 72 20 Under
686 1401 146 20 diskussionen
847 1403 38 20 har

136 1437 37 19 här
188 1435 22 20 af
224 1434 106 27 åtskilliga
353 1434 64 20 talare
439 1435 83 24 yttrats,
538 1434 6 19 i
561 1433 72 27 frågan
656 1441 34 13 om
711 1435 136 26 möjligheten
864 1438 20 19 af
