1070 1786
207 148 45 31 1080
499 152 42 17 Den
553 153 22 17 13
587 153 41 22 Maj.

185 217 44 12 mer
251 209 115 20 medverka
389 210 47 19 icke
455 210 89 20 allenast
563 211 69 19 dertill
652 212 29 18 att
700 211 116 26 petitionen
832 211 70 20 blefve
918 217 26 13 en

184 243 93 27 verkligt
292 251 121 19 gemensam
434 245 95 25 petition,
552 246 49 18 utan
624 244 61 19 äfven
710 245 75 24 dertill,
809 247 30 18 att
855 245 39 20 den
912 245 32 20 må

183 278 72 19 kunna
270 277 94 26 påräkna
379 278 41 20 den
435 278 116 26 framgång,
567 284 44 13 som
629 285 47 12 man
693 279 47 19 med
756 279 46 19 skäl
821 279 37 20 bör
873 280 71 20 kunna

184 314 63 17 vänta
267 311 31 20 för
317 318 25 13 en
362 312 96 25 petition,
478 312 101 19 omfattad
594 312 39 20 och
648 312 94 26 afgifven
758 314 49 18 utan
822 313 122 27 skiljaktiga

184 346 110 25 meningar
309 346 22 18 af
344 346 82 19 landets
442 346 46 25 fyra
503 345 71 20 Stånd.

250 379 35 19 Uti
302 378 150 20 ofvanstående
467 379 98 26 yttrande
581 379 103 19 instämde
700 379 31 19 till
747 379 42 20 alla
804 380 58 20 delar
873 380 69 20 Stån-

184 414 56 19 dets
256 413 122 26 samtlige
394 413 174 25 medlemmar,
585 413 47 19 med
649 412 107 28 undantag
771 414 23 19 af

251 447 53 19 Herr
324 446 116 26 Masalin,
460 452 44 14 som
523 446 93 26 yttrade:
633 446 27 19 då
672 447 38 25 jag
726 446 67 20 beslöt
809 447 42 27 mig
867 448 32 19 för
914 450 29 17 att

183 481 79 26 begära
278 481 65 25 ordet,
359 480 81 20 skedde
456 480 34 20 det
505 480 74 20 endast
595 480 31 20 för
641 482 30 18 att
685 480 84 26 påpeka
782 483 36 23 att,
829 481 67 20 såsom
905 482 37 26 jag

183 515 68 19 funnit
266 514 35 20 vid
317 514 157 26 granskningen
491 514 22 20 af
527 514 25 20 de
564 514 147 26 författningar
723 514 112 20 Allmänna
845 516 97 19 Besvärs-

183 549 101 19 utskottet
303 548 107 27 åberopat,
428 549 107 20 Utskottet
555 548 71 27 begått
646 550 29 18 ett
695 549 92 26 misstag,
808 549 81 20 hvilket
905 550 37 26 jag

182 589 62 13 anser
259 583 6 19 i
282 583 118 25 väsendtlig
419 589 47 12 mon
482 582 89 20 inverka
586 582 26 26 på
628 583 70 18 denna
709 583 44 19 sak.
783 583 63 19 Detta
857 583 85 27 misstag

184 617 68 26 ligger
268 616 73 24 deruti,
357 618 30 18 att
403 616 106 20 Utskottet
523 618 123 17 omnämner
662 616 114 26 gymnasii-
793 617 38 19 och
847 616 93 20 skolord-

183 651 76 25 ningen
276 650 24 20 af
313 650 39 20 den
368 652 12 18 4
396 650 100 20 Februari
515 650 59 25 1724,
590 650 67 19 såsom
669 656 26 13 en
706 650 23 19 af
737 650 82 26 Regent
829 650 39 20 och
883 650 58 20 Stän-

182 684 37 20 der
239 686 131 24 gemensamt
394 686 92 24 antagen
509 684 40 25 lag.
586 684 32 19 Då
640 684 22 19 af
681 684 26 20 de
726 684 62 19 ärade
807 684 72 26 talare,
897 691 43 13 som

182 718 37 19 här
234 718 23 19 så
272 720 68 17 varmt
355 717 93 19 förordat
462 717 125 25 Utskottets,
601 717 47 19 med
661 718 90 25 mycken
763 717 72 26 talang
847 719 95 24 uppsatta

183 752 140 26 betänkande,
339 752 110 19 hvaremot
461 752 37 26 jag
513 751 31 19 för
560 751 63 26 öfrigt
637 751 116 26 ingalunda
763 751 37 19 vill
810 754 52 23 göra
873 751 67 26 någon

182 786 148 26 anmärkning,
350 786 36 19 det
404 786 61 19 äfven
487 785 68 20 blifvit
570 773 130 42 omnämndt,
715 787 30 22 att
760 785 159 27 lagstiftningen
935 786 6 19 i

181 822 71 17 ämnet
267 819 27 26 på
309 826 73 13 senare
399 820 53 19 tider
468 819 82 20 beträdt
565 826 25 12 en
607 826 28 19 ny
652 819 60 25 bana,
728 826 61 13 anser
802 820 37 26 jag
857 820 36 19 det
910 820 30 19 för

182 854 42 18 min
244 854 53 25 pligt
317 855 29 17 att
366 853 54 20 fästa
435 853 185 26 uppmärksamhet
635 853 35 19 vid
687 853 35 20 det
738 854 91 25 misstag,
845 860 44 13 som
905 853 35 20 Ut-

181 887 78 19 skottet
274 886 87 20 sålunda
377 886 78 27 begått,
471 887 38 19 och
526 893 43 13 som
586 886 69 20 består
671 886 75 25 deruti,
759 889 30 17 att
799 887 64 20 sedan
882 894 58 19 gym-

182 921 61 19 nasii-
265 920 39 19 och
328 920 163 26 skolordningen
513 919 22 20 af
554 919 40 20 den
614 920 12 19 4
646 919 100 20 Februari
768 921 52 18 1724
836 920 27 26 på
878 921 63 20 femte

181 955 59 19 sidan
264 955 22 18 af
307 953 143 21 betänkandet
471 954 106 26 upptagits
599 953 64 20 bland
686 954 66 20 andra
768 954 147 27 författningar
934 955 7 19 i

180 990 77 24 ämnet,
273 988 107 20 Utskottet
396 988 26 25 på
438 988 91 26 följande
545 988 67 25 sidan,
628 988 65 19 första
707 989 72 24 raden,
795 995 33 12 om
845 988 95 19 densam-

181 1028 33 13 ma
234 1022 106 26 begagnar
361 1021 112 26 uttrycket,
494 1021 88 26 ”genom
599 1021 82 26 Regent
697 1021 37 20 och
752 1021 88 20 Ständer
855 1029 85 19 gemen-

180 1057 54 18 samt
253 1057 90 24 antagen
365 1055 55 26 lag”.
451 1055 47 19 Man
519 1055 41 19 kan
580 1055 53 19 dock
649 1055 48 20 icke
714 1062 49 13 anse
779 1057 30 18 att
823 1058 30 17 ett
868 1056 74 20 sådant

183 1089 128 20 Ständernes
326 1090 118 26 antagande
461 1089 22 20 af
497 1090 68 19 denna
581 1089 34 26 lag
631 1091 37 24 egt
683 1096 51 19 rum,
751 1089 27 20 då
789 1090 34 19 det
834 1091 29 18 uti
875 1090 65 20 inled-

180 1124 77 25 ningen
274 1123 31 20 till
321 1130 79 13 samma
411 1123 122 26 förordning
545 1122 62 19 bland
619 1125 64 17 annat
694 1123 67 20 heter:
773 1123 49 19 ”Wi
832 1123 108 20 Friedrich

180 1157 46 20 med
243 1157 58 20 Guds
315 1157 60 20 Näde
392 1169 24 2 —
434 1168 25 4 —
479 1168 23 3 —
519 1156 129 20 fördenskull
666 1157 52 20 efter
733 1157 66 20 Wåre
810 1159 73 24 trogne
899 1157 42 20 Un-

179 1191 113 25 dersåtare,
312 1191 89 19 Riksens
420 1191 87 19 Ständer
527 1191 38 19 hos
585 1190 39 20 Oss
639 1191 6 18 i
662 1191 169 26 underdånighet
845 1191 94 25 anhållit,

179 1225 35 19 det
234 1224 119 27 Gymnasii-
370 1224 38 20 och
425 1222 211 28 Schole-ordningen
653 1224 63 19 måtte
733 1224 161 27 vederbörligen
910 1225 29 19 öf-

179 1259 88 19 versedd
284 1259 37 19 och
339 1257 114 20 förbättrad
473 1258 72 25 blifva,
565 1258 63 19 hafva
648 1258 34 19 Wi
698 1258 46 19 låtit
760 1257 39 21 Oss
814 1265 34 13 om
865 1259 75 26 hjertat

178 1299 56 19 vara,
250 1299 80 20 samma
346 1292 83 26 nyttiga
444 1292 39 19 och
499 1292 119 26 angelägna
634 1292 51 19 verk
701 1292 108 26 befrämja,
826 1293 38 19 och
881 1293 24 19 til
920 1296 21 17 et

178 1327 114 19 hälsosamt
307 1327 40 19 slut
362 1326 82 26 bringa,
459 1329 22 17 at
496 1326 118 26 dymedelst
629 1327 64 26 ingen
710 1326 33 20 del
760 1327 33 19 må
810 1333 22 13 ur
843 1327 36 19 akt
889 1327 51 20 lem-

178 1367 43 18 nas,
237 1360 55 19 hvad
308 1360 31 19 till
355 1360 110 19 befordran
477 1360 68 25 tjenar
555 1359 23 20 af
588 1359 58 20 Wärt
663 1359 63 20 Rikes
738 1360 81 19 förmån
831 1361 38 19 och
881 1361 55 26 lyck-

178 1394 110 25 salighet”.
318 1394 66 19 Häraf
398 1394 41 19 kan
456 1401 46 13 man
519 1394 82 19 således
617 1394 62 25 finna,
696 1396 30 17 att
742 1394 35 19 det
792 1397 23 16 är
830 1395 73 19 endast
914 1396 27 25 pä

178 1433 25 13 en
225 1426 97 20 anhållan
343 1427 23 19 af
382 1427 115 20 Ständerne
514 1427 75 26 Kongl.
606 1427 97 26 Majestät
719 1427 37 20 har
771 1429 84 25 utgifvit
870 1429 70 20 denna
