<?xml version="1.0" encoding="UTF-8"?>
<alto xmlns="http://www.loc.gov/standards/alto/ns-v3#" xmlns:xlink="http://www.w3.org/1999/xlink" xmlns:xsi="http://www.w3.org/2001/XMLSchema-instance" xsi:schemaLocation="http://www.loc.gov/standards/alto/ns-v3# http://www.loc.gov/alto/v3/alto-3-0.xsd">
	<Description>
		<MeasurementUnit>pixel</MeasurementUnit>
		<sourceImageInformation>
			<fileName>/tmp/tess_lm4h7__x_input.PNG</fileName>
		</sourceImageInformation>
		<OCRProcessing ID="OCR_0">
			<ocrProcessingStep>
				<processingSoftware>
					<softwareName>tesseract 5.3.4</softwareName>
				</processingSoftware>
			</ocrProcessingStep>
		</OCRProcessing>
	</Description>
	<Layout>
		<Page WIDTH="1070" HEIGHT="1786" PHYSICAL_IMG_NR="0" ID="page_0">
			<PrintSpace HPOS="0" VPOS="0" WIDTH="1070" HEIGHT="1786">
				<ComposedBlock ID="cblock_0" HPOS="427" VPOS="140" WIDTH="420" HEIGHT="24">
					<TextBlock ID="block_0" HPOS="427" VPOS="140" WIDTH="420" HEIGHT="24">
						<TextLine ID="line_0" HPOS="427" VPOS="140" WIDTH="420" HEIGHT="24">
							<String ID="string_0" HPOS="427" VPOS="141" WIDTH="41" HEIGHT="18" WC="0.95" CONTENT="Den"/><SP WIDTH="13" VPOS="141" HPOS="468"/>
							<String ID="string_1" HPOS="481" VPOS="142" WIDTH="22" HEIGHT="18" WC="0.96" CONTENT="23"/><SP WIDTH="12" VPOS="142" HPOS="503"/>
							<String ID="string_2" HPOS="515" VPOS="141" WIDTH="41" HEIGHT="23" WC="0.95" CONTENT="Maj."/><SP WIDTH="247" VPOS="141" HPOS="556"/>
							<String ID="string_3" HPOS="803" VPOS="140" WIDTH="44" HEIGHT="18" WC="0.96" CONTENT="1389"/>
						</TextLine>
					</TextBlock>
				</ComposedBlock>
				<ComposedBlock ID="cblock_1" HPOS="119" VPOS="198" WIDTH="762" HEIGHT="1256">
					<TextBlock ID="block_1" HPOS="119" VPOS="198" WIDTH="757" HEIGHT="948">
						<TextLine ID="line_1" HPOS="119" VPOS="198" WIDTH="752" HEIGHT="27">
							<String ID="string_4" HPOS="119" VPOS="201" WIDTH="68" HEIGHT="20" WC="0.96" CONTENT="skulle"/><SP WIDTH="17" VPOS="201" HPOS="187"/>
							<String ID="string_5" HPOS="204" VPOS="201" WIDTH="86" HEIGHT="20" WC="0.96" CONTENT="komma"/><SP WIDTH="14" VPOS="201" HPOS="290"/>
							<String ID="string_6" HPOS="304" VPOS="201" WIDTH="29" HEIGHT="18" WC="0.96" CONTENT="att"/><SP WIDTH="15" VPOS="201" HPOS="333"/>
							<String ID="string_7" HPOS="348" VPOS="199" WIDTH="32" HEIGHT="20" WC="0.96" CONTENT="stå"/><SP WIDTH="11" VPOS="199" HPOS="380"/>
							<String ID="string_8" HPOS="391" VPOS="199" WIDTH="6" HEIGHT="20" WC="0.96" CONTENT="i"/><SP WIDTH="11" VPOS="199" HPOS="397"/>
							<String ID="string_9" HPOS="408" VPOS="199" WIDTH="75" HEIGHT="20" WC="0.96" CONTENT="affärer"/><SP WIDTH="17" VPOS="199" HPOS="483"/>
							<String ID="string_10" HPOS="500" VPOS="199" WIDTH="47" HEIGHT="19" WC="0.96" CONTENT="med"/><SP WIDTH="12" VPOS="199" HPOS="547"/>
							<String ID="string_11" HPOS="559" VPOS="199" WIDTH="101" HEIGHT="19" WC="0.95" CONTENT="Finlands"/><SP WIDTH="12" VPOS="199" HPOS="660"/>
							<String ID="string_12" HPOS="672" VPOS="198" WIDTH="63" HEIGHT="26" WC="0.96" CONTENT="bank,"/><SP WIDTH="12" VPOS="198" HPOS="735"/>
							<String ID="string_13" HPOS="747" VPOS="199" WIDTH="50" HEIGHT="20" WC="0.92" CONTENT="ville"/><SP WIDTH="11" VPOS="199" HPOS="797"/>
							<String ID="string_14" HPOS="808" VPOS="199" WIDTH="63" HEIGHT="26" WC="0.91" CONTENT="åtaga"/>
						</TextLine>
						<TextLine ID="line_2" HPOS="119" VPOS="233" WIDTH="750" HEIGHT="29">
							<String ID="string_15" HPOS="119" VPOS="236" WIDTH="33" HEIGHT="26" WC="0.96" CONTENT="sig"/><SP WIDTH="23" VPOS="236" HPOS="152"/>
							<String ID="string_16" HPOS="175" VPOS="235" WIDTH="145" HEIGHT="26" WC="0.96" CONTENT="befattningen"/><SP WIDTH="24" VPOS="235" HPOS="320"/>
							<String ID="string_17" HPOS="344" VPOS="233" WIDTH="22" HEIGHT="20" WC="0.93" CONTENT="af"/><SP WIDTH="18" VPOS="233" HPOS="366"/>
							<String ID="string_18" HPOS="384" VPOS="233" WIDTH="179" HEIGHT="25" WC="0.92" CONTENT="komitéledamot,"/><SP WIDTH="21" VPOS="233" HPOS="563"/>
							<String ID="string_19" HPOS="584" VPOS="233" WIDTH="88" HEIGHT="19" WC="0.96" CONTENT="emedan"/><SP WIDTH="17" VPOS="233" HPOS="672"/>
							<String ID="string_20" HPOS="689" VPOS="233" WIDTH="40" HEIGHT="19" WC="0.93" CONTENT="han"/><SP WIDTH="17" VPOS="233" HPOS="729"/>
							<String ID="string_21" HPOS="746" VPOS="233" WIDTH="123" HEIGHT="26" WC="0.92" CONTENT="derigenom"/>
						</TextLine>
						<TextLine ID="line_3" HPOS="120" VPOS="261" WIDTH="751" HEIGHT="33">
							<String ID="string_22" HPOS="120" VPOS="270" WIDTH="44" HEIGHT="19" WC="0.91" CONTENT="ofta"/><SP WIDTH="15" VPOS="270" HPOS="164"/>
							<String ID="string_23" HPOS="179" VPOS="269" WIDTH="70" HEIGHT="20" WC="0.91" CONTENT="blefve"/><SP WIDTH="16" VPOS="269" HPOS="249"/>
							<String ID="string_24" HPOS="265" VPOS="270" WIDTH="91" HEIGHT="24" WC="0.96" CONTENT="tvungen"/><SP WIDTH="17" VPOS="270" HPOS="356"/>
							<String ID="string_25" HPOS="373" VPOS="269" WIDTH="28" HEIGHT="18" WC="0.96" CONTENT="att"/><SP WIDTH="17" VPOS="269" HPOS="401"/>
							<String ID="string_26" HPOS="418" VPOS="267" WIDTH="62" HEIGHT="20" WC="0.96" CONTENT="döma"/><SP WIDTH="15" VPOS="267" HPOS="480"/>
							<String ID="string_27" HPOS="495" VPOS="267" WIDTH="6" HEIGHT="19" WC="0.96" CONTENT="i"/><SP WIDTH="17" VPOS="267" HPOS="501"/>
							<String ID="string_28" HPOS="518" VPOS="266" WIDTH="81" HEIGHT="26" WC="0.96" CONTENT="affärer,"/><SP WIDTH="16" VPOS="266" HPOS="599"/>
							<String ID="string_29" HPOS="615" VPOS="273" WIDTH="44" HEIGHT="13" WC="0.96" CONTENT="som"/><SP WIDTH="16" VPOS="273" HPOS="659"/>
							<String ID="string_30" HPOS="675" VPOS="269" WIDTH="37" HEIGHT="17" WC="0.96" CONTENT="äro"/><SP WIDTH="16" VPOS="269" HPOS="712"/>
							<String ID="string_31" HPOS="728" VPOS="261" WIDTH="87" HEIGHT="26" WC="0.96" CONTENT="alldeles"/><SP WIDTH="12" VPOS="261" HPOS="815"/>
							<String ID="string_32" HPOS="827" VPOS="267" WIDTH="44" HEIGHT="20" WC="0.96" CONTENT="lika"/>
						</TextLine>
						<TextLine ID="line_4" HPOS="121" VPOS="301" WIDTH="749" HEIGHT="26">
							<String ID="string_33" HPOS="121" VPOS="303" WIDTH="123" HEIGHT="21" WC="0.92" CONTENT="beskaffade"/><SP WIDTH="26" VPOS="303" HPOS="244"/>
							<String ID="string_34" HPOS="270" VPOS="302" WIDTH="46" HEIGHT="19" WC="0.96" CONTENT="med"/><SP WIDTH="26" VPOS="302" HPOS="316"/>
							<String ID="string_35" HPOS="342" VPOS="302" WIDTH="51" HEIGHT="19" WC="0.65" CONTENT="hans"/><SP WIDTH="23" VPOS="302" HPOS="393"/>
							<String ID="string_36" HPOS="416" VPOS="307" WIDTH="62" HEIGHT="20" WC="0.96" CONTENT="egna,"/><SP WIDTH="24" VPOS="307" HPOS="478"/>
							<String ID="string_37" HPOS="502" VPOS="301" WIDTH="137" HEIGHT="25" WC="0.95" CONTENT="hvarigenom"/><SP WIDTH="25" VPOS="301" HPOS="639"/>
							<String ID="string_38" HPOS="664" VPOS="301" WIDTH="40" HEIGHT="19" WC="0.93" CONTENT="han"/><SP WIDTH="24" VPOS="301" HPOS="704"/>
							<String ID="string_39" HPOS="728" VPOS="301" WIDTH="142" HEIGHT="26" WC="0.90" CONTENT="ovilkorligen"/>
						</TextLine>
						<TextLine ID="line_5" HPOS="121" VPOS="334" WIDTH="750" HEIGHT="27">
							<String ID="string_40" HPOS="121" VPOS="338" WIDTH="68" HEIGHT="20" WC="0.96" CONTENT="skulle"/><SP WIDTH="24" VPOS="338" HPOS="189"/>
							<String ID="string_41" HPOS="213" VPOS="337" WIDTH="85" HEIGHT="19" WC="0.95" CONTENT="komma"/><SP WIDTH="21" VPOS="337" HPOS="298"/>
							<String ID="string_42" HPOS="319" VPOS="338" WIDTH="30" HEIGHT="17" WC="0.93" CONTENT="att"/><SP WIDTH="19" VPOS="338" HPOS="349"/>
							<String ID="string_43" HPOS="368" VPOS="336" WIDTH="73" HEIGHT="25" WC="0.92" CONTENT="intaga"/><SP WIDTH="19" VPOS="336" HPOS="441"/>
							<String ID="string_44" HPOS="460" VPOS="341" WIDTH="26" HEIGHT="13" WC="0.93" CONTENT="en"/><SP WIDTH="17" VPOS="341" HPOS="486"/>
							<String ID="string_45" HPOS="503" VPOS="334" WIDTH="48" HEIGHT="20" WC="0.93" CONTENT="svär"/><SP WIDTH="16" VPOS="334" HPOS="551"/>
							<String ID="string_46" HPOS="567" VPOS="335" WIDTH="100" HEIGHT="26" WC="0.96" CONTENT="ställning"/><SP WIDTH="15" VPOS="335" HPOS="667"/>
							<String ID="string_47" HPOS="682" VPOS="335" WIDTH="6" HEIGHT="19" WC="0.96" CONTENT="i"/><SP WIDTH="18" VPOS="335" HPOS="688"/>
							<String ID="string_48" HPOS="706" VPOS="342" WIDTH="25" HEIGHT="12" WC="0.92" CONTENT="en"/><SP WIDTH="17" VPOS="342" HPOS="731"/>
							<String ID="string_49" HPOS="748" VPOS="335" WIDTH="65" HEIGHT="20" WC="0.92" CONTENT="sädan"/><SP WIDTH="17" VPOS="335" HPOS="813"/>
							<String ID="string_50" HPOS="830" VPOS="335" WIDTH="41" HEIGHT="20" WC="0.92" CONTENT="dis-"/>
						</TextLine>
						<TextLine ID="line_6" HPOS="121" VPOS="369" WIDTH="750" HEIGHT="27">
							<String ID="string_51" HPOS="121" VPOS="371" WIDTH="143" HEIGHT="25" WC="0.25" CONTENT="kontkomit6;-"/><SP WIDTH="24" VPOS="371" HPOS="264"/>
							<String ID="string_52" HPOS="288" VPOS="377" WIDTH="45" HEIGHT="13" WC="0.92" CONTENT="men"/><SP WIDTH="21" VPOS="377" HPOS="333"/>
							<String ID="string_53" HPOS="354" VPOS="372" WIDTH="55" HEIGHT="18" WC="0.96" CONTENT="utom"/><SP WIDTH="17" VPOS="372" HPOS="409"/>
							<String ID="string_54" HPOS="426" VPOS="370" WIDTH="26" HEIGHT="19" WC="0.93" CONTENT="de"/><SP WIDTH="16" VPOS="370" HPOS="452"/>
							<String ID="string_55" HPOS="468" VPOS="369" WIDTH="120" HEIGHT="25" WC="0.96" CONTENT="affärsmän,"/><SP WIDTH="16" VPOS="369" HPOS="588"/>
							<String ID="string_56" HPOS="604" VPOS="375" WIDTH="43" HEIGHT="13" WC="0.96" CONTENT="som"/><SP WIDTH="16" VPOS="375" HPOS="647"/>
							<String ID="string_57" HPOS="663" VPOS="369" WIDTH="6" HEIGHT="19" WC="0.93" CONTENT="i"/><SP WIDTH="17" VPOS="369" HPOS="669"/>
							<String ID="string_58" HPOS="686" VPOS="369" WIDTH="115" HEIGHT="20" WC="0.96" CONTENT="allmänhet"/><SP WIDTH="16" VPOS="369" HPOS="801"/>
							<String ID="string_59" HPOS="817" VPOS="369" WIDTH="32" HEIGHT="19" WC="0.96" CONTENT="stä"/><SP WIDTH="16" VPOS="369" HPOS="849"/>
							<String ID="string_60" HPOS="865" VPOS="369" WIDTH="6" HEIGHT="19" WC="0.96" CONTENT="i"/>
						</TextLine>
						<TextLine ID="line_7" HPOS="122" VPOS="403" WIDTH="749" HEIGHT="27">
							<String ID="string_61" HPOS="122" VPOS="406" WIDTH="80" HEIGHT="20" WC="0.95" CONTENT="sådana"/><SP WIDTH="23" VPOS="406" HPOS="202"/>
							<String ID="string_62" HPOS="225" VPOS="404" WIDTH="82" HEIGHT="26" WC="0.92" CONTENT="affärer,"/><SP WIDTH="22" VPOS="404" HPOS="307"/>
							<String ID="string_63" HPOS="329" VPOS="406" WIDTH="30" HEIGHT="18" WC="0.94" CONTENT="att"/><SP WIDTH="21" VPOS="406" HPOS="359"/>
							<String ID="string_64" HPOS="380" VPOS="404" WIDTH="26" HEIGHT="20" WC="0.94" CONTENT="de"/><SP WIDTH="24" VPOS="404" HPOS="406"/>
							<String ID="string_65" HPOS="430" VPOS="404" WIDTH="85" HEIGHT="19" WC="0.96" CONTENT="komma"/><SP WIDTH="20" VPOS="404" HPOS="515"/>
							<String ID="string_66" HPOS="535" VPOS="405" WIDTH="30" HEIGHT="18" WC="0.93" CONTENT="att"/><SP WIDTH="20" VPOS="405" HPOS="565"/>
							<String ID="string_67" HPOS="585" VPOS="403" WIDTH="61" HEIGHT="20" WC="0.96" CONTENT="hafva"/><SP WIDTH="20" VPOS="403" HPOS="646"/>
							<String ID="string_68" HPOS="666" VPOS="403" WIDTH="141" HEIGHT="20" WC="0.96" CONTENT="förbindelser"/><SP WIDTH="17" VPOS="403" HPOS="807"/>
							<String ID="string_69" HPOS="824" VPOS="404" WIDTH="47" HEIGHT="19" WC="0.96" CONTENT="med"/>
						</TextLine>
						<TextLine ID="line_8" HPOS="122" VPOS="437" WIDTH="749" HEIGHT="27">
							<String ID="string_70" HPOS="122" VPOS="439" WIDTH="101" HEIGHT="21" WC="0.93" CONTENT="Finlands"/><SP WIDTH="23" VPOS="439" HPOS="223"/>
							<String ID="string_71" HPOS="246" VPOS="438" WIDTH="63" HEIGHT="26" WC="0.90" CONTENT="bauk,"/><SP WIDTH="20" VPOS="438" HPOS="309"/>
							<String ID="string_72" HPOS="329" VPOS="438" WIDTH="37" HEIGHT="20" WC="0.96" CONTENT="bör"/><SP WIDTH="20" VPOS="438" HPOS="366"/>
							<String ID="string_73" HPOS="386" VPOS="437" WIDTH="34" HEIGHT="21" WC="0.96" CONTENT="det"/><SP WIDTH="16" VPOS="437" HPOS="420"/>
							<String ID="string_74" HPOS="436" VPOS="438" WIDTH="26" HEIGHT="26" WC="0.96" CONTENT="pä"/><SP WIDTH="15" VPOS="438" HPOS="462"/>
							<String ID="string_75" HPOS="477" VPOS="438" WIDTH="42" HEIGHT="19" WC="0.93" CONTENT="alla"/><SP WIDTH="15" VPOS="438" HPOS="519"/>
							<String ID="string_76" HPOS="534" VPOS="439" WIDTH="63" HEIGHT="24" WC="0.93" CONTENT="orter,"/><SP WIDTH="15" VPOS="439" HPOS="597"/>
							<String ID="string_77" HPOS="612" VPOS="437" WIDTH="37" HEIGHT="20" WC="0.93" CONTENT="der"/><SP WIDTH="16" VPOS="437" HPOS="649"/>
							<String ID="string_78" HPOS="665" VPOS="437" WIDTH="84" HEIGHT="20" WC="0.92" CONTENT="banken"/><SP WIDTH="17" VPOS="437" HPOS="749"/>
							<String ID="string_79" HPOS="766" VPOS="438" WIDTH="37" HEIGHT="19" WC="0.93" CONTENT="har"/><SP WIDTH="17" VPOS="438" HPOS="803"/>
							<String ID="string_80" HPOS="820" VPOS="437" WIDTH="51" HEIGHT="19" WC="0.93" CONTENT="kon-"/>
						</TextLine>
						<TextLine ID="line_9" HPOS="124" VPOS="471" WIDTH="747" HEIGHT="29">
							<String ID="string_81" HPOS="124" VPOS="476" WIDTH="38" HEIGHT="24" WC="0.93" CONTENT="tor,"/><SP WIDTH="16" VPOS="476" HPOS="162"/>
							<String ID="string_82" HPOS="178" VPOS="473" WIDTH="62" HEIGHT="20" WC="0.89" CONTENT="äfven"/><SP WIDTH="16" VPOS="473" HPOS="240"/>
							<String ID="string_83" HPOS="256" VPOS="472" WIDTH="66" HEIGHT="20" WC="0.96" CONTENT="finnas"/><SP WIDTH="15" VPOS="472" HPOS="322"/>
							<String ID="string_84" HPOS="337" VPOS="478" WIDTH="106" HEIGHT="20" WC="0.96" CONTENT="personer,"/><SP WIDTH="16" VPOS="478" HPOS="443"/>
							<String ID="string_85" HPOS="459" VPOS="478" WIDTH="44" HEIGHT="13" WC="0.93" CONTENT="som"/><SP WIDTH="17" VPOS="478" HPOS="503"/>
							<String ID="string_86" HPOS="520" VPOS="474" WIDTH="36" HEIGHT="17" WC="0.91" CONTENT="äro"/><SP WIDTH="18" VPOS="474" HPOS="556"/>
							<String ID="string_87" HPOS="574" VPOS="478" WIDTH="53" HEIGHT="13" WC="0.96" CONTENT="vana"/><SP WIDTH="16" VPOS="478" HPOS="627"/>
							<String ID="string_88" HPOS="643" VPOS="471" WIDTH="34" HEIGHT="20" WC="0.96" CONTENT="vid"/><SP WIDTH="16" VPOS="471" HPOS="677"/>
							<String ID="string_89" HPOS="693" VPOS="471" WIDTH="83" HEIGHT="25" WC="0.96" CONTENT="affärer,"/><SP WIDTH="16" VPOS="471" HPOS="776"/>
							<String ID="string_90" HPOS="792" VPOS="478" WIDTH="47" HEIGHT="13" WC="0.93" CONTENT="men"/><SP WIDTH="13" VPOS="478" HPOS="839"/>
							<String ID="string_91" HPOS="852" VPOS="472" WIDTH="19" HEIGHT="25" WC="0.89" CONTENT="ej"/>
						</TextLine>
						<TextLine ID="line_10" HPOS="123" VPOS="505" WIDTH="748" HEIGHT="28">
							<String ID="string_92" HPOS="123" VPOS="508" WIDTH="63" HEIGHT="20" WC="0.95" CONTENT="hafva"/><SP WIDTH="23" VPOS="508" HPOS="186"/>
							<String ID="string_93" HPOS="209" VPOS="507" WIDTH="66" HEIGHT="26" WC="0.96" CONTENT="några"/><SP WIDTH="19" VPOS="507" HPOS="275"/>
							<String ID="string_94" HPOS="294" VPOS="506" WIDTH="78" HEIGHT="20" WC="0.96" CONTENT="sådana"/><SP WIDTH="18" VPOS="506" HPOS="372"/>
							<String ID="string_95" HPOS="390" VPOS="505" WIDTH="141" HEIGHT="21" WC="0.95" CONTENT="förbindelser"/><SP WIDTH="16" VPOS="505" HPOS="531"/>
							<String ID="string_96" HPOS="547" VPOS="506" WIDTH="38" HEIGHT="20" WC="0.93" CONTENT="och"/><SP WIDTH="16" VPOS="506" HPOS="585"/>
							<String ID="string_97" HPOS="601" VPOS="506" WIDTH="18" HEIGHT="26" WC="0.93" CONTENT="ej"/><SP WIDTH="17" VPOS="506" HPOS="619"/>
							<String ID="string_98" HPOS="636" VPOS="506" WIDTH="92" HEIGHT="20" WC="0.93" CONTENT="behöfva"/><SP WIDTH="15" VPOS="506" HPOS="728"/>
							<String ID="string_99" HPOS="743" VPOS="506" WIDTH="65" HEIGHT="20" WC="0.93" CONTENT="anlita"/><SP WIDTH="15" VPOS="506" HPOS="808"/>
							<String ID="string_100" HPOS="823" VPOS="506" WIDTH="48" HEIGHT="19" WC="0.90" CONTENT="Fin-"/>
						</TextLine>
						<TextLine ID="line_11" HPOS="123" VPOS="538" WIDTH="750" HEIGHT="29">
							<String ID="string_101" HPOS="123" VPOS="542" WIDTH="61" HEIGHT="20" WC="0.95" CONTENT="lands"/><SP WIDTH="18" VPOS="542" HPOS="184"/>
							<String ID="string_102" HPOS="202" VPOS="541" WIDTH="55" HEIGHT="20" WC="0.96" CONTENT="bank"/><SP WIDTH="16" VPOS="541" HPOS="257"/>
							<String ID="string_103" HPOS="273" VPOS="541" WIDTH="31" HEIGHT="19" WC="0.96" CONTENT="för"/><SP WIDTH="15" VPOS="541" HPOS="304"/>
							<String ID="string_104" HPOS="319" VPOS="540" WIDTH="33" HEIGHT="20" WC="0.96" CONTENT="lån"/><SP WIDTH="16" VPOS="540" HPOS="352"/>
							<String ID="string_105" HPOS="368" VPOS="540" WIDTH="52" HEIGHT="20" WC="0.93" CONTENT="eller"/><SP WIDTH="16" VPOS="540" HPOS="420"/>
							<String ID="string_106" HPOS="436" VPOS="540" WIDTH="152" HEIGHT="27" WC="0.92" CONTENT="diskontering."/><SP WIDTH="22" VPOS="540" HPOS="588"/>
							<String ID="string_107" HPOS="610" VPOS="538" WIDTH="38" HEIGHT="22" WC="0.83" CONTENT="Aft"/><SP WIDTH="16" VPOS="538" HPOS="648"/>
							<String ID="string_108" HPOS="664" VPOS="540" WIDTH="44" HEIGHT="20" WC="0.96" CONTENT="åter"/><SP WIDTH="16" VPOS="540" HPOS="708"/>
							<String ID="string_109" HPOS="724" VPOS="546" WIDTH="25" HEIGHT="14" WC="0.96" CONTENT="en"/><SP WIDTH="12" VPOS="546" HPOS="749"/>
							<String ID="string_110" HPOS="761" VPOS="540" WIDTH="112" HEIGHT="27" WC="0.95" CONTENT="suppleant"/>
						</TextLine>
						<TextLine ID="line_12" HPOS="124" VPOS="574" WIDTH="748" HEIGHT="27">
							<String ID="string_111" HPOS="124" VPOS="583" WIDTH="51" HEIGHT="13" WC="0.96" CONTENT="vore"/><SP WIDTH="21" VPOS="583" HPOS="175"/>
							<String ID="string_112" HPOS="196" VPOS="576" WIDTH="88" HEIGHT="25" WC="0.95" CONTENT="lämplig"/><SP WIDTH="19" VPOS="576" HPOS="284"/>
							<String ID="string_113" HPOS="303" VPOS="577" WIDTH="29" HEIGHT="18" WC="0.96" CONTENT="att"/><SP WIDTH="15" VPOS="577" HPOS="332"/>
							<String ID="string_114" HPOS="347" VPOS="575" WIDTH="50" HEIGHT="20" WC="0.93" CONTENT="fälla"/><SP WIDTH="15" VPOS="575" HPOS="397"/>
							<String ID="string_115" HPOS="412" VPOS="575" WIDTH="109" HEIGHT="25" WC="0.92" CONTENT="slutordet,"/><SP WIDTH="16" VPOS="575" HPOS="521"/>
							<String ID="string_116" HPOS="537" VPOS="574" WIDTH="51" HEIGHT="20" WC="0.92" CONTENT="eller"/><SP WIDTH="16" VPOS="574" HPOS="588"/>
							<String ID="string_117" HPOS="604" VPOS="575" WIDTH="72" HEIGHT="25" WC="0.92" CONTENT="afgöra"/><SP WIDTH="17" VPOS="575" HPOS="676"/>
							<String ID="string_118" HPOS="693" VPOS="574" WIDTH="26" HEIGHT="20" WC="0.96" CONTENT="de"/><SP WIDTH="15" VPOS="574" HPOS="719"/>
							<String ID="string_119" HPOS="734" VPOS="575" WIDTH="77" HEIGHT="25" WC="0.96" CONTENT="frågor,"/><SP WIDTH="16" VPOS="575" HPOS="811"/>
							<String ID="string_120" HPOS="827" VPOS="580" WIDTH="45" HEIGHT="14" WC="0.96" CONTENT="som"/>
						</TextLine>
						<TextLine ID="line_13" HPOS="124" VPOS="608" WIDTH="750" HEIGHT="26">
							<String ID="string_121" HPOS="124" VPOS="611" WIDTH="6" HEIGHT="19" WC="0.92" CONTENT="i"/><SP WIDTH="17" VPOS="611" HPOS="130"/>
							<String ID="string_122" HPOS="147" VPOS="612" WIDTH="9" HEIGHT="22" WC="0.92" CONTENT="$"/><SP WIDTH="19" VPOS="612" HPOS="156"/>
							<String ID="string_123" HPOS="175" VPOS="610" WIDTH="38" HEIGHT="20" WC="0.93" CONTENT="112"/><SP WIDTH="21" VPOS="610" HPOS="213"/>
							<String ID="string_124" HPOS="234" VPOS="609" WIDTH="136" HEIGHT="25" WC="0.95" CONTENT="förekomma,"/><SP WIDTH="18" VPOS="609" HPOS="370"/>
							<String ID="string_125" HPOS="388" VPOS="608" WIDTH="42" HEIGHT="20" WC="0.96" CONTENT="kan"/><SP WIDTH="14" VPOS="608" HPOS="430"/>
							<String ID="string_126" HPOS="444" VPOS="609" WIDTH="37" HEIGHT="25" WC="0.96" CONTENT="jag"/><SP WIDTH="16" VPOS="609" HPOS="481"/>
							<String ID="string_127" HPOS="497" VPOS="609" WIDTH="18" HEIGHT="25" WC="0.96" CONTENT="ej"/><SP WIDTH="18" VPOS="609" HPOS="515"/>
							<String ID="string_128" HPOS="533" VPOS="608" WIDTH="64" HEIGHT="20" WC="0.96" CONTENT="finna."/><SP WIDTH="31" VPOS="608" HPOS="597"/>
							<String ID="string_129" HPOS="628" VPOS="608" WIDTH="38" HEIGHT="20" WC="0.96" CONTENT="Om"/><SP WIDTH="17" VPOS="608" HPOS="666"/>
							<String ID="string_130" HPOS="683" VPOS="608" WIDTH="34" HEIGHT="20" WC="0.96" CONTENT="det"/><SP WIDTH="17" VPOS="608" HPOS="717"/>
							<String ID="string_131" HPOS="734" VPOS="608" WIDTH="95" HEIGHT="20" WC="0.95" CONTENT="inträffar"/><SP WIDTH="15" VPOS="608" HPOS="829"/>
							<String ID="string_132" HPOS="844" VPOS="610" WIDTH="30" HEIGHT="18" WC="0.76" CONTENT="att"/>
						</TextLine>
						<TextLine ID="line_14" HPOS="123" VPOS="642" WIDTH="750" HEIGHT="26">
							<String ID="string_133" HPOS="123" VPOS="644" WIDTH="97" HEIGHT="21" WC="0.96" CONTENT="bankens"/><SP WIDTH="23" VPOS="644" HPOS="220"/>
							<String ID="string_134" HPOS="243" VPOS="644" WIDTH="144" HEIGHT="19" WC="0.95" CONTENT="kommissarie"/><SP WIDTH="23" VPOS="644" HPOS="387"/>
							<String ID="string_135" HPOS="410" VPOS="643" WIDTH="39" HEIGHT="19" WC="0.96" CONTENT="och"/><SP WIDTH="24" VPOS="643" HPOS="449"/>
							<String ID="string_136" HPOS="473" VPOS="642" WIDTH="40" HEIGHT="20" WC="0.96" CONTENT="den"/><SP WIDTH="21" VPOS="642" HPOS="513"/>
							<String ID="string_137" HPOS="534" VPOS="642" WIDTH="92" HEIGHT="20" WC="0.96" CONTENT="ledamot"/><SP WIDTH="19" VPOS="642" HPOS="626"/>
							<String ID="string_138" HPOS="645" VPOS="642" WIDTH="23" HEIGHT="20" WC="0.92" CONTENT="af"/><SP WIDTH="16" VPOS="642" HPOS="668"/>
							<String ID="string_139" HPOS="684" VPOS="642" WIDTH="189" HEIGHT="26" WC="0.91" CONTENT="diskontkomitén,"/>
						</TextLine>
						<TextLine ID="line_15" HPOS="125" VPOS="676" WIDTH="748" HEIGHT="28">
							<String ID="string_140" HPOS="125" VPOS="685" WIDTH="44" HEIGHT="13" WC="0.96" CONTENT="som"/><SP WIDTH="23" VPOS="685" HPOS="169"/>
							<String ID="string_141" HPOS="192" VPOS="682" WIDTH="23" HEIGHT="16" WC="0.93" CONTENT="är"/><SP WIDTH="23" VPOS="682" HPOS="215"/>
							<String ID="string_142" HPOS="238" VPOS="678" WIDTH="77" HEIGHT="26" WC="0.92" CONTENT="ojäfvig"/><SP WIDTH="20" VPOS="678" HPOS="315"/>
							<String ID="string_143" HPOS="335" VPOS="679" WIDTH="30" HEIGHT="18" WC="0.96" CONTENT="att"/><SP WIDTH="14" VPOS="679" HPOS="365"/>
							<String ID="string_144" HPOS="379" VPOS="677" WIDTH="84" HEIGHT="27" WC="0.96" CONTENT="deltaga"/><SP WIDTH="16" VPOS="677" HPOS="463"/>
							<String ID="string_145" HPOS="479" VPOS="677" WIDTH="6" HEIGHT="19" WC="0.96" CONTENT="i"/><SP WIDTH="16" VPOS="677" HPOS="485"/>
							<String ID="string_146" HPOS="501" VPOS="676" WIDTH="188" HEIGHT="27" WC="0.96" CONTENT="handläggningen"/><SP WIDTH="17" VPOS="676" HPOS="689"/>
							<String ID="string_147" HPOS="706" VPOS="676" WIDTH="22" HEIGHT="20" WC="0.96" CONTENT="af"/><SP WIDTH="14" VPOS="676" HPOS="728"/>
							<String ID="string_148" HPOS="742" VPOS="678" WIDTH="29" HEIGHT="18" WC="0.96" CONTENT="ett"/><SP WIDTH="16" VPOS="678" HPOS="771"/>
							<String ID="string_149" HPOS="787" VPOS="676" WIDTH="86" HEIGHT="26" WC="0.95" CONTENT="ärende,"/>
						</TextLine>
						<TextLine ID="line_16" HPOS="125" VPOS="711" WIDTH="747" HEIGHT="29">
							<String ID="string_150" HPOS="125" VPOS="714" WIDTH="18" HEIGHT="26" WC="0.96" CONTENT="ej"/><SP WIDTH="21" VPOS="714" HPOS="143"/>
							<String ID="string_151" HPOS="164" VPOS="716" WIDTH="36" HEIGHT="16" WC="0.96" CONTENT="äro"/><SP WIDTH="16" VPOS="716" HPOS="200"/>
							<String ID="string_152" HPOS="216" VPOS="712" WIDTH="161" HEIGHT="25" WC="0.94" CONTENT="samstämmiga,"/><SP WIDTH="16" VPOS="712" HPOS="377"/>
							<String ID="string_153" HPOS="393" VPOS="711" WIDTH="23" HEIGHT="20" WC="0.96" CONTENT="så"/><SP WIDTH="15" VPOS="711" HPOS="416"/>
							<String ID="string_154" HPOS="431" VPOS="711" WIDTH="68" HEIGHT="20" WC="0.93" CONTENT="skulle"/><SP WIDTH="17" VPOS="711" HPOS="499"/>
							<String ID="string_155" HPOS="516" VPOS="711" WIDTH="104" HEIGHT="26" WC="0.92" CONTENT="nemligen"/><SP WIDTH="17" VPOS="711" HPOS="620"/>
							<String ID="string_156" HPOS="637" VPOS="711" WIDTH="40" HEIGHT="19" WC="0.96" CONTENT="den"/><SP WIDTH="17" VPOS="711" HPOS="677"/>
							<String ID="string_157" HPOS="694" VPOS="711" WIDTH="117" HEIGHT="26" WC="0.96" CONTENT="suppleant,"/><SP WIDTH="17" VPOS="711" HPOS="811"/>
							<String ID="string_158" HPOS="828" VPOS="717" WIDTH="44" HEIGHT="13" WC="0.96" CONTENT="som"/>
						</TextLine>
						<TextLine ID="line_17" HPOS="125" VPOS="745" WIDTH="748" HEIGHT="27">
							<String ID="string_159" HPOS="125" VPOS="747" WIDTH="70" HEIGHT="20" WC="0.96" CONTENT="träder"/><SP WIDTH="18" VPOS="747" HPOS="195"/>
							<String ID="string_160" HPOS="213" VPOS="746" WIDTH="21" HEIGHT="20" WC="0.96" CONTENT="in"/><SP WIDTH="16" VPOS="746" HPOS="234"/>
							<String ID="string_161" HPOS="250" VPOS="746" WIDTH="6" HEIGHT="19" WC="0.96" CONTENT="i"/><SP WIDTH="17" VPOS="746" HPOS="256"/>
							<String ID="string_162" HPOS="273" VPOS="746" WIDTH="39" HEIGHT="20" WC="0.93" CONTENT="den"/><SP WIDTH="14" VPOS="746" HPOS="312"/>
							<String ID="string_163" HPOS="326" VPOS="746" WIDTH="91" HEIGHT="26" WC="0.91" CONTENT="jäfviges"/><SP WIDTH="16" VPOS="746" HPOS="417"/>
							<String ID="string_164" HPOS="433" VPOS="745" WIDTH="67" HEIGHT="27" WC="0.96" CONTENT="ställe,"/><SP WIDTH="17" VPOS="745" HPOS="500"/>
							<String ID="string_165" HPOS="517" VPOS="745" WIDTH="39" HEIGHT="20" WC="0.97" CONTENT="och"/><SP WIDTH="16" VPOS="745" HPOS="556"/>
							<String ID="string_166" HPOS="572" VPOS="752" WIDTH="43" HEIGHT="13" WC="0.96" CONTENT="som"/><SP WIDTH="17" VPOS="752" HPOS="615"/>
							<String ID="string_167" HPOS="632" VPOS="745" WIDTH="82" HEIGHT="20" WC="0.96" CONTENT="kanske"/><SP WIDTH="15" VPOS="745" HPOS="714"/>
							<String ID="string_168" HPOS="729" VPOS="746" WIDTH="63" HEIGHT="26" WC="0.96" CONTENT="högst"/><SP WIDTH="15" VPOS="746" HPOS="792"/>
							<String ID="string_169" HPOS="807" VPOS="746" WIDTH="66" HEIGHT="19" WC="0.96" CONTENT="sällan"/>
						</TextLine>
						<TextLine ID="line_18" HPOS="126" VPOS="779" WIDTH="748" HEIGHT="27">
							<String ID="string_170" HPOS="126" VPOS="781" WIDTH="70" HEIGHT="20" WC="0.96" CONTENT="blifvit"/><SP WIDTH="15" VPOS="781" HPOS="196"/>
							<String ID="string_171" HPOS="211" VPOS="780" WIDTH="96" HEIGHT="20" WC="0.96" CONTENT="anlitad"/><SP WIDTH="-6" VPOS="780" HPOS="307"/>
							<String ID="string_172" HPOS="301" VPOS="775" WIDTH="14" HEIGHT="35" WC="0.96" CONTENT="i"/><SP WIDTH="6" VPOS="775" HPOS="315"/>
							<String ID="string_173" HPOS="321" VPOS="780" WIDTH="63" HEIGHT="20" WC="0.96" CONTENT="sådan"/><SP WIDTH="18" VPOS="780" HPOS="384"/>
							<String ID="string_174" HPOS="402" VPOS="779" WIDTH="108" HEIGHT="27" WC="0.96" CONTENT="egenskap"/><SP WIDTH="16" VPOS="779" HPOS="510"/>
							<String ID="string_175" HPOS="526" VPOS="780" WIDTH="40" HEIGHT="19" WC="0.96" CONTENT="och"/><SP WIDTH="16" VPOS="780" HPOS="566"/>
							<String ID="string_176" HPOS="582" VPOS="780" WIDTH="19" HEIGHT="26" WC="0.96" CONTENT="ej"/><SP WIDTH="16" VPOS="780" HPOS="601"/>
							<String ID="string_177" HPOS="617" VPOS="780" WIDTH="37" HEIGHT="19" WC="0.93" CONTENT="har"/><SP WIDTH="15" VPOS="780" HPOS="654"/>
							<String ID="string_178" HPOS="669" VPOS="782" WIDTH="96" HEIGHT="17" WC="0.96" CONTENT="närmare"/><SP WIDTH="16" VPOS="782" HPOS="765"/>
							<String ID="string_179" HPOS="781" VPOS="780" WIDTH="51" HEIGHT="20" WC="0.95" CONTENT="reda"/><SP WIDTH="16" VPOS="780" HPOS="832"/>
							<String ID="string_180" HPOS="848" VPOS="780" WIDTH="26" HEIGHT="26" WC="0.96" CONTENT="på"/>
						</TextLine>
						<TextLine ID="line_19" HPOS="125" VPOS="813" WIDTH="750" HEIGHT="28">
							<String ID="string_181" HPOS="125" VPOS="816" WIDTH="26" HEIGHT="19" WC="0.96" CONTENT="de"/><SP WIDTH="23" VPOS="816" HPOS="151"/>
							<String ID="string_182" HPOS="174" VPOS="815" WIDTH="112" HEIGHT="26" WC="0.96" CONTENT="principer,"/><SP WIDTH="23" VPOS="815" HPOS="286"/>
							<String ID="string_183" HPOS="309" VPOS="820" WIDTH="42" HEIGHT="14" WC="0.96" CONTENT="som"/><SP WIDTH="24" VPOS="820" HPOS="351"/>
							<String ID="string_184" HPOS="375" VPOS="814" WIDTH="55" HEIGHT="19" WC="0.96" CONTENT="förut"/><SP WIDTH="13" VPOS="814" HPOS="430"/>
							<String ID="string_185" HPOS="443" VPOS="814" WIDTH="7" HEIGHT="19" WC="0.96" CONTENT="i"/><SP WIDTH="15" VPOS="814" HPOS="450"/>
							<String ID="string_186" HPOS="465" VPOS="813" WIDTH="104" HEIGHT="20" WC="0.96" CONTENT="likartade"/><SP WIDTH="23" VPOS="813" HPOS="569"/>
							<String ID="string_187" HPOS="592" VPOS="814" WIDTH="36" HEIGHT="19" WC="0.95" CONTENT="fall"/><SP WIDTH="21" VPOS="814" HPOS="628"/>
							<String ID="string_188" HPOS="649" VPOS="813" WIDTH="68" HEIGHT="21" WC="0.96" CONTENT="blifvit"/><SP WIDTH="21" VPOS="813" HPOS="717"/>
							<String ID="string_189" HPOS="738" VPOS="814" WIDTH="71" HEIGHT="26" WC="0.96" CONTENT="följda,"/><SP WIDTH="16" VPOS="814" HPOS="809"/>
							<String ID="string_190" HPOS="825" VPOS="820" WIDTH="50" HEIGHT="14" WC="0.96" CONTENT="vara"/>
						</TextLine>
						<TextLine ID="line_20" HPOS="123" VPOS="848" WIDTH="752" HEIGHT="27">
							<String ID="string_191" HPOS="123" VPOS="850" WIDTH="50" HEIGHT="25" WC="0.95" CONTENT="den,"/><SP WIDTH="16" VPOS="850" HPOS="173"/>
							<String ID="string_192" HPOS="189" VPOS="849" WIDTH="27" HEIGHT="26" WC="0.96" CONTENT="på"/><SP WIDTH="16" VPOS="849" HPOS="216"/>
							<String ID="string_193" HPOS="232" VPOS="848" WIDTH="85" HEIGHT="20" WC="0.93" CONTENT="hvilken"/><SP WIDTH="16" VPOS="848" HPOS="317"/>
							<String ID="string_194" HPOS="333" VPOS="848" WIDTH="125" HEIGHT="26" WC="0.90" CONTENT="afgörandet"/><SP WIDTH="14" VPOS="848" HPOS="458"/>
							<String ID="string_195" HPOS="472" VPOS="848" WIDTH="24" HEIGHT="19" WC="0.96" CONTENT="af"/><SP WIDTH="13" VPOS="848" HPOS="496"/>
							<String ID="string_196" HPOS="509" VPOS="848" WIDTH="88" HEIGHT="20" WC="0.96" CONTENT="ärendet"/><SP WIDTH="15" VPOS="848" HPOS="597"/>
							<String ID="string_197" HPOS="612" VPOS="848" WIDTH="84" HEIGHT="20" WC="0.96" CONTENT="komme"/><SP WIDTH="16" VPOS="848" HPOS="696"/>
							<String ID="string_198" HPOS="712" VPOS="850" WIDTH="30" HEIGHT="18" WC="0.95" CONTENT="att"/><SP WIDTH="12" VPOS="850" HPOS="742"/>
							<String ID="string_199" HPOS="754" VPOS="848" WIDTH="56" HEIGHT="20" WC="0.93" CONTENT="bero."/><SP WIDTH="23" VPOS="848" HPOS="810"/>
							<String ID="string_200" HPOS="833" VPOS="848" WIDTH="42" HEIGHT="26" WC="0.95" CONTENT="Jag"/>
						</TextLine>
						<TextLine ID="line_21" HPOS="126" VPOS="882" WIDTH="749" HEIGHT="26">
							<String ID="string_201" HPOS="126" VPOS="890" WIDTH="61" HEIGHT="13" WC="0.96" CONTENT="anser"/><SP WIDTH="16" VPOS="890" HPOS="187"/>
							<String ID="string_202" HPOS="203" VPOS="883" WIDTH="35" HEIGHT="20" WC="0.96" CONTENT="det"/><SP WIDTH="16" VPOS="883" HPOS="238"/>
							<String ID="string_203" HPOS="254" VPOS="889" WIDTH="56" HEIGHT="13" WC="0.96" CONTENT="mera"/><SP WIDTH="15" VPOS="889" HPOS="310"/>
							<String ID="string_204" HPOS="325" VPOS="882" WIDTH="99" HEIGHT="26" WC="0.96" CONTENT="förenligt"/><SP WIDTH="15" VPOS="882" HPOS="424"/>
							<String ID="string_205" HPOS="439" VPOS="882" WIDTH="47" HEIGHT="19" WC="0.96" CONTENT="med"/><SP WIDTH="18" VPOS="882" HPOS="486"/>
							<String ID="string_206" HPOS="504" VPOS="882" WIDTH="94" HEIGHT="19" WC="0.96" CONTENT="bankens"/><SP WIDTH="15" VPOS="882" HPOS="598"/>
							<String ID="string_207" HPOS="613" VPOS="882" WIDTH="106" HEIGHT="26" WC="0.96" CONTENT="säkerhet,"/><SP WIDTH="16" VPOS="882" HPOS="719"/>
							<String ID="string_208" HPOS="735" VPOS="884" WIDTH="30" HEIGHT="17" WC="0.96" CONTENT="att"/><SP WIDTH="13" VPOS="884" HPOS="765"/>
							<String ID="string_209" HPOS="778" VPOS="882" WIDTH="6" HEIGHT="19" WC="0.96" CONTENT="i"/><SP WIDTH="12" VPOS="882" HPOS="784"/>
							<String ID="string_210" HPOS="796" VPOS="882" WIDTH="79" HEIGHT="19" WC="0.96" CONTENT="sådana"/>
						</TextLine>
						<TextLine ID="line_22" HPOS="127" VPOS="916" WIDTH="748" HEIGHT="27">
							<String ID="string_211" HPOS="127" VPOS="917" WIDTH="44" HEIGHT="26" WC="0.95" CONTENT="fall,"/><SP WIDTH="21" VPOS="917" HPOS="171"/>
							<String ID="string_212" HPOS="192" VPOS="917" WIDTH="26" HEIGHT="20" WC="0.96" CONTENT="då"/><SP WIDTH="21" VPOS="917" HPOS="218"/>
							<String ID="string_213" HPOS="239" VPOS="916" WIDTH="93" HEIGHT="21" WC="0.96" CONTENT="bankens"/><SP WIDTH="19" VPOS="916" HPOS="332"/>
							<String ID="string_214" HPOS="351" VPOS="916" WIDTH="144" HEIGHT="20" WC="0.96" CONTENT="kommissarie"/><SP WIDTH="17" VPOS="916" HPOS="495"/>
							<String ID="string_215" HPOS="512" VPOS="916" WIDTH="39" HEIGHT="19" WC="0.96" CONTENT="och"/><SP WIDTH="16" VPOS="916" HPOS="551"/>
							<String ID="string_216" HPOS="567" VPOS="916" WIDTH="41" HEIGHT="20" WC="0.93" CONTENT="den"/><SP WIDTH="16" VPOS="916" HPOS="608"/>
							<String ID="string_217" HPOS="624" VPOS="916" WIDTH="92" HEIGHT="26" WC="0.92" CONTENT="ojäfvige"/><SP WIDTH="15" VPOS="916" HPOS="716"/>
							<String ID="string_218" HPOS="731" VPOS="916" WIDTH="121" HEIGHT="19" WC="0.65" CONTENT="ledamoten"/><SP WIDTH="16" VPOS="916" HPOS="852"/>
							<String ID="string_219" HPOS="868" VPOS="916" WIDTH="7" HEIGHT="19" WC="0.96" CONTENT="i"/>
						</TextLine>
						<TextLine ID="line_23" HPOS="128" VPOS="949" WIDTH="747" HEIGHT="27">
							<String ID="string_220" HPOS="128" VPOS="951" WIDTH="179" HEIGHT="20" WC="0.91" CONTENT="diskontkomitén"/><SP WIDTH="15" VPOS="951" HPOS="307"/>
							<String ID="string_221" HPOS="322" VPOS="951" WIDTH="19" HEIGHT="25" WC="0.96" CONTENT="ej"/><SP WIDTH="12" VPOS="951" HPOS="341"/>
							<String ID="string_222" HPOS="353" VPOS="950" WIDTH="71" HEIGHT="20" WC="0.93" CONTENT="kunna"/><SP WIDTH="12" VPOS="950" HPOS="424"/>
							<String ID="string_223" HPOS="436" VPOS="950" WIDTH="76" HEIGHT="25" WC="0.93" CONTENT="sämjas"/><SP WIDTH="13" VPOS="950" HPOS="512"/>
							<String ID="string_224" HPOS="525" VPOS="956" WIDTH="33" HEIGHT="13" WC="0.96" CONTENT="om"/><SP WIDTH="12" VPOS="956" HPOS="558"/>
							<String ID="string_225" HPOS="570" VPOS="952" WIDTH="29" HEIGHT="17" WC="0.96" CONTENT="ett"/><SP WIDTH="11" VPOS="952" HPOS="599"/>
							<String ID="string_226" HPOS="610" VPOS="950" WIDTH="74" HEIGHT="25" WC="0.95" CONTENT="beslut,"/><SP WIDTH="12" VPOS="950" HPOS="684"/>
							<String ID="string_227" HPOS="696" VPOS="950" WIDTH="35" HEIGHT="19" WC="0.96" CONTENT="det"/><SP WIDTH="12" VPOS="950" HPOS="731"/>
							<String ID="string_228" HPOS="743" VPOS="950" WIDTH="32" HEIGHT="19" WC="0.96" CONTENT="må"/><SP WIDTH="12" VPOS="950" HPOS="775"/>
							<String ID="string_229" HPOS="787" VPOS="949" WIDTH="50" HEIGHT="21" WC="0.96" CONTENT="bero"/><SP WIDTH="12" VPOS="949" HPOS="837"/>
							<String ID="string_230" HPOS="849" VPOS="950" WIDTH="26" HEIGHT="26" WC="0.96" CONTENT="på"/>
						</TextLine>
						<TextLine ID="line_24" HPOS="127" VPOS="984" WIDTH="747" HEIGHT="27">
							<String ID="string_231" HPOS="127" VPOS="985" WIDTH="140" HEIGHT="26" WC="0.96" CONTENT="direktionen,"/><SP WIDTH="16" VPOS="985" HPOS="267"/>
							<String ID="string_232" HPOS="283" VPOS="987" WIDTH="30" HEIGHT="17" WC="0.93" CONTENT="att"/><SP WIDTH="15" VPOS="987" HPOS="313"/>
							<String ID="string_233" HPOS="328" VPOS="984" WIDTH="73" HEIGHT="26" WC="0.92" CONTENT="pröfva"/><SP WIDTH="15" VPOS="984" HPOS="401"/>
							<String ID="string_234" HPOS="416" VPOS="984" WIDTH="81" HEIGHT="26" WC="0.96" CONTENT="frågan,"/><SP WIDTH="16" VPOS="984" HPOS="497"/>
							<String ID="string_235" HPOS="513" VPOS="987" WIDTH="26" HEIGHT="16" WC="0.96" CONTENT="än"/><SP WIDTH="12" VPOS="987" HPOS="539"/>
							<String ID="string_236" HPOS="551" VPOS="987" WIDTH="30" HEIGHT="17" WC="0.92" CONTENT="att"/><SP WIDTH="8" VPOS="987" HPOS="581"/>
							<String ID="string_237" HPOS="589" VPOS="984" WIDTH="125" HEIGHT="27" WC="0.90" CONTENT="afgörandet"/><SP WIDTH="11" VPOS="984" HPOS="714"/>
							<String ID="string_238" HPOS="725" VPOS="984" WIDTH="80" HEIGHT="20" WC="0.90" CONTENT="lemnas"/><SP WIDTH="12" VPOS="984" HPOS="805"/>
							<String ID="string_239" HPOS="817" VPOS="984" WIDTH="20" HEIGHT="19" WC="0.96" CONTENT="åt"/><SP WIDTH="12" VPOS="984" HPOS="837"/>
							<String ID="string_240" HPOS="849" VPOS="991" WIDTH="25" HEIGHT="12" WC="0.96" CONTENT="en"/>
						</TextLine>
						<TextLine ID="line_25" HPOS="127" VPOS="1017" WIDTH="749" HEIGHT="29">
							<String ID="string_241" HPOS="127" VPOS="1019" WIDTH="118" HEIGHT="27" WC="0.96" CONTENT="suppleant,"/><SP WIDTH="16" VPOS="1019" HPOS="245"/>
							<String ID="string_242" HPOS="261" VPOS="1025" WIDTH="43" HEIGHT="13" WC="0.96" CONTENT="som"/><SP WIDTH="16" VPOS="1025" HPOS="304"/>
							<String ID="string_243" HPOS="320" VPOS="1018" WIDTH="81" HEIGHT="20" WC="0.96" CONTENT="kanske"/><SP WIDTH="11" VPOS="1018" HPOS="401"/>
							<String ID="string_244" HPOS="412" VPOS="1019" WIDTH="32" HEIGHT="19" WC="0.96" CONTENT="för"/><SP WIDTH="11" VPOS="1019" HPOS="444"/>
							<String ID="string_245" HPOS="455" VPOS="1019" WIDTH="40" HEIGHT="19" WC="0.96" CONTENT="den"/><SP WIDTH="12" VPOS="1019" HPOS="495"/>
							<String ID="string_246" HPOS="507" VPOS="1018" WIDTH="56" HEIGHT="20" WC="0.96" CONTENT="enda"/><SP WIDTH="10" VPOS="1018" HPOS="563"/>
							<String ID="string_247" HPOS="573" VPOS="1019" WIDTH="84" HEIGHT="26" WC="0.93" CONTENT="gången"/><SP WIDTH="13" VPOS="1019" HPOS="657"/>
							<String ID="string_248" HPOS="670" VPOS="1018" WIDTH="68" HEIGHT="20" WC="0.91" CONTENT="blefve"/><SP WIDTH="15" VPOS="1018" HPOS="738"/>
							<String ID="string_249" HPOS="753" VPOS="1018" WIDTH="79" HEIGHT="19" WC="0.96" CONTENT="anlitad"/><SP WIDTH="12" VPOS="1018" HPOS="832"/>
							<String ID="string_250" HPOS="844" VPOS="1017" WIDTH="32" HEIGHT="20" WC="0.96" CONTENT="för"/>
						</TextLine>
						<TextLine ID="line_26" HPOS="127" VPOS="1052" WIDTH="748" HEIGHT="27">
							<String ID="string_251" HPOS="127" VPOS="1061" WIDTH="25" HEIGHT="12" WC="0.96" CONTENT="en"/><SP WIDTH="16" VPOS="1061" HPOS="152"/>
							<String ID="string_252" HPOS="168" VPOS="1053" WIDTH="64" HEIGHT="20" WC="0.96" CONTENT="sådan"/><SP WIDTH="17" VPOS="1053" HPOS="232"/>
							<String ID="string_253" HPOS="249" VPOS="1053" WIDTH="56" HEIGHT="19" WC="0.96" CONTENT="affär."/><SP WIDTH="23" VPOS="1053" HPOS="305"/>
							<String ID="string_254" HPOS="328" VPOS="1052" WIDTH="41" HEIGHT="27" WC="0.97" CONTENT="Jag"/><SP WIDTH="15" VPOS="1052" HPOS="369"/>
							<String ID="string_255" HPOS="384" VPOS="1052" WIDTH="93" HEIGHT="20" WC="0.95" CONTENT="förordar"/><SP WIDTH="17" VPOS="1052" HPOS="477"/>
							<String ID="string_256" HPOS="494" VPOS="1053" WIDTH="6" HEIGHT="18" WC="0.96" CONTENT="i"/><SP WIDTH="17" VPOS="1053" HPOS="500"/>
							<String ID="string_257" HPOS="517" VPOS="1052" WIDTH="103" HEIGHT="20" WC="0.96" CONTENT="hvardera"/><SP WIDTH="11" VPOS="1052" HPOS="620"/>
							<String ID="string_258" HPOS="631" VPOS="1052" WIDTH="23" HEIGHT="20" WC="0.96" CONTENT="af"/><SP WIDTH="8" VPOS="1052" HPOS="654"/>
							<String ID="string_259" HPOS="662" VPOS="1053" WIDTH="26" HEIGHT="19" WC="0.93" CONTENT="de"/><SP WIDTH="11" VPOS="1053" HPOS="688"/>
							<String ID="string_260" HPOS="699" VPOS="1052" WIDTH="122" HEIGHT="25" WC="0.91" CONTENT="afseenden,"/><SP WIDTH="10" VPOS="1052" HPOS="821"/>
							<String ID="string_261" HPOS="831" VPOS="1058" WIDTH="44" HEIGHT="13" WC="0.96" CONTENT="som"/>
						</TextLine>
						<TextLine ID="line_27" HPOS="127" VPOS="1086" WIDTH="749" HEIGHT="27">
							<String ID="string_262" HPOS="127" VPOS="1088" WIDTH="37" HEIGHT="19" WC="0.90" CONTENT="här"/><SP WIDTH="22" VPOS="1088" HPOS="164"/>
							<String ID="string_263" HPOS="186" VPOS="1087" WIDTH="164" HEIGHT="26" WC="0.90" CONTENT="ifrågakommit,"/><SP WIDTH="20" VPOS="1087" HPOS="350"/>
							<String ID="string_264" HPOS="370" VPOS="1086" WIDTH="58" HEIGHT="20" WC="0.94" CONTENT="bifall"/><SP WIDTH="21" VPOS="1086" HPOS="428"/>
							<String ID="string_265" HPOS="449" VPOS="1086" WIDTH="28" HEIGHT="19" WC="0.93" CONTENT="till"/><SP WIDTH="26" VPOS="1086" HPOS="477"/>
							<String ID="string_266" HPOS="503" VPOS="1087" WIDTH="117" HEIGHT="19" WC="0.95" CONTENT="Utskottets"/><SP WIDTH="17" VPOS="1087" HPOS="620"/>
							<String ID="string_267" HPOS="637" VPOS="1086" WIDTH="140" HEIGHT="26" WC="0.96" CONTENT="betänkande,"/><SP WIDTH="17" VPOS="1086" HPOS="777"/>
							<String ID="string_268" HPOS="794" VPOS="1086" WIDTH="82" HEIGHT="20" WC="0.96" CONTENT="hvilket"/>
						</TextLine>
						<TextLine ID="line_28" HPOS="128" VPOS="1120" WIDTH="747" HEIGHT="26">
							<String ID="string_269" HPOS="128" VPOS="1121" WIDTH="65" HEIGHT="21" WC="0.96" CONTENT="också"/><SP WIDTH="15" VPOS="1121" HPOS="193"/>
							<String ID="string_270" HPOS="208" VPOS="1122" WIDTH="7" HEIGHT="19" WC="0.93" CONTENT="i"/><SP WIDTH="15" VPOS="1122" HPOS="215"/>
							<String ID="string_271" HPOS="230" VPOS="1121" WIDTH="117" HEIGHT="20" WC="0.92" CONTENT="hufvudsak"/><SP WIDTH="16" VPOS="1121" HPOS="347"/>
							<String ID="string_272" HPOS="363" VPOS="1121" WIDTH="198" HEIGHT="19" WC="0.91" CONTENT="öfverensstämmer"/><SP WIDTH="16" VPOS="1121" HPOS="561"/>
							<String ID="string_273" HPOS="577" VPOS="1121" WIDTH="47" HEIGHT="19" WC="0.96" CONTENT="med"/><SP WIDTH="11" VPOS="1121" HPOS="624"/>
							<String ID="string_274" HPOS="635" VPOS="1120" WIDTH="144" HEIGHT="26" WC="0.96" CONTENT="fullmäktiges"/><SP WIDTH="12" VPOS="1120" HPOS="779"/>
							<String ID="string_275" HPOS="791" VPOS="1120" WIDTH="84" HEIGHT="25" WC="0.96" CONTENT="förslag."/>
						</TextLine>
					</TextBlock>
					<TextBlock ID="block_2" HPOS="127" VPOS="1154" WIDTH="754" HEIGHT="300">
						<TextLine ID="line_29" HPOS="197" VPOS="1154" WIDTH="680" HEIGHT="27">
							<String ID="string_276" HPOS="197" VPOS="1155" WIDTH="64" HEIGHT="20" WC="0.91" CONTENT="Herr"/><SP WIDTH="27" VPOS="1155" HPOS="261"/>
							<String ID="string_277" HPOS="288" VPOS="1155" WIDTH="152" HEIGHT="19" WC="0.91" CONTENT="Wasenius:"/><SP WIDTH="29" VPOS="1155" HPOS="440"/>
							<String ID="string_278" HPOS="469" VPOS="1154" WIDTH="41" HEIGHT="27" WC="0.96" CONTENT="Jag"/><SP WIDTH="23" VPOS="1154" HPOS="510"/>
							<String ID="string_279" HPOS="533" VPOS="1155" WIDTH="38" HEIGHT="19" WC="0.96" CONTENT="har"/><SP WIDTH="24" VPOS="1155" HPOS="571"/>
							<String ID="string_280" HPOS="595" VPOS="1155" WIDTH="65" HEIGHT="19" WC="0.96" CONTENT="under"/><SP WIDTH="23" VPOS="1155" HPOS="660"/>
							<String ID="string_281" HPOS="683" VPOS="1154" WIDTH="41" HEIGHT="20" WC="0.96" CONTENT="den"/><SP WIDTH="24" VPOS="1154" HPOS="724"/>
							<String ID="string_282" HPOS="748" VPOS="1154" WIDTH="129" HEIGHT="26" WC="0.96" CONTENT="föregående"/>
						</TextLine>
						<TextLine ID="line_30" HPOS="128" VPOS="1187" WIDTH="749" HEIGHT="28">
							<String ID="string_283" HPOS="128" VPOS="1190" WIDTH="145" HEIGHT="20" WC="0.91" CONTENT="diskussionen"/><SP WIDTH="17" VPOS="1190" HPOS="273"/>
							<String ID="string_284" HPOS="290" VPOS="1189" WIDTH="98" HEIGHT="26" WC="0.91" CONTENT="uppträdt"/><SP WIDTH="16" VPOS="1189" HPOS="388"/>
							<String ID="string_285" HPOS="404" VPOS="1191" WIDTH="56" HEIGHT="17" WC="0.96" CONTENT="emot"/><SP WIDTH="15" VPOS="1191" HPOS="460"/>
							<String ID="string_286" HPOS="475" VPOS="1189" WIDTH="41" HEIGHT="19" WC="0.96" CONTENT="den"/><SP WIDTH="17" VPOS="1189" HPOS="516"/>
							<String ID="string_287" HPOS="533" VPOS="1189" WIDTH="88" HEIGHT="25" WC="0.96" CONTENT="princip,"/><SP WIDTH="11" VPOS="1189" HPOS="621"/>
							<String ID="string_288" HPOS="632" VPOS="1194" WIDTH="44" HEIGHT="14" WC="0.96" CONTENT="som"/><SP WIDTH="11" VPOS="1194" HPOS="676"/>
							<String ID="string_289" HPOS="687" VPOS="1189" WIDTH="68" HEIGHT="25" WC="0.96" CONTENT="ligger"/><SP WIDTH="12" VPOS="1189" HPOS="755"/>
							<String ID="string_290" HPOS="767" VPOS="1187" WIDTH="31" HEIGHT="20" WC="0.96" CONTENT="till"/><SP WIDTH="11" VPOS="1187" HPOS="798"/>
							<String ID="string_291" HPOS="809" VPOS="1188" WIDTH="68" HEIGHT="26" WC="0.96" CONTENT="grund"/>
						</TextLine>
						<TextLine ID="line_31" HPOS="128" VPOS="1221" WIDTH="749" HEIGHT="28">
							<String ID="string_292" HPOS="128" VPOS="1225" WIDTH="32" HEIGHT="20" WC="0.96" CONTENT="för"/><SP WIDTH="19" VPOS="1225" HPOS="160"/>
							<String ID="string_293" HPOS="179" VPOS="1223" WIDTH="58" HEIGHT="20" WC="0.96" CONTENT="såväl"/><SP WIDTH="23" VPOS="1223" HPOS="237"/>
							<String ID="string_294" HPOS="260" VPOS="1223" WIDTH="142" HEIGHT="26" WC="0.96" CONTENT="fullmäktiges"/><SP WIDTH="25" VPOS="1223" HPOS="402"/>
							<String ID="string_295" HPOS="427" VPOS="1223" WIDTH="79" HEIGHT="26" WC="0.96" CONTENT="förslag"/><SP WIDTH="23" VPOS="1223" HPOS="506"/>
							<String ID="string_296" HPOS="529" VPOS="1222" WIDTH="31" HEIGHT="20" WC="0.96" CONTENT="till"/><SP WIDTH="24" VPOS="1222" HPOS="560"/>
							<String ID="string_297" HPOS="584" VPOS="1222" WIDTH="130" HEIGHT="27" WC="0.96" CONTENT="reglemente"/><SP WIDTH="16" VPOS="1222" HPOS="714"/>
							<String ID="string_298" HPOS="730" VPOS="1222" WIDTH="32" HEIGHT="19" WC="0.96" CONTENT="för"/><SP WIDTH="15" VPOS="1222" HPOS="762"/>
							<String ID="string_299" HPOS="777" VPOS="1221" WIDTH="100" HEIGHT="20" WC="0.95" CONTENT="Finlands"/>
						</TextLine>
						<TextLine ID="line_32" HPOS="128" VPOS="1255" WIDTH="750" HEIGHT="29">
							<String ID="string_300" HPOS="128" VPOS="1258" WIDTH="64" HEIGHT="26" WC="0.96" CONTENT="bank,"/><SP WIDTH="22" VPOS="1258" HPOS="192"/>
							<String ID="string_301" HPOS="214" VPOS="1264" WIDTH="44" HEIGHT="13" WC="0.96" CONTENT="som"/><SP WIDTH="21" VPOS="1264" HPOS="258"/>
							<String ID="string_302" HPOS="279" VPOS="1257" WIDTH="38" HEIGHT="20" WC="0.96" CONTENT="ock"/><SP WIDTH="21" VPOS="1257" HPOS="317"/>
							<String ID="string_303" HPOS="338" VPOS="1257" WIDTH="32" HEIGHT="20" WC="0.96" CONTENT="för"/><SP WIDTH="19" VPOS="1257" HPOS="370"/>
							<String ID="string_304" HPOS="389" VPOS="1257" WIDTH="118" HEIGHT="20" WC="0.96" CONTENT="Utskottets"/><SP WIDTH="21" VPOS="1257" HPOS="507"/>
							<String ID="string_305" HPOS="528" VPOS="1257" WIDTH="114" HEIGHT="25" WC="0.95" CONTENT="utlåtande,"/><SP WIDTH="20" VPOS="1257" HPOS="642"/>
							<String ID="string_306" HPOS="662" VPOS="1256" WIDTH="82" HEIGHT="20" WC="0.96" CONTENT="hvilket"/><SP WIDTH="19" VPOS="1256" HPOS="744"/>
							<String ID="string_307" HPOS="763" VPOS="1255" WIDTH="115" HEIGHT="25" WC="0.96" CONTENT="utlåtande,"/>
						</TextLine>
						<TextLine ID="line_33" HPOS="127" VPOS="1289" WIDTH="751" HEIGHT="30">
							<String ID="string_308" HPOS="127" VPOS="1293" WIDTH="65" HEIGHT="26" WC="0.96" CONTENT="jemte"/><SP WIDTH="17" VPOS="1293" HPOS="192"/>
							<String ID="string_309" HPOS="209" VPOS="1292" WIDTH="35" HEIGHT="19" WC="0.96" CONTENT="det"/><SP WIDTH="16" VPOS="1292" HPOS="244"/>
							<String ID="string_310" HPOS="260" VPOS="1291" WIDTH="142" HEIGHT="26" WC="0.96" CONTENT="fullmäktiges"/><SP WIDTH="16" VPOS="1291" HPOS="402"/>
							<String ID="string_311" HPOS="418" VPOS="1291" WIDTH="78" HEIGHT="26" WC="0.96" CONTENT="förslag"/><SP WIDTH="17" VPOS="1291" HPOS="496"/>
							<String ID="string_312" HPOS="513" VPOS="1291" WIDTH="22" HEIGHT="20" WC="0.96" CONTENT="af"/><SP WIDTH="14" VPOS="1291" HPOS="535"/>
							<String ID="string_313" HPOS="549" VPOS="1291" WIDTH="116" HEIGHT="20" WC="0.92" CONTENT="detsamma"/><SP WIDTH="11" VPOS="1291" HPOS="665"/>
							<String ID="string_314" HPOS="676" VPOS="1289" WIDTH="153" HEIGHT="26" WC="0.91" CONTENT="understödjes,"/><SP WIDTH="10" VPOS="1289" HPOS="829"/>
							<String ID="string_315" HPOS="839" VPOS="1289" WIDTH="39" HEIGHT="26" WC="0.96" CONTENT="går"/>
						</TextLine>
						<TextLine ID="line_34" HPOS="128" VPOS="1323" WIDTH="750" HEIGHT="29">
							<String ID="string_316" HPOS="128" VPOS="1329" WIDTH="26" HEIGHT="17" WC="0.96" CONTENT="än"/><SP WIDTH="24" VPOS="1329" HPOS="154"/>
							<String ID="string_317" HPOS="178" VPOS="1327" WIDTH="72" HEIGHT="25" WC="0.96" CONTENT="längre"/><SP WIDTH="22" VPOS="1327" HPOS="250"/>
							<String ID="string_318" HPOS="272" VPOS="1328" WIDTH="26" HEIGHT="17" WC="0.96" CONTENT="än"/><SP WIDTH="22" VPOS="1328" HPOS="298"/>
							<String ID="string_319" HPOS="320" VPOS="1325" WIDTH="139" HEIGHT="26" WC="0.96" CONTENT="fullmäktige,"/><SP WIDTH="20" VPOS="1325" HPOS="459"/>
							<String ID="string_320" HPOS="479" VPOS="1325" WIDTH="6" HEIGHT="20" WC="0.96" CONTENT="i"/><SP WIDTH="21" VPOS="1325" HPOS="485"/>
							<String ID="string_321" HPOS="506" VPOS="1327" WIDTH="30" HEIGHT="18" WC="0.96" CONTENT="att"/><SP WIDTH="15" VPOS="1327" HPOS="536"/>
							<String ID="string_322" HPOS="551" VPOS="1327" WIDTH="52" HEIGHT="24" WC="0.96" CONTENT="göra"/><SP WIDTH="14" VPOS="1327" HPOS="603"/>
							<String ID="string_323" HPOS="617" VPOS="1324" WIDTH="100" HEIGHT="20" WC="0.95" CONTENT="Finlands"/><SP WIDTH="16" VPOS="1324" HPOS="717"/>
							<String ID="string_324" HPOS="733" VPOS="1324" WIDTH="56" HEIGHT="20" WC="0.95" CONTENT="bank"/><SP WIDTH="16" VPOS="1324" HPOS="789"/>
							<String ID="string_325" HPOS="805" VPOS="1323" WIDTH="32" HEIGHT="20" WC="0.95" CONTENT="till"/><SP WIDTH="15" VPOS="1323" HPOS="837"/>
							<String ID="string_326" HPOS="852" VPOS="1330" WIDTH="26" HEIGHT="12" WC="0.96" CONTENT="en"/>
						</TextLine>
						<TextLine ID="line_35" HPOS="129" VPOS="1357" WIDTH="752" HEIGHT="30">
							<String ID="string_327" HPOS="129" VPOS="1360" WIDTH="132" HEIGHT="27" WC="0.91" CONTENT="privatbank."/><SP WIDTH="16" VPOS="1360" HPOS="261"/>
							<String ID="string_328" HPOS="277" VPOS="1359" WIDTH="32" HEIGHT="20" WC="0.96" CONTENT="Då"/><SP WIDTH="12" VPOS="1359" HPOS="309"/>
							<String ID="string_329" HPOS="321" VPOS="1360" WIDTH="37" HEIGHT="26" WC="0.96" CONTENT="jag"/><SP WIDTH="16" VPOS="1360" HPOS="358"/>
							<String ID="string_330" HPOS="374" VPOS="1360" WIDTH="6" HEIGHT="19" WC="0.93" CONTENT="i"/><SP WIDTH="16" VPOS="1360" HPOS="380"/>
							<String ID="string_331" HPOS="396" VPOS="1360" WIDTH="40" HEIGHT="19" WC="0.92" CONTENT="allo"/><SP WIDTH="17" VPOS="1360" HPOS="436"/>
							<String ID="string_332" HPOS="453" VPOS="1359" WIDTH="62" HEIGHT="27" WC="0.96" CONTENT="gillar"/><SP WIDTH="16" VPOS="1359" HPOS="515"/>
							<String ID="string_333" HPOS="531" VPOS="1359" WIDTH="26" HEIGHT="20" WC="0.93" CONTENT="de"/><SP WIDTH="16" VPOS="1359" HPOS="557"/>
							<String ID="string_334" HPOS="573" VPOS="1359" WIDTH="84" HEIGHT="27" WC="0.91" CONTENT="åsigter,"/><SP WIDTH="16" VPOS="1359" HPOS="657"/>
							<String ID="string_335" HPOS="673" VPOS="1365" WIDTH="44" HEIGHT="13" WC="0.95" CONTENT="som"/><SP WIDTH="11" VPOS="1365" HPOS="717"/>
							<String ID="string_336" HPOS="728" VPOS="1359" WIDTH="53" HEIGHT="19" WC="0.93" CONTENT="Herr"/><SP WIDTH="11" VPOS="1359" HPOS="781"/>
							<String ID="string_337" HPOS="792" VPOS="1357" WIDTH="89" HEIGHT="20" WC="0.92" CONTENT="Kiseleff"/>
						</TextLine>
						<TextLine ID="line_36" HPOS="129" VPOS="1391" WIDTH="750" HEIGHT="30">
							<String ID="string_338" HPOS="129" VPOS="1401" WIDTH="50" HEIGHT="20" WC="0.96" CONTENT="nyss"/><SP WIDTH="26" VPOS="1401" HPOS="179"/>
							<String ID="string_339" HPOS="205" VPOS="1394" WIDTH="75" HEIGHT="20" WC="0.96" CONTENT="uttalat"/><SP WIDTH="25" VPOS="1394" HPOS="280"/>
							<String ID="string_340" HPOS="305" VPOS="1394" WIDTH="38" HEIGHT="20" WC="0.96" CONTENT="och"/><SP WIDTH="26" VPOS="1394" HPOS="343"/>
							<String ID="string_341" HPOS="369" VPOS="1394" WIDTH="64" HEIGHT="19" WC="0.96" CONTENT="redan"/><SP WIDTH="29" VPOS="1394" HPOS="433"/>
							<String ID="string_342" HPOS="462" VPOS="1393" WIDTH="56" HEIGHT="20" WC="0.93" CONTENT="förut"/><SP WIDTH="22" VPOS="1393" HPOS="518"/>
							<String ID="string_343" HPOS="540" VPOS="1393" WIDTH="66" HEIGHT="20" WC="0.96" CONTENT="under"/><SP WIDTH="23" VPOS="1393" HPOS="606"/>
							<String ID="string_344" HPOS="629" VPOS="1393" WIDTH="147" HEIGHT="20" WC="0.96" CONTENT="diskussionen"/><SP WIDTH="29" VPOS="1393" HPOS="776"/>
							<String ID="string_345" HPOS="805" VPOS="1391" WIDTH="74" HEIGHT="20" WC="0.88" CONTENT="uttalat"/>
						</TextLine>
						<TextLine ID="line_37" HPOS="129" VPOS="1427" WIDTH="750" HEIGHT="27">
							<String ID="string_346" HPOS="129" VPOS="1429" WIDTH="42" HEIGHT="25" WC="0.96" CONTENT="mig"/><SP WIDTH="23" VPOS="1429" HPOS="171"/>
							<String ID="string_347" HPOS="194" VPOS="1429" WIDTH="7" HEIGHT="19" WC="0.96" CONTENT="i"/><SP WIDTH="27" VPOS="1429" HPOS="201"/>
							<String ID="string_348" HPOS="228" VPOS="1434" WIDTH="79" HEIGHT="14" WC="0.96" CONTENT="samma"/><SP WIDTH="23" VPOS="1434" HPOS="307"/>
							<String ID="string_349" HPOS="330" VPOS="1429" WIDTH="62" HEIGHT="24" WC="0.96" CONTENT="syfte,"/><SP WIDTH="22" VPOS="1429" HPOS="392"/>
							<String ID="string_350" HPOS="414" VPOS="1428" WIDTH="22" HEIGHT="19" WC="0.96" CONTENT="så"/><SP WIDTH="24" VPOS="1428" HPOS="436"/>
							<String ID="string_351" HPOS="460" VPOS="1428" WIDTH="37" HEIGHT="19" WC="0.96" CONTENT="ber"/><SP WIDTH="20" VPOS="1428" HPOS="497"/>
							<String ID="string_352" HPOS="517" VPOS="1428" WIDTH="38" HEIGHT="26" WC="0.96" CONTENT="jag"/><SP WIDTH="22" VPOS="1428" HPOS="555"/>
							<String ID="string_353" HPOS="577" VPOS="1429" WIDTH="30" HEIGHT="18" WC="0.96" CONTENT="att"/><SP WIDTH="22" VPOS="1429" HPOS="607"/>
							<String ID="string_354" HPOS="629" VPOS="1427" WIDTH="21" HEIGHT="20" WC="0.96" CONTENT="få"/><SP WIDTH="22" VPOS="1427" HPOS="650"/>
							<String ID="string_355" HPOS="672" VPOS="1427" WIDTH="27" HEIGHT="26" WC="0.96" CONTENT="på"/><SP WIDTH="21" VPOS="1427" HPOS="699"/>
							<String ID="string_356" HPOS="720" VPOS="1427" WIDTH="35" HEIGHT="19" WC="0.96" CONTENT="det"/><SP WIDTH="20" VPOS="1427" HPOS="755"/>
							<String ID="string_357" HPOS="775" VPOS="1428" WIDTH="104" HEIGHT="18" WC="0.96" CONTENT="varmaste"/>
						</TextLine>
					</TextBlock>
				</ComposedBlock>
			</PrintSpace>
		</Page>
	</Layout>
</alto>
