1070 1786
233 165 45 31 1100
544 169 41 17 Den
600 170 21 16 14
633 169 44 22 Maj.

210 228 92 25 upptaga
312 228 29 18 ett
351 227 74 19 sådant
437 226 41 19 mål
494 228 7 17 i
517 227 129 19 svarandens
663 227 97 18 frånvaro
771 227 40 19 och
825 227 77 19 honom
914 227 59 20 ohör-

210 260 38 19 dan
266 260 50 20 fälla
331 267 25 13 en
373 261 200 25 contumacie-dom,
589 261 35 19 det
640 260 64 20 måste
722 260 33 19 väl
771 261 6 18 i
789 261 72 26 hvarje
877 261 36 19 fall
925 261 48 20 bero

209 294 23 19 af
244 295 103 19 särskilda
362 295 187 25 omständigheter,
565 300 44 14 som
625 295 48 19 icke
689 295 73 19 kunna
777 295 89 19 förutses
882 295 51 19 eller
947 295 27 25 på

209 328 89 20 förhand
313 328 111 20 beräknas.

277 362 59 19 Hvad
352 362 45 19 åter
412 362 67 26 angår
494 362 148 26 skyldigheten
659 362 31 20 för
706 362 93 20 rederiet
814 365 31 17 att
860 362 67 20 inlösa
939 362 33 20 be-

209 396 126 19 fälhafvares
355 396 39 19 lott
412 396 6 18 i
435 396 98 25 fartyget,
549 395 23 20 så
587 396 89 19 innebär
692 395 36 20 det
743 396 6 18 i
765 395 118 27 Kejserliga
898 402 73 20 propo-

209 430 89 19 sitionen
317 430 120 25 föreslagna
456 429 123 25 stadgandet
599 429 71 20 derom
689 436 25 12 en
732 429 150 27 förblandning
897 430 23 19 af
932 430 38 19 far-

209 463 192 27 tygsbefälhafvare
420 463 40 19 och
479 462 187 27 fartygsdelegare.
695 463 47 19 Den
762 462 104 20 särskilda
881 465 90 18 omstän-

209 498 78 26 dighet,
303 500 29 17 att
347 497 158 20 befälhafvaren
523 504 50 19 eger
590 497 38 19 lott
643 497 29 19 uti
687 497 100 26 fartyget,
805 497 36 19 bör
857 498 18 25 ej
888 498 81 19 förvex-

208 531 30 20 las
258 531 46 19 med
324 532 52 19 hans
396 531 108 27 egenskap
524 531 23 19 af
563 530 149 26 befälhafvare,
733 531 6 19 i
760 530 86 20 hvilken
863 532 106 26 egenskap

208 565 40 20 han
269 566 55 25 gjort
343 566 32 26 sig
396 565 130 20 förtroendet
544 565 101 26 förlustig.
677 564 38 20 Om
736 571 25 14 en
782 571 69 14 annan
867 565 61 27 åsigt,
944 569 24 16 än

208 599 40 19 den
266 600 37 25 jag
322 606 27 12 nu
368 600 48 19 sökt
432 600 99 22 försvara,
547 602 38 23 gör
601 599 31 26 sig
648 599 107 26 gällande,
771 598 22 20 så
809 598 66 20 skulle
891 599 78 26 följden

208 633 61 19 deraf
282 633 70 24 blifva,
368 635 30 17 att
418 633 143 20 befälhafvare
577 640 76 19 genom
671 633 67 26 dåligt
754 633 129 26 uppförande
899 633 70 20 kunde

208 666 77 20 bereda
300 668 32 25 sig
346 667 67 19 fördel
429 667 39 19 och
485 667 106 26 belöning,
607 669 22 23 ty
646 666 53 20 tider
717 666 74 26 finnas,
803 667 38 19 och
853 667 25 19 de
889 667 82 19 tiderna

207 703 35 17 äro
262 701 19 25 ej
297 700 59 26 långt
376 700 94 26 aflägsna
490 700 44 19 från
555 700 125 26 hvarandra,
697 703 38 17 när
750 700 70 27 fartyg
836 701 18 25 ej
871 703 36 17 äro
923 701 47 25 sälj-

208 734 48 20 bara
277 734 30 19 till
328 734 62 25 något
409 734 49 25 pris,
479 733 26 20 då
525 733 115 20 hamnarne
660 734 58 26 ligga
734 734 110 26 uppfyllda
859 734 23 19 af
895 735 75 26 fartyg,

207 774 43 14 som
271 768 71 20 kunde
361 768 67 26 köpas
447 768 30 19 till
497 774 26 13 en
545 768 86 19 bråkdel
650 768 24 19 af
687 768 61 19 deras
764 768 71 25 värde,
851 768 38 20 och
906 769 62 26 ingen

207 802 78 26 köpare
305 802 72 19 finnes.
408 801 72 20 Under
499 801 79 20 sådana
598 801 152 27 konjunkturer
769 808 50 13 vore
835 802 36 19 det
886 808 26 14 en
928 806 42 16 stor

207 836 155 26 beqvämlighet
383 835 38 19 och
441 835 6 19 i
469 835 26 19 de
516 835 59 19 flesta
594 835 37 19 fall
650 842 25 13 en
693 835 55 19 vinst
763 836 31 19 för
811 835 155 21 befälhafvaren

206 871 29 17 att
253 869 65 19 blifva
338 869 21 19 af
374 869 48 19 med
438 869 30 19 sin
486 868 121 27 fartygsdel,
625 869 26 19 då
667 869 40 19 han
724 869 70 20 kunde
811 870 20 19 få
847 870 122 20 densamma

207 903 38 19 löst
261 903 52 19 efter
329 903 112 25 värdering
456 902 23 19 af
493 902 133 26 sakkunniga
642 905 54 22 män,
710 903 75 18 medan
797 903 39 19 den
849 903 61 26 eljest
920 903 47 20 icke

206 936 69 20 kunde
292 935 130 20 annorlunda
437 938 25 17 än
480 935 31 19 till
527 936 85 25 vanpris
628 935 101 26 försäljas.
761 936 28 19 På
805 937 60 19 dessa
879 938 90 25 grunder

202 971 66 25 jemte
289 970 54 25 dem,
364 975 44 14 som
429 969 52 19 Herr
497 969 109 20 Lindblom
623 969 75 23 anfört,
716 969 31 19 fär
762 970 36 26 jag
814 971 104 26 tillstyrka
935 972 33 20 be-

205 1004 125 19 tänkandets
346 1003 139 20 oförändrade
501 1004 124 25 antagande.

272 1038 52 19 Herr
340 1038 110 19 Kurtén:
466 1038 41 19 För
523 1038 41 19 min
582 1038 32 19 del
631 1038 95 19 anhåller
744 1039 37 26 jag
797 1039 51 26 åter,
864 1042 29 17 att
909 1040 57 20 Stän-

204 1072 35 19 det
258 1072 49 19 ville
327 1072 72 19 förena
417 1072 32 26 sig
469 1072 46 19 med
534 1072 42 25 mig
593 1078 32 13 om
642 1072 120 25 antagande
779 1073 74 20 endast
868 1074 23 19 af
905 1074 63 20 första

202 1108 70 18 satsen
287 1106 7 19 i
309 1108 9 21 $
335 1105 33 24 52,
378 1105 89 20 emedan
480 1105 25 20 de
515 1105 54 20 båda
577 1112 73 13 senare
661 1108 144 18 momenterne
815 1107 28 19 uti
853 1109 9 22 $
871 1109 26 18 55
906 1108 57 20 inne-

204 1139 54 20 hålla
275 1139 137 26 erforderliga
429 1139 156 26 bestämningar
602 1140 29 19 till
646 1140 69 26 skydd
728 1140 31 19 för
771 1140 148 27 befälhafvare,
931 1149 32 13 om

203 1173 40 19 han
260 1176 48 16 utan
324 1173 45 19 skäl
385 1173 73 25 skiljes
474 1173 45 19 från
535 1173 31 19 sin
584 1174 68 25 tjenst.
683 1174 49 18 Man
744 1174 38 19 har
793 1177 68 17 ansett
872 1175 35 20 det
917 1183 48 13 vara

205 1206 121 26 förmonligt
343 1206 31 20 för
390 1206 127 26 rederierna,
533 1209 30 17 att
577 1207 29 19 uti
623 1207 47 19 dem
687 1207 68 19 finnas
770 1208 67 19 såsom
854 1208 111 20 intressen-

203 1244 30 16 ter
252 1240 231 27 skeppsbefälhafvare,
499 1241 38 20 och
554 1241 99 20 särskildt
668 1243 30 18 att
714 1241 62 20 hafva
795 1242 123 20 medredare
935 1244 29 19 till

202 1274 244 27 fartygs-befälhafvare;
461 1275 96 20 kommer
572 1275 68 20 dertill
656 1279 63 22 ännu,
736 1278 29 17 att
781 1276 68 19 denna
864 1275 98 21 befälhaf-

203 1314 47 13 vare
270 1311 22 16 är
310 1308 74 19 redare
402 1307 31 20 till
452 1309 65 18 större
537 1308 33 19 del
589 1311 26 16 än
635 1308 78 20 hälften
735 1309 28 18 uti
784 1309 98 26 fartyget,
903 1310 22 19 så
941 1314 21 16 är

202 1341 35 20 det
251 1344 56 17 ännu
323 1348 44 13 mer
382 1341 111 26 antagligt,
509 1343 30 18 att
554 1342 41 19 han
611 1342 52 19 skall
680 1342 54 19 efter
750 1343 59 19 bästa
822 1343 95 27 förmåga
928 1345 33 19 be-

202 1375 54 19 vaka
276 1375 100 20 rederiets
395 1375 95 19 intresse.
522 1374 38 20 Om
581 1375 25 20 de
624 1375 68 26 öfrige
708 1376 103 20 redarene
827 1377 34 19 det
877 1378 86 20 oaktadt

202 1408 55 19 finna
280 1409 113 26 anledning
416 1411 30 17 att
469 1408 62 27 skilja
550 1409 76 20 honom
643 1409 44 20 från
705 1410 98 25 tjensten,
819 1411 22 19 så
857 1411 63 21 måste
937 1413 26 18 de

201 1441 69 20 dertill
291 1441 61 20 hafva
372 1443 81 26 ganska
472 1443 81 26 vigtiga
567 1443 53 19 skäl.
650 1443 59 20 Skall
725 1445 30 18 ett
770 1444 75 19 sådant
860 1445 103 26 skiljande
