1070 1786
426 166 40 17 Den
479 165 21 17 21
515 166 41 21 Maj.
801 165 45 18 1293

116 225 62 26 åtaga
194 225 32 25 sig
241 224 118 25 uppdraget
374 223 39 19 och
430 223 90 25 troligen
537 222 65 20 också
613 223 31 19 till
656 223 50 19 vida
718 222 97 27 billigare
826 224 41 25 pris

117 261 25 16 än
158 258 100 19 Finlands
279 257 55 20 bank
358 257 73 19 hittills
454 258 69 18 ansett
539 257 32 25 sig
587 258 92 24 tvungen
696 258 32 18 att
743 257 77 25 fordra,
837 257 30 19 för

117 294 31 17 alt
166 292 48 19 icke
231 292 45 19 visa
290 291 30 25 sig
337 290 79 26 partisk
432 290 31 19 för
479 296 26 13 en
525 290 22 18 af
559 290 46 19 sina
620 290 88 19 kunder.
737 291 42 19 Vid
793 290 76 20 sådant

119 326 35 19 fall
170 326 39 19 och
226 325 26 20 då
267 325 7 19 i
290 324 62 26 öfrigt
367 324 63 25 ingen
446 323 65 19 talare
527 323 56 19 velat
599 323 81 20 biträda
695 324 95 20 hvarken
802 330 65 14 reser-

118 360 98 19 vationen
228 359 6 19 i
246 359 31 19 sin
289 358 70 19 helhet
374 357 53 19 eller
443 357 64 25 något
522 356 65 20 skildt
601 357 96 26 yrkande
712 358 51 24 deri,
775 358 22 20 så
807 364 63 14 anser

117 394 37 26 jag
172 394 19 25 ej
212 392 66 20 heller
303 391 73 26 nödigt
398 392 30 18 att
451 391 84 19 bemöta
550 391 40 19 den
607 391 38 20 och
662 398 105 20 upprepar
785 392 84 20 derföre

119 428 74 19 endast
216 426 41 20 min
277 425 97 20 anhållan
390 426 31 18 att
435 424 88 20 Ständet
539 424 62 20 måtte
617 425 113 26 uppskjuta
745 426 125 26 afgörandet

121 462 24 19 af
165 462 69 19 denna
250 462 16 22 $,
283 460 30 19 till
336 459 48 19 dess
406 459 36 19 det
465 458 69 20 blifvit
556 458 71 26 kändt,
651 459 28 26 pä
698 459 56 20 hvad
771 462 42 17 sätt
828 460 40 19 den

123 495 69 19 blifvit
214 494 38 20 hos
274 492 153 26 Ridderskapet
446 492 39 20 och
504 492 68 20 Adeln
594 492 124 20 behandlad.
749 493 40 27 Jag
807 500 62 13 anser

122 528 105 26 nemligen
250 528 22 19 af
286 527 74 26 högsta
383 527 50 25 vigt,
449 528 30 18 att
495 526 58 20 detta
567 526 141 26 reglementes
725 528 144 19 fastställande

119 563 20 26 ej
155 562 75 20 blifver
247 556 105 25 beroende
367 560 23 20 af
403 562 30 18 ett
447 560 48 20 icke
511 560 155 27 godkännande
678 561 22 19 af
708 561 71 20 denna
789 564 16 22 $.
829 562 41 19 För

121 596 40 19 min
178 596 34 19 del
236 595 36 19 har
288 595 34 25 jag
336 594 48 20 icke
400 594 64 26 nägot
480 597 57 17 emot
551 596 30 17 att
601 595 73 19 förena
689 595 43 26 mig
748 602 33 12 om
798 596 37 19 det
850 596 22 19 af

120 630 53 19 Herr
189 629 89 20 Kiseleff
291 628 118 26 föreslagna
424 630 40 18 sätt
479 630 31 18 att
525 628 145 26 ävägabringa
684 629 125 26 förändring
825 630 44 18 inu

120 663 162 27 ifrägavarande
302 662 123 26 stadgande;
445 668 48 14 men
507 663 37 25 jag
559 662 51 26 säge
626 662 54 20 dock
675 662 94 48 mi
785 669 33 13 om
835 663 36 19 det

122 698 70 19 kunde
208 698 37 19 ske
261 697 27 26 pä
302 698 30 18 ett
347 696 86 20 enklare
448 698 47 18 sätt.

189 732 67 18 Herr
271 730 144 20 Mechelin:
444 730 41 26 Jag
502 730 49 19 ville
566 730 75 20 endast
656 730 75 26 erinra,
748 732 30 18 att
793 730 55 20 hvad
864 731 6 19 i

121 766 40 19 den
178 772 27 12 nu
221 764 65 20 under
301 764 117 20 diskussion
440 763 73 27 bragte
531 764 159 20 reservationen
709 767 23 17 är
749 764 28 26 pä
795 770 76 14 senare

122 799 61 20 delen
200 799 23 19 af
236 805 47 20 pag.
299 798 26 20 60
340 798 84 20 anfördt
441 798 48 19 icke
504 804 64 20 synes
584 804 49 14 vara
648 798 79 20 riktadt
743 800 42 18 mot
801 798 69 20 Bank-

121 833 108 25 utskottet,
245 834 48 18 utan
309 834 43 18 mot
368 831 188 27 bankfullmäktige
572 834 22 24 ty
609 832 173 20 Bankutskoitets
793 832 80 26 förslag

124 867 30 19 till
172 869 10 21 $
199 867 12 19 4
227 867 37 19 har
284 866 64 20 redan
364 866 61 25 gjort,
445 865 54 21 hvad
520 866 90 19 nämnde
626 866 130 20 reservation
772 866 27 26 pä
815 866 58 20 detta

122 901 60 19 ställe
197 900 123 25 innehäller,
338 899 128 26 fullkomligt
481 899 139 26 öfverflödigt.
651 899 111 26 Slutligen,
777 900 27 19 dä
819 900 54 19 Herr

123 935 77 19 Kurtén
218 935 62 19 fästat
296 933 184 26 uppmärksamhet
494 933 33 26 pä,
543 935 30 17 att
585 934 39 25 jag
638 939 34 14 om
684 933 54 20 Herr
749 939 40 14 von
801 933 70 26 Trapp

121 970 72 25 yttrat,
209 970 30 17 att
254 968 40 19 han
310 968 7 19 i
332 967 31 20 sin
380 967 129 20 reservation
527 967 105 26 begagnat
647 967 119 26 ”skickliga
781 967 91 26 vapen”,

124 1003 36 19 ber
172 1003 38 25 jag
225 1003 35 24 att,
276 1001 30 20 till
318 1001 173 20 förekommande
501 1001 24 20 af
534 1001 151 26 missförstånd,
697 1001 21 20 få
728 1001 75 26 frångå
814 1001 58 19 detta

120 1031 108 31 Yttrande.

190 1070 59 19 Efter
264 1069 66 20 slutad
347 1069 126 26 diskussion,
485 1069 129 20 framställde
629 1069 65 20 Herr
705 1055 110 34 Talman
823 1075 49 14 nen

124 1104 128 26 proposition
269 1109 32 14 om
317 1103 93 26 uppskof
423 1103 48 20 med
487 1103 72 20 vidare
569 1103 161 26 handläggning
740 1103 41 24 af
771 1099 10 35 $
793 1104 12 19 4
817 1103 55 19 intill

124 1138 46 20 dess
186 1138 122 19 densamma
323 1137 69 19 blifvit
411 1137 56 19 inom
491 1137 154 26 Ridderskapet
660 1137 40 20 och
716 1137 69 20 Adeln
802 1137 71 19 disku-

123 1171 65 25 terad,
212 1171 38 20 och
271 1171 125 19 besvarades
414 1170 70 20 denna
502 1171 129 25 proposition
653 1171 47 19 med
716 1170 157 26 öfvervägande

123 1205 151 26 röstpluralitet
291 1204 71 26 jakan
374 1204 36 20 de.
783 1210 4 4 .

189 1239 131 25 Föredrogos
336 1239 38 19 och
391 1238 111 20 bordlades
519 1238 29 19 till
565 1238 65 20 första
649 1239 156 19 sammanträde
820 1238 53 19 efter

123 1273 41 20 den
180 1273 26 19 23
223 1273 40 25 Maj
285 1272 91 26 följande
397 1272 45 19 från
457 1271 149 27 Lagutskottet
620 1272 32 19 till
668 1272 88 20 Ståndet
771 1271 104 20 inkomna

124 1307 160 20 betänkanden
273 1303 15 34 :

192 1341 40 19 1:o.
261 1340 10 19 I
286 1341 115 25 anledning
424 1341 22 18 af
467 1320 83 46 Nådiga
572 1340 166 26 propositionen,
761 1339 112 26 angående

124 1375 147 26 upphäfvande
286 1374 23 19 af
322 1375 19 24 4,
358 1375 11 19 5
386 1374 38 19 och
441 1375 11 19 6
469 1376 22 22 $$
507 1374 26 19 24
550 1374 48 25 kap.
615 1374 22 19 B.
655 1374 22 19 B.
692 1375 56 18 samt
767 1373 108 26 åtskilliga

122 1409 134 20 härförinnan
280 1408 124 20 meddelade
424 1408 131 26 stadganden
578 1414 34 13 om
628 1408 84 19 härads-
729 1407 40 20 och
784 1407 89 20 -sockne-

123 1442 253 26 brandstodsföreningar.
