1070 1786
407 133 42 17 Den
462 132 21 17 18
495 133 43 22 Maj.
700 151 3 4 ä
786 134 44 18 1243

169 191 33 19 2:0
213 190 23 20 af
243 196 78 14 samma
330 189 47 27 dag,
385 189 146 20 innefattande
539 189 98 24 Ständefs
646 190 69 20 beslut
723 191 7 19 i
739 191 115 26 anledning

102 225 23 19 af
144 224 83 27 Nädiga
249 223 157 27 propositionen
430 223 110 26 angäende
563 230 30 19 ny
615 224 67 27 sjölag
705 224 33 20 för
757 225 97 20 Finland.

170 259 32 19 3:o
224 259 61 19 äfven
305 258 23 19 af
344 257 40 20 den
403 258 22 19 11
443 257 48 26 Maj,
507 257 7 20 i
530 257 115 28 anledning
660 258 24 20 af
697 265 26 13 en
740 258 114 21 Allmänna

102 292 202 20 Besvärsutskottets
323 291 125 20 hemställan
465 291 6 19 i
487 291 73 28 frägan
577 297 33 13 om
626 298 124 20 gemensam
764 293 89 26 petition

102 326 23 20 af
145 326 95 26 samtlige
263 326 92 20 Ständen
379 332 33 13 om
436 324 130 21 afskaffande
585 325 53 27 eller
658 326 137 27 nedsättning
815 326 39 20 och

100 361 96 25 jemnare
212 360 119 26 fördelning
347 359 23 20 af
382 358 142 27 postarvodet.

171 395 33 19 4:0
227 394 23 20 af
270 400 79 13 samma
370 393 47 26 dag,
433 393 111 26 angående
559 393 74 20 remiss
648 393 31 20 till
696 394 159 20 vederbörande

102 428 86 20 Utskott
211 428 23 20 af
250 428 82 26 Nädiga
352 427 165 26 propositionen,
534 427 111 26 angäende
660 427 140 28 tillverkning
815 428 39 20 och

104 462 123 26 försäljning
243 462 23 20 af
279 462 27 26 öl,
322 463 70 25 porter
408 461 39 20 och
463 461 66 20 andra
541 462 56 25 jästa
612 461 98 26 drycker.

172 497 32 19 5:0
228 496 61 20 äfven
312 496 23 20 af
354 496 64 26 sagde
438 495 49 26 dag,
507 502 34 13 om
562 495 154 21 Sammansatta
735 496 64 20 Stats-
815 497 40 20 och

102 530 231 20 Ekonomieutskottets
356 529 297 27 sammanjemkningsförslag
672 530 5 19 i
696 530 116 28 anledning
835 531 23 19 af

102 564 84 27 Nädiga
207 564 165 27 propositionen,
395 563 110 27 angäende
526 564 73 26 anslag
619 564 23 19 af
655 564 200 27 bevillningsmedel

104 598 32 20 för
152 598 71 21 blinda
238 598 62 20 barns
316 598 151 25 undervisning
483 598 40 19 och
540 598 127 26 uppfostran.

173 634 32 18 6:0
225 632 23 20 af
265 632 40 20 den
328 632 24 19 13
368 632 48 26 Maj,
432 631 150 20 innehällande
598 631 98 20 Ständets
711 632 72 20 beslut
797 632 6 19 i
819 638 36 14 an-

105 666 87 27 ledning
212 667 23 19 af
248 666 81 26 Nädiga
344 666 164 26 propositionen,
524 665 110 27 angäende
650 665 65 20 stads-
733 666 39 20 och
788 666 67 20 landt-

105 700 157 26 mannafartygs
279 700 139 20 likställande.
515 704 7 6 Z

174 735 32 19 T:o
222 734 22 20 af
257 740 79 14 samma
351 734 48 26 dag,
415 732 111 27 angäende
541 733 74 20 remiss
631 732 31 20 till
678 733 87 21 Utskott
780 734 23 20 af
815 733 40 20 Nä-

105 768 50 26 diga
170 768 155 26 propositionen
342 774 33 13 om
392 767 125 20 utfärdande
533 767 22 20 af
569 774 25 13 en
607 767 81 27 stadga,
698 768 92 20 rörande
801 768 55 20 flott-

105 802 51 26 ning
172 802 22 19 af
207 802 133 26 skogsalster.

174 836 32 19 8:0
228 836 78 26 jemväl
326 835 22 20 af
366 835 40 20 den
428 835 25 20 13
469 836 48 25 Maj,
534 835 112 27 angående
662 836 41 19 den
719 836 58 20 inom
793 838 63 18 samt-

105 869 43 26 lige
168 869 92 20 Ständen
277 869 75 20 väckta
366 870 118 25 petitionen
500 869 132 20 beträffande
648 869 208 27 skollagstiftningen

107 903 38 19 och
161 903 264 26 undervisningsväsendet
439 903 7 19 i
461 903 79 20 landet.
581 929 2 2 .

174 937 33 19 9:0
230 937 22 19 af
270 937 39 19 den
332 937 24 19 14
375 937 48 26 Maj,
439 943 33 14 om
489 937 207 26 sammanjemkning
710 937 24 20 af
747 937 26 20 de
789 937 70 20 skilda

106 970 104 20 Ständens
227 971 67 20 beslut
309 971 6 19 i
331 971 73 26 frägan
420 977 33 14 om
469 977 122 20 gemensam
610 971 95 26 petition,
721 971 90 20 rörande
826 973 31 17 ut-

106 1004 101 20 färdande
230 1005 23 19 af
273 1011 25 13 en
318 1005 34 26 lag
372 1005 110 26 angäende
503 1005 96 20 vilkoren
623 1005 31 19 för
667 1004 190 27 jernvägskonces-

107 1039 75 19 sioner.

175 1072 66 20 Herr
260 1073 164 19 Talmannen
442 1073 97 26 föredrog
555 1072 32 19 till
601 1072 88 20 Ständet
699 1072 114 20 aflemnadt
824 1072 35 20 be-

109 1106 105 21 tänkande
230 1106 27 27 pä
272 1106 91 20 svenska
379 1106 86 27 spräket
479 1107 8 18 i
503 1106 115 26 anledning
634 1106 23 19 af
669 1106 57 19 Hans
740 1106 120 26 Kejserliga

109 1141 107 25 Majestäts
231 1140 83 27 Nädiga
329 1141 129 25 proposition
475 1147 33 12 om
525 1139 253 26 kommunalförvaltning
788 1139 7 20 i
806 1139 53 26 stad,

108 1175 87 25 afoifvet
206 1174 22 19 af
238 1174 34 19 det
283 1174 31 19 för
324 1174 97 20 ärendets
433 1174 118 26 beredning
560 1173 88 20 tillsatta
656 1173 104 19 särskilda
767 1173 92 19 Utskott.

176 1208 67 20 Herr
263 1208 138 20 Molander
416 1207 78 26 anhöll,
510 1209 30 18 att
556 1207 57 20 detta
628 1207 78 19 ärende
722 1206 65 20 mätte
798 1206 61 20 bord-

109 1243 71 26 läggas
196 1242 30 19 till
242 1242 105 26 Tisdagen
363 1242 41 19 den
420 1243 23 19 21
462 1241 145 20 innevarande
622 1241 49 26 Maj.
838 1249 12 10 o

176 1275 65 20 Herr
260 1276 139 20 Fabrifius
419 1275 66 27 ansåg
506 1277 30 18 att
554 1275 27 20 dä
597 1275 35 20 det
647 1275 68 20 finska
730 1275 131 26 exemplaret

107 1311 24 19 af
137 1309 151 29 betänkandet
304 1313 54 16 ännu
374 1309 48 20 icke
438 1310 90 19 kommit
543 1309 89 20 Ständet
647 1309 110 26 tillhanda,
773 1309 89 20 ärendet

107 1344 72 25 borde,
195 1344 6 19 i
218 1343 99 20 afvaktan
340 1343 71 26 derpä,
432 1343 31 20 för
483 1344 27 19 de
529 1343 69 20 finska
613 1343 85 20 talande
712 1343 148 20 medlemmar-

111 1384 37 13 nes
167 1377 22 19 af
204 1377 88 20 Ständet
306 1377 61 26 skull,
384 1377 127 26 bordläggas
526 1377 27 26 pä
569 1377 65 26 nägot
648 1377 74 26 längre
738 1377 37 26 tid,
791 1383 70 14 exem-

107 1411 71 27 pelvis
193 1410 32 20 till
240 1411 66 20 andra
320 1411 84 26 plenum
420 1411 7 19 i
443 1413 60 18 nästa
518 1411 73 20 vecka.
