1070 1786
213 159 45 18 1128
509 160 42 16 Den
563 161 22 16 14
598 160 42 23 Maj.

188 217 107 20 återresan
311 217 65 26 ingen
394 216 91 25 kaplake
502 217 49 20 stått
566 220 30 17 att
612 218 96 25 förtjena,
724 218 62 19 äfven
803 223 33 13 om
849 217 40 20 han
900 217 47 20 fort-

187 251 88 20 farande
298 251 40 20 fört
360 251 99 26 fartyget,
483 251 23 20 så
525 258 50 13 vore
595 251 35 20 det
646 252 92 26 oskäligt
754 253 29 18 att
799 251 57 27 gifva
871 252 76 19 honom

187 285 69 25 någon
274 285 65 19 sådan
356 285 32 19 för
403 285 70 19 denna
488 291 51 13 resa.
557 285 96 26 Kaplake
669 289 23 15 är
708 292 25 12 en
744 285 99 25 inkomst,
858 291 43 13 som
914 285 33 19 be-

188 324 34 14 ror
245 318 23 20 af
289 319 55 19 vinst
366 319 39 19 och
422 318 73 20 förlust
510 319 39 19 och
565 326 44 12 som
626 320 83 19 derföre
725 320 19 25 ej
760 319 41 19 kan
817 318 28 27 på
859 318 87 20 förhand

188 352 23 19 så
228 358 55 20 noga
299 353 131 19 bestämmas.
460 353 162 20 Befälhafvaren
640 354 64 19 måste
721 353 82 20 således
821 352 127 20 underkasta

187 386 32 26 sig
240 386 120 26 äfventyret
376 386 84 21 dervid;
481 393 46 13 men
549 386 39 20 den
610 387 80 19 förmån
710 393 62 19 synes
788 387 43 25 mig
848 385 99 26 billigtvis

187 420 19 25 ej
231 420 51 19 böra
305 420 76 20 honom
405 420 113 26 fråntagas;
541 422 30 17 att
586 420 98 26 kaplake,
702 420 26 19 då
743 420 39 20 den
799 420 50 19 stått
863 421 30 17 att
908 418 40 19 för-

188 453 97 26 förtjena,
305 453 187 26 tillgodokommer
512 453 77 20 honom
610 453 32 20 för
662 454 48 19 hela
730 454 39 19 den
785 454 29 19 tid
830 454 41 18 han
887 459 60 13 anses

190 487 51 19 böra
257 489 94 18 ersättas.
461 500 2 2 :

255 520 53 20 Herr
328 520 169 20 Granström:
517 520 74 20 Såvidt
608 522 37 25 jag
666 522 78 20 erfarit,
763 522 38 18 har
816 528 26 13 en
859 521 86 25 fartygs-

188 554 143 20 befälhafvare
347 554 65 20 också
428 554 65 20 andra
509 554 106 21 förmåner
632 558 25 17 än
674 555 34 20 lön
725 555 38 20 och
780 555 97 26 kaplake,
891 561 55 13 nem-

187 589 55 25 ligen
264 589 32 19 för
311 589 168 25 kajutfurnering
495 589 99 26 vanligen
612 590 26 18 40
655 589 59 19 mark
731 589 5 19 i
754 589 109 24 månaden,
879 589 23 18 så
917 590 27 17 att

188 622 54 20 hans
258 622 94 27 aflöning
367 622 59 20 alltid
444 622 38 20 blir
498 624 65 18 större
579 626 26 16 än
622 626 153 23 styrmannens.
805 622 94 26 Kaplake
917 625 29 16 ut-

188 656 61 20 faller
261 656 50 20 först
325 656 64 20 sedan
403 656 74 25 lasten,
486 656 31 19 för
526 656 85 20 hvilken
622 657 39 19 den
673 656 111 25 beräknas,
793 656 68 20 blifvit
872 656 74 19 levere-

187 690 35 19 rad
239 690 40 19 och
295 690 59 26 utgär
370 690 35 19 vid
422 690 77 23 haveri,
516 690 73 19 endast
605 690 31 20 för
653 691 57 19 tiden
721 690 54 20 intill
787 690 100 25 haveriet,
899 696 45 13 men

186 724 48 19 icke
250 723 68 20 såsom
334 724 34 19 lön
385 724 61 19 äfven
463 724 98 20 derefter.

254 757 53 19 Herr
326 757 104 26 Sjöros:
453 758 30 18 Då
500 757 59 27 fråga
575 758 83 26 engång
674 758 70 19 blifvit
759 757 62 21 väckt
836 764 33 13 om
886 758 59 19 huru-

186 792 48 19 vida
250 792 104 26 skeppare
370 792 62 19 äfven
450 791 37 20 bör
503 791 20 19 få
539 792 117 25 ersättning
679 792 32 18 för
734 792 173 26 kajutfurnering,
925 792 23 19 så

185 826 59 19 torde
260 826 70 19 denna
345 825 59 27 fråga
418 825 71 20 säkert
506 825 71 20 kunna
587 826 82 25 afgöras
680 832 76 20 genom
766 826 121 25 jemförelse
899 826 45 19 med

186 860 25 19 de
232 860 138 26 stadganden,
391 866 44 13 som
457 859 114 20 bestämma
591 866 33 12 om
645 860 117 25 ersättning
784 859 21 19 åt
825 860 119 26 besättning

187 894 31 19 för
239 893 113 20 enahanda
370 892 49 26 fall;
436 893 75 20 hvaraf
526 893 98 26 framgår,
640 895 31 18 att
685 893 170 26 kajutfurnering
875 896 22 17 är
920 900 24 13 en

188 927 88 26 förmån,
292 927 31 20 för
339 927 86 20 hvilken
442 927 103 26 skeppare
561 928 18 25 ej
597 927 36 20 bör
649 929 94 18 ersättas.
773 927 30 19 En
821 927 79 26 sjöman
917 928 28 19 af-

189 961 77 20 skedas
285 963 48 18 utan
350 961 45 20 skäl
412 961 38 20 och
466 961 32 20 får
513 961 83 20 derföre
612 961 22 20 så
650 961 38 20 och
706 961 23 20 så
745 961 76 26 många
836 962 110 19 månaders

187 996 59 25 hyra,
263 1001 46 14 men
327 994 64 27 några
406 995 167 26 kostpenningar
588 995 31 19 får
636 995 39 19 han
692 995 26 26 ej.
748 995 50 19 Häri
815 998 22 17 är
856 995 88 24 således,

184 1029 127 20 åtminstone
327 1029 67 26 enligt
410 1029 46 19 mitt
471 1029 70 25 tycke,
557 1029 61 26 lagen
635 1029 68 26 tydlig
720 1029 38 19 och
774 1029 51 19 klar.

254 1063 58 20 Efter
333 1063 67 19 slutad
421 1062 126 26 diskussion,
567 1063 128 19 framställde
711 1062 53 20 Herr
782 1063 162 20 Talmannen

184 1094 94 33 följande
823 1091 7 6 N

253 1131 187 26 Proposition:
456 1131 130 20 Godkänner
601 1131 87 20 Ständet
704 1133 9 22 $
730 1131 26 20 56
772 1131 64 19 sädan
853 1132 39 19 den
910 1132 35 19 fin-

186 1173 36 12 nes
243 1165 126 20 formulerad
392 1165 28 19 uti
441 1165 117 20 Utskottets
579 1165 147 20 betänkande?
742 1165 51 19 eller
808 1165 35 19 vill
861 1165 84 20 Ständet

184 1200 156 19 återremittera
360 1199 121 19 densamma
501 1198 30 20 till
547 1198 108 20 Utskottet
672 1199 31 19 för
719 1200 30 18 att
764 1204 76 20 genom
857 1200 87 18 omredi-

184 1233 77 26 gering
277 1233 5 19 i
300 1235 29 17 ett
345 1232 51 19 eller
412 1233 63 18 annat
490 1232 101 19 afseende
607 1231 139 27 förtydligas?
779 1232 37 22 De,
833 1239 43 13 som
898 1233 48 26 vilja

184 1267 36 20 det
236 1267 56 19 förra
307 1272 61 13 svara
381 1266 38 25 ja;
435 1265 26 20 de
477 1271 44 14 som
538 1265 67 20 önska
620 1265 36 20 det
671 1272 75 13 senare
762 1267 49 24 nej.

255 1300 159 27 Propositionen
432 1299 127 20 besvarades
575 1299 47 20 med
639 1299 156 26 öfvervägande
805 1301 36 24 ja,
853 1300 30 19 till
896 1301 48 25 följd

185 1335 75 19 hvaraf
274 1334 89 20 Ständet
378 1332 130 20 förklarades
525 1333 63 19 hafva
603 1333 79 26 antagit
703 1335 5 22 $
725 1333 25 20 56
767 1333 6 19 i
789 1334 94 26 enlighet
899 1335 46 19 med

184 1369 119 20 Utskottets
319 1367 85 26 förslag.

252 1401 120 26 Föredrogs
396 1407 25 13 en
445 1400 110 19 skrifvelse
579 1400 45 19 frän
641 1400 163 20 Bankutskottet
820 1401 23 19 af
855 1401 39 20 den
912 1403 10 18 8
940 1403 4 18 i

185 1437 70 19 denne
272 1435 84 26 månad,
372 1434 58 19 hvari
447 1433 100 26 anmäles,
563 1436 30 17 att
609 1433 168 27 Bankutskottet,
794 1435 66 26 enligt
875 1435 70 20 derom
