1070 1786
418 144 40 17 Den
471 145 11 16 4
497 145 42 21 Maj.
800 145 33 18 921

101 211 33 14 om
151 205 51 19 huru
218 202 110 21 utländske
346 205 46 16 män
409 202 68 20 skulle
495 201 21 20 få
531 201 69 20 drifva
614 201 142 27 köpenskap
747 197 12 36 i
771 203 84 26 landet;

101 239 24 20 så
139 239 61 20 äfven
217 238 34 19 vid
268 237 69 20 denna
352 236 101 26 landtdag
468 237 6 18 i
490 236 158 26 propositionen
666 243 32 13 om
720 238 133 25 propriebor-

103 279 50 20 gen;
170 273 36 19 der
222 271 104 20 önskades
342 277 26 13 en
385 270 123 27 fullständig
524 270 148 27 omarbetning
687 271 23 20 af
723 277 26 14 en
765 273 44 18 stor
819 273 34 19 del

103 306 22 20 af
141 307 23 19 10
181 306 89 26 kapitlet
284 305 25 19 H.
325 304 23 20 B.
378 304 43 20 Här
436 306 23 17 är
475 311 28 12 nu
519 304 61 26 fråga
595 311 33 13 om
640 306 30 18 att
680 304 90 21 afskaffa
781 306 72 20 börds-

102 343 76 23 rätten,
194 340 38 20 och
249 339 27 20 då
292 345 45 13 man
354 338 100 20 afskaffar
469 338 49 25 den,
534 338 53 20 låter
603 345 45 13 man
666 339 54 20 dock
736 346 26 14 en
776 342 76 26 mängd

101 375 24 19 af
139 374 84 21 dermed
240 376 51 17 nära
305 372 210 27 sammanhängande
531 372 145 20 förhållanden
692 374 84 26 gvarstä
788 387 23 3 —
825 378 30 18 ett

102 408 127 26 förfarande,
251 414 43 13 som
318 406 115 27 ingalunda
454 406 98 20 kommer
570 409 29 17 att
614 407 64 20 lända
692 408 161 28 lagstiftningen

101 443 32 19 till
150 443 94 25 fromma,
259 444 49 17 utan
325 441 30 19 till
371 440 72 20 skada.
473 441 47 19 Ena
535 440 90 27 gången,
641 441 27 19 då
683 448 25 13 en
724 442 33 20 del
773 443 24 20 af
810 444 43 26 lag-

102 477 123 26 stiftningen
242 476 5 20 i
264 478 30 18 ett
308 478 62 17 ämne
386 475 126 25 omarbetas,
528 477 38 24 gör
577 475 32 25 sig
620 482 25 13 en
655 476 81 26 princip
748 478 105 26 gällande,

103 518 26 12 en
146 517 68 13 annan
238 510 63 26 gång,
324 509 26 20 då
375 516 25 13 en
416 516 70 13 annan
503 509 34 20 del
557 509 125 26 omarbetås,
699 516 25 14 en
741 510 44 20 helt
801 514 52 18 mot-

103 547 42 18 satt
159 545 61 26 äsigt,
236 544 39 20 och
291 544 121 26 derigenom
429 543 21 20 få
466 544 19 18 vi
503 543 36 20 vår
545 543 140 28 lagstiftning
704 544 31 20 till
750 545 39 20 den
802 547 51 26 grad

104 579 75 26 lappad
196 579 39 19 och
252 578 120 26 principlös,
388 579 30 18 att
434 584 46 13 man
497 578 97 26 slutligen
611 579 19 25 ej
647 584 35 14 vet
696 582 65 17 annat
776 581 36 19 råd
827 584 26 16 än

103 615 32 18 att
155 613 45 20 läsa
215 613 40 20 den
271 612 89 25 utantill,
375 612 31 19 för
422 614 30 17 att
467 614 49 17 veta
532 612 54 20 hvad
602 612 74 26 lagens
693 613 116 27 stadgande
825 618 29 17 är.

103 647 41 27 Jag
167 647 37 20 ber
226 646 83 20 derföre
330 648 30 18 att
382 646 124 26 ytterligare
528 646 21 20 få
567 646 105 27 tillstyrka
689 648 130 26 antagandet
833 649 24 19 af

103 682 66 20 första
183 681 85 29 stycket
282 681 6 19 i
304 680 52 20 Herr
372 686 40 14 von
428 680 93 20 Hellens'
538 681 135 21 reservation.

171 715 41 27 Jag
228 715 37 19 har
280 714 72 20 hittills
368 715 19 25 ej
402 716 66 24 yttrat
484 714 44 27 mig
543 721 33 13 om
592 715 74 26 sjelfva
685 717 169 25 propositionens

105 750 95 25 detaljer,
219 756 47 13 men
288 749 36 19 ber
342 750 36 24 att,
394 748 61 20 äfven
472 749 45 19 deri
535 749 20 19 få
571 749 104 26 tillstyrka
690 751 130 26 antagandet
834 752 23 20 af

105 784 53 20 Herr
174 790 39 14 von
231 782 91 21 Hellens'
336 783 137 25 reservation,
489 783 32 19 för
537 783 40 20 den
593 784 100 20 händelse
712 786 31 18 att
761 786 94 26 proposi-

105 818 79 26 tionen,
200 818 6 20 i
223 818 53 19 hvad
300 817 39 20 den
362 817 64 26 angår
449 817 52 20 börd
517 817 23 20 af
553 818 167 26 landsfastighet,
739 819 68 21 skulle
824 820 29 20 till

105 855 67 17 större
195 852 52 20 eller
270 851 80 20 mindre
370 851 34 20 del
420 851 131 27 godkännas.
581 852 41 20 Det
636 852 24 20 af
674 852 96 22 bemälde
787 860 68 14 reser-

106 889 50 17 vant
171 886 6 19 i
193 886 64 20 andra
281 885 83 26 stycket
386 885 121 26 föreslagna
529 886 74 26 tillägg
626 886 30 19 till
672 887 64 19 första
753 888 102 26 punkten,

106 920 126 26 sålydande:
256 920 19 19 ”i
295 919 95 26 enlighet
412 919 101 20 hvarmed
538 919 145 20 bemärkelsen
707 921 23 19 af
751 921 105 28 bördköpt

104 955 55 26 jord,
175 955 37 19 der
228 954 64 20 sådan
308 954 7 19 i
330 953 35 27 lag
380 953 52 20 eller
447 953 106 20 särskilda
567 953 147 27 författningar
725 958 130 24 omnämnes,

103 989 80 26 jemväl
199 987 105 28 undergår
319 987 135 27 förändring?
470 994 63 13 anser
546 988 37 26 jag
599 994 50 13 vara
663 988 88 21 alldeles
764 990 92 19 ovilkor-

105 1022 58 27 ligen
180 1022 136 26 nödvändigt.
346 1020 135 21 Beträftande
497 1021 36 20 det
547 1028 74 13 senare
641 1023 95 26 tillägget
752 1023 36 20 har
803 1024 54 20 Herr

106 1057 105 20 Mechelin
227 1056 103 25 anmärkt,
346 1057 30 18 att
390 1056 37 19 det
441 1062 51 13 vore
507 1062 26 13 en
550 1056 110 25 sjelffallen
676 1057 45 26 sak,
736 1059 30 18 att
781 1064 26 13 en
822 1058 35 27 lag

106 1091 20 25 ej
142 1090 41 20 kan
206 1090 72 20 utöfva
300 1089 114 20 retroaktiv
436 1089 88 26 verkan,
539 1089 48 20 icke
603 1090 40 20 kan
660 1091 150 27 tillämpas.på
825 1093 32 19 så-

107 1125 55 19 dana
184 1124 142 27 rättegångar,
348 1130 44 13 som
416 1124 65 26 gjorts
497 1124 121 27 anhängiga
632 1124 45 20 före
696 1125 161 27 författningens

107 1158 177 27 promulgerande
299 1158 51 19 eller
366 1158 41 19 den
424 1158 47 26 dag,
488 1157 27 20 då
531 1157 40 20 den
588 1158 54 20 trädt
658 1159 6 19 i
679 1159 99 26 gällande
794 1159 63 21 kraft.

108 1192 47 20 Men
179 1192 43 27 mig
244 1192 126 20 åtminstone
392 1198 70 19 synes,
485 1193 32 18 att
535 1191 37 20 det
591 1192 113 26 anspråket
719 1193 86 26 mycket
820 1194 37 20 lätt

108 1226 40 20 och
164 1226 48 20 med
228 1226 36 27 fog
283 1226 69 20 kunde
374 1226 132 26 framställas,
522 1227 31 18 att
568 1232 33 14 om
618 1226 64 27 köpet
696 1226 56 21 skett
767 1228 90 27 tidigare

107 1263 27 17 än
151 1261 39 20 den
208 1267 42 20 nya
269 1260 151 27 författningen
438 1263 115 23 emanerat,
573 1261 39 19 och
628 1260 88 21 sålunda
731 1261 126 27 rättigheten

108 1295 31 20 till
162 1295 52 20 börd
237 1294 124 21 förefunnits
380 1295 65 19 redan
462 1295 45 19 före
523 1295 161 26 författningens
701 1295 158 28 utkommande,

107 1335 26 13 en
149 1329 66 19 sådan
231 1329 100 26 rättighet
346 1328 48 20 icke
410 1328 71 20 kunde
497 1335 77 20 genom
591 1335 24 14 en
632 1329 129 26 författning,
773 1335 43 14 som
827 1331 31 19 in-

106 1363 88 27 genting
210 1363 72 20 derom
298 1365 68 24 säger,
382 1369 61 14 anses
459 1369 51 14 vara
525 1363 100 26 upphäfd,
641 1363 98 20 hvarföre
755 1363 19 20 vi
790 1363 69 22 skulle

107 1398 72 19 kunna
201 1399 64 17 vänta
286 1399 31 18 att
334 1397 20 20 få
374 1397 74 27 afgöra
465 1397 144 26 bördstvister,
624 1403 44 14 som
684 1397 83 26 grunda
785 1397 32 27 sig
832 1399 28 25 på

107 1432 31 19 för
154 1431 33 25 30,
204 1430 26 20 40
244 1431 23 25 ja
282 1431 81 20 kanske
381 1432 39 19 100
435 1431 23 20 år
473 1431 90 20 tillbaka
577 1431 103 20 afslutade
696 1431 64 20 ehuru
777 1433 18 24 ej
815 1433 43 26 lag-

151 1467 61 18 Vällofl.
226 1467 139 20 borgareståndets
375 1467 84 19 protokall
470 1467 96 20 landtdagen
580 1468 42 14 1872.
794 1465 22 16 59
