1070 1786
213 159 33 17 786
491 157 42 17 Den
545 156 22 18 22
580 155 60 24 April.

190 217 130 21 förbindelse
343 215 48 20 icke
414 215 89 20 allenast
527 213 68 20 såvidt
617 213 42 20 den
683 216 34 17 rör
736 213 130 27 borgenären
887 214 53 26 sjelf,

191 255 49 17 utan
256 251 62 20 äfven
335 249 210 25 medlöftesmännen,
565 247 110 26 anmärka,
696 249 30 18 att
742 249 36 25 jag
798 248 32 19 för
848 249 42 18 min
906 248 34 19 del

191 287 47 19 icke
254 285 24 19 så
293 283 82 21 förstått
391 283 90 20 nämnde
496 285 17 23 $,
529 284 49 18 utan
594 282 22 19 så
632 284 30 17 att
674 282 104 26 borgenär
789 282 74 19 endast
872 281 68 20 skulle

192 320 71 20 kunna
279 319 75 25 fritaga
370 324 25 13 en
412 317 110 19 löftesman
539 316 44 20 från
600 316 26 20 de
647 316 147 26 -skyldigheter
813 316 41 19 han
873 315 67 20 iklädt

190 355 32 25 sig
246 355 57 18 emot
326 352 138 25 borgenären,
485 351 107 19 hvaremot
608 350 52 20 hans
676 350 129 20 förbindelse
821 352 44 17 mot
883 350 55 19 med-

191 388 154 20 löftesmännen
368 386 59 20 alltid
449 385 68 19 skulle
540 384 83 26 qvarstå
641 384 102 20 orubbad.
777 384 37 19 Att
830 384 110 25 borgenär,

192 429 43 13 som
253 420 88 21 sålunda
356 420 94 19 frikallat
464 426 26 13 en
506 419 118 25 löftesman,
640 418 76 26 skulle,
732 418 27 26 på
774 420 40 18 sätt
827 418 52 20 Herr
891 417 47 20 Wa-

192 456 71 20 senius
286 455 38 19 och
347 454 62 20 äfven
432 454 66 19 andra
513 453 22 19 af
548 453 98 20 Ståndets
662 452 137 20 medlemmar
813 452 68 26 yrkat,
897 452 44 19 helt

194 490 38 20 och
257 489 65 20 hållet
344 488 60 20 träda
418 488 6 19 i
440 488 40 19 den
503 487 111 19 frikallade
636 486 167 20 löftesmannens
819 486 66 26 ställe,
901 486 41 19 kan

192 526 38 24 jag
246 524 27 26 på
289 523 66 26 grund
372 522 23 20 af
408 522 53 19 hvad
475 522 38 26 jag
528 528 49 19 nyss
593 521 75 25 anfört,
684 521 49 19 icke
749 521 87 25 biträda,
853 520 38 20 och
907 520 34 20 det

194 558 23 20 så
233 557 86 27 mycket
335 556 82 20 mindre
433 562 43 13 som
493 556 58 19 detta
567 555 68 20 skulle
655 555 85 27 ingripa
758 556 5 19 i
780 556 26 19 de
821 555 67 26 öfrige
904 555 36 20 löf-

193 595 136 17 tesmännens
345 592 46 23 rätt,
408 590 39 19 och
462 590 35 18 det
513 589 42 20 ofta
570 589 70 19 kunde
656 589 76 25 hända,
748 591 31 17 att
794 589 39 19 den
853 589 88 26 fritagne

194 626 154 20 löftesmannen
368 630 50 13 vore
436 624 118 19 solventare
575 626 25 16 än
616 623 76 26 sjelfva
707 623 130 26 långifvaren
857 623 34 19 vid
907 623 36 19 det

195 660 89 26 tillfälle,
300 659 27 20 då
343 658 36 20 det
394 658 83 20 komme
496 658 7 18 i
518 657 59 27 fråga
596 660 30 17 att
645 657 100 20 återsöka
760 657 54 20 hvad
831 664 25 13 en
872 657 69 19 löftes-

195 702 47 12 man
259 694 82 20 utöfver
356 693 31 19 sin
404 694 73 24 anpart
492 692 73 26 erlagt.
596 692 79 25 Sjelfva
689 692 65 24 lånet,
773 692 68 20 såvidt
857 692 33 19 det
906 694 35 17 än-

196 736 26 12 nu
238 735 50 13 vore
304 727 95 20 obetaldt
414 726 71 20 kunde
499 726 81 19 kanske
601 726 85 19 dåmera
706 726 48 20 icke
773 732 50 14 vara
841 726 101 24 långifva-

194 770 48 13 rens
258 762 112 27 egendom,
385 762 49 18 utan
450 760 62 20 hafva
527 760 103 26 öfvergått
645 760 27 26 på
688 766 69 14 annan
774 766 48 14 man
842 760 100 26 antingen

194 796 132 26 fullständigt
348 801 77 21 genom
448 796 104 24 transport
574 794 51 20 eller
648 794 89 20 faktiskt
759 800 76 20 genom
851 794 91 26 pantför-

194 831 111 25 skrifning.

260 865 42 19 För
324 864 64 26 öfrigt
410 864 121 18 instämmer
551 863 37 25 jag
611 863 6 19 i
641 862 40 20 den
705 863 23 19 af
740 863 53 19 Herr
817 863 123 25 Tengström

195 898 130 21 framställda
340 897 55 26 åsigt
410 903 32 13 om
459 897 35 19 det
509 897 46 18 fullt
575 896 131 26 berättigade
725 897 28 19 uti
765 897 83 26 proprie
858 897 83 26 borges-

196 932 149 21 förbindelsers
364 931 106 26 ingående
493 931 38 19 och
550 933 29 17 att
599 931 36 19 det
655 937 50 14 vore
725 934 29 17 ett
773 931 91 26 orimligt
879 931 63 26 tvång

194 970 30 17 att
240 969 95 18 förmena
349 965 87 20 hvilken
453 965 87 26 myndig
555 971 76 20 person
648 971 44 13 som
704 965 55 20 helst
769 967 30 18 att
809 965 50 27 ingå
871 965 72 26 dylika

196 1000 144 21 förbindelser.
371 999 53 19 Herr
446 999 109 26 Nylander
577 999 37 19 har
636 999 87 19 anslutit
742 999 31 26 sig
792 999 31 20 till
841 999 101 20 Hofrätts-

195 1041 108 14 assessorn
319 1033 87 20 Muncks
422 1033 129 19 reservation
567 1033 39 19 och
622 1035 68 17 ansett
706 1033 41 20 den
766 1033 69 26 åsyfta
850 1036 29 17 ett
893 1040 49 19 upp-

196 1069 106 20 häfvande
317 1068 22 19 af
353 1067 55 20 hvad
424 1067 105 19 allmänna
544 1067 61 26 lagen
617 1067 85 25 stadgar
713 1073 33 14 om
758 1068 84 25 proprie
858 1067 86 26 borgen,

196 1106 48 17 utan
260 1105 31 17 att
306 1102 82 19 derföre
404 1101 64 26 sagde
483 1101 129 19 reservation
628 1101 68 19 skulle
712 1101 44 20 afse
771 1108 25 13 en
813 1101 64 20 sådan
898 1102 45 19 bor-

196 1144 52 20 gens
265 1135 134 21 förklarande
415 1135 31 19 för
461 1135 85 26 olaglig.
567 1135 36 19 Ett
618 1141 147 20 noggrannare
780 1136 164 26 genomläsande

196 1173 24 18 af
232 1170 158 21 reservationen
414 1169 55 19 visar
491 1169 61 25 dock,
576 1171 29 17 att
627 1169 54 19 Herr
704 1169 75 20 Munck
797 1170 50 25 sjelf
863 1170 81 19 förstått

196 1206 66 20 saken
278 1204 29 26 så,
323 1205 31 18 att
371 1202 116 27 ingåendet
508 1203 23 19 af
550 1203 84 31 proprie
655 1202 79 27 borgen
751 1204 122 26 visserligen
897 1204 47 19 icke

198 1240 64 20 borde
278 1239 35 19 vid
328 1244 76 13 ansvar
419 1237 114 26 förbjudas,
550 1244 47 13 men
613 1240 30 17 att
658 1237 40 19 slik
716 1237 78 27 borgen
809 1238 68 20 skulle
889 1239 55 19 med-

197 1273 45 20 föra
264 1273 64 26 ingen
352 1277 68 14 annan
445 1271 51 26 följd
519 1274 26 17 än
569 1271 47 26 laga
640 1271 86 26 borgen.
760 1273 85 25 Proprie
865 1273 78 26 borgen

198 1307 66 20 skulle
285 1306 62 20 äfven
366 1311 34 13 om
417 1305 40 19 den
474 1305 112 20 hänfördes
602 1305 30 20 till
648 1305 26 20 de
690 1305 40 20 fria
744 1306 85 26 aftalen,
848 1307 29 19 dit
893 1307 53 19 Herr

196 1341 109 26 Nylander
324 1339 57 20 velat
400 1339 67 20 räkna
486 1339 47 26 den,
552 1339 47 20 icke
615 1346 37 13 ens
667 1339 67 20 under
750 1340 69 20 denna
838 1341 53 19 form
907 1347 40 20 ega

198 1375 96 25 bestånd,
310 1376 48 17 utan
375 1373 51 20 hvar
442 1373 39 20 och
497 1380 33 19 en,
546 1380 44 13 som
607 1373 107 21 förbundit
728 1375 32 25 sig
776 1377 29 17 att
820 1375 32 19 för
867 1381 79 14 annans

199 1408 60 20 skuld
276 1414 88 13 ansvara
380 1407 68 20 såsom
464 1407 31 20 för
511 1408 31 19 sin
559 1415 61 19 egen,
640 1414 50 13 vore
708 1408 67 26 enligt
791 1409 52 19 Herr
861 1409 88 20 Muncks

199 1442 129 21 reservation
344 1441 99 20 frikallad
458 1441 45 21 från
520 1442 27 19 all
563 1449 68 13 annan
648 1442 129 20 förbindelse
793 1446 25 16 än
840 1443 47 26 den,
902 1444 49 25 laga
