1070 1786
236 145 34 19 958
533 146 41 18 Den
587 147 10 17 6
610 146 42 24 Maj.

214 203 75 20 dervid
311 203 69 27 fästat,
402 204 125 26 isynnerhet
549 211 45 13 som
616 204 49 21 icke
684 205 65 27 något
768 205 75 21 hinder
859 208 67 18 möter
940 205 27 21 de

215 237 73 26 Stånd,
312 237 72 20 hvilka
406 239 84 18 stannat
505 238 6 19 i
527 238 58 20 olika
607 238 85 27 mening
711 239 111 26 angående
840 240 128 26 petitionens

215 271 102 26 innehåll,
340 273 31 18 att
392 271 52 20 hvar
466 271 33 20 för
517 272 32 26 sig
567 272 99 20 framföra
684 273 32 19 till
734 273 59 20 Hans
807 274 98 26 Majestät
922 274 46 20 sina

215 304 80 28 åsigter
313 304 4 21 i
332 307 79 18 ämnet.
440 305 138 27 Antagandet
599 306 23 19 af
642 306 70 20 denna
734 306 135 28 inbjudning,
891 307 75 21 beträf-

215 339 64 20 fande
302 339 75 27 sjelfva
399 340 41 19 den
463 339 161 27 ifrågavarande
647 340 73 26 saken,
744 341 37 19 vill
796 342 38 26 jag
849 342 55 19 dock
919 342 48 20 icke

217 375 99 18 motsätta
330 374 50 26 mig,
396 373 24 20 så
435 373 86 27 mycket
536 374 81 20 mindre
636 380 45 14 som
696 374 74 26 frågan
787 378 22 16 är
824 375 23 19 af
859 374 108 27 jemförel-

216 407 56 19 sevis
294 407 62 26 ringa
378 406 45 28 vigt
445 407 32 20 för
495 407 184 27 Borgareständet.
708 408 34 20 Då
756 408 155 27 Ridderskapet
928 408 39 20 och

216 440 71 20 Adeln
303 442 54 18 samt
372 441 164 26 Bondeståndet,
552 441 73 20 hvilka
640 442 74 26 frågan
729 442 54 20 efter
794 443 45 20 mitt
850 443 117 20 förmenan-

217 474 27 20 de
260 476 92 18 närmast
367 478 41 22 rör,
424 475 95 27 godkänt
534 475 27 20 de
576 475 166 28 bestämningar,
757 483 44 13 som
817 477 50 26 ingå
883 477 29 19 uti
924 476 43 20 All-

218 511 78 17 männa
310 509 204 20 Besvärsutskottets
529 509 78 27 förslag
629 510 33 19 till
677 510 133 27 underdånig
824 511 96 26 petition,
938 510 30 20 äf-

217 549 42 13 ven
274 543 7 19 i
297 543 41 20 den
354 542 40 27 del,
420 543 37 20 der
474 543 184 27 Borgareståndet,
677 544 68 27 enligt
762 544 47 20 dess
825 545 90 26 tidigare
932 544 36 20 be-

218 577 47 25 slut,
282 579 68 18 ansett
365 577 33 27 sig
413 577 52 20 böra
479 577 46 20 från
536 577 116 26 petitionen
664 577 91 20 utesluta
764 578 104 20 särskilda
878 579 90 26 uttryck,

218 610 42 20 kan
281 612 37 26 jag
340 611 32 20 för
395 612 43 19 min
463 611 35 20 del
517 610 48 20 icke
581 611 63 26 åtaga
658 611 52 20 eller
726 612 72 20 ikläda
813 612 43 26 mig
871 614 99 18 ansvaret

220 646 32 19 för
268 647 30 18 att
312 645 96 27 afstyrka
424 645 58 20 bifall
498 645 31 19 till
545 644 112 20 utskottets
673 644 85 28 förslag,
773 645 70 21 såvidt
855 646 36 20 det
905 646 64 27 angår

219 679 76 27 sjelfva
309 678 381 27 räntepersedleomsättningsfrågan.

287 713 54 20 Herr
356 713 143 20 Mechelin:
521 712 41 27 Jag
582 712 42 20 kan
642 712 48 20 icke
710 712 48 21 dela
776 713 54 21 Herr
848 710 123 31 Öhrnbergs

219 747 141 27 uppfattning,
376 749 30 18 att
420 747 114 19 Allmänna
548 746 193 20 Besvärsutskottet
759 747 67 20 skulle
845 747 64 21 hafva
922 748 47 20 sak-

220 783 37 17 nat
271 780 46 20 skäl
332 783 31 17 att
377 781 33 19 till
425 783 30 18 ett
469 780 72 26 Stånd,
559 787 45 13 som
620 780 54 20 varit
688 781 24 19 af
725 780 109 28 skiljaktig
853 782 54 26 åsigt
922 783 7 19 i
944 789 25 13 en

220 814 168 28 petitionsfråga,
403 815 108 20 inkomma
526 814 48 20 med
589 814 133 27 inbjudning,
738 815 111 26 åsyftande
864 818 31 18 att
911 816 59 20 Stån-

221 848 37 20 det
272 848 68 27 skulle
352 848 75 27 jemka
442 849 36 19 sitt
493 849 68 20 beslut
576 848 31 20 till
623 848 95 27 enlighet
733 849 48 20 med
797 849 26 20 de
834 849 82 27 Stånds,
925 856 44 14 som

221 882 83 27 antagit
317 883 125 26 petitionen,
461 885 23 24 ty
503 889 33 14 om
557 889 48 13 man
620 883 37 18 vill
672 885 53 24 göra
740 889 26 13 en
781 883 84 20 skilnad
880 884 89 20 emellan

221 915 129 21 Ständernes
365 923 159 20 gemensamma
539 916 39 20 och
594 916 26 20 de
636 916 98 20 enskilda
752 916 105 21 Ständens
872 917 52 20 hvar
939 918 32 20 för

221 950 33 26 sig
269 950 82 27 ingifna
366 951 120 26 petitioner,
501 951 66 20 mäste
584 951 39 25 väl,
639 951 32 19 för
686 950 27 20 de
728 951 63 26 förra,
809 951 161 26 Ständsplurali-

221 986 31 18 tet
267 985 164 20 åstadkommas.
460 984 40 21 Om
515 985 41 19 alla
571 984 65 21 Stånd
651 984 52 20 eller
719 984 53 21 blott
787 986 31 19 tre
836 985 72 27 Stånd,
922 993 50 13 vare

221 1019 33 26 sig
277 1021 57 18 strax
357 1019 51 20 eller
428 1019 53 20 efter
495 1019 214 26 sammanjemkning,
725 1021 36 18 äro
776 1025 51 14 ense
845 1025 33 14 om
895 1026 25 14 en
935 1027 37 19 pe-

221 1053 69 26 tition,
305 1053 31 20 fär
352 1053 40 20 den
409 1053 127 20 karaktären
552 1053 23 20 af
588 1059 25 14 en
630 1052 129 21 Ständernes
769 1059 158 20 gemensamma
937 1061 36 20 pe-

222 1087 61 20 tition
306 1087 39 20 och
367 1087 42 20 kan
432 1087 123 27 derigenom
578 1087 80 20 erhälla
680 1089 68 17 större
769 1087 52 26 vigt,
841 1090 26 17 än
883 1092 33 16 om
932 1089 41 20 den

222 1121 126 21 framställes
364 1121 54 21 blott
432 1122 23 19 af
469 1123 30 18 ett
513 1121 65 21 Ständ
594 1121 51 20 eller
660 1121 41 20 ock
717 1121 23 20 af
753 1121 58 26 flere,
826 1128 47 13 men
885 1125 88 24 separat,

222 1155 28 27 pä
265 1156 58 20 olika
338 1157 42 19 sätt
395 1156 24 19 af
431 1155 69 21 skilda
515 1155 71 20 Ständ.
616 1155 44 26 Mig
678 1161 64 20 synes
765 1155 90 27 derföre,
877 1158 31 18 att
928 1157 45 20 All-

222 1192 78 17 männa
313 1190 194 19 Besvärsutskottet
522 1190 45 19 haft
581 1189 46 20 skäl
642 1191 30 17 att
688 1189 48 19 med
751 1189 26 19 de
787 1190 186 27 petitionsförslag,

223 1230 45 13 som
291 1224 31 19 till
344 1224 103 20 utskottet
468 1224 132 25 remitterats,
623 1223 79 20 förfara
719 1223 27 26 pä
764 1230 81 13 samma
863 1226 47 24 sätt,
928 1231 45 14 som

223 1258 49 19 med
288 1257 26 20 de
328 1258 84 27 Nädiga
426 1259 183 26 propositionerna
624 1257 96 20 förfares.
738 1257 61 20 Hvad
815 1257 45 20 äter
875 1259 99 20 särskildt

223 1292 41 21 den
280 1292 140 20 förevarande
435 1292 74 27 frägan
524 1292 138 25 vidkommer,
678 1297 64 20 synes
758 1291 42 26 mig
815 1293 31 18 att
864 1291 111 22 Allmänna

223 1326 193 21 Besvärsutskottet
430 1326 45 20 haft
490 1328 67 18 större
572 1326 45 19 skäl
633 1327 30 18 att
677 1325 88 26 inbjuda
781 1325 26 20 de
822 1325 70 27 begge
911 1327 65 20 andra

224 1361 93 20 Ständen
340 1362 30 18 att
388 1360 73 20 förena
481 1361 30 26 sig
530 1366 34 14 om
580 1359 189 27 Borgareständets
788 1359 69 20 beslut
871 1363 27 16 än
913 1363 62 19 tvert-

225 1401 41 18 om,
282 1396 23 24 ty
320 1394 62 20 dessa
397 1393 70 28 begge
482 1394 76 20 Ständs
574 1394 68 20 beslut
657 1393 43 20 kan
716 1393 86 26 mycket
817 1393 34 20 väl
861 1393 116 27 inrymmas

224 1429 57 19 inom
297 1428 194 27 Borgareständets,
506 1428 7 20 i
530 1428 138 21 betraktande
683 1427 25 20 af
720 1428 41 20 den
777 1427 130 22 allmännare
918 1430 59 27 form,
