1070 1786
450 169 39 16 Den
503 169 21 16 11
537 169 41 22 Maj.
817 171 43 17 1027

134 226 128 26 fullkomligt
277 226 65 26 tydlig
358 226 39 19 och
415 226 45 19 klar
475 226 7 19 i
499 226 58 19 detta
573 226 99 20 afseende
695 227 41 19 kan
750 228 37 25 jag
811 229 18 24 ej
846 235 35 13 an-

136 263 35 17 nat
187 263 25 16 än
236 260 113 26 godkänna
372 260 123 19 densamma
510 260 6 19 i
533 260 69 19 denna
624 261 34 19 del
678 261 64 20 sådan
759 262 39 19 den
816 263 67 25 lyder.

135 295 59 19 Hvad
211 295 44 19 åter
271 294 49 19 sista
337 295 114 18 momentet
467 293 105 25 beträffar,
588 300 60 14 anser
662 295 37 25 jag
715 295 55 19 såväl
787 296 40 19 den
843 297 39 19 Nå-

135 328 50 26 diga
200 328 163 26 propositionen,
380 334 43 12 som
443 328 54 18 Herr
520 328 77 25 Sjöros'
619 328 110 20 redaktion
753 330 61 19 deraf
834 336 50 14 vara

136 362 82 26 otydlig
240 364 54 17 samt
317 361 84 20 komma
423 362 29 18 att
474 361 147 20 åstadkomma
645 362 75 26 många
746 364 137 26 svårigheter,

135 399 29 17 att
187 396 48 20 icke
258 399 50 23 säga
330 396 148 26 omöjligheter
495 396 33 18 vid
546 396 166 26 tillämpningen,
729 397 96 20 hvarföre
839 398 43 26 jag,

135 430 123 20 anslutande
275 430 42 26 mig
333 430 31 18 till
379 429 76 20 Herrar
473 429 122 20 Lindbloms
615 430 39 19 och
672 430 67 20 Julins
758 431 53 27 åsigt
834 432 49 19 ville

136 464 112 20 formulera
263 466 31 22 $:n
311 463 98 19 sålunda:
425 463 95 20 ”Saknas
537 466 95 17 närmare
648 464 131 27 bestämning
796 472 32 13 om
841 466 41 24 det,

135 506 45 12 som
196 498 55 20 såldt
267 498 73 25 blifvit,
356 504 60 13 anses
431 498 42 19 alla
488 497 102 26 fartygets
607 498 98 19 tillbehör
721 499 29 19 uti
765 499 64 26 köpet
852 500 29 18 in-

135 533 109 26 begripna,
260 534 53 17 samt
328 532 113 24 dessutom,
457 532 44 19 ifall
518 532 69 25 fartyg
603 532 50 19 eller
669 532 61 20 andel
750 533 44 19 deri
818 534 64 18 under

136 566 114 26 påstående
266 573 46 12 resa
326 566 106 25 föryttras,
448 566 39 19 den
505 566 33 19 del
555 566 23 19 af
592 566 88 25 frakten,
696 573 44 13 som
757 568 18 25 ej
792 570 22 17 är
837 568 44 26 gul-

137 600 47 25 den,
200 600 27 19 då
242 600 64 25 köpet
321 599 68 19 sker.”

203 634 54 19 Herr
272 633 144 20 Lindblom:
440 634 31 18 Då
491 634 38 26 jag
549 640 61 13 anser
626 634 40 20 den
683 635 23 19 af
719 635 52 19 Herr
786 636 94 19 Boström

136 668 101 26 uppgifna
260 668 135 19 redaktionen
421 674 48 12 vara
492 667 118 27 lyckligare
632 671 26 17 än
678 669 39 19 den
734 670 22 18 af
770 670 41 24 mig
828 670 52 19 före-

135 702 80 26 slagna,
233 702 35 19 ber
281 702 36 25 jag
332 703 30 17 att
378 701 20 19 få
413 701 73 19 förena
503 702 42 25 mig
562 702 46 19 med
626 702 82 20 honom.

203 736 53 19 Herr
272 736 88 25 Sjöros
376 735 96 26 upplyste
495 737 37 21 att,
555 736 66 19 såsom
643 743 23 12 ur
686 737 51 19 hans
753 738 127 18 reservation

135 770 61 19 äfven
211 770 124 25 framginge,
352 769 51 19 hans
419 769 137 26 slutyrkande
571 770 64 26 ginge
652 774 20 15 ut
688 770 26 26 på
732 771 125 19 återremiss.

204 804 52 19 Herr
271 804 81 19 Julin:
369 803 31 19 Då
416 804 52 18 Herr
485 803 105 20 Boströms
606 804 109 20 redaktion
736 805 81 26 ganska
837 806 44 18 litet

135 838 73 26 skiljer
224 839 31 24 sig
272 838 43 19 från
332 838 49 24 min,
396 837 24 19 så
436 837 35 19 ber
487 838 62 19 äfven
563 838 38 25 jag
616 840 29 17 att
661 838 20 20 få
696 839 73 19 förena
780 839 42 25 mig
835 840 45 18 med

136 872 84 19 honom.

202 905 69 20 Sedan
288 905 75 20 Herrar
385 905 148 26 Lindblom,
555 905 69 20 Julin
648 907 39 18 och
710 906 124 26 Boström,
854 907 27 26 på

135 940 70 19 derom
222 940 24 19 af
258 940 52 19 Herr
325 939 157 20 Talmannen
500 939 63 20 väckt
583 940 64 26 fråga,
672 941 100 19 förklarat
787 941 32 26 sig
833 941 47 20 icke

135 974 62 19 hafva
213 973 64 26 något
292 976 29 17 att
336 973 101 20 anmärka
452 976 57 17 emot
525 974 84 26 frågans
632 974 194 20 äterremitterande
849 975 30 19 till

135 1008 112 25 Utskottet,
263 1008 6 19 i
286 1008 34 19 det
334 1008 24 19 af
370 1008 47 19 dem
434 1008 125 19 framhållna
574 1009 61 25 syfte,
652 1009 129 19 förklarades
800 1009 79 20 diskus-

134 1043 73 18 sionen
224 1042 88 19 afslutad
328 1042 38 19 och
383 1042 53 19 Herr
451 1042 155 19 Talmannen
623 1043 128 19 framställde
767 1043 30 19 till
821 1043 58 20 Stån-

135 1077 35 18 det
186 1076 92 25 följande
295 1077 162 25 propositioner:

202 1110 168 25 Proposition
389 1110 39 19 N:o
450 1111 17 18 1.
486 1111 46 18 Den
542 1117 44 12 som
596 1110 134 20 oförändradt
743 1113 88 23 antager
840 1111 39 19 för-

134 1146 31 17 sta
181 1146 113 17 momentet
311 1144 46 24 af
348 1140 16 35 $
374 1145 11 18 8
401 1145 110 26 angäende
527 1144 92 26 skriftlig
642 1145 133 25 afhandlings
796 1147 83 24 upprät-

134 1179 62 19 tande
208 1185 33 12 om
259 1178 41 25 köp
315 1178 23 19 af
351 1179 76 25 fartyg,
444 1181 66 17 röstar
523 1179 36 25 ja,
576 1179 39 19 den
632 1185 44 13 som
694 1179 34 19 vill
745 1179 68 19 dertill
829 1182 51 23 göra

134 1212 72 27 tillägg
229 1212 6 19 i
258 1212 36 19 det
315 1212 23 19 af
359 1212 76 19 Herrar
457 1212 71 27 Sjöros
551 1213 39 19 och
609 1213 54 26 Frey
683 1213 123 19 framhällna
825 1213 55 26 syfte

133 1253 71 12 svarar
220 1247 49 24 nej.

201 1280 56 20 Härä
273 1281 98 19 svarades
388 1281 45 19 med
450 1281 101 19 blandadt
563 1281 23 26 ja
601 1281 39 20 och
657 1282 40 25 nej,
714 1281 114 26 hvarjemte
845 1282 34 19 be-

133 1314 75 26 gärdes
225 1315 101 26 votering,
350 1321 43 13 som
414 1315 54 26 förty
488 1315 115 19 anställdes
619 1315 38 19 och
674 1315 58 20 utföll
749 1315 46 20 med
811 1315 27 20 21
854 1316 26 25 ja

133 1348 38 19 och
189 1349 27 18 14
233 1349 47 25 nej.

200 1382 167 26 Proposition
384 1383 40 20 N:o
439 1383 19 20 2.
488 1383 46 19 Den
557 1389 44 13 som
621 1383 36 19 vill
673 1383 112 26 godkänna
800 1383 79 25 jemväl

133 1417 35 18 det
190 1422 75 14 senare
286 1419 113 17 momentet
414 1417 22 19 af
450 1419 9 22 $
476 1417 11 19 8
504 1418 6 18 i
527 1417 135 20 oförändradt
678 1417 66 23 skick,
761 1423 70 14 svarar
844 1418 35 25 ja;

132 1451 40 19 den
188 1450 45 19 äter
242 1457 44 13 som
297 1451 76 19 önskar
382 1451 119 20 äterremiss
518 1451 61 20 deraf
593 1451 29 19 till
640 1451 106 20 Utskottet
760 1451 7 19 i
783 1454 30 17 ett
828 1451 51 20 eller
