1070 1786
210 149 45 32 1096
499 154 40 17 Den
553 154 22 17 14
586 155 42 22 Maj.

187 217 51 14 vore
254 211 86 26 skyldig
360 211 80 26 afgifva
463 211 138 27 redovisning
623 212 57 19 inom
703 218 25 13 en
749 211 75 21 månad
841 213 54 20 efter
910 213 36 20 det

185 245 124 26 lossningen
325 245 5 21 i
346 245 41 20 den
404 245 64 20 första
491 245 91 20 hamnen
605 246 101 19 afslutats.
740 245 72 21 Hellre
827 249 26 17 än
869 249 30 18 att
913 253 31 14 re-

186 285 48 14 sans
250 279 42 19 slut
306 279 88 20 sålunda
408 279 85 26 gjordes
516 279 105 20 beroende
645 280 23 19 af
686 280 74 25 lasten,
777 280 68 19 skulle
857 281 45 25 jag,
918 281 27 19 då

186 313 36 19 det
236 313 49 19 icke
300 316 23 16 är
338 312 74 25 lasten,
428 315 48 18 utan
500 313 99 26 fartyget,
614 320 44 12 som
682 320 64 18 reser,
769 313 50 26 vilja
839 313 105 21 bibehålla

186 349 31 22 S:n
233 347 7 19 i
257 346 48 20 dess
321 347 130 19 närvarande
467 346 67 21 skick.

254 381 54 19 Herr
323 380 109 20 Kurtén:
461 381 41 26 Jag
522 381 37 19 har
581 381 48 20 icke
649 381 81 19 kunnat
752 381 58 26 fatta,
833 384 31 18 att
879 381 64 27 något

185 414 145 20 missförständ
353 414 68 19 skulle
443 421 51 13 vara
517 415 82 26 möjligt
614 415 79 25 derom,
710 416 30 18 att
755 416 29 18 uti
801 418 10 22 $
827 417 25 18 51
869 416 75 20 endast

184 448 52 20 talas
252 455 34 13 om
304 448 78 26 fartygs
402 455 46 13 resa
471 450 46 19 med
541 449 100 20 afseende
664 450 13 19 &
692 449 144 21 befälhafvare
852 450 39 20 och
907 450 34 20 be-

184 483 106 25 sättning;
306 483 38 19 och
360 486 23 16 är
394 483 36 20 det
445 484 5 18 i
467 484 57 19 detta
535 484 99 20 afseende
648 484 37 26 jag
697 484 49 19 ville
758 484 63 20 hafva
833 484 108 26 bestämdt,

185 519 37 17 när
237 523 62 13 resan
316 516 53 20 skall
384 523 61 13 anses
461 517 74 20 slutad.
573 518 40 26 Jag
629 524 62 13 anser
714 517 19 26 ej
749 524 60 13 resan
826 517 68 21 slutad
911 519 31 19 för

183 551 71 26 fartyg
270 550 38 20 och
325 550 119 27 besättning
459 557 34 13 om
510 557 25 13 en
552 551 33 20 del
601 550 23 20 af
636 550 68 21 lasten
716 553 22 17 är
755 550 74 26 lossad,
846 554 48 17 utan
903 552 38 27 jag

182 591 69 18 anser,
268 585 67 19 säsom
352 585 53 19 Herr
420 585 71 25 Sjöros
513 585 65 19 ocksä
592 585 90 25 yttrade,
700 587 31 17 att
749 591 60 13 resan
826 586 65 19 slutar
906 593 34 19 ge-

184 625 46 13 nom
247 618 146 26 afmönstring,
416 624 47 14 men
481 618 35 20 det
538 621 22 17 är
583 618 59 27 fräga
665 625 33 13 om
716 621 37 17 när
769 619 40 19 den
825 619 54 19 skall
896 619 43 19 ske.

182 652 40 26 Jag
238 652 69 20 skulle
322 653 67 19 önska
405 653 20 19 få
447 653 57 19 detta
523 653 104 19 bestämdt
643 652 99 27 uttryckt,
758 653 96 22 emedan,
871 653 67 20 såsom

179 687 37 25 jag
233 686 65 20 redan
314 686 98 26 påpekat,
428 687 29 19 uti
473 688 10 22 $
499 687 26 19 79
542 686 106 26 uttrycket
665 686 68 20 slutad
749 693 47 13 resa
811 686 106 20 användes
933 687 6 19 i

182 720 34 20 två
232 720 58 20 olika
307 720 147 21 bemärkelser.

249 754 54 20 Herr
322 754 175 26 Tengström:
531 754 72 27 Enligt
626 756 91 24 antagen
740 754 39 20 och
803 754 134 20 häfdvunnen

181 788 43 26 sed,
240 794 62 14 anses
317 794 46 14 resa
383 788 68 19 slutad
474 788 43 26 der,
541 788 68 20 såsom
624 788 27 26 på
675 788 180 26 sjömansspråket
869 791 68 23 säges,

180 822 68 26 skepp
264 822 40 20 och
320 822 38 19 last
373 821 73 26 skiljas
468 822 27 19 åt.
525 822 92 20 Sålunda
639 822 63 19 hafva
725 822 75 19 orden:
827 822 50 19 ”när
891 828 47 14 resa

180 856 67 20 slutad
264 855 36 20 är”
315 861 79 14 samma
410 854 115 26 betydelse,
541 861 43 13 som
608 861 33 13 om
657 860 49 14 man
726 854 59 20 sade:
805 854 50 20 ”när
871 855 66 19 lasten

180 890 70 19 lossad
266 890 43 19 är”.
338 889 31 20 Då
386 889 36 19 det
436 888 110 19 anmärkta
569 888 107 27 uttrycket
698 888 65 20 likväl
783 888 41 19 kan
840 895 61 13 anses
916 895 20 13 o-

179 924 78 26 tydligt
272 924 40 19 och
328 923 99 26 möjligen
444 923 61 19 äfven
530 922 35 20 vid
581 923 89 19 domstol
686 922 71 19 kunde
773 922 76 26 uppstå
863 921 72 20 tvifvel

178 964 34 13 om
228 959 56 18 rätta
300 957 123 26 betydelsen
440 957 65 25 deraf,
516 956 23 20 så
554 963 50 13 vore
620 957 36 19 det
670 956 115 19 kanhända
796 956 97 26 lämpligt
907 958 30 17 att

178 997 26 14 en
230 994 96 17 närmare
350 991 133 26 bestämning
506 991 89 25 tillades,
619 990 54 20 helst
697 997 25 13 en
747 989 63 20 sådan
831 990 48 19 icke
895 990 41 20 kan

177 1025 95 20 medföra
289 1025 67 26 någon
372 1025 118 26 olägenhet.

246 1059 54 20 Herr
315 1059 167 20 Granström:
513 1058 41 27 Jag
569 1061 23 17 är
607 1059 23 19 af
647 1060 85 18 motsatt
756 1058 55 27 åsigt
825 1061 44 17 mot
883 1059 53 19 Herr

176 1094 125 25 Tengström
319 1093 130 20 beträffande
472 1092 107 26 uttrycket
601 1092 49 20 ”när
666 1098 48 14 resa
736 1091 67 20 slutad
824 1092 41 19 är”.
896 1092 40 19 Det

176 1128 40 19 kan
233 1127 48 20 icke
297 1134 49 13 vara
362 1127 93 20 hvarken
473 1127 68 26 billigt
555 1127 52 19 eller
626 1126 136 26 nödvändigt,
773 1128 30 17 att
817 1125 117 27 skepparen

176 1161 53 20 skall
248 1161 80 27 afgifva
350 1161 143 26 redovisning,
516 1161 64 18 innan
603 1167 61 12 resan
688 1160 65 19 slutar
768 1160 7 19 i
791 1166 54 19 egen
861 1160 74 25 hamn;

175 1196 19 24 ej
210 1195 67 19 heller
292 1193 28 21 'är
337 1194 146 24 besättningen
507 1194 117 26 berättigad
648 1196 30 17 att
693 1193 63 25 skilja
771 1193 32 26 sig
819 1193 55 19 förut
889 1194 45 19 från

175 1229 99 26 fartyget.
304 1228 31 20 Då
350 1228 67 19 likväl
433 1227 57 20 olika
513 1227 78 27 åsigter
613 1228 55 19 visat
692 1227 32 26 sig
739 1233 40 20 ega
794 1233 44 13 rum
855 1227 79 25 härom,

174 1263 23 19 så
212 1269 51 14 vore
279 1263 35 20 det
326 1263 22 25 ju
368 1262 44 19 skäl
429 1264 30 17 att
481 1268 26 13 en
531 1264 95 17 närmare
650 1261 133 26 bestämning
799 1261 87 20 insattes
902 1261 31 20 för

173 1297 138 26 aflägsnande
326 1296 22 20 af
361 1296 37 19 allt
413 1296 72 19 tvifvel
501 1296 7 19 i
525 1296 56 19 detta
597 1296 42 19 fall.
862 1293 3 3 N

241 1331 53 20 Herr
310 1331 104 19 Kurtén:
433 1330 41 26 Jag
496 1336 61 13 anser
582 1330 42 25 mig
643 1329 64 20 hafva
726 1328 23 20 sä
765 1329 86 26 mycket
865 1331 66 18 större

172 1364 46 19 skäl
234 1366 30 17 att
279 1364 53 26 yrka
348 1363 26 26 pä
390 1370 26 13 en
432 1363 132 20 bestämdare
580 1363 112 19 redaktion
703 1362 23 19 af
735 1369 26 12 nu
772 1363 160 26 ifrägavarande

172 1401 16 22 $,
204 1397 27 20 då
250 1398 35 19 två
304 1397 136 20 medlemmar
459 1397 23 19 af
495 1396 185 27 Sjölagsutskottet
696 1397 99 24 uppträdi
811 1397 46 18 med
874 1396 58 20 olika

172 1432 79 26 äsigter
272 1431 5 19 i
298 1431 57 20 detta
375 1431 43 19 fall.
454 1431 54 20 Herr
525 1431 124 26 Tengström
671 1429 112 20 definierar
806 1437 71 13 resans
893 1431 41 19 slut
