1070 1786
208 163 36 17 614
491 160 42 17 Den
546 160 21 17 13
580 159 60 23 April.

185 220 63 21 ställd
263 219 148 21 beskaffenhet
426 218 51 20 eller
492 217 55 21 icke.
578 217 51 20 Utaf
642 217 40 20 den
699 216 95 21 Svenska
806 216 132 26 författning,

184 255 38 26 jag
238 254 45 20 haft
298 253 82 20 tillfälle
396 255 30 18 att
441 254 48 25 taga
504 251 121 20 kännedom
641 257 40 20 om,
697 252 41 19 kan
750 251 63 19 äfven
827 251 110 26 inhemtas,

186 290 30 18 att
231 289 65 26 ingen
313 287 133 26 återvinning
462 286 120 20 sedermera
597 285 95 20 kommer
708 285 6 19 i
730 285 65 26 fråga,
811 285 86 19 hvilken
908 287 29 17 ut-

186 322 57 26 gång
262 322 65 19 saken
344 324 26 16 än
387 320 34 20 må
436 320 27 20 få.

254 356 62 20 Hvad
338 361 45 14 som
400 355 36 19 hos
457 354 42 26 mig
517 354 64 19 väckt
596 353 148 27 betänklighet
759 353 5 19 i
784 353 153 25 hufvudsaken,

185 394 23 16 är
231 392 65 18 sättet
317 391 30 18 att
369 388 117 20 bestämma
503 388 146 26 ersättningen
668 387 32 20 för
719 388 76 18 vittnes
811 393 52 14 resa.
894 387 43 27 Mig

186 424 83 27 tyckes,
293 425 30 18 att
346 422 27 21 då
392 423 36 20 det
442 422 85 27 engång
543 425 22 17 är
581 428 25 14 en
624 421 156 27 medborgerlig
797 421 52 26 pligt
864 421 32 19 för
911 427 25 13 en

186 460 51 19 hvar
253 460 31 18 att
298 457 84 20 inställa
397 457 32 26 sig
444 456 32 20 för
491 456 118 20 domstolen
626 456 68 20 såsom
711 456 72 24 vittne,
799 455 69 20 denna
883 456 53 26 jem-

185 493 68 20 likhet
277 491 105 20 måhända
404 490 65 21 borde
483 490 118 20 utsträckas
616 490 87 26 derhän,
719 492 30 17 att
764 490 73 26 hvarje
855 496 82 20 person,

186 526 87 20 hvilken
297 525 68 20 såsom
389 525 65 19 vittne
470 524 109 27 åberopas,
595 531 50 13 vore
661 524 86 26 skyldig
762 526 29 18 att
807 527 51 23 göra
876 530 60 14 resan

186 561 32 20 till
234 559 119 21 domstolen
370 561 48 18 utan
435 559 123 26 ersättning.
589 558 69 21 Sådan
673 558 140 27 likställighet
831 558 42 21 kan
889 558 47 21 icke

186 595 48 19 med
250 593 88 26 ledning
355 593 23 19 af
392 593 110 19 utskottets
519 593 133 19 betänkande
669 593 162 19 åstadkommas.
849 592 88 26 Obilligt

186 632 24 16 är
223 628 30 26 ju,
270 629 30 18 att
315 629 29 17 ett
360 627 73 25 vittne,
449 633 43 13 som
510 630 41 16 rest
566 627 77 26 fjorton
659 629 63 23 verst,
738 626 31 20 får
784 627 63 26 ingen
863 628 73 18 ersätt-

185 662 52 26 ning
260 662 32 19 för
317 662 30 18 sin
364 667 52 19 resa,
432 661 27 19 då
474 661 96 20 deremot
585 663 29 17 ett
630 661 72 25 vittne,
719 668 43 12 som
778 663 43 17 rest
839 667 26 13 en
881 662 56 18 verst

185 697 81 25 längre,
290 695 31 20 får
346 695 116 27 ersättning
485 695 32 20 för
539 695 72 26 hvarje
635 697 61 18 verst.
727 696 122 25 Ersättning
864 695 31 19 för
911 695 25 19 de

186 731 66 19 första
273 729 79 20 femton
377 731 55 17 verst
455 729 64 20 borde
541 729 81 20 kanske
642 729 83 20 derföre
741 730 19 25 ej
779 729 3 19 i
801 729 68 26 någon
886 729 50 19 hän-

186 764 58 20 delse
260 764 85 19 komma
361 764 4 18 i
382 763 65 26 fråga,
463 770 34 13 om
513 763 76 20 vittnet
605 763 37 20 bor
658 766 96 17 närmare
769 763 52 19 eller
832 763 104 26 fjermare.

186 798 50 20 Skäl
260 798 42 19 tala
324 797 55 20 dock
400 797 62 19 äfven
486 798 31 19 för
540 798 36 19 det
594 799 46 24 sätt,
660 797 27 26 på
703 797 81 20 hvilket
799 797 40 19 den
855 796 83 27 Nådiga

186 832 159 26 propositionen
362 831 39 19 och
411 831 100 20 utskottet
520 831 5 20 i
534 831 36 19 sitt
579 831 134 20 betänkande
722 831 121 20 formulerat
856 830 80 27 frågan,

185 866 98 20 hvarföre
292 866 35 26 jag
340 865 48 20 icke
404 865 34 19 vill
450 865 91 20 förfäkta
553 865 68 26 någon
638 865 110 27 skiljaktig
763 866 53 26 åsigt
826 865 51 25 deri,
887 867 47 17 utan

186 900 62 20 äfven
264 900 7 19 i
288 900 69 19 denna
372 899 35 20 del
422 899 92 20 ansluter
530 899 43 26 mig
589 899 31 19 till
639 899 112 20 utskottets
770 895 137 35 betänkande.

250 933 54 20 Herr
318 933 124 26 Procopé:
465 933 31 20 Af
513 933 146 26 ordalydelsen
679 933 58 20 såväl
754 933 27 19 uti
798 933 39 19 den
853 933 83 26 Nådiga

185 967 159 27 propositionen
368 973 44 14 som
436 967 28 20 uti
488 967 111 20 utskottets
626 967 134 20 betänkande
787 966 97 27 framgår,
907 968 30 18 att

188 1003 73 24 vittne,
277 1008 42 13 som
337 1001 69 20 blifvit
421 1001 61 20 hördt
498 1002 29 19 uti
543 1001 39 20 mål
599 1008 33 13 om
648 1001 78 27 gröfre,
742 1001 31 20 för
789 1001 106 20 allmänna
905 1003 30 17 sä-

186 1036 103 20 kerheten
305 1035 80 26 vådligt
401 1035 62 26 brott,
479 1035 54 20 skall
549 1035 140 27 ovilkorligen
706 1035 137 20 tillerkännas
863 1038 74 17 ersätt-

187 1071 51 26 ning
253 1070 23 19 af
289 1077 26 12 en
332 1069 59 20 mark
407 1070 31 19 för
454 1070 71 26 hvarje
541 1070 42 26 dag
599 1070 56 19 såväl
672 1071 32 18 för
721 1077 60 12 resan
793 1070 30 19 till
833 1070 39 19 och
883 1069 53 20 ifrån

186 1106 68 24 orten,
278 1110 43 13 som
337 1104 32 19 för
385 1104 173 27 uppvaktningen
575 1104 114 20 derstädes.
720 1104 43 26 Mig
781 1103 106 20 förefaller
903 1103 35 20 det

186 1139 72 25 likväl,
275 1140 30 17 att
320 1145 26 13 en
362 1137 24 20 så
401 1138 42 26 hög
459 1138 146 27 dagspenning
620 1139 48 19 icke
684 1139 48 19 med
748 1139 87 19 rättvisa
842 1138 42 19 kan
896 1137 40 20 till-

185 1173 106 19 erkännas
314 1179 25 12 en
363 1179 75 19 person
459 1172 31 20 för
512 1172 40 20 den
568 1173 61 19 korta
644 1173 28 19 tid
690 1172 24 20 af
726 1179 26 13 en
769 1172 51 20 eller
838 1179 37 19 par
891 1172 45 19 tim-

186 1213 50 19 mar,
258 1212 44 14 som
318 1206 50 25 ofta,
384 1206 123 26 isynnerhet
522 1206 6 19 i
545 1206 52 26 stad,
613 1206 50 26 åtgå
678 1206 32 20 för
726 1206 77 19 vittnes
821 1206 93 19 hörande
930 1206 7 18 i

185 1241 55 20 slika
255 1241 49 19 mål.
333 1240 182 26 Qvinnspersoner
537 1241 23 19 af
577 1241 99 26 tjenande
691 1241 85 19 klassen
793 1242 53 17 samt
864 1240 72 25 andra,

185 1282 45 13 som
253 1275 75 20 lifnära
351 1275 32 26 sig
405 1275 47 19 med
476 1275 78 25 arbete,
576 1275 63 19 borde
659 1275 6 19 i
681 1274 80 20 sådana
779 1274 36 19 fall
833 1273 48 20 icke
896 1274 40 19 till-

186 1310 96 19 dömmas
302 1315 44 14 mer
365 1311 27 17 än
412 1309 68 20 sextio
495 1310 13 19 å
523 1309 73 20 åttatio
612 1309 64 26 penni
692 1309 32 19 för
740 1309 39 19 den
796 1308 29 20 tid
845 1309 26 20 de
887 1315 50 20 upp-

186 1344 64 19 vakta
274 1343 34 20 vid
331 1343 124 26 domstolen,
480 1343 97 20 hvarföre
596 1343 39 20 och
651 1343 27 20 då
694 1343 35 20 det
744 1349 63 19 synes
825 1342 43 26 mig
884 1344 54 18 orätt

186 1381 30 17 att
231 1378 49 20 dem
296 1377 163 26 nödvändigtvis
475 1377 53 20 skall
544 1377 128 20 tilldömmas
693 1383 27 13 en
742 1376 58 19 mark
816 1376 7 19 i
839 1376 97 26 dagtrak-

186 1413 100 24 tamente,
306 1411 38 26 jag
366 1410 68 21 skulle
457 1411 73 26 önska,
547 1413 30 18 att
592 1411 28 20 uti
637 1410 144 21 betänkandet
799 1410 94 26 inginge,
908 1413 30 17 att

187 1445 143 26 ersättningen
346 1445 24 19 af
382 1444 86 21 Kronan
485 1445 67 20 skulle
569 1445 49 26 utgå
634 1445 46 20 med
697 1445 78 26 högst
790 1451 25 12 en
832 1444 57 19 mark
906 1445 31 19 för
