1070 1786
381 159 41 18 Den
435 159 21 17 16
470 160 60 21 April.
781 161 34 17 683

87 222 38 23 ter,
141 218 23 20 så
178 220 31 18 att
231 217 141 21 förhållandet
390 220 23 17 är
428 223 43 13 som
489 217 48 19 med
553 219 102 17 stammen
675 217 37 20 och
732 224 106 19 grenarna

88 254 5 19 i
111 255 29 18 ett
154 253 53 25 träd,
224 252 51 20 eller
291 251 120 27 ryggraden
428 252 39 19 och
482 251 104 19 refbenen
602 251 6 19 i
623 251 214 27 menniskokroppen.

156 287 53 19 Herr
228 293 43 13 von
280 285 179 27 Zweygberg:
478 285 9 19 I
507 285 67 19 likhet
594 285 46 19 med
657 285 53 19 hvad
727 285 110 27 föregåen-

89 320 26 20 de
131 320 65 20 talare
211 320 39 20 har
264 320 98 25 förordat,
379 325 61 13 anser
455 318 63 20 äfven
531 319 38 26 jag
584 318 80 27 frågan,
681 319 31 19 för
727 322 30 17 att
767 320 72 20 kunna

90 354 51 20 ernå
163 354 127 26 någonslags
312 354 88 25 klarhet,
424 353 50 19 böra
498 352 115 20 behandlas
639 353 51 19 först
711 353 24 19 af
752 353 87 21 Statsut-

90 388 78 20 skottet
183 389 6 19 i
206 388 99 20 afseende
321 388 12 19 å
349 386 115 20 utrönande
479 393 35 13 om
532 387 67 19 medel
616 387 112 20 förefinnas
743 388 30 20 till
782 389 57 25 jern-

92 426 73 24 vägars
181 422 120 27 byggande,
316 422 107 20 äfvensom
440 421 30 19 till
487 421 60 19 deras
564 421 108 20 underhåll
688 422 39 20 och
746 422 93 21 hetalan-

92 457 26 19 de
133 457 23 19 af
168 458 100 18 räntorna
285 456 27 26 på
330 456 25 19 de
372 455 110 26 kapitaler,
504 461 44 13 som
565 455 61 19 dessa
641 455 124 27 byggnader
781 457 58 20 kom-

93 497 34 13 ma
148 492 30 18 att
196 490 109 27 uppsluka.
335 490 59 19 Dock
414 496 43 13 som
473 489 68 20 andra
555 489 23 20 af
591 489 98 20 Ståndets
705 490 136 21 medlemmar

94 524 62 20 hafva
178 524 74 20 uttalat
274 525 31 25 sig
325 524 61 20 äfven
403 524 90 19 rörande
511 524 114 19 företrädet
641 524 23 19 af
677 524 40 20 den
733 532 42 13 ena
789 525 52 20 eller

94 559 66 20 andra
172 559 124 26 jernvägen,
312 558 22 20 så
349 558 60 20 utber
422 558 36 27 jag
475 558 44 26 mig
534 560 30 17 att
579 558 61 20 äfven
664 559 71 20 härom
755 560 21 19 få
791 562 52 25 säga

96 593 64 27 några
176 594 43 19 ord.
250 593 32 20 De
304 593 68 19 siffror
394 599 44 13 som
462 592 102 20 utskottet
583 593 36 18 här
635 593 103 26 framlagt,
760 594 31 19 för
807 594 34 19 be-

95 627 126 20 dömmande
236 628 22 19 af
272 627 40 20 den
327 626 23 20 af
364 626 100 20 utskottet
474 628 94 18 varmast
578 626 112 20 förordade
700 627 73 26 linien,
785 634 57 13 nem-

94 661 57 27 ligen
174 661 40 21 den
234 661 44 20 från
302 654 46 27 Åbo
364 660 45 20 stad
425 660 31 20 till
472 660 85 26 Wiiala,
582 663 36 17 äro
634 661 66 26 enligt
716 662 46 19 mitt
780 662 64 26 tycke

95 696 19 25 ej
131 695 122 27 tillräckligt
271 695 151 26 öfvertygande
446 701 33 13 om
501 696 30 18 att
546 694 69 20 denna
632 695 54 20 bana
700 696 54 20 skall
772 696 73 20 kunna

97 729 85 21 komma
204 732 30 17 att
255 729 62 20 hafva
338 729 79 20 sådana
434 728 117 20 inkomster
571 731 30 17 att
621 729 224 27 byggnadsutgifterna

97 764 39 19 och
158 766 99 17 räntorna
279 764 26 26 på
320 764 47 19 dem
384 763 59 20 skola
458 763 73 20 kunna
546 763 65 20 blifva
627 764 88 20 betalda.
750 764 44 20 Här
809 764 36 20 har

97 798 107 26 framlagts
213 796 75 27 siflror,
299 797 109 20 utvisande
424 797 100 27 beloppet
539 798 22 19 af
575 798 130 20 tullintrader
719 799 40 19 och
769 798 76 21 krono-

99 832 101 26 uppbörd,
216 838 48 14 men
279 832 47 20 icke
342 832 65 26 gjorts
423 831 69 27 någon
509 831 73 27 kalkyl
598 838 36 14 ens
650 832 155 26 approximativ
816 833 31 19 öf-

100 873 35 13 ver
151 866 41 21 den
207 866 69 26 trafik,
292 872 42 14 som
352 866 67 20 banan
437 868 42 17 tros
495 866 86 20 komma
599 868 29 18 att
644 866 69 20 hafva.
732 866 72 21 Skulle
820 874 26 13 en

101 900 63 20 sådan
181 900 73 26 kalkyl
271 899 61 20 hafva
348 899 94 26 medföljt
459 899 150 26 betänkandet,
626 900 53 20 hade
696 901 35 19 det
746 901 54 19 varit
810 901 37 19 lätt

100 936 30 18 att
146 934 117 25 bedömma,
286 941 31 12 om
342 934 40 19 den
406 933 66 20 banan
493 933 41 20 blir
552 933 64 20 sädan
636 936 30 17 att
685 934 40 20 den
742 934 40 20 kan
799 934 50 20 bära

101 969 32 26 sig
155 968 51 20 eller
228 975 33 13 om
280 968 65 26 derpä
365 968 108 25 betydliga
492 968 90 19 tillskott
600 968 79 27 ärligen
697 968 68 20 blefve
785 969 64 19 erfor-

102 1002 86 27 derliga,
210 1003 35 19 det
260 1002 32 20 mä
311 1002 63 20 sedan
392 1009 50 12 vara
456 1002 45 19 frän
519 1002 97 20 enskilda
630 1009 100 20 personer
746 1003 51 20 eller
814 1003 34 20 bo-

101 1037 41 26 lag,
158 1043 44 13 som
218 1037 85 20 komme
318 1038 29 18 att
363 1036 71 27 bygga
448 1037 41 19 den
506 1037 51 19 eller
573 1036 45 20 frän
634 1037 82 20 Statens
731 1037 52 20 sida.
799 1037 50 19 Der-

102 1071 43 20 före
161 1071 42 20 kan
216 1071 38 26 jag
269 1071 19 26 ej
304 1071 82 20 absolut
400 1071 83 19 förorda
500 1071 70 19 denna
585 1070 64 20 banas
664 1070 137 27 päbörjande,
820 1070 29 19 in-

102 1111 41 14 nan
158 1105 112 26 utredning
285 1105 6 19 i
307 1105 35 19 det
357 1104 54 26 syfte
424 1105 37 26 jag
477 1106 110 18 omnämnt
602 1104 80 20 kunnat
696 1105 79 19 vinnas.
791 1105 60 19 Hvad

102 1139 154 20 Tavastehus—
267 1134 134 35 Tammerfors
419 1138 67 20 banan
504 1138 104 25 beträffar,
632 1139 22 19 sä
674 1139 36 20 har
728 1138 65 20 redan
810 1145 41 20 nog

104 1173 54 19 klart
173 1173 69 19 blifvit
257 1173 100 25 bevisadt,
374 1174 30 18 att
419 1172 40 20 den
475 1173 67 19 borde
558 1172 52 20 bära
626 1172 53 20 bäde
691 1173 113 19 kostnader
813 1173 39 19 och

104 1209 76 23 räntor,
197 1206 23 20 sä
234 1209 30 17 att
279 1207 6 19 i
300 1206 66 20 likhet
383 1206 47 20 med
445 1206 55 20 Herr
515 1206 79 20 Kurtén
606 1206 39 20 och
656 1206 66 20 andra
732 1212 45 14 som
791 1206 62 20 hafva

105 1241 109 26 föreslagit
236 1241 69 20 denna
327 1241 64 20 banas
417 1241 114 26 byggande
553 1241 7 19 i
576 1241 64 20 första
662 1241 63 25 hand,
745 1240 31 20 fär
792 1240 61 20 äfven

105 1277 36 25 jag
157 1275 84 20 förorda
265 1275 126 20 densamma.
422 1275 171 20 Vidkommande
609 1275 39 19 den
670 1274 185 23 kautionssumma,

105 1317 44 12 som
166 1309 125 26 deponerats
307 1309 22 20 af
342 1309 26 20 de
384 1309 284 25 koncessionsinnehafvare,
692 1309 72 19 hvilka
781 1308 73 19 tillsvi-

106 1344 50 19 dare
178 1347 56 16 ännu
257 1343 62 20 hafva
336 1343 101 26 rättighet
452 1345 30 18 att
498 1343 72 26 bygga
589 1342 267 21 Tavastehus--Tammer-

108 1378 41 19 fors
165 1377 39 20 och
220 1371 156 26 Åbo—VWiiala
391 1377 100 25 banorna,
508 1377 24 20 så
547 1383 61 14 anser
620 1377 37 26 jag
671 1377 47 24 den,
734 1376 7 19 i
757 1375 100 21 händelse

107 1411 23 20 af
144 1411 46 20 dess
213 1411 147 23 förverkande,
384 1412 18 25 ej
419 1411 82 20 absolut
525 1411 51 20 böra
594 1411 118 20 tillkomma
732 1409 68 27 nägon
817 1413 40 16 sär-

106 1446 54 20 skild
176 1445 100 26 banlinie,
292 1447 47 18 utan
356 1445 70 20 denna
442 1452 82 13 summa
540 1446 5 18 i
562 1445 114 20 allmänhet
692 1444 52 20 böra
766 1449 91 14 reserve-
