1070 1786
193 168 45 17 1218
480 167 40 17 Den
534 167 21 17 18
568 168 43 22 Maj.

170 227 44 20 lika
236 227 90 19 bestämt
348 225 52 20 huru
424 225 85 26 mycket
531 225 54 20 både
608 225 22 20 af
649 224 89 21 torkade
761 225 116 26 grönsaker
892 226 38 19 och

171 259 137 27 preserverad
323 259 113 25 köttsoppa
453 258 36 19 bör
505 258 100 26 medfölja
620 259 30 18 ett
665 258 77 26 fartyg,
759 265 42 12 som
819 259 54 19 skall
892 259 39 20 fär-

171 295 37 18 das
224 293 27 26 på
266 292 93 26 tropiska
375 292 109 19 farvatten.

240 327 65 19 Herr
326 326 149 19 Lindblom:
505 325 68 20 Jemte
594 325 35 20 det
646 326 37 26 jag
704 326 36 19 ber
756 327 29 17 att
801 326 26 26 på
843 326 23 19 af
879 326 53 19 Herr

170 362 57 18 Julin
247 360 87 20 anförda
352 360 46 19 skäl
417 360 21 19 få
457 360 135 25 understödja
608 360 50 19 hans
675 360 85 26 förslag,
777 360 34 18 vill
832 360 37 26 jag
892 360 39 18 till-

172 395 70 26 lägga,
263 396 29 17 att
311 394 24 19 de
354 393 22 20 af
389 394 76 19 honom
482 394 128 19 omnämnda
625 394 89 20 torkade
730 394 115 26 grönsaker
860 393 71 20 äfven-

172 434 42 14 som
235 422 135 31 preserverad
390 427 112 25 köttsoppa
521 427 51 19 eller
591 427 86 26 buljong
693 430 36 16 äro
745 427 109 20 bestämda
869 429 30 18 att
911 434 20 13 o-

172 461 126 26 vilkorligen
318 460 50 26 ingå
387 461 29 19 uti
436 460 160 26 matordningen
617 460 31 20 för
666 460 26 20 de
708 460 60 20 flesta
783 461 83 20 länders
883 462 49 18 han-

172 494 123 26 delsfartyg.
324 494 74 19 Sävidt
410 494 37 26 jag
463 494 86 25 känner,
566 493 37 19 har
619 500 25 13 en
661 494 65 19 sådan
743 495 131 26 matordning
886 495 45 19 blif-

172 530 29 18 vit
216 529 29 19 uti
261 528 96 25 England
375 529 12 17 t.
399 534 18 12 o.
430 534 26 12 m.
473 533 75 20 genom
565 534 26 12 en
603 527 166 26 parlamentsakt
780 528 101 23 faststäld,
892 529 38 19 och

172 565 28 19 uti
217 564 69 20 denna
302 562 133 26 matordning
451 562 59 26 ingår
525 562 62 19 äfven
604 562 40 19 den
660 562 24 19 af
697 562 108 20 Utskottet
820 562 110 20 förordade

172 599 75 19 citron-
264 597 51 19 eller
330 596 113 20 limonsaft.

240 632 66 19 Herr
320 630 153 26 Lundberg:
506 630 45 19 Den
572 636 27 12 nu
619 629 111 20 anmärkta
750 629 181 26 omständigheten

172 667 37 19 har
224 666 63 19 äfven
303 664 53 20 varit
372 663 86 20 föremål
473 663 32 19 för
520 663 117 19 Utskottets
653 663 169 26 öfverläggning,
841 662 39 20 och
896 662 35 20 Ut-

172 700 78 19 skottet
274 699 36 19 har
332 697 90 20 kommit
443 696 31 20 till
497 697 35 19 det
551 697 93 25 resultat,
660 699 30 17 att
706 696 116 27 grönsaker
837 696 50 20 böra
904 697 27 19 uti

173 732 159 26 matordningen
348 732 32 19 för
396 730 67 20 finska
479 730 157 26 handelsfartyg
652 730 57 26 ingå,
726 730 64 20 ehuru
807 730 34 19 det
857 731 28 18 uti
897 730 34 20 be-

172 766 118 20 tänkandet
311 766 47 18 icke
382 764 97 26 speciellt
497 764 42 19 står
555 765 30 17 att
600 764 60 19 dessa
676 764 117 26 grönsaker
809 763 58 20 skola
883 770 50 13 vara

173 800 95 26 torkade,
284 799 88 20 emedan
388 798 107 20 Utskottet
511 799 68 17 ansett
594 799 30 17 att
639 797 58 19 såväl
713 797 66 19 friska
791 804 44 12 som
846 797 86 20 torkade

172 834 118 27 grönsaker
305 833 71 19 kunna
392 832 112 19 användas.

241 868 65 19 Herr
326 866 162 20 Talmannen
507 865 136 25 framställde,
664 864 53 20 efter
733 864 35 20 det
785 864 147 21 diskussionen

174 901 87 20 härmed
278 901 100 24 afslutats,
394 899 91 26 följande
870 918 2 3 N

240 934 181 26 Proposition:
454 933 129 19 Godkänner
598 933 93 23 Ständet,
708 934 50 17 utan
775 932 63 25 något
853 933 81 26 tillägg,

173 969 119 20 Utskottets
314 967 78 26 förslag
414 967 7 18 i
445 966 84 20 ämnet?
551 967 51 19 eller
622 973 62 13 anser
700 966 88 20 Ständet
803 968 29 17 att
847 966 87 21 torkade

172 1003 118 26 grönsaker
305 1002 37 19 och
360 1001 135 26 preserverad
512 1000 112 26 köttsoppa
641 1001 50 19 böra
706 1000 32 19 till
756 999 38 20 den
811 1000 23 19 af
849 1000 84 20 Utskot-

173 1039 29 17 tet
222 1036 118 25 föreslagna
361 1034 159 26 matordningen
541 1034 110 27 tilläggas?
666 1046 28 2 —
709 1034 32 19 De
762 1041 42 12 som
821 1034 113 26 godkänna

173 1070 144 21 betänkandet
332 1075 60 14 svara
405 1069 38 25 ja,
459 1068 26 19 de
501 1074 43 13 som
561 1068 51 26 vilja
628 1069 69 19 dertill
714 1071 52 24 göra
782 1068 151 20 ofvanstäende

173 1104 73 26 tillägg
258 1111 12 12 n
279 1103 30 26 ej.

241 1137 32 20 Då
282 1137 156 26 propositionen
450 1135 125 20 besvarades
588 1135 45 20 med
646 1135 157 26 öfvervägande
815 1136 56 19 antal
884 1138 50 25 nej,

172 1171 120 20 förklarade
315 1171 65 19 Herr
403 1170 163 19 Talmannen
586 1170 118 19 Utskottets
722 1170 133 20 betänkande
872 1171 62 19 hafva

174 1206 68 19 blifvit
259 1205 23 19 af
299 1204 87 20 Ståndet
404 1204 109 26 godkändt
533 1204 46 19 med
596 1204 35 19 det
647 1204 80 26 tillägg,
744 1210 44 13 som
805 1204 76 19 Herrar
896 1204 37 19 Ju-

173 1239 27 19 lin
217 1239 39 19 och
272 1237 110 20 Lindblom
399 1237 99 19 förordat.

241 1272 97 19 Härefter
361 1271 108 26 öfvergick
494 1270 87 20 Ständet
605 1271 30 18 till
659 1271 156 26 granskningen
832 1271 23 20 af
869 1272 65 26 tredje

174 1307 61 19 delen
259 1305 47 20 utaf
326 1303 194 27 Sjölagsutskottets
544 1303 140 27 betänkande,
704 1305 146 20 innefattande
867 1306 68 20 denna

173 1341 33 19 del
231 1340 117 20 Utskottets
370 1338 99 26 yttrande
493 1337 58 20 öfver
575 1338 99 26 förslaget
698 1338 31 20 till
752 1339 123 26 förordning
901 1347 33 12 om

173 1375 166 25 sjömanshusen.

240 1407 152 20 Diskussionen
408 1405 59 20 öfver
483 1405 70 20 denna
569 1405 34 20 del
618 1406 70 26 aflopp
704 1406 97 20 sålunda:

241 1441 65 20 Herr
317 1437 149 28 Öhrnberg:
482 1439 10 20 I
503 1439 40 20 den
554 1439 83 27 Nådiga
652 1441 157 25 propositionen
827 1441 36 19 har
879 1441 56 20 Hans
