1070 1786
415 155 40 17 Den
469 155 22 18 23
502 155 41 22 Maj.
789 155 43 17 1421

107 219 27 12 nu
156 203 88 28 förfålår
258 213 30 18 att
303 212 80 19 lemnas
398 211 22 20 ät
434 211 168 25 Bankutskottet,
618 217 63 20 synes
697 211 43 27 mig
756 217 50 14 vara
821 214 35 17 nä-

107 247 45 18 stan
176 246 32 19 för
230 245 152 26 vidtutseende,
406 245 31 20 för
456 248 30 17 att
505 245 72 20 kunna
592 245 124 20 medhinnas
732 245 67 20 under
815 245 39 20 den

108 279 59 20 korta
190 279 36 26 tid,
246 285 44 14 som
311 279 88 20 äterstär
417 279 23 20 af
453 279 134 26 landtdagen.
618 279 40 20 Det
672 279 42 19 kan
730 279 125 27 visserligen

107 313 45 19 med
169 316 74 17 nästan
260 312 35 20 full
311 312 98 20 säkerhet
423 312 75 26 påstås,
508 315 30 17 att
549 312 93 20 hvarken
656 313 52 19 1840
720 312 33 20 års
763 313 92 20 insiruk-

106 347 42 19 tion
172 347 52 20 eller
250 347 50 19 1859
323 347 33 19 ärs
381 346 147 27 författningar
547 346 52 20 eller
618 346 68 26 öfriga
702 346 154 27 förordningar,

106 388 44 13 som
173 380 111 27 angående
305 380 82 21 banken
408 380 69 20 blifvit
492 380 117 26 utfärdade,
625 386 57 14 mera
698 380 90 20 behöfva
795 376 12 36 i
827 383 30 17 ett

107 415 51 20 eller
178 417 64 18 annat
256 414 100 20 afseende
372 414 105 26 tillämpas
492 414 65 20 sedan
573 414 58 20 detta
647 414 78 26 förslag
740 414 31 20 till
787 414 68 27 regle-

107 451 70 18 mente
193 448 73 20 vunnit
277 448 99 27 gällande
387 448 64 26 kraft;
463 455 46 13 men
521 450 30 18 att
564 448 67 20 fordra
642 448 36 20 det
685 448 107 20 Utskottet
800 448 53 20 skall

106 483 64 19 innan
193 482 137 27 landtdagens
354 482 40 20 slut
413 482 108 20 inkomma
541 482 47 20 med
604 482 122 26 fullständig
742 482 113 26 utredning

106 516 71 20 derom
198 518 30 18 att
248 516 60 20 dessa
326 516 146 26 författningar
488 516 109 26 verkligen
613 519 37 17 äro
665 522 75 20 genom
757 516 98 27 stadgan-

107 550 64 20 derne
187 550 7 19 i
210 550 138 27 reglementet
367 550 128 27 fullkomligt
515 549 113 28 upphääda,
646 556 50 14 vore
712 552 30 18 att
757 550 99 21 ähvälfva

106 584 108 20 Utskottet
229 587 29 17 ett
274 585 70 19 arbete
358 585 66 25 jemte
440 585 85 19 dermed
541 584 97 20 förenadt
652 591 81 19 ansvar,
748 591 43 13 som
804 585 51 19 kan-

107 618 38 20 ske
156 618 119 27 öfverstege
286 619 47 19 dess
344 618 86 26 krafter,
441 618 27 20 då
478 618 107 20 Utskottet
596 619 18 25 ej
624 618 61 24 förut,
694 624 76 20 genom
781 619 75 25 sjelfva

106 652 102 27 förslaget
222 652 32 20 till
269 652 135 27 reglemente,
421 659 35 13 var
472 652 104 20 föranledt
591 654 30 18 att
635 652 51 26 ingå
700 652 7 20 i
723 652 99 27 pröfning
835 653 23 19 af

106 686 65 26 sagde
186 686 161 26 omständighet.

175 720 65 20 Herr
262 716 149 31 Öhrnberg:
437 720 74 20 Kunde
533 720 20 26 ej
577 720 69 20 denna
664 720 74 26 åtgärd
759 720 97 26 vidtagas

107 754 93 26 sålunda,
224 756 29 18 att
273 754 27 26 på
318 760 80 14 samma
416 754 57 26 gång
488 754 126 26 stadgandet
628 753 119 21 innehåller
761 754 6 19 i
783 754 73 20 hvilka

106 788 58 20 delar
183 788 53 20 1867
253 788 33 20 års
302 788 122 26 förordning
440 788 18 26 ej
476 794 58 14 mera
548 788 85 20 komme
648 789 31 18 att
694 788 62 26 gälla,
773 788 35 20 det
823 788 31 20 til-

106 822 58 20 lades
180 824 30 18 att
225 822 67 26 öfriga
307 822 32 20 för
353 822 101 20 Finlands
469 822 56 20 bank
543 822 108 20 utfärdade
667 822 188 26 reglementariska

106 856 131 26 stadganden
260 856 64 20 också
344 856 147 26 undanrödjas,
511 858 47 22 utan
575 857 30 18 att
620 862 47 13 man
684 856 91 20 behöfde
791 856 65 20 inlåta

105 890 32 25 sig
152 890 6 19 i
175 896 25 13 en
221 890 159 26 undersökning
400 890 23 19 af
440 890 74 19 hvilka
529 890 61 19 dessa
605 890 130 26 stadganden
752 892 36 17 äro
804 890 51 20 eller

105 923 6 20 i
129 923 72 20 hvilka
223 924 59 20 delar
304 924 25 19 de
352 924 89 20 sålunda
461 924 123 26 upphäfdes.
614 924 73 19 Redan
707 923 76 26 sjelfva
798 924 57 19 detta

106 957 131 26 reglemente
259 957 88 20 innebär
370 964 75 20 genom
469 958 31 19 sin
521 958 83 19 tillvaro
624 959 30 18 ett
672 957 147 26 upphäfvande
835 959 19 18 at

106 991 62 20 dessa
182 991 158 27 författningar;
357 998 47 13 men
420 998 26 13 en
462 991 64 20 sådan
543 991 77 20 allmän
637 991 132 26 bestämning
785 991 70 20 kunde

103 1025 23 26 ju
146 1026 18 25 ej
182 1025 72 20 skada.
285 1025 9 20 I
309 1025 70 20 denna
394 1026 34 19 del
444 1025 59 20 torde
518 1025 108 20 Utskottet
640 1025 72 20 kunna
726 1025 68 26 gifvas
810 1025 46 20 fullt

106 1059 39 20 fria
160 1059 80 20 händer
254 1061 31 18 att
299 1059 49 26 sjelf
361 1059 75 26 pröfva
450 1059 52 20 huru
515 1059 59 27 långt
584 1059 108 20 Utskottet
702 1059 36 20 vill
750 1059 107 20 utsträcka

105 1093 47 20 sina
174 1093 99 26 åtgärder
288 1093 7 19 i
310 1093 84 20 anfördt
416 1093 60 26 syfte.
507 1093 41 27 Jag
570 1096 38 24 gör
628 1093 55 20 dock
704 1093 18 26 ej
739 1093 65 26 något
819 1093 35 20 be-

105 1127 77 19 stämdt
197 1127 115 26 påstående
327 1133 33 14 om
378 1133 25 14 en
419 1127 64 19 sådan
500 1127 108 20 föreskrift
622 1127 32 19 för
669 1126 114 21 Utskottet.

174 1161 66 20 Herr
254 1161 111 20 Kurtén:
385 1161 73 20 Sävidt
470 1161 37 26 jag
524 1161 82 20 förstått
620 1163 10 22 $
649 1161 39 20 160
702 1161 24 20 af
738 1161 117 26 reglemen-

105 1196 36 24 tet,
162 1194 69 20 skulle
247 1194 40 20 den
303 1194 57 25 gifva
375 1194 109 26 tillkänna,
501 1197 30 17 att
546 1195 7 19 i
569 1194 97 20 framtida
681 1194 70 26 frågor
765 1195 90 19 rörande

106 1228 83 21 banken
210 1228 58 21 detta
286 1228 131 27 reglemente
432 1230 83 18 ensamt
529 1228 53 20 skall
599 1228 84 20 komma
699 1230 30 18 att
745 1228 110 27 tillämpas.

105 1263 40 19 Det
156 1263 59 19 heter
227 1263 104 26 nemligen
341 1263 55 20 deri:
406 1263 75 19 ”Detta
489 1263 131 26 reglemente
629 1262 70 20 träder
707 1263 7 18 i
722 1262 133 21 verksamhet

104 1296 40 20 den
163 1297 6 18 1
188 1296 87 29 Januari
301 1297 37 19 187
356 1313 5 9 ,
381 1297 31 20 till
432 1297 87 20 hvilken
539 1297 40 26 dag
598 1297 102 26 styrelsen
717 1297 39 19 och
771 1297 84 19 förvalt-

105 1331 79 25 ningen
204 1330 23 20 af
240 1330 83 20 banken
340 1331 60 19 skola
416 1331 131 20 handhafvas
564 1331 65 26 enligt
645 1337 26 13 nu
687 1330 98 27 gällande
801 1331 54 20 stad-

105 1364 83 27 ganden
205 1365 6 18 i
228 1365 90 20 ämnet”.
347 1365 60 20 Efter
430 1365 39 20 den
490 1365 77 26 dagen,
585 1365 24 20 så
624 1365 117 19 föreställer
754 1365 37 26 jag
807 1365 49 26 mig,

104 1398 68 19 skulle
189 1398 82 20 således
287 1399 73 19 endast
376 1399 57 19 detta
448 1399 131 26 reglemente
595 1405 49 13 vara
659 1398 104 27 gällande.
786 1399 69 20 Emel-

104 1432 60 20 lertid
182 1432 83 20 förenar
278 1433 37 26 jag
332 1433 42 26 mig
390 1433 46 19 med
453 1433 53 19 Herr
524 1433 102 20 Mechelin
644 1433 80 25 derom,
734 1434 31 18 att
773 1433 37 26 jag
821 1439 34 14 an-
