1070 1786
203 169 45 16 1188
492 168 41 17 Den
546 169 22 17 16
580 169 42 22 Maj.

180 225 87 20 omfatta
290 225 60 20 äfven
367 225 94 20 skötseln
477 226 38 19 och
531 226 79 19 vården
626 226 24 19 af
662 227 82 26 godset,
760 227 64 19 sedan
841 227 34 20 det
891 227 45 20 blif-

180 259 30 20 vit
233 259 93 26 bergadt.
357 259 48 20 Med
428 259 81 26 ”öfriga
531 259 33 20 för
587 259 75 26 godset
684 260 74 26 gjorda
776 260 161 21 omkostnader?

180 294 69 19 skulle
265 294 44 19 åter
324 293 76 19 förstås
416 292 84 23 sådana,
517 299 42 13 som
577 293 47 19 icke
640 293 53 19 hade
705 294 93 25 egentlig
809 295 129 25 gemenskap

182 327 46 20 med
250 327 129 26 bergningen
397 326 51 20 eller
463 326 69 20 dertill
549 326 93 20 hörande
658 327 103 26 åtgärder.
792 327 91 21 Sålunda
899 328 38 20 fat-

181 362 48 18 tade
249 362 39 25 jag
311 361 76 25 saken;
410 362 30 18 att
463 360 52 20 dock
533 360 73 20 tvifvel
622 366 32 14 om
671 362 53 18 rätta
740 361 111 27 meningen
868 362 70 19 kunna

182 395 75 26 uppstå
274 395 36 19 har
325 394 64 20 redan
407 394 52 19 visat
475 394 38 26 sig.

250 429 68 19 Herr
334 428 102 26 Sjöros:
467 427 121 20 Kostnaden
604 428 32 19 för
650 428 85 26 godsets
751 428 50 20 vård
817 435 63 20 synes
896 429 42 26 mig

182 462 107 26 sjelffallet
304 462 56 25 böra,
375 463 65 24 jemte
457 461 238 27 bergningskostnaden,
711 462 49 26 utgå
775 462 47 20 med
837 462 101 20 förmåns-

181 498 42 17 rätt
238 496 6 19 i
260 496 65 20 första
346 497 96 24 rummet,
465 497 22 23 ty
507 495 70 19 denna
597 495 89 19 kostnad
708 496 54 19 afser
775 496 24 26 ju
815 498 29 17 alt
861 496 77 20 bevara

182 530 75 25 sjelfva
277 530 36 19 det
328 528 91 26 bergade
435 528 80 26 godset.
546 528 31 19 En
593 535 68 13 annan
678 529 147 26 betänklighet
840 530 37 19 har
893 530 44 20 åter

183 564 37 19 hos
238 564 42 25 mig
300 562 91 27 uppstått
407 562 88 19 rörande
512 562 69 20 denna
597 564 15 23 $.
628 562 9 20 I
654 562 99 20 händelse
771 562 127 21 bodmerilån
916 567 22 16 är

183 599 55 23 taget
256 596 74 20 endast
345 596 32 19 för
392 596 78 19 lastens
486 595 60 25 skull,
563 596 19 19 d.
599 602 17 13 v.
634 602 14 13 s.
666 596 36 19 har
717 596 91 20 rederiet
824 597 64 19 betalt
902 598 35 19 den

183 630 27 26 pä
232 630 92 26 fartyget
343 630 31 25 sig
391 629 117 26 belöpande
525 629 89 19 andelen
631 630 6 18 i
653 633 130 22 gemensamt
799 631 77 25 haveri,
894 638 46 13 men

184 664 129 19 bodmerilän
338 666 21 16 är
383 665 57 24 taget
462 663 26 25 pä
508 663 66 19 lasten
591 663 31 19 för
638 663 131 20 betäckande
785 664 22 19 af
820 664 47 20 dess
883 665 34 20 del
934 666 6 19 i

184 698 101 25 haveriet,
305 697 80 20 hvilket
403 698 32 18 väl
452 697 85 26 mycket
552 698 65 18 sällan
634 698 30 18 lär
672 698 91 26 inträffa,
774 705 46 13 men
832 704 43 14 som
888 700 53 19 dock

184 734 22 17 är
218 732 104 25 tänkbart,
338 731 22 19 sä
376 737 63 20 synes
455 731 42 25 mig
513 738 50 12 vara
579 731 83 26 obilligt
674 733 30 17 att
713 734 29 16 ett
751 732 137 26 bodmerilän,
897 739 43 13 som

184 766 87 19 sälunda
295 768 22 16 är
337 765 70 26 gjordt
422 764 32 20 för
470 764 77 20 lastens
563 765 54 19 skull
634 770 88 19 ensamt,
740 766 53 19 skall
809 766 62 19 hafva
887 767 53 19 före-

184 800 58 19 träde
263 799 85 19 framför
364 799 83 19 frakten
463 799 38 19 och
519 799 29 19 till
566 798 108 26 betalning
689 799 99 20 förfallna
803 800 139 26 ersättningar

184 834 103 26 föröfrigt.
304 833 47 19 Men
368 839 43 13 som
426 833 36 25 jag
477 833 18 25 ej
512 832 38 20 har
565 832 77 26 speciel
660 832 118 20 erfarenhet
794 833 5 19 i
816 833 72 26 saken,
905 834 35 20 vill

181 868 37 25 jag
234 867 48 19 icke
297 866 115 20 framställa
427 866 64 26 nägot
508 866 103 20 bestämdt
625 866 103 26 yrkande,
738 869 25 17 än
774 867 80 20 mindre
865 868 77 26 begära

184 901 137 25 omröstning,
337 900 65 19 ehuru
415 900 37 25 jag
467 902 69 17 ansett
551 900 42 26 mig
609 899 51 20 böra
671 899 73 20 anföra
756 900 56 19 mina
822 901 118 27 betänklig-

185 936 58 19 heter
259 935 7 19 i
282 935 57 19 detta
354 934 129 19 hänseende.

252 969 93 18 Emedan
362 968 62 25 ingen
442 967 70 19 vidare
529 967 54 20 hade
600 967 72 26 begärt
688 967 66 26 ordet,
769 968 132 20 förklarades
913 969 28 20 di-

184 1002 124 20 skussionen
332 1001 96 26 afslutad,
450 1001 37 19 och
505 1001 65 20 Herr
586 1001 160 20 Talmannen
762 1001 128 21 framställde
905 1003 38 20 föl-

184 1036 64 26 jande

252 1068 183 27 Proposition:
473 1068 95 26 Antager
598 1068 88 19 Ständet
708 1070 10 22 $
747 1069 38 19 109
815 1069 66 26 enligt
905 1070 36 20 Ut-

185 1104 89 19 skottets
291 1102 140 25 betänkande,
447 1102 51 19 eller
513 1102 85 19 förenar
613 1102 31 25 sig
660 1102 87 19 Ständet
763 1103 46 19 med
822 1103 52 20 Herr
884 1103 57 20 Julin

186 1143 33 14 om
243 1137 119 20 äterremiss
378 1137 6 18 i
401 1137 23 18 af
437 1136 76 19 honom
530 1136 75 26 antydt
620 1136 68 27 syfte?
718 1137 31 19 De
765 1143 44 13 som
825 1137 66 20 önska
907 1138 35 19 det

185 1171 55 19 förra
256 1177 61 13 svara
330 1171 36 24 ja,
382 1170 26 19 de
423 1176 43 13 som
484 1170 51 25 vilja
550 1170 35 19 det
601 1177 73 12 senare
692 1176 60 13 svara
769 1171 50 25 nej.

253 1204 33 19 Då
301 1204 157 25 propositionen
476 1203 125 19 besvarades
617 1203 46 19 med
680 1203 157 27 öfvervägande
854 1205 36 25 ja,
907 1211 35 13 an-

185 1238 115 20 tecknades
324 1237 67 20 såsom
416 1237 97 20 Ständets
537 1237 68 20 beslut
620 1237 130 27 antagandet
764 1238 23 19 af
802 1240 10 21 $
830 1238 38 19 109
885 1239 5 18 i
907 1239 35 19 Ut-

186 1273 89 19 skottets
292 1271 140 20 betänkande.

288 1305 14 28 $
318 1305 31 20 110
365 1307 73 24 antogs
452 1307 47 17 utan
516 1304 126 20 diskussion.

289 1337 13 29 $
317 1338 35 20 111.

254 1373 68 20 Herr
347 1372 128 26 Krogius:
504 1371 9 20 I
530 1371 25 20 de
571 1371 43 26 fall,
630 1371 26 20 då
673 1378 47 13 man
736 1371 80 20 fruktar
831 1374 30 17 att
877 1373 66 20 lasten

186 1407 53 26 tagit
254 1406 72 25 skada,
342 1408 22 17 är
380 1405 36 20 det
432 1405 169 20 befälhafvarens
617 1405 123 26 skyldighet
755 1408 30 17 att
799 1406 84 19 anmäla
898 1414 46 19 pro-

186 1443 46 18 test.
263 1440 45 20 Han
334 1442 22 17 är
378 1439 47 20 icke
449 1439 82 19 befriad
556 1438 45 20 från
625 1439 123 26 ersättning,
767 1446 33 13 om
816 1440 41 19 han
873 1441 74 20 endast
