1070 1786
225 149 45 17 1114
522 148 40 17 Den
576 149 22 17 14
610 149 42 22 Maj.

204 213 62 18 ström
288 212 19 25 ej
323 211 79 20 kunnat
426 211 51 20 fatta
499 213 42 18 min
567 213 85 25 mening
674 212 133 19 annorlunda
822 215 25 16 än
865 213 39 19 den
921 219 42 17 var,

205 246 52 19 eller
280 245 28 25 så,
327 248 29 17 att
379 245 27 20 då
429 252 25 12 en
478 245 104 26 skeppare
601 246 96 25 begifver
717 246 32 25 sig
765 247 22 18 ut
802 246 27 26 på
843 253 53 18 resa,
913 246 50 19 hans

206 279 145 26 skyldigheter
373 285 44 13 som
442 279 144 20 befälhafvare
609 280 67 26 enligt
698 280 60 19 detta
780 280 112 26 lagförslag
915 280 48 19 fort-

207 314 45 18 fara
267 313 31 19 till
318 313 47 19 dess
389 313 91 25 fartyget
503 313 125 19 återvänder
644 313 30 19 till
690 313 55 19 finsk
763 314 73 21 hamn;
852 314 38 19 och
907 313 57 19 detta

206 346 113 27 Uiggande
340 346 58 20 torde
418 346 75 25 tydligt
518 346 79 26 framgå
620 346 33 20 vid
679 347 116 24 uttrycket:
826 347 67 20 ”Utan
909 349 54 17 trän-

206 381 70 25 gande
301 380 40 20 nöd
366 380 34 20 må
418 381 19 25 ej
459 380 142 20 befälhafvare
618 381 92 26 fartyget
734 381 39 19 och
795 382 31 18 sin
847 380 116 26 befattning

206 414 135 26 öfvergifva”.

275 448 59 20 Hvad
350 448 96 26 slutligen
471 448 65 26 angår
555 448 54 20 Herr
625 448 125 20 Lindbloms
772 448 146 26 anmärkning,
934 449 30 17 att

207 482 39 19 den
272 482 223 25 skeppsbefälhafvare
522 482 160 19 tillkommande
709 482 166 26 uppsägelserätt
900 481 62 20 borde

207 515 125 19 inskränkas
348 515 30 19 till
395 515 86 19 hamnar
496 515 55 19 inom
569 514 89 26 Europa,
674 514 23 19 sä
713 514 56 20 inser
782 515 44 25 jag,
838 517 29 17 att
883 515 34 19 det
933 514 31 19 för

206 551 28 18 ett
250 549 69 20 rederi
336 549 40 20 kan
388 548 95 21 medföra
494 548 76 27 många
581 548 131 27 svårigheter
728 550 30 18 att
768 548 87 20 afsända
865 555 25 13 en
903 548 60 25 skep-

206 589 50 19 pare
272 583 31 18 till
320 583 85 25 mycket
420 582 94 26 aflägsna
529 584 66 22 orter;
618 589 46 12 men
689 582 27 18 dä
732 583 36 18 det
790 583 23 18 af
826 582 52 20 Herr
893 582 70 25 Sjöros

207 616 119 26 föreslagna
348 615 127 26 stadgandet
497 615 52 19 skall
572 617 75 24 utgöra
669 617 30 17 ett
722 615 68 26 skydd
814 616 31 19 för
861 616 102 26 skeppare

206 652 109 24 gentemot
330 650 121 18 rederierne
467 649 38 19 och
522 649 35 19 det
572 649 36 19 fall
625 649 37 19 lätt
681 648 42 20 kan
740 649 89 26 inträffa,
845 652 30 17 att
891 656 24 13 en
932 656 30 12 re-

206 684 50 18 dare
273 683 84 19 skickar
372 683 36 19 sitt
424 683 69 25 fartyg
508 683 31 19 till
555 682 95 26 aflägsna
666 682 102 20 farvatten
785 684 39 18 och
841 683 122 26 uppehåller

206 717 36 19 det
257 717 37 19 der
309 717 7 19 i
332 717 72 24 åratal,
423 716 23 20 så
464 716 67 19 skulle
555 716 57 19 detta
634 716 77 26 skydd.
737 722 33 13 om
787 716 35 20 det
838 716 125 20 inskränkes

206 757 75 19 genom
299 750 168 26 bestämmelsen,
483 752 30 18 att
529 750 141 19 befälhafvare
695 750 31 18 får
742 752 93 24 uppsäga
853 750 32 20 sin
901 750 63 26 tjenst

206 785 74 19 endast
296 785 6 19 i
318 784 116 26 Europeisk
452 784 69 24 hamn,
537 784 41 19 ofta
597 790 49 12 vara
663 785 47 17 utan
728 783 26 19 all
771 784 114 25 betydelse.

275 818 52 20 Herr
343 819 76 25 Frey:
446 818 69 20 Också
528 818 37 26 jag
581 824 61 13 anser
659 817 97 27 billighet
767 818 38 19 och
821 818 86 19 rättvisa
923 818 39 19 for-

205 852 43 25 dra,
265 854 30 17 att
311 852 143 19 befälhafvare
479 851 112 26 berättigas
614 853 36 21 att,
666 851 53 19 efter
744 850 147 27 försiggången
912 858 49 19 upp-

205 886 97 25 sägning,
318 892 50 13 vara
384 886 80 19 befriad
482 885 43 19 från
543 885 34 19 sitt
589 885 62 24 befäl,
668 884 38 19 och
724 885 83 19 förenar
824 885 42 26 mig
881 885 81 19 derföre

206 919 28 19 uti
250 919 41 19 den
307 919 140 22 reservation,
457 924 43 13 som
517 918 53 19 Herr
585 917 70 26 Sjöros
671 918 90 25 afgifvit.
787 918 42 19 Mot
845 919 54 19 hvad
911 918 52 20 Herr

205 953 112 26 Lundberg
332 953 6 18 i
354 953 65 19 saken
442 954 65 23 yttrat
531 952 34 19 vill
586 953 37 25 jag
646 951 108 26 anmärka,
771 954 30 17 att
816 952 35 19 det
865 952 97 26 vanligen

204 987 53 19 eller
273 987 127 19 åtminstone
416 985 81 27 ganska
521 986 43 19 ofta
581 986 58 19 torde
663 992 49 13 vara
733 986 95 26 omöjligt
843 985 32 20 för
890 986 73 27 redare

204 1023 29 17 att
250 1021 116 19 bestämma
382 1020 67 26 någon
463 1020 42 19 viss
521 1019 29 20 tid
566 1019 31 20 för
613 1026 25 13 en
656 1026 52 14 resa,
724 1020 39 19 och
779 1021 30 18 att
824 1019 88 25 således,
928 1026 32 13 om

204 1055 118 25 skepparen
338 1054 61 19 äfven
416 1053 69 20 skulle
501 1053 67 19 önska
583 1053 33 19 vid
634 1053 35 19 sitt
684 1053 119 26 antagande
819 1053 101 19 fastställa
936 1059 25 12 en

205 1088 41 19 viss
262 1088 29 19 tid
308 1088 31 19 för
355 1088 35 19 sitt
413 1087 140 26 qvarstående
578 1087 5 18 i
603 1087 153 26 befattningen,
780 1087 34 20 det
831 1087 107 26 verkligen
956 1087 5 18 i

204 1121 82 26 ganska
302 1121 76 26 många
392 1120 36 19 fall
444 1120 69 19 skulle
536 1122 56 17 möta
614 1119 108 26 svårighet
741 1119 44 20 från
801 1121 101 19 rederiets
918 1120 44 20 sida

204 1157 30 18 att
249 1155 50 26 ingå
314 1154 27 27 på
356 1156 29 18 ett
401 1153 74 20 sådant
491 1153 74 20 vilkor.
600 1153 8 19 I
625 1153 145 26 verkligheten
788 1153 59 26 lyder
863 1154 98 20 kontrak-

204 1191 30 17 tet
248 1189 91 19 emellan
355 1188 74 20 redare
452 1187 39 19 och
515 1187 103 26 skeppare
634 1187 99 25 vanligen
756 1187 29 26 så,
800 1190 29 16 att
845 1188 116 26 skepparen

204 1222 52 20 skall
274 1222 59 26 segla
348 1222 30 19 till
396 1221 40 20 den
457 1221 39 19 och
513 1221 39 20 den
569 1222 59 19 orten
652 1220 39 20 och
708 1220 85 20 ”vidare
810 1221 52 20 efter
878 1220 83 21 ordres”

205 1257 30 19 till
252 1256 48 19 dess
315 1256 93 25 fartyget
431 1255 96 19 kommer
550 1255 92 19 tillbaka.
682 1254 28 20 På
725 1255 67 26 grund
808 1255 23 19 af
844 1258 29 17 ett
888 1255 75 20 sådant

204 1289 84 20 ”vidare
305 1289 53 20 efter
374 1289 84 19 ordres”
482 1288 40 19 kan
547 1295 59 12 resan
630 1288 103 26 fördröjas
749 1289 38 25 sju,
803 1289 42 19 åtta
861 1290 12 18 &
888 1290 28 19 tio
932 1289 28 20 år.

204 1323 37 20 Att
257 1324 26 25 på
306 1323 23 20 så
349 1323 49 26 lång
417 1322 28 19 tid
464 1322 63 19 binda
542 1322 125 26 skepparen,
687 1321 27 20 då
730 1322 39 19 han
787 1323 19 25 ej
823 1323 140 27 uttryckligen

205 1357 106 20 förbundit
326 1357 32 26 sig
374 1356 76 25 dertill,
473 1362 61 13 anser
553 1357 37 25 jag
606 1358 60 17 orätt.
703 1355 41 25 Jag
758 1357 65 24 yrkar
838 1357 80 20 derföre
935 1357 27 26 pä

205 1391 119 19 återremiss
340 1391 20 18 af
375 1392 32 22 $:n
423 1390 31 19 till
470 1390 107 19 Utskottet
599 1391 38 18 och
654 1392 37 23 att,
707 1390 27 19 då
750 1397 25 12 en
792 1391 134 26 omställning
941 1391 23 19 af

203 1427 29 24 $$,
249 1431 33 13 om
300 1425 34 19 det
350 1424 23 19 af
386 1424 52 20 Herr
453 1424 70 26 Sjöros
535 1425 73 25 gjorda
624 1425 100 25 förslaget
740 1426 93 24 antoges,
846 1431 48 13 vore
911 1425 49 19 nöd-
