1070 1786
250 150 33 18 746
529 149 42 18 Den
583 149 22 18 20
617 150 61 23 April.

228 208 111 27 principiel
356 207 107 27 synpunkt
483 210 22 17 är
524 208 23 19 af
563 209 75 18 största
653 207 46 26 vigt
714 207 40 20 och
769 207 111 26 angående
896 206 81 21 hvilket

227 243 73 26 hvarje
323 242 126 26 motivering
473 241 53 20 lärer
548 241 71 20 kunna
641 247 61 14 anses
719 241 132 26 öfverflödig.
869 241 107 20 Utskottet

228 277 54 20 afser
305 276 86 20 härmed
418 282 25 13 en
463 275 138 26 bestämning,
617 277 29 18 att
663 275 70 26 någon
749 275 83 20 Statens
852 275 64 26 högre
933 281 41 13 em-

229 311 94 19 betsman
340 310 6 19 i
362 310 64 26 ingen
446 309 101 19 händelse
567 309 42 19 kan
628 308 80 20 erhålla
730 308 50 20 eller
795 309 113 19 innehafva
924 309 50 19 kon-

228 345 81 20 cession
326 344 12 20 å
350 343 233 27 jernvägsanläggning
598 343 39 19 och
652 343 48 19 icke
717 342 67 20 heller
799 343 85 26 deltaga
898 343 7 19 i
918 344 56 24 jern-

229 378 122 27 vägsbolag,
371 384 50 13 vara
441 377 91 19 medlem
552 377 6 19 i
575 377 103 19 direktion
696 376 53 20 eller
764 376 62 27 åtaga
842 377 32 26 sig
889 376 85 20 ombud-

228 413 52 25 skap
297 413 31 19 för
343 411 195 21 koncessionärer”.
554 410 58 20 Efter
628 411 42 19 min
687 410 135 27 uppfattning
837 411 72 19 kunna
919 410 56 20 män-

228 454 26 20 ga
269 446 165 26 anmärkningar
449 448 62 24 göras
526 446 57 18 emot
598 451 25 13 en
640 444 65 20 sådan
722 444 139 27 bestämning.
891 444 39 27 Jag
940 450 35 14 an-

228 488 33 13 ser
277 481 35 20 det
330 486 51 14 vara
399 479 146 26 fullkomligen
563 478 109 26 olämpligt
693 480 31 18 att
739 478 29 19 uti
784 485 25 13 en
823 478 151 27 jernvägskon-

229 515 82 20 cession
319 513 91 27 inrycka
418 513 40 19 den
473 512 140 26 bestämning,
629 515 30 16 att
674 519 26 13 en
717 512 83 20 Statens
809 512 65 27 högre
887 512 87 20 embets-

230 556 47 13 man
294 548 47 20 icke
357 547 68 20 skulle
441 553 50 13 vara
505 546 118 27 berättigad
640 548 29 17 att
684 546 86 26 deltaga
784 546 30 20 uti
829 548 30 18 ett
867 547 108 26 jernvägs-

230 584 62 26 bolag
308 583 50 19 eller
375 588 49 12 vara
440 581 90 19 medlem
546 581 29 18 uti
591 582 29 18 ett
635 580 75 19 sådant
726 580 73 26 bolags
817 581 111 25 direktion,
949 587 25 13 en

230 618 44 25 sak,
297 616 86 20 hvilken
406 615 38 19 har
459 615 53 19 intet
531 616 29 17 att
575 614 67 19 skaffa
661 614 48 19 med
725 614 76 26 sjelfva
815 614 160 20 koncessionen.

229 652 101 20 Deremot
351 649 71 20 kunde
446 648 35 20 det
504 648 41 20 låta
566 650 51 24 göra
637 648 38 26 sig,
694 650 31 17 att
741 648 131 26 Regeringen
888 648 87 19 skulle
964 644 14 34 i

230 693 25 13 en
272 684 89 20 särskild
382 683 124 25 författning
525 682 105 24 förordna,
650 684 30 17 att
695 688 27 13 en
739 682 128 20 embetsman
883 682 47 20 icke
946 682 31 19 får

231 719 113 20 innehafva
363 716 240 28 jernvägskoncession;
625 722 47 13 men
697 717 31 18 att
742 716 96 26 förbjuda
856 716 75 20 honom
948 718 28 17 att

230 760 51 14 vara
303 752 97 26 delegare
415 751 6 19 i
437 752 30 18 ett
487 749 170 27 jernvägsbolag,
680 749 83 20 hvilket
784 750 48 20 icke
854 756 65 20 gerna
934 750 41 19 kan

230 788 39 20 ske
284 786 125 21 annorledes
429 787 26 17 än
474 790 76 20 genom
569 783 157 20 innehafvande
742 783 23 19 af
778 783 75 27 aktier,
868 790 61 14 anser
940 784 37 26 jag

231 828 49 13 vara
299 821 31 19 för
345 821 87 24 strängt.
461 818 26 25 Ej
503 817 65 20 heller
583 823 61 13 anser
657 818 37 25 jag
706 817 36 19 det
750 824 49 13 vara
810 818 91 19 särdeles
912 818 64 26 lämp-

231 856 39 26 ligt
284 855 52 19 eller
351 853 27 27 pä
393 852 65 26 nägot
473 853 40 18 sätt
529 851 130 25 motiveradt,
675 853 30 17 att
724 851 116 20 Ständerne
860 852 66 19 skulle
942 858 35 19 pe-

231 890 98 19 titionera
344 893 33 14 om
394 888 30 17 att
439 892 26 13 en
481 885 83 20 Statens
580 885 65 26 högre
660 885 131 19 embetsman
803 885 46 19 icke
861 885 55 26 finge
928 892 50 12 vara

231 923 90 20 medlem
337 921 30 20 uti
382 919 133 21 direktionen
532 919 31 19 för
578 920 29 18 ett
620 918 173 27 jernvägsbolag.
808 919 40 26 Jag
863 921 58 24 tager
935 919 42 26 mig

232 957 82 20 derföre
336 955 90 20 friheten
450 952 83 25 föreslä,
555 954 30 18 att
607 952 47 20 hela
669 952 161 26 ifrägavarande
847 953 131 26 bestämning

232 991 64 20 mätte
317 997 23 12 ur
362 988 112 20 utskottets
496 986 133 21 betänkande
652 986 50 26 utgä
725 986 39 19 och
787 986 6 19 i
814 986 69 20 stället
905 987 74 20 endast

232 1024 127 24 framhållas,
375 1024 30 18 att
420 1021 91 20 medlem
527 1020 22 20 af
563 1020 81 19 landets
660 1020 90 25 styrelse
765 1019 48 20 icke
829 1020 64 20 borde
914 1021 63 19 bevil-

230 1061 32 24 jas
278 1057 126 21 koncession
427 1055 31 20 för
476 1054 236 26 jernvägsanläggning,
734 1053 51 20 eller
801 1054 178 20 omhänderhafva

232 1091 131 26 ombudskap
378 1090 32 19 för
424 1084 282 35 jernvägskoncessionärer.

301 1127 53 18 Herr
369 1123 142 21 Mechelin:
530 1121 40 27 Jag
590 1121 37 20 har
644 1121 74 26 begärt
736 1121 67 26 ordet,
819 1121 31 20 för
866 1124 36 24 att,
917 1123 7 19 i
939 1123 39 19 lik-

233 1162 36 19 het
291 1160 46 20 med
360 1158 56 20 hvad
438 1157 53 19 Herr
515 1155 112 20 Wasenius
645 1155 66 20 redan
726 1155 61 26 gjort,
803 1155 83 26 päpeka
901 1157 40 19 den
957 1163 21 13 o-

233 1194 137 27 egentlighet,
386 1198 44 13 som
446 1190 142 20 förekommer
607 1189 29 19 uti
655 1189 112 19 utskottets
790 1189 140 27 betänkande,
953 1191 26 19 dä

234 1230 35 19 det
284 1231 60 23 säges
360 1226 64 19 hafva
439 1224 53 19 varit
508 1230 25 13 en
550 1223 51 20 brist
616 1223 29 19 uti
665 1223 25 19 de
710 1222 74 20 hittills
804 1222 104 27 beviljade
927 1224 51 20 kon-

233 1263 133 20 cessionerne
383 1262 30 17 att
429 1259 27 19 uti
473 1258 48 19 dem
537 1257 47 20 icke
600 1257 66 26 ingått
680 1259 31 17 ett
727 1257 75 19 förbud
821 1257 32 19 för
873 1264 25 13 en
915 1258 64 26 högre

233 1297 130 20 embetsman
386 1295 30 18 att
437 1292 114 20 innehafva
573 1291 125 20 koncession
716 1291 12 19 å
744 1291 235 27 jernvägsanläggning.

232 1332 36 19 Ett
284 1330 73 20 sådant
372 1327 74 20 förbud
462 1327 43 19 kan
521 1326 33 19 väl
569 1326 47 19 icke
633 1325 47 20 med
696 1325 46 19 skäl
754 1325 49 26 ingå
819 1325 6 19 i
841 1325 74 25 sjelfva
928 1326 50 19 kon-

234 1365 116 23 cessionen,
366 1362 39 19 och
421 1364 22 16 är
459 1362 30 18 ett
503 1360 74 19 sådant
597 1359 75 20 förbud
687 1359 110 26 behöfligt,
813 1359 67 19 finner
893 1360 37 26 jag
946 1360 35 19 det

234 1405 58 14 mera
307 1389 96 33 lämpligt
420 1397 30 18 att
469 1395 36 19 det
525 1394 66 26 gifves
607 1394 27 25 pä
648 1399 71 14 annan
735 1395 41 24 väg
791 1395 27 16 än
833 1393 6 19 i
855 1399 26 13 en
897 1393 34 27 lag
947 1400 32 13 om

231 1425 236 39 jernvägskoncession.
497 1428 41 27 Jag
561 1428 86 20 föreslär
670 1427 91 26 derföre,
783 1429 30 17 att
835 1433 23 13 ur
873 1427 57 20 detta
946 1427 33 20 be-
