1070 1786
435 156 41 18 Den
488 157 23 16 20
522 155 63 24 April.
828 158 34 17 739

136 215 140 26 ofullständig.
305 214 61 20 Hvad
381 214 40 20 den
438 214 105 20 mellersta
563 214 101 26 perioden
691 215 138 27 vidkommer,
852 217 31 18 in-

137 248 37 27 går
189 249 43 19 deri
249 255 25 13 en
290 248 73 20 latitud
385 248 148 26 begränsning,
555 248 39 19 och
614 248 68 20 skulle
700 249 37 26 jag
753 249 82 20 derföre
852 250 31 19 för

137 283 43 19 min
196 283 33 19 del
244 283 54 19 helst
313 289 22 13 se
350 284 31 17 att
395 282 40 20 den
453 282 102 25 bortfölle,
572 282 65 19 ehuru
650 283 38 25 jag
706 283 32 19 för
756 283 63 26 öfrigt
834 283 48 20 icke

137 316 41 19 kan
195 316 93 26 uppfatta
307 316 40 20 den
367 316 68 19 såsom
452 316 22 19 så
489 315 115 26 bindande,
622 317 30 18 att
668 316 40 19 den
725 316 66 20 skulle
807 316 76 20 hindra

137 356 25 13 en
178 350 27 26 på
220 350 65 20 andra
300 350 90 26 grunder
406 350 60 19 ställd
482 350 100 26 pröfning
598 350 23 19 af
633 350 93 19 ärendet.
742 350 41 20 Det
797 353 23 17 är
836 351 46 20 der-

136 384 44 20 före
196 390 44 14 som
253 384 37 26 jag
305 384 47 20 icke
368 384 36 19 har
420 384 92 19 förordat
527 383 71 27 någon
614 384 128 26 förändring.

204 418 54 20 Herr
273 414 147 30 Öhrnberg:
439 414 69 23 Äfven
525 418 38 26 jag
579 418 58 19 delar
652 418 40 19 den
709 418 60 26 åsigt,
789 420 30 18 att
833 419 6 19 i
857 426 25 13 en

136 452 64 19 sådan
216 452 65 26 fråga,
297 458 43 13 som
356 451 40 20 den
412 452 145 23 förevarande,
574 451 51 20 eller
644 452 26 19 då
685 452 116 20 Ständerne
820 453 63 20 hafva

137 486 32 19 för
191 485 63 27 afsigt
272 487 31 18 att
321 486 37 19 hos
378 486 57 19 Hans
454 486 120 26 Kejserliga
592 486 97 25 Majestät
704 486 83 20 anhålla
803 493 33 13 om
853 489 29 17 ut-

138 519 114 20 arbetande
267 520 24 19 af
304 521 28 18 ett
347 520 114 26 lagförslag
475 520 7 19 i
498 521 31 18 ett
547 520 52 19 visst
619 522 69 23 ämne,
703 522 30 17 att
749 520 34 20 vid
802 527 26 13 en
845 521 37 19 föl-

136 554 64 26 jande
223 554 100 26 landtdag
346 554 115 20 Ständerne
485 554 126 26 föreläggas,
634 553 117 21 Ständerne
772 557 53 23 göra
843 556 41 19 rätt

138 588 28 20 uti
182 590 28 18 att
225 588 47 19 icke
295 588 64 19 inläta
381 588 31 26 sig
427 588 7 19 i
450 588 65 26 några
534 588 167 26 önskningsmäl,
724 589 111 25 angående
854 590 26 19 de

138 622 103 20 särskilda
260 622 129 26 stadganden
418 622 39 20 och
485 622 165 26 bestämningar,
673 628 45 14 som
741 622 64 20 borde
829 624 53 19 före-

138 656 84 20 komma
237 656 7 20 i
260 656 134 26 lagförslaget
408 656 39 20 och
463 656 62 20 deras
540 655 101 25 innehäll,
662 656 42 19 förr
722 659 26 17 än
763 658 30 18 ett
808 657 76 19 sädant

137 690 78 26 förslag
238 693 22 17 är
282 690 124 26 utarbetadt,
429 690 44 20 dels
494 690 84 20 derföre
593 692 30 18 att
638 696 48 14 man
702 690 123 26 derigenom
841 691 42 20 kan

138 724 109 20 motverka
261 725 126 25 petitionens
402 724 105 26 syftemäl,
523 724 87 20 sälunda
623 727 30 17 att
663 724 141 27 Regeringen,
814 726 7 18 i
831 726 51 19 hän-

139 759 57 19 delse
219 758 40 20 den
282 758 47 20 icke
351 758 41 20 kan
416 758 72 20 förena
511 758 32 26 sig
565 764 32 14 om
612 758 42 20 alla
670 758 26 20 de
711 758 104 20 särskilda
829 760 53 19 före-

139 792 73 26 slagne
227 792 161 27 stadganderna,
406 792 53 20 läter
479 792 48 20 hela
547 792 74 26 frägan
636 792 89 26 förfalla,
740 793 45 19 dels
801 793 82 21 derföre

137 829 36 23 att,
197 826 46 20 med
266 826 99 20 afseende
380 826 12 20 å
408 826 40 20 den
470 826 65 27 långa
557 826 37 26 tid,
618 833 44 13 som
679 826 94 26 förflyter
791 828 90 20 emellan

138 861 126 20 Ständernes
287 863 77 23 möten,
387 860 35 20 det
444 860 105 26 svärligen
572 860 41 20 kan
633 861 7 19 i
658 860 100 20 afseende
776 861 13 19 &
804 862 79 20 sädana

138 895 223 26 detaljbestämningar
376 895 48 19 med
440 894 70 27 nägon
525 894 52 26 grad
589 894 21 19 af
619 894 80 20 visshet
710 895 95 26 förutses,
821 895 60 20 huru-

138 929 54 20 dana
214 929 106 26 äsigterna
341 931 37 17 äro
395 929 6 18 i
417 928 61 20 dessa
501 928 65 25 delar,
587 927 26 20 dä
633 927 73 27 frägan
722 929 91 20 omsider
828 930 53 19 före-

137 963 73 26 lägges
225 963 127 19 Ständernes
367 962 137 26 granskning.
534 962 41 19 Det
591 962 41 19 kan
648 962 65 20 ocksä
723 963 111 20 anmärkas
845 966 37 24 att,

137 1004 34 13 om
186 997 123 25 Ständerne,
332 996 47 20 med
399 996 92 27 verkligt
505 996 92 26 anspräk
613 996 27 26 pä
655 998 30 18 att
700 997 63 20 vinna
782 998 100 21 afseende

137 1031 31 20 för
184 1031 45 19 sina
248 1030 158 27 önskningsmäl
426 1030 110 27 angäende
555 1030 78 20 sädana
652 1031 231 28 detaljbestämningar,

137 1065 117 26 framlägga
268 1065 45 19 sina
328 1065 77 26 förslag
421 1064 51 20 eller
488 1064 85 27 äsigter,
589 1064 61 20 dessa
665 1065 65 20 borde
748 1066 92 25 grundas
856 1067 26 26 pä

137 1105 26 13 en
186 1098 129 27 föregängen
337 1099 124 26 genomförd
482 1099 127 26 diskussion,
625 1099 85 20 hvilken
726 1099 56 20 hvad
797 1100 84 27 förelig-

137 1133 69 26 gande
220 1132 60 27 fräga
295 1132 130 20 vidkommer
440 1132 49 20 icke
505 1135 56 17 ännu
577 1133 69 26 nägon
662 1139 62 20 synes
740 1133 63 20 hafva
815 1135 68 20 inledt

138 1167 38 20 och
193 1166 86 20 hvilken
293 1167 36 25 jag
344 1167 32 19 för
391 1167 42 18 min
450 1166 33 20 del
499 1166 68 20 skulle
587 1173 51 13 anse
658 1167 131 27 öfverflödig.
819 1169 64 20 Detta

137 1200 65 20 borde
227 1200 55 20 dock
306 1201 18 25 ej
350 1200 76 20 hindra
450 1200 117 20 Ständerne
589 1202 36 23 att,
641 1200 7 19 i
663 1201 152 27 sammanhang
835 1204 46 19 med

137 1235 75 26 sjelfva
231 1233 180 27 önskningsmälet
434 1237 76 16 nämna
533 1234 26 20 de
578 1234 243 28 hufvudbestämningar,
837 1244 44 14 som

137 1269 71 19 kunde
231 1268 65 26 enligt
318 1275 26 12 nu
367 1268 93 19 rädande
483 1268 79 26 äsigter
580 1268 79 19 införas
679 1269 29 19 uti
724 1269 36 20 det
774 1269 108 22 blifvande

136 1302 147 27 lagförslaget;
299 1302 60 20 dessa
374 1302 54 20 dock
445 1309 64 19 mera,
525 1302 67 19 såsom
610 1303 97 25 exempel
726 1306 27 17 än
773 1303 110 22 bestämda

136 1336 135 26 önskningar.
287 1335 39 27 Jag
342 1336 35 19 vill
394 1336 81 20 derföre
491 1336 74 20 förena
581 1337 43 26 mig
639 1343 33 13 om
688 1337 40 19 den
740 1337 64 20 redan
819 1339 62 20 fram-

136 1369 76 20 ställda
222 1369 81 26 äsigten
313 1372 29 17 att
353 1369 160 28 ifrågavarande
525 1370 223 27 detaljbestämuingar
758 1371 48 20 icke
817 1372 65 21 borde

136 1403 50 27 ingå
201 1403 29 19 uti
246 1403 40 20 den
298 1404 83 26 slutliga
391 1404 106 25 anhållan,
509 1405 109 19 hvaremot
626 1405 38 26 jag
674 1411 62 14 anser
754 1405 47 20 dem
816 1406 65 27 lämp-

137 1438 56 25 ligen
216 1437 71 20 kunna
308 1438 93 20 försvara
424 1439 31 18 sin
475 1439 54 25 plats
548 1439 29 19 uti
596 1439 40 19 den
652 1439 116 26 inledning,
784 1447 44 13 som
846 1441 37 20 bör
