<?xml version="1.0" encoding="UTF-8"?>
<alto xmlns="http://www.loc.gov/standards/alto/ns-v3#" xmlns:xlink="http://www.w3.org/1999/xlink" xmlns:xsi="http://www.w3.org/2001/XMLSchema-instance" xsi:schemaLocation="http://www.loc.gov/standards/alto/ns-v3# http://www.loc.gov/alto/v3/alto-3-0.xsd">
	<Description>
		<MeasurementUnit>pixel</MeasurementUnit>
		<sourceImageInformation>
			<fileName>/tmp/tess_ffjefo5s_input.PNG</fileName>
		</sourceImageInformation>
		<OCRProcessing ID="OCR_0">
			<ocrProcessingStep>
				<processingSoftware>
					<softwareName>tesseract 5.3.4</softwareName>
				</processingSoftware>
			</ocrProcessingStep>
		</OCRProcessing>
	</Description>
	<Layout>
		<Page WIDTH="1070" HEIGHT="1786" PHYSICAL_IMG_NR="0" ID="page_0">
			<PrintSpace HPOS="0" VPOS="0" WIDTH="1070" HEIGHT="1786">
				<ComposedBlock ID="cblock_0" HPOS="249" VPOS="144" WIDTH="429" HEIGHT="23">
					<TextBlock ID="block_0" HPOS="249" VPOS="144" WIDTH="429" HEIGHT="23">
						<TextLine ID="line_0" HPOS="249" VPOS="144" WIDTH="429" HEIGHT="23">
							<String ID="string_0" HPOS="249" VPOS="147" WIDTH="34" HEIGHT="17" WC="0.96" CONTENT="844"/><SP WIDTH="248" VPOS="147" HPOS="283"/>
							<String ID="string_1" HPOS="531" VPOS="145" WIDTH="39" HEIGHT="16" WC="0.96" CONTENT="Den"/><SP WIDTH="13" VPOS="145" HPOS="570"/>
							<String ID="string_2" HPOS="583" VPOS="145" WIDTH="23" HEIGHT="16" WC="0.96" CONTENT="30"/><SP WIDTH="12" VPOS="145" HPOS="606"/>
							<String ID="string_3" HPOS="618" VPOS="144" WIDTH="60" HEIGHT="23" WC="0.95" CONTENT="April."/>
						</TextLine>
					</TextBlock>
				</ComposedBlock>
				<ComposedBlock ID="cblock_1" HPOS="228" VPOS="201" WIDTH="767" HEIGHT="1245">
					<TextBlock ID="block_1" HPOS="228" VPOS="201" WIDTH="756" HEIGHT="395">
						<TextLine ID="line_1" HPOS="228" VPOS="201" WIDTH="752" HEIGHT="27">
							<String ID="string_4" HPOS="228" VPOS="204" WIDTH="100" HEIGHT="19" WC="0.95" CONTENT="utskottet"/><SP WIDTH="22" VPOS="204" HPOS="328"/>
							<String ID="string_5" HPOS="350" VPOS="206" WIDTH="28" HEIGHT="17" WC="0.95" CONTENT="än"/><SP WIDTH="24" VPOS="206" HPOS="378"/>
							<String ID="string_6" HPOS="402" VPOS="202" WIDTH="40" HEIGHT="20" WC="0.96" CONTENT="ock"/><SP WIDTH="23" VPOS="202" HPOS="442"/>
							<String ID="string_7" HPOS="465" VPOS="209" WIDTH="34" HEIGHT="13" WC="0.96" CONTENT="om"/><SP WIDTH="16" VPOS="209" HPOS="499"/>
							<String ID="string_8" HPOS="515" VPOS="201" WIDTH="160" HEIGHT="20" WC="0.80" CONTENT="bestämmande"/><SP WIDTH="18" VPOS="201" HPOS="675"/>
							<String ID="string_9" HPOS="693" VPOS="202" WIDTH="111" HEIGHT="26" WC="0.96" CONTENT="angående"/><SP WIDTH="16" VPOS="202" HPOS="804"/>
							<String ID="string_10" HPOS="820" VPOS="202" WIDTH="160" HEIGHT="26" WC="0.96" CONTENT="utbetalningen"/>
						</TextLine>
						<TextLine ID="line_2" HPOS="228" VPOS="235" WIDTH="753" HEIGHT="26">
							<String ID="string_11" HPOS="228" VPOS="238" WIDTH="22" HEIGHT="20" WC="0.96" CONTENT="af"/><SP WIDTH="21" VPOS="238" HPOS="250"/>
							<String ID="string_12" HPOS="271" VPOS="238" WIDTH="26" HEIGHT="19" WC="0.96" CONTENT="de"/><SP WIDTH="22" VPOS="238" HPOS="297"/>
							<String ID="string_13" HPOS="319" VPOS="237" WIDTH="103" HEIGHT="22" WC="0.96" CONTENT="arvoden,"/><SP WIDTH="22" VPOS="237" HPOS="422"/>
							<String ID="string_14" HPOS="444" VPOS="242" WIDTH="44" HEIGHT="13" WC="0.93" CONTENT="som"/><SP WIDTH="24" VPOS="242" HPOS="488"/>
							<String ID="string_15" HPOS="512" VPOS="235" WIDTH="118" HEIGHT="20" WC="0.89" CONTENT="tillkomme"/><SP WIDTH="21" VPOS="235" HPOS="630"/>
							<String ID="string_16" HPOS="651" VPOS="235" WIDTH="188" HEIGHT="26" WC="0.92" CONTENT="Borgareståndets"/><SP WIDTH="25" VPOS="235" HPOS="839"/>
							<String ID="string_17" HPOS="864" VPOS="236" WIDTH="117" HEIGHT="19" WC="0.96" CONTENT="ledamöter"/>
						</TextLine>
						<TextLine ID="line_3" HPOS="228" VPOS="267" WIDTH="751" HEIGHT="30">
							<String ID="string_18" HPOS="228" VPOS="272" WIDTH="39" HEIGHT="20" WC="0.96" CONTENT="och"/><SP WIDTH="16" VPOS="272" HPOS="267"/>
							<String ID="string_19" HPOS="283" VPOS="271" WIDTH="136" HEIGHT="26" WC="0.96" CONTENT="suppleanter"/><SP WIDTH="15" VPOS="271" HPOS="419"/>
							<String ID="string_20" HPOS="434" VPOS="271" WIDTH="6" HEIGHT="18" WC="0.92" CONTENT="i"/><SP WIDTH="16" VPOS="271" HPOS="440"/>
							<String ID="string_21" HPOS="456" VPOS="270" WIDTH="148" HEIGHT="25" WC="0.91" CONTENT="Expeditions-"/><SP WIDTH="10" VPOS="270" HPOS="604"/>
							<String ID="string_22" HPOS="614" VPOS="269" WIDTH="38" HEIGHT="20" WC="0.93" CONTENT="och"/><SP WIDTH="9" VPOS="269" HPOS="652"/>
							<String ID="string_23" HPOS="661" VPOS="267" WIDTH="226" HEIGHT="28" WC="0.91" CONTENT="Justeringsutskotten"/><SP WIDTH="13" VPOS="267" HPOS="887"/>
							<String ID="string_24" HPOS="900" VPOS="269" WIDTH="31" HEIGHT="20" WC="0.96" CONTENT="för"/><SP WIDTH="8" VPOS="269" HPOS="931"/>
							<String ID="string_25" HPOS="939" VPOS="269" WIDTH="40" HEIGHT="20" WC="0.96" CONTENT="den"/>
						</TextLine>
						<TextLine ID="line_4" HPOS="229" VPOS="302" WIDTH="752" HEIGHT="27">
							<String ID="string_26" HPOS="229" VPOS="306" WIDTH="29" HEIGHT="19" WC="0.91" CONTENT="tid"/><SP WIDTH="17" VPOS="306" HPOS="258"/>
							<String ID="string_27" HPOS="275" VPOS="305" WIDTH="59" HEIGHT="20" WC="0.91" CONTENT="desse"/><SP WIDTH="24" VPOS="305" HPOS="334"/>
							<String ID="string_28" HPOS="358" VPOS="304" WIDTH="54" HEIGHT="20" WC="0.93" CONTENT="efter"/><SP WIDTH="23" VPOS="304" HPOS="412"/>
							<String ID="string_29" HPOS="435" VPOS="303" WIDTH="139" HEIGHT="26" WC="0.92" CONTENT="landtdagens"/><SP WIDTH="24" VPOS="303" HPOS="574"/>
							<String ID="string_30" HPOS="598" VPOS="302" WIDTH="118" HEIGHT="20" WC="0.91" CONTENT="afslutande"/><SP WIDTH="23" VPOS="302" HPOS="716"/>
							<String ID="string_31" HPOS="739" VPOS="310" WIDTH="50" HEIGHT="12" WC="0.96" CONTENT="vore"/><SP WIDTH="20" VPOS="310" HPOS="789"/>
							<String ID="string_32" HPOS="809" VPOS="303" WIDTH="24" HEIGHT="20" WC="0.96" CONTENT="af"/><SP WIDTH="12" VPOS="303" HPOS="833"/>
							<String ID="string_33" HPOS="845" VPOS="304" WIDTH="47" HEIGHT="18" WC="0.93" CONTENT="sina"/><SP WIDTH="15" VPOS="304" HPOS="892"/>
							<String ID="string_34" HPOS="907" VPOS="303" WIDTH="74" HEIGHT="19" WC="0.92" CONTENT="befatt-"/>
						</TextLine>
						<TextLine ID="line_5" HPOS="229" VPOS="337" WIDTH="752" HEIGHT="29">
							<String ID="string_35" HPOS="229" VPOS="340" WIDTH="75" HEIGHT="26" WC="0.91" CONTENT="ningar"/><SP WIDTH="15" VPOS="340" HPOS="304"/>
							<String ID="string_36" HPOS="319" VPOS="340" WIDTH="114" HEIGHT="24" WC="0.91" CONTENT="upptagne,"/><SP WIDTH="24" VPOS="340" HPOS="433"/>
							<String ID="string_37" HPOS="457" VPOS="337" WIDTH="76" HEIGHT="25" WC="0.95" CONTENT="blefvo,"/><SP WIDTH="21" VPOS="337" HPOS="533"/>
							<String ID="string_38" HPOS="554" VPOS="337" WIDTH="53" HEIGHT="19" WC="0.96" CONTENT="efter"/><SP WIDTH="15" VPOS="337" HPOS="607"/>
							<String ID="string_39" HPOS="622" VPOS="337" WIDTH="71" HEIGHT="19" WC="0.96" CONTENT="derom"/><SP WIDTH="17" VPOS="337" HPOS="693"/>
							<String ID="string_40" HPOS="710" VPOS="338" WIDTH="130" HEIGHT="19" WC="0.93" CONTENT="framställda"/><SP WIDTH="18" VPOS="338" HPOS="840"/>
							<String ID="string_41" HPOS="858" VPOS="337" WIDTH="123" HEIGHT="26" WC="0.92" CONTENT="propositio-"/>
						</TextLine>
						<TextLine ID="line_6" HPOS="230" VPOS="370" WIDTH="751" HEIGHT="28">
							<String ID="string_42" HPOS="230" VPOS="380" WIDTH="44" HEIGHT="18" WC="0.96" CONTENT="ner,"/><SP WIDTH="23" VPOS="380" HPOS="274"/>
							<String ID="string_43" HPOS="297" VPOS="372" WIDTH="57" HEIGHT="20" WC="0.93" CONTENT="såväl"/><SP WIDTH="27" VPOS="372" HPOS="354"/>
							<String ID="string_44" HPOS="381" VPOS="370" WIDTH="252" HEIGHT="27" WC="0.77" CONTENT="Expeditionsutskottets"/><SP WIDTH="23" VPOS="370" HPOS="633"/>
							<String ID="string_45" HPOS="656" VPOS="371" WIDTH="155" HEIGHT="20" WC="0.91" CONTENT="ofvanberörda"/><SP WIDTH="18" VPOS="371" HPOS="811"/>
							<String ID="string_46" HPOS="829" VPOS="370" WIDTH="152" HEIGHT="20" WC="0.91" CONTENT="skrifvelseför-"/>
						</TextLine>
						<TextLine ID="line_7" HPOS="230" VPOS="404" WIDTH="753" HEIGHT="29">
							<String ID="string_47" HPOS="230" VPOS="408" WIDTH="52" HEIGHT="25" WC="0.96" CONTENT="slag,"/><SP WIDTH="23" VPOS="408" HPOS="282"/>
							<String ID="string_48" HPOS="305" VPOS="413" WIDTH="43" HEIGHT="13" WC="0.96" CONTENT="som"/><SP WIDTH="20" VPOS="413" HPOS="348"/>
							<String ID="string_49" HPOS="368" VPOS="405" WIDTH="40" HEIGHT="20" WC="0.93" CONTENT="ock"/><SP WIDTH="20" VPOS="405" HPOS="408"/>
							<String ID="string_50" HPOS="428" VPOS="404" WIDTH="254" HEIGHT="20" WC="0.91" CONTENT="Talmanskonferensens"/><SP WIDTH="20" VPOS="404" HPOS="682"/>
							<String ID="string_51" HPOS="702" VPOS="404" WIDTH="78" HEIGHT="27" WC="0.95" CONTENT="förslag"/><SP WIDTH="15" VPOS="404" HPOS="780"/>
							<String ID="string_52" HPOS="795" VPOS="411" WIDTH="33" HEIGHT="13" WC="0.95" CONTENT="om"/><SP WIDTH="17" VPOS="411" HPOS="828"/>
							<String ID="string_53" HPOS="845" VPOS="404" WIDTH="138" HEIGHT="20" WC="0.95" CONTENT="tillsättandet"/>
						</TextLine>
						<TextLine ID="line_8" HPOS="230" VPOS="438" WIDTH="752" HEIGHT="27">
							<String ID="string_54" HPOS="230" VPOS="441" WIDTH="23" HEIGHT="19" WC="0.96" CONTENT="af"/><SP WIDTH="14" VPOS="441" HPOS="253"/>
							<String ID="string_55" HPOS="267" VPOS="442" WIDTH="29" HEIGHT="18" WC="0.92" CONTENT="ett"/><SP WIDTH="15" VPOS="442" HPOS="296"/>
							<String ID="string_56" HPOS="311" VPOS="438" WIDTH="200" HEIGHT="27" WC="0.92" CONTENT="Justeringsutskott"/><SP WIDTH="15" VPOS="438" HPOS="511"/>
							<String ID="string_57" HPOS="526" VPOS="438" WIDTH="23" HEIGHT="19" WC="0.93" CONTENT="af"/><SP WIDTH="12" VPOS="438" HPOS="549"/>
							<String ID="string_58" HPOS="561" VPOS="438" WIDTH="179" HEIGHT="26" WC="0.91" CONTENT="Borgareståndet"/><SP WIDTH="15" VPOS="438" HPOS="740"/>
							<String ID="string_59" HPOS="755" VPOS="438" WIDTH="31" HEIGHT="20" WC="0.96" CONTENT="till"/><SP WIDTH="15" VPOS="438" HPOS="786"/>
							<String ID="string_60" HPOS="801" VPOS="438" WIDTH="42" HEIGHT="20" WC="0.96" CONTENT="alla"/><SP WIDTH="15" VPOS="438" HPOS="843"/>
							<String ID="string_61" HPOS="858" VPOS="438" WIDTH="58" HEIGHT="20" WC="0.93" CONTENT="delar"/><SP WIDTH="16" VPOS="438" HPOS="916"/>
							<String ID="string_62" HPOS="932" VPOS="438" WIDTH="50" HEIGHT="26" WC="0.91" CONTENT="god-"/>
						</TextLine>
						<TextLine ID="line_9" HPOS="232" VPOS="472" WIDTH="751" HEIGHT="27">
							<String ID="string_63" HPOS="232" VPOS="474" WIDTH="76" HEIGHT="25" WC="0.96" CONTENT="kända,"/><SP WIDTH="16" VPOS="474" HPOS="308"/>
							<String ID="string_64" HPOS="324" VPOS="474" WIDTH="109" HEIGHT="19" WC="0.93" CONTENT="äfvensom"/><SP WIDTH="16" VPOS="474" HPOS="433"/>
							<String ID="string_65" HPOS="449" VPOS="472" WIDTH="88" HEIGHT="20" WC="0.91" CONTENT="Ständet"/><SP WIDTH="23" VPOS="472" HPOS="537"/>
							<String ID="string_66" HPOS="560" VPOS="472" WIDTH="57" HEIGHT="20" WC="0.96" CONTENT="biföll"/><SP WIDTH="17" VPOS="472" HPOS="617"/>
							<String ID="string_67" HPOS="634" VPOS="472" WIDTH="30" HEIGHT="19" WC="0.93" CONTENT="till"/><SP WIDTH="20" VPOS="472" HPOS="664"/>
							<String ID="string_68" HPOS="684" VPOS="472" WIDTH="183" HEIGHT="26" WC="0.95" CONTENT="framställningen"/><SP WIDTH="23" VPOS="472" HPOS="867"/>
							<String ID="string_69" HPOS="890" VPOS="478" WIDTH="34" HEIGHT="14" WC="0.93" CONTENT="om"/><SP WIDTH="20" VPOS="478" HPOS="924"/>
							<String ID="string_70" HPOS="944" VPOS="472" WIDTH="39" HEIGHT="19" WC="0.88" CONTENT="till-"/>
						</TextLine>
						<TextLine ID="line_10" HPOS="232" VPOS="505" WIDTH="752" HEIGHT="27">
							<String ID="string_71" HPOS="232" VPOS="508" WIDTH="95" HEIGHT="20" WC="0.92" CONTENT="sättande"/><SP WIDTH="23" VPOS="508" HPOS="327"/>
							<String ID="string_72" HPOS="350" VPOS="506" WIDTH="24" HEIGHT="20" WC="0.96" CONTENT="af"/><SP WIDTH="20" VPOS="506" HPOS="374"/>
							<String ID="string_73" HPOS="394" VPOS="512" WIDTH="26" HEIGHT="14" WC="0.96" CONTENT="en"/><SP WIDTH="22" VPOS="512" HPOS="420"/>
							<String ID="string_74" HPOS="442" VPOS="506" WIDTH="65" HEIGHT="19" WC="0.96" CONTENT="andre"/><SP WIDTH="19" VPOS="506" HPOS="507"/>
							<String ID="string_75" HPOS="526" VPOS="506" WIDTH="110" HEIGHT="26" WC="0.96" CONTENT="suppleant"/><SP WIDTH="16" VPOS="506" HPOS="636"/>
							<String ID="string_76" HPOS="652" VPOS="506" WIDTH="7" HEIGHT="18" WC="0.93" CONTENT="i"/><SP WIDTH="15" VPOS="506" HPOS="659"/>
							<String ID="string_77" HPOS="674" VPOS="505" WIDTH="252" HEIGHT="27" WC="0.91" CONTENT="Expeditionsutskottet;"/><SP WIDTH="18" VPOS="505" HPOS="926"/>
							<String ID="string_78" HPOS="944" VPOS="505" WIDTH="40" HEIGHT="20" WC="0.96" CONTENT="och"/>
						</TextLine>
						<TextLine ID="line_11" HPOS="232" VPOS="539" WIDTH="751" HEIGHT="27">
							<String ID="string_79" HPOS="232" VPOS="542" WIDTH="69" HEIGHT="20" WC="0.93" CONTENT="skulle"/><SP WIDTH="15" VPOS="542" HPOS="301"/>
							<String ID="string_80" HPOS="316" VPOS="540" WIDTH="100" HEIGHT="21" WC="0.92" CONTENT="Ståndets"/><SP WIDTH="14" VPOS="540" HPOS="416"/>
							<String ID="string_81" HPOS="430" VPOS="539" WIDTH="112" HEIGHT="21" WC="0.92" CONTENT="Elektorer"/><SP WIDTH="20" VPOS="539" HPOS="542"/>
							<String ID="string_82" HPOS="562" VPOS="539" WIDTH="113" HEIGHT="20" WC="0.96" CONTENT="verkställa"/><SP WIDTH="20" VPOS="539" HPOS="675"/>
							<String ID="string_83" HPOS="695" VPOS="540" WIDTH="25" HEIGHT="19" WC="0.96" CONTENT="de"/><SP WIDTH="17" VPOS="540" HPOS="720"/>
							<String ID="string_84" HPOS="737" VPOS="540" WIDTH="6" HEIGHT="19" WC="0.96" CONTENT="i"/><SP WIDTH="20" VPOS="540" HPOS="743"/>
							<String ID="string_85" HPOS="763" VPOS="540" WIDTH="50" HEIGHT="26" WC="0.96" CONTENT="följd"/><SP WIDTH="17" VPOS="540" HPOS="813"/>
							<String ID="string_86" HPOS="830" VPOS="539" WIDTH="62" HEIGHT="20" WC="0.96" CONTENT="häraf"/><SP WIDTH="13" VPOS="539" HPOS="892"/>
							<String ID="string_87" HPOS="905" VPOS="540" WIDTH="78" HEIGHT="26" WC="0.96" CONTENT="nödiga"/>
						</TextLine>
						<TextLine ID="line_12" HPOS="234" VPOS="576" WIDTH="68" HEIGHT="20">
							<String ID="string_88" HPOS="234" VPOS="576" WIDTH="68" HEIGHT="20" WC="0.95" CONTENT="valen."/>
						</TextLine>
					</TextBlock>
					<TextBlock ID="block_2" HPOS="234" VPOS="606" WIDTH="755" HEIGHT="433">
						<TextLine ID="line_13" HPOS="300" VPOS="606" WIDTH="683" HEIGHT="28">
							<String ID="string_89" HPOS="300" VPOS="608" WIDTH="134" HEIGHT="21" WC="0.93" CONTENT="Beträffande"/><SP WIDTH="16" VPOS="608" HPOS="434"/>
							<String ID="string_90" HPOS="450" VPOS="607" WIDTH="168" HEIGHT="26" WC="0.92" CONTENT="ersättningarne"/><SP WIDTH="16" VPOS="607" HPOS="618"/>
							<String ID="string_91" HPOS="634" VPOS="606" WIDTH="31" HEIGHT="20" WC="0.92" CONTENT="till"/><SP WIDTH="18" VPOS="606" HPOS="665"/>
							<String ID="string_92" HPOS="683" VPOS="607" WIDTH="189" HEIGHT="27" WC="0.91" CONTENT="Borgareståndets"/><SP WIDTH="18" VPOS="607" HPOS="872"/>
							<String ID="string_93" HPOS="890" VPOS="607" WIDTH="93" HEIGHT="20" WC="0.91" CONTENT="ledamö-"/>
						</TextLine>
						<TextLine ID="line_14" HPOS="234" VPOS="640" WIDTH="750" HEIGHT="28">
							<String ID="string_94" HPOS="234" VPOS="646" WIDTH="32" HEIGHT="18" WC="0.96" CONTENT="ter"/><SP WIDTH="22" VPOS="646" HPOS="266"/>
							<String ID="string_95" HPOS="288" VPOS="643" WIDTH="38" HEIGHT="20" WC="0.93" CONTENT="och"/><SP WIDTH="23" VPOS="643" HPOS="326"/>
							<String ID="string_96" HPOS="349" VPOS="641" WIDTH="157" HEIGHT="27" WC="0.91" CONTENT="suppleanter"/><SP WIDTH="-6" VPOS="641" HPOS="506"/>
							<String ID="string_97" HPOS="500" VPOS="636" WIDTH="15" HEIGHT="36" WC="0.93" CONTENT="i"/><SP WIDTH="10" VPOS="636" HPOS="515"/>
							<String ID="string_98" HPOS="525" VPOS="640" WIDTH="147" HEIGHT="26" WC="0.92" CONTENT="Expeditions-"/><SP WIDTH="24" VPOS="640" HPOS="672"/>
							<String ID="string_99" HPOS="696" VPOS="641" WIDTH="39" HEIGHT="19" WC="0.93" CONTENT="och"/><SP WIDTH="23" VPOS="641" HPOS="735"/>
							<String ID="string_100" HPOS="758" VPOS="641" WIDTH="226" HEIGHT="27" WC="0.92" CONTENT="Justeringsutskotten"/>
						</TextLine>
						<TextLine ID="line_15" HPOS="234" VPOS="674" WIDTH="753" HEIGHT="27">
							<String ID="string_101" HPOS="234" VPOS="678" WIDTH="32" HEIGHT="20" WC="0.95" CONTENT="för"/><SP WIDTH="23" VPOS="678" HPOS="266"/>
							<String ID="string_102" HPOS="289" VPOS="678" WIDTH="39" HEIGHT="19" WC="0.95" CONTENT="den"/><SP WIDTH="24" VPOS="678" HPOS="328"/>
							<String ID="string_103" HPOS="352" VPOS="676" WIDTH="31" HEIGHT="20" WC="0.95" CONTENT="tid"/><SP WIDTH="16" VPOS="676" HPOS="383"/>
							<String ID="string_104" HPOS="399" VPOS="675" WIDTH="53" HEIGHT="20" WC="0.93" CONTENT="efter"/><SP WIDTH="17" VPOS="675" HPOS="452"/>
							<String ID="string_105" HPOS="469" VPOS="674" WIDTH="130" HEIGHT="26" WC="0.92" CONTENT="landtdagen"/><SP WIDTH="15" VPOS="674" HPOS="599"/>
							<String ID="string_106" HPOS="614" VPOS="674" WIDTH="27" HEIGHT="20" WC="0.93" CONTENT="de"/><SP WIDTH="15" VPOS="674" HPOS="641"/>
							<String ID="string_107" HPOS="656" VPOS="674" WIDTH="85" HEIGHT="20" WC="0.92" CONTENT="komme"/><SP WIDTH="15" VPOS="674" HPOS="741"/>
							<String ID="string_108" HPOS="756" VPOS="677" WIDTH="31" HEIGHT="17" WC="0.96" CONTENT="att"/><SP WIDTH="14" VPOS="677" HPOS="787"/>
							<String ID="string_109" HPOS="801" VPOS="675" WIDTH="49" HEIGHT="19" WC="0.93" CONTENT="med"/><SP WIDTH="19" VPOS="675" HPOS="850"/>
							<String ID="string_110" HPOS="869" VPOS="675" WIDTH="118" HEIGHT="26" WC="0.92" CONTENT="uppdraget"/>
						</TextLine>
						<TextLine ID="line_16" HPOS="235" VPOS="708" WIDTH="751" HEIGHT="29">
							<String ID="string_111" HPOS="235" VPOS="718" WIDTH="51" HEIGHT="14" WC="0.93" CONTENT="vara"/><SP WIDTH="15" VPOS="718" HPOS="286"/>
							<String ID="string_112" HPOS="301" VPOS="710" WIDTH="129" HEIGHT="27" WC="0.96" CONTENT="sysselsatte,"/><SP WIDTH="16" VPOS="710" HPOS="430"/>
							<String ID="string_113" HPOS="446" VPOS="708" WIDTH="67" HEIGHT="21" WC="0.93" CONTENT="beslöt"/><SP WIDTH="15" VPOS="708" HPOS="513"/>
							<String ID="string_114" HPOS="528" VPOS="708" WIDTH="89" HEIGHT="20" WC="0.92" CONTENT="Ständet"/><SP WIDTH="22" VPOS="708" HPOS="617"/>
							<String ID="string_115" HPOS="639" VPOS="710" WIDTH="30" HEIGHT="18" WC="0.96" CONTENT="att"/><SP WIDTH="15" VPOS="710" HPOS="669"/>
							<String ID="string_116" HPOS="684" VPOS="708" WIDTH="60" HEIGHT="20" WC="0.93" CONTENT="dessa"/><SP WIDTH="15" VPOS="708" HPOS="744"/>
							<String ID="string_117" HPOS="759" VPOS="709" WIDTH="141" HEIGHT="26" WC="0.95" CONTENT="ersättningar"/><SP WIDTH="18" VPOS="709" HPOS="900"/>
							<String ID="string_118" HPOS="918" VPOS="708" WIDTH="68" HEIGHT="20" WC="0.97" CONTENT="skulle"/>
						</TextLine>
						<TextLine ID="line_17" HPOS="236" VPOS="742" WIDTH="748" HEIGHT="30">
							<String ID="string_119" HPOS="236" VPOS="746" WIDTH="50" HEIGHT="26" WC="0.89" CONTENT="utgä"/><SP WIDTH="21" VPOS="746" HPOS="286"/>
							<String ID="string_120" HPOS="307" VPOS="745" WIDTH="31" HEIGHT="19" WC="0.96" CONTENT="för"/><SP WIDTH="23" VPOS="745" HPOS="338"/>
							<String ID="string_121" HPOS="361" VPOS="743" WIDTH="49" HEIGHT="20" WC="0.96" CONTENT="hela"/><SP WIDTH="22" VPOS="743" HPOS="410"/>
							<String ID="string_122" HPOS="432" VPOS="742" WIDTH="40" HEIGHT="20" WC="0.95" CONTENT="den"/><SP WIDTH="26" VPOS="742" HPOS="472"/>
							<String ID="string_123" HPOS="498" VPOS="742" WIDTH="29" HEIGHT="20" WC="0.93" CONTENT="tid"/><SP WIDTH="20" VPOS="742" HPOS="527"/>
							<String ID="string_124" HPOS="547" VPOS="742" WIDTH="64" HEIGHT="26" WC="0.92" CONTENT="sagde"/><SP WIDTH="21" VPOS="742" HPOS="611"/>
							<String ID="string_125" HPOS="632" VPOS="742" WIDTH="94" HEIGHT="26" WC="0.92" CONTENT="uppdrag"/><SP WIDTH="16" VPOS="742" HPOS="726"/>
							<String ID="string_126" HPOS="742" VPOS="742" WIDTH="77" HEIGHT="20" WC="0.93" CONTENT="varade"/><SP WIDTH="16" VPOS="742" HPOS="819"/>
							<String ID="string_127" HPOS="835" VPOS="743" WIDTH="39" HEIGHT="19" WC="0.96" CONTENT="och"/><SP WIDTH="15" VPOS="743" HPOS="874"/>
							<String ID="string_128" HPOS="889" VPOS="742" WIDTH="30" HEIGHT="20" WC="0.93" CONTENT="till"/><SP WIDTH="17" VPOS="742" HPOS="919"/>
							<String ID="string_129" HPOS="936" VPOS="749" WIDTH="48" HEIGHT="13" WC="0.93" CONTENT="ena-"/>
						</TextLine>
						<TextLine ID="line_18" HPOS="236" VPOS="776" WIDTH="753" HEIGHT="27">
							<String ID="string_130" HPOS="236" VPOS="779" WIDTH="70" HEIGHT="21" WC="0.96" CONTENT="handa"/><SP WIDTH="22" VPOS="779" HPOS="306"/>
							<String ID="string_131" HPOS="328" VPOS="778" WIDTH="86" HEIGHT="25" WC="0.96" CONTENT="belopp,"/><SP WIDTH="22" VPOS="778" HPOS="414"/>
							<String ID="string_132" HPOS="436" VPOS="782" WIDTH="45" HEIGHT="14" WC="0.92" CONTENT="som"/><SP WIDTH="19" VPOS="782" HPOS="481"/>
							<String ID="string_133" HPOS="500" VPOS="776" WIDTH="161" HEIGHT="26" WC="0.95" CONTENT="ifrågavarande"/><SP WIDTH="16" VPOS="776" HPOS="661"/>
							<String ID="string_134" HPOS="677" VPOS="776" WIDTH="135" HEIGHT="20" WC="0.96" CONTENT="medlemmar"/><SP WIDTH="15" VPOS="776" HPOS="812"/>
							<String ID="string_135" HPOS="827" VPOS="776" WIDTH="24" HEIGHT="20" WC="0.93" CONTENT="af"/><SP WIDTH="12" VPOS="776" HPOS="851"/>
							<String ID="string_136" HPOS="863" VPOS="776" WIDTH="88" HEIGHT="20" WC="0.68" CONTENT="Ständet"/><SP WIDTH="14" VPOS="776" HPOS="951"/>
							<String ID="string_137" HPOS="965" VPOS="776" WIDTH="24" HEIGHT="20" WC="0.96" CONTENT="af"/>
						</TextLine>
						<TextLine ID="line_19" HPOS="237" VPOS="810" WIDTH="750" HEIGHT="26">
							<String ID="string_138" HPOS="237" VPOS="814" WIDTH="61" HEIGHT="20" WC="0.93" CONTENT="deras"/><SP WIDTH="14" VPOS="814" HPOS="298"/>
							<String ID="string_139" HPOS="312" VPOS="811" WIDTH="157" HEIGHT="21" WC="0.91" CONTENT="kommittenter"/><SP WIDTH="16" VPOS="811" HPOS="469"/>
							<String ID="string_140" HPOS="485" VPOS="810" WIDTH="90" HEIGHT="26" WC="0.91" CONTENT="tillagts;"/><SP WIDTH="16" VPOS="810" HPOS="575"/>
							<String ID="string_141" HPOS="591" VPOS="810" WIDTH="39" HEIGHT="20" WC="0.95" CONTENT="och"/><SP WIDTH="15" VPOS="810" HPOS="630"/>
							<String ID="string_142" HPOS="645" VPOS="816" WIDTH="45" HEIGHT="14" WC="0.93" CONTENT="som"/><SP WIDTH="11" VPOS="816" HPOS="690"/>
							<String ID="string_143" HPOS="701" VPOS="810" WIDTH="90" HEIGHT="20" WC="0.92" CONTENT="berörde"/><SP WIDTH="10" VPOS="810" HPOS="791"/>
							<String ID="string_144" HPOS="801" VPOS="810" WIDTH="141" HEIGHT="26" WC="0.92" CONTENT="ersättningar"/><SP WIDTH="8" VPOS="810" HPOS="942"/>
							<String ID="string_145" HPOS="950" VPOS="816" WIDTH="37" HEIGHT="13" WC="0.91" CONTENT="an-"/>
						</TextLine>
						<TextLine ID="line_20" HPOS="238" VPOS="843" WIDTH="749" HEIGHT="30">
							<String ID="string_146" HPOS="238" VPOS="847" WIDTH="48" HEIGHT="26" WC="0.90" CONTENT="sägs"/><SP WIDTH="16" VPOS="847" HPOS="286"/>
							<String ID="string_147" HPOS="302" VPOS="846" WIDTH="50" HEIGHT="20" WC="0.93" CONTENT="böra"/><SP WIDTH="14" VPOS="846" HPOS="352"/>
							<String ID="string_148" HPOS="366" VPOS="844" WIDTH="77" HEIGHT="20" WC="0.93" CONTENT="räknas"/><SP WIDTH="15" VPOS="844" HPOS="443"/>
							<String ID="string_149" HPOS="458" VPOS="844" WIDTH="31" HEIGHT="19" WC="0.93" CONTENT="till"/><SP WIDTH="16" VPOS="844" HPOS="489"/>
							<String ID="string_150" HPOS="505" VPOS="843" WIDTH="79" HEIGHT="20" WC="0.93" CONTENT="sädana"/><SP WIDTH="15" VPOS="843" HPOS="584"/>
							<String ID="string_151" HPOS="599" VPOS="843" WIDTH="107" HEIGHT="20" WC="0.96" CONTENT="allmänna"/><SP WIDTH="14" VPOS="843" HPOS="706"/>
							<String ID="string_152" HPOS="720" VPOS="844" WIDTH="115" HEIGHT="20" WC="0.96" CONTENT="kostnader"/><SP WIDTH="16" VPOS="844" HPOS="835"/>
							<String ID="string_153" HPOS="851" VPOS="844" WIDTH="39" HEIGHT="20" WC="0.96" CONTENT="och"/><SP WIDTH="11" VPOS="844" HPOS="890"/>
							<String ID="string_154" HPOS="901" VPOS="844" WIDTH="86" HEIGHT="26" WC="0.97" CONTENT="utgifter"/>
						</TextLine>
						<TextLine ID="line_21" HPOS="237" VPOS="877" WIDTH="749" HEIGHT="27">
							<String ID="string_155" HPOS="237" VPOS="882" WIDTH="7" HEIGHT="19" WC="0.96" CONTENT="i"/><SP WIDTH="16" VPOS="882" HPOS="244"/>
							<String ID="string_156" HPOS="260" VPOS="880" WIDTH="39" HEIGHT="20" WC="0.96" CONTENT="och"/><SP WIDTH="15" VPOS="880" HPOS="299"/>
							<String ID="string_157" HPOS="314" VPOS="880" WIDTH="32" HEIGHT="19" WC="0.93" CONTENT="för"/><SP WIDTH="15" VPOS="880" HPOS="346"/>
							<String ID="string_158" HPOS="361" VPOS="878" WIDTH="136" HEIGHT="25" WC="0.92" CONTENT="landtdagen,"/><SP WIDTH="16" VPOS="878" HPOS="497"/>
							<String ID="string_159" HPOS="513" VPOS="884" WIDTH="44" HEIGHT="13" WC="0.93" CONTENT="som"/><SP WIDTH="14" VPOS="884" HPOS="557"/>
							<String ID="string_160" HPOS="571" VPOS="877" WIDTH="85" HEIGHT="26" WC="0.92" CONTENT="jemlikt"/><SP WIDTH="14" VPOS="877" HPOS="656"/>
							<String ID="string_161" HPOS="670" VPOS="879" WIDTH="10" HEIGHT="22" WC="0.93" CONTENT="$"/><SP WIDTH="15" VPOS="879" HPOS="680"/>
							<String ID="string_162" HPOS="695" VPOS="877" WIDTH="27" HEIGHT="20" WC="0.96" CONTENT="82"/><SP WIDTH="16" VPOS="877" HPOS="722"/>
							<String ID="string_163" HPOS="738" VPOS="878" WIDTH="7" HEIGHT="19" WC="0.91" CONTENT="i"/><SP WIDTH="10" VPOS="878" HPOS="745"/>
							<String ID="string_164" HPOS="755" VPOS="878" WIDTH="231" HEIGHT="26" WC="0.91" CONTENT="landtdagsordningen"/>
						</TextLine>
						<TextLine ID="line_22" HPOS="238" VPOS="911" WIDTH="750" HEIGHT="26">
							<String ID="string_165" HPOS="238" VPOS="914" WIDTH="61" HEIGHT="20" WC="0.92" CONTENT="skola"/><SP WIDTH="21" VPOS="914" HPOS="299"/>
							<String ID="string_166" HPOS="320" VPOS="911" WIDTH="103" HEIGHT="22" WC="0.91" CONTENT="bestridas"/><SP WIDTH="23" VPOS="911" HPOS="423"/>
							<String ID="string_167" HPOS="446" VPOS="911" WIDTH="47" HEIGHT="20" WC="0.91" CONTENT="med"/><SP WIDTH="20" VPOS="911" HPOS="493"/>
							<String ID="string_168" HPOS="513" VPOS="911" WIDTH="199" HEIGHT="26" WC="0.91" CONTENT="bevillningsmedel"/><SP WIDTH="20" VPOS="911" HPOS="712"/>
							<String ID="string_169" HPOS="732" VPOS="911" WIDTH="51" HEIGHT="20" WC="0.96" CONTENT="eller"/><SP WIDTH="15" VPOS="911" HPOS="783"/>
							<String ID="string_170" HPOS="798" VPOS="911" WIDTH="67" HEIGHT="20" WC="0.96" CONTENT="andra"/><SP WIDTH="17" VPOS="911" HPOS="865"/>
							<String ID="string_171" HPOS="882" VPOS="912" WIDTH="106" HEIGHT="19" WC="0.96" CONTENT="allmänna"/>
						</TextLine>
						<TextLine ID="line_23" HPOS="240" VPOS="944" WIDTH="747" HEIGHT="28">
							<String ID="string_172" HPOS="240" VPOS="947" WIDTH="75" HEIGHT="25" WC="0.93" CONTENT="medel,"/><SP WIDTH="22" VPOS="947" HPOS="315"/>
							<String ID="string_173" HPOS="337" VPOS="946" WIDTH="95" HEIGHT="25" WC="0.92" CONTENT="hvarom,"/><SP WIDTH="23" VPOS="946" HPOS="432"/>
							<String ID="string_174" HPOS="455" VPOS="945" WIDTH="116" HEIGHT="20" WC="0.92" CONTENT="Ständerne"/><SP WIDTH="17" VPOS="945" HPOS="571"/>
							<String ID="string_175" HPOS="588" VPOS="951" WIDTH="40" HEIGHT="20" WC="0.92" CONTENT="ega"/><SP WIDTH="15" VPOS="951" HPOS="628"/>
							<String ID="string_176" HPOS="643" VPOS="944" WIDTH="89" HEIGHT="27" WC="0.92" CONTENT="förfoga,"/><SP WIDTH="18" VPOS="944" HPOS="732"/>
							<String ID="string_177" HPOS="750" VPOS="945" WIDTH="67" HEIGHT="20" WC="0.96" CONTENT="skulle"/><SP WIDTH="16" VPOS="945" HPOS="817"/>
							<String ID="string_178" HPOS="833" VPOS="945" WIDTH="154" HEIGHT="26" WC="0.96" CONTENT="framställning"/>
						</TextLine>
						<TextLine ID="line_24" HPOS="239" VPOS="979" WIDTH="749" HEIGHT="26">
							<String ID="string_179" HPOS="239" VPOS="983" WIDTH="38" HEIGHT="19" WC="0.93" CONTENT="hos"/><SP WIDTH="15" VPOS="983" HPOS="277"/>
							<String ID="string_180" HPOS="292" VPOS="979" WIDTH="158" HEIGHT="22" WC="0.92" CONTENT="Statsutskottet"/><SP WIDTH="15" VPOS="979" HPOS="450"/>
							<String ID="string_181" HPOS="465" VPOS="981" WIDTH="61" HEIGHT="24" WC="0.92" CONTENT="göras"/><SP WIDTH="17" VPOS="981" HPOS="526"/>
							<String ID="string_182" HPOS="543" VPOS="985" WIDTH="32" HEIGHT="13" WC="0.93" CONTENT="om"/><SP WIDTH="17" VPOS="985" HPOS="575"/>
							<String ID="string_183" HPOS="592" VPOS="979" WIDTH="156" HEIGHT="19" WC="0.91" CONTENT="ofvannämnda"/><SP WIDTH="15" VPOS="979" HPOS="748"/>
							<String ID="string_184" HPOS="763" VPOS="979" WIDTH="151" HEIGHT="26" WC="0.92" CONTENT="ersättningars"/><SP WIDTH="16" VPOS="979" HPOS="914"/>
							<String ID="string_185" HPOS="930" VPOS="981" WIDTH="58" HEIGHT="17" WC="0.92" CONTENT="utan-"/>
						</TextLine>
						<TextLine ID="line_25" HPOS="240" VPOS="1013" WIDTH="651" HEIGHT="26">
							<String ID="string_186" HPOS="240" VPOS="1015" WIDTH="108" HEIGHT="21" WC="0.96" CONTENT="ordnande"/><SP WIDTH="16" VPOS="1015" HPOS="348"/>
							<String ID="string_187" HPOS="364" VPOS="1013" WIDTH="23" HEIGHT="20" WC="0.93" CONTENT="af"/><SP WIDTH="12" VPOS="1013" HPOS="387"/>
							<String ID="string_188" HPOS="399" VPOS="1013" WIDTH="64" HEIGHT="26" WC="0.92" CONTENT="sagde"/><SP WIDTH="17" VPOS="1013" HPOS="463"/>
							<String ID="string_189" HPOS="480" VPOS="1013" WIDTH="69" HEIGHT="19" WC="0.96" CONTENT="medel"/><SP WIDTH="16" VPOS="1013" HPOS="549"/>
							<String ID="string_190" HPOS="565" VPOS="1013" WIDTH="52" HEIGHT="19" WC="0.96" CONTENT="efter"/><SP WIDTH="16" VPOS="1013" HPOS="617"/>
							<String ID="string_191" HPOS="633" VPOS="1013" WIDTH="37" HEIGHT="19" WC="0.93" CONTENT="här"/><SP WIDTH="15" VPOS="1013" HPOS="670"/>
							<String ID="string_192" HPOS="685" VPOS="1013" WIDTH="114" HEIGHT="26" WC="0.92" CONTENT="uppgifven"/><SP WIDTH="17" VPOS="1013" HPOS="799"/>
							<String ID="string_193" HPOS="816" VPOS="1013" WIDTH="75" HEIGHT="26" WC="0.96" CONTENT="grund."/>
						</TextLine>
					</TextBlock>
					<TextBlock ID="block_3" HPOS="240" VPOS="1046" WIDTH="751" HEIGHT="93">
						<TextLine ID="line_26" HPOS="305" VPOS="1046" WIDTH="684" HEIGHT="27">
							<String ID="string_194" HPOS="305" VPOS="1049" WIDTH="30" HEIGHT="20" WC="0.93" CONTENT="De"/><SP WIDTH="17" VPOS="1049" HPOS="335"/>
							<String ID="string_195" HPOS="352" VPOS="1047" WIDTH="120" HEIGHT="26" WC="0.92" CONTENT="respektive"/><SP WIDTH="15" VPOS="1047" HPOS="472"/>
							<String ID="string_196" HPOS="487" VPOS="1046" WIDTH="138" HEIGHT="20" WC="0.92" CONTENT="Medständen"/><SP WIDTH="16" VPOS="1046" HPOS="625"/>
							<String ID="string_197" HPOS="641" VPOS="1047" WIDTH="107" HEIGHT="19" WC="0.92" CONTENT="äfvensom"/><SP WIDTH="16" VPOS="1047" HPOS="748"/>
							<String ID="string_198" HPOS="764" VPOS="1047" WIDTH="64" HEIGHT="20" WC="0.92" CONTENT="Stats-"/><SP WIDTH="16" VPOS="1047" HPOS="828"/>
							<String ID="string_199" HPOS="844" VPOS="1047" WIDTH="39" HEIGHT="20" WC="0.93" CONTENT="och"/><SP WIDTH="15" VPOS="1047" HPOS="883"/>
							<String ID="string_200" HPOS="898" VPOS="1047" WIDTH="91" HEIGHT="26" WC="0.92" CONTENT="Expedi-"/>
						</TextLine>
						<TextLine ID="line_27" HPOS="240" VPOS="1081" WIDTH="751" HEIGHT="26">
							<String ID="string_201" HPOS="240" VPOS="1083" WIDTH="162" HEIGHT="22" WC="0.91" CONTENT="tionsutskotten"/><SP WIDTH="16" VPOS="1083" HPOS="402"/>
							<String ID="string_202" HPOS="418" VPOS="1081" WIDTH="68" HEIGHT="20" WC="0.96" CONTENT="skulle"/><SP WIDTH="15" VPOS="1081" HPOS="486"/>
							<String ID="string_203" HPOS="501" VPOS="1087" WIDTH="77" HEIGHT="20" WC="0.93" CONTENT="genom"/><SP WIDTH="16" VPOS="1087" HPOS="578"/>
							<String ID="string_204" HPOS="594" VPOS="1081" WIDTH="193" HEIGHT="26" WC="0.20" CONTENT="protokollsutärag"/><SP WIDTH="16" VPOS="1081" HPOS="787"/>
							<String ID="string_205" HPOS="803" VPOS="1087" WIDTH="33" HEIGHT="14" WC="0.92" CONTENT="om"/><SP WIDTH="17" VPOS="1087" HPOS="836"/>
							<String ID="string_206" HPOS="853" VPOS="1081" WIDTH="138" HEIGHT="20" WC="0.90" CONTENT="förenämnda"/>
						</TextLine>
						<TextLine ID="line_28" HPOS="240" VPOS="1115" WIDTH="222" HEIGHT="24">
							<String ID="string_207" HPOS="240" VPOS="1118" WIDTH="68" HEIGHT="21" WC="0.93" CONTENT="beslut"/><SP WIDTH="17" VPOS="1118" HPOS="308"/>
							<String ID="string_208" HPOS="325" VPOS="1115" WIDTH="137" HEIGHT="21" WC="0.92" CONTENT="underrättas."/>
						</TextLine>
					</TextBlock>
					<TextBlock ID="block_4" HPOS="758" VPOS="1148" WIDTH="164" HEIGHT="49">
						<TextLine ID="line_29" HPOS="790" VPOS="1148" WIDTH="98" HEIGHT="17">
							<String ID="string_209" HPOS="790" VPOS="1149" WIDTH="21" HEIGHT="16" WC="0.93" CONTENT="In"/><SP WIDTH="14" VPOS="1149" HPOS="811"/>
							<String ID="string_210" HPOS="825" VPOS="1148" WIDTH="63" HEIGHT="17" WC="0.92" CONTENT="fidem:"/>
						</TextLine>
						<TextLine ID="line_30" HPOS="758" VPOS="1177" WIDTH="164" HEIGHT="20">
							<String ID="string_211" HPOS="758" VPOS="1177" WIDTH="19" HEIGHT="19" WC="0.87" CONTENT="S."/><SP WIDTH="17" VPOS="1177" HPOS="777"/>
							<String ID="string_212" HPOS="794" VPOS="1177" WIDTH="128" HEIGHT="20" WC="0.96" CONTENT="Calamnius."/>
						</TextLine>
					</TextBlock>
					<TextBlock ID="block_5" HPOS="242" VPOS="1216" WIDTH="753" HEIGHT="196">
						<TextLine ID="line_31" HPOS="308" VPOS="1216" WIDTH="682" HEIGHT="27">
							<String ID="string_213" HPOS="308" VPOS="1218" WIDTH="102" HEIGHT="25" WC="0.92" CONTENT="Företogs"/><SP WIDTH="22" VPOS="1218" HPOS="410"/>
							<String ID="string_214" HPOS="432" VPOS="1216" WIDTH="40" HEIGHT="20" WC="0.96" CONTENT="den"/><SP WIDTH="23" VPOS="1216" HPOS="472"/>
							<String ID="string_215" HPOS="495" VPOS="1216" WIDTH="31" HEIGHT="20" WC="0.95" CONTENT="till"/><SP WIDTH="20" VPOS="1216" HPOS="526"/>
							<String ID="string_216" HPOS="546" VPOS="1216" WIDTH="58" HEIGHT="20" WC="0.93" CONTENT="detta"/><SP WIDTH="18" VPOS="1216" HPOS="604"/>
							<String ID="string_217" HPOS="622" VPOS="1216" WIDTH="86" HEIGHT="26" WC="0.92" CONTENT="plenum"/><SP WIDTH="16" VPOS="1216" HPOS="708"/>
							<String ID="string_218" HPOS="724" VPOS="1216" WIDTH="128" HEIGHT="27" WC="0.92" CONTENT="uppskjutna"/><SP WIDTH="15" VPOS="1216" HPOS="852"/>
							<String ID="string_219" HPOS="867" VPOS="1216" WIDTH="73" HEIGHT="27" WC="0.92" CONTENT="frägan"/><SP WIDTH="17" VPOS="1216" HPOS="940"/>
							<String ID="string_220" HPOS="957" VPOS="1222" WIDTH="33" HEIGHT="14" WC="0.96" CONTENT="om"/>
						</TextLine>
						<TextLine ID="line_32" HPOS="242" VPOS="1250" WIDTH="750" HEIGHT="27">
							<String ID="string_221" HPOS="242" VPOS="1252" WIDTH="96" HEIGHT="21" WC="0.92" CONTENT="Ständets"/><SP WIDTH="16" VPOS="1252" HPOS="338"/>
							<String ID="string_222" HPOS="354" VPOS="1251" WIDTH="85" HEIGHT="26" WC="0.93" CONTENT="slutliga"/><SP WIDTH="15" VPOS="1251" HPOS="439"/>
							<String ID="string_223" HPOS="454" VPOS="1251" WIDTH="126" HEIGHT="26" WC="0.72" CONTENT="tillgörande"/><SP WIDTH="16" VPOS="1251" HPOS="580"/>
							<String ID="string_224" HPOS="596" VPOS="1251" WIDTH="7" HEIGHT="18" WC="0.93" CONTENT="i"/><SP WIDTH="15" VPOS="1251" HPOS="603"/>
							<String ID="string_225" HPOS="618" VPOS="1250" WIDTH="115" HEIGHT="26" WC="0.96" CONTENT="anledning"/><SP WIDTH="15" VPOS="1250" HPOS="733"/>
							<String ID="string_226" HPOS="748" VPOS="1250" WIDTH="23" HEIGHT="20" WC="0.96" CONTENT="af"/><SP WIDTH="13" VPOS="1250" HPOS="771"/>
							<String ID="string_227" HPOS="784" VPOS="1253" WIDTH="29" HEIGHT="17" WC="0.96" CONTENT="ett"/><SP WIDTH="15" VPOS="1253" HPOS="813"/>
							<String ID="string_228" HPOS="828" VPOS="1251" WIDTH="57" HEIGHT="19" WC="0.91" CONTENT="inom"/><SP WIDTH="20" VPOS="1251" HPOS="885"/>
							<String ID="string_229" HPOS="905" VPOS="1250" WIDTH="87" HEIGHT="21" WC="0.91" CONTENT="Ständet"/>
						</TextLine>
						<TextLine ID="line_33" HPOS="242" VPOS="1284" WIDTH="749" HEIGHT="27">
							<String ID="string_230" HPOS="242" VPOS="1285" WIDTH="62" HEIGHT="21" WC="0.93" CONTENT="väckt"/><SP WIDTH="14" VPOS="1285" HPOS="304"/>
							<String ID="string_231" HPOS="318" VPOS="1284" WIDTH="180" HEIGHT="27" WC="0.92" CONTENT="petitionsförslag"/><SP WIDTH="15" VPOS="1284" HPOS="498"/>
							<String ID="string_232" HPOS="513" VPOS="1291" WIDTH="35" HEIGHT="13" WC="0.93" CONTENT="om"/><SP WIDTH="16" VPOS="1291" HPOS="548"/>
							<String ID="string_233" HPOS="564" VPOS="1284" WIDTH="202" HEIGHT="27" WC="0.91" CONTENT="sägningsafgiftens"/><SP WIDTH="15" VPOS="1284" HPOS="766"/>
							<String ID="string_234" HPOS="781" VPOS="1284" WIDTH="139" HEIGHT="26" WC="0.93" CONTENT="afskaffande,"/><SP WIDTH="19" VPOS="1284" HPOS="920"/>
							<String ID="string_235" HPOS="939" VPOS="1285" WIDTH="52" HEIGHT="19" WC="0.91" CONTENT="hvil-"/>
						</TextLine>
						<TextLine ID="line_34" HPOS="242" VPOS="1318" WIDTH="751" HEIGHT="27">
							<String ID="string_236" HPOS="242" VPOS="1320" WIDTH="36" HEIGHT="20" WC="0.91" CONTENT="ket"/><SP WIDTH="22" VPOS="1320" HPOS="278"/>
							<String ID="string_237" HPOS="300" VPOS="1318" WIDTH="186" HEIGHT="27" WC="0.91" CONTENT="petitionsförslag,"/><SP WIDTH="23" VPOS="1318" HPOS="486"/>
							<String ID="string_238" HPOS="509" VPOS="1318" WIDTH="68" HEIGHT="27" WC="0.96" CONTENT="enligt"/><SP WIDTH="16" VPOS="1318" HPOS="577"/>
							<String ID="string_239" HPOS="593" VPOS="1325" WIDTH="27" HEIGHT="13" WC="0.93" CONTENT="en"/><SP WIDTH="20" VPOS="1325" HPOS="620"/>
							<String ID="string_240" HPOS="640" VPOS="1318" WIDTH="45" HEIGHT="19" WC="0.92" CONTENT="frän"/><SP WIDTH="16" VPOS="1318" HPOS="685"/>
							<String ID="string_241" HPOS="701" VPOS="1318" WIDTH="154" HEIGHT="20" WC="0.92" CONTENT="Sammansatta"/><SP WIDTH="18" VPOS="1318" HPOS="855"/>
							<String ID="string_242" HPOS="873" VPOS="1318" WIDTH="63" HEIGHT="21" WC="0.92" CONTENT="Stats-"/><SP WIDTH="17" VPOS="1318" HPOS="936"/>
							<String ID="string_243" HPOS="953" VPOS="1319" WIDTH="40" HEIGHT="20" WC="0.96" CONTENT="och"/>
						</TextLine>
						<TextLine ID="line_35" HPOS="242" VPOS="1351" WIDTH="753" HEIGHT="28">
							<String ID="string_244" HPOS="242" VPOS="1352" WIDTH="220" HEIGHT="22" WC="0.87" CONTENT="Ekonomieutskottet"/><SP WIDTH="26" VPOS="1352" HPOS="462"/>
							<String ID="string_245" HPOS="488" VPOS="1352" WIDTH="127" HEIGHT="20" WC="0.87" CONTENT="ankommen"/><SP WIDTH="26" VPOS="1352" HPOS="615"/>
							<String ID="string_246" HPOS="641" VPOS="1351" WIDTH="117" HEIGHT="27" WC="0.91" CONTENT="skrifvelse,"/><SP WIDTH="23" VPOS="1351" HPOS="758"/>
							<String ID="string_247" HPOS="781" VPOS="1352" WIDTH="22" HEIGHT="20" WC="0.96" CONTENT="af"/><SP WIDTH="21" VPOS="1352" HPOS="803"/>
							<String ID="string_248" HPOS="824" VPOS="1352" WIDTH="26" HEIGHT="21" WC="0.96" CONTENT="de"/><SP WIDTH="23" VPOS="1352" HPOS="850"/>
							<String ID="string_249" HPOS="873" VPOS="1355" WIDTH="31" HEIGHT="18" WC="0.92" CONTENT="tre"/><SP WIDTH="22" VPOS="1355" HPOS="904"/>
							<String ID="string_250" HPOS="926" VPOS="1353" WIDTH="69" HEIGHT="26" WC="0.96" CONTENT="öfriga"/>
						</TextLine>
						<TextLine ID="line_36" HPOS="242" VPOS="1385" WIDTH="280" HEIGHT="27">
							<String ID="string_251" HPOS="242" VPOS="1387" WIDTH="91" HEIGHT="21" WC="0.92" CONTENT="Ständen"/><SP WIDTH="17" VPOS="1387" HPOS="333"/>
							<String ID="string_252" HPOS="350" VPOS="1386" WIDTH="70" HEIGHT="21" WC="0.90" CONTENT="blifvit"/><SP WIDTH="14" VPOS="1386" HPOS="420"/>
							<String ID="string_253" HPOS="434" VPOS="1385" WIDTH="88" HEIGHT="27" WC="0.92" CONTENT="afböjdt."/>
						</TextLine>
					</TextBlock>
					<TextBlock ID="block_6" HPOS="342" VPOS="1419" WIDTH="326" HEIGHT="27">
						<TextLine ID="line_37" HPOS="342" VPOS="1419" WIDTH="326" HEIGHT="27">
							<String ID="string_254" HPOS="342" VPOS="1420" WIDTH="10" HEIGHT="20" WC="0.96" CONTENT="I"/><SP WIDTH="15" VPOS="1420" HPOS="352"/>
							<String ID="string_255" HPOS="367" VPOS="1419" WIDTH="115" HEIGHT="27" WC="0.96" CONTENT="anledning"/><SP WIDTH="15" VPOS="1419" HPOS="482"/>
							<String ID="string_256" HPOS="497" VPOS="1419" WIDTH="64" HEIGHT="20" WC="0.94" CONTENT="häraf"/><SP WIDTH="12" VPOS="1419" HPOS="561"/>
							<String ID="string_257" HPOS="573" VPOS="1419" WIDTH="95" HEIGHT="27" WC="0.74" CONTENT="yttrade:"/>
						</TextLine>
					</TextBlock>
				</ComposedBlock>
			</PrintSpace>
		</Page>
	</Layout>
</alto>
