1070 1786
207 155 45 19 1286
494 156 40 17 Den
547 157 21 18 21
581 157 35 22 Maj

184 213 28 27 gå
227 213 127 20 statsverket
370 213 102 20 tillhanda
487 214 34 19 vid
537 214 79 20 sådana
632 214 89 26 liqvider
737 214 38 19 och
791 214 35 19 det
837 216 48 18 utan
898 214 45 26 pro-

184 248 76 24 vision,
278 247 39 20 den
333 247 94 20 önskade
443 248 147 26 separationen
607 248 67 19 skulle
690 247 121 26 derigenom
825 247 118 27 befrämjas.

184 281 41 20 Det
247 281 69 19 skulle
336 281 22 25 ju
382 281 64 19 sedan
471 281 50 19 bero
544 281 27 26 på
590 281 107 26 Styrelsen
718 283 30 17 att
764 281 96 26 begagna
876 281 32 26 sig
923 281 23 19 af

185 314 97 20 bankens
302 314 128 20 medverkan
451 314 51 20 eller
521 315 68 19 vända
604 315 32 26 sig
652 314 30 20 till
699 314 68 26 någon
783 320 77 18 annan,
877 315 67 25 privat

186 348 62 20 bank.
279 348 40 26 Jag
334 348 141 20 öfverlemnar
491 348 30 20 till
538 348 94 23 Ståndet,
648 355 32 13 om
698 348 35 20 det
748 348 41 20 kan
806 354 49 14 vara
871 348 72 24 nödigt

185 383 36 23 att,
247 381 68 19 såsom
339 381 53 20 Herr
412 388 40 13 von
472 382 69 26 Trapp
560 382 121 20 alternativt
696 382 114 26 föreslagit,
826 382 77 19 inrätta
918 388 24 12 en

185 414 55 20 skild
257 415 108 27 afdelning
378 416 4 18 i
395 415 101 20 Finlands
512 416 56 20 bank
584 416 32 20 för
632 418 57 18 stats-
706 416 38 20 och
757 416 187 20 militiefondernes

185 448 130 27 förvaltning
336 448 54 20 eller
409 455 33 14 om
458 450 48 19 icke
521 450 101 19 Finlands
639 449 55 20 bank
711 450 6 19 i
733 450 70 20 stället
817 450 70 20 kunde
904 450 39 19 för-

186 482 74 20 bindas
284 485 35 23 att,
342 482 68 20 såsom
434 484 61 19 ofvan
519 483 126 27 föreslagits,
666 487 47 16 utan
730 483 90 20 särskild
838 483 104 27 provision

186 516 86 26 betjena
288 516 127 20 statsverket
430 517 34 19 vid
480 517 90 26 liqvider
581 518 6 18 i
599 517 103 26 Ryssland
719 517 38 19 och
774 517 101 25 utlandet,
891 517 51 20 hvil-

185 550 37 20 ket
242 550 38 27 jag
302 550 30 19 för
354 550 42 19 min
417 550 33 20 del
472 550 67 21 skulle
558 550 117 27 föredraga.
706 550 38 20 Om
761 550 88 21 Ständet
864 551 79 20 beslöte

185 584 32 25 sig
237 584 76 24 härför,
329 591 50 13 vore
395 585 33 19 väl
445 585 86 25 följden,
546 586 31 19 att
592 585 39 19 den
649 585 138 26 erforderliga
802 585 140 20 omredaktio-

186 624 39 13 nen
243 618 23 19 af
279 619 30 23 $:n
326 617 66 21 måste
408 618 36 20 ske
461 618 5 19 i
483 618 91 20 Utskott.

254 652 66 19 Herr
336 648 151 30 Öhrnberg:
507 653 31 19 De
554 652 53 26 skäl,
622 659 44 13 som
684 652 190 27 bankfullmäktige
890 652 53 26 sökt,

187 685 131 20 beträffande
340 686 163 26 ifrågavarande
523 689 10 21 $
555 688 18 24 4,
595 687 110 20 framhålla
720 687 6 19 i
742 687 26 20 de
790 687 30 19 till
844 686 100 26 förslaget

186 720 77 26 fogade
285 719 121 26 motiverne,
426 722 35 18 äro
478 720 82 26 uttryck
577 721 22 19 af
612 720 141 26 fullmäktiges
769 720 106 26 enhälliga
891 720 52 26 åsigt

186 754 6 18 i
208 755 78 17 ämnet.
316 752 42 20 Hos
382 753 131 27 fullmäktige
534 754 102 26 uppstodo
652 754 100 26 derjemte
768 754 123 26 visserligen
908 754 33 19 be-

186 786 143 26 tänkligheter
352 792 40 19 om,
416 786 101 20 huruvida
538 787 35 19 det
589 793 49 13 vore
655 786 94 27 lämpligt
765 789 30 18 att
809 788 52 19 söka
877 788 66 19 tillvä-

185 820 105 26 gabringa
307 820 40 19 den
364 820 64 26 nödig
444 820 94 20 ansedda
553 820 100 26 åtgärden
670 827 76 20 genom
763 823 29 17 ett
807 822 115 25 stadgande
938 822 6 18 i

186 854 150 26 reglementet;
357 860 46 13 men
421 854 27 19 då
463 854 138 26 fullmäktige,
618 855 65 25 enligt
700 854 39 20 den
757 855 46 19 dem
821 856 123 19 meddelade

185 888 134 24 instruktion,
342 888 47 19 icke
413 888 54 19 hade
491 888 32 26 sig
543 890 64 17 annat
626 888 123 26 uppdraget,
765 892 26 15 än
807 891 30 16 att
851 892 94 22 uppgöra

186 921 79 26 förslag
281 921 29 20 till
327 921 130 26 reglemente
473 921 38 20 och
528 921 109 20 inkomma
653 922 47 19 med
712 922 118 25 berättelse,
842 923 101 19 stannade

186 955 132 26 fullmäktige
341 954 34 19 vid
396 954 39 20 den
455 954 81 27 åtgärd,
551 956 31 17 att
597 955 74 19 endast
686 955 6 19 i
708 954 36 20 sitt
759 955 78 25 förslag
852 955 30 19 till
899 961 44 20 reg-

186 989 92 19 lemente
295 988 112 19 formulera
422 990 30 18 ett
467 988 116 26 stadgande
599 989 6 18 i
620 988 85 20 anfördt
720 988 54 26 syfte
791 989 37 19 och
843 989 46 19 att
884 984 12 35 i
902 995 41 13 mo-

186 1023 82 19 tiverna
290 1022 52 20 söka
366 1022 110 26 utförligen
500 1022 59 27 gifva
578 1022 46 20 skäl
646 1023 30 19 för
692 1022 75 25 sjelfva
784 1022 160 27 förändringens

186 1055 160 27 nödvändighet
368 1055 39 22 och
430 1056 137 26 gagnelighet
590 1056 31 19 för
644 1056 77 19 iandet.
751 1056 140 26 Fullmäktige
915 1057 29 18 in-

186 1083 102 26 skräftkte
308 1089 31 26 sig
354 1089 23 20 sä
393 1089 86 26 mycket
495 1090 66 19 hellre
577 1090 77 25 dertill,
670 1096 44 13 som
732 1090 131 26 fullmäktige
880 1090 65 19 måste

186 1125 78 24 antaga
287 1125 30 18 att
339 1123 123 26 Ständerne,
487 1123 32 20 vid
544 1124 126 26 pröfningen
694 1123 24 20 af
739 1123 68 20 denna
829 1124 117 27 grannlaga

186 1157 66 27 fråga,
273 1157 47 20 icke
336 1157 69 20 skulle
421 1157 110 20 underlåta
546 1159 29 17 att
591 1157 31 19 för
638 1157 135 26 förändrings
789 1157 105 20 vinnande
910 1164 34 13 an-

187 1192 36 18 lita
238 1192 37 19 det
290 1193 46 23 sätt,
352 1196 44 14 som
412 1191 83 19 säkrast
510 1191 69 19 kunde
596 1191 48 19 leda
660 1191 29 19 till
707 1191 69 19 målet.
800 1191 8 19 I
820 1191 67 19 likhet
898 1192 46 18 med

186 1225 52 20 Herr
262 1224 93 26 Kiseleff,
379 1224 67 21 håller
465 1225 38 26 jag
523 1225 52 25 före,
593 1227 28 18 att
638 1225 65 26 sagde
720 1224 31 20 för
767 1224 83 20 banken
867 1224 78 27 vigtiga

186 1259 123 26 förändring
332 1259 17 25 ej
370 1261 41 17 rätt
431 1259 95 26 lämpligt
546 1259 39 19 kan
603 1259 135 26 genomföras
754 1264 75 20 genom
846 1261 29 16 ett
891 1258 53 20 stad-

186 1293 70 26 gande
272 1293 6 19 i
295 1292 144 27 reglementet,
465 1295 47 17 utan
537 1295 30 17 att
589 1293 35 19 det
647 1293 86 19 fastmer
753 1291 66 20 skulle
839 1292 106 20 öfverens-

186 1329 88 17 stämma
291 1326 46 19 med
354 1326 128 19 Ständernes
498 1326 99 26 ställning
611 1327 5 18 i
634 1326 81 27 frågan,
731 1331 33 14 om
780 1325 123 26 Ständerne,
919 1326 27 26 pä

186 1367 80 13 samma
282 1360 56 26 gäng
354 1359 139 26 reglementet
508 1360 142 19 öfverlemnas
664 1360 30 19 till
706 1359 57 20 Hans
775 1359 117 26 Kejserliga
904 1361 41 19 Ma-

183 1395 71 25 jestät,
263 1394 7 19 i
279 1393 99 20 afseende
394 1393 12 19 å
422 1393 39 20 den
478 1393 26 26 pä
515 1394 58 19 Hans
583 1394 97 25 Majestät
692 1393 155 20 ankommande
859 1395 86 24 gransk-

187 1428 50 26 ning
253 1428 39 19 och
309 1426 139 25 stadfästelse,
464 1427 99 19 särskildt
579 1427 84 20 anhölle
679 1433 33 13 om
730 1426 51 19 hans
798 1426 58 20 bifall
872 1427 31 19 tili
920 1434 25 13 en
