1070 1786
431 143 41 17 Den
485 143 21 16 21
519 143 42 22 Maj.
810 142 45 20 1385

124 201 130 26 gervisning,
274 207 43 14 som
339 200 57 20 detta
416 200 74 26 tillägg
505 199 96 26 innebär,
617 202 49 18 utan
683 200 37 20 der
736 201 141 20 öfverlemnat

125 235 168 20 bestämmandet
312 235 22 20 af
352 234 163 20 formulärernas
535 233 92 20 innehåll
647 234 44 19 helt
707 234 39 20 och
763 234 66 20 hållet
844 234 31 19 till

125 269 55 25 dem,
196 269 22 20 så
234 275 63 20 synes
313 269 57 19 detta
386 269 43 26 mig
444 274 50 13 vara
509 275 26 12 en
551 267 165 27 inkonseqvens.
735 268 40 27 Jag
787 269 31 19 får
829 269 45 19 der-

125 302 43 21 före
192 302 110 20 hemställa
324 308 33 14 om
380 302 48 20 icke
452 301 25 20 de
497 301 112 20 anmärkta
628 302 64 20 orden
713 302 72 20 kunde
801 309 23 13 ur
840 302 36 20 det

126 336 106 21 blifvande
248 336 138 26 reglementet
402 335 55 27 utgå.

194 370 32 20 Då
241 370 63 26 ingen
320 376 68 13 annan
405 370 23 19 af
442 369 98 20 Ståndets
555 370 138 24 medlemmar
707 370 92 26 begärde
811 371 66 25 ordet,

124 404 129 20 framställde
275 404 53 20 Herr
346 404 132 20 Talmannen
498 404 129 26 proposition
644 410 33 14 om
694 405 119 25 antagande
829 404 46 24 af
865 400 15 35 $

124 440 25 18 36
173 439 100 25 antingen
284 442 6 4 *
298 438 65 26 enligt
386 438 117 20 Utskottets
523 438 133 20 betänkande
673 438 52 20 eller
740 438 67 26 enligt
823 438 52 20 Herr

123 469 121 29 Öhrnbergs
267 472 157 25 amendement;
447 472 38 20 och
510 472 45 20 blef
574 472 142 20 betänkandet
732 472 6 19 i
754 472 69 20 denne
840 472 34 20 del

123 507 23 19 af
158 506 88 20 Ståndet
262 506 45 20 med
324 506 155 26 öfvervägande
495 506 108 26 pluralitet
618 508 91 24 antaget.

192 539 27 29 $$
241 538 31 27 37,
294 540 30 24 38,
346 540 32 24 39,
398 540 32 24 40,
448 540 27 24 41,
490 539 30 26 42,
535 540 24 20 43
574 540 35 20 och
624 540 25 20 44
664 542 89 25 antogos
769 543 48 17 utan
833 540 41 20 dis-

124 575 84 20 kussion
225 575 6 19 i
247 575 92 25 enlighet
356 575 47 19 med
420 574 116 20 Utskottets
552 575 85 25 förslag.

224 607 13 29 $
252 608 28 20 45.

192 642 66 20 Herr
280 642 158 26 Björksten:
464 642 47 20 Med
535 642 100 20 afseende
659 642 57 26 derä,
736 644 28 18 att
780 642 93 20 Bankut-

123 677 79 19 skottet
216 676 28 20 uti
260 676 30 20 sin
304 676 125 27 motivering
439 677 90 19 rörande
540 679 60 17 ränta
615 676 27 27 pä
653 676 142 26 depositioner
805 677 6 19 i
823 676 50 20 ban-

123 711 41 20 ken
180 710 38 20 har
234 710 93 27 tydligen
344 710 120 26 framhållit,
480 713 31 17 att
526 711 83 20 banken
626 711 48 19 icke
689 710 37 20 har
738 711 68 26 någon
819 711 55 19 vinst

123 745 22 19 af
158 746 30 18 att
204 747 106 24 emottaga
324 745 119 26 penningar
458 744 27 27 på
501 745 117 26 deposition
636 745 38 19 och
691 744 26 27 på
728 744 65 20 sådan
805 744 68 27 grund

121 779 47 20 icke
192 778 41 20 kan
256 779 32 19 för
303 779 6 19 i
325 778 83 20 banken
432 779 76 19 insatte
533 779 68 20 medel
622 779 80 26 bevilja
720 778 69 27 någon
807 780 66 25 ränta,

123 820 31 13 om
177 812 79 21 hvilket
274 813 37 26 jag
329 813 44 19 helt
388 812 39 20 och
444 812 64 20 bållet
523 813 84 20 förenar
623 813 49 26 mig,
688 812 68 20 skulle
769 813 38 26 jag
822 819 51 13 anse

122 848 36 20 det
178 853 50 13 vara
246 847 98 27 oskäligt,
360 849 30 17 att
405 847 122 20 blanketter
543 847 31 20 till
591 847 25 20 de
632 847 138 26 invisningar,
786 847 85 19 hvarom

123 882 36 19 här
181 884 24 16 är
228 881 58 26 fråga
309 881 59 20 skola
390 881 24 20 af
432 881 82 20 banken
536 881 103 20 utlemnas
654 883 48 18 utan
720 880 68 27 någon
805 881 68 26 afgift.

122 915 62 20 Detta
200 917 22 18 är
239 915 49 19 visst
304 915 31 20 för
351 915 84 20 banken
451 922 25 13 en
493 915 111 26 obetydlig
619 915 61 25 affär;
692 921 46 13 men
750 914 27 20 då
788 914 83 20 banken

122 949 99 20 förvaltar
244 949 61 20 dessa
326 949 123 27 penningar,
469 951 50 18 utan
539 951 30 18 att
587 949 45 20 deri
648 949 57 19 finna
721 948 69 27 någon
805 948 66 20 fördel

122 983 31 20 för
172 983 39 26 sig,
230 983 22 20 så
274 990 48 13 vore
338 984 36 19 det
388 984 47 20 icke
452 990 58 14 mera
525 987 26 16 än
567 983 75 27 billigt,
658 985 31 18 att
704 983 83 20 banken
803 982 69 20 skulle

123 1017 93 20 beräkna
238 1023 26 14 en
288 1017 40 20 viss
351 1017 81 27 måttlig
452 1018 62 26 afgift
533 1018 32 19 för
585 1017 26 20 de
626 1016 246 27 invisningsblanketter,

122 1051 100 20 hvarmed
239 1051 83 20 banken
339 1052 142 26 tillhandagår
494 1051 197 27 räkningshafvare,
703 1051 31 19 för
744 1052 30 18 att
784 1050 89 19 sålunda

119 1085 79 27 jemväl
221 1085 62 27 lägga
305 1087 29 18 ett
355 1086 75 20 hinder
446 1086 6 19 i
469 1089 67 24 vägen
559 1086 32 19 för
610 1087 29 18 ett
655 1085 31 20 för
702 1084 84 21 banken
802 1084 70 19 alltför

122 1119 134 26 betungande
279 1122 39 17 sätt
342 1121 30 18 att
393 1120 98 20 använda
510 1120 91 26 löpande
617 1119 97 26 räkning.
744 1119 41 19 Det
801 1117 70 20 kunde

120 1153 70 21 hända
204 1155 36 24 att,
256 1153 27 20 då
298 1154 62 26 ingen
376 1154 62 27 afgift
453 1154 98 27 erlägges
567 1154 32 19 för
614 1153 62 20 dessa
687 1152 125 26 blanketter,
823 1151 47 20 räk-

120 1187 162 27 ningshafvaren
304 1187 66 21 finner
388 1189 31 19 sin
440 1188 113 26 uträkning
571 1188 34 19 vid
622 1189 30 18 att
671 1187 98 26 begagna
787 1186 82 20 banken

119 1222 68 19 såsom
198 1222 32 19 sin
240 1221 72 20 kassör
320 1222 31 20 för
362 1222 62 20 äfven
437 1222 82 27 ganska
529 1222 124 26 obetydliga
664 1221 84 26 belopp.
763 1220 40 27 Jag
812 1220 57 20 hem-

119 1255 71 20 ställer
210 1255 88 26 derföre,
315 1262 33 14 om
364 1256 48 20 icke
427 1255 269 28 invisningsblanketterna
712 1255 66 20 borde
793 1254 78 30 åsättas

117 1296 26 13 en
159 1289 82 27 måttlig
257 1289 67 27 afgift.

185 1324 68 19 Herr
272 1324 112 23 Kurtén;
408 1324 32 20 Då
455 1324 102 20 Finlands
573 1323 56 21 bank
645 1323 79 27 sysslar
740 1322 45 21 med
803 1322 67 20 sedel-

118 1358 104 26 utgifning
242 1358 38 19 och
299 1361 22 16 är
336 1358 86 27 skyldig
438 1360 30 18 att
484 1361 43 17 mot
543 1358 82 20 mindre
641 1357 71 20 sedlar
727 1357 63 20 vexla
805 1358 66 18 större

117 1391 38 20 och
178 1393 96 24 tvertom,
295 1392 22 20 sä
332 1399 61 13 anser
406 1393 37 26 jag
459 1393 40 19 den
516 1392 86 26 rörelse,
618 1392 86 19 hvarom
722 1397 26 13 nu
764 1393 23 18 är
803 1390 67 27 fräga,

113 1432 50 14 vara
182 1432 25 13 en
227 1426 58 26 slags
301 1426 133 27 fortsättning
449 1427 22 19 af
486 1426 95 20 bankens
598 1425 137 21 verksamhet
752 1425 6 19 i
775 1425 40 20 den
834 1427 34 17 vä-
