1070 1786
413 108 42 17 Den
467 107 22 18 16
501 108 42 22 Maj.
789 107 45 18 1215

164 165 117 26 Föredrogs
305 165 113 20 Allmänna
439 164 203 20 Besvärsutskottets
662 163 103 20 inkomna
783 164 73 20 betän-

98 198 68 19 kande
182 199 6 18 i
204 199 114 25 anledning
333 198 23 19 af
371 199 75 19 väckta
461 198 178 27 petitionsförslag
655 198 91 19 rörande
756 198 101 19 inrättan-

99 232 32 25 de,
152 232 124 26 utvidgning
295 231 38 20 och
354 231 147 21 bibehållande
517 233 23 18 af
553 232 56 20 vissa
623 231 148 21 läroanstalter
787 232 12 19 å
815 235 41 16 sär-

99 265 69 20 skilda
183 268 55 17 orter
253 266 6 19 i
276 265 76 20 landet.

166 300 62 19 Detta
250 299 134 19 betänkande
407 300 112 19 bordlades
541 299 32 19 till
596 299 64 19 första
675 299 85 25 plenum
776 299 6 19 i
799 300 60 18 nästa

98 334 73 19 vecka.

166 367 9 19 I
198 367 98 19 afseende
318 366 12 20 &
353 366 119 20 kännedom
496 366 124 26 föredrogos
638 368 78 18 tvenne
736 366 122 20 skrifvelser

100 401 68 26 begge
187 400 23 20 af
230 400 38 20 den
291 400 24 20 15
334 400 86 26 dennes,
441 400 38 20 den
497 406 40 13 ena
552 400 44 19 från
612 400 52 26 Lag-
681 400 39 19 och
737 400 39 19 den
793 400 66 20 andra

99 434 45 20 från
155 434 225 25 Ekonomieutskottet,
392 434 149 19 innehållande
553 434 152 19 underrättelse
714 440 33 14 om
757 434 72 20 hvilka
839 434 22 20 af

100 468 95 20 bemälde
210 468 95 20 Utskotts
321 468 136 19 medlemmar
473 468 68 19 blifvit
553 467 86 20 utsedde
652 468 30 19 till
692 468 117 20 ledamöter
820 468 39 20 och

99 502 134 26 suppleanter
248 501 6 19 i
270 503 150 18 sammansatta
434 502 51 26 Lag-
502 501 39 20 och
556 501 228 21 Ekonomieutskottet.

168 535 193 26 Sjölagsutskottets
381 535 31 19 till
433 536 7 18 i
460 535 41 27 dag
520 535 116 26 bordlagda
651 535 134 21 betänkande
801 536 6 20 i
823 542 36 14 an-

100 570 86 26 ledning
205 570 21 19 af
241 569 82 26 Nädiga
341 569 165 26 propositionen,
526 569 110 26 angäende
655 569 65 20 stads-
737 570 39 19 och
792 569 67 20 landt-

101 603 157 25 mannafartygs
277 602 141 25 likställande,
438 603 7 19 i
465 602 100 20 afseende
581 602 12 20 å
608 602 128 26 rättigheten
752 603 31 19 till
799 603 61 20 deras

101 637 145 26 begagnande,
266 636 44 20 blef
327 636 98 26 slutligen
444 636 125 27 ytterligare
585 636 113 27 bordlagdt
712 637 31 19 till
758 637 101 27 lördagen

101 671 38 20 den
160 670 24 20 18
199 670 86 20 dennes.

168 704 168 20 Sammanträdet
351 704 82 20 slutade
450 704 27 20 kl.
494 704 13 20 2
523 710 18 14 e.
557 711 28 13 m.

330 845 117 30 Lördagen
468 846 41 22 den
532 847 29 21 18
582 847 42 29 Maj

101 908 28 19 kl.
147 908 25 19 10
188 907 13 20 f.
218 914 26 13 m.
260 906 168 20 sammanträdde
446 906 30 19 till
493 906 83 26 plenum
594 907 187 26 Borgareständets
798 909 63 17 samt-

101 942 42 26 lige
160 941 142 25 medlemmar,
318 940 46 20 med
381 940 108 27 undantag
505 940 22 20 af
541 941 77 19 Herrar
634 940 96 26 Sopanen
747 941 38 19 och
798 940 63 20 Gum-

102 981 75 20 merus,
202 975 71 19 hvilka
295 974 53 19 hade
371 974 79 19 anmält
473 975 32 26 sig
526 981 55 18 vara,
598 975 40 19 den
655 975 54 19 förre
725 981 76 19 genom
816 975 45 19 illa-

103 1009 88 20 mäende
214 1008 39 19 och
276 1008 40 19 den
339 1014 73 13 senare
434 1014 78 20 genom
536 1008 98 26 sjukdom
654 1008 57 19 inom
728 1008 51 19 hans
795 1007 68 29 familj

101 1043 103 20 hindrade
220 1044 30 17 att
266 1042 32 19 vid
315 1042 166 19 sammanträdet
497 1045 94 16 närvara.

168 1076 113 26 Upplästes
292 1075 36 20 och
338 1075 120 26 justerades
470 1077 31 18 ett
514 1075 75 26 utdrag
605 1082 23 12 ur
644 1075 97 20 Ständets
757 1075 105 25 protokoll

101 1112 31 19 för
148 1111 40 19 den
206 1111 24 18 16
247 1110 47 25 Maj,
310 1109 145 20 innefattande
467 1109 98 19 Ständets
577 1109 67 20 beslut
655 1115 33 13 om
699 1108 73 20 remiss
783 1109 32 19 till
827 1109 36 20 Ut-

103 1146 56 19 skott
167 1145 23 19 af
196 1145 56 19 Hans
261 1143 117 26 Kejserliga
386 1143 109 25 Majestäts
510 1142 71 27 Nädiga
588 1142 130 26 proposition
724 1148 33 13 om
763 1144 101 25 antagan-

101 1180 26 19 de
138 1179 22 19 af
169 1185 25 13 en
208 1177 122 25 författning
340 1176 110 26 angäende
462 1177 403 26 underpant
586 1172 10 35 i
607 1177 258 26 jernvägsanläggningar.

171 1212 41 20 Till
229 1210 118 20 kännedom
364 1210 125 27 föredrogos
505 1210 92 26 följande
614 1210 45 20 frän
670 1210 137 27 Högvördiga
817 1211 48 19 Pre-

103 1247 116 20 steständet
234 1245 106 20 ankomna
355 1245 204 26 protokollsutdrag:

173 1283 31 18 1:0
235 1280 22 19 af
271 1280 40 19 den
327 1280 11 19 7
355 1280 40 25 Maj
412 1286 33 13 om
462 1279 36 20 val
515 1279 23 20 af
551 1278 116 21 ledamöter
682 1279 39 19 och
732 1279 135 26 suppleanter

102 1316 6 19 i
123 1314 227 27 Justeringsutskottet.

170 1349 33 19 2:0
234 1348 23 20 af
270 1348 40 19 den
328 1349 22 18 11
369 1348 39 19 och
426 1348 23 19 13
466 1348 52 25 Maj,
534 1347 145 20 innefattande
690 1346 97 21 Ständets
799 1347 68 20 beslut

102 1384 6 19 i
125 1382 115 26 anledning
256 1382 22 19 af
291 1381 83 26 Nädiga
388 1381 161 26 propositionen
566 1387 33 14 om
611 1387 28 20 ny
651 1381 67 26 sjölag
729 1381 31 19 för
771 1381 96 20 Finland.
