1070 1786
205 157 45 18 1398
495 157 41 18 Den
549 157 21 18 23
583 157 42 24 Maj.

180 215 32 20 för
235 221 26 14 en
285 215 56 26 gäng
359 215 7 19 i
385 215 88 20 veckan.
504 215 38 20 Att
557 215 36 20 det
608 221 36 14 var
660 221 26 14 en
703 215 83 26 verklig
807 216 128 27 missägning

180 249 60 20 torde
264 249 81 26 framgå
368 249 90 26 derutaf,
479 251 30 18 att
529 249 38 26 jag
590 249 120 26 åberopade
728 249 24 20 19
769 251 9 22 $
795 249 22 20 af
832 250 53 19 1840
901 249 32 20 års

179 283 136 25 instruktion,
332 289 43 13 som
392 283 96 26 tydligen
505 286 60 23 säger
577 285 30 17 att
618 283 35 19 det
663 283 52 19 skall
728 283 38 20 ske
777 283 72 26 hvarje
860 283 73 20 vecka.

249 316 70 20 Sedan
344 316 148 20 diskussionen
516 316 86 20 härmed
628 316 111 20 förklarats
754 317 96 25 afslutad,
867 316 67 20 beslöt

180 350 95 26 Ständet,
299 350 27 26 pä
348 350 66 20 Herr
436 350 182 20 Talmannens
637 350 160 27 framställning,
813 353 30 17 att
858 352 76 24 antaga

182 387 10 22 $
212 385 40 19 112
268 384 66 26 enligt
349 384 118 20 Utskottets
483 384 140 20 betänkande.

248 418 14 28 $
273 418 31 20 113
315 418 124 27 godkändes
450 420 49 18 utan
509 418 118 20 diskussion
640 418 6 20 i
658 418 218 21 öfverensstämmelse
885 418 46 20 med

180 452 119 20 Utskottets
314 452 85 27 förslag.

284 485 13 29 $
312 486 38 20 1M.

248 520 70 20 Herr
336 516 152 30 Öhrnberg:
519 520 39 26 Jag
575 520 36 20 ber
626 522 30 18 att
671 520 21 20 få
707 520 54 20 fästa
775 520 156 27 uppmärksam-

180 555 63 19 heten
266 554 28 26 pä
317 560 26 14 en
365 554 122 26 förändring
506 554 7 19 i
529 556 42 22 $:ns
587 554 89 27 lydelse,
692 560 44 14 som
752 557 23 17 är
790 554 23 20 af
826 554 106 21 Utskottet

179 589 102 25 vidtagen
304 588 39 20 och
367 588 31 19 till
414 589 93 25 hvilken,
524 589 67 25 enligt
608 589 46 19 mitt
669 589 144 25 förmenande,
830 589 18 25 ej
864 588 66 20 finnes

181 622 65 26 nägot
268 622 53 20 skäl.
351 622 41 20 Det
411 622 58 20 heter
489 622 37 20 här
547 622 8 19 i
575 622 35 20 det
630 628 74 14 senare
724 622 89 26 stycket,
833 624 30 18 att
881 622 50 20 kon-

180 658 54 18 toret
250 656 6 20 i
272 656 134 26 Petersburg,
427 656 94 20 ”hvilket
536 656 62 20 äfven
614 656 64 26 säljer
692 656 132 26 invisningar
839 656 27 26 pä
881 656 49 20 ban-

182 690 52 20 kens
250 690 77 20 kontor
343 690 57 20 inom
416 690 78 25 landet,
511 690 88 20 förestäs
615 690 39 20 och
670 690 106 25 förvaltas,
791 690 66 20 under
868 690 64 20 bank-

182 724 147 20 direktionens
340 724 109 26 inseende,
461 724 23 20 af
492 730 26 14 en
529 724 208 20 Bankkommissarie
750 724 37 20 och
799 730 24 14 en
836 724 96 20 Kassör.”

181 757 33 20 Dä
229 757 109 20 Utskottet
355 757 95 27 godkänt
464 758 95 26 lydelsen
575 758 45 24 af
612 753 12 36 $
638 759 32 25 80,
687 758 37 20 der
740 758 35 20 det
789 758 65 20 heter:
870 758 62 20 ”För-

183 791 123 27 valtningen
323 791 23 19 af
358 791 101 20 Finlands
476 792 56 20 bank
548 792 130 20 handhafves
690 792 23 19 af
722 798 24 13 en
759 792 112 25 direktion,
884 792 46 20 med

181 825 83 20 biträde
288 825 23 19 af
332 825 25 19 de
381 826 126 25 tjenstemän
531 826 36 19 här
590 826 69 20 nedan
676 826 106 25 nämnes”,
798 826 132 24 äfvensom
914 821 19 35 $

182 859 46 25 108,
245 859 37 19 der
298 859 35 20 det
350 853 59 26 heter
424 866 34 13 om
475 860 102 20 kontoren
593 860 55 20 inom
666 860 80 20 landet:
762 860 78 20 "Dessa
856 860 74 20 kontor

182 892 90 20 förestäs
295 892 39 20 och
356 892 107 27 förvaltas,
486 893 66 20 under
572 893 201 20 bankdirektionens
789 894 107 25 inseende,
912 893 22 20 af

182 933 26 13 en
234 926 216 26 Bankkommissarie,
475 927 46 20 med
543 927 81 20 biträde
642 928 23 19 af
678 934 26 13 en
720 927 97 26 Kassör”,
833 927 22 20 sä
869 934 63 19 synes

181 961 43 26 mig
248 967 81 13 samma
348 961 84 19 talesätt
452 961 62 20 hafva
529 961 81 20 kunnat
625 963 49 18 utan
690 961 113 26 olägenhet
817 961 62 20 äfven
895 961 37 20 här

181 994 117 27 begagnas,
321 994 23 19 sä
367 996 30 18 att
412 995 36 20 det
463 995 80 20 kunnat
558 995 49 20 heta
622 1001 34 14 om
673 995 97 20 kontoret
785 995 6 19 i
807 995 125 26 Petersburg

180 1030 32 17 att
234 1028 36 20 det
288 1027 99 21 förvaltas
406 1029 23 19 af
450 1035 25 14 en
492 1029 204 20 bankkommissarie
711 1029 48 20 med
775 1029 80 20 biträde
871 1029 23 20 af
907 1035 25 14 en

179 1062 80 20 kassör.

248 1096 64 19 Herr
327 1096 146 29 Mechelin:
493 1097 40 26 Jag
549 1097 67 20 finner
630 1097 54 20 Herr
699 1093 121 30 Öhrnbergs
835 1097 94 19 anmärk-

180 1130 52 26 ning
255 1129 133 27 fullkomligt
410 1131 64 26 rigtig
497 1131 40 20 och
561 1131 37 19 har
614 1131 31 20 för
660 1131 43 19 min
720 1131 33 19 del
767 1131 19 26 ej
802 1131 6 18 i
825 1131 107 20 Utskottet

180 1165 54 18 varit
252 1164 47 19 med
316 1170 32 13 om
366 1166 30 17 att
412 1165 35 19 det
462 1165 52 19 skall
531 1165 31 19 stä
577 1165 37 19 ”af
627 1171 26 14 en
669 1164 206 20 Bankkommissarie
891 1165 39 19 och

180 1204 26 13 en
223 1197 92 20 Kassör”
331 1198 7 18 i
354 1198 70 19 stället
440 1198 31 20 för
487 1198 36 20 ”af
536 1204 25 14 en
572 1198 207 20 Bankkommissarie
791 1198 46 20 med
850 1198 80 20 biträde

181 1231 23 20 af
219 1238 26 13 en
262 1231 96 20 Kassör.”
384 1232 63 19 Detta
463 1232 66 20 måste
546 1232 49 20 bero
611 1232 27 26 pä
648 1232 65 27 något
724 1232 86 26 misstag
821 1232 34 19 vid
867 1239 63 19 expe-

180 1265 103 20 ditionen.
313 1265 9 20 I
345 1265 42 20 alla
406 1265 112 21 händelser
533 1266 95 20 förordar
642 1267 38 25 jag
696 1268 29 17 att
741 1265 143 27 fullmäktiges
899 1272 31 13 re-

180 1299 86 20 daktion
283 1299 7 20 i
305 1299 69 20 denne
390 1299 34 20 del
442 1300 62 19 mätte
521 1300 65 20 blifva
601 1303 99 23 antagen.
831 1291 4 6 |

248 1333 30 20 På
300 1333 117 20 framställd
434 1334 137 26 proposition,
588 1334 44 19 blef
645 1333 118 20 Utskottets
779 1333 78 27 förslag
872 1333 31 20 till
918 1336 10 22 $

181 1368 40 18 114
236 1369 92 24 antaget,
346 1367 46 20 med
409 1367 40 20 den
466 1368 23 19 af
501 1368 77 19 Herrar
594 1364 112 29 Öhrnberg
721 1367 39 20 och
775 1367 103 20 Mechelin
890 1367 40 20 för-

180 1401 79 20 ordade
283 1401 123 26 förändring
428 1401 23 20 af
465 1402 39 19 ”en
519 1401 210 20 Bankkommissarie
745 1401 39 20 och
800 1407 26 14 en
841 1401 89 20 Kassör?

180 1435 32 19 till
228 1435 38 19 ”en
282 1435 213 20 Bankkommissarie
512 1435 47 20 med
576 1435 80 20 biträde
672 1435 24 20 af
709 1441 26 13 en
750 1435 96 20 Kassör”.
