1070 1786
215 148 45 31 1288
525 152 41 17 Den
579 153 20 16 21
612 153 42 22 Maj.

192 210 32 19 för
245 209 78 20 vården
343 209 39 20 och
399 209 155 26 förvaltningen
570 210 24 19 af
607 210 25 20 de
648 210 129 25 statsmedel,
793 216 45 13 som
854 209 99 20 Finlands

192 243 57 21 bank
273 243 73 20 hittills
370 243 103 20 förvaltat.
504 244 75 19 Denna
599 244 57 20 siffra
675 245 37 19 har
727 244 38 20 hos
781 244 42 26 mig
839 244 63 20 väckt
918 243 33 20 be-

191 277 144 26 tänkligheter
351 277 32 19 för
398 277 41 20 den
456 277 55 20 skull
527 279 29 18 att
572 278 28 19 uti
616 278 12 19 3
644 280 10 22 $
670 279 24 19 af
702 277 88 27 Kejserl.
802 277 148 26 förordningen

191 312 23 19 af
235 312 40 19 den
293 311 11 19 9
320 310 119 21 December
464 312 52 19 1867
539 312 96 26 antydes,
658 314 30 18 att
710 311 126 21 statsverket
855 311 48 19 icke
919 310 31 20 fär

192 345 92 20 belastas
307 344 47 20 med
378 345 70 26 nägon
472 346 63 26 utgift
554 346 31 19 för
605 346 78 20 värden
704 346 39 20 och
760 345 154 25 förvaltningen
930 344 23 20 af

192 380 48 19 dess
263 378 161 26 ifrågavarande
446 378 79 20 fonder.
556 379 76 25 50,000
654 379 58 20 mark
731 380 31 19 lär
781 379 33 20 väl
830 379 31 19 för
877 381 73 17 närva-

192 413 66 19 rande
278 418 51 14 vara
347 419 45 13 mer
408 416 25 16 än
450 413 54 19 hvad
521 413 31 19 för
567 420 26 13 en
609 413 55 20 skild
681 413 128 26 förvaltning
825 414 23 18 af
861 412 89 20 nämnde

191 447 76 19 fonder
290 446 114 26 erfordras;
429 453 45 13 men
498 447 136 20 statsverkets
654 447 75 20 fonder
749 447 65 20 blifva
829 446 121 27 pätagligen

191 481 54 19 efter
263 481 25 19 15
304 481 12 19 å
331 480 27 20 20
374 480 22 20 är
412 480 23 20 sä
451 480 108 26 förökade,
574 483 30 18 att
619 481 76 25 50,000
712 481 58 19 mark
787 480 26 20 då
828 483 23 17 är
864 480 32 20 för
906 480 46 20 litet

192 515 32 19 för
244 513 120 20 ändamålet
384 514 40 19 och
444 514 26 19 dä
486 514 69 20 denna
571 516 9 22 $
597 514 36 20 har
648 514 127 20 karakteren
791 514 24 20 af
827 516 30 18 ett
873 514 79 26 vanligt

192 548 58 24 aftal,
266 554 63 20 synes
341 547 43 26 mig
399 547 47 20 icke
463 547 101 26 lämpligt,
581 547 47 20 icke
644 548 73 26 nödigt
734 548 38 19 och
788 548 47 19 icke
847 548 105 26 försigtigt
966 569 9 14 I

192 584 30 18 att
237 582 7 19 i
260 581 64 25 detta,
340 581 6 19 i
363 583 77 18 största
454 581 115 20 allmänhet
585 582 123 26 upprättade
724 582 48 20 aftal
789 582 68 19 införa
873 589 24 12 en
910 582 41 19 viss

192 616 65 24 siffra,
269 615 29 19 lät
309 621 55 19 vara,
375 616 29 18 att
415 615 41 19 den
465 615 64 20 ocksä
538 615 31 20 för
578 616 130 19 närvarande
717 618 23 17 är
748 615 93 27 rundligt
849 615 101 27 tilltagen.

192 649 40 20 Om
249 649 113 26 meningen
378 648 46 21 äter
440 652 29 23 är,
485 651 30 18 ait
530 649 57 20 detta
602 650 74 26 anslag
692 650 6 18 i
715 649 118 25 framtiden,
849 649 26 19 dä
891 649 60 27 utgif-

192 686 60 18 terna
268 683 32 20 för
315 683 154 27 förvaltningen
486 684 59 20 torde
561 684 65 19 blifva
642 686 72 23 större,
731 683 41 20 kan
789 683 57 26 ökas,
863 684 22 19 sä
899 684 53 19 hade

192 717 81 25 sådant,
296 724 62 19 synes
381 717 36 20 det
441 718 47 26 mig,
511 718 46 19 bort
575 717 143 27 uttryckligen
739 716 80 20 uttalas.
850 717 47 19 Men
918 716 33 20 vid

192 751 76 20 sädant
282 750 132 21 förhällande
431 754 22 17 är
469 752 41 20 den
520 751 63 26 siffra,
595 758 43 13 som
649 750 170 26 Bankutskottet,
830 751 5 19 i
847 750 105 20 öfverens-

192 786 120 19 stämmelse
328 785 47 20 med
391 785 202 26 Bankfullmäktige,
609 785 108 27 föreslagit
732 784 85 27 onödig,
833 784 66 20 såsom
912 784 40 20 till-

194 820 97 19 kommen
316 819 64 20 under
403 818 155 26 förutsättning,
581 820 29 18 att
626 819 6 19 i
648 825 25 13 en
691 818 82 20 framtid
795 817 71 20 kunna
885 818 66 19 öfver-

191 853 91 20 skridas.
311 852 29 20 På
356 853 62 20 dessa
434 852 45 20 skäl
497 852 36 20 ber
545 852 37 26 jag
597 852 21 20 få
628 852 113 26 tillstyrka,
752 854 30 18 att
794 851 158 26 bestämningen

194 888 22 18 af
230 887 106 26 anslagets
352 886 77 26 belopp
446 886 63 19 måtte
525 886 20 19 få
561 886 48 26 utgå
624 886 38 19 och
679 888 32 21 $:n
722 886 107 25 redigeras
841 885 5 18 i
858 885 94 26 enlighet

193 919 46 20 med
264 919 53 20 hvad
338 925 36 14 om
391 919 142 19 kostnaderna
552 919 31 19 för
605 919 155 26 förvaltningen
780 918 23 19 af
816 919 136 20 statsverkets

196 953 75 20 fonder
286 953 6 20 i
308 953 121 26 åberopade
445 952 123 27 förordning
583 952 24 19 af
621 952 53 20 1867
690 952 68 20 finnes
773 952 103 26 stadgadt.

262 986 65 20 Herr
343 985 143 21 Mechelin:
511 985 40 27 Jag
567 985 37 20 har
620 985 74 27 begärt
710 986 59 20 ordet
780 987 47 20 med
839 987 113 26 anledning

192 1021 24 20 af
229 1021 53 19 Herr
305 1016 122 30 Öhrnbergs
450 1021 82 18 senaste
551 1019 105 26 yttrande,
676 1019 24 20 af
714 1019 81 21 hvilket
817 1023 74 18 nästan
913 1021 39 20 den

192 1055 86 19 slutsats
302 1053 68 20 kunde
394 1053 83 27 dragas,
493 1055 30 18 att
538 1053 71 20 derest
624 1055 9 22 $
649 1054 12 19 4
677 1053 7 20 i
700 1054 139 26 reglementet
859 1054 93 21 befinnes

193 1088 111 26 olämpligt
326 1087 39 20 och
382 1087 35 20 det
434 1087 44 20 deri
494 1087 123 20 innehållna
633 1087 90 20 beslutet
738 1087 65 21 borde
819 1088 44 20 helt
877 1095 73 13 annor-

192 1122 64 19 lunda
278 1121 129 25 formuleras,
428 1120 87 20 skulden
533 1120 69 20 derför
618 1120 75 20 endast
708 1127 50 14 vore
773 1122 179 20 Bankutskottets.

192 1156 75 19 Denna
289 1155 53 27 åsigt
366 1154 41 20 kan
426 1155 37 25 jag
478 1154 47 20 icke
541 1154 59 25 dela;
625 1156 22 24 ty
663 1161 34 13 om
713 1155 53 20 Herr
781 1151 110 31 Öhrnberg
907 1156 45 20 från

194 1190 72 25 början
283 1189 47 26 hyst
350 1188 39 20 den
407 1188 60 26 äsigt,
483 1190 29 17 att
527 1190 10 22 S
553 1189 19 24 4,
588 1187 64 21 sådan
668 1188 41 20 den
726 1189 23 19 af
762 1189 190 27 bankfullmäktige

193 1222 69 21 blifvit
278 1222 117 26 föreslagen
412 1222 40 19 och
468 1222 23 19 af
503 1222 107 20 Utskottet
624 1222 108 26 godkänd,
748 1222 47 21 icke
811 1229 36 14 var
859 1223 93 27 lämplig,

192 1260 48 17 utan
257 1259 31 18 att
302 1257 36 19 hos
355 1256 57 19 Hans
423 1256 118 26 Kejserliga
551 1256 97 26 Majestät
660 1256 64 20 borde
735 1257 23 19 af
766 1257 116 20 Ständerne
891 1260 61 23 göras

192 1297 26 13 en
234 1289 90 21 särskild
340 1289 154 27 framställning
509 1290 7 19 i
527 1292 70 17 ämnet
605 1291 53 18 samt
666 1290 126 21 alternativa
800 1291 77 26 förslag
889 1291 60 20 äfven

192 1324 31 20 till
238 1323 108 26 åtskilliga
361 1323 67 20 andra
442 1325 22 22 $$
480 1323 5 19 i
502 1323 138 26 reglementet
656 1327 110 23 uppgöras,
775 1325 23 19 så
814 1327 35 17 vet
857 1325 38 26 jag
905 1325 47 20 icke

192 1358 98 20 hvarföre
313 1357 53 20 Herr
389 1353 112 30 Öhrnberg
520 1357 65 26 jemte
606 1357 67 26 öfrige
689 1357 139 27 fullmäktige,
844 1358 26 20 då
886 1359 66 20 skulle

192 1392 58 26 gifva
261 1392 57 19 detta
333 1390 78 27 förslag
428 1397 32 13 om
477 1391 165 20 statsfondernas
657 1391 119 26 separation
790 1392 43 25 just
849 1398 24 13 en
890 1392 64 20 sådan

192 1426 61 25 form,
269 1431 43 14 som
329 1424 41 20 han
387 1425 51 25 sjelf
451 1425 48 20 icke
515 1425 65 26 ansåg
596 1425 93 26 lämplig.
720 1424 41 27 Jag
779 1431 61 14 anser
855 1426 57 25 visst,
926 1427 30 18 att
