1070 1786
372 151 41 18 Den
426 151 23 18 30
461 151 61 23 April.
773 152 34 17 877

73 213 48 20 icke
138 212 63 25 hyser
216 213 44 18 stor
276 210 142 26 förhoppning
434 215 33 14 om
484 211 30 18 att
529 216 28 13 en
581 210 130 26 proposition
732 210 7 19 i
758 212 72 19 ämnet

75 246 110 26 verkligen
202 245 54 20 skall
271 244 72 19 kunna
359 243 34 20 vid
410 243 70 20 denna
494 243 104 27 landtdag
617 243 139 27 framläggas;
780 251 47 13 men

72 283 37 25 jag
125 283 23 17 är
164 279 55 21 dock
235 278 23 21 så
268 277 133 27 öfvertygad,
410 277 45 20 dels
463 283 34 14 om
512 277 187 27 nödvändigheten
718 277 24 20 af
754 284 26 13 en
796 284 31 14 re-

75 316 64 20 forms
161 312 172 28 genomförande,
356 312 45 20 dels
424 318 33 13 om
481 311 40 20 den
546 311 124 27 lämplighet
691 311 76 26 härför,
783 318 45 13 som

77 350 40 20 den
134 346 131 22 närvarande
282 346 124 26 tidpunkten
418 345 105 26 erbjuder,
539 347 32 18 att
583 346 37 26 jag
634 345 32 20 för
682 345 42 20 min
741 345 33 20 del
792 345 37 21 ber

76 386 30 18 att
121 383 21 20 få
157 381 93 21 vidhålla
267 380 46 20 mitt
327 380 78 26 förslag
422 379 30 20 till
460 380 131 26 petitionens
602 379 142 27 formulering.
755 380 75 20 Denna

76 417 138 25 formulering
229 415 41 19 kan
293 414 107 26 nemligen
419 414 47 20 icke
486 414 111 20 föranleda
612 414 31 19 till
658 413 66 27 några
742 420 87 20 synner-

77 453 44 26 liga
143 449 149 28 olägenheter;
314 451 30 23 ty,
366 448 62 20 äfven
452 448 6 19 i
482 448 35 20 det
536 448 39 20 fall
593 450 29 18 att
637 448 130 26 proposition
782 449 48 20 icke

78 487 41 19 kan
136 485 120 26 föreläggas
272 482 82 21 landets
370 489 27 13 nu
413 482 126 20 församlade
551 481 97 27 Ständer,
664 482 119 21 framhåller
794 489 35 20 pe-

79 521 89 20 titionen
192 518 55 20 dock
268 518 70 26 vigten
355 517 22 19 af
391 516 40 20 den
451 516 88 20 afsedda
554 516 199 27 lagförändringens
768 523 63 14 snara

80 553 140 28 vidtagande;
242 552 40 21 och
305 552 36 19 det
362 550 43 21 står
424 551 24 26 ju
470 550 59 21 alltid
545 550 135 27 Regeringen
696 550 44 20 fritt
754 552 31 18 att
799 550 32 21 för

80 586 246 24 nästsammanträdande
342 585 90 21 Ständer
447 585 110 26 förelägga
580 585 129 26 proposition
732 585 7 19 i
754 586 77 24 ämnet,

80 624 62 20 äfven
158 629 34 14 om
208 628 26 13 en
250 620 65 20 sådan
332 620 54 19 varit
402 618 79 27 begärd
497 618 32 20 för
544 618 27 21 de
587 626 27 12 nu
632 618 133 20 församlade.

147 656 69 22 Sedan
240 654 147 21 diskussionen
411 654 7 19 i
440 653 93 25 ärendet,
558 653 28 20 då
607 653 65 26 ingen
694 652 23 20 af
734 652 98 20 Ståndets

82 692 136 20 medlemmar
233 690 72 19 vidare
321 688 71 20 anhöll
407 680 35 28 om
458 687 66 26 ordet,
539 687 114 20 förklarats
668 681 96 31 afslutad,
778 686 54 20 före-

81 727 48 19 lade
145 726 53 19 Herr
214 724 160 20 Talmannen
391 722 87 20 Ständet
494 721 31 20 till
541 721 130 20 besvarande
682 720 93 27 följande
785 727 48 20 pro-

81 760 125 27 positioner:

151 792 163 26 Proposition
330 790 40 20 N:o
387 791 21 18 1:
434 789 41 20 Vill
498 789 90 20 Ständet
609 788 131 21 omedelbart
757 791 78 25 antaga

83 829 112 20 utskottets
212 824 148 22 betänkande?
376 824 52 20 eller
444 822 77 21 önskar
537 822 89 21 Ständet
640 825 30 17 att
686 823 47 19 med
748 823 87 27 ledning

83 864 22 20 af
119 861 148 22 diskussionen
290 858 207 26 kontraproposition
519 857 96 19 deremot
630 856 128 27 uppställes?
787 857 48 19 Med

81 899 28 26 ja
123 899 68 18 röstas
206 895 32 20 för
254 894 35 19 det
304 893 56 20 förra
376 892 40 19 och
432 891 47 20 med
495 891 40 25 nej
553 890 32 20 för
601 890 35 20 det
650 897 82 13 senare.

151 929 159 27 Propositionen
327 925 127 22 besvarades
471 925 46 20 med
533 924 157 27 öfvervägande
707 925 49 26 nej.

152 958 170 36 Proposition
338 961 40 20 N:o
394 961 22 19 2:
441 959 94 26 Antager
553 959 89 20 Ständet
664 959 30 19 till
713 959 123 26 kontrapro-

85 1000 91 27 position
200 999 57 19 emot
272 995 112 20 utskottets
400 993 134 21 betänkande
550 993 37 20 det
602 993 22 20 af
636 993 54 20 Herr
708 993 89 22 Kiseleff
811 1000 26 13 m.

87 1035 20 20 fl.
124 1032 130 22 framställda
270 1029 150 22 amendement
436 1034 32 14 om
484 1027 133 20 uteslutande
632 1027 24 20 af
664 1027 49 20 sista
724 1027 113 27 meningen

86 1070 6 19 i
109 1065 157 24 betänkandet?

154 1101 57 21 Härä
226 1099 98 21 svarades
340 1097 47 21 med
405 1096 100 21 blandadt
517 1096 24 25 ja
556 1095 40 20 och
612 1095 40 26 nej,
668 1095 117 26 hvarjemte
803 1095 35 20 be-

83 1137 81 28 *gärdes
186 1134 104 26 votering,
313 1139 44 14 som
381 1131 55 26 förty
459 1130 93 25 företogs
576 1129 40 20 och
632 1129 59 20 utföll
706 1128 47 22 med
769 1129 30 20 26
812 1129 28 26 ja

88 1173 57 19 emot
160 1171 12 19 7
188 1169 49 25 nej.
829 1181 4 4 n

154 1202 169 28 Proposition
340 1200 38 20 N:o
395 1199 22 20 3:
438 1198 43 20 Vill
497 1197 88 21 Ständet
601 1196 114 28 godkänna
731 1196 100 20 utskottet

90 1237 135 24 betänkande
240 1234 143 26 oförändradt,
405 1232 52 21 eller
472 1231 48 21 med
536 1231 41 20 den
593 1231 7 20 i
616 1230 142 21 ofvannämnd
777 1230 65 21 mätto

91 1274 120 26 föreslagna
233 1268 141 27 uteslutning?
407 1267 46 20 Den
476 1273 45 13 som
544 1265 37 20 vill
603 1265 35 20 det
652 1265 57 20 förra
724 1271 71 14 svarar
807 1265 36 26 ja,

90 1311 41 20 den
147 1315 45 14 som
208 1305 78 21 önskar
302 1304 35 19 det
352 1308 75 15 senare
442 1301 50 26 nej.

158 1342 74 20 Svaret
254 1338 59 20 utföll
336 1337 48 20 med
408 1335 108 21 obestridd
539 1333 151 28 röstpluralitet
711 1332 133 27 nekande;

91 1378 40 21 och
147 1375 68 21 skulle
238 1371 153 22 underrättelse
411 1377 34 13 om
465 1369 100 22 Ständets
580 1367 88 21 sålunda
683 1365 79 21 fattade
777 1366 70 21 beslut

92 1410 108 23 meddelas
216 1408 26 20 de
258 1406 67 27 öfrige
340 1405 95 20 Ständen
451 1405 54 18 samt
523 1402 115 20 Allmänna
654 1396 193 34 Besvärsutskottet

91 1451 77 23 genom
185 1445 29 18 ett
229 1441 23 20 sä
267 1439 93 27 lydande
380 1437 204 28 protokollsutdrag:
