1070 1786
213 151 35 41 754
494 162 41 17 Den
547 162 23 17 20
582 162 60 23 April.

192 221 48 20 dom
256 227 34 13 om
307 221 54 19 hvad
378 219 157 21 vederbörande
551 219 64 21 Stånd
631 220 7 19 i
653 220 89 20 ärendet
759 219 90 25 beslutit,
865 223 22 16 är
900 220 42 19 Ex-

192 255 208 27 peditionsutskottet
418 254 87 20 alldeles
525 254 115 23 ursäktadt,
660 260 36 14 om
716 256 30 17 ett
762 254 79 26 tillägg,
862 255 80 19 hvilket

192 290 19 25 ej
228 293 22 15 är
267 289 123 20 omnämndt
406 288 29 19 uti
451 288 56 19 detta
523 287 201 27 protokollsutdrag,
740 288 47 20 icke
803 291 67 23 göres,
901 289 40 19 För

192 324 64 26 öfrigt
271 326 23 16 är
309 323 35 19 det
359 322 23 20 så
397 321 86 27 mycket
502 328 57 13 mera
577 322 24 19 af
618 322 45 26 vigt
683 324 31 17 att
733 322 158 19 vederbörande
911 324 29 17 ut-

192 357 57 19 skott
264 356 80 20 erhålla
359 356 135 26 fullständiga
510 355 137 26 föreskrifter,
664 362 46 14 som
726 356 36 20 det
776 356 47 19 icke
843 359 23 16 är
881 362 58 14 osan-

193 390 75 26 nolikt,
291 392 29 18 att
342 389 254 27 Expeditionsutskottets
618 390 144 25 verksamhet,
783 390 6 19 i
806 390 66 20 likhet
894 391 46 19 med

193 424 54 20 hvad
271 424 33 20 vid
325 423 176 27 nästföregående
525 423 100 26 landtdag
648 430 38 13 var
709 424 64 24 fallet,
797 424 94 20 kommer
912 426 30 18 att

193 458 87 20 fortfara
303 458 61 20 äfven
384 458 53 19 efter
457 458 35 19 det
511 457 116 20 Ständerne
650 458 98 25 åtskiljts.
778 458 48 19 Man
845 458 40 20 kan
902 458 39 19 vis-

193 492 91 27 serligen
304 493 74 24 erinra,
399 494 31 18 att
452 492 35 19 det
505 492 85 25 utskott,
610 498 43 14 som
675 492 118 20 Ständerne
812 492 85 20 komma
913 494 28 18 att

192 527 94 25 tillsätta,
304 527 31 19 för
354 528 30 18 att
399 526 66 26 jemte
485 526 244 26 Expeditionsutskottet
744 526 86 20 slutföra
847 526 26 20 de
889 526 49 20 åter-

193 561 88 20 stående
300 560 130 27 göromälen,
454 560 90 20 besluter
564 560 46 20 med
631 560 129 20 Siändernes
778 562 46 23 rätt,
845 568 46 13 men
905 561 37 26 jag

194 596 38 19 har
247 595 53 19 dock
316 595 56 19 velat
390 594 101 20 anmärka
510 594 146 24 förhållandet,
676 595 33 19 för
728 596 30 18 att
777 595 52 19 fästa
845 595 96 19 Ståndets

194 628 188 27 uppmärksamhet
397 628 70 26 derpå,
484 630 29 18 att
528 628 41 19 alla
585 628 88 20 ärender
690 628 48 19 icke
754 628 71 20 kunna
838 628 104 26 påräknas

194 663 132 20 återkomma
344 662 45 20 från
409 662 241 26 Expeditionsutskottet
676 662 75 20 medan
774 662 117 20 Ständerne
906 666 35 16 äro

195 697 125 20 församlade
337 697 38 19 och
392 698 30 18 att
438 696 99 26 möjligen
553 696 61 20 äfven
632 696 58 20 detta
710 696 78 20 ärende
808 699 61 17 röner
889 703 53 13 sam-

195 738 35 13 ma
252 732 45 24 lott,
320 733 30 17 att
371 731 47 19 icke
443 730 64 20 hinna
531 730 23 20 af
566 730 249 26 Expeditionsutskottet,
834 736 44 14 som
893 731 50 19 först

197 766 65 19 måste
279 765 105 20 behandla
400 764 26 20 de
441 764 82 26 Nådiga
534 764 183 26 propositionerna
728 764 38 20 och
777 770 74 14 svaren
863 764 12 20 å
889 764 54 25 dem,

195 800 31 19 till
242 800 71 26 slutlig
333 798 129 26 behandling
482 798 105 26 företagas
609 798 75 20 medan
706 798 116 20 Ständerne
837 801 56 17 ännu
907 802 36 16 äro

195 834 6 19 i
218 834 30 19 sin
272 833 71 19 helhet
368 832 131 20 församlade.
529 832 40 26 Jag
595 832 65 20 håller
684 832 82 20 derföre
786 833 43 19 före
847 835 36 23 att,
909 839 32 13 om

196 867 178 27 Borgareståndet
396 873 62 13 anser
483 866 68 26 någon
577 866 23 20 af
613 866 61 20 dessa
693 866 249 27 tilläggsbestämningar,

198 901 72 20 hvilka
286 901 22 19 af
321 901 66 26 några
402 900 65 19 talare
482 901 109 24 förordats,
608 900 50 19 böra
675 900 65 20 blifva
751 901 83 26 synliga
844 901 29 18 uti
884 901 58 19 Stän-

197 935 76 20 dernes
298 935 106 19 blifvande
424 934 86 26 petition
530 934 5 19 i
557 936 77 24 ämnet,
649 934 90 20 Ståndet
754 934 37 19 bör
806 934 71 20 derom
893 935 51 19 fatta

199 969 67 19 beslut
283 969 39 19 och
339 968 97 20 meddela
452 968 57 20 detta
524 968 68 20 beslut
607 968 21 20 åt
643 968 160 20 vederbörande
820 969 78 19 utskott
913 969 31 19 för

197 1005 30 17 att
250 1003 62 19 lända
330 1002 42 26 det,
391 1003 6 18 i
413 1002 55 19 hvad
488 1002 73 26 frågan
581 1002 27 26 på
627 1002 179 27 Borgareståndet
821 1003 123 25 ankommit,

198 1037 31 20 till
245 1036 144 21 efterrättelse.

264 1071 54 20 Herr
333 1071 148 26 Wallgren:
502 1070 69 20 Också
587 1071 37 25 jag
644 1070 68 20 finner
732 1071 35 19 det
787 1071 88 19 alldeles
895 1071 49 19 nöd-

198 1105 87 26 vändigt
300 1107 28 17 att
344 1104 88 20 Ståndet
448 1105 75 19 uttalar
538 1105 32 26 sig
586 1111 33 13 om
632 1105 40 19 den
688 1105 133 26 motivering,
837 1111 43 13 som
892 1105 52 20 skall

197 1139 50 26 ingå
270 1139 28 19 uti
317 1139 123 25 petitionen.
470 1139 41 19 Det
530 1142 23 16 är
570 1139 67 26 gifvet
656 1141 30 17 att
704 1139 242 25 Expeditionsutskottet

198 1173 64 19 sedan
280 1175 93 17 närmare
390 1172 123 20 formulerar
529 1173 68 19 denna
614 1173 134 26 motivering,
764 1179 43 13 som
821 1173 123 26 ytterligare

196 1207 91 25 justeras
302 1206 22 19 af
338 1206 92 20 Stånden
448 1206 74 20 endast
538 1206 31 20 för
585 1208 28 18 att
629 1206 93 26 granska
738 1213 32 13 om
787 1206 40 20 den
839 1207 105 19 öfverens-

198 1244 99 17 stämmer
313 1241 47 19 med
376 1241 61 19 deras
453 1241 72 19 derom
541 1241 78 19 fattade
636 1241 74 19 beslut.
741 1241 37 19 Att
792 1241 152 27 motiveringen

199 1276 37 19 bör
252 1275 80 26 grunda
348 1275 31 26 sig
395 1274 12 19 å
422 1274 104 20 Ståndens
542 1275 68 19 beslut
624 1281 64 20 synes
707 1275 43 26 mig
765 1275 106 25 sjelffallet
881 1276 63 19 redan

198 1310 61 19 deraf
279 1311 30 17 att
331 1309 35 19 det
385 1308 67 27 aldrig
472 1309 41 19 kan
533 1315 50 13 vara
601 1309 102 26 likgiltigt
722 1309 32 19 för
772 1309 61 19 dessa
853 1309 51 20 huru
920 1317 25 12 en

198 1344 61 19 deras
275 1343 153 26 framställning
445 1343 118 20 motiveras.

267 1377 53 20 Herr
335 1377 101 26 Sjöros:
457 1377 52 19 Herr
529 1373 121 30 Öhrnbergs
670 1376 147 27 anmärkning,
834 1379 29 17 att
878 1377 68 26 Expe-

199 1411 180 20 ditionsutskottet
402 1410 104 20 måhända
524 1411 49 20 icke
591 1411 31 20 får
642 1410 97 27 kunskap
759 1417 32 13 om
812 1410 25 20 de
854 1412 94 25 motiver,

199 1451 44 15 som
260 1445 5 20 i
282 1445 72 26 frågan
378 1445 54 26 gjort
453 1445 32 28 sig
504 1445 98 27 gällande
622 1445 56 21 inom
702 1444 178 27 Borgareståndet
899 1445 51 20 eller
