1070 1786
431 151 45 18 Den'
484 151 23 18 14
518 151 42 22 Maj.
805 150 44 17 1147

115 210 55 19 brott
189 209 23 19 af
225 209 47 19 svår
288 208 148 20 beskaffenhet
452 209 39 20 och
508 208 123 26 betänkliga
647 208 75 25 följder
737 207 32 20 för
784 208 91 25 skeppet

115 242 39 19 och
170 242 96 22 rederiet,
282 241 38 20 och
336 241 6 19 i
360 241 139 20 betraktande
515 241 22 19 af
551 241 40 19 den
609 241 72 25 skada,
698 247 44 14 som
754 241 120 20 förorsakas

117 282 76 19 genom
210 278 29 17 ett
254 275 74 20 sådant
343 275 62 26 brott,
422 275 73 20 dervid
512 282 25 13 en
554 275 80 25 sjöman
650 275 73 20 sviker
739 275 40 20 den
795 275 26 19 ed
833 275 41 19 han

115 309 66 19 svurit
199 309 31 19 sin
252 308 95 20 öfverhet
364 308 38 20 och
419 309 35 19 sitt
470 308 55 25 land,
542 311 22 16 är
581 308 26 20 20
623 308 59 20 mark
699 308 68 20 såsom
785 308 90 20 minimi-

114 342 164 26 ansvarsbelopp
299 344 47 18 utan
368 342 69 26 någon
455 342 122 26 jemförelse
597 342 47 19 med
662 342 36 19 det
712 344 54 17 rätta
781 342 40 20 och
837 341 38 20 all-

115 376 57 20 deles
192 377 32 18 för
244 376 51 19 litet.
324 376 32 18 En
377 375 160 27 uppstudsighet
553 375 40 19 kan
610 382 50 12 vara
675 375 23 19 så
715 376 58 25 liten,
789 378 30 17 att
834 375 41 20 den

116 410 86 26 mycket
216 410 34 19 väl
265 410 41 18 kan
324 409 94 19 försonas
435 409 46 19 med
499 409 26 19 20
543 408 68 20 marks
624 409 66 25 böter,
702 416 47 12 men
761 409 47 20 med
819 416 56 19 rym-

117 444 50 26 ning
184 450 22 13 ur
222 444 95 25 sjötjenst
332 446 22 16 är
370 443 141 19 förhållandet
527 442 137 20 annorlunda.
694 443 41 27 Jag
750 443 69 20 skulle
830 443 45 19 der-

117 478 44 19 före
182 477 76 20 föreslå
278 477 58 19 böter
352 477 46 19 från
415 477 26 19 50
457 476 31 20 till
505 476 38 20 och
559 477 48 19 med
623 477 40 19 200
680 477 67 23 mark,
763 477 52 19 eller
831 476 44 20 fän-

117 511 58 25 gelse
190 510 7 19 i
213 517 26 12 en
263 510 50 19 eller
336 510 62 26 högst
418 512 30 18 tre
470 509 110 20 månaders
596 510 36 19 tid.
661 510 41 26 Jag
719 511 36 19 vill
770 511 105 19 dessutom

119 545 74 25 erinra,
209 546 29 18 att
254 544 29 19 uti
299 544 69 19 denna
383 546 10 22 $
410 544 47 19 icke
473 544 141 19 förekommer
629 544 40 20 den
685 545 82 19 härtills
777 544 99 27 gällande

120 578 132 26 bestämning
272 580 29 17 att
320 578 33 19 vid
370 579 126 25 rymningen
514 578 137 19 innestående
668 579 140 25 månadshyra
823 578 53 20 skall

119 619 50 13 vara
192 611 119 26 förverkad,
334 612 38 19 och
395 611 41 20 den
453 612 106 26 förrymde
576 612 104 20 dessutom
698 612 85 26 skyldig
799 615 30 17 att
847 618 29 13 er-

119 649 53 17 sätta
195 646 91 20 rederiet
308 646 40 20 den
368 646 68 20 skada
457 646 38 20 och
512 646 73 19 förlust
601 646 39 20 han
657 654 76 18 genom
751 646 126 26 rymningen

119 680 118 20 förorsakat
252 680 120 25 detsamma,
388 686 26 14 en
432 680 163 26 omständighet,
610 680 86 20 hvilken
714 680 54 21 dock
785 680 40 20 kan
843 680 34 20 de-

119 714 87 20 duceras
221 713 44 19 från
282 715 29 17 ett
326 715 64 17 annat
406 714 117 26 stadgande
540 720 43 13 som
599 714 7 18 i
622 714 136 27 lagförslaget
773 714 104 20 förekom-

121 754 49 14 mer.
200 748 9 19 I
225 747 93 26 enlighet
339 747 46 19 med
402 747 63 19 dessa
480 747 164 26 anmärkningar
660 748 68 20 skulle
742 749 37 25 jag
795 747 83 24 föreslå,

120 784 29 17 att
165 780 158 26 bötesbeloppet
340 780 68 20 blefve
424 780 99 25 förhöjdt,
540 780 68 20 såsom
624 781 66 26 sagdt,
702 782 44 20 från
760 782 25 20 50
797 781 31 19 till
839 781 39 19 och

121 816 46 19 med
183 815 41 19 200
239 814 58 20 mark
309 816 53 17 samt
372 816 30 18 att
412 814 137 26 sjömannens
561 814 34 19 vid
606 815 123 27 rymningen
740 815 139 20 innestående

121 849 140 25 månadshyra
276 848 67 20 skulle
359 854 50 14 vara
424 848 113 20 förverkad
554 848 38 20 och
609 849 40 19 han
666 849 85 27 skyldig
763 852 29 17 att
803 851 77 17 ersätta

121 884 92 19 rederiet
228 883 40 19 den
284 888 76 19 genom
377 882 127 26 rymningen
521 882 135 20 förorsakade
668 883 74 20 förlust
753 884 40 19 och
805 883 74 24 skada:

122 917 39 20 och
182 917 26 19 dä
226 915 118 20 återremiss
360 916 53 19 förut
430 916 6 19 i
454 916 67 20 andra
537 916 35 19 fall
588 916 61 26 skett,
664 917 64 26 yrkar
742 918 37 25 jag
795 917 60 20 äfven
874 917 6 18 i

121 951 57 20 detta
193 950 36 20 fall
245 956 24 13 en
287 949 70 20 sädan.

191 985 53 19 Herr
264 984 130 19 Boström:
417 984 73 19 Ehuru
508 985 38 25 jag
567 985 117 26 medgifver
699 987 29 18 att
743 985 100 26 rymning
859 987 22 16 är

123 1021 29 18 ett
170 1019 56 20 brott
240 1018 22 19 af
276 1017 80 26 ganska
372 1017 110 27 betänklig
499 1018 151 26 beskaffenhet,
666 1021 42 17 tror
720 1019 38 26 jag
774 1018 61 25 dock,
853 1020 30 17 att

123 1053 25 19 de
165 1053 6 18 i
187 1052 69 19 denna
272 1053 9 22 $
298 1054 104 23 upptagne
418 1051 221 20 straffbestämmelser
655 1052 96 27 skäligen
767 1052 48 20 icke
831 1052 52 19 böra

123 1087 86 25 skärpas
225 1085 51 20 eller
292 1091 60 13 anses
368 1085 31 19 för
414 1085 57 26 läga,
488 1085 27 20 dä
527 1086 38 25 jag
580 1085 98 20 besinnar
694 1088 35 23 att,
746 1086 66 26 enligt
828 1085 54 20 hvad

125 1126 85 14 numera
232 1122 23 17 är
277 1118 63 26 fallet,
361 1118 81 20 straffet
462 1119 33 19 för
511 1126 25 13 en
553 1119 87 26 sjöman,
657 1125 43 14 som
717 1119 96 26 frivilligt
829 1119 52 20 äter-

122 1153 86 26 vänder,
232 1155 22 17 är
277 1153 47 19 vida
344 1153 88 25 mindre,
452 1155 26 17 än
497 1153 24 20 de
538 1159 76 20 genom
631 1153 69 20 denna
714 1153 101 27 paragraf
828 1153 55 20 stad-

122 1187 60 26 gade.
213 1187 9 19 I
238 1187 83 25 vanliga
336 1186 36 20 fall
388 1187 82 25 uppgår
487 1187 107 25 nemligen
611 1187 57 19 detta
683 1187 60 19 straff
755 1187 30 19 till
797 1188 19 25 8,
827 1190 56 16 stun-

123 1222 50 19 dom
190 1220 31 20 till
240 1221 24 19 14
280 1220 74 26 dagars
370 1220 96 26 fängelse
484 1220 35 20 vid
537 1222 70 18 vatten
623 1220 38 20 och
678 1221 59 20 bröd.
766 1221 41 26 Jag
823 1227 61 14 anser

125 1255 25 26 pä
166 1255 66 26 grund
250 1254 59 20 häraf
322 1256 30 17 att
368 1254 70 19 denna
453 1256 10 22 $
482 1254 37 20 bör
534 1254 130 26 godkännas.

192 1289 52 19 Herr
267 1288 154 26 Björksten:
447 1288 42 26 Jag
516 1288 35 20 ber
575 1290 30 17 att
624 1289 19 19 fä
662 1289 72 19 förena
750 1289 42 25 mig
808 1295 33 13 om
858 1289 26 19 de

125 1323 84 26 äsigter,
229 1329 43 13 som
293 1323 22 19 af
332 1323 52 19 Herr
404 1323 128 24 Tengström
550 1322 68 19 blifvit
633 1322 98 25 uttalade,
747 1322 86 19 hvarvid
848 1323 37 26 jag

126 1357 66 20 likväl
208 1363 61 13 anser
285 1357 38 19 den
340 1359 84 17 senaste
440 1357 23 19 af
477 1357 79 19 honom
573 1356 74 26 gjorda
657 1356 168 26 anmärkningen
837 1356 48 19 icke

127 1391 51 20 böra
200 1390 84 27 påkalla
307 1390 88 20 särskild
415 1390 82 27 åtgärd,
520 1390 27 20 dä
565 1390 63 19 redan
646 1390 28 19 uti
690 1390 23 19 61
732 1391 9 22 S
757 1392 70 24 säges:
843 1391 44 19 ”att

1044 498 26 23 sal
1044 469 26 25 sale
