1070 1786
208 147 45 16 1000
498 145 41 17 Den
552 145 21 18 11
587 146 41 22 Maj.

185 203 183 27 dagsordningens
393 203 85 26 mening
502 203 46 25 den,
565 205 30 18 att
610 203 97 26 votering
722 203 5 19 i
745 203 99 19 förstärkt
860 202 78 19 utskott

185 238 54 19 skall
263 238 106 26 begagnas
392 238 32 19 för
446 240 30 17 att
500 237 80 26 slutligt
599 238 73 26 afgöra
692 244 26 13 en
734 237 44 26 sak,
794 237 48 20 icke
862 237 31 19 för
909 239 29 17 att

187 272 86 26 vidtaga
296 271 183 27 mellanåtgärder.
512 271 39 27 Jag
575 272 104 19 erkänner
702 272 74 25 villigt,
800 273 29 18 att
851 271 86 20 Statsut-

186 306 86 26 skottet,
297 306 46 20 med
366 306 99 19 afseende
490 306 51 19 derå
563 308 29 18 att
616 306 35 20 två
671 306 64 20 Stånd
752 306 6 19 i
774 305 75 26 sjelfva
866 305 73 19 verket

186 340 48 20 icke
257 340 52 26 tagit
331 339 146 21 hufvudsaken
497 340 65 19 under
582 340 69 26 slutlig
667 340 106 26 pröfning,
795 339 77 19 kunnat
890 346 49 12 vara

187 375 6 19 i
217 374 133 26 förlägenhet
378 374 131 20 beträffande
539 374 278 26 voteringspropositionens
839 372 100 20 innehåll.

189 408 154 26 Ridderskapet
366 408 39 20 och
430 408 68 20 Adeln
515 408 54 20 hade
584 408 116 20 remitterat
716 408 73 26 frågan
806 408 30 19 till
855 407 83 19 Ekono-

189 442 150 26 mieutskottet,
362 442 157 20 Presteståndet
538 442 45 20 åter
602 442 53 20 hade
674 442 163 20 återremitterat
852 442 40 19 den
909 441 29 19 till

188 476 164 20 Statsutskottet.
382 476 120 26 Ingendera
517 476 22 20 af
553 476 61 20 dessa
629 476 97 20 remisser
741 476 62 20 ledde
819 476 31 19 till
870 476 68 26 någon

189 511 79 27 påföljd
285 511 38 20 och
340 511 26 19 de
383 510 120 26 respektive
519 510 91 20 Stånden
627 510 63 20 hafva
705 511 120 19 sedermera
845 510 47 20 icke
909 510 29 19 in-

190 545 46 20 låtit
251 546 31 26 sig
298 546 6 18 i
320 545 65 26 något
400 545 81 26 slutligt
496 545 130 19 bedömande
642 545 23 19 af
679 545 79 27 frågan.
789 546 48 18 Men
854 544 27 20 då
891 545 46 19 Pre-

190 579 117 20 steståndet
322 582 81 24 genast,
420 582 47 17 utan
485 581 29 17 att
529 579 65 19 uttala
610 579 67 27 någon
694 579 94 20 bestämd
804 579 54 26 åsigt
873 579 6 19 i
896 579 43 19 huf-

191 614 115 26 vudsaken,
323 614 47 19 ville
388 613 64 20 anlita
468 613 35 20 det
518 613 113 20 förstärkta
646 613 142 26 Statsutskott,
805 613 22 20 så
843 613 38 19 och
894 614 44 19 med

190 648 100 20 afseende
310 648 11 20 å
342 648 26 20 de
392 648 156 26 samstämmiga
571 647 73 26 beslut,
668 648 84 19 hvartill
775 648 101 26 Borgare-
901 648 37 19 och

191 682 162 20 Bondestånden
369 682 94 25 kommit,
480 682 53 19 låter
548 682 34 19 det
599 682 92 20 förklara
706 682 39 26 sig,
760 684 30 17 att
805 681 134 20 Statsutskot-

191 718 30 18 tet
243 716 96 20 biträdde
364 716 167 20 Presteständets
556 716 96 26 begäran.
682 716 92 20 Numera
797 716 62 19 hafva.
877 714 65 21 också

192 751 97 26 samtlige
308 750 26 20 de
354 750 66 26 öfrige
436 750 93 20 Stånden
546 750 42 19 valt
604 750 136 20 medlemmar
755 750 6 19 i
777 750 34 20 det
830 750 111 20 förstärkta

192 785 101 19 utskottet
308 784 39 20 och
363 784 81 20 således
461 784 95 26 godkänt
571 784 168 20 Statsutskottets
755 784 85 26 förslag,
859 786 29 18 att
902 784 38 19 frå-

192 826 40 20 gan
257 818 67 20 skulle
347 815 141 23 öfverlemnas
511 818 31 19 till
566 818 98 20 förstärkt
687 818 141 20 Statsutskott.
863 818 77 20 Dervid

194 854 66 19 måste
282 853 35 19 det
333 852 81 20 således
430 852 105 26 förblifva,
559 852 39 20 och
619 853 42 19 min
677 852 63 27 afsigt
755 852 38 20 har
808 853 19 25 ej
843 852 55 20 varit
913 854 29 18 att

193 889 97 18 motsätta
313 887 41 26 mig
371 886 35 19 det
421 886 27 26 på
462 886 178 26 Borgareståndet
655 893 28 12 nu
699 886 155 20 ankommande
874 886 31 19 val
922 886 22 19 af

194 921 136 20 medlemmar
344 921 7 19 i
367 926 80 14 samma
462 920 85 19 utskott.
577 921 48 19 Men
642 921 47 19 med
709 920 233 27 voteringspropositio-

193 963 41 13 nen
257 955 41 20 kan
320 955 36 26 jag
379 955 32 19 för
430 955 42 19 min
489 955 34 19 del
539 955 19 25 ej
574 955 65 25 nöjas.
670 955 58 19 Efter
747 955 39 19 min
798 954 60 28 äsigt
876 955 66 19 skulle

194 989 265 26 voteringspropositionen
475 989 7 18 i
498 988 72 27 frågan
593 988 67 20 hellre
677 988 61 20 bordt
753 995 50 13 vara
818 989 23 19 af
857 989 86 26 ungefär

192 1024 93 26 följande
308 1023 104 20 innehåll:
435 1023 66 25 ”Den,
525 1029 43 13 som
592 1022 124 27 godkänner
740 1022 110 20 utskottets
871 1023 71 19 betän-

194 1058 77 25 kande,
288 1063 70 14 svarar
371 1057 38 26 ja;
429 1056 40 20 den
486 1057 35 18 det
536 1057 18 25 ej
571 1059 44 23 gör,
638 1063 72 13 svarar
726 1057 49 25 nej.
805 1057 81 19 Vinner
902 1057 40 25 nej

194 1098 61 13 anses
271 1091 116 20 Ständerne
404 1090 63 20 hafva
486 1090 95 26 beviljat.
593 1090 35 20 det
645 1091 3 18 i
665 1091 40 19 den
721 1090 83 26 Nådiga
819 1091 123 26 propositio-

195 1122 40 23 nen
253 1125 78 20 äskade
347 1125 93 26 anslag”.
471 1124 39 19 Till
527 1124 45 20 stöd
589 1125 31 19 för
636 1131 25 13 en
677 1125 65 19 sådan
758 1124 134 27 uppfattning
909 1125 35 20 ber

192 1161 37 26 jag
252 1160 21 19 få
295 1159 91 26 åberopa
408 1159 41 19 den
465 1159 190 26 omständigheten,
671 1161 30 18 att
716 1159 156 20 Presteståndet
892 1161 53 18 samt

196 1193 154 26 Ridderskapet
366 1192 38 20 och
420 1192 69 20 Adeln
505 1198 76 20 genom
598 1192 25 20 de
638 1193 7 19 i
661 1192 168 20 Statsutskottets'
844 1192 48 20 bref
901 1200 43 13 om-

196 1228 90 20 nämnda
310 1226 66 21 beslut
399 1226 94 27 tydligen
516 1226 63 20 hafva
599 1226 188 27 vidhandengifvit,
807 1228 29 18 att
854 1226 26 20 de
895 1233 50 13 anse

196 1265 30 17 ett
248 1261 72 26 anslag
340 1261 31 19 för
391 1260 160 27 ifrågavarande
567 1260 95 20 ändamål
678 1260 52 20 böra
746 1261 98 25 beviljas;
865 1261 38 19 och
920 1260 26 20 då

197 1297 61 19 dessa
274 1295 64 20 Stånd
354 1295 47 19 icke
418 1294 59 19 aktat
492 1294 72 26 nödigt
586 1296 30 18 att
630 1297 56 23 yttra
702 1295 32 26 sig
750 1301 32 13 om
802 1294 106 26 beloppet,
924 1295 22 19 så

197 1337 61 14 anser
278 1331 37 25 jag
338 1329 36 20 det
397 1328 116 27 ursäktligt,
537 1335 40 13 om:
590 1335 47 13 man
653 1331 88 24 antager
760 1330 29 17 att
805 1328 26 19 de
847 1329 53 18 varit
915 1329 31 19 för

196 1365 60 19 deras
280 1364 34 19 del
339 1363 97 26 benägna
452 1365 29 17 att
498 1363 79 25 bevilja
593 1363 35 19 det
643 1363 6 19 i
665 1363 39 19 den
724 1362 83 27 Nädiga
822 1363 124 25 propositio-

198 1405 39 13 nen
254 1397 77 20 äskade
348 1397 83 26 belopp.
461 1397 40 26 Jag
522 1397 37 19 har
579 1397 51 26 tagit
647 1397 42 26 mig
704 1396 91 19 friheten
811 1398 30 17 att
856 1398 92 25 upptaga

196 1433 98 20 Ständets
318 1431 40 25 tid;
384 1437 46 13 men
451 1432 37 25 jag
512 1431 36 20 har
571 1433 67 18 ansett
659 1431 35 19 det
710 1437 50 13 vara
775 1430 23 19 af
811 1431 51 25 vigt,
877 1432 30 18 att
922 1431 25 19 dä
