1070 1786
238 151 34 16 820
521 149 42 17 Den
575 149 22 16 25
609 149 59 22 April.

283 208 119 25 Föredrogs
425 207 38 19 och
490 206 111 20 bordlades
622 205 32 20 till
676 207 60 18 nästa
756 207 153 19 sammanträde
925 207 43 19 All-

218 244 76 17 männa
308 240 205 21 Besvärsutskottets
529 240 101 19 inkomna
653 239 78 27 förslag
753 240 31 19 till
807 241 159 25 sammanjemk-

218 276 50 26 ning
284 276 21 19 af
318 275 107 20 Ståndens
441 274 57 20 olika
515 274 66 19 beslut
597 274 5 19 i
619 273 73 26 frågan
706 280 33 13 om
750 274 97 25 petition,
858 275 109 25 angående

216 309 131 20 afskaffande
363 310 23 18 af
400 307 252 27 postförvaltarearvodet
672 307 30 20 för
723 307 110 27 utdelning
853 308 23 20 af
892 308 74 20 tidnin-

216 349 37 20 gar
268 343 51 20 eller
335 343 48 19 dess
401 342 136 26 nedsättning
553 341 38 20 och
604 342 96 25 jemnare
716 341 126 27 fördelning.

282 377 76 19 Vidare
374 376 112 25 föredrogs
505 375 113 19 Allmänna
638 375 202 20 Besvärsutskottets
860 376 29 18 till
905 376 7 18 i
928 376 39 26 dag

217 411 114 26 bordlagda
347 410 137 20 betänkande
500 410 6 18 i
522 409 115 26 anledning
652 409 24 19 af
689 416 26 12 en
735 410 56 19 inom
811 409 157 20 Bondeståndet

217 445 63 19 väckt
298 445 87 26 petition
408 444 111 26 angående
541 444 119 25 löntagares
686 443 142 26 förpligtande
850 445 30 18 att
895 444 6 18 i
918 444 49 19 kon-

216 480 44 18 tant
276 479 92 26 uppbära
384 478 33 20 sin
434 477 144 26 lönespanmål
593 477 53 24 efter
662 477 55 19 årets
733 477 136 26 markegång.

328 514 10 18 I
353 512 118 26 anledning
487 512 62 19 häraf
561 511 83 26 yttrade
660 511 32 26 sig

283 548 52 19 Herr
351 546 142 27 Cajander:
509 546 40 26 Jag
566 546 37 20 ber
618 547 30 18 att
663 546 6 18 i
685 546 85 19 korthet
785 546 22 18 få
821 545 85 20 förorda
916 546 50 25 god-

216 582 111 19 kännande
350 582 24 19 af
396 581 111 19 utskottets
531 579 139 26 betänkande,
694 579 134 27 åberopande
854 586 43 13 som
921 580 45 19 stöd

216 616 70 19 härför
301 616 25 19 de
342 616 6 19 i
366 614 145 21 betänkandet
526 614 88 20 anförda
631 614 94 20 motiver.

282 650 35 20 Uti
333 650 59 19 detta
407 648 98 27 yttrande
521 648 100 20 förenade
637 648 31 26 sig
684 648 54 19 Herr
753 648 161 26 Tengström.

281 684 8 19 I
306 684 96 26 enlighet
425 682 85 20 härmed
531 682 68 20 beslöt
617 682 94 25 Ständet,
730 682 28 26 pä
775 682 54 20 Herr
845 682 119 19 Talman-

216 725 60 13 nens
292 717 162 26 framställning,
473 718 30 18 att
523 716 46 20 med
589 716 156 26 godkännande
764 716 23 19 af
800 716 112 19 Allmänna
927 716 37 19 Be-

216 752 171 20 svärsutskottets
411 750 138 20 förenämnde
569 750 133 20 betänkande
722 750 71 26 afböja
811 750 36 20 det
862 750 103 26 ifrägava-

217 787 63 19 rande
302 785 212 28 petitionsförslaget;
533 785 86 19 hvarom
640 784 138 20 Medständen
797 785 40 19 och
853 784 113 20 Allmänna

215 821 192 19 Besvärsutskottet
422 819 68 19 skulle
506 819 131 19 underrättas
655 825 77 19 genom
752 818 198 27 protokollsutdrag.

281 855 97 19 Härefter
403 854 92 25 företogs
520 853 29 19 till
572 853 130 25 behandling
724 852 103 20 Enskilda
845 853 119 19 Besvärsut-

216 889 88 25 skottets
319 889 30 18 till
366 889 6 18 i
390 888 40 26 dag
454 888 115 25 bordlagda
593 886 133 21 betänkande
748 887 47 18 med
815 887 114 25 anledning
945 887 22 18 af

216 923 62 19 väckt
292 921 180 27 pelitionsförslag
488 928 33 13 om
537 923 41 17 rätt
594 923 29 17 att
642 921 42 19 låta
704 920 114 20 verkställa
838 921 126 26 bouppteck-

216 957 50 26 ning
281 957 7 19 i
303 957 44 19 stad
364 962 77 20 genom
462 955 69 20 dertill
550 955 23 20 af
589 955 131 26 sakegarene
739 955 87 19 utsedde
846 955 54 26 gode
917 958 46 17 män

217 998 26 12 m.
261 997 25 13 m.

281 1024 64 20 Ordet
370 1023 103 26 begärdes
493 1023 39 20 och
551 1023 77 20 erhölls
649 1023 22 19 af
690 1023 161 20 nedannämnde
867 1023 98 20 Ständets

217 1059 142 24 medlemmar,
376 1064 44 13 som
436 1057 84 26 yttrade
535 1057 32 26 sig
583 1057 27 26 pä
625 1059 41 17 sätt
681 1063 44 13 som
741 1057 70 25 följer:

282 1093 51 19 Herr
349 1093 78 24 Frey:
443 1091 102 20 Enskilda
561 1091 193 20 Besvärsutskottet
768 1091 37 19 har
820 1091 30 19 uti
861 1087 44 34 dess
917 1092 48 19 ifrä-

214 1127 119 26 gavarande
354 1126 135 21 betänkande
509 1126 6 19 i
534 1126 87 19 främsta
640 1127 90 18 rummet
752 1125 108 26 föreslagit
883 1133 25 12 en
930 1133 35 12 un-

214 1161 101 26 derdänig
335 1160 90 27 petition
444 1167 34 12 om
498 1159 69 27 Nädig
591 1160 129 26 proposition
744 1159 110 27 angäende
877 1160 88 27 ändring

214 1196 23 18 af
250 1195 35 19 det
300 1196 7 18 i
324 1196 7 18 I
351 1197 10 21 $
378 1194 11 19 9
405 1194 49 26 kap.
477 1194 26 19 A.
526 1194 23 19 B.
573 1194 173 19 förekommande
773 1194 123 26 stadgande,
923 1194 42 19 ”att

215 1230 146 26 Borgmästare
384 1228 39 20 och
446 1228 45 20 Råd
510 1228 7 19 i
535 1228 99 19 städerna
652 1228 60 19 skola
732 1229 44 18 utse
795 1228 54 26 gode
870 1230 46 17 män
933 1228 31 19 till

216 1263 206 26 bouppteckningars
444 1262 151 26 förrättande”,
620 1263 54 18 samt
696 1262 91 19 derefter
807 1262 103 26 förordat,
936 1265 30 17 att

214 1297 177 27 Borgaresiändet
407 1297 6 19 'i
429 1297 153 26 sammanhang
602 1296 47 20 med
668 1296 143 19 förstnämnde
831 1297 89 25 petition
936 1297 29 19 äf-

214 1339 39 12 ven
270 1331 68 20 skulle
358 1331 84 20 anhålla
460 1331 47 19 ”om
527 1330 132 20 afskaffande
676 1331 22 18 af
712 1330 40 20 den
768 1337 77 20 genom
861 1331 104 27 Kongliga

215 1366 80 19 brefvet
310 1365 41 22 den
371 1365 23 19 10
409 1365 119 20 December
545 1365 54 19 1756
614 1364 148 27 Borgmästare
782 1365 39 19 och
837 1365 44 20 Räd
898 1365 67 27 tillag-

214 1401 26 19 de
263 1399 292 27 bouppteckningsprocent”.
585 1399 41 19 Det
648 1399 38 19 vill
711 1399 61 19 häraf
789 1405 64 20 synas
872 1406 44 13 som
932 1407 33 13 om

214 1434 101 20 utskottet
329 1435 70 18 ansett
418 1433 40 20 den
474 1434 6 19 i
499 1433 65 20 första
584 1435 116 18 momentet
718 1433 127 20 omnämnda
862 1434 104 26 lagförän-
