<?xml version="1.0" encoding="UTF-8"?>
<alto xmlns="http://www.loc.gov/standards/alto/ns-v3#" xmlns:xlink="http://www.w3.org/1999/xlink" xmlns:xsi="http://www.w3.org/2001/XMLSchema-instance" xsi:schemaLocation="http://www.loc.gov/standards/alto/ns-v3# http://www.loc.gov/alto/v3/alto-3-0.xsd">
	<Description>
		<MeasurementUnit>pixel</MeasurementUnit>
		<sourceImageInformation>
			<fileName>/tmp/tess_juyy1_fv_input.PNG</fileName>
		</sourceImageInformation>
		<OCRProcessing ID="OCR_0">
			<ocrProcessingStep>
				<processingSoftware>
					<softwareName>tesseract 5.3.4</softwareName>
				</processingSoftware>
			</ocrProcessingStep>
		</OCRProcessing>
	</Description>
	<Layout>
		<Page WIDTH="1070" HEIGHT="1786" PHYSICAL_IMG_NR="0" ID="page_0">
			<PrintSpace HPOS="0" VPOS="0" WIDTH="1070" HEIGHT="1786">
				<ComposedBlock ID="cblock_0" HPOS="0" VPOS="841" WIDTH="9" HEIGHT="51">
					<TextBlock ID="block_0" HPOS="0" VPOS="841" WIDTH="9" HEIGHT="51">
						<TextLine ID="line_0" HPOS="0" VPOS="841" WIDTH="9" HEIGHT="51">
							<String ID="string_0" HPOS="0" VPOS="841" WIDTH="9" HEIGHT="51" WC="0.30" CONTENT="e"/><SP WIDTH="-9" VPOS="841" HPOS="9"/>
							<String ID="string_1" HPOS="0" VPOS="837" WIDTH="17" HEIGHT="7" WC="0.30" CONTENT="h0"/>
						</TextLine>
					</TextBlock>
				</ComposedBlock>
				<ComposedBlock ID="cblock_1" HPOS="198" VPOS="169" WIDTH="424" HEIGHT="22">
					<TextBlock ID="block_1" HPOS="198" VPOS="169" WIDTH="424" HEIGHT="22">
						<TextLine ID="line_1" HPOS="198" VPOS="169" WIDTH="424" HEIGHT="22">
							<String ID="string_2" HPOS="198" VPOS="169" WIDTH="46" HEIGHT="17" WC="0.96" CONTENT="1186"/><SP WIDTH="249" VPOS="169" HPOS="244"/>
							<String ID="string_3" HPOS="493" VPOS="169" WIDTH="42" HEIGHT="17" WC="0.96" CONTENT="Den"/><SP WIDTH="13" VPOS="169" HPOS="535"/>
							<String ID="string_4" HPOS="548" VPOS="169" WIDTH="21" HEIGHT="17" WC="0.96" CONTENT="16"/><SP WIDTH="12" VPOS="169" HPOS="569"/>
							<String ID="string_5" HPOS="581" VPOS="169" WIDTH="41" HEIGHT="22" WC="0.96" CONTENT="Maj."/>
						</TextLine>
					</TextBlock>
				</ComposedBlock>
				<ComposedBlock ID="cblock_2" HPOS="175" VPOS="226" WIDTH="764" HEIGHT="1243">
					<TextBlock ID="block_2" HPOS="175" VPOS="226" WIDTH="760" HEIGHT="161">
						<TextLine ID="line_2" HPOS="176" VPOS="226" WIDTH="759" HEIGHT="27">
							<String ID="string_6" HPOS="176" VPOS="227" WIDTH="68" HEIGHT="26" WC="0.90" CONTENT="dring,"/><SP WIDTH="16" VPOS="227" HPOS="244"/>
							<String ID="string_7" HPOS="260" VPOS="233" WIDTH="44" HEIGHT="13" WC="0.96" CONTENT="som"/><SP WIDTH="16" VPOS="233" HPOS="304"/>
							<String ID="string_8" HPOS="320" VPOS="226" WIDTH="76" HEIGHT="26" WC="0.96" CONTENT="denna,"/><SP WIDTH="16" VPOS="226" HPOS="396"/>
							<String ID="string_9" HPOS="412" VPOS="233" WIDTH="33" HEIGHT="12" WC="0.96" CONTENT="om"/><SP WIDTH="17" VPOS="233" HPOS="445"/>
							<String ID="string_10" HPOS="462" VPOS="227" WIDTH="43" HEIGHT="18" WC="0.95" CONTENT="min"/><SP WIDTH="16" VPOS="227" HPOS="505"/>
							<String ID="string_11" HPOS="521" VPOS="226" WIDTH="22" HEIGHT="19" WC="0.95" CONTENT="af"/><SP WIDTH="12" VPOS="226" HPOS="543"/>
							<String ID="string_12" HPOS="555" VPOS="227" WIDTH="54" HEIGHT="20" WC="0.96" CONTENT="Herr"/><SP WIDTH="15" VPOS="227" HPOS="609"/>
							<String ID="string_13" HPOS="624" VPOS="227" WIDTH="91" HEIGHT="26" WC="0.93" CONTENT="Krogius"/><SP WIDTH="16" VPOS="227" HPOS="715"/>
							<String ID="string_14" HPOS="731" VPOS="227" WIDTH="142" HEIGHT="20" WC="0.93" CONTENT="understödda"/><SP WIDTH="8" VPOS="227" HPOS="873"/>
							<String ID="string_15" HPOS="881" VPOS="227" WIDTH="54" HEIGHT="26" WC="0.92" CONTENT="åsigt"/>
						</TextLine>
						<TextLine ID="line_3" HPOS="175" VPOS="259" WIDTH="759" HEIGHT="28">
							<String ID="string_16" HPOS="175" VPOS="260" WIDTH="75" HEIGHT="26" WC="0.96" CONTENT="lyckas"/><SP WIDTH="24" VPOS="260" HPOS="250"/>
							<String ID="string_17" HPOS="274" VPOS="263" WIDTH="50" HEIGHT="24" WC="0.96" CONTENT="göra"/><SP WIDTH="23" VPOS="263" HPOS="324"/>
							<String ID="string_18" HPOS="347" VPOS="260" WIDTH="32" HEIGHT="26" WC="0.96" CONTENT="sig"/><SP WIDTH="22" VPOS="260" HPOS="379"/>
							<String ID="string_19" HPOS="401" VPOS="259" WIDTH="98" HEIGHT="26" WC="0.96" CONTENT="gällande"/><SP WIDTH="24" VPOS="259" HPOS="499"/>
							<String ID="string_20" HPOS="523" VPOS="261" WIDTH="37" HEIGHT="19" WC="0.93" CONTENT="hos"/><SP WIDTH="23" VPOS="261" HPOS="560"/>
							<String ID="string_21" HPOS="583" VPOS="260" WIDTH="184" HEIGHT="27" WC="0.84" CONTENT="Borgareständet,"/><SP WIDTH="20" VPOS="260" HPOS="767"/>
							<String ID="string_22" HPOS="787" VPOS="261" WIDTH="23" HEIGHT="19" WC="0.93" CONTENT="af"/><SP WIDTH="17" VPOS="261" HPOS="810"/>
							<String ID="string_23" HPOS="827" VPOS="261" WIDTH="107" HEIGHT="20" WC="0.96" CONTENT="Utskottet"/>
						</TextLine>
						<TextLine ID="line_4" HPOS="176" VPOS="293" WIDTH="757" HEIGHT="27">
							<String ID="string_24" HPOS="176" VPOS="294" WIDTH="87" HEIGHT="20" WC="0.92" CONTENT="föresläs"/><SP WIDTH="24" VPOS="294" HPOS="263"/>
							<String ID="string_25" HPOS="287" VPOS="295" WIDTH="7" HEIGHT="18" WC="0.93" CONTENT="i"/><SP WIDTH="23" VPOS="295" HPOS="294"/>
							<String ID="string_26" HPOS="317" VPOS="293" WIDTH="210" HEIGHT="27" WC="0.92" CONTENT="hemställningsväg,"/><SP WIDTH="20" VPOS="293" HPOS="527"/>
							<String ID="string_27" HPOS="547" VPOS="294" WIDTH="27" HEIGHT="20" WC="0.96" CONTENT="dä"/><SP WIDTH="16" VPOS="294" HPOS="574"/>
							<String ID="string_28" HPOS="590" VPOS="295" WIDTH="40" HEIGHT="19" WC="0.93" CONTENT="den"/><SP WIDTH="17" VPOS="295" HPOS="630"/>
							<String ID="string_29" HPOS="647" VPOS="295" WIDTH="18" HEIGHT="25" WC="0.92" CONTENT="ej"/><SP WIDTH="17" VPOS="295" HPOS="665"/>
							<String ID="string_30" HPOS="682" VPOS="295" WIDTH="38" HEIGHT="25" WC="0.92" CONTENT="gär"/><SP WIDTH="15" VPOS="295" HPOS="720"/>
							<String ID="string_31" HPOS="735" VPOS="297" WIDTH="22" HEIGHT="16" WC="0.96" CONTENT="ut"/><SP WIDTH="15" VPOS="297" HPOS="757"/>
							<String ID="string_32" HPOS="772" VPOS="294" WIDTH="26" HEIGHT="26" WC="0.93" CONTENT="pä"/><SP WIDTH="16" VPOS="294" HPOS="798"/>
							<String ID="string_33" HPOS="814" VPOS="295" WIDTH="68" HEIGHT="25" WC="0.90" CONTENT="nägon"/><SP WIDTH="16" VPOS="295" HPOS="882"/>
							<String ID="string_34" HPOS="898" VPOS="297" WIDTH="35" HEIGHT="17" WC="0.91" CONTENT="än-"/>
						</TextLine>
						<TextLine ID="line_5" HPOS="176" VPOS="326" WIDTH="758" HEIGHT="28">
							<String ID="string_35" HPOS="176" VPOS="328" WIDTH="62" HEIGHT="26" WC="0.90" CONTENT="dring"/><SP WIDTH="16" VPOS="328" HPOS="238"/>
							<String ID="string_36" HPOS="254" VPOS="328" WIDTH="22" HEIGHT="20" WC="0.93" CONTENT="af"/><SP WIDTH="13" VPOS="328" HPOS="276"/>
							<String ID="string_37" HPOS="289" VPOS="326" WIDTH="123" HEIGHT="26" WC="0.92" CONTENT="innehället,"/><SP WIDTH="15" VPOS="326" HPOS="412"/>
							<String ID="string_38" HPOS="427" VPOS="328" WIDTH="50" HEIGHT="18" WC="0.96" CONTENT="utan"/><SP WIDTH="16" VPOS="328" HPOS="477"/>
							<String ID="string_39" HPOS="493" VPOS="326" WIDTH="75" HEIGHT="20" WC="0.95" CONTENT="endast"/><SP WIDTH="15" VPOS="326" HPOS="568"/>
							<String ID="string_40" HPOS="583" VPOS="328" WIDTH="29" HEIGHT="18" WC="0.93" CONTENT="ett"/><SP WIDTH="12" VPOS="328" HPOS="612"/>
							<String ID="string_41" HPOS="624" VPOS="326" WIDTH="155" HEIGHT="26" WC="0.92" CONTENT="förtydligande"/><SP WIDTH="12" VPOS="326" HPOS="779"/>
							<String ID="string_42" HPOS="791" VPOS="326" WIDTH="22" HEIGHT="19" WC="0.93" CONTENT="af"/><SP WIDTH="10" VPOS="326" HPOS="813"/>
							<String ID="string_43" HPOS="823" VPOS="326" WIDTH="111" HEIGHT="26" WC="0.92" CONTENT="uttrycket,"/>
						</TextLine>
						<TextLine ID="line_6" HPOS="176" VPOS="360" WIDTH="659" HEIGHT="27">
							<String ID="string_44" HPOS="176" VPOS="363" WIDTH="24" HEIGHT="20" WC="0.96" CONTENT="sä"/><SP WIDTH="15" VPOS="363" HPOS="200"/>
							<String ID="string_45" HPOS="215" VPOS="364" WIDTH="30" HEIGHT="18" WC="0.95" CONTENT="att"/><SP WIDTH="15" VPOS="364" HPOS="245"/>
							<String ID="string_46" HPOS="260" VPOS="369" WIDTH="26" HEIGHT="13" WC="0.93" CONTENT="en"/><SP WIDTH="16" VPOS="369" HPOS="286"/>
							<String ID="string_47" HPOS="302" VPOS="362" WIDTH="118" HEIGHT="20" WC="0.88" CONTENT="äterremiss"/><SP WIDTH="17" VPOS="362" HPOS="420"/>
							<String ID="string_48" HPOS="437" VPOS="361" WIDTH="82" HEIGHT="19" WC="0.92" CONTENT="derföre"/><SP WIDTH="16" VPOS="361" HPOS="519"/>
							<String ID="string_49" HPOS="535" VPOS="361" WIDTH="114" HEIGHT="26" WC="0.92" CONTENT="ingalunda"/><SP WIDTH="16" VPOS="361" HPOS="649"/>
							<String ID="string_50" HPOS="665" VPOS="360" WIDTH="70" HEIGHT="20" WC="0.92" CONTENT="blefve"/><SP WIDTH="17" VPOS="360" HPOS="735"/>
							<String ID="string_51" HPOS="752" VPOS="360" WIDTH="83" HEIGHT="26" WC="0.91" CONTENT="onödig."/>
						</TextLine>
					</TextBlock>
					<TextBlock ID="block_3" HPOS="177" VPOS="393" WIDTH="760" HEIGHT="630">
						<TextLine ID="line_7" HPOS="245" VPOS="393" WIDTH="688" HEIGHT="29">
							<String ID="string_52" HPOS="245" VPOS="397" WIDTH="66" HEIGHT="19" WC="0.96" CONTENT="Herr"/><SP WIDTH="23" VPOS="397" HPOS="311"/>
							<String ID="string_53" HPOS="334" VPOS="396" WIDTH="171" HEIGHT="26" WC="0.96" CONTENT="Tengström:"/><SP WIDTH="30" VPOS="396" HPOS="505"/>
							<String ID="string_54" HPOS="535" VPOS="395" WIDTH="40" HEIGHT="27" WC="0.92" CONTENT="Jag"/><SP WIDTH="16" VPOS="395" HPOS="575"/>
							<String ID="string_55" HPOS="591" VPOS="395" WIDTH="65" HEIGHT="20" WC="0.91" CONTENT="mäste"/><SP WIDTH="16" VPOS="395" HPOS="656"/>
							<String ID="string_56" HPOS="672" VPOS="395" WIDTH="32" HEIGHT="19" WC="0.96" CONTENT="för"/><SP WIDTH="16" VPOS="395" HPOS="704"/>
							<String ID="string_57" HPOS="720" VPOS="394" WIDTH="41" HEIGHT="20" WC="0.96" CONTENT="min"/><SP WIDTH="17" VPOS="394" HPOS="761"/>
							<String ID="string_58" HPOS="778" VPOS="394" WIDTH="34" HEIGHT="20" WC="0.93" CONTENT="del"/><SP WIDTH="16" VPOS="394" HPOS="812"/>
							<String ID="string_59" HPOS="828" VPOS="400" WIDTH="49" HEIGHT="13" WC="0.93" CONTENT="anse"/><SP WIDTH="17" VPOS="400" HPOS="877"/>
							<String ID="string_60" HPOS="894" VPOS="393" WIDTH="39" HEIGHT="20" WC="0.96" CONTENT="den"/>
						</TextLine>
						<TextLine ID="line_8" HPOS="178" VPOS="428" WIDTH="755" HEIGHT="26">
							<String ID="string_61" HPOS="178" VPOS="438" WIDTH="26" HEIGHT="12" WC="0.89" CONTENT="nu"/><SP WIDTH="24" VPOS="438" HPOS="204"/>
							<String ID="string_62" HPOS="228" VPOS="430" WIDTH="76" HEIGHT="19" WC="0.96" CONTENT="väckta"/><SP WIDTH="22" VPOS="430" HPOS="304"/>
							<String ID="string_63" HPOS="326" VPOS="429" WIDTH="72" HEIGHT="25" WC="0.96" CONTENT="frågan"/><SP WIDTH="17" VPOS="429" HPOS="398"/>
							<String ID="string_64" HPOS="415" VPOS="436" WIDTH="50" HEIGHT="12" WC="0.96" CONTENT="vara"/><SP WIDTH="20" VPOS="436" HPOS="465"/>
							<String ID="string_65" HPOS="485" VPOS="435" WIDTH="25" HEIGHT="13" WC="0.93" CONTENT="en"/><SP WIDTH="24" VPOS="435" HPOS="510"/>
							<String ID="string_66" HPOS="534" VPOS="429" WIDTH="49" HEIGHT="19" WC="0.96" CONTENT="tvist"/><SP WIDTH="22" VPOS="429" HPOS="583"/>
							<String ID="string_67" HPOS="605" VPOS="429" WIDTH="22" HEIGHT="19" WC="0.93" CONTENT="af"/><SP WIDTH="14" VPOS="429" HPOS="627"/>
							<String ID="string_68" HPOS="641" VPOS="428" WIDTH="65" HEIGHT="20" WC="0.95" CONTENT="sådan"/><SP WIDTH="17" VPOS="428" HPOS="706"/>
							<String ID="string_69" HPOS="723" VPOS="428" WIDTH="151" HEIGHT="24" WC="0.95" CONTENT="beskaffenhet,"/><SP WIDTH="17" VPOS="428" HPOS="874"/>
							<String ID="string_70" HPOS="891" VPOS="434" WIDTH="42" HEIGHT="13" WC="0.94" CONTENT="som"/>
						</TextLine>
						<TextLine ID="line_9" HPOS="177" VPOS="460" WIDTH="757" HEIGHT="29">
							<String ID="string_71" HPOS="177" VPOS="470" WIDTH="48" HEIGHT="12" WC="0.96" CONTENT="man"/><SP WIDTH="18" VPOS="470" HPOS="225"/>
							<String ID="string_72" HPOS="243" VPOS="464" WIDTH="6" HEIGHT="18" WC="0.93" CONTENT="i"/><SP WIDTH="16" VPOS="464" HPOS="249"/>
							<String ID="string_73" HPOS="265" VPOS="462" WIDTH="80" HEIGHT="27" WC="0.92" CONTENT="dagligt"/><SP WIDTH="15" VPOS="462" HPOS="345"/>
							<String ID="string_74" HPOS="360" VPOS="462" WIDTH="28" HEIGHT="20" WC="0.93" CONTENT="tal"/><SP WIDTH="17" VPOS="462" HPOS="388"/>
							<String ID="string_75" HPOS="405" VPOS="462" WIDTH="67" HEIGHT="19" WC="0.91" CONTENT="kallar"/><SP WIDTH="16" VPOS="462" HPOS="472"/>
							<String ID="string_76" HPOS="488" VPOS="468" WIDTH="25" HEIGHT="13" WC="0.93" CONTENT="en"/><SP WIDTH="10" VPOS="468" HPOS="513"/>
							<String ID="string_77" HPOS="523" VPOS="462" WIDTH="49" HEIGHT="18" WC="0.93" CONTENT="tvist"/><SP WIDTH="9" VPOS="462" HPOS="572"/>
							<String ID="string_78" HPOS="581" VPOS="468" WIDTH="33" HEIGHT="12" WC="0.93" CONTENT="om"/><SP WIDTH="9" VPOS="468" HPOS="614"/>
							<String ID="string_79" HPOS="623" VPOS="461" WIDTH="88" HEIGHT="26" WC="0.93" CONTENT="päfvens"/><SP WIDTH="9" VPOS="461" HPOS="711"/>
							<String ID="string_80" HPOS="720" VPOS="460" WIDTH="79" HEIGHT="26" WC="0.90" CONTENT="skägg"/><SP WIDTH="-7" VPOS="460" HPOS="799"/>
							<String ID="string_81" HPOS="792" VPOS="456" WIDTH="10" HEIGHT="37" WC="0.90" CONTENT=";"/><SP WIDTH="9" VPOS="456" HPOS="802"/>
							<String ID="string_82" HPOS="811" VPOS="464" WIDTH="21" HEIGHT="24" WC="0.96" CONTENT="ty"/><SP WIDTH="12" VPOS="464" HPOS="832"/>
							<String ID="string_83" HPOS="844" VPOS="469" WIDTH="32" HEIGHT="12" WC="0.96" CONTENT="om"/><SP WIDTH="12" VPOS="469" HPOS="876"/>
							<String ID="string_84" HPOS="888" VPOS="468" WIDTH="46" HEIGHT="13" WC="0.96" CONTENT="man"/>
						</TextLine>
						<TextLine ID="line_10" HPOS="177" VPOS="495" WIDTH="757" HEIGHT="27">
							<String ID="string_85" HPOS="177" VPOS="496" WIDTH="90" HEIGHT="20" WC="0.90" CONTENT="skrifver"/><SP WIDTH="24" VPOS="496" HPOS="267"/>
							<String ID="string_86" HPOS="291" VPOS="496" WIDTH="74" HEIGHT="26" WC="0.92" CONTENT="afdrag"/><SP WIDTH="17" VPOS="496" HPOS="365"/>
							<String ID="string_87" HPOS="382" VPOS="496" WIDTH="22" HEIGHT="19" WC="0.93" CONTENT="af"/><SP WIDTH="14" VPOS="496" HPOS="404"/>
							<String ID="string_88" HPOS="418" VPOS="495" WIDTH="54" HEIGHT="20" WC="0.96" CONTENT="hvad"/><SP WIDTH="17" VPOS="495" HPOS="472"/>
							<String ID="string_89" HPOS="489" VPOS="495" WIDTH="30" HEIGHT="19" WC="0.96" CONTENT="för"/><SP WIDTH="16" VPOS="495" HPOS="519"/>
							<String ID="string_90" HPOS="535" VPOS="496" WIDTH="64" HEIGHT="18" WC="0.93" CONTENT="annat"/><SP WIDTH="15" VPOS="496" HPOS="599"/>
							<String ID="string_91" HPOS="614" VPOS="495" WIDTH="19" HEIGHT="19" WC="0.88" CONTENT="”i"/><SP WIDTH="17" VPOS="495" HPOS="633"/>
							<String ID="string_92" HPOS="650" VPOS="495" WIDTH="81" HEIGHT="19" WC="0.75" CONTENT="stället?"/><SP WIDTH="17" VPOS="495" HPOS="731"/>
							<String ID="string_93" HPOS="748" VPOS="495" WIDTH="51" HEIGHT="19" WC="0.92" CONTENT="eller"/><SP WIDTH="15" VPOS="495" HPOS="799"/>
							<String ID="string_94" HPOS="814" VPOS="495" WIDTH="25" HEIGHT="20" WC="0.60" CONTENT="?å"/><SP WIDTH="15" VPOS="495" HPOS="839"/>
							<String ID="string_95" HPOS="854" VPOS="496" WIDTH="80" HEIGHT="19" WC="0.70" CONTENT="stället?"/>
						</TextLine>
						<TextLine ID="line_11" HPOS="178" VPOS="528" WIDTH="756" HEIGHT="28">
							<String ID="string_96" HPOS="178" VPOS="531" WIDTH="81" HEIGHT="25" WC="0.92" CONTENT="intaget"/><SP WIDTH="16" VPOS="531" HPOS="259"/>
							<String ID="string_97" HPOS="275" VPOS="530" WIDTH="52" HEIGHT="25" WC="0.93" CONTENT="gods"/><SP WIDTH="11" VPOS="530" HPOS="327"/>
							<String ID="string_98" HPOS="338" VPOS="529" WIDTH="98" HEIGHT="25" WC="0.93" CONTENT="erhälles,"/><SP WIDTH="16" VPOS="529" HPOS="436"/>
							<String ID="string_99" HPOS="452" VPOS="528" WIDTH="23" HEIGHT="20" WC="0.97" CONTENT="sä"/><SP WIDTH="16" VPOS="528" HPOS="475"/>
							<String ID="string_100" HPOS="491" VPOS="528" WIDTH="39" HEIGHT="20" WC="0.96" CONTENT="blir"/><SP WIDTH="16" VPOS="528" HPOS="530"/>
							<String ID="string_101" HPOS="546" VPOS="528" WIDTH="35" HEIGHT="20" WC="0.96" CONTENT="det"/><SP WIDTH="15" VPOS="528" HPOS="581"/>
							<String ID="string_102" HPOS="596" VPOS="528" WIDTH="43" HEIGHT="20" WC="0.96" CONTENT="lika"/><SP WIDTH="16" VPOS="528" HPOS="639"/>
							<String ID="string_103" HPOS="655" VPOS="529" WIDTH="86" HEIGHT="25" WC="0.95" CONTENT="mening"/><SP WIDTH="11" VPOS="529" HPOS="741"/>
							<String ID="string_104" HPOS="752" VPOS="529" WIDTH="6" HEIGHT="19" WC="0.95" CONTENT="i"/><SP WIDTH="11" VPOS="529" HPOS="758"/>
							<String ID="string_105" HPOS="769" VPOS="535" WIDTH="40" HEIGHT="13" WC="0.94" CONTENT="ena"/><SP WIDTH="16" VPOS="535" HPOS="809"/>
							<String ID="string_106" HPOS="825" VPOS="536" WIDTH="43" HEIGHT="12" WC="0.93" CONTENT="som"/><SP WIDTH="16" VPOS="536" HPOS="868"/>
							<String ID="string_107" HPOS="884" VPOS="530" WIDTH="50" HEIGHT="19" WC="0.92" CONTENT="ian-"/>
						</TextLine>
						<TextLine ID="line_12" HPOS="178" VPOS="562" WIDTH="757" HEIGHT="27">
							<String ID="string_108" HPOS="178" VPOS="564" WIDTH="37" HEIGHT="20" WC="0.88" CONTENT="dra"/><SP WIDTH="23" VPOS="564" HPOS="215"/>
							<String ID="string_109" HPOS="238" VPOS="564" WIDTH="64" HEIGHT="19" WC="0.88" CONTENT="fallet."/><SP WIDTH="30" VPOS="564" HPOS="302"/>
							<String ID="string_110" HPOS="332" VPOS="563" WIDTH="70" HEIGHT="26" WC="0.92" CONTENT="Nägot"/><SP WIDTH="23" VPOS="563" HPOS="402"/>
							<String ID="string_111" HPOS="425" VPOS="563" WIDTH="86" HEIGHT="26" WC="0.92" CONTENT="misstag"/><SP WIDTH="18" VPOS="563" HPOS="511"/>
							<String ID="string_112" HPOS="529" VPOS="562" WIDTH="41" HEIGHT="20" WC="0.93" CONTENT="kan"/><SP WIDTH="17" VPOS="562" HPOS="570"/>
							<String ID="string_113" HPOS="587" VPOS="562" WIDTH="94" HEIGHT="21" WC="0.91" CONTENT="hvarken"/><SP WIDTH="17" VPOS="562" HPOS="681"/>
							<String ID="string_114" HPOS="698" VPOS="562" WIDTH="36" HEIGHT="20" WC="0.96" CONTENT="det"/><SP WIDTH="15" VPOS="562" HPOS="734"/>
							<String ID="string_115" HPOS="749" VPOS="569" WIDTH="40" HEIGHT="14" WC="0.96" CONTENT="ena"/><SP WIDTH="15" VPOS="569" HPOS="789"/>
							<String ID="string_116" HPOS="804" VPOS="563" WIDTH="51" HEIGHT="20" WC="0.96" CONTENT="eller"/><SP WIDTH="16" VPOS="563" HPOS="855"/>
							<String ID="string_117" HPOS="871" VPOS="563" WIDTH="64" HEIGHT="20" WC="0.96" CONTENT="andra"/>
						</TextLine>
						<TextLine ID="line_13" HPOS="177" VPOS="596" WIDTH="757" HEIGHT="26">
							<String ID="string_118" HPOS="177" VPOS="597" WIDTH="115" HEIGHT="25" WC="0.92" CONTENT="föranleda,"/><SP WIDTH="24" VPOS="597" HPOS="292"/>
							<String ID="string_119" HPOS="316" VPOS="597" WIDTH="87" HEIGHT="19" WC="0.91" CONTENT="emedan"/><SP WIDTH="25" VPOS="597" HPOS="403"/>
							<String ID="string_120" HPOS="428" VPOS="597" WIDTH="39" HEIGHT="19" WC="0.96" CONTENT="last"/><SP WIDTH="22" VPOS="597" HPOS="467"/>
							<String ID="string_121" HPOS="489" VPOS="602" WIDTH="44" HEIGHT="14" WC="0.93" CONTENT="som"/><SP WIDTH="26" VPOS="602" HPOS="533"/>
							<String ID="string_122" HPOS="559" VPOS="596" WIDTH="67" HEIGHT="20" WC="0.91" CONTENT="blefve"/><SP WIDTH="20" VPOS="596" HPOS="626"/>
							<String ID="string_123" HPOS="646" VPOS="597" WIDTH="86" HEIGHT="25" WC="0.92" CONTENT="intagen"/><SP WIDTH="17" VPOS="597" HPOS="732"/>
							<String ID="string_124" HPOS="749" VPOS="596" WIDTH="26" HEIGHT="26" WC="0.96" CONTENT="pä"/><SP WIDTH="16" VPOS="596" HPOS="775"/>
							<String ID="string_125" HPOS="791" VPOS="603" WIDTH="68" HEIGHT="13" WC="0.96" CONTENT="annan"/><SP WIDTH="16" VPOS="603" HPOS="859"/>
							<String ID="string_126" HPOS="875" VPOS="596" WIDTH="59" HEIGHT="26" WC="0.96" CONTENT="plats,"/>
						</TextLine>
						<TextLine ID="line_14" HPOS="178" VPOS="630" WIDTH="755" HEIGHT="26">
							<String ID="string_127" HPOS="178" VPOS="635" WIDTH="24" HEIGHT="16" WC="0.96" CONTENT="än"/><SP WIDTH="14" VPOS="635" HPOS="202"/>
							<String ID="string_128" HPOS="216" VPOS="632" WIDTH="38" HEIGHT="19" WC="0.95" CONTENT="den"/><SP WIDTH="13" VPOS="632" HPOS="254"/>
							<String ID="string_129" HPOS="267" VPOS="632" WIDTH="5" HEIGHT="18" WC="0.93" CONTENT="i"/><SP WIDTH="18" VPOS="632" HPOS="272"/>
							<String ID="string_130" HPOS="290" VPOS="630" WIDTH="134" HEIGHT="26" WC="0.92" CONTENT="certepartiet"/><SP WIDTH="16" VPOS="630" HPOS="424"/>
							<String ID="string_131" HPOS="440" VPOS="630" WIDTH="115" HEIGHT="26" WC="0.91" CONTENT="bestämda,"/><SP WIDTH="16" VPOS="630" HPOS="555"/>
							<String ID="string_132" HPOS="571" VPOS="630" WIDTH="47" HEIGHT="20" WC="0.92" CONTENT="icke"/><SP WIDTH="16" VPOS="630" HPOS="618"/>
							<String ID="string_133" HPOS="634" VPOS="636" WIDTH="50" HEIGHT="14" WC="0.92" CONTENT="vore"/><SP WIDTH="12" VPOS="636" HPOS="684"/>
							<String ID="string_134" HPOS="696" VPOS="632" WIDTH="29" HEIGHT="18" WC="0.93" CONTENT="ett"/><SP WIDTH="14" VPOS="632" HPOS="725"/>
							<String ID="string_135" HPOS="739" VPOS="630" WIDTH="148" HEIGHT="26" WC="0.92" CONTENT="sannskyldigt"/><SP WIDTH="13" VPOS="630" HPOS="887"/>
							<String ID="string_136" HPOS="900" VPOS="638" WIDTH="33" HEIGHT="12" WC="0.93" CONTENT="ve-"/>
						</TextLine>
						<TextLine ID="line_15" HPOS="178" VPOS="664" WIDTH="756" HEIGHT="28">
							<String ID="string_137" HPOS="178" VPOS="666" WIDTH="78" HEIGHT="26" WC="0.91" CONTENT="derlag,"/><SP WIDTH="16" VPOS="666" HPOS="256"/>
							<String ID="string_138" HPOS="272" VPOS="666" WIDTH="19" HEIGHT="18" WC="0.92" CONTENT="”i"/><SP WIDTH="16" VPOS="666" HPOS="291"/>
							<String ID="string_139" HPOS="307" VPOS="665" WIDTH="69" HEIGHT="19" WC="0.96" CONTENT="stället"/><SP WIDTH="15" VPOS="665" HPOS="376"/>
							<String ID="string_140" HPOS="391" VPOS="664" WIDTH="43" HEIGHT="20" WC="0.88" CONTENT="för”"/><SP WIDTH="16" VPOS="664" HPOS="434"/>
							<String ID="string_141" HPOS="450" VPOS="664" WIDTH="39" HEIGHT="19" WC="0.96" CONTENT="last"/><SP WIDTH="15" VPOS="664" HPOS="489"/>
							<String ID="string_142" HPOS="504" VPOS="670" WIDTH="43" HEIGHT="14" WC="0.93" CONTENT="som"/><SP WIDTH="18" VPOS="670" HPOS="547"/>
							<String ID="string_143" HPOS="565" VPOS="664" WIDTH="59" HEIGHT="20" WC="0.93" CONTENT="bordt"/><SP WIDTH="16" VPOS="664" HPOS="624"/>
							<String ID="string_144" HPOS="640" VPOS="664" WIDTH="67" HEIGHT="20" WC="0.97" CONTENT="finnas"/><SP WIDTH="16" VPOS="664" HPOS="707"/>
							<String ID="string_145" HPOS="723" VPOS="664" WIDTH="27" HEIGHT="26" WC="0.93" CONTENT="pä"/><SP WIDTH="10" VPOS="664" HPOS="750"/>
							<String ID="string_146" HPOS="760" VPOS="666" WIDTH="53" HEIGHT="18" WC="0.93" CONTENT="rätta"/><SP WIDTH="12" VPOS="666" HPOS="813"/>
							<String ID="string_147" HPOS="825" VPOS="664" WIDTH="109" HEIGHT="27" WC="0.92" CONTENT="lastnings-"/>
						</TextLine>
						<TextLine ID="line_16" HPOS="178" VPOS="698" WIDTH="757" HEIGHT="26">
							<String ID="string_148" HPOS="178" VPOS="701" WIDTH="66" HEIGHT="18" WC="0.95" CONTENT="orten."/><SP WIDTH="31" VPOS="701" HPOS="244"/>
							<String ID="string_149" HPOS="275" VPOS="699" WIDTH="37" HEIGHT="19" WC="0.91" CONTENT="Att"/><SP WIDTH="22" VPOS="699" HPOS="312"/>
							<String ID="string_150" HPOS="334" VPOS="698" WIDTH="185" HEIGHT="26" WC="0.92" CONTENT="Sjölagsutskottet"/><SP WIDTH="22" VPOS="698" HPOS="519"/>
							<String ID="string_151" HPOS="541" VPOS="698" WIDTH="75" HEIGHT="25" WC="0.96" CONTENT="skulle,"/><SP WIDTH="20" VPOS="698" HPOS="616"/>
							<String ID="string_152" HPOS="636" VPOS="698" WIDTH="6" HEIGHT="19" WC="0.93" CONTENT="i"/><SP WIDTH="17" VPOS="698" HPOS="642"/>
							<String ID="string_153" HPOS="659" VPOS="698" WIDTH="101" HEIGHT="19" WC="0.96" CONTENT="händelse"/><SP WIDTH="14" VPOS="698" HPOS="760"/>
							<String ID="string_154" HPOS="774" VPOS="698" WIDTH="23" HEIGHT="19" WC="0.93" CONTENT="af"/><SP WIDTH="14" VPOS="698" HPOS="797"/>
							<String ID="string_155" HPOS="811" VPOS="698" WIDTH="124" HEIGHT="26" WC="0.96" CONTENT="återremiss,"/>
						</TextLine>
						<TextLine ID="line_17" HPOS="178" VPOS="732" WIDTH="757" HEIGHT="26">
							<String ID="string_156" HPOS="178" VPOS="734" WIDTH="72" HEIGHT="19" WC="0.92" CONTENT="kunna"/><SP WIDTH="15" VPOS="734" HPOS="250"/>
							<String ID="string_157" HPOS="265" VPOS="733" WIDTH="75" HEIGHT="20" WC="0.96" CONTENT="föreslå"/><SP WIDTH="16" VPOS="733" HPOS="340"/>
							<String ID="string_158" HPOS="356" VPOS="735" WIDTH="30" HEIGHT="17" WC="0.93" CONTENT="att"/><SP WIDTH="20" VPOS="735" HPOS="386"/>
							<String ID="string_159" HPOS="406" VPOS="732" WIDTH="86" HEIGHT="26" WC="0.96" CONTENT="inbjuda"/><SP WIDTH="15" VPOS="732" HPOS="492"/>
							<String ID="string_160" HPOS="507" VPOS="734" WIDTH="31" HEIGHT="18" WC="0.93" CONTENT="tre"/><SP WIDTH="16" VPOS="734" HPOS="538"/>
							<String ID="string_161" HPOS="554" VPOS="732" WIDTH="72" HEIGHT="25" WC="0.95" CONTENT="Stånd,"/><SP WIDTH="16" VPOS="732" HPOS="626"/>
							<String ID="string_162" HPOS="642" VPOS="738" WIDTH="44" HEIGHT="14" WC="0.93" CONTENT="som"/><SP WIDTH="18" VPOS="738" HPOS="686"/>
							<String ID="string_163" HPOS="704" VPOS="732" WIDTH="97" HEIGHT="19" WC="0.93" CONTENT="fastställt"/><SP WIDTH="15" VPOS="732" HPOS="801"/>
							<String ID="string_164" HPOS="816" VPOS="734" WIDTH="31" HEIGHT="22" WC="0.59" CONTENT="S:n"/><SP WIDTH="17" VPOS="734" HPOS="847"/>
							<String ID="string_165" HPOS="864" VPOS="732" WIDTH="30" HEIGHT="20" WC="0.96" CONTENT="till"/><SP WIDTH="17" VPOS="732" HPOS="894"/>
							<String ID="string_166" HPOS="911" VPOS="739" WIDTH="24" HEIGHT="13" WC="0.97" CONTENT="en"/>
						</TextLine>
						<TextLine ID="line_18" HPOS="178" VPOS="766" WIDTH="755" HEIGHT="27">
							<String ID="string_167" HPOS="178" VPOS="768" WIDTH="42" HEIGHT="18" WC="0.93" CONTENT="viss"/><SP WIDTH="18" VPOS="768" HPOS="220"/>
							<String ID="string_168" HPOS="238" VPOS="767" WIDTH="88" HEIGHT="26" WC="0.96" CONTENT="lydelse,"/><SP WIDTH="16" VPOS="767" HPOS="326"/>
							<String ID="string_169" HPOS="342" VPOS="768" WIDTH="29" HEIGHT="18" WC="0.96" CONTENT="att"/><SP WIDTH="18" VPOS="768" HPOS="371"/>
							<String ID="string_170" HPOS="389" VPOS="766" WIDTH="46" HEIGHT="20" WC="0.93" CONTENT="med"/><SP WIDTH="16" VPOS="766" HPOS="435"/>
							<String ID="string_171" HPOS="451" VPOS="766" WIDTH="99" HEIGHT="20" WC="0.93" CONTENT="afseende"/><SP WIDTH="16" VPOS="766" HPOS="550"/>
							<String ID="string_172" HPOS="566" VPOS="766" WIDTH="11" HEIGHT="19" WC="0.92" CONTENT="å"/><SP WIDTH="17" VPOS="766" HPOS="577"/>
							<String ID="string_173" HPOS="594" VPOS="766" WIDTH="34" HEIGHT="20" WC="0.93" CONTENT="det"/><SP WIDTH="16" VPOS="766" HPOS="628"/>
							<String ID="string_174" HPOS="644" VPOS="766" WIDTH="68" HEIGHT="26" WC="0.92" CONTENT="fjerde"/><SP WIDTH="16" VPOS="766" HPOS="712"/>
							<String ID="string_175" HPOS="728" VPOS="766" WIDTH="97" HEIGHT="20" WC="0.92" CONTENT="Ständets"/><SP WIDTH="16" VPOS="766" HPOS="825"/>
							<String ID="string_176" HPOS="841" VPOS="766" WIDTH="92" HEIGHT="20" WC="0.92" CONTENT="afvikan-"/>
						</TextLine>
						<TextLine ID="line_19" HPOS="178" VPOS="799" WIDTH="757" HEIGHT="27">
							<String ID="string_177" HPOS="178" VPOS="801" WIDTH="26" HEIGHT="20" WC="0.95" CONTENT="de"/><SP WIDTH="15" VPOS="801" HPOS="204"/>
							<String ID="string_178" HPOS="219" VPOS="801" WIDTH="68" HEIGHT="19" WC="0.93" CONTENT="beslut"/><SP WIDTH="16" VPOS="801" HPOS="287"/>
							<String ID="string_179" HPOS="303" VPOS="800" WIDTH="106" HEIGHT="20" WC="0.96" CONTENT="frånträda"/><SP WIDTH="15" VPOS="800" HPOS="409"/>
							<String ID="string_180" HPOS="424" VPOS="800" WIDTH="30" HEIGHT="19" WC="0.93" CONTENT="sin"/><SP WIDTH="17" VPOS="800" HPOS="454"/>
							<String ID="string_181" HPOS="471" VPOS="799" WIDTH="54" HEIGHT="19" WC="0.96" CONTENT="förut"/><SP WIDTH="16" VPOS="799" HPOS="525"/>
							<String ID="string_182" HPOS="541" VPOS="799" WIDTH="79" HEIGHT="20" WC="0.93" CONTENT="fattade"/><SP WIDTH="16" VPOS="799" HPOS="620"/>
							<String ID="string_183" HPOS="636" VPOS="800" WIDTH="81" HEIGHT="25" WC="0.96" CONTENT="åtgärd,"/><SP WIDTH="18" VPOS="800" HPOS="717"/>
							<String ID="string_184" HPOS="735" VPOS="800" WIDTH="40" HEIGHT="19" WC="0.96" CONTENT="kan"/><SP WIDTH="19" VPOS="800" HPOS="775"/>
							<String ID="string_185" HPOS="794" VPOS="800" WIDTH="33" HEIGHT="18" WC="0.93" CONTENT="väl"/><SP WIDTH="16" VPOS="800" HPOS="827"/>
							<String ID="string_186" HPOS="843" VPOS="801" WIDTH="18" HEIGHT="25" WC="0.93" CONTENT="ej"/><SP WIDTH="17" VPOS="801" HPOS="861"/>
							<String ID="string_187" HPOS="878" VPOS="800" WIDTH="57" HEIGHT="20" WC="0.92" CONTENT="kom-"/>
						</TextLine>
						<TextLine ID="line_20" HPOS="180" VPOS="833" WIDTH="756" HEIGHT="27">
							<String ID="string_188" HPOS="180" VPOS="841" WIDTH="33" HEIGHT="14" WC="0.94" CONTENT="ma"/><SP WIDTH="16" VPOS="841" HPOS="213"/>
							<String ID="string_189" HPOS="229" VPOS="835" WIDTH="5" HEIGHT="19" WC="0.93" CONTENT="i"/><SP WIDTH="16" VPOS="835" HPOS="234"/>
							<String ID="string_190" HPOS="250" VPOS="834" WIDTH="66" HEIGHT="26" WC="0.93" CONTENT="fråga."/><SP WIDTH="30" VPOS="834" HPOS="316"/>
							<String ID="string_191" HPOS="346" VPOS="833" WIDTH="10" HEIGHT="19" WC="0.92" CONTENT="I"/><SP WIDTH="16" VPOS="833" HPOS="356"/>
							<String ID="string_192" HPOS="372" VPOS="833" WIDTH="185" HEIGHT="26" WC="0.90" CONTENT="Sjölagsutskottet"/><SP WIDTH="16" VPOS="833" HPOS="557"/>
							<String ID="string_193" HPOS="573" VPOS="833" WIDTH="73" HEIGHT="26" WC="0.96" CONTENT="finnes,"/><SP WIDTH="17" VPOS="833" HPOS="646"/>
							<String ID="string_194" HPOS="663" VPOS="840" WIDTH="44" HEIGHT="13" WC="0.96" CONTENT="som"/><SP WIDTH="18" VPOS="840" HPOS="707"/>
							<String ID="string_195" HPOS="725" VPOS="840" WIDTH="46" HEIGHT="13" WC="0.96" CONTENT="man"/><SP WIDTH="14" VPOS="840" HPOS="771"/>
							<String ID="string_196" HPOS="785" VPOS="836" WIDTH="41" HEIGHT="22" WC="0.93" CONTENT="vet,"/><SP WIDTH="13" VPOS="836" HPOS="826"/>
							<String ID="string_197" HPOS="839" VPOS="834" WIDTH="97" HEIGHT="20" WC="0.91" CONTENT="medlem-"/>
						</TextLine>
						<TextLine ID="line_21" HPOS="178" VPOS="867" WIDTH="758" HEIGHT="27">
							<String ID="string_198" HPOS="178" VPOS="876" WIDTH="44" HEIGHT="12" WC="0.92" CONTENT="mar"/><SP WIDTH="22" VPOS="876" HPOS="222"/>
							<String ID="string_199" HPOS="244" VPOS="868" WIDTH="63" HEIGHT="20" WC="0.92" CONTENT="äfven"/><SP WIDTH="22" VPOS="868" HPOS="307"/>
							<String ID="string_200" HPOS="329" VPOS="867" WIDTH="45" HEIGHT="19" WC="0.92" CONTENT="frän"/><SP WIDTH="26" VPOS="867" HPOS="374"/>
							<String ID="string_201" HPOS="400" VPOS="868" WIDTH="25" HEIGHT="19" WC="0.93" CONTENT="de"/><SP WIDTH="23" VPOS="868" HPOS="425"/>
							<String ID="string_202" HPOS="448" VPOS="867" WIDTH="68" HEIGHT="26" WC="0.91" CONTENT="öfriga"/><SP WIDTH="19" VPOS="867" HPOS="516"/>
							<String ID="string_203" HPOS="535" VPOS="867" WIDTH="99" HEIGHT="25" WC="0.91" CONTENT="Ständen,"/><SP WIDTH="17" VPOS="867" HPOS="634"/>
							<String ID="string_204" HPOS="651" VPOS="867" WIDTH="38" HEIGHT="19" WC="0.96" CONTENT="och"/><SP WIDTH="18" VPOS="867" HPOS="689"/>
							<String ID="string_205" HPOS="707" VPOS="867" WIDTH="26" HEIGHT="19" WC="0.92" CONTENT="de"/><SP WIDTH="16" VPOS="867" HPOS="733"/>
							<String ID="string_206" HPOS="749" VPOS="867" WIDTH="26" HEIGHT="26" WC="0.92" CONTENT="gä"/><SP WIDTH="15" VPOS="867" HPOS="775"/>
							<String ID="string_207" HPOS="790" VPOS="868" WIDTH="33" HEIGHT="19" WC="0.93" CONTENT="väl"/><SP WIDTH="16" VPOS="868" HPOS="823"/>
							<String ID="string_208" HPOS="839" VPOS="868" WIDTH="18" HEIGHT="26" WC="0.93" CONTENT="ej"/><SP WIDTH="17" VPOS="868" HPOS="857"/>
							<String ID="string_209" HPOS="874" VPOS="868" WIDTH="19" HEIGHT="19" WC="0.96" CONTENT="in"/><SP WIDTH="18" VPOS="868" HPOS="893"/>
							<String ID="string_210" HPOS="911" VPOS="868" WIDTH="25" HEIGHT="26" WC="0.96" CONTENT="pä"/>
						</TextLine>
						<TextLine ID="line_22" HPOS="178" VPOS="901" WIDTH="758" HEIGHT="27">
							<String ID="string_211" HPOS="178" VPOS="905" WIDTH="30" HEIGHT="17" WC="0.90" CONTENT="att"/><SP WIDTH="23" VPOS="905" HPOS="208"/>
							<String ID="string_212" HPOS="231" VPOS="902" WIDTH="87" HEIGHT="26" WC="0.96" CONTENT="inbjuda"/><SP WIDTH="18" VPOS="902" HPOS="318"/>
							<String ID="string_213" HPOS="336" VPOS="901" WIDTH="44" HEIGHT="20" WC="0.93" CONTENT="sina"/><SP WIDTH="16" VPOS="901" HPOS="380"/>
							<String ID="string_214" HPOS="396" VPOS="901" WIDTH="210" HEIGHT="20" WC="0.92" CONTENT="ständsmedlemmar"/><SP WIDTH="16" VPOS="901" HPOS="606"/>
							<String ID="string_215" HPOS="622" VPOS="903" WIDTH="29" HEIGHT="18" WC="0.93" CONTENT="att"/><SP WIDTH="16" VPOS="903" HPOS="651"/>
							<String ID="string_216" HPOS="667" VPOS="901" WIDTH="61" HEIGHT="20" WC="0.96" CONTENT="ställa"/><SP WIDTH="16" VPOS="901" HPOS="728"/>
							<String ID="string_217" HPOS="744" VPOS="901" WIDTH="35" HEIGHT="20" WC="0.93" CONTENT="det"/><SP WIDTH="16" VPOS="901" HPOS="779"/>
							<String ID="string_218" HPOS="795" VPOS="901" WIDTH="66" HEIGHT="26" WC="0.92" CONTENT="fjerde"/><SP WIDTH="16" VPOS="901" HPOS="861"/>
							<String ID="string_219" HPOS="877" VPOS="901" WIDTH="59" HEIGHT="20" WC="0.92" CONTENT="Stän-"/>
						</TextLine>
						<TextLine ID="line_23" HPOS="178" VPOS="934" WIDTH="759" HEIGHT="27">
							<String ID="string_220" HPOS="178" VPOS="937" WIDTH="46" HEIGHT="19" WC="0.90" CONTENT="dets"/><SP WIDTH="23" VPOS="937" HPOS="224"/>
							<String ID="string_221" HPOS="247" VPOS="937" WIDTH="55" HEIGHT="24" WC="0.85" CONTENT="äsigt"/><SP WIDTH="21" VPOS="937" HPOS="302"/>
							<String ID="string_222" HPOS="323" VPOS="935" WIDTH="86" HEIGHT="20" WC="0.95" CONTENT="framför"/><SP WIDTH="23" VPOS="935" HPOS="409"/>
							<String ID="string_223" HPOS="432" VPOS="937" WIDTH="30" HEIGHT="17" WC="0.93" CONTENT="tre"/><SP WIDTH="24" VPOS="937" HPOS="462"/>
							<String ID="string_224" HPOS="486" VPOS="934" WIDTH="82" HEIGHT="25" WC="0.92" CONTENT="Ständs,"/><SP WIDTH="23" VPOS="934" HPOS="568"/>
							<String ID="string_225" HPOS="591" VPOS="935" WIDTH="23" HEIGHT="19" WC="0.96" CONTENT="sä"/><SP WIDTH="15" VPOS="935" HPOS="614"/>
							<String ID="string_226" HPOS="629" VPOS="937" WIDTH="30" HEIGHT="17" WC="0.93" CONTENT="att"/><SP WIDTH="15" VPOS="937" HPOS="659"/>
							<String ID="string_227" HPOS="674" VPOS="935" WIDTH="70" HEIGHT="26" WC="0.96" CONTENT="någon"/><SP WIDTH="16" VPOS="935" HPOS="744"/>
							<String ID="string_228" HPOS="760" VPOS="935" WIDTH="50" HEIGHT="26" WC="0.95" CONTENT="följd"/><SP WIDTH="17" VPOS="935" HPOS="810"/>
							<String ID="string_229" HPOS="827" VPOS="935" WIDTH="38" HEIGHT="20" WC="0.93" CONTENT="och"/><SP WIDTH="17" VPOS="935" HPOS="865"/>
							<String ID="string_230" HPOS="882" VPOS="935" WIDTH="55" HEIGHT="20" WC="0.96" CONTENT="frukt"/>
						</TextLine>
						<TextLine ID="line_24" HPOS="178" VPOS="968" WIDTH="758" HEIGHT="28">
							<String ID="string_231" HPOS="178" VPOS="971" WIDTH="23" HEIGHT="19" WC="0.94" CONTENT="af"/><SP WIDTH="23" VPOS="971" HPOS="201"/>
							<String ID="string_232" HPOS="224" VPOS="971" WIDTH="39" HEIGHT="19" WC="0.93" CONTENT="den"/><SP WIDTH="24" VPOS="971" HPOS="263"/>
							<String ID="string_233" HPOS="287" VPOS="969" WIDTH="101" HEIGHT="27" WC="0.91" CONTENT="pätänkta"/><SP WIDTH="22" VPOS="969" HPOS="388"/>
							<String ID="string_234" HPOS="410" VPOS="969" WIDTH="146" HEIGHT="19" WC="0.92" CONTENT="äterremissen"/><SP WIDTH="26" VPOS="969" HPOS="556"/>
							<String ID="string_235" HPOS="582" VPOS="969" WIDTH="29" HEIGHT="18" WC="0.93" CONTENT="till"/><SP WIDTH="17" VPOS="969" HPOS="611"/>
							<String ID="string_236" HPOS="628" VPOS="968" WIDTH="188" HEIGHT="27" WC="0.91" CONTENT="Sjölagsutskottet"/><SP WIDTH="16" VPOS="968" HPOS="816"/>
							<String ID="string_237" HPOS="832" VPOS="970" WIDTH="18" HEIGHT="25" WC="0.92" CONTENT="ej"/><SP WIDTH="17" VPOS="970" HPOS="850"/>
							<String ID="string_238" HPOS="867" VPOS="969" WIDTH="69" HEIGHT="20" WC="0.96" CONTENT="kunde"/>
						</TextLine>
						<TextLine ID="line_25" HPOS="178" VPOS="1006" WIDTH="97" HEIGHT="17">
							<String ID="string_239" HPOS="178" VPOS="1006" WIDTH="97" HEIGHT="17" WC="0.89" CONTENT="emotses."/>
						</TextLine>
					</TextBlock>
					<TextBlock ID="block_4" HPOS="178" VPOS="1036" WIDTH="760" HEIGHT="196">
						<TextLine ID="line_26" HPOS="247" VPOS="1036" WIDTH="690" HEIGHT="27">
							<String ID="string_240" HPOS="247" VPOS="1037" WIDTH="65" HEIGHT="20" WC="0.93" CONTENT="Herr"/><SP WIDTH="23" VPOS="1037" HPOS="312"/>
							<String ID="string_241" HPOS="335" VPOS="1037" WIDTH="102" HEIGHT="25" WC="0.92" CONTENT="Sjöros:"/><SP WIDTH="33" VPOS="1037" HPOS="437"/>
							<String ID="string_242" HPOS="470" VPOS="1037" WIDTH="39" HEIGHT="18" WC="0.96" CONTENT="Det"/><SP WIDTH="17" VPOS="1037" HPOS="509"/>
							<String ID="string_243" HPOS="526" VPOS="1036" WIDTH="58" HEIGHT="20" WC="0.93" CONTENT="torde"/><SP WIDTH="16" VPOS="1036" HPOS="584"/>
							<String ID="string_244" HPOS="600" VPOS="1037" WIDTH="18" HEIGHT="24" WC="0.92" CONTENT="ej"/><SP WIDTH="18" VPOS="1037" HPOS="618"/>
							<String ID="string_245" HPOS="636" VPOS="1043" WIDTH="49" HEIGHT="13" WC="0.96" CONTENT="vara"/><SP WIDTH="17" VPOS="1043" HPOS="685"/>
							<String ID="string_246" HPOS="702" VPOS="1037" WIDTH="23" HEIGHT="19" WC="0.92" CONTENT="sä"/><SP WIDTH="16" VPOS="1037" HPOS="725"/>
							<String ID="string_247" HPOS="741" VPOS="1037" WIDTH="126" HEIGHT="26" WC="0.90" CONTENT="längesedan"/><SP WIDTH="17" VPOS="1037" HPOS="867"/>
							<String ID="string_248" HPOS="884" VPOS="1037" WIDTH="53" HEIGHT="20" WC="0.96" CONTENT="Herr"/>
						</TextLine>
						<TextLine ID="line_27" HPOS="178" VPOS="1070" WIDTH="758" HEIGHT="27">
							<String ID="string_249" HPOS="178" VPOS="1072" WIDTH="126" HEIGHT="25" WC="0.93" CONTENT="Tengström"/><SP WIDTH="16" VPOS="1072" HPOS="304"/>
							<String ID="string_250" HPOS="320" VPOS="1071" WIDTH="48" HEIGHT="26" WC="0.90" CONTENT="sjelf"/><SP WIDTH="15" VPOS="1071" HPOS="368"/>
							<String ID="string_251" HPOS="383" VPOS="1070" WIDTH="112" HEIGHT="27" WC="0.92" CONTENT="godkände"/><SP WIDTH="17" VPOS="1070" HPOS="495"/>
							<String ID="string_252" HPOS="512" VPOS="1077" WIDTH="24" HEIGHT="12" WC="0.92" CONTENT="en"/><SP WIDTH="17" VPOS="1077" HPOS="536"/>
							<String ID="string_253" HPOS="553" VPOS="1070" WIDTH="125" HEIGHT="27" WC="0.92" CONTENT="inbjudning"/><SP WIDTH="17" VPOS="1070" HPOS="678"/>
							<String ID="string_254" HPOS="695" VPOS="1070" WIDTH="31" HEIGHT="19" WC="0.93" CONTENT="till"/><SP WIDTH="16" VPOS="1070" HPOS="726"/>
							<String ID="string_255" HPOS="742" VPOS="1070" WIDTH="88" HEIGHT="20" WC="0.92" CONTENT="Ständet"/><SP WIDTH="14" VPOS="1070" HPOS="830"/>
							<String ID="string_256" HPOS="844" VPOS="1071" WIDTH="46" HEIGHT="19" WC="0.93" CONTENT="med"/><SP WIDTH="11" VPOS="1071" HPOS="890"/>
							<String ID="string_257" HPOS="901" VPOS="1078" WIDTH="35" HEIGHT="13" WC="0.92" CONTENT="an-"/>
						</TextLine>
						<TextLine ID="line_28" HPOS="178" VPOS="1097" WIDTH="759" HEIGHT="33">
							<String ID="string_258" HPOS="178" VPOS="1105" WIDTH="87" HEIGHT="24" WC="0.96" CONTENT="ledning"/><SP WIDTH="23" VPOS="1105" HPOS="265"/>
							<String ID="string_259" HPOS="288" VPOS="1105" WIDTH="22" HEIGHT="19" WC="0.95" CONTENT="af"/><SP WIDTH="21" VPOS="1105" HPOS="310"/>
							<String ID="string_260" HPOS="331" VPOS="1106" WIDTH="29" HEIGHT="17" WC="0.96" CONTENT="ett"/><SP WIDTH="22" VPOS="1106" HPOS="360"/>
							<String ID="string_261" HPOS="382" VPOS="1106" WIDTH="64" HEIGHT="17" WC="0.93" CONTENT="annat"/><SP WIDTH="19" VPOS="1106" HPOS="446"/>
							<String ID="string_262" HPOS="465" VPOS="1104" WIDTH="76" HEIGHT="19" WC="0.93" CONTENT="Ständs"/><SP WIDTH="17" VPOS="1104" HPOS="541"/>
							<String ID="string_263" HPOS="558" VPOS="1104" WIDTH="73" HEIGHT="26" WC="0.96" CONTENT="beslut,"/><SP WIDTH="16" VPOS="1104" HPOS="631"/>
							<String ID="string_264" HPOS="647" VPOS="1097" WIDTH="41" HEIGHT="27" WC="0.96" CONTENT="och"/><SP WIDTH="16" VPOS="1097" HPOS="688"/>
							<String ID="string_265" HPOS="704" VPOS="1104" WIDTH="31" HEIGHT="19" WC="0.93" CONTENT="för"/><SP WIDTH="16" VPOS="1104" HPOS="735"/>
							<String ID="string_266" HPOS="751" VPOS="1106" WIDTH="68" HEIGHT="18" WC="0.93" CONTENT="resten"/><SP WIDTH="18" VPOS="1106" HPOS="819"/>
							<String ID="string_267" HPOS="837" VPOS="1105" WIDTH="33" HEIGHT="19" WC="0.96" CONTENT="mä"/><SP WIDTH="15" VPOS="1105" HPOS="870"/>
							<String ID="string_268" HPOS="885" VPOS="1105" WIDTH="52" HEIGHT="20" WC="0.96" CONTENT="Herr"/>
						</TextLine>
						<TextLine ID="line_29" HPOS="178" VPOS="1137" WIDTH="760" HEIGHT="28">
							<String ID="string_269" HPOS="178" VPOS="1139" WIDTH="126" HEIGHT="26" WC="0.91" CONTENT="Tengström"/><SP WIDTH="24" VPOS="1139" HPOS="304"/>
							<String ID="string_270" HPOS="328" VPOS="1145" WIDTH="66" HEIGHT="19" WC="0.96" CONTENT="gerna"/><SP WIDTH="19" VPOS="1145" HPOS="394"/>
							<String ID="string_271" HPOS="413" VPOS="1144" WIDTH="49" HEIGHT="13" WC="0.96" CONTENT="anse"/><SP WIDTH="17" VPOS="1144" HPOS="462"/>
							<String ID="string_272" HPOS="479" VPOS="1137" WIDTH="56" HEIGHT="20" WC="0.96" CONTENT="detta"/><SP WIDTH="17" VPOS="1137" HPOS="535"/>
							<String ID="string_273" HPOS="552" VPOS="1137" WIDTH="31" HEIGHT="20" WC="0.96" CONTENT="för"/><SP WIDTH="15" VPOS="1137" HPOS="583"/>
							<String ID="string_274" HPOS="598" VPOS="1145" WIDTH="26" HEIGHT="12" WC="0.93" CONTENT="en"/><SP WIDTH="17" VPOS="1145" HPOS="624"/>
							<String ID="string_275" HPOS="641" VPOS="1138" WIDTH="49" HEIGHT="19" WC="0.96" CONTENT="tvist"/><SP WIDTH="16" VPOS="1138" HPOS="690"/>
							<String ID="string_276" HPOS="706" VPOS="1144" WIDTH="34" HEIGHT="13" WC="0.93" CONTENT="om"/><SP WIDTH="16" VPOS="1144" HPOS="740"/>
							<String ID="string_277" HPOS="756" VPOS="1138" WIDTH="87" HEIGHT="26" WC="0.92" CONTENT="päfvens"/><SP WIDTH="10" VPOS="1138" HPOS="843"/>
							<String ID="string_278" HPOS="853" VPOS="1139" WIDTH="85" HEIGHT="26" WC="0.88" CONTENT="skägg;"/>
						</TextLine>
						<TextLine ID="line_30" HPOS="178" VPOS="1171" WIDTH="758" HEIGHT="27">
							<String ID="string_279" HPOS="178" VPOS="1173" WIDTH="35" HEIGHT="19" WC="0.96" CONTENT="det"/><SP WIDTH="23" VPOS="1173" HPOS="213"/>
							<String ID="string_280" HPOS="236" VPOS="1175" WIDTH="22" HEIGHT="16" WC="0.94" CONTENT="är"/><SP WIDTH="23" VPOS="1175" HPOS="258"/>
							<String ID="string_281" HPOS="281" VPOS="1172" WIDTH="39" HEIGHT="19" WC="0.96" CONTENT="den"/><SP WIDTH="25" VPOS="1172" HPOS="320"/>
							<String ID="string_282" HPOS="345" VPOS="1171" WIDTH="55" HEIGHT="20" WC="0.91" CONTENT="dock"/><SP WIDTH="23" VPOS="1171" HPOS="400"/>
							<String ID="string_283" HPOS="423" VPOS="1172" WIDTH="26" HEIGHT="25" WC="0.91" CONTENT="ej,"/><SP WIDTH="21" VPOS="1172" HPOS="449"/>
							<String ID="string_284" HPOS="470" VPOS="1171" WIDTH="35" HEIGHT="19" WC="0.93" CONTENT="det"/><SP WIDTH="15" VPOS="1171" HPOS="505"/>
							<String ID="string_285" HPOS="520" VPOS="1171" WIDTH="67" HEIGHT="20" WC="0.92" CONTENT="finnes"/><SP WIDTH="15" VPOS="1171" HPOS="587"/>
							<String ID="string_286" HPOS="602" VPOS="1171" WIDTH="128" HEIGHT="20" WC="0.92" CONTENT="ätminstone"/><SP WIDTH="17" VPOS="1171" HPOS="730"/>
							<String ID="string_287" HPOS="747" VPOS="1178" WIDTH="25" HEIGHT="13" WC="0.96" CONTENT="en"/><SP WIDTH="17" VPOS="1178" HPOS="772"/>
							<String ID="string_288" HPOS="789" VPOS="1179" WIDTH="75" HEIGHT="19" WC="0.93" CONTENT="annan,"/><SP WIDTH="17" VPOS="1179" HPOS="864"/>
							<String ID="string_289" HPOS="881" VPOS="1175" WIDTH="55" HEIGHT="17" WC="0.92" CONTENT="utom"/>
						</TextLine>
						<TextLine ID="line_31" HPOS="178" VPOS="1205" WIDTH="411" HEIGHT="27">
							<String ID="string_290" HPOS="178" VPOS="1206" WIDTH="50" HEIGHT="26" WC="0.96" CONTENT="mig,"/><SP WIDTH="16" VPOS="1206" HPOS="228"/>
							<String ID="string_291" HPOS="244" VPOS="1206" WIDTH="6" HEIGHT="19" WC="0.93" CONTENT="i"/><SP WIDTH="16" VPOS="1206" HPOS="250"/>
							<String ID="string_292" HPOS="266" VPOS="1205" WIDTH="93" HEIGHT="26" WC="0.90" CONTENT="Ständet,"/><SP WIDTH="17" VPOS="1205" HPOS="359"/>
							<String ID="string_293" HPOS="376" VPOS="1212" WIDTH="44" HEIGHT="12" WC="0.92" CONTENT="som"/><SP WIDTH="16" VPOS="1212" HPOS="420"/>
							<String ID="string_294" HPOS="436" VPOS="1206" WIDTH="18" HEIGHT="25" WC="0.96" CONTENT="ej"/><SP WIDTH="17" VPOS="1206" HPOS="454"/>
							<String ID="string_295" HPOS="471" VPOS="1205" WIDTH="74" HEIGHT="25" WC="0.95" CONTENT="tycker"/><SP WIDTH="16" VPOS="1205" HPOS="545"/>
							<String ID="string_296" HPOS="561" VPOS="1205" WIDTH="28" HEIGHT="20" WC="0.96" CONTENT="sä."/>
						</TextLine>
					</TextBlock>
					<TextBlock ID="block_5" HPOS="178" VPOS="1239" WIDTH="761" HEIGHT="60">
						<TextLine ID="line_32" HPOS="246" VPOS="1239" WIDTH="693" HEIGHT="26">
							<String ID="string_297" HPOS="246" VPOS="1241" WIDTH="33" HEIGHT="20" WC="0.96" CONTENT="Då"/><SP WIDTH="23" VPOS="1241" HPOS="279"/>
							<String ID="string_298" HPOS="302" VPOS="1240" WIDTH="146" HEIGHT="20" WC="0.96" CONTENT="diskussionen"/><SP WIDTH="23" VPOS="1240" HPOS="448"/>
							<String ID="string_299" HPOS="471" VPOS="1239" WIDTH="86" HEIGHT="20" WC="0.96" CONTENT="härmed"/><SP WIDTH="26" VPOS="1239" HPOS="557"/>
							<String ID="string_300" HPOS="583" VPOS="1246" WIDTH="35" HEIGHT="13" WC="0.93" CONTENT="var"/><SP WIDTH="23" VPOS="1246" HPOS="618"/>
							<String ID="string_301" HPOS="641" VPOS="1240" WIDTH="98" HEIGHT="25" WC="0.90" CONTENT="afslutad,"/><SP WIDTH="23" VPOS="1240" HPOS="739"/>
							<String ID="string_302" HPOS="762" VPOS="1240" WIDTH="139" HEIGHT="19" WC="0.96" CONTENT="framställdes"/><SP WIDTH="15" VPOS="1240" HPOS="901"/>
							<String ID="string_303" HPOS="916" VPOS="1241" WIDTH="23" HEIGHT="19" WC="0.96" CONTENT="af"/>
						</TextLine>
						<TextLine ID="line_33" HPOS="178" VPOS="1273" WIDTH="349" HEIGHT="26">
							<String ID="string_304" HPOS="178" VPOS="1275" WIDTH="62" HEIGHT="20" WC="0.96" CONTENT="Herr"/><SP WIDTH="16" VPOS="1275" HPOS="240"/>
							<String ID="string_305" HPOS="256" VPOS="1274" WIDTH="164" HEIGHT="20" WC="0.95" CONTENT="Talmannen"/><SP WIDTH="16" VPOS="1274" HPOS="420"/>
							<String ID="string_306" HPOS="436" VPOS="1273" WIDTH="91" HEIGHT="26" WC="0.96" CONTENT="följande"/>
						</TextLine>
					</TextBlock>
					<TextBlock ID="block_6" HPOS="178" VPOS="1306" WIDTH="760" HEIGHT="129">
						<TextLine ID="line_34" HPOS="246" VPOS="1306" WIDTH="691" HEIGHT="28">
							<String ID="string_307" HPOS="246" VPOS="1307" WIDTH="186" HEIGHT="27" WC="0.93" CONTENT="Proposition:"/><SP WIDTH="30" VPOS="1307" HPOS="432"/>
							<String ID="string_308" HPOS="462" VPOS="1307" WIDTH="95" HEIGHT="26" WC="0.92" CONTENT="Antager"/><SP WIDTH="18" VPOS="1307" HPOS="557"/>
							<String ID="string_309" HPOS="575" VPOS="1306" WIDTH="88" HEIGHT="20" WC="0.92" CONTENT="Ståndet"/><SP WIDTH="15" VPOS="1306" HPOS="663"/>
							<String ID="string_310" HPOS="678" VPOS="1307" WIDTH="119" HEIGHT="20" WC="0.96" CONTENT="Utskottets"/><SP WIDTH="16" VPOS="1307" HPOS="797"/>
							<String ID="string_311" HPOS="813" VPOS="1307" WIDTH="77" HEIGHT="27" WC="0.95" CONTENT="förslag"/><SP WIDTH="16" VPOS="1307" HPOS="890"/>
							<String ID="string_312" HPOS="906" VPOS="1308" WIDTH="31" HEIGHT="19" WC="0.96" CONTENT="till"/>
						</TextLine>
						<TextLine ID="line_35" HPOS="178" VPOS="1340" WIDTH="758" HEIGHT="27">
							<String ID="string_313" HPOS="178" VPOS="1346" WIDTH="10" HEIGHT="21" WC="0.89" CONTENT="8"/><SP WIDTH="16" VPOS="1346" HPOS="188"/>
							<String ID="string_314" HPOS="204" VPOS="1344" WIDTH="26" HEIGHT="19" WC="0.96" CONTENT="95"/><SP WIDTH="16" VPOS="1344" HPOS="230"/>
							<String ID="string_315" HPOS="246" VPOS="1343" WIDTH="7" HEIGHT="19" WC="0.90" CONTENT="i"/><SP WIDTH="17" VPOS="1343" HPOS="253"/>
							<String ID="string_316" HPOS="270" VPOS="1341" WIDTH="135" HEIGHT="21" WC="0.92" CONTENT="oförändradt"/><SP WIDTH="15" VPOS="1341" HPOS="405"/>
							<String ID="string_317" HPOS="420" VPOS="1340" WIDTH="67" HEIGHT="25" WC="0.95" CONTENT="skick,"/><SP WIDTH="16" VPOS="1340" HPOS="487"/>
							<String ID="string_318" HPOS="503" VPOS="1340" WIDTH="51" HEIGHT="19" WC="0.96" CONTENT="eller"/><SP WIDTH="16" VPOS="1340" HPOS="554"/>
							<String ID="string_319" HPOS="570" VPOS="1340" WIDTH="48" HEIGHT="19" WC="0.96" CONTENT="med"/><SP WIDTH="18" VPOS="1340" HPOS="618"/>
							<String ID="string_320" HPOS="636" VPOS="1340" WIDTH="40" HEIGHT="20" WC="0.96" CONTENT="den"/><SP WIDTH="17" VPOS="1340" HPOS="676"/>
							<String ID="string_321" HPOS="693" VPOS="1340" WIDTH="23" HEIGHT="19" WC="0.96" CONTENT="af"/><SP WIDTH="13" VPOS="1340" HPOS="716"/>
							<String ID="string_322" HPOS="729" VPOS="1340" WIDTH="54" HEIGHT="19" WC="0.93" CONTENT="Herr"/><SP WIDTH="16" VPOS="1340" HPOS="783"/>
							<String ID="string_323" HPOS="799" VPOS="1340" WIDTH="70" HEIGHT="26" WC="0.91" CONTENT="Sjöros"/><SP WIDTH="15" VPOS="1340" HPOS="869"/>
							<String ID="string_324" HPOS="884" VPOS="1341" WIDTH="52" HEIGHT="20" WC="0.92" CONTENT="före-"/>
						</TextLine>
						<TextLine ID="line_36" HPOS="178" VPOS="1374" WIDTH="760" HEIGHT="29">
							<String ID="string_325" HPOS="178" VPOS="1377" WIDTH="74" HEIGHT="26" WC="0.96" CONTENT="slagna"/><SP WIDTH="22" VPOS="1377" HPOS="252"/>
							<String ID="string_326" HPOS="274" VPOS="1375" WIDTH="90" HEIGHT="26" WC="0.96" CONTENT="ändring"/><SP WIDTH="21" VPOS="1375" HPOS="364"/>
							<String ID="string_327" HPOS="385" VPOS="1375" WIDTH="65" HEIGHT="24" WC="0.96" CONTENT="jemte"/><SP WIDTH="23" VPOS="1375" HPOS="450"/>
							<String ID="string_328" HPOS="473" VPOS="1374" WIDTH="133" HEIGHT="19" WC="0.96" CONTENT="återremiss?"/><SP WIDTH="34" VPOS="1374" HPOS="606"/>
							<String ID="string_329" HPOS="640" VPOS="1375" WIDTH="32" HEIGHT="19" WC="0.94" CONTENT="De"/><SP WIDTH="18" VPOS="1375" HPOS="672"/>
							<String ID="string_330" HPOS="690" VPOS="1381" WIDTH="43" HEIGHT="12" WC="0.95" CONTENT="som"/><SP WIDTH="19" VPOS="1381" HPOS="733"/>
							<String ID="string_331" HPOS="752" VPOS="1374" WIDTH="66" HEIGHT="19" WC="0.95" CONTENT="önska"/><SP WIDTH="16" VPOS="1374" HPOS="818"/>
							<String ID="string_332" HPOS="834" VPOS="1375" WIDTH="35" HEIGHT="19" WC="0.96" CONTENT="det"/><SP WIDTH="14" VPOS="1375" HPOS="869"/>
							<String ID="string_333" HPOS="883" VPOS="1375" WIDTH="55" HEIGHT="20" WC="0.96" CONTENT="förra"/>
						</TextLine>
						<TextLine ID="line_37" HPOS="178" VPOS="1408" WIDTH="625" HEIGHT="27">
							<String ID="string_334" HPOS="178" VPOS="1417" WIDTH="61" HEIGHT="13" WC="0.96" CONTENT="svara"/><SP WIDTH="13" VPOS="1417" HPOS="239"/>
							<String ID="string_335" HPOS="252" VPOS="1411" WIDTH="38" HEIGHT="24" WC="0.96" CONTENT="ja;"/><SP WIDTH="16" VPOS="1411" HPOS="290"/>
							<String ID="string_336" HPOS="306" VPOS="1409" WIDTH="25" HEIGHT="19" WC="0.96" CONTENT="de"/><SP WIDTH="16" VPOS="1409" HPOS="331"/>
							<String ID="string_337" HPOS="347" VPOS="1415" WIDTH="45" HEIGHT="15" WC="0.96" CONTENT="som"/><SP WIDTH="16" VPOS="1415" HPOS="392"/>
							<String ID="string_338" HPOS="408" VPOS="1410" WIDTH="53" HEIGHT="18" WC="0.96" CONTENT="rösta"/><SP WIDTH="19" VPOS="1410" HPOS="461"/>
							<String ID="string_339" HPOS="480" VPOS="1408" WIDTH="31" HEIGHT="19" WC="0.96" CONTENT="för"/><SP WIDTH="16" VPOS="1408" HPOS="511"/>
							<String ID="string_340" HPOS="527" VPOS="1408" WIDTH="36" HEIGHT="19" WC="0.96" CONTENT="det"/><SP WIDTH="14" VPOS="1408" HPOS="563"/>
							<String ID="string_341" HPOS="577" VPOS="1415" WIDTH="81" HEIGHT="20" WC="0.96" CONTENT="senare,"/><SP WIDTH="16" VPOS="1415" HPOS="658"/>
							<String ID="string_342" HPOS="674" VPOS="1415" WIDTH="63" HEIGHT="13" WC="0.95" CONTENT="svara"/><SP WIDTH="16" VPOS="1415" HPOS="737"/>
							<String ID="string_343" HPOS="753" VPOS="1409" WIDTH="50" HEIGHT="25" WC="0.94" CONTENT="nej."/>
						</TextLine>
					</TextBlock>
					<TextBlock ID="block_7" HPOS="247" VPOS="1441" WIDTH="690" HEIGHT="28">
						<TextLine ID="line_38" HPOS="247" VPOS="1441" WIDTH="690" HEIGHT="28">
							<String ID="string_344" HPOS="247" VPOS="1442" WIDTH="159" HEIGHT="27" WC="0.95" CONTENT="Propositionen"/><SP WIDTH="24" VPOS="1442" HPOS="406"/>
							<String ID="string_345" HPOS="430" VPOS="1441" WIDTH="127" HEIGHT="20" WC="0.95" CONTENT="besvarades"/><SP WIDTH="25" VPOS="1441" HPOS="557"/>
							<String ID="string_346" HPOS="582" VPOS="1443" WIDTH="46" HEIGHT="19" WC="0.93" CONTENT="med"/><SP WIDTH="24" VPOS="1443" HPOS="628"/>
							<String ID="string_347" HPOS="652" VPOS="1443" WIDTH="158" HEIGHT="25" WC="0.91" CONTENT="öfvervägande"/><SP WIDTH="13" VPOS="1443" HPOS="810"/>
							<String ID="string_348" HPOS="823" VPOS="1442" WIDTH="37" HEIGHT="26" WC="0.93" CONTENT="ja,"/><SP WIDTH="18" VPOS="1442" HPOS="860"/>
							<String ID="string_349" HPOS="878" VPOS="1443" WIDTH="59" HEIGHT="19" WC="0.93" CONTENT="hvar-"/>
						</TextLine>
					</TextBlock>
				</ComposedBlock>
			</PrintSpace>
		</Page>
	</Layout>
</alto>
