1070 1786
406 144 41 17 Den
459 144 22 17 16
494 144 60 23 April.
799 146 33 17 667

104 203 63 19 hafva
182 202 127 20 karakteren
324 202 23 20 af
360 202 84 26 bibana,
459 202 70 20 såsom
545 202 69 27 någon
630 202 69 27 yrkat.
730 203 71 26 Derpå
816 204 38 27 lig-

105 243 38 20 ger
164 236 54 20 dock
238 236 66 27 enligt
322 237 43 19 min
386 236 139 27 uppfattning,
545 237 18 26 ej
580 237 70 26 någon
667 237 120 26 väsendtlig
803 238 51 26 vigt,

106 277 34 13 om
156 277 48 14 man
220 271 53 20 blott
288 273 22 17 är
325 277 49 14 ense
390 277 34 14 om
440 272 29 18 att
485 270 72 21 Staten
574 271 36 19 bör
626 271 71 20 lemna
712 271 32 20 sin
759 271 94 20 medver-

107 304 41 20 kan
164 304 32 20 för
212 304 79 20 banans
306 304 125 27 byggande;
455 310 47 14 men
521 304 73 20 dervid
612 304 78 20 företer
710 305 32 26 sig
761 304 36 20 det
815 305 40 20 för-

107 338 105 26 hållande,
232 344 44 14 som
294 339 36 26 jag
343 339 43 25 just
406 338 54 20 hade
476 341 50 17 äran
543 341 118 23 omnämna,
678 340 30 18 att
722 338 36 27 lag
773 338 32 20 för
821 346 34 13 en-

107 372 69 20 skilda
198 372 150 20 koncessioner
366 373 19 25 ej
404 372 113 20 förefinnes
536 372 38 20 och
594 372 36 20 det
649 375 61 24 utgör
726 375 30 17 ett
773 373 82 26 hinder,

108 406 51 21 eller
181 406 41 20 kan
246 406 126 20 åtminstone
390 406 130 26 frambringa
536 406 76 20 tvekan
628 408 31 18 att
674 406 21 20 åt
713 406 92 21 enskildt
821 407 36 21 bo-

107 441 35 26 lag
157 440 131 20 öfverlemna
303 440 67 27 någon
387 440 65 20 banas
467 440 116 26 utförande,
599 441 124 25 isynnerhet
738 447 34 14 om
793 441 64 21 Stats-

109 474 84 20 verkets
216 474 112 20 understöd
352 474 69 20 dertill
441 474 106 20 behöfves.
578 475 40 19 För
635 475 43 19 min
694 475 34 20 del
746 482 62 14 anser
821 476 38 26 jag

109 508 88 26 säledes,
216 510 31 18 att
266 515 26 13 en
312 509 88 25 petition
419 508 78 26 derom,
516 510 29 18 att
564 509 32 19 för
611 508 141 21 Statsverkets
767 510 92 26 räkning

111 543 63 20 mätte
197 543 79 20 utföras
296 543 190 27 jernvägslinierna
509 543 31 19 till
560 543 141 20 Tammerfors
716 545 40 19 och
771 537 48 27 Äbo
835 547 24 17 är

111 578 23 19 af
147 577 158 20 förhällandena
319 577 109 26 päkallad;
448 584 47 13 men
509 578 37 25 jag
566 577 42 20 kan
624 578 18 25 ej
662 578 112 20 instämma
791 579 8 18 i
814 578 44 20 All-

111 614 77 17 männa
202 612 201 19 Besvärsutskottets
423 613 40 18 sätt
481 613 30 18 att
529 611 113 20 formulera
660 612 64 26 sagde
740 612 97 26 petition,
852 612 7 19 i

111 646 36 20 det
168 646 102 20 utskottet
292 645 92 26 föreslär,
407 647 29 18 att
459 646 126 26 petitionera
607 646 71 19 derom
700 647 30 18 att
745 652 26 14 en
789 645 71 27 Nädig

112 680 129 26 proposition
257 680 89 20 rörande
361 679 65 27 sagde
439 680 183 26 jernvägsföretag
638 680 67 20 skulle
719 686 28 13 nu
758 686 102 14 samman-

111 714 75 20 trädda
201 714 89 20 Ständer
304 714 125 26 föreläggas.
460 713 27 20 Sä
503 714 93 26 önskligt
610 714 37 20 det
661 716 26 17 än
699 720 51 14 vore
760 715 30 18 att
800 714 60 20 Stän-

112 748 64 20 derne
194 748 7 19 i
220 747 23 20 sä
266 748 79 26 vigtiga
370 748 40 19 och
437 747 129 21 omfattande
591 747 271 27 statshushällningsfrägor

113 789 44 13 som
173 782 69 20 denna
258 788 49 14 vore
313 778 12 35 i
344 782 82 20 tillfälle
442 784 30 17 att
487 782 81 26 grunda
583 782 34 19 sitt
634 782 68 20 beslut
717 782 27 26 pä
759 782 41 20 den
815 782 46 20 full-

113 817 120 27 ständigare
253 816 121 27 utredning,
385 822 47 14 man
451 816 22 20 af
489 823 26 13 en
536 816 69 27 Nädig
620 816 130 26 proposition
768 816 43 20 kan
827 816 35 20 be-

114 854 57 24 gära,
191 851 23 19 sä
233 853 23 17 är
275 850 34 20 det
329 850 54 20 dock
403 850 55 20 klart
472 852 31 18 att
519 856 24 14 en
560 850 64 20 sädan
641 850 98 20 anhällan
756 851 18 25 ej
791 850 71 20 kunde

115 885 89 25 bifallas,
221 884 27 20 dä
263 884 47 20 icke
326 884 77 26 mänga
418 884 78 19 veckor
511 884 24 19 af
551 884 128 27 landtdagen
698 884 95 20 äterstär.
823 884 41 20 Det

116 925 50 14 vore
182 918 82 21 säledes
280 920 30 18 att
324 918 81 20 riskera
420 918 47 20 hela
483 918 66 19 saken
565 925 33 13 om
619 918 41 20 den
676 918 120 27 föreslagna
811 919 52 26 peti-

116 953 71 20 tionen
206 954 88 25 antoges
314 953 6 18 i
340 952 39 20 den
396 952 24 20 af
433 952 101 20 utskottet
549 951 115 27 tillstyrkta
683 952 60 20 form.
773 952 40 27 Jag
829 959 35 13 an-

117 994 32 13 ser
169 987 95 20 deremot
282 988 30 18 att
329 986 117 20 Ständerne
466 986 66 20 borde
548 987 126 25 petitionera
689 993 32 13 om
738 988 31 18 att
786 986 79 27 Styrel-

116 1028 37 13 sen
168 1021 49 20 med
236 1021 26 20 de
278 1027 92 13 resurser
388 1020 116 20 Ständerne
521 1021 73 19 anvisa
609 1021 39 19 och
664 1020 66 20 under
745 1020 26 20 de
789 1020 76 26 vilkor,

116 1062 44 13 som
176 1055 36 20 det
226 1055 72 20 kunde
312 1055 65 19 blifva
394 1054 44 20 skäl
454 1056 30 18 att
499 1054 106 27 stipulera,
621 1054 49 20 ville
686 1054 72 20 skrida
771 1054 31 20 till
813 1054 53 27 byg-

117 1089 69 28 gande
201 1089 32 20 för
249 1089 139 20 Statsverkets
404 1088 90 27 räkning
509 1088 23 20 af
546 1088 66 20 banor
626 1088 32 20 till
674 1088 142 20 Tammerfors
827 1089 39 19 och

117 1117 54 33 Äbo,
195 1123 70 20 derest
289 1123 39 20 den
352 1123 31 19 för
402 1123 107 20 desamma
524 1125 56 17 ännu
595 1123 99 26 gällande
712 1122 153 21 koncessionen

118 1158 40 20 blir
174 1157 125 25 förverkad;
317 1157 39 20 och
376 1157 125 26 godkänner
518 1157 37 26 jag
575 1157 31 19 för
621 1157 64 26 öfrigt
699 1156 114 20 Allmänna
828 1157 39 20 Be-

119 1191 171 21 svärsutskottets
302 1191 82 19 erinran
394 1191 71 19 derom
473 1192 31 18 att
517 1191 36 19 det
567 1190 23 20 af
603 1183 47 27 Åbo
659 1191 47 19 stad
718 1190 103 26 erbjudna
831 1190 36 20 bo-

119 1226 88 27 lagskap
216 1225 32 20 för
256 1225 72 25 hvarje
338 1224 101 21 händelse
454 1224 34 20 mä
496 1224 23 20 af
532 1224 130 21 Statsverket
671 1226 59 25 tagas
747 1224 7 20 i
769 1224 99 27 anspråk.

187 1259 60 20 Hvad
271 1259 109 20 utskottets
404 1259 54 26 äsigt
481 1265 33 13 om
537 1259 67 19 banan
624 1259 31 19 till
672 1255 134 24 Österbotten
825 1259 44 20 vid-

120 1295 102 24 kommer,
238 1293 23 20 sä
277 1293 40 20 kan
331 1293 37 26 jag
384 1293 19 26 ej
420 1293 44 20 deri
480 1293 47 19 fullt
541 1293 73 20 förena
630 1293 50 26 mig.
709 1293 41 26 Jag
768 1299 62 13 anser
841 1294 30 18 att

120 1327 142 28 anläggandet
285 1327 23 20 af
327 1333 26 14 en
376 1326 56 21 bana
454 1327 45 19 frän
523 1327 141 20 Tammerfors
686 1327 32 20 till
744 1326 65 20 Wasa
831 1327 40 20 och

121 1359 135 23 Österbotten
277 1362 19 25 ej
315 1364 23 17 är
358 1367 26 14 en
401 1361 23 20 sä
440 1361 86 26 omöjlig
542 1361 39 20 och
597 1361 108 20 outförbar
720 1360 45 27 sak,
779 1362 32 18 att
826 1361 45 20 der-

122 1402 33 14 om
170 1396 54 19 intet
239 1395 72 20 vidare
329 1395 68 20 skulle
417 1395 71 20 kunna
503 1395 24 20 af
539 1401 27 13 nu
582 1395 126 20 församlade
728 1394 89 21 Ständer
831 1397 42 24 ytt-

123 1436 33 14 ras
172 1429 52 21 eller
240 1429 97 26 beslutas,
352 1432 26 16 än
394 1429 55 20 hvad
465 1429 101 20 utskottet
582 1429 37 20 har
638 1429 116 26 föreslagit.
783 1429 40 26 Jag
839 1429 35 20 be-
