1070 1786
431 153 41 18 Den
485 154 21 17 23
518 155 41 21 Maj.
804 155 45 18 1415

121 217 49 14 vore
195 211 43 20 helt
261 212 39 19 och
324 211 64 20 hållet
411 211 84 26 omödig.
525 211 40 26 Jag
588 211 60 20 sökte
663 212 32 19 för
710 212 42 19 min
769 213 34 19 del
819 215 52 24 göra

123 246 41 25 mig
187 245 134 20 underrättad
344 245 72 20 derom
440 245 38 20 hos
502 245 190 20 bankdirektionen
714 246 41 19 och
777 246 41 20 fick
835 247 36 20 det

119 286 53 18 svar,
188 282 30 17 att
233 280 90 25 tjensten
339 279 111 26 verkligen
467 279 113 25 behöfves;
596 279 54 20 dock
666 279 41 20 fick
720 280 38 26 jag
770 281 19 25 ej
802 280 65 26 några

123 314 157 26 upplysningar,
304 319 42 13 som
370 312 68 20 skulle
461 313 110 20 föranleda
594 313 30 19 till
648 313 65 27 högre
728 314 95 26 aflöning
838 314 32 20 för

122 348 91 26 tjensten
228 350 26 17 än
270 347 41 20 den
326 347 23 19 af
363 346 132 27 fullmäktige
511 347 125 26 föreslagna,
653 347 97 21 hvarföre
760 348 65 20 också
833 349 38 25 jag

124 382 46 19 med
187 382 41 19 min
244 383 44 18 röst
303 381 37 20 har
356 381 93 26 bidragit
463 380 31 20 till
511 381 36 20 det
561 381 93 26 resultat,
669 381 83 20 hvartill
763 382 109 20 Utskottet

125 416 6 19 i
147 416 70 20 denna
234 415 33 20 del
283 415 93 20 kommit.

192 450 64 19 Herr
278 449 125 20 Kiseleff:
432 449 41 26 Jag
489 448 36 21 ber
541 451 30 17 att
586 448 20 20 få
621 449 105 26 tillstyrka
742 450 129 26 antagandet

124 484 23 19 af
167 484 41 19 den
231 484 23 19 af
274 483 131 26 fullmäktige
429 483 120 26 föreslagna
571 485 46 23 stat,
633 483 93 26 hvilken,
742 484 67 26 enligt
824 484 45 20 full-

125 517 103 26 mäktiges
245 518 93 24 motiver,
354 517 92 27 grundar
461 518 32 25 sig
508 517 27 26 på
551 517 201 21 bankdirektionens
764 518 107 20 utlåtande

125 552 6 19 i
152 554 77 17 ämnet.
259 551 77 20 Likaså
353 551 95 20 förordar
463 552 38 26 jag
517 552 35 19 det
567 552 22 19 af
602 551 134 27 fullmäktige
752 552 120 27 föreslagna

125 588 41 17 sätt
184 588 30 17 att
231 586 74 20 belöna
320 585 58 20 äldre
393 586 125 25 tjenstemän
535 586 6 19 i
558 586 89 26 banken,
663 586 87 20 sålunda
765 589 30 17 att
811 587 60 19 desse

125 620 60 20 hvart
210 620 58 20 10:de
291 620 23 19 år
336 620 67 19 skulle
427 619 21 20 få
467 626 27 13 en
514 620 112 26 tillökning
645 620 7 19 i
672 620 68 20 lönen.
770 621 101 19 Deremot

125 654 65 20 måste
211 654 37 26 jag
271 654 32 20 för
322 654 42 19 min
380 653 33 20 del
430 653 88 20 alldeles
534 654 93 20 förkasta
642 654 172 20 Bankutskottets
830 656 40 18 för-

125 688 45 26 slag
193 694 33 14 om
249 688 109 26 utdelning
380 687 22 20 af
423 687 150 25 diskretioner;
595 688 61 20 dessa
676 688 72 20 kunna
767 689 18 25 ej
802 688 68 20 åstad-

127 722 84 20 komma
234 724 64 18 annat
319 724 25 18 än
368 724 30 17 ett
422 722 140 26 ögontjeneri,
577 728 43 14 som
636 722 68 27 aldrig
720 722 41 20 kan
777 722 49 20 leda
841 723 30 19 till

124 756 64 26 något
199 756 57 26 godt.
272 756 37 20 Att
318 756 26 20 de
356 756 65 26 högre
432 755 89 20 embets-
533 756 39 20 och
583 756 179 25 tjenstemännens
771 757 6 19 i
786 756 84 20 banken

125 790 59 20 löner
199 790 77 24 kunna,
290 790 105 26 jemförda
411 790 46 20 med
473 790 67 20 andra
556 790 136 24 tjenstemäns
708 790 42 20 tåla
765 793 30 17 att
806 791 65 26 höjas,

126 824 86 26 medger
228 824 38 26 jag
280 830 72 20 gerna;
368 830 47 13 men
432 824 72 20 härvid
521 824 59 20 torde
596 824 46 19 icke
659 824 51 20 böra
724 824 96 24 förbises,
835 827 36 23 att,

126 858 68 20 såsom
206 864 48 14 man
265 860 41 22 vet,
322 858 46 19 med
380 858 62 26 högst
454 858 21 20 få
485 858 107 26 undantag
603 858 270 26 bankdirektörsplatserna

126 892 73 19 hittills
218 893 19 25 ej
254 892 77 26 utgjort
345 893 65 18 annat
424 894 27 17 än
467 894 108 24 trappsteg
591 892 32 19 till
639 892 65 26 högre
719 892 98 20 embeten
833 892 39 19 och

125 927 30 18 att
170 925 68 27 aldrig
253 925 93 20 sökande
362 925 31 20 till
409 925 61 20 dessa
485 925 78 26 platser
577 925 91 20 saknats.

193 960 66 19 Herr
279 959 154 20 Wasenius:
464 955 69 24 Äfven
547 960 37 26 jag
601 959 35 20 ber
652 962 30 17 att
697 960 21 19 få
733 960 27 26 på
775 961 36 19 det
827 967 44 13 var-

126 996 66 18 maste
215 993 104 27 tillstyrka
338 993 130 26 antagandet
483 994 23 19 af
519 993 36 20 det
570 994 142 27 fullmäktiges
728 995 85 26 förslag,
829 1001 43 13 som

125 1028 115 25 inrymmes
263 1028 6 19 i
291 1027 115 20 Anmärkn.
431 1029 6 18 1
464 1028 31 19 till
519 1028 41 20 den
585 1028 23 19 af
628 1028 47 20 dem
691 1028 120 27 föreslagna
826 1032 46 17 stat.

125 1061 93 27 Specielt
240 1062 35 19 vill
292 1062 47 26 dag,
360 1062 5 19 i
386 1061 100 20 afseende
506 1061 13 20 å
534 1062 174 26 diskretionerna,
727 1063 72 20 hvilka
813 1064 58 25 jag
861 1057 14 36 i

125 1096 68 20 likhet
216 1096 46 20 med
286 1096 52 19 Herr
358 1096 89 19 Kiseleff
463 1095 112 27 afstyrker,
591 1096 116 26 framhålla,
722 1098 30 18 att
767 1097 108 20 Utskottet

127 1130 114 26 föreslagit,
264 1130 35 20 det
321 1130 62 19 dessa
406 1129 141 20 diskretioner
562 1129 68 20 skulle
646 1130 80 20 utdelas
742 1131 23 19 af
777 1131 96 20 fullmäk-

127 1164 50 27 tige.
207 1164 71 20 Skulle
302 1163 87 20 Ständet
411 1166 77 24 antaga
507 1163 174 26 diskretionerna,
696 1164 23 19 sä
735 1164 37 20 ber
784 1165 45 26 jag,
845 1167 30 18 att

126 1197 88 20 Ständet
229 1198 124 19 ätminstone
370 1196 64 20 mätte
450 1196 67 21 tilläta
527 1197 199 25 bankdirektionen,
738 1204 45 14 som
794 1200 79 18 utnäm-

125 1238 36 13 ner
184 1232 39 19 och
246 1231 96 20 tillsätter
364 1231 175 26 tjenstemännen,
556 1232 30 19 att
601 1230 61 21 äfven
678 1231 72 20 utdela
765 1232 109 20 diskretio-

128 1272 71 14 nerna.
230 1266 40 19 För
293 1265 71 26 hvarje
387 1264 112 20 affärsman
524 1264 65 21 måste
608 1265 35 20 det
658 1271 50 14 vara
722 1265 62 27 klart,
800 1268 31 17 att
846 1268 30 18 ett

128 1299 87 26 biträde,
238 1305 44 15 som
306 1299 32 19 väl
355 1298 71 20 sköter
442 1299 40 19 den
499 1298 54 27 plats
569 1299 41 19 han
625 1299 95 25 innehar,
736 1299 55 20 dock
807 1299 27 27 på
849 1307 25 12 en

126 1340 69 13 annan
212 1333 54 26 plats
282 1333 40 20 kan
339 1339 50 13 vara
405 1332 80 20 mindre
501 1333 101 26 lämpligt.
632 1333 29 19 På
676 1333 65 20 sådan
757 1334 67 25 grund
835 1334 40 20 och

126 1368 27 19 då
168 1368 36 19 det
219 1371 23 16 är
257 1368 23 19 af
293 1367 44 26 vigt
352 1367 31 19 för
400 1366 91 26 banken,
507 1369 30 17 att
552 1367 62 19 äfven
630 1367 26 19 de
672 1367 56 26 lägre
740 1368 135 25 tjenstemän-

125 1408 41 13 nen
182 1401 34 20 väl
233 1401 52 26 fylla
300 1401 45 19 sina
360 1401 86 26 platser,
461 1400 38 20 bör
515 1400 67 27 enligt
597 1401 42 19 min
651 1401 134 27 uppfattning
796 1402 21 19 åt
828 1403 47 19 dem

125 1436 68 25 gifvas
217 1437 145 24 uppmuntran,
382 1435 18 25 ej
421 1441 76 19 genom
515 1435 110 19 befordran
642 1435 31 19 till
689 1435 84 27 platser,
789 1443 44 13 som
850 1437 25 20 de

173 1470 60 18 Vällofi.
246 1469 138 21 borgareståndets
394 1470 83 19 protokoll
489 1470 95 20 landtdagen
598 1471 48 15 1872.
832 1469 23 18 9
