<?xml version="1.0" encoding="UTF-8"?>
<alto xmlns="http://www.loc.gov/standards/alto/ns-v3#" xmlns:xlink="http://www.w3.org/1999/xlink" xmlns:xsi="http://www.w3.org/2001/XMLSchema-instance" xsi:schemaLocation="http://www.loc.gov/standards/alto/ns-v3# http://www.loc.gov/alto/v3/alto-3-0.xsd">
	<Description>
		<MeasurementUnit>pixel</MeasurementUnit>
		<sourceImageInformation>
			<fileName>/tmp/tess_8r2oeg67_input.PNG</fileName>
		</sourceImageInformation>
		<OCRProcessing ID="OCR_0">
			<ocrProcessingStep>
				<processingSoftware>
					<softwareName>tesseract 5.3.4</softwareName>
				</processingSoftware>
			</ocrProcessingStep>
		</OCRProcessing>
	</Description>
	<Layout>
		<Page WIDTH="1070" HEIGHT="1786" PHYSICAL_IMG_NR="0" ID="page_0">
			<PrintSpace HPOS="0" VPOS="0" WIDTH="1070" HEIGHT="1786">
				<ComposedBlock ID="cblock_0" HPOS="216" VPOS="137" WIDTH="433" HEIGHT="24">
					<TextBlock ID="block_0" HPOS="216" VPOS="137" WIDTH="433" HEIGHT="24">
						<TextLine ID="line_0" HPOS="216" VPOS="137" WIDTH="433" HEIGHT="24">
							<String ID="string_0" HPOS="216" VPOS="139" WIDTH="34" HEIGHT="18" WC="0.78" CONTENT="726"/><SP WIDTH="253" VPOS="139" HPOS="250"/>
							<String ID="string_1" HPOS="503" VPOS="139" WIDTH="40" HEIGHT="16" WC="0.96" CONTENT="Den"/><SP WIDTH="13" VPOS="139" HPOS="543"/>
							<String ID="string_2" HPOS="556" VPOS="139" WIDTH="22" HEIGHT="16" WC="0.96" CONTENT="20"/><SP WIDTH="12" VPOS="139" HPOS="578"/>
							<String ID="string_3" HPOS="590" VPOS="137" WIDTH="59" HEIGHT="24" WC="0.95" CONTENT="April."/>
						</TextLine>
					</TextBlock>
				</ComposedBlock>
				<ComposedBlock ID="cblock_1" HPOS="196" VPOS="196" WIDTH="762" HEIGHT="1255">
					<TextBlock ID="block_1" HPOS="196" VPOS="196" WIDTH="752" HEIGHT="505">
						<TextLine ID="line_1" HPOS="196" VPOS="196" WIDTH="750" HEIGHT="27">
							<String ID="string_4" HPOS="196" VPOS="198" WIDTH="80" HEIGHT="21" WC="0.96" CONTENT="million"/><SP WIDTH="18" VPOS="198" HPOS="276"/>
							<String ID="string_5" HPOS="294" VPOS="196" WIDTH="58" HEIGHT="20" WC="0.93" CONTENT="mark"/><SP WIDTH="17" VPOS="196" HPOS="352"/>
							<String ID="string_6" HPOS="369" VPOS="196" WIDTH="12" HEIGHT="20" WC="0.93" CONTENT="&amp;"/><SP WIDTH="16" VPOS="196" HPOS="381"/>
							<String ID="string_7" HPOS="397" VPOS="196" WIDTH="100" HEIGHT="19" WC="0.96" CONTENT="Finlands"/><SP WIDTH="20" VPOS="196" HPOS="497"/>
							<String ID="string_8" HPOS="517" VPOS="196" WIDTH="56" HEIGHT="20" WC="0.96" CONTENT="bank"/><SP WIDTH="20" VPOS="196" HPOS="573"/>
							<String ID="string_9" HPOS="593" VPOS="196" WIDTH="31" HEIGHT="20" WC="0.94" CONTENT="till"/><SP WIDTH="16" VPOS="196" HPOS="624"/>
							<String ID="string_10" HPOS="640" VPOS="196" WIDTH="118" HEIGHT="26" WC="0.96" CONTENT="Styrelsens"/><SP WIDTH="20" VPOS="196" HPOS="758"/>
							<String ID="string_11" HPOS="778" VPOS="197" WIDTH="123" HEIGHT="26" WC="0.96" CONTENT="förfogande"/><SP WIDTH="16" VPOS="197" HPOS="901"/>
							<String ID="string_12" HPOS="917" VPOS="198" WIDTH="29" HEIGHT="18" WC="0.97" CONTENT="att"/>
						</TextLine>
						<TextLine ID="line_2" HPOS="196" VPOS="230" WIDTH="750" HEIGHT="29">
							<String ID="string_13" HPOS="196" VPOS="232" WIDTH="56" HEIGHT="27" WC="0.93" CONTENT="gälla"/><SP WIDTH="22" VPOS="232" HPOS="252"/>
							<String ID="string_14" HPOS="274" VPOS="231" WIDTH="55" HEIGHT="20" WC="0.89" CONTENT="intill"/><SP WIDTH="25" VPOS="231" HPOS="329"/>
							<String ID="string_15" HPOS="354" VPOS="231" WIDTH="52" HEIGHT="19" WC="0.90" CONTENT="1877"/><SP WIDTH="27" VPOS="231" HPOS="406"/>
							<String ID="string_16" HPOS="433" VPOS="231" WIDTH="33" HEIGHT="19" WC="0.90" CONTENT="ärs"/><SP WIDTH="23" VPOS="231" HPOS="466"/>
							<String ID="string_17" HPOS="489" VPOS="230" WIDTH="79" HEIGHT="27" WC="0.91" CONTENT="utgäng"/><SP WIDTH="16" VPOS="230" HPOS="568"/>
							<String ID="string_18" HPOS="584" VPOS="231" WIDTH="6" HEIGHT="19" WC="0.94" CONTENT="i"/><SP WIDTH="17" VPOS="231" HPOS="590"/>
							<String ID="string_19" HPOS="607" VPOS="231" WIDTH="37" HEIGHT="19" WC="0.95" CONTENT="och"/><SP WIDTH="24" VPOS="231" HPOS="644"/>
							<String ID="string_20" HPOS="668" VPOS="231" WIDTH="32" HEIGHT="19" WC="0.93" CONTENT="för"/><SP WIDTH="23" VPOS="231" HPOS="700"/>
							<String ID="string_21" HPOS="723" VPOS="231" WIDTH="134" HEIGHT="20" WC="0.89" CONTENT="oförutsedda"/><SP WIDTH="20" VPOS="231" HPOS="857"/>
							<String ID="string_22" HPOS="877" VPOS="231" WIDTH="69" HEIGHT="25" WC="0.90" CONTENT="behof,"/>
						</TextLine>
						<TextLine ID="line_3" HPOS="197" VPOS="264" WIDTH="748" HEIGHT="27">
							<String ID="string_23" HPOS="197" VPOS="267" WIDTH="47" HEIGHT="19" WC="0.91" CONTENT="med"/><SP WIDTH="17" VPOS="267" HPOS="244"/>
							<String ID="string_24" HPOS="261" VPOS="265" WIDTH="68" HEIGHT="20" WC="0.96" CONTENT="vilkor"/><SP WIDTH="16" VPOS="265" HPOS="329"/>
							<String ID="string_25" HPOS="345" VPOS="266" WIDTH="30" HEIGHT="18" WC="0.93" CONTENT="att"/><SP WIDTH="15" VPOS="266" HPOS="375"/>
							<String ID="string_26" HPOS="390" VPOS="264" WIDTH="137" HEIGHT="24" WC="0.92" CONTENT="Statsverket,"/><SP WIDTH="20" VPOS="264" HPOS="527"/>
							<String ID="string_27" HPOS="547" VPOS="271" WIDTH="43" HEIGHT="14" WC="0.91" CONTENT="som"/><SP WIDTH="21" VPOS="271" HPOS="590"/>
							<String ID="string_28" HPOS="611" VPOS="265" WIDTH="79" HEIGHT="20" WC="0.96" CONTENT="befriad"/><SP WIDTH="20" VPOS="265" HPOS="690"/>
							<String ID="string_29" HPOS="710" VPOS="265" WIDTH="45" HEIGHT="19" WC="0.96" CONTENT="från"/><SP WIDTH="20" VPOS="265" HPOS="755"/>
							<String ID="string_30" HPOS="775" VPOS="265" WIDTH="68" HEIGHT="26" WC="0.95" CONTENT="öfriga"/><SP WIDTH="19" VPOS="265" HPOS="843"/>
							<String ID="string_31" HPOS="862" VPOS="265" WIDTH="31" HEIGHT="19" WC="0.93" CONTENT="för"/><SP WIDTH="16" VPOS="265" HPOS="893"/>
							<String ID="string_32" HPOS="909" VPOS="265" WIDTH="36" HEIGHT="26" WC="0.93" CONTENT="dy-"/>
						</TextLine>
						<TextLine ID="line_4" HPOS="197" VPOS="299" WIDTH="748" HEIGHT="26">
							<String ID="string_33" HPOS="197" VPOS="301" WIDTH="43" HEIGHT="19" WC="0.96" CONTENT="lika"/><SP WIDTH="16" VPOS="301" HPOS="240"/>
							<String ID="string_34" HPOS="256" VPOS="300" WIDTH="34" HEIGHT="19" WC="0.93" CONTENT="län"/><SP WIDTH="16" VPOS="300" HPOS="290"/>
							<String ID="string_35" HPOS="306" VPOS="299" WIDTH="109" HEIGHT="20" WC="0.88" CONTENT="bestämda"/><SP WIDTH="18" VPOS="299" HPOS="415"/>
							<String ID="string_36" HPOS="433" VPOS="299" WIDTH="90" HEIGHT="25" WC="0.90" CONTENT="afgifter,"/><SP WIDTH="19" VPOS="299" HPOS="523"/>
							<String ID="string_37" HPOS="542" VPOS="299" WIDTH="12" HEIGHT="19" WC="0.91" CONTENT="å"/><SP WIDTH="15" VPOS="299" HPOS="554"/>
							<String ID="string_38" HPOS="569" VPOS="299" WIDTH="35" HEIGHT="19" WC="0.93" CONTENT="det"/><SP WIDTH="19" VPOS="299" HPOS="604"/>
							<String ID="string_39" HPOS="623" VPOS="299" WIDTH="80" HEIGHT="26" WC="0.92" CONTENT="lyftade"/><SP WIDTH="22" VPOS="299" HPOS="703"/>
							<String ID="string_40" HPOS="725" VPOS="299" WIDTH="98" HEIGHT="26" WC="0.96" CONTENT="beloppet"/><SP WIDTH="15" VPOS="299" HPOS="823"/>
							<String ID="string_41" HPOS="838" VPOS="300" WIDTH="23" HEIGHT="18" WC="0.93" CONTENT="af"/><SP WIDTH="15" VPOS="300" HPOS="861"/>
							<String ID="string_42" HPOS="876" VPOS="299" WIDTH="69" HEIGHT="19" WC="0.92" CONTENT="kredi-"/>
						</TextLine>
						<TextLine ID="line_5" HPOS="197" VPOS="333" WIDTH="749" HEIGHT="27">
							<String ID="string_43" HPOS="197" VPOS="336" WIDTH="53" HEIGHT="18" WC="0.93" CONTENT="tivet"/><SP WIDTH="14" VPOS="336" HPOS="250"/>
							<String ID="string_44" HPOS="264" VPOS="334" WIDTH="97" HEIGHT="26" WC="0.96" CONTENT="erlägger"/><SP WIDTH="15" VPOS="334" HPOS="361"/>
							<String ID="string_45" HPOS="376" VPOS="335" WIDTH="31" HEIGHT="17" WC="0.93" CONTENT="tre"/><SP WIDTH="16" VPOS="335" HPOS="407"/>
							<String ID="string_46" HPOS="423" VPOS="335" WIDTH="97" HEIGHT="23" WC="0.96" CONTENT="procents"/><SP WIDTH="21" VPOS="335" HPOS="520"/>
							<String ID="string_47" HPOS="541" VPOS="333" WIDTH="52" HEIGHT="26" WC="0.95" CONTENT="årlig"/><SP WIDTH="18" VPOS="333" HPOS="593"/>
							<String ID="string_48" HPOS="611" VPOS="334" WIDTH="79" HEIGHT="19" WC="0.92" CONTENT="ränta”."/><SP WIDTH="31" VPOS="334" HPOS="690"/>
							<String ID="string_49" HPOS="721" VPOS="333" WIDTH="92" HEIGHT="20" WC="0.73" CONTENT="Sålunda"/><SP WIDTH="19" VPOS="333" HPOS="813"/>
							<String ID="string_50" HPOS="832" VPOS="333" WIDTH="67" HEIGHT="19" WC="0.93" CONTENT="skulle"/><SP WIDTH="18" VPOS="333" HPOS="899"/>
							<String ID="string_51" HPOS="917" VPOS="333" WIDTH="29" HEIGHT="19" WC="0.93" CONTENT="äf-"/>
						</TextLine>
						<TextLine ID="line_6" HPOS="198" VPOS="367" WIDTH="748" HEIGHT="26">
							<String ID="string_52" HPOS="198" VPOS="376" WIDTH="40" HEIGHT="12" WC="0.93" CONTENT="ven"/><SP WIDTH="16" VPOS="376" HPOS="238"/>
							<String ID="string_53" HPOS="254" VPOS="368" WIDTH="114" HEIGHT="20" WC="0.92" CONTENT="kreditivet"/><SP WIDTH="18" VPOS="368" HPOS="368"/>
							<String ID="string_54" HPOS="386" VPOS="367" WIDTH="129" HEIGHT="26" WC="0.96" CONTENT="fullkomligt"/><SP WIDTH="20" VPOS="367" HPOS="515"/>
							<String ID="string_55" HPOS="535" VPOS="367" WIDTH="76" HEIGHT="20" WC="0.96" CONTENT="förlora"/><SP WIDTH="15" VPOS="367" HPOS="611"/>
							<String ID="string_56" HPOS="626" VPOS="368" WIDTH="81" HEIGHT="19" WC="0.96" CONTENT="formen"/><SP WIDTH="16" VPOS="368" HPOS="707"/>
							<String ID="string_57" HPOS="723" VPOS="367" WIDTH="23" HEIGHT="19" WC="0.96" CONTENT="af"/><SP WIDTH="13" VPOS="367" HPOS="746"/>
							<String ID="string_58" HPOS="759" VPOS="374" WIDTH="25" HEIGHT="12" WC="0.96" CONTENT="en"/><SP WIDTH="20" VPOS="374" HPOS="784"/>
							<String ID="string_59" HPOS="804" VPOS="367" WIDTH="142" HEIGHT="25" WC="0.96" CONTENT="undsättning,"/>
						</TextLine>
						<TextLine ID="line_7" HPOS="198" VPOS="401" WIDTH="747" HEIGHT="26">
							<String ID="string_60" HPOS="198" VPOS="409" WIDTH="44" HEIGHT="13" WC="0.96" CONTENT="som"/><SP WIDTH="24" VPOS="409" HPOS="242"/>
							<String ID="string_61" HPOS="266" VPOS="402" WIDTH="36" HEIGHT="19" WC="0.96" CONTENT="det"/><SP WIDTH="22" VPOS="402" HPOS="302"/>
							<String ID="string_62" HPOS="324" VPOS="402" WIDTH="62" HEIGHT="25" WC="0.96" CONTENT="eljest"/><SP WIDTH="18" VPOS="402" HPOS="386"/>
							<String ID="string_63" HPOS="404" VPOS="402" WIDTH="3" HEIGHT="18" WC="0.96" CONTENT="i"/><SP WIDTH="16" VPOS="402" HPOS="407"/>
							<String ID="string_64" HPOS="423" VPOS="401" WIDTH="40" HEIGHT="19" WC="0.96" CONTENT="den"/><SP WIDTH="22" VPOS="401" HPOS="463"/>
							<String ID="string_65" HPOS="485" VPOS="408" WIDTH="27" HEIGHT="12" WC="0.91" CONTENT="nu"/><SP WIDTH="24" VPOS="408" HPOS="512"/>
							<String ID="string_66" HPOS="536" VPOS="401" WIDTH="146" HEIGHT="26" WC="0.91" CONTENT="projekterade"/><SP WIDTH="24" VPOS="401" HPOS="682"/>
							<String ID="string_67" HPOS="706" VPOS="402" WIDTH="80" HEIGHT="19" WC="0.95" CONTENT="formen"/><SP WIDTH="28" VPOS="402" HPOS="786"/>
							<String ID="string_68" HPOS="814" VPOS="401" WIDTH="84" HEIGHT="19" WC="0.95" CONTENT="komme"/><SP WIDTH="19" VPOS="401" HPOS="898"/>
							<String ID="string_69" HPOS="917" VPOS="402" WIDTH="28" HEIGHT="17" WC="0.96" CONTENT="att"/>
						</TextLine>
						<TextLine ID="line_8" HPOS="198" VPOS="434" WIDTH="747" HEIGHT="27">
							<String ID="string_70" HPOS="198" VPOS="437" WIDTH="69" HEIGHT="19" WC="0.92" CONTENT="hafva."/><SP WIDTH="30" VPOS="437" HPOS="267"/>
							<String ID="string_71" HPOS="297" VPOS="436" WIDTH="41" HEIGHT="19" WC="0.95" CONTENT="För"/><SP WIDTH="20" VPOS="436" HPOS="338"/>
							<String ID="string_72" HPOS="358" VPOS="436" WIDTH="42" HEIGHT="19" WC="0.95" CONTENT="min"/><SP WIDTH="20" VPOS="436" HPOS="400"/>
							<String ID="string_73" HPOS="420" VPOS="435" WIDTH="34" HEIGHT="20" WC="0.96" CONTENT="del"/><SP WIDTH="20" VPOS="435" HPOS="454"/>
							<String ID="string_74" HPOS="474" VPOS="442" WIDTH="61" HEIGHT="13" WC="0.96" CONTENT="anser"/><SP WIDTH="18" VPOS="442" HPOS="535"/>
							<String ID="string_75" HPOS="553" VPOS="436" WIDTH="36" HEIGHT="25" WC="0.96" CONTENT="jag"/><SP WIDTH="16" VPOS="436" HPOS="589"/>
							<String ID="string_76" HPOS="605" VPOS="436" WIDTH="26" HEIGHT="20" WC="0.96" CONTENT="de"/><SP WIDTH="16" VPOS="436" HPOS="631"/>
							<String ID="string_77" HPOS="647" VPOS="436" WIDTH="23" HEIGHT="19" WC="0.93" CONTENT="af"/><SP WIDTH="13" VPOS="436" HPOS="670"/>
							<String ID="string_78" HPOS="683" VPOS="438" WIDTH="166" HEIGHT="22" WC="0.91" CONTENT="reservanterne,"/><SP WIDTH="16" VPOS="438" HPOS="849"/>
							<String ID="string_79" HPOS="865" VPOS="434" WIDTH="80" HEIGHT="20" WC="0.92" CONTENT="Profes-"/>
						</TextLine>
						<TextLine ID="line_9" HPOS="199" VPOS="468" WIDTH="749" HEIGHT="28">
							<String ID="string_80" HPOS="199" VPOS="477" WIDTH="33" HEIGHT="13" WC="0.96" CONTENT="sor"/><SP WIDTH="23" VPOS="477" HPOS="232"/>
							<String ID="string_81" HPOS="255" VPOS="470" WIDTH="99" HEIGHT="20" WC="0.96" CONTENT="Forsman"/><SP WIDTH="25" VPOS="470" HPOS="354"/>
							<String ID="string_82" HPOS="379" VPOS="470" WIDTH="47" HEIGHT="19" WC="0.95" CONTENT="med"/><SP WIDTH="23" VPOS="470" HPOS="426"/>
							<String ID="string_83" HPOS="449" VPOS="469" WIDTH="51" HEIGHT="20" WC="0.95" CONTENT="flere"/><SP WIDTH="23" VPOS="469" HPOS="500"/>
							<String ID="string_84" HPOS="523" VPOS="470" WIDTH="91" HEIGHT="19" WC="0.93" CONTENT="uttalade"/><SP WIDTH="20" VPOS="470" HPOS="614"/>
							<String ID="string_85" HPOS="634" VPOS="470" WIDTH="78" HEIGHT="26" WC="0.92" CONTENT="åsigter"/><SP WIDTH="16" VPOS="470" HPOS="712"/>
							<String ID="string_86" HPOS="728" VPOS="470" WIDTH="89" HEIGHT="25" WC="0.92" CONTENT="förtjena"/><SP WIDTH="16" VPOS="470" HPOS="817"/>
							<String ID="string_87" HPOS="833" VPOS="469" WIDTH="40" HEIGHT="20" WC="0.91" CONTENT="den"/><SP WIDTH="16" VPOS="469" HPOS="873"/>
							<String ID="string_88" HPOS="889" VPOS="468" WIDTH="59" HEIGHT="20" WC="0.91" CONTENT="aldra"/>
						</TextLine>
						<TextLine ID="line_10" HPOS="199" VPOS="503" WIDTH="748" HEIGHT="27">
							<String ID="string_89" HPOS="199" VPOS="506" WIDTH="76" HEIGHT="18" WC="0.91" CONTENT="slörsta"/><SP WIDTH="15" VPOS="506" HPOS="275"/>
							<String ID="string_90" HPOS="290" VPOS="503" WIDTH="191" HEIGHT="27" WC="0.96" CONTENT="uppmärksamhet."/><SP WIDTH="30" VPOS="503" HPOS="481"/>
							<String ID="string_91" HPOS="511" VPOS="504" WIDTH="41" HEIGHT="19" WC="0.95" CONTENT="För"/><SP WIDTH="16" VPOS="504" HPOS="552"/>
							<String ID="string_92" HPOS="568" VPOS="506" WIDTH="29" HEIGHT="17" WC="0.96" CONTENT="att"/><SP WIDTH="16" VPOS="506" HPOS="597"/>
							<String ID="string_93" HPOS="613" VPOS="504" WIDTH="93" HEIGHT="20" WC="0.96" CONTENT="undvika"/><SP WIDTH="19" VPOS="504" HPOS="706"/>
							<String ID="string_94" HPOS="725" VPOS="504" WIDTH="74" HEIGHT="19" WC="0.96" CONTENT="skenet"/><SP WIDTH="18" VPOS="504" HPOS="799"/>
							<String ID="string_95" HPOS="817" VPOS="504" WIDTH="23" HEIGHT="19" WC="0.96" CONTENT="af"/><SP WIDTH="13" VPOS="504" HPOS="840"/>
							<String ID="string_96" HPOS="853" VPOS="505" WIDTH="30" HEIGHT="18" WC="0.93" CONTENT="att"/><SP WIDTH="17" VPOS="505" HPOS="883"/>
							<String ID="string_97" HPOS="900" VPOS="503" WIDTH="47" HEIGHT="19" WC="0.93" CONTENT="kre-"/>
						</TextLine>
						<TextLine ID="line_11" HPOS="200" VPOS="537" WIDTH="748" HEIGHT="27">
							<String ID="string_98" HPOS="200" VPOS="539" WIDTH="75" HEIGHT="19" WC="0.92" CONTENT="ditivet"/><SP WIDTH="22" VPOS="539" HPOS="275"/>
							<String ID="string_99" HPOS="297" VPOS="538" WIDTH="68" HEIGHT="19" WC="0.96" CONTENT="skulle"/><SP WIDTH="22" VPOS="538" HPOS="365"/>
							<String ID="string_100" HPOS="387" VPOS="544" WIDTH="50" HEIGHT="13" WC="0.95" CONTENT="vara"/><SP WIDTH="22" VPOS="544" HPOS="437"/>
							<String ID="string_101" HPOS="459" VPOS="538" WIDTH="177" HEIGHT="26" WC="0.93" CONTENT="hufvudsakligen"/><SP WIDTH="23" VPOS="538" HPOS="636"/>
							<String ID="string_102" HPOS="659" VPOS="538" WIDTH="67" HEIGHT="26" WC="0.93" CONTENT="gifvet"/><SP WIDTH="19" VPOS="538" HPOS="726"/>
							<String ID="string_103" HPOS="745" VPOS="538" WIDTH="31" HEIGHT="20" WC="0.96" CONTENT="för"/><SP WIDTH="19" VPOS="538" HPOS="776"/>
							<String ID="string_104" HPOS="795" VPOS="540" WIDTH="30" HEIGHT="18" WC="0.93" CONTENT="att"/><SP WIDTH="16" VPOS="540" HPOS="825"/>
							<String ID="string_105" HPOS="841" VPOS="537" WIDTH="107" HEIGHT="26" WC="0.92" CONTENT="bispringa"/>
						</TextLine>
						<TextLine ID="line_12" HPOS="202" VPOS="571" WIDTH="744" HEIGHT="22">
							<String ID="string_106" HPOS="202" VPOS="573" WIDTH="66" HEIGHT="20" WC="0.93" CONTENT="under"/><SP WIDTH="16" VPOS="573" HPOS="268"/>
							<String ID="string_107" HPOS="284" VPOS="571" WIDTH="126" HEIGHT="21" WC="0.92" CONTENT="missvextår"/><SP WIDTH="15" VPOS="571" HPOS="410"/>
							<String ID="string_108" HPOS="425" VPOS="571" WIDTH="39" HEIGHT="20" WC="0.93" CONTENT="och"/><SP WIDTH="16" VPOS="571" HPOS="464"/>
							<String ID="string_109" HPOS="480" VPOS="572" WIDTH="69" HEIGHT="20" WC="0.90" CONTENT="afleda"/><SP WIDTH="16" VPOS="572" HPOS="549"/>
							<String ID="string_110" HPOS="565" VPOS="573" WIDTH="68" HEIGHT="19" WC="0.96" CONTENT="nöden"/><SP WIDTH="20" VPOS="573" HPOS="633"/>
							<String ID="string_111" HPOS="653" VPOS="573" WIDTH="39" HEIGHT="20" WC="0.96" CONTENT="och"/><SP WIDTH="19" VPOS="573" HPOS="692"/>
							<String ID="string_112" HPOS="711" VPOS="573" WIDTH="81" HEIGHT="20" WC="0.96" CONTENT="således"/><SP WIDTH="16" VPOS="573" HPOS="792"/>
							<String ID="string_113" HPOS="808" VPOS="579" WIDTH="50" HEIGHT="12" WC="0.95" CONTENT="vara"/><SP WIDTH="14" VPOS="579" HPOS="858"/>
							<String ID="string_114" HPOS="872" VPOS="571" WIDTH="74" HEIGHT="20" WC="0.95" CONTENT="liksom"/>
						</TextLine>
						<TextLine ID="line_13" HPOS="201" VPOS="605" WIDTH="747" HEIGHT="28">
							<String ID="string_115" HPOS="201" VPOS="614" WIDTH="26" HEIGHT="12" WC="0.96" CONTENT="en"/><SP WIDTH="17" VPOS="614" HPOS="227"/>
							<String ID="string_116" HPOS="244" VPOS="606" WIDTH="112" HEIGHT="26" WC="0.96" CONTENT="upphängd"/><SP WIDTH="16" VPOS="606" HPOS="356"/>
							<String ID="string_117" HPOS="372" VPOS="605" WIDTH="63" HEIGHT="26" WC="0.94" CONTENT="skylt,"/><SP WIDTH="17" VPOS="605" HPOS="435"/>
							<String ID="string_118" HPOS="452" VPOS="612" WIDTH="25" HEIGHT="13" WC="0.95" CONTENT="en"/><SP WIDTH="17" VPOS="612" HPOS="477"/>
							<String ID="string_119" HPOS="494" VPOS="606" WIDTH="128" HEIGHT="27" WC="0.96" CONTENT="uppmaning"/><SP WIDTH="16" VPOS="606" HPOS="622"/>
							<String ID="string_120" HPOS="638" VPOS="607" WIDTH="32" HEIGHT="19" WC="0.93" CONTENT="för"/><SP WIDTH="15" VPOS="607" HPOS="670"/>
							<String ID="string_121" HPOS="685" VPOS="607" WIDTH="79" HEIGHT="19" WC="0.92" CONTENT="enhvar"/><SP WIDTH="15" VPOS="607" HPOS="764"/>
							<String ID="string_122" HPOS="779" VPOS="608" WIDTH="30" HEIGHT="18" WC="0.96" CONTENT="att"/><SP WIDTH="16" VPOS="608" HPOS="809"/>
							<String ID="string_123" HPOS="825" VPOS="606" WIDTH="69" HEIGHT="19" WC="0.96" CONTENT="fordra"/><SP WIDTH="15" VPOS="606" HPOS="894"/>
							<String ID="string_124" HPOS="909" VPOS="605" WIDTH="39" HEIGHT="19" WC="0.96" CONTENT="och"/>
						</TextLine>
						<TextLine ID="line_14" HPOS="202" VPOS="639" WIDTH="746" HEIGHT="28">
							<String ID="string_125" HPOS="202" VPOS="642" WIDTH="31" HEIGHT="19" WC="0.96" CONTENT="för"/><SP WIDTH="16" VPOS="642" HPOS="233"/>
							<String ID="string_126" HPOS="249" VPOS="640" WIDTH="107" HEIGHT="27" WC="0.96" CONTENT="Styrelsen"/><SP WIDTH="16" VPOS="640" HPOS="356"/>
							<String ID="string_127" HPOS="372" VPOS="642" WIDTH="31" HEIGHT="17" WC="0.96" CONTENT="att"/><SP WIDTH="15" VPOS="642" HPOS="403"/>
							<String ID="string_128" HPOS="418" VPOS="640" WIDTH="57" HEIGHT="26" WC="0.96" CONTENT="gifva"/><SP WIDTH="16" VPOS="640" HPOS="475"/>
							<String ID="string_129" HPOS="491" VPOS="640" WIDTH="119" HEIGHT="26" WC="0.96" CONTENT="understöd,"/><SP WIDTH="16" VPOS="640" HPOS="610"/>
							<String ID="string_130" HPOS="626" VPOS="640" WIDTH="37" HEIGHT="20" WC="0.96" CONTENT="har"/><SP WIDTH="13" VPOS="640" HPOS="663"/>
							<String ID="string_131" HPOS="676" VPOS="642" WIDTH="37" HEIGHT="25" WC="0.96" CONTENT="jag"/><SP WIDTH="16" VPOS="642" HPOS="713"/>
							<String ID="string_132" HPOS="729" VPOS="640" WIDTH="107" HEIGHT="26" WC="0.96" CONTENT="föreslagit"/><SP WIDTH="15" VPOS="640" HPOS="836"/>
							<String ID="string_133" HPOS="851" VPOS="640" WIDTH="40" HEIGHT="19" WC="0.93" CONTENT="den"/><SP WIDTH="17" VPOS="640" HPOS="891"/>
							<String ID="string_134" HPOS="908" VPOS="639" WIDTH="40" HEIGHT="20" WC="0.91" CONTENT="for-"/>
						</TextLine>
						<TextLine ID="line_15" HPOS="203" VPOS="674" WIDTH="548" HEIGHT="27">
							<String ID="string_135" HPOS="203" VPOS="676" WIDTH="110" HEIGHT="25" WC="0.90" CONTENT="mulering,"/><SP WIDTH="16" VPOS="676" HPOS="313"/>
							<String ID="string_136" HPOS="329" VPOS="674" WIDTH="87" HEIGHT="20" WC="0.96" CONTENT="hvilken"/><SP WIDTH="14" VPOS="674" HPOS="416"/>
							<String ID="string_137" HPOS="430" VPOS="674" WIDTH="36" HEIGHT="26" WC="0.96" CONTENT="jag"/><SP WIDTH="17" VPOS="674" HPOS="466"/>
							<String ID="string_138" HPOS="483" VPOS="681" WIDTH="48" HEIGHT="19" WC="0.95" CONTENT="nyss"/><SP WIDTH="16" VPOS="681" HPOS="531"/>
							<String ID="string_139" HPOS="547" VPOS="675" WIDTH="44" HEIGHT="19" WC="0.96" CONTENT="haft"/><SP WIDTH="15" VPOS="675" HPOS="591"/>
							<String ID="string_140" HPOS="606" VPOS="678" WIDTH="49" HEIGHT="16" WC="0.96" CONTENT="äran"/><SP WIDTH="16" VPOS="678" HPOS="655"/>
							<String ID="string_141" HPOS="671" VPOS="675" WIDTH="80" HEIGHT="19" WC="0.96" CONTENT="anföra."/>
						</TextLine>
					</TextBlock>
					<TextBlock ID="block_2" HPOS="202" VPOS="708" WIDTH="751" HEIGHT="430">
						<TextLine ID="line_16" HPOS="268" VPOS="708" WIDTH="682" HEIGHT="27">
							<String ID="string_142" HPOS="268" VPOS="710" WIDTH="52" HEIGHT="19" WC="0.93" CONTENT="Herr"/><SP WIDTH="21" VPOS="710" HPOS="320"/>
							<String ID="string_143" HPOS="341" VPOS="708" WIDTH="144" HEIGHT="26" WC="0.92" CONTENT="Wallgrén:"/><SP WIDTH="23" VPOS="708" HPOS="485"/>
							<String ID="string_144" HPOS="508" VPOS="708" WIDTH="40" HEIGHT="27" WC="0.96" CONTENT="Jag"/><SP WIDTH="23" VPOS="708" HPOS="548"/>
							<String ID="string_145" HPOS="571" VPOS="709" WIDTH="37" HEIGHT="19" WC="0.96" CONTENT="ber"/><SP WIDTH="20" VPOS="709" HPOS="608"/>
							<String ID="string_146" HPOS="628" VPOS="711" WIDTH="30" HEIGHT="17" WC="0.96" CONTENT="att"/><SP WIDTH="23" VPOS="711" HPOS="658"/>
							<String ID="string_147" HPOS="681" VPOS="709" WIDTH="47" HEIGHT="20" WC="0.96" CONTENT="med"/><SP WIDTH="26" VPOS="709" HPOS="728"/>
							<String ID="string_148" HPOS="754" VPOS="710" WIDTH="40" HEIGHT="18" WC="0.96" CONTENT="min"/><SP WIDTH="19" VPOS="710" HPOS="794"/>
							<String ID="string_149" HPOS="813" VPOS="711" WIDTH="44" HEIGHT="17" WC="0.96" CONTENT="röst"/><SP WIDTH="14" VPOS="711" HPOS="857"/>
							<String ID="string_150" HPOS="871" VPOS="708" WIDTH="20" HEIGHT="20" WC="0.96" CONTENT="få"/><SP WIDTH="16" VPOS="708" HPOS="891"/>
							<String ID="string_151" HPOS="907" VPOS="708" WIDTH="43" HEIGHT="20" WC="0.96" CONTENT="helt"/>
						</TextLine>
						<TextLine ID="line_17" HPOS="204" VPOS="742" WIDTH="744" HEIGHT="27">
							<String ID="string_152" HPOS="204" VPOS="744" WIDTH="38" HEIGHT="20" WC="0.96" CONTENT="och"/><SP WIDTH="17" VPOS="744" HPOS="242"/>
							<String ID="string_153" HPOS="259" VPOS="743" WIDTH="64" HEIGHT="20" WC="0.96" CONTENT="hållet"/><SP WIDTH="15" VPOS="743" HPOS="323"/>
							<String ID="string_154" HPOS="338" VPOS="742" WIDTH="83" HEIGHT="20" WC="0.96" CONTENT="biträda"/><SP WIDTH="15" VPOS="742" HPOS="421"/>
							<String ID="string_155" HPOS="436" VPOS="742" WIDTH="111" HEIGHT="20" WC="0.92" CONTENT="utskottets"/><SP WIDTH="16" VPOS="742" HPOS="547"/>
							<String ID="string_156" HPOS="563" VPOS="743" WIDTH="141" HEIGHT="20" WC="0.92" CONTENT="betankande."/><SP WIDTH="30" VPOS="743" HPOS="704"/>
							<String ID="string_157" HPOS="734" VPOS="743" WIDTH="39" HEIGHT="26" WC="0.96" CONTENT="Jag"/><SP WIDTH="16" VPOS="743" HPOS="773"/>
							<String ID="string_158" HPOS="789" VPOS="749" WIDTH="61" HEIGHT="13" WC="0.96" CONTENT="anser"/><SP WIDTH="19" VPOS="749" HPOS="850"/>
							<String ID="string_159" HPOS="869" VPOS="742" WIDTH="40" HEIGHT="20" WC="0.93" CONTENT="den"/><SP WIDTH="14" VPOS="742" HPOS="909"/>
							<String ID="string_160" HPOS="923" VPOS="742" WIDTH="25" HEIGHT="18" WC="0.92" CONTENT="si-"/>
						</TextLine>
						<TextLine ID="line_18" HPOS="202" VPOS="777" WIDTH="747" HEIGHT="27">
							<String ID="string_161" HPOS="202" VPOS="781" WIDTH="32" HEIGHT="17" WC="0.96" CONTENT="sta"/><SP WIDTH="23" VPOS="781" HPOS="234"/>
							<String ID="string_162" HPOS="257" VPOS="780" WIDTH="56" HEIGHT="17" WC="0.93" CONTENT="stora"/><SP WIDTH="22" VPOS="780" HPOS="313"/>
							<String ID="string_163" HPOS="335" VPOS="777" WIDTH="127" HEIGHT="20" WC="0.92" CONTENT="missvexten"/><SP WIDTH="23" VPOS="777" HPOS="462"/>
							<String ID="string_164" HPOS="485" VPOS="777" WIDTH="63" HEIGHT="19" WC="0.95" CONTENT="hafva"/><SP WIDTH="18" VPOS="777" HPOS="548"/>
							<String ID="string_165" HPOS="566" VPOS="778" WIDTH="39" HEIGHT="19" WC="0.96" CONTENT="lärt"/><SP WIDTH="18" VPOS="778" HPOS="605"/>
							<String ID="string_166" HPOS="623" VPOS="784" WIDTH="40" HEIGHT="20" WC="0.95" CONTENT="oss,"/><SP WIDTH="15" VPOS="784" HPOS="663"/>
							<String ID="string_167" HPOS="678" VPOS="780" WIDTH="30" HEIGHT="17" WC="0.96" CONTENT="att"/><SP WIDTH="16" VPOS="780" HPOS="708"/>
							<String ID="string_168" HPOS="724" VPOS="778" WIDTH="35" HEIGHT="19" WC="0.96" CONTENT="det"/><SP WIDTH="15" VPOS="778" HPOS="759"/>
							<String ID="string_169" HPOS="774" VPOS="778" WIDTH="66" HEIGHT="19" WC="0.93" CONTENT="finnes"/><SP WIDTH="20" VPOS="778" HPOS="840"/>
							<String ID="string_170" HPOS="860" VPOS="779" WIDTH="89" HEIGHT="17" WC="0.90" CONTENT="utomor-"/>
						</TextLine>
						<TextLine ID="line_19" HPOS="204" VPOS="811" WIDTH="742" HEIGHT="27">
							<String ID="string_171" HPOS="204" VPOS="812" WIDTH="95" HEIGHT="26" WC="0.91" CONTENT="dentliga"/><SP WIDTH="14" VPOS="812" HPOS="299"/>
							<String ID="string_172" HPOS="313" VPOS="811" WIDTH="153" HEIGHT="25" WC="0.95" CONTENT="förhållanden,"/><SP WIDTH="16" VPOS="811" HPOS="466"/>
							<String ID="string_173" HPOS="482" VPOS="811" WIDTH="37" HEIGHT="19" WC="0.96" CONTENT="der"/><SP WIDTH="16" VPOS="811" HPOS="519"/>
							<String ID="string_174" HPOS="535" VPOS="812" WIDTH="177" HEIGHT="26" WC="0.96" CONTENT="utomordentliga"/><SP WIDTH="16" VPOS="812" HPOS="712"/>
							<String ID="string_175" HPOS="728" VPOS="811" WIDTH="96" HEIGHT="27" WC="0.96" CONTENT="åtgärder"/><SP WIDTH="17" VPOS="811" HPOS="824"/>
							<String ID="string_176" HPOS="841" VPOS="811" WIDTH="50" HEIGHT="20" WC="0.91" CONTENT="böra"/><SP WIDTH="15" VPOS="811" HPOS="891"/>
							<String ID="string_177" HPOS="906" VPOS="811" WIDTH="40" HEIGHT="19" WC="0.91" CONTENT="vid-"/>
						</TextLine>
						<TextLine ID="line_20" HPOS="204" VPOS="844" WIDTH="745" HEIGHT="28">
							<String ID="string_178" HPOS="204" VPOS="848" WIDTH="66" HEIGHT="24" WC="0.96" CONTENT="tagas."/><SP WIDTH="30" VPOS="848" HPOS="270"/>
							<String ID="string_179" HPOS="300" VPOS="846" WIDTH="47" HEIGHT="19" WC="0.96" CONTENT="Man"/><SP WIDTH="17" VPOS="846" HPOS="347"/>
							<String ID="string_180" HPOS="364" VPOS="844" WIDTH="40" HEIGHT="20" WC="0.96" CONTENT="kan"/><SP WIDTH="18" VPOS="844" HPOS="404"/>
							<String ID="string_181" HPOS="422" VPOS="845" WIDTH="121" HEIGHT="26" WC="0.96" CONTENT="visserligen"/><SP WIDTH="17" VPOS="845" HPOS="543"/>
							<String ID="string_182" HPOS="560" VPOS="848" WIDTH="56" HEIGHT="24" WC="0.96" CONTENT="säga,"/><SP WIDTH="16" VPOS="848" HPOS="616"/>
							<String ID="string_183" HPOS="632" VPOS="848" WIDTH="31" HEIGHT="18" WC="0.96" CONTENT="att"/><SP WIDTH="15" VPOS="848" HPOS="663"/>
							<String ID="string_184" HPOS="678" VPOS="846" WIDTH="146" HEIGHT="20" WC="0.96" CONTENT="erfarenheten"/><SP WIDTH="11" VPOS="846" HPOS="824"/>
							<String ID="string_185" HPOS="835" VPOS="846" WIDTH="45" HEIGHT="19" WC="0.96" CONTENT="från"/><SP WIDTH="18" VPOS="846" HPOS="880"/>
							<String ID="string_186" HPOS="898" VPOS="846" WIDTH="51" HEIGHT="19" WC="0.96" CONTENT="1867"/>
						</TextLine>
						<TextLine ID="line_21" HPOS="205" VPOS="879" WIDTH="745" HEIGHT="26">
							<String ID="string_187" HPOS="205" VPOS="880" WIDTH="32" HEIGHT="19" WC="0.96" CONTENT="års"/><SP WIDTH="16" VPOS="880" HPOS="237"/>
							<String ID="string_188" HPOS="253" VPOS="880" WIDTH="41" HEIGHT="19" WC="0.96" CONTENT="nöd"/><SP WIDTH="16" VPOS="880" HPOS="294"/>
							<String ID="string_189" HPOS="310" VPOS="880" WIDTH="60" HEIGHT="24" WC="0.96" CONTENT="visat,"/><SP WIDTH="15" VPOS="880" HPOS="370"/>
							<String ID="string_190" HPOS="385" VPOS="881" WIDTH="29" HEIGHT="17" WC="0.96" CONTENT="att"/><SP WIDTH="16" VPOS="881" HPOS="414"/>
							<String ID="string_191" HPOS="430" VPOS="886" WIDTH="25" HEIGHT="12" WC="0.96" CONTENT="en"/><SP WIDTH="18" VPOS="886" HPOS="455"/>
							<String ID="string_192" HPOS="473" VPOS="879" WIDTH="79" HEIGHT="20" WC="0.96" CONTENT="million"/><SP WIDTH="17" VPOS="879" HPOS="552"/>
							<String ID="string_193" HPOS="569" VPOS="879" WIDTH="58" HEIGHT="20" WC="0.96" CONTENT="mark"/><SP WIDTH="14" VPOS="879" HPOS="627"/>
							<String ID="string_194" HPOS="641" VPOS="880" WIDTH="48" HEIGHT="19" WC="0.96" CONTENT="icke"/><SP WIDTH="11" VPOS="880" HPOS="689"/>
							<String ID="string_195" HPOS="700" VPOS="883" WIDTH="23" HEIGHT="16" WC="0.97" CONTENT="är"/><SP WIDTH="11" VPOS="883" HPOS="723"/>
							<String ID="string_196" HPOS="734" VPOS="880" WIDTH="94" HEIGHT="25" WC="0.96" CONTENT="mycket;"/><SP WIDTH="17" VPOS="880" HPOS="828"/>
							<String ID="string_197" HPOS="845" VPOS="886" WIDTH="46" HEIGHT="13" WC="0.96" CONTENT="men"/><SP WIDTH="13" VPOS="886" HPOS="891"/>
							<String ID="string_198" HPOS="904" VPOS="886" WIDTH="46" HEIGHT="13" WC="0.96" CONTENT="man"/>
						</TextLine>
						<TextLine ID="line_22" HPOS="206" VPOS="912" WIDTH="745" HEIGHT="27">
							<String ID="string_199" HPOS="206" VPOS="915" WIDTH="36" HEIGHT="18" WC="0.96" CONTENT="bör"/><SP WIDTH="16" VPOS="915" HPOS="242"/>
							<String ID="string_200" HPOS="258" VPOS="913" WIDTH="85" HEIGHT="20" WC="0.96" CONTENT="komma"/><SP WIDTH="14" VPOS="913" HPOS="343"/>
							<String ID="string_201" HPOS="357" VPOS="912" WIDTH="50" HEIGHT="26" WC="0.95" CONTENT="ihåg"/><SP WIDTH="15" VPOS="912" HPOS="407"/>
							<String ID="string_202" HPOS="422" VPOS="915" WIDTH="29" HEIGHT="17" WC="0.95" CONTENT="att"/><SP WIDTH="16" VPOS="915" HPOS="451"/>
							<String ID="string_203" HPOS="467" VPOS="913" WIDTH="69" HEIGHT="19" WC="0.96" CONTENT="denna"/><SP WIDTH="16" VPOS="913" HPOS="536"/>
							<String ID="string_204" HPOS="552" VPOS="913" WIDTH="78" HEIGHT="20" WC="0.96" CONTENT="million"/><SP WIDTH="18" VPOS="913" HPOS="630"/>
							<String ID="string_205" HPOS="648" VPOS="913" WIDTH="53" HEIGHT="20" WC="0.96" CONTENT="dock"/><SP WIDTH="17" VPOS="913" HPOS="701"/>
							<String ID="string_206" HPOS="718" VPOS="913" WIDTH="58" HEIGHT="20" WC="0.96" CONTENT="alltid"/><SP WIDTH="16" VPOS="913" HPOS="776"/>
							<String ID="string_207" HPOS="792" VPOS="916" WIDTH="22" HEIGHT="17" WC="0.96" CONTENT="är"/><SP WIDTH="16" VPOS="916" HPOS="814"/>
							<String ID="string_208" HPOS="830" VPOS="913" WIDTH="70" HEIGHT="26" WC="0.96" CONTENT="något,"/><SP WIDTH="14" VPOS="913" HPOS="900"/>
							<String ID="string_209" HPOS="914" VPOS="915" WIDTH="37" HEIGHT="17" WC="0.96" CONTENT="när"/>
						</TextLine>
						<TextLine ID="line_23" HPOS="206" VPOS="947" WIDTH="745" HEIGHT="27">
							<String ID="string_210" HPOS="206" VPOS="947" WIDTH="120" HEIGHT="20" WC="0.91" CONTENT="menniskor"/><SP WIDTH="21" VPOS="947" HPOS="326"/>
							<String ID="string_211" HPOS="347" VPOS="948" WIDTH="27" HEIGHT="19" WC="0.96" CONTENT="dö"/><SP WIDTH="18" VPOS="948" HPOS="374"/>
							<String ID="string_212" HPOS="392" VPOS="947" WIDTH="24" HEIGHT="20" WC="0.96" CONTENT="af"/><SP WIDTH="19" VPOS="947" HPOS="416"/>
							<String ID="string_213" HPOS="435" VPOS="947" WIDTH="60" HEIGHT="20" WC="0.95" CONTENT="svält."/><SP WIDTH="29" VPOS="947" HPOS="495"/>
							<String ID="string_214" HPOS="524" VPOS="947" WIDTH="40" HEIGHT="27" WC="0.95" CONTENT="Jag"/><SP WIDTH="20" VPOS="947" HPOS="564"/>
							<String ID="string_215" HPOS="584" VPOS="948" WIDTH="117" HEIGHT="26" WC="0.93" CONTENT="tillstyrker"/><SP WIDTH="15" VPOS="948" HPOS="701"/>
							<String ID="string_216" HPOS="716" VPOS="948" WIDTH="81" HEIGHT="19" WC="0.93" CONTENT="derföre"/><SP WIDTH="15" VPOS="948" HPOS="797"/>
							<String ID="string_217" HPOS="812" VPOS="949" WIDTH="30" HEIGHT="18" WC="0.93" CONTENT="ett"/><SP WIDTH="19" VPOS="949" HPOS="842"/>
							<String ID="string_218" HPOS="861" VPOS="947" WIDTH="90" HEIGHT="20" WC="0.93" CONTENT="kreditiv"/>
						</TextLine>
						<TextLine ID="line_24" HPOS="205" VPOS="981" WIDTH="746" HEIGHT="27">
							<String ID="string_219" HPOS="205" VPOS="983" WIDTH="32" HEIGHT="20" WC="0.96" CONTENT="för"/><SP WIDTH="15" VPOS="983" HPOS="237"/>
							<String ID="string_220" HPOS="252" VPOS="982" WIDTH="178" HEIGHT="26" WC="0.93" CONTENT="utomordentliga"/><SP WIDTH="22" VPOS="982" HPOS="430"/>
							<String ID="string_221" HPOS="452" VPOS="982" WIDTH="124" HEIGHT="19" WC="0.92" CONTENT="missvexter"/><SP WIDTH="23" VPOS="982" HPOS="576"/>
							<String ID="string_222" HPOS="599" VPOS="982" WIDTH="39" HEIGHT="19" WC="0.96" CONTENT="och"/><SP WIDTH="20" VPOS="982" HPOS="638"/>
							<String ID="string_223" HPOS="658" VPOS="988" WIDTH="62" HEIGHT="13" WC="0.96" CONTENT="anser"/><SP WIDTH="24" VPOS="988" HPOS="720"/>
							<String ID="string_224" HPOS="744" VPOS="982" WIDTH="35" HEIGHT="19" WC="0.96" CONTENT="det"/><SP WIDTH="22" VPOS="982" HPOS="779"/>
							<String ID="string_225" HPOS="801" VPOS="982" WIDTH="18" HEIGHT="25" WC="0.96" CONTENT="ej"/><SP WIDTH="19" VPOS="982" HPOS="819"/>
							<String ID="string_226" HPOS="838" VPOS="988" WIDTH="51" HEIGHT="13" WC="0.96" CONTENT="vara"/><SP WIDTH="18" VPOS="988" HPOS="889"/>
							<String ID="string_227" HPOS="907" VPOS="981" WIDTH="44" HEIGHT="20" WC="0.93" CONTENT="skäl"/>
						</TextLine>
						<TextLine ID="line_25" HPOS="206" VPOS="1015" WIDTH="747" HEIGHT="27">
							<String ID="string_228" HPOS="206" VPOS="1019" WIDTH="30" HEIGHT="18" WC="0.96" CONTENT="att"/><SP WIDTH="22" VPOS="1019" HPOS="236"/>
							<String ID="string_229" HPOS="258" VPOS="1016" WIDTH="26" HEIGHT="26" WC="0.92" CONTENT="gå"/><SP WIDTH="23" VPOS="1016" HPOS="284"/>
							<String ID="string_230" HPOS="307" VPOS="1016" WIDTH="126" HEIGHT="25" WC="0.92" CONTENT="derutöfver,"/><SP WIDTH="23" VPOS="1016" HPOS="433"/>
							<String ID="string_231" HPOS="456" VPOS="1015" WIDTH="26" HEIGHT="20" WC="0.96" CONTENT="då"/><SP WIDTH="18" VPOS="1015" HPOS="482"/>
							<String ID="string_232" HPOS="500" VPOS="1015" WIDTH="122" HEIGHT="27" WC="0.96" CONTENT="lyckligtvis"/><SP WIDTH="18" VPOS="1015" HPOS="622"/>
							<String ID="string_233" HPOS="640" VPOS="1016" WIDTH="64" HEIGHT="26" WC="0.96" CONTENT="ingen"/><SP WIDTH="21" VPOS="1016" HPOS="704"/>
							<String ID="string_234" HPOS="725" VPOS="1016" WIDTH="119" HEIGHT="19" WC="0.95" CONTENT="erfarenhet"/><SP WIDTH="17" VPOS="1016" HPOS="844"/>
							<String ID="string_235" HPOS="861" VPOS="1016" WIDTH="38" HEIGHT="19" WC="0.95" CONTENT="har"/><SP WIDTH="15" VPOS="1016" HPOS="899"/>
							<String ID="string_236" HPOS="914" VPOS="1015" WIDTH="39" HEIGHT="20" WC="0.96" CONTENT="lärt"/>
						</TextLine>
						<TextLine ID="line_26" HPOS="206" VPOS="1049" WIDTH="746" HEIGHT="27">
							<String ID="string_237" HPOS="206" VPOS="1057" WIDTH="40" HEIGHT="19" WC="0.95" CONTENT="oss,"/><SP WIDTH="23" VPOS="1057" HPOS="246"/>
							<String ID="string_238" HPOS="269" VPOS="1052" WIDTH="30" HEIGHT="17" WC="0.95" CONTENT="att"/><SP WIDTH="22" VPOS="1052" HPOS="299"/>
							<String ID="string_239" HPOS="321" VPOS="1052" WIDTH="30" HEIGHT="17" WC="0.96" CONTENT="ett"/><SP WIDTH="21" VPOS="1052" HPOS="351"/>
							<String ID="string_240" HPOS="372" VPOS="1049" WIDTH="75" HEIGHT="20" WC="0.95" CONTENT="sådant"/><SP WIDTH="21" VPOS="1049" HPOS="447"/>
							<String ID="string_241" HPOS="468" VPOS="1056" WIDTH="49" HEIGHT="13" WC="0.93" CONTENT="vore"/><SP WIDTH="17" VPOS="1056" HPOS="517"/>
							<String ID="string_242" HPOS="534" VPOS="1049" WIDTH="102" HEIGHT="27" WC="0.92" CONTENT="behöfligt"/><SP WIDTH="15" VPOS="1049" HPOS="636"/>
							<String ID="string_243" HPOS="651" VPOS="1051" WIDTH="62" HEIGHT="19" WC="0.96" CONTENT="äfven"/><SP WIDTH="16" VPOS="1051" HPOS="713"/>
							<String ID="string_244" HPOS="729" VPOS="1050" WIDTH="32" HEIGHT="19" WC="0.96" CONTENT="för"/><SP WIDTH="14" VPOS="1050" HPOS="761"/>
							<String ID="string_245" HPOS="775" VPOS="1050" WIDTH="66" HEIGHT="19" WC="0.96" CONTENT="andra"/><SP WIDTH="15" VPOS="1050" HPOS="841"/>
							<String ID="string_246" HPOS="856" VPOS="1049" WIDTH="96" HEIGHT="20" WC="0.95" CONTENT="ändamål"/>
						</TextLine>
						<TextLine ID="line_27" HPOS="207" VPOS="1083" WIDTH="745" HEIGHT="27">
							<String ID="string_247" HPOS="207" VPOS="1085" WIDTH="38" HEIGHT="19" WC="0.96" CONTENT="och"/><SP WIDTH="17" VPOS="1085" HPOS="245"/>
							<String ID="string_248" HPOS="262" VPOS="1085" WIDTH="18" HEIGHT="25" WC="0.96" CONTENT="ej"/><SP WIDTH="17" VPOS="1085" HPOS="280"/>
							<String ID="string_249" HPOS="297" VPOS="1084" WIDTH="66" HEIGHT="20" WC="0.96" CONTENT="heller"/><SP WIDTH="16" VPOS="1084" HPOS="363"/>
							<String ID="string_250" HPOS="379" VPOS="1083" WIDTH="134" HEIGHT="27" WC="0.95" CONTENT="Regeringen"/><SP WIDTH="21" VPOS="1083" HPOS="513"/>
							<String ID="string_251" HPOS="534" VPOS="1087" WIDTH="95" HEIGHT="16" WC="0.96" CONTENT="närmare"/><SP WIDTH="21" VPOS="1087" HPOS="629"/>
							<String ID="string_252" HPOS="650" VPOS="1084" WIDTH="90" HEIGHT="20" WC="0.96" CONTENT="bestämt"/><SP WIDTH="14" VPOS="1084" HPOS="740"/>
							<String ID="string_253" HPOS="754" VPOS="1084" WIDTH="72" HEIGHT="20" WC="0.96" CONTENT="hvilka"/><SP WIDTH="15" VPOS="1084" HPOS="826"/>
							<String ID="string_254" HPOS="841" VPOS="1084" WIDTH="60" HEIGHT="20" WC="0.93" CONTENT="dessa"/><SP WIDTH="16" VPOS="1084" HPOS="901"/>
							<String ID="string_255" HPOS="917" VPOS="1086" WIDTH="35" HEIGHT="17" WC="0.82" CONTENT="än-"/>
						</TextLine>
						<TextLine ID="line_28" HPOS="207" VPOS="1118" WIDTH="227" HEIGHT="20">
							<String ID="string_256" HPOS="207" VPOS="1119" WIDTH="69" HEIGHT="19" WC="0.89" CONTENT="damål"/><SP WIDTH="15" VPOS="1119" HPOS="276"/>
							<String ID="string_257" HPOS="291" VPOS="1118" WIDTH="71" HEIGHT="19" WC="0.96" CONTENT="kunde"/><SP WIDTH="16" VPOS="1118" HPOS="362"/>
							<String ID="string_258" HPOS="378" VPOS="1124" WIDTH="56" HEIGHT="14" WC="0.95" CONTENT="vara."/>
						</TextLine>
					</TextBlock>
					<TextBlock ID="block_3" HPOS="208" VPOS="1151" WIDTH="750" HEIGHT="300">
						<TextLine ID="line_29" HPOS="271" VPOS="1151" WIDTH="681" HEIGHT="28">
							<String ID="string_259" HPOS="271" VPOS="1153" WIDTH="53" HEIGHT="19" WC="0.96" CONTENT="Herr"/><SP WIDTH="14" VPOS="1153" HPOS="324"/>
							<String ID="string_260" HPOS="338" VPOS="1153" WIDTH="76" HEIGHT="24" WC="0.96" CONTENT="Frey:"/><SP WIDTH="23" VPOS="1153" HPOS="414"/>
							<String ID="string_261" HPOS="437" VPOS="1151" WIDTH="40" HEIGHT="27" WC="0.96" CONTENT="Jag"/><SP WIDTH="22" VPOS="1151" HPOS="477"/>
							<String ID="string_262" HPOS="499" VPOS="1158" WIDTH="61" HEIGHT="14" WC="0.96" CONTENT="anser"/><SP WIDTH="20" VPOS="1158" HPOS="560"/>
							<String ID="string_263" HPOS="580" VPOS="1153" WIDTH="43" HEIGHT="26" WC="0.96" CONTENT="mig"/><SP WIDTH="18" VPOS="1153" HPOS="623"/>
							<String ID="string_264" HPOS="641" VPOS="1152" WIDTH="49" HEIGHT="20" WC="0.65" CONTENT="icke"/><SP WIDTH="18" VPOS="1152" HPOS="690"/>
							<String ID="string_265" HPOS="708" VPOS="1153" WIDTH="90" HEIGHT="19" WC="0.91" CONTENT="behöfva"/><SP WIDTH="20" VPOS="1153" HPOS="798"/>
							<String ID="string_266" HPOS="818" VPOS="1153" WIDTH="31" HEIGHT="20" WC="0.93" CONTENT="för"/><SP WIDTH="20" VPOS="1153" HPOS="849"/>
							<String ID="string_267" HPOS="869" VPOS="1153" WIDTH="83" HEIGHT="20" WC="0.93" CONTENT="bedöm-"/>
						</TextLine>
						<TextLine ID="line_30" HPOS="209" VPOS="1186" WIDTH="744" HEIGHT="27">
							<String ID="string_268" HPOS="209" VPOS="1187" WIDTH="86" HEIGHT="19" WC="0.91" CONTENT="mandet"/><SP WIDTH="14" VPOS="1187" HPOS="295"/>
							<String ID="string_269" HPOS="309" VPOS="1187" WIDTH="23" HEIGHT="19" WC="0.96" CONTENT="af"/><SP WIDTH="13" VPOS="1187" HPOS="332"/>
							<String ID="string_270" HPOS="345" VPOS="1186" WIDTH="69" HEIGHT="20" WC="0.93" CONTENT="denna"/><SP WIDTH="16" VPOS="1186" HPOS="414"/>
							<String ID="string_271" HPOS="430" VPOS="1186" WIDTH="59" HEIGHT="26" WC="0.96" CONTENT="fråga"/><SP WIDTH="14" VPOS="1186" HPOS="489"/>
							<String ID="string_272" HPOS="503" VPOS="1186" WIDTH="50" HEIGHT="26" WC="0.96" CONTENT="ingå"/><SP WIDTH="16" VPOS="1186" HPOS="553"/>
							<String ID="string_273" HPOS="569" VPOS="1187" WIDTH="28" HEIGHT="18" WC="0.96" CONTENT="uti"/><SP WIDTH="16" VPOS="1187" HPOS="597"/>
							<String ID="string_274" HPOS="613" VPOS="1186" WIDTH="70" HEIGHT="26" WC="0.96" CONTENT="någon"/><SP WIDTH="16" VPOS="1186" HPOS="683"/>
							<String ID="string_275" HPOS="699" VPOS="1186" WIDTH="64" HEIGHT="20" WC="0.96" CONTENT="kritik"/><SP WIDTH="16" VPOS="1186" HPOS="763"/>
							<String ID="string_276" HPOS="779" VPOS="1187" WIDTH="24" HEIGHT="19" WC="0.93" CONTENT="af"/><SP WIDTH="14" VPOS="1187" HPOS="803"/>
							<String ID="string_277" HPOS="817" VPOS="1187" WIDTH="24" HEIGHT="19" WC="0.95" CONTENT="de"/><SP WIDTH="9" VPOS="1187" HPOS="841"/>
							<String ID="string_278" HPOS="850" VPOS="1187" WIDTH="103" HEIGHT="26" WC="0.96" CONTENT="åtgärder,"/>
						</TextLine>
						<TextLine ID="line_31" HPOS="208" VPOS="1220" WIDTH="746" HEIGHT="25">
							<String ID="string_279" HPOS="208" VPOS="1228" WIDTH="44" HEIGHT="13" WC="0.96" CONTENT="som"/><SP WIDTH="24" VPOS="1228" HPOS="252"/>
							<String ID="string_280" HPOS="276" VPOS="1220" WIDTH="106" HEIGHT="25" WC="0.86" CONTENT="Styrelsen"/><SP WIDTH="23" VPOS="1220" HPOS="382"/>
							<String ID="string_281" HPOS="405" VPOS="1220" WIDTH="35" HEIGHT="19" WC="0.96" CONTENT="vid"/><SP WIDTH="18" VPOS="1220" HPOS="440"/>
							<String ID="string_282" HPOS="458" VPOS="1220" WIDTH="111" HEIGHT="20" WC="0.93" CONTENT="inträffade"/><SP WIDTH="21" VPOS="1220" HPOS="569"/>
							<String ID="string_283" HPOS="590" VPOS="1220" WIDTH="124" HEIGHT="20" WC="0.91" CONTENT="missvexter"/><SP WIDTH="16" VPOS="1220" HPOS="714"/>
							<String ID="string_284" HPOS="730" VPOS="1220" WIDTH="38" HEIGHT="20" WC="0.96" CONTENT="och"/><SP WIDTH="15" VPOS="1220" HPOS="768"/>
							<String ID="string_285" HPOS="783" VPOS="1221" WIDTH="66" HEIGHT="20" WC="0.93" CONTENT="andra"/><SP WIDTH="16" VPOS="1221" HPOS="849"/>
							<String ID="string_286" HPOS="865" VPOS="1223" WIDTH="89" HEIGHT="18" WC="0.92" CONTENT="utomor-"/>
						</TextLine>
						<TextLine ID="line_32" HPOS="208" VPOS="1254" WIDTH="747" HEIGHT="27">
							<String ID="string_287" HPOS="208" VPOS="1255" WIDTH="93" HEIGHT="26" WC="0.92" CONTENT="dentliga"/><SP WIDTH="15" VPOS="1255" HPOS="301"/>
							<String ID="string_288" HPOS="316" VPOS="1254" WIDTH="66" HEIGHT="20" WC="0.92" CONTENT="behof"/><SP WIDTH="14" VPOS="1254" HPOS="382"/>
							<String ID="string_289" HPOS="396" VPOS="1254" WIDTH="87" HEIGHT="26" WC="0.96" CONTENT="vidtagit"/><SP WIDTH="16" VPOS="1254" HPOS="483"/>
							<String ID="string_290" HPOS="499" VPOS="1255" WIDTH="52" HEIGHT="19" WC="0.96" CONTENT="eller"/><SP WIDTH="16" VPOS="1255" HPOS="551"/>
							<String ID="string_291" HPOS="567" VPOS="1254" WIDTH="69" HEIGHT="20" WC="0.96" CONTENT="kunde"/><SP WIDTH="16" VPOS="1254" HPOS="636"/>
							<String ID="string_292" HPOS="652" VPOS="1255" WIDTH="86" HEIGHT="19" WC="0.96" CONTENT="komma"/><SP WIDTH="14" VPOS="1255" HPOS="738"/>
							<String ID="string_293" HPOS="752" VPOS="1257" WIDTH="29" HEIGHT="17" WC="0.96" CONTENT="att"/><SP WIDTH="15" VPOS="1257" HPOS="781"/>
							<String ID="string_294" HPOS="796" VPOS="1255" WIDTH="92" HEIGHT="26" WC="0.95" CONTENT="vidtaga,"/><SP WIDTH="19" VPOS="1255" HPOS="888"/>
							<String ID="string_295" HPOS="907" VPOS="1257" WIDTH="48" HEIGHT="17" WC="0.96" CONTENT="utan"/>
						</TextLine>
						<TextLine ID="line_33" HPOS="209" VPOS="1288" WIDTH="747" HEIGHT="27">
							<String ID="string_296" HPOS="209" VPOS="1290" WIDTH="37" HEIGHT="19" WC="0.96" CONTENT="har"/><SP WIDTH="20" VPOS="1290" HPOS="246"/>
							<String ID="string_297" HPOS="266" VPOS="1290" WIDTH="38" HEIGHT="25" WC="0.96" CONTENT="jag"/><SP WIDTH="23" VPOS="1290" HPOS="304"/>
							<String ID="string_298" HPOS="327" VPOS="1288" WIDTH="105" HEIGHT="20" WC="0.96" CONTENT="betraktat"/><SP WIDTH="22" VPOS="1288" HPOS="432"/>
							<String ID="string_299" HPOS="454" VPOS="1288" WIDTH="73" HEIGHT="26" WC="0.96" CONTENT="frågan"/><SP WIDTH="23" VPOS="1288" HPOS="527"/>
							<String ID="string_300" HPOS="550" VPOS="1289" WIDTH="44" HEIGHT="19" WC="0.96" CONTENT="från"/><SP WIDTH="24" VPOS="1289" HPOS="594"/>
							<String ID="string_301" HPOS="618" VPOS="1295" WIDTH="25" HEIGHT="13" WC="0.95" CONTENT="en"/><SP WIDTH="20" VPOS="1295" HPOS="643"/>
							<String ID="string_302" HPOS="663" VPOS="1292" WIDTH="47" HEIGHT="16" WC="0.92" CONTENT="rent"/><SP WIDTH="19" VPOS="1292" HPOS="710"/>
							<String ID="string_303" HPOS="729" VPOS="1289" WIDTH="95" HEIGHT="19" WC="0.90" CONTENT="finansiel"/><SP WIDTH="16" VPOS="1289" HPOS="824"/>
							<String ID="string_304" HPOS="840" VPOS="1289" WIDTH="116" HEIGHT="26" WC="0.96" CONTENT="synpunkt;"/>
						</TextLine>
						<TextLine ID="line_34" HPOS="209" VPOS="1322" WIDTH="748" HEIGHT="27">
							<String ID="string_305" HPOS="209" VPOS="1323" WIDTH="39" HEIGHT="20" WC="0.96" CONTENT="och"/><SP WIDTH="16" VPOS="1323" HPOS="248"/>
							<String ID="string_306" HPOS="264" VPOS="1323" WIDTH="67" HEIGHT="20" WC="0.96" CONTENT="skulle"/><SP WIDTH="13" VPOS="1323" HPOS="331"/>
							<String ID="string_307" HPOS="344" VPOS="1323" WIDTH="36" HEIGHT="26" WC="0.96" CONTENT="jag"/><SP WIDTH="15" VPOS="1323" HPOS="380"/>
							<String ID="string_308" HPOS="395" VPOS="1323" WIDTH="7" HEIGHT="18" WC="0.96" CONTENT="i"/><SP WIDTH="16" VPOS="1323" HPOS="402"/>
							<String ID="string_309" HPOS="418" VPOS="1322" WIDTH="75" HEIGHT="20" WC="0.96" CONTENT="sådant"/><SP WIDTH="14" VPOS="1322" HPOS="493"/>
							<String ID="string_310" HPOS="507" VPOS="1323" WIDTH="99" HEIGHT="19" WC="0.96" CONTENT="afseende"/><SP WIDTH="16" VPOS="1323" HPOS="606"/>
							<String ID="string_311" HPOS="622" VPOS="1323" WIDTH="50" HEIGHT="26" WC="0.96" CONTENT="vilja"/><SP WIDTH="15" VPOS="1323" HPOS="672"/>
							<String ID="string_312" HPOS="687" VPOS="1323" WIDTH="73" HEIGHT="19" WC="0.96" CONTENT="förena"/><SP WIDTH="15" VPOS="1323" HPOS="760"/>
							<String ID="string_313" HPOS="775" VPOS="1323" WIDTH="42" HEIGHT="26" WC="0.95" CONTENT="mig"/><SP WIDTH="21" VPOS="1323" HPOS="817"/>
							<String ID="string_314" HPOS="838" VPOS="1323" WIDTH="47" HEIGHT="20" WC="0.96" CONTENT="med"/><SP WIDTH="19" VPOS="1323" HPOS="885"/>
							<String ID="string_315" HPOS="904" VPOS="1323" WIDTH="53" HEIGHT="20" WC="0.96" CONTENT="Herr"/>
						</TextLine>
						<TextLine ID="line_35" HPOS="209" VPOS="1356" WIDTH="747" HEIGHT="27">
							<String ID="string_316" HPOS="209" VPOS="1357" WIDTH="78" HEIGHT="20" WC="0.96" CONTENT="Kurtén"/><SP WIDTH="17" VPOS="1357" HPOS="287"/>
							<String ID="string_317" HPOS="304" VPOS="1357" WIDTH="27" HEIGHT="19" WC="0.96" CONTENT="uti"/><SP WIDTH="17" VPOS="1357" HPOS="331"/>
							<String ID="string_318" HPOS="348" VPOS="1358" WIDTH="30" HEIGHT="18" WC="0.95" CONTENT="att"/><SP WIDTH="15" VPOS="1358" HPOS="378"/>
							<String ID="string_319" HPOS="393" VPOS="1357" WIDTH="76" HEIGHT="19" WC="0.96" CONTENT="endast"/><SP WIDTH="15" VPOS="1357" HPOS="469"/>
							<String ID="string_320" HPOS="484" VPOS="1356" WIDTH="96" HEIGHT="20" WC="0.96" CONTENT="betrakta"/><SP WIDTH="16" VPOS="1356" HPOS="580"/>
							<String ID="string_321" HPOS="596" VPOS="1357" WIDTH="71" HEIGHT="26" WC="0.95" CONTENT="frågan"/><SP WIDTH="18" VPOS="1357" HPOS="667"/>
							<String ID="string_322" HPOS="685" VPOS="1357" WIDTH="45" HEIGHT="19" WC="0.96" CONTENT="från"/><SP WIDTH="16" VPOS="1357" HPOS="730"/>
							<String ID="string_323" HPOS="746" VPOS="1357" WIDTH="40" HEIGHT="20" WC="0.97" CONTENT="den"/><SP WIDTH="16" VPOS="1357" HPOS="786"/>
							<String ID="string_324" HPOS="802" VPOS="1357" WIDTH="52" HEIGHT="26" WC="0.96" CONTENT="sida,"/><SP WIDTH="16" VPOS="1357" HPOS="854"/>
							<String ID="string_325" HPOS="870" VPOS="1359" WIDTH="29" HEIGHT="18" WC="0.93" CONTENT="att"/><SP WIDTH="14" VPOS="1359" HPOS="899"/>
							<String ID="string_326" HPOS="913" VPOS="1357" WIDTH="43" HEIGHT="20" WC="0.89" CONTENT="Sta-"/>
						</TextLine>
						<TextLine ID="line_36" HPOS="208" VPOS="1390" WIDTH="750" HEIGHT="27">
							<String ID="string_327" HPOS="208" VPOS="1393" WIDTH="42" HEIGHT="23" WC="0.96" CONTENT="ten,"/><SP WIDTH="24" VPOS="1393" HPOS="250"/>
							<String ID="string_328" HPOS="274" VPOS="1391" WIDTH="67" HEIGHT="19" WC="0.96" CONTENT="såsom"/><SP WIDTH="24" VPOS="1391" HPOS="341"/>
							<String ID="string_329" HPOS="365" VPOS="1397" WIDTH="25" HEIGHT="12" WC="0.95" CONTENT="en"/><SP WIDTH="21" VPOS="1397" HPOS="390"/>
							<String ID="string_330" HPOS="411" VPOS="1390" WIDTH="62" HEIGHT="20" WC="0.96" CONTENT="säker"/><SP WIDTH="19" VPOS="1390" HPOS="473"/>
							<String ID="string_331" HPOS="492" VPOS="1391" WIDTH="115" HEIGHT="26" WC="0.96" CONTENT="låntagare,"/><SP WIDTH="16" VPOS="1391" HPOS="607"/>
							<String ID="string_332" HPOS="623" VPOS="1392" WIDTH="37" HEIGHT="19" WC="0.96" CONTENT="har"/><SP WIDTH="15" VPOS="1392" HPOS="660"/>
							<String ID="string_333" HPOS="675" VPOS="1392" WIDTH="57" HEIGHT="25" WC="0.96" CONTENT="gjort"/><SP WIDTH="14" VPOS="1392" HPOS="732"/>
							<String ID="string_334" HPOS="746" VPOS="1391" WIDTH="96" HEIGHT="20" WC="0.96" CONTENT="anhållan"/><SP WIDTH="19" VPOS="1391" HPOS="842"/>
							<String ID="string_335" HPOS="861" VPOS="1397" WIDTH="33" HEIGHT="14" WC="0.92" CONTENT="om"/><SP WIDTH="17" VPOS="1397" HPOS="894"/>
							<String ID="string_336" HPOS="911" VPOS="1392" WIDTH="47" HEIGHT="19" WC="0.92" CONTENT="kre-"/>
						</TextLine>
						<TextLine ID="line_37" HPOS="210" VPOS="1424" WIDTH="747" HEIGHT="27">
							<String ID="string_337" HPOS="210" VPOS="1425" WIDTH="94" HEIGHT="20" WC="0.92" CONTENT="ditivrätt"/><SP WIDTH="15" VPOS="1425" HPOS="304"/>
							<String ID="string_338" HPOS="319" VPOS="1425" WIDTH="5" HEIGHT="18" WC="0.96" CONTENT="i"/><SP WIDTH="18" VPOS="1425" HPOS="324"/>
							<String ID="string_339" HPOS="342" VPOS="1424" WIDTH="90" HEIGHT="20" WC="0.95" CONTENT="banken."/><SP WIDTH="30" VPOS="1424" HPOS="432"/>
							<String ID="string_340" HPOS="462" VPOS="1425" WIDTH="41" HEIGHT="26" WC="0.94" CONTENT="Jag"/><SP WIDTH="15" VPOS="1425" HPOS="503"/>
							<String ID="string_341" HPOS="518" VPOS="1431" WIDTH="49" HEIGHT="14" WC="0.93" CONTENT="vore"/><SP WIDTH="17" VPOS="1431" HPOS="567"/>
							<String ID="string_342" HPOS="584" VPOS="1425" WIDTH="82" HEIGHT="20" WC="0.92" CONTENT="derföre"/><SP WIDTH="16" VPOS="1425" HPOS="666"/>
							<String ID="string_343" HPOS="682" VPOS="1425" WIDTH="6" HEIGHT="19" WC="0.96" CONTENT="i"/><SP WIDTH="16" VPOS="1425" HPOS="688"/>
							<String ID="string_344" HPOS="704" VPOS="1425" WIDTH="115" HEIGHT="20" WC="0.92" CONTENT="allmänhet"/><SP WIDTH="15" VPOS="1425" HPOS="819"/>
							<String ID="string_345" HPOS="834" VPOS="1424" WIDTH="123" HEIGHT="27" WC="0.91" CONTENT="beredvillig"/>
						</TextLine>
					</TextBlock>
				</ComposedBlock>
			</PrintSpace>
		</Page>
	</Layout>
</alto>
