1070 1786
220 164 44 17 1124
514 163 41 18 Den
569 163 22 18 14
603 164 40 22 Maj.

262 221 53 20 Herr
338 221 102 26 Sjöros:
463 221 53 20 Herr
539 221 125 27 Tengström
684 221 37 20 har
738 221 80 20 försökt
833 221 120 26 tydliggöra

195 262 75 13 senare
282 255 112 26 meningen
406 255 22 20 af
436 255 64 20 första
510 257 126 24 momentet
632 251 12 35 ;
646 262 46 13 men
702 255 69 20 såvidt
781 256 32 25 jag
823 255 69 20 kunde
902 262 49 19 upp-

195 289 52 19 fatta
264 289 41 24 det,
324 289 38 19 har
378 289 122 26 derigenom
516 289 47 19 icke
580 289 68 19 blifvit
665 289 54 19 klart
735 292 36 16 när
788 289 106 26 uttrycket
909 289 42 19 ”re-

194 330 48 12 sans
265 323 75 26 längd”
364 322 55 20 afser
441 323 30 19 tid
493 323 39 19 och
553 326 37 16 när
605 323 35 20 det
656 323 56 20 afser
728 324 85 19 distans.
845 324 39 18 Det
899 323 53 19 hade

193 357 55 19 varit
270 356 100 25 önskligt,
393 357 30 18 att
442 356 52 19 Herr
514 356 124 26 Tengström
659 357 108 26 redogjort
783 357 88 25 derföre,
888 356 63 19 innan

194 390 40 20 han
256 389 201 20 rekommenderade
476 391 32 23 $:n
528 390 31 19 till
575 390 125 26 antagande.
731 390 39 20 Om
787 398 47 12 man
852 390 100 21 behöfver

193 424 23 19 sä
231 424 112 26 vidlyftiga
358 423 96 26 motiver,
469 430 44 13 som
529 424 53 20 Herr
597 424 125 26 Tengström
738 424 75 26 anfört,
829 424 32 20 för
871 426 30 18 att
912 424 39 19 för-

192 458 32 18 stä
240 464 25 12 em
282 456 44 26 sak,
342 462 45 14 som
404 459 22 17 är
441 456 22 20 sä
479 457 68 25 enkel,
563 457 23 20 sä
601 464 63 19 synes
676 458 57 19 detta
744 462 93 15 momeni
849 464 49 14 vara
908 458 39 19 för-

192 492 53 25 tjent
260 491 22 20 af
296 490 124 20 äterremiss.
450 490 35 20 Mä
501 497 47 13 man
564 491 26 19 dä
606 491 66 20 hellre
687 494 58 24 säga,
760 493 30 18 att
806 491 90 26 kaplake
914 492 32 20 be-

193 525 77 20 räknas
294 525 52 19 efter
369 525 43 19 den
436 525 163 27 tillryggalagda
621 528 68 24 vägen
714 526 39 19 och
769 526 62 19 lönen
847 526 53 19 efter
915 526 37 25 tid,

197 566 47 13 men
261 562 51 23 säga
327 558 78 27 tydligt
420 558 54 21 hvad
492 565 47 14 man
556 559 36 20 vill
608 559 38 20 och
658 560 19 25 ej
688 562 52 24 göra
751 559 35 20 det
797 560 68 19 oklart
875 567 75 19 genom

194 593 139 20 användande
349 593 23 19 af
386 593 50 19 flere
455 593 152 27 dubbeltydiga
622 593 84 21 ”eller”.
737 593 134 20 Beträffande
887 594 64 19 andra

193 634 61 13 mom.
271 633 61 13 anser
345 627 37 25 jag
398 626 117 20 Utskottets
532 627 133 19 betänkande
682 627 50 19 böra
748 627 129 26 godkännas.

261 661 54 19 Herr
329 661 172 25 Tengström:
517 660 40 27 Jag
573 661 37 19 har
620 661 122 26 egentligen
754 661 53 25 icke,
819 660 67 20 såsom
898 661 52 19 Herr

191 695 71 25 Sjöros
280 696 52 24 sagt,
353 694 184 20 rekommenderat
557 695 34 19 det
612 695 64 19 första
691 701 62 13 mom.
770 694 31 19 till
817 694 134 20 oförändradt

191 728 126 27 antagande,
340 730 47 18 utan
408 729 75 19 endast
497 729 107 25 förklarat,
620 729 53 19 hvad
691 728 112 26 meningen
820 729 59 25 varit,
896 728 53 20 hvad

192 769 47 13 man
256 762 56 20 velat
326 764 51 24 säga
392 762 51 20 deri.
474 762 37 20 Att
526 769 25 13 en
567 762 118 26 otydlighet
701 762 36 19 här
753 760 99 21 innästlat
867 760 31 26 sig
910 760 39 19 kan

192 797 18 25 ej
235 796 107 25 förnekas,
367 796 39 19 och
429 796 35 20 det
485 796 24 20 sä
527 796 85 26 mycket
628 796 88 25 mindre,
732 802 43 14 som
792 796 36 19 det
843 794 52 19 visat
911 794 38 25 sig,

190 832 30 18 att
229 831 114 19 momentet
353 829 69 20 blifvit
430 830 57 20 olika
497 830 122 26 uppfattadt.
644 829 132 21 Beträffande
784 835 74 13 senare
868 828 79 19 menin-

192 870 40 20 gen
252 864 6 19 i
279 870 79 13 samma
378 864 120 20 mom.'har
511 865 36 25 jag
563 865 53 19 intet
630 867 30 17 att
675 864 93 19 invända
783 865 42 17 mot
840 869 25 13 en
882 868 65 13 omre-

190 897 87 20 daktion
298 897 60 20 deraf
376 897 6 19 i
403 897 35 20 det
457 897 61 26 syfte,
539 899 30 18 att
583 897 47 20 icke
648 897 52 20 blott
714 897 99 26 kaplake,
829 896 67 19 säsom
912 901 34 13 va-

191 931 65 20 rande
277 931 40 20 viss
337 933 88 24 procent
444 931 23 20 af
483 931 89 26 frakten,
593 931 103 20 beräknas
716 931 51 20 efter
783 931 41 19 den
839 929 109 26 tillrygga-

190 965 63 26 lagda
268 968 78 23 vägens
363 965 70 26 längd,
449 967 49 18 utan
514 965 62 20 äfven
591 965 42 26 lön,
650 971 44 14 som
710 967 23 17 är
749 964 94 20 bestämd
860 963 31 20 för
901 969 46 13 resa

189 999 27 26 pä
232 999 110 20 enahanda
357 1001 41 17 sätt
413 999 110 20 beräknas.

258 1032 53 19 Herr
329 1032 102 26 Sjöros:
450 1032 32 20 Då
501 1033 63 19 lönen
583 1035 23 16 är
620 1032 95 20 bestämd
736 1031 31 20 för
783 1038 52 19 resa,
852 1031 22 19 sä
890 1033 22 16 är
928 1031 18 24 ej

190 1067 45 19 skäl
259 1069 31 17 att
312 1067 42 19 läta
373 1067 40 19 den
435 1067 49 20 bero
503 1067 23 19 af
540 1067 63 20 tiden.
634 1066 62 20 Detta
711 1066 53 20 läter
780 1065 53 20 dock
849 1067 52 24 göra
915 1064 32 26 sig

190 1107 33 13 om
240 1107 60 13 resan
317 1100 123 26 fullbordas;
457 1107 47 13 men
521 1101 37 26 gär
571 1101 93 26 fartyget
675 1101 52 18 efter
738 1099 169 20 befälhafvarens
917 1098 29 19 af-

189 1135 56 26 gång
262 1135 100 19 förloradt
378 1135 39 19 och
433 1135 81 20 således
529 1135 19 26 ej
565 1134 149 20 framkommer
730 1134 31 19 till
777 1133 168 20 destinationsor-

189 1170 42 22 ten,
248 1167 51 20 hvar
314 1167 53 20 skall
388 1174 47 13 man
452 1167 26 20 dä
493 1168 52 19 söka
561 1168 35 19 det
610 1167 66 20 andra
692 1167 51 20 talet
759 1167 30 19 för
805 1167 140 25 proportions-

191 1201 159 27 beräkningen?
382 1202 111 20 —Distansen
517 1204 22 17 är
562 1201 57 20 alltid
642 1201 71 26 gifven
737 1201 38 19 och
800 1200 148 25 lönebeloppet

189 1236 41 19 kan
250 1235 89 26 säledes,
360 1241 32 14 om
413 1235 35 20 det
467 1236 92 25 grundas
579 1236 71 25 derpä,
669 1235 59 20 alltid
746 1235 75 19 räknas
837 1234 42 19 ut
873 1230 12 35 i
896 1234 49 19 hän-

188 1269 58 20 delse
268 1270 91 25 fartyget
378 1269 95 20 kommer
492 1269 89 26 lyckligt
599 1269 52 19 fram
671 1269 51 19 eller
741 1269 26 25 ej,
787 1275 47 12 men
851 1268 57 19 tiden
923 1270 23 17 är

188 1303 48 20 icke
256 1303 78 26 gifven,
353 1303 127 20 åtminstone
499 1306 22 17 är
542 1303 40 20 den
601 1303 100 26 olämplig
721 1303 6 19 i
746 1303 35 19 det
795 1301 106 25 afseende,
917 1302 29 18 att

188 1337 72 19 derom
277 1337 41 18 kan
335 1336 79 19 tvistas.

256 1369 55 20 Herr
327 1369 150 20 Wasenius:
500 1369 41 27 Jag
565 1369 35 20 ber
622 1371 30 18 att
675 1369 20 20 få
717 1369 6 19 i
739 1369 41 20 allo
796 1368 82 20 biträda
893 1369 52 20 Herr

187 1403 77 26 Sjöros'
283 1405 82 18 senaste
384 1403 98 26 yttrande
501 1403 39 19 och
560 1403 74 26 tycker
653 1405 30 18 att
698 1402 163 27 lagstadgandet
877 1402 69 20 blefve

187 1437 106 26 betydligt
307 1436 127 26 förenkladt,
450 1443 33 13 om
499 1436 36 19 det
550 1436 68 20 skulle
634 1437 20 19 fä
665 1436 40 20 den
718 1436 124 20 förändrade
858 1436 86 26 lydelse,
