1070 1786
217 152 37 31 706
499 154 40 18 Den
555 155 19 16 16
588 155 60 22 April.

192 213 151 27 provisionella
366 212 161 21 blindanstalten
544 213 6 18 i
566 211 83 27 Kuopio
673 213 23 19 af
716 212 40 20 den
781 212 24 19 17
824 211 121 21 November

195 247 69 20 1870?
295 247 42 26 Mig
353 253 63 20 synes
432 248 35 24 att,
483 253 33 12 om
533 246 36 20 det
583 246 66 26 pågår
665 247 30 19 uti
711 247 69 19 denna
793 247 151 26 utsträckning,

194 281 48 20 med
266 281 69 19 denna
357 281 89 19 tendens
469 282 30 17 att
522 283 96 23 upprätta
637 280 93 26 dyrbara
746 281 198 25 mönsteranstalter,

192 322 50 13 man
259 315 65 19 måste
340 314 60 26 fråga
418 314 41 26 sig:
482 314 52 19 huru
556 314 77 26 många
655 314 80 20 sådana
758 314 71 19 kunna
848 314 7 19 i
873 314 71 19 landet

193 349 48 20 med
258 349 47 19 dess
319 355 94 13 resurser
428 347 167 20 åstadkommas?
615 347 39 20 Om
672 348 36 20 det
723 347 64 21 också
803 348 68 25 ligger
887 354 56 19 myc-

192 384 42 19 ken
258 384 45 25 vigt
326 382 66 26 derpå
414 384 30 18 att
459 382 36 20 det
509 382 7 19 i
531 382 72 19 landet
624 382 69 19 finnes
715 381 165 26 blindanstalter,
899 387 43 13 som

193 417 99 19 meddela
314 424 25 12 en
360 416 64 26 något
442 416 22 20 så
487 418 36 17 när
538 416 122 26 fullständig
677 416 151 25 undervisning
848 416 21 19 åt
883 415 61 19 dessa

193 452 23 18 af
230 453 87 17 naturen
334 450 23 20 så
372 453 71 23 grymt
457 450 121 19 vanlottade
595 450 58 25 barn,
670 450 23 19 så
703 450 69 26 ligger
782 450 102 25 derjemte
896 455 48 13 ove-

194 485 134 26 dersägligen
344 487 26 17 än
386 486 66 18 större
469 484 44 26 vigt
528 483 64 26 derpå
607 485 30 18 att
655 484 117 25 samhället,
793 483 26 20 då
838 483 35 19 det
891 483 53 20 skall

194 518 86 26 vidtaga
296 518 98 26 åtgärder
410 518 31 20 för
457 519 30 18 att
503 517 77 20 bereda
595 518 62 19 dessa
671 524 80 13 samma
767 517 108 26 olyckliga
893 517 50 20 barn

196 552 151 26 undervisning
362 552 40 19 och
418 552 128 26 uppfostran,
563 551 113 26 uppställer
693 552 32 19 för
740 552 31 26 sig
791 553 30 18 ett
839 558 105 20 program,

195 594 45 13 som
256 587 42 18 kan
313 586 111 19 realiseras
439 586 6 18 i
461 586 40 19 den
517 585 133 27 omfattning,
666 588 31 17 att
712 586 18 25 ej
742 585 90 19 allenast
842 587 30 18 ett
884 585 61 26 ringa

195 621 51 20 fåtal
269 620 41 20 kan
334 620 66 20 blifva
419 620 87 19 föremål
522 620 31 19 för
569 620 69 19 denna
653 620 112 19 ömmande
784 619 161 20 samhällsverk-

195 655 89 25 samhet,
300 656 48 18 utan
365 654 41 19 den
422 654 41 19 kan
479 653 116 20 utsträckas
611 654 30 18 till
658 656 30 17 ett
704 654 36 18 allt
755 655 66 17 större
841 653 68 20 flertal
924 654 23 18 af

195 689 56 25 dem,
267 694 43 14 som
326 688 70 20 denna
412 687 128 20 omvårdnad
557 687 96 20 behöfva.
684 687 63 19 Detta
762 687 112 19 motiverar
888 688 18 24 ej
918 694 26 12 en

195 723 31 19 till
242 722 109 20 öfverdrift
374 722 82 26 gående
477 721 188 26 sparsamhetslust,
690 728 47 12 men
760 720 34 20 väl
817 721 66 26 några
898 721 46 19 med

196 756 121 20 ändamålet
339 756 46 19 fullt
405 756 104 26 förenliga
523 755 180 26 inskränkningar
718 755 7 19 i
743 758 148 22 programmet,
907 755 38 19 och

196 791 38 19 har
257 790 104 20 föranledt
384 790 42 19 min
450 789 128 20 reservation
599 789 6 19 i
620 791 78 17 ämnet.
729 788 117 20 Utskottets
862 789 83 25 plurali-

196 826 31 18 tet
242 824 37 20 har
295 824 64 20 också
374 824 29 19 uti
420 824 117 19 motiverna
552 823 31 19 till
599 823 35 19 sitt
651 822 134 20 betänkande
806 823 73 19 uttalat
898 824 46 18 tvif-

196 858 89 20 velsmål
302 860 54 17 emot
373 857 157 26 behöfligheten
546 857 23 19 af
582 864 24 12 en
623 856 23 20 så
667 856 116 27 mångtalig
806 856 87 26 ledare-,
916 857 28 19 lä-

196 898 56 13 rare-
269 892 39 19 och
323 891 194 26 vårdarepersonal,
533 897 43 13 som
593 891 29 19 uti
638 891 40 19 den
693 891 84 25 Nådiga
789 891 156 25 propositionen

197 926 40 20 och
252 932 50 19 nyss
317 925 121 26 åberopade
453 925 130 26 reglemente
599 925 38 19 och
654 926 40 18 stat
710 927 23 17 är
748 924 130 25 föreslagen;
898 931 47 13 men

196 959 103 20 utskottet
313 959 43 25 har,
373 965 63 20 synes
452 959 41 26 det,
509 961 68 17 ansett
592 959 38 26 sig,
647 959 27 19 då
684 959 64 26 ingen
760 958 119 20 erfarenhet
893 958 52 20 före-

196 994 76 24 finnes,
288 993 18 26 ej
323 993 51 20 böra
390 993 77 20 föreslå
482 992 69 27 någon
568 992 162 27 inskränkning.
761 992 132 20 Atttillmäta
905 993 42 26 mig

197 1027 70 26 någon
283 1027 78 25 speciel
378 1026 119 20 erfarenhet
512 1027 7 18 i
535 1028 69 18 ämnet
618 1026 41 19 kan
677 1027 19 25 ej
713 1026 50 19 falla
784 1026 42 25 mig
844 1026 32 25 in;
899 1033 47 13 men

194 1062 38 25 jag
256 1063 42 18 tror
321 1061 53 20 dock
396 1063 35 22 att,
448 1060 26 20 då
489 1067 48 13 man
554 1060 94 20 befinner
663 1060 32 26 sig
710 1062 109 24 gentemot
838 1067 25 12 en
879 1063 45 23 stat,
940 1061 7 19 i

198 1095 40 20 den
262 1095 59 19 skala
342 1101 44 13 som
410 1094 40 19 den
473 1101 28 12 nu
523 1094 167 26 ifrågavarande,
712 1100 48 13 man
776 1096 48 17 utan
841 1095 107 26 synnerlig

198 1128 88 26 farhåga
308 1130 29 18 att
360 1129 100 25 misstaga
482 1128 32 26 sig
533 1128 41 19 kan
591 1131 60 23 säga:
674 1127 121 20 ändamålet
818 1127 37 20 bör
878 1128 70 19 kunna

199 1162 81 26 uppnås
297 1162 46 19 med
359 1169 25 12 en
402 1162 81 19 mindre
501 1161 143 26 komplicerad
666 1162 149 26 organisation,
842 1168 25 13 en
891 1163 56 25 lägre

199 1197 41 18 stat
255 1198 26 17 än
298 1196 74 19 denna.
403 1196 9 18 I
428 1196 118 19 hufvudsak
569 1196 89 19 delande
681 1195 112 20 utskottets
817 1195 131 27 uppfattning

198 1230 24 19 af
235 1229 93 25 ärendet,
345 1229 37 20 har
394 1230 38 25 jag
448 1229 81 20 säledes
545 1232 67 17 ansett
628 1232 30 17 att
674 1229 123 26 Ständerne,
814 1228 26 20 dä
855 1229 35 20 det
905 1229 43 26 gäl-

199 1264 31 20 ler
246 1266 30 17 att
290 1263 48 20 icke
355 1263 52 20 blott
424 1263 77 26 bevilja
523 1263 69 20 medel
614 1264 31 19 för
666 1270 24 13 en
708 1263 83 25 anstalt,
807 1269 44 14 som
867 1270 27 12 nu
910 1264 39 19 och

199 1299 32 19 för
248 1298 110 19 framtiden
374 1304 50 13 vore
440 1297 120 26 tillräcklig,
576 1300 48 17 utan
641 1297 61 20 äfven
720 1299 30 18 att
765 1297 100 20 motivera
878 1297 72 20 hvilka

200 1333 80 26 anslag,
296 1339 44 13 som
357 1338 50 13 vore
423 1331 113 27 behöfliga,
552 1335 37 16 när
605 1331 78 20 vården
700 1337 34 14 om
752 1330 70 20 blinda
833 1331 50 19 barn
896 1332 53 20 skall

199 1367 21 20 få
235 1367 124 25 erforderlig
375 1365 152 26 utsträckning,
543 1365 64 20 borde
624 1365 64 20 uttala
703 1365 32 26 sig
754 1365 85 25 derhän,
863 1367 30 17 att
914 1373 35 12 an-

198 1401 76 20 stalten
292 1400 63 20 borde
371 1400 133 26 organiseras
520 1399 27 26 på
562 1406 25 13 en
605 1399 96 26 billigare
718 1399 40 24 fot;
778 1398 40 19 och
837 1398 26 19 då
878 1399 37 26 jag
930 1400 23 19 af

199 1435 62 20 dessa
284 1433 45 20 skäl
352 1433 48 20 icke
424 1433 56 20 velat
500 1435 48 18 utan
565 1433 68 26 någon
650 1432 156 27 inskränkning
823 1432 129 21 öfverlemna
