1070 1786
222 155 35 18 670
504 154 40 17 Den
558 154 21 17 16
593 155 59 22 April.

200 214 37 25 jag
253 213 64 26 vågar
333 213 18 26 ej
368 212 101 27 uppgifva
489 212 47 19 dem
552 212 69 20 såsom
637 213 47 19 fullt
700 213 132 28 tillförlitliga
851 227 16 2 —
893 215 22 20 sä
932 222 22 13 se

202 248 20 19 vi
238 248 6 19 i
260 247 42 20 alla
317 247 36 20 fall
368 249 30 18 att
414 247 20 19 vi
450 247 18 26 ej
486 246 86 20 beträda
587 247 163 26 omöjlighetens
766 249 93 26 område,
878 256 34 13 om
933 251 20 18 vi

202 281 110 20 förutsätta
328 281 118 19 utförandet
461 280 24 20 af
497 287 26 13 en
537 281 89 26 jernväg
642 281 32 19 till
689 282 63 19 södra
767 279 135 25 Österbotten
914 285 39 19 och

202 315 66 20 Wasa
283 315 64 20 redan
363 315 70 19 förrän
450 314 174 20 nästkommande
640 315 90 20 Ständer
745 316 68 20 skulle
824 317 72 20 kunna
906 320 49 24 taga

203 350 66 20 saken
286 356 33 13 om
340 349 62 20 hand.
432 349 60 19 Hvad
513 349 135 26 slutpunkten
667 350 7 18 i
694 350 110 20 utskottets
821 351 133 21 betänkande

203 384 139 25 vidkommer,
365 383 23 20 så
411 383 36 20 ber
467 384 37 25 jag
527 383 20 19 få
571 386 77 17 nämna
663 386 36 24 att,
722 384 68 20 såsom
811 385 65 21 kändt
896 386 58 20 torde

203 425 57 19 vara,
276 424 25 13 en
317 418 69 26 Nådig
402 418 129 26 proposition
547 420 56 17 snart
619 420 23 17 är
658 420 29 17 att
703 418 101 24 förvänta,
824 420 130 20 innehållan-

204 452 26 20 de
247 452 113 20 berättelse
376 452 110 26 angående
502 452 25 19 de
543 452 226 26 okularinspektioner,
786 459 44 13 som
841 454 32 19 för
884 453 71 21 vidare

201 486 257 26 jernvägsanläggningar
473 486 7 19 i
496 486 89 20 Finland
608 486 84 20 förlidet
715 486 23 20 år
762 486 68 20 blefvo
853 488 103 20 anställda

204 521 40 19 och
260 520 107 20 sannolikt
382 521 62 19 äfven
461 520 175 26 öfverstyrelsens
652 520 31 20 för
700 523 48 23 väg-
765 521 38 20 och
824 522 131 20 vattenkom-

206 554 182 21 munikationerne
408 554 96 20 deröfver
523 554 80 27 afgifna
623 554 113 21 utlåtande.
769 555 30 20 Då
818 556 82 20 således
920 563 34 13 an-

206 589 66 26 tydda
286 589 83 26 Nådiga
388 589 128 25 proposition
537 589 26 25 på
582 589 35 19 det
637 591 104 17 närmaste
762 589 95 20 kommer
875 592 30 18 att
921 591 34 19 be-

205 626 48 17 röra
268 622 26 20 de
311 626 83 22 ämnen,
411 630 33 12 om
460 622 73 20 hvilka
548 622 101 20 utskottet
664 623 26 26 på
707 623 26 19 de
748 623 35 19 två
802 624 49 19 sista
872 624 84 20 sidorna

206 658 6 18 i
228 658 36 18 sitt
280 657 134 20 betänkande
430 657 58 25 talar,
505 658 22 18 så
542 664 63 19 synes
626 658 42 26 mig
686 657 120 27 lämpligast
825 660 30 17 att
875 658 37 19 allt
927 659 30 19 vi-

206 691 50 20 dare
272 691 69 20 beslut
356 698 34 13 om
406 692 61 19 dessa
479 692 254 26 jernvägsanläggningar
749 692 80 19 lemnas
849 692 106 20 beroende

207 726 31 19 till
247 725 48 20 dess
304 725 91 20 nämnde
408 725 83 26 Nådiga
505 726 131 25 proposition
648 726 116 19 inkommit.
785 726 40 26 Jag
836 726 37 20 ber
885 727 36 19 sist
929 728 29 18 att

207 760 20 19 få
242 760 123 26 ytterligare
384 759 111 20 framhålla
518 760 45 19 mitt
587 760 77 26 förslag
680 762 30 17 att
725 760 88 20 Ståndet
832 760 48 20 ville
896 762 6 18 i
918 761 38 19 och

208 794 32 20 för
255 794 41 20 den
312 794 118 20 finansiella
445 794 118 26 utredning,
582 800 44 13 som
643 793 140 27 ovilkorligen
800 794 111 27 erfordras,
927 796 29 18 in-

208 835 41 13 nan
265 828 117 20 Ständerne
399 828 70 20 kunna
489 828 52 20 fatta
563 828 35 19 sitt
618 828 109 20 definitiva
745 828 68 20 beslut
828 829 7 19 i
848 830 108 26 jernvägs-

207 862 79 27 frågan,
302 863 108 19 remittera
425 862 88 20 ärendet
528 863 31 19 till
578 862 164 20 Statsutskottet.

276 897 53 19 Herr
345 896 108 20 Kurtén:
469 897 9 19 I
494 897 67 19 likhet
576 897 47 19 med
639 896 129 27 föregående
779 897 66 19 talare
857 897 100 27 beklagar

205 932 38 25 jag
258 932 30 19 att
304 931 106 26 Styrelsen
427 931 100 26 antingen
544 931 18 26 ej
579 931 68 19 funnit
665 930 45 20 skäl
730 930 51 19 eller
801 931 19 25 ej
838 931 73 20 hunnit
927 932 29 19 till

208 966 70 20 denna
293 965 101 26 landtdag
410 965 107 27 förelägga
533 965 117 20 Ständerne
670 965 123 26 fullständig
812 965 48 26 plan
883 965 30 20 till
929 968 28 17 ett

208 1002 36 17 nät
266 1000 24 19 af
303 999 120 20 stambanor
445 999 32 20 för
492 999 95 26 Finland,
612 999 64 20 ehuru
696 1001 83 18 senaste
795 999 88 20 Ständer
899 999 6 20 i
921 1007 36 12 un-

209 1034 140 25 derdånighet
365 1034 71 20 derom
452 1034 85 19 anhöllo
553 1034 38 19 och
607 1034 57 19 Hans
680 1033 119 26 Kejserliga
817 1033 96 27 Majestät
928 1035 29 19 öf-

208 1069 117 19 verlemnat
348 1068 30 19 till
402 1068 101 20 Senatens
526 1068 281 26 Ekonomie-Departement
825 1070 30 17 att
870 1068 6 19 i
892 1069 66 19 sinom

209 1103 29 19 tid
255 1102 107 20 inkomma
381 1103 47 19 med
447 1103 154 26 framställning
621 1103 6 18 i
646 1102 76 20 sådant
737 1102 62 25 syfte.
828 1102 73 27 Enligt
916 1103 42 19 min

209 1135 55 28 åsigt
279 1136 54 20 hade
350 1136 57 20 tiden
423 1136 31 20 för
469 1137 192 26 undersökningars
679 1136 154 20 verkställande
853 1136 60 20 bordt
924 1143 35 14 va-

209 1177 23 13 ra
254 1171 57 25 inne,
334 1171 27 19 dä
379 1167 141 34 Riihimäki—
531 1171 125 25 Petersburg
669 1171 67 20 banan
756 1171 99 19 närmade
876 1171 32 26 sig
927 1172 30 19 sin

211 1204 131 27 fulländning
364 1204 40 20 och
426 1205 58 20 tiden
507 1205 45 20 åter
574 1205 32 19 för
628 1204 138 20 utarbetande
786 1204 23 20 af
823 1210 24 13 en
864 1204 49 26 plan
929 1204 30 20 till

210 1238 127 26 stambanor,
356 1245 34 13 om
412 1239 18 26 ej
449 1239 49 26 förr,
519 1240 22 19 så
561 1240 125 19 åtminstone
706 1239 63 20 innan
786 1239 69 26 någon
872 1239 87 20 konces-

210 1272 45 20 sion
278 1272 27 26 på
326 1279 26 13 en
376 1273 52 20 eller
447 1279 69 14 annan
536 1273 126 20 bansträcka
680 1273 124 26 beviljades.
833 1272 41 27 Jag
890 1273 36 20 vill
941 1274 18 25 ej

210 1306 50 26 ingå
275 1307 6 18 i
298 1306 64 27 något
376 1307 155 20 bedömmande
547 1308 23 19 af
583 1308 119 26 Styrelsens
719 1307 129 26 befogenhet
863 1310 30 17 att
904 1308 55 20 med-

208 1340 58 27 gifva
289 1340 126 21 koncession
435 1341 27 26 på
478 1341 71 27 banor,
568 1342 23 19 af
607 1342 73 19 hvilka
695 1341 126 20 åtminstone
838 1348 26 13 en
880 1341 33 20 del
928 1349 31 13 re-

209 1374 41 20 dan
272 1375 24 19 af
315 1375 108 27 Regering
446 1376 40 19 och
509 1376 88 20 Ständer
620 1376 68 20 blifvit
705 1375 96 20 beslutna
817 1377 29 18 att
861 1375 23 20 af
897 1375 63 20 Stats-

210 1408 74 20 verket
300 1408 87 27 byggas.
418 1409 40 20 Det
480 1413 23 16 är
524 1417 26 13 en
569 1411 65 26 fråga,
654 1417 43 13 som
717 1404 75 32 ligger,
813 1415 33 14 om
862 1410 19 25 ej
898 1413 62 22 utom,

217 1442 23 20 så
255 1442 127 21 åtminstone
398 1443 28 26 på
440 1447 90 23 gränsen
546 1446 23 19 af
583 1445 42 20 min
641 1445 102 20 horisont.
762 1444 78 26 Nyttan
857 1444 52 20 eller
919 1445 46 19 ska-
