1070 1786
209 164 46 18 1064
506 163 40 17 Den
560 163 22 16 13
593 163 44 22 Maj.

187 221 37 26 slå,
240 223 31 18 att
287 223 38 23 $:n,
343 221 6 18 i
366 220 94 26 enlighet
471 221 47 19 med
535 221 54 19 hvad
601 220 211 26 Landtdagsmannen
825 221 122 26 Rosenberg

187 256 6 19 i
210 256 32 19 sin
258 254 130 21 reservation
405 253 99 23 förordat,
521 253 67 20 skulle
604 253 107 20 utsträcka
728 253 69 20 finska
811 253 80 27 fartygs
907 256 39 17 rät-

188 290 69 25 tighet
272 289 33 19 till
320 288 103 26 seglation
436 290 47 17 utan
500 288 146 19 examineradt
659 288 54 19 befäl
729 288 30 19 till
777 288 47 19 hela
839 285 106 28 Östersjön

189 324 58 18 inom
264 319 96 23 Öresund
378 322 38 20 och
428 322 105 20 Bälterna,
544 328 45 13 men
607 324 30 17 att
653 321 68 20 tillika
736 328 26 13 en
777 322 42 19 viss
836 322 28 19 tid
881 322 66 19 skulle

190 357 134 22 bestämmas,
340 355 66 19 under
421 354 87 20 hvilken
525 354 70 20 denna
609 354 101 26 rättighet
725 354 57 27 finge
797 355 92 20 fortfara.

258 390 53 19 Herr
326 388 80 19 Julin:
436 388 41 26 Jag
493 388 84 20 förenar
593 389 42 25 mig
650 388 6 20 i
668 388 41 20 allo
726 395 33 13 om
775 389 40 20 den
831 389 60 27 åsigt,
903 396 43 12 som

188 424 68 19 finnes
274 422 78 20 uttaläd
369 422 29 19 uti
419 422 39 20 den
478 422 83 26 Nädiga
584 422 165 26 propositionen,
764 424 7 18 i
787 424 40 19 den
843 424 52 19 form
912 422 34 20 Ut-

189 457 81 19 skottet
292 456 61 27 gifvit
375 456 40 20 den
438 457 38 19 och
502 457 36 19 ber
562 456 102 26 derjemte
682 457 22 19 fä
720 460 81 22 nämna,
817 460 30 17 att
862 458 29 19 uti
907 457 39 19 den

190 490 98 20 nautiska
311 490 145 26 vetenskapen
479 490 84 20 erfarna
587 494 47 16 män
651 493 69 17 ansett
736 491 39 20 den
792 488 154 29 Östersjöskep-

190 530 150 21 pareexamen,
354 530 44 14 som
414 524 73 20 hittills
504 524 69 20 blifvit
583 525 28 19 uti
623 525 234 26 navigationsskolorna
871 525 77 26 aflagd,

192 558 51 21 böra
260 558 107 26 afskaffas,
384 558 87 20 emedan
496 558 36 20 det
554 558 68 20 skulle
645 558 63 20 lända
726 558 31 20 till
773 559 110 26 sjöfartens
899 565 47 20 syn-

191 593 83 26 nerliga
289 599 55 19 gagn
360 598 34 14 om
411 592 33 25 de,
459 598 44 13 som
520 592 103 19 härintills
639 592 53 26 tagit
707 593 74 19 endast
797 593 149 25 östersjöskep-

191 633 149 20 pareexamen,
356 625 69 20 skulle
441 625 80 20 erhålla
545 625 25 19 de
589 627 67 18 större
679 625 128 26 kunskaper,
823 632 43 13 som
883 625 63 20 erfor-

192 661 47 19 dras
255 661 32 19 för
297 659 296 27 Nordsjöskeppareexamen.
616 659 63 20 Detta
695 659 37 20 har
745 660 37 26 jag
797 659 120 20 förnummit
927 660 23 18 af

191 693 110 27 praktiska
315 693 39 20 och
370 694 58 18 inom
444 693 39 19 den
500 692 97 20 nautiska
620 692 143 26 vetenskapen
780 692 93 27 kunniga
889 695 59 23 män;

192 728 39 20 och
245 728 38 26 jag
299 728 37 19 har
361 728 43 25 mig
420 727 106 19 dessutom
550 726 77 20 bekant
650 727 23 19 af
687 728 30 18 ett
732 727 77 20 ombud
824 727 45 19 från
885 727 62 19 Ham-

193 762 59 26 burg,
268 768 44 13 som
328 761 89 19 förliden
434 767 90 13 sommar
541 760 87 20 besökte
644 760 97 26 Finland,
752 763 30 17 att
797 760 25 20 de
838 760 111 20 utländska

193 796 165 20 assuradörerne
370 795 94 26 begynnt
479 794 54 19 fästa
549 794 85 23 mycket
649 794 101 20 afseende
761 794 34 20 vid
811 796 30 18 att
856 794 92 20 oexami-

192 830 78 20 nerade
286 829 104 26 skeppare
406 829 45 19 föra
467 828 55 20 befäl
545 828 12 19 å
573 828 68 20 finska
663 828 70 26 fartyg
752 829 61 19 äfven
829 828 34 19 vid
881 828 67 25 segla-

193 864 44 20 tion
254 866 56 16 utom
327 862 64 20 finskt
414 862 109 24 farvatten,
547 861 65 27 något
633 868 45 14 som
701 862 61 20 äfven
778 862 61 20 torde
855 868 51 13 vara
920 863 30 18 ett

192 897 60 20 bevis
267 896 26 26 på
310 895 184 26 nödvändigheten
511 895 23 19 af
547 897 29 17 att
591 895 69 20 finska
675 895 104 26 skeppare
791 897 36 18 äro
843 895 105 20 examine-

193 931 57 19 rade.
280 930 40 26 Jag
336 928 116 27 tillstyrker
473 928 128 26 antagandet
617 928 23 19 af
653 929 158 25 propositionen
828 928 64 20 sådan
909 929 39 19 den

196 968 22 17 är
234 963 112 27 redigerad
362 963 7 19 i
385 962 117 20 Utskottets
518 961 141 20 betänkande.

263 997 53 20 Herr
338 997 165 24 Tengström:
533 995 73 20 Såsom
632 1002 25 13 en
682 996 115 23 tillämnad,
821 997 64 19 ehuru
909 996 39 19 för-

194 1031 71 28 glömd
281 1031 147 26 anmärkning,
446 1031 35 19 ber
494 1031 37 25 jag
554 1030 21 19 få
598 1030 88 27 tillägga
705 1030 39 20 den
762 1031 188 25 omständigheten,

194 1068 31 18 att
239 1065 45 20 ifall
300 1065 26 26 på
342 1064 208 26 landtmannafartyg
573 1063 67 20 finnas
664 1064 163 19 oexaminerade
850 1064 99 19 befälhaf-

195 1106 55 19 vare,
267 1105 44 14 som
334 1098 68 20 önska
424 1098 95 19 fortsätta
541 1098 40 19 den
605 1097 86 26 praktik
715 1098 26 19 de
757 1098 91 19 härintill
864 1098 86 25 utöfvat,

194 1133 73 20 kunna
282 1133 26 19 de
324 1133 46 19 med
387 1132 75 20 lätthet
477 1132 80 19 erhålla
576 1131 98 20 tillåtelse
691 1132 76 25 dertill,
783 1139 77 19 genom
876 1132 73 19 under-

194 1167 65 25 dånig
282 1165 118 26 ansökning
422 1171 33 14 om
479 1165 92 25 dispens,
595 1171 33 13 om
652 1165 26 19 de
701 1165 29 18 uti
749 1165 69 19 denna
833 1165 118 27 ansökning

195 1200 74 26 styrka
284 1202 29 17 att
329 1200 26 18 de
371 1198 66 26 några
452 1198 22 19 år
489 1197 90 27 lyckligt
595 1198 38 19 och
650 1200 48 17 utan
715 1198 88 19 klander
819 1198 41 20 fört
875 1199 75 26 fartyg.

194 1235 40 26 Jag
250 1235 36 19 vill
302 1234 31 19 för
348 1233 64 26 öfrigt
422 1232 78 20 förena
515 1232 43 26 mig
573 1232 47 19 med
632 1232 52 19 Herr
699 1231 56 20 Julin
771 1239 33 13 om
821 1232 36 20 det
871 1232 32 20 för
914 1232 36 20 fin-

195 1269 39 19 ska
249 1269 70 24 fartyg
334 1267 61 26 högst
411 1265 198 20 misskrediterande
626 1265 139 26 förhållande,
775 1272 44 13 som
835 1266 6 19 i
858 1266 92 20 utlandet

194 1301 94 27 uppstår,
304 1301 121 24 derigenom
441 1301 30 17 att
486 1298 77 20 befälet
579 1299 27 26 på
620 1299 68 19 finska
699 1299 69 26 fartyg
783 1298 55 20 föres
854 1299 24 19 af
889 1306 62 13 oexa-

196 1335 109 20 minerade
320 1334 110 26 skeppare,
453 1333 72 19 hvilka
547 1332 102 26 derjemte
673 1333 63 19 hafva
752 1333 31 19 för
801 1333 43 25 sed,
860 1335 30 18 att
905 1334 47 19 icke

196 1369 102 26 uppgifva
312 1369 31 18 sin
359 1368 82 19 hemort
457 1366 132 20 annorlunda
604 1369 24 16 än
646 1367 54 19 efter
712 1368 103 18 närmaste
831 1367 52 19 stad.
907 1367 43 20 Och

197 1403 27 20 då
239 1402 111 20 skilnaden
374 1401 91 20 emellan
488 1400 66 19 stads-
579 1401 38 19 och
642 1400 207 26 landtmannafartyg
867 1401 47 20 icke
930 1405 22 16 är

197 1434 56 22 känd
278 1436 27 26 på
326 1435 118 26 aflägsnare
467 1436 62 23 orter,
551 1433 63 20 blifva
636 1434 43 19 alla
701 1433 68 20 finska
788 1433 77 27 fartyg,
885 1435 67 20 såsom
