1070 1786
439 157 39 17 Den
492 157 22 17 13
526 158 42 22 Maj.
815 158 45 17 1073

190 215 60 20 Efter
265 215 35 20 det
315 215 145 20 diskussionen
477 215 86 20 härmed
575 215 95 20 afslutats
685 215 129 20 framställde
830 216 53 19 Herr

123 249 168 20 Talmannen
306 249 92 26 följande
415 249 168 26 propositioner:

190 283 168 25 Proposition
375 283 39 19 N:o
432 283 20 19 1:
475 283 44 19 Vill
531 283 87 19 Ståndet
629 283 30 19 till
676 283 205 25 kontraproposition

123 319 57 17 emot
195 316 117 21 Utskottets
328 316 77 27 förslag
428 316 31 20 till
474 318 11 22 $
502 317 27 19 42
545 319 77 24 antaga
642 318 100 25 antingen
759 317 90 19 nämnde
865 319 17 23 $,

123 350 64 20 sådan
200 351 40 19 den
252 350 60 27 lyder
327 350 7 20 i
350 350 40 20 den
408 350 119 27 Kejserliga
538 351 156 26 propositionen
706 351 51 19 eller
773 351 39 20 ock
825 352 52 19 Herr

124 385 118 20 Molanders
258 384 164 20 amendement?

190 419 41 19 För
247 419 35 19 det
297 418 55 20 förra
367 420 67 18 röstas
451 418 46 20 med
512 419 35 25 ja,
563 418 32 20 för
611 419 35 19 det
661 426 74 13 senare
752 419 47 20 med
815 420 49 26 nej.

191 452 57 20 Härå
264 452 98 20 svarades
379 452 46 20 med
442 452 158 27 öfvervägande
616 453 48 25 nej.

191 486 173 26 Proposition
380 486 40 19 N:o
431 486 22 19 2:
477 486 131 20 Godkänner
619 486 87 20 Ståndet
721 489 31 22 $:n
769 487 66 26 enligt
845 487 36 19 Ut-

123 520 89 20 skottets
229 520 132 20 betänkande
378 520 50 19 eller
440 520 67 26 enligt
522 520 53 20 Herr
587 520 118 20 Molanders
719 520 163 20 amendement?

123 554 45 20 Den
185 560 43 14 som
246 554 36 19 vill
305 554 35 20 det
362 554 56 20 förra
440 560 72 14 svarar
528 556 37 24 ja;
589 554 39 21 den
645 561 42 13 som
704 554 36 20 vill
757 554 35 21 det
807 561 74 14 senare

123 589 49 25 nej.

192 622 160 26 Propositionen
364 622 125 20 besvarades
503 622 46 20 med
561 622 106 20 obestridd
683 623 151 26 röstpluralitet
847 624 33 25 ja-

124 655 94 27 kande,
233 656 7 19 i
256 656 50 26 följd
322 656 75 20 hvaraf
410 658 9 22 $
436 657 25 19 42
479 656 130 20 förklarades
621 663 49 14 vara
686 657 22 19 af
720 657 89 20 Ståndet
823 660 57 17 anta-

123 696 39 20 gen
178 690 7 19 i
201 690 217 20 öfverensstämmelse
434 690 47 20 med
497 690 119 20 Utskottets
631 691 84 26 förslag.

225 722 13 28 $
253 723 25 20 43
293 724 44 20 blef
350 726 48 17 utan
416 724 117 20 diskussion
551 727 97 23 antagen.

226 756 14 28 S
255 757 29 20 44.

191 790 53 20 Herr
260 791 140 20 Molander:
430 792 63 19 Emot
516 792 65 19 första
606 795 112 17 momentet
742 793 23 19 af
778 792 70 20 denna
863 795 18 23 $,

123 831 43 13 som
182 824 48 20 icke
246 828 23 16 är
285 825 121 20 förändradt
421 826 29 18 uti
465 826 120 20 Utskottets
608 826 140 26 betänkande,
765 826 65 20 måste
844 827 37 26 jag

122 861 51 23 göra
188 865 25 13 en
230 860 144 26 anmärkning.
411 860 94 19 Emedan
523 860 35 19 det
580 860 43 20 ofta
644 860 39 19 kan
700 860 91 26 inträffa,
807 863 30 17 att
852 861 27 19 la-

121 894 46 17 sten
184 893 55 18 inom
257 893 43 19 åtta
315 893 64 26 dagar
389 893 47 20 icke
453 893 74 19 hunnit
542 893 64 20 blifva
622 894 67 19 lossad
707 894 39 19 och
763 894 117 20 beskaffen-

122 926 61 19 heten
200 926 24 19 af
237 926 96 20 inträffad
350 927 65 19 skada
430 927 83 19 således
529 927 26 20 då
571 927 47 20 icke
632 927 40 20 kan
690 928 117 26 uppgifvas,
824 929 56 18 skul-

122 961 19 18 le
154 961 38 25 jag
208 961 32 18 till
257 961 62 19 slutet
334 961 22 19 af
370 961 34 19 det
415 961 28 19 uti
460 961 66 19 första
537 963 114 18 momentet
662 961 104 26 ingående
782 962 98 26 stadgan-

121 994 32 25 de,
164 996 30 17 att
210 995 56 19 inom
282 994 42 19 åtta
339 994 65 27 dagar
418 994 52 19 skall
487 994 90 27 afgifvas
593 995 121 26 fullständig
730 995 51 24 sjöff
801 995 80 27 lung

123 1028 49 26 vilja
187 1028 63 27 lägga
266 1029 74 19 orden:
357 1028 78 19 ”sävidt
452 1029 31 26 sig
499 1031 51 24 göra
567 1029 72 19 låter”.
665 1029 34 20 Uti
716 1029 40 19 den
773 1029 6 19 i
794 1029 85 20 Utskot-

122 1064 39 17 tets
178 1062 134 19 betänkande
328 1062 115 26 sälydande
459 1062 66 19 första
542 1063 111 25 meningen
670 1062 23 19 af
706 1062 65 19 andra
788 1069 92 13 momen-

122 1098 38 17 tet:
187 1096 92 20 ”Protest
296 1097 92 19 anmäles
405 1097 129 26 mundtligen
555 1097 38 19 hos
609 1097 157 19 vederbörande
782 1096 99 19 Notarius

121 1130 103 26 publicus,
249 1131 145 19 tullkammare
416 1131 51 19 eller
491 1131 156 25 kronobetjent,
668 1137 45 13 men
732 1130 148 26 sjöförklaring

123 1164 36 19 bör
175 1164 30 19 till
226 1164 88 19 domstol
334 1163 118 27 skriftligen
476 1163 123 24 aflemnas”,
622 1163 67 20 skulle
702 1164 38 25 jag
754 1163 44 20 åter
814 1163 66 20 önska

122 1200 31 17 att
167 1198 105 26 tydligare
289 1200 85 18 utsattes
397 1204 33 13 om
454 1198 123 26 härigenom
593 1198 7 19 i
616 1198 44 19 stad
677 1198 80 18 lemnas
773 1200 62 23 öppet
852 1199 30 18 att

123 1232 36 19 hos
176 1232 90 19 nämnde
282 1235 30 17 tre
328 1232 148 26 myndigheter
497 1232 84 19 anmäla
596 1234 80 23 protest
691 1232 51 19 eller
758 1238 32 13 om
807 1238 26 13 en
849 1231 32 20 sä-

122 1266 40 19 dan
174 1266 104 26 anmälan,
291 1266 67 20 säsom
374 1266 32 20 väl
422 1268 75 18 rättast
513 1273 56 18 vore,
585 1266 139 26 ovilkorligen
743 1265 36 20 bör
794 1265 29 19 uti
835 1265 44 20 stad

121 1300 37 19 ske
175 1300 37 19 hos
228 1300 97 20 Notarius
341 1301 100 25 publicus.

189 1334 53 19 Herr
258 1335 78 19 Julin:
365 1335 41 26 Jag
421 1335 36 19 har
474 1335 74 25 begärt
564 1335 59 19 ordet
638 1335 6 19 i
660 1335 115 26 anledning
791 1333 23 20 af
827 1333 54 20 Herr

122 1368 118 19 Molanders
256 1367 139 26 anmärkning
414 1374 32 13 om
464 1367 40 20 den
521 1368 30 19 tid
568 1368 23 19 af
605 1367 41 20 åtta
666 1368 71 25 dagar,
753 1367 56 19 inom
827 1367 52 19 hvil-

121 1402 40 19 ken
179 1401 156 20 befälhafvaren
353 1401 37 20 bör
405 1401 150 26 sjöförklaring
571 1401 84 26 afgifva.
688 1401 35 20 Uti
740 1400 139 26 nästföljande

121 1438 17 24 $,
154 1435 64 20 sädan
242 1435 41 20 den
306 1436 22 19 af
341 1435 107 20 Utskottet
469 1435 126 26 föreslagits,
612 1435 48 25 stär,
676 1437 30 18 att
722 1434 157 20 befälhafvaren
