1070 1786
420 149 39 17 Den
474 149 21 16 13
508 149 59 22 April.
811 149 34 18 609

120 208 67 20 beslut
202 207 80 27 afgifva
299 209 29 17 ett
343 206 141 26 underdånigt
498 207 101 25 yttrande
615 207 51 20 eller
682 214 53 19 svar,
754 207 26 20 då
799 207 68 20 skulle

115 243 38 26 jag
168 248 51 14 anse
235 241 48 20 hela
298 241 69 20 denna
381 241 88 26 petition
486 240 52 20 böra
558 241 89 20 förfalla.
680 241 117 20 Ständerne
817 249 50 12 vore

118 276 27 20 då
160 276 6 19 i
181 275 83 20 tillfälle
279 277 30 18 att
326 275 3 19 i
346 275 57 20 detta
418 275 147 26 underdåniga
579 281 48 14 svar
643 275 111 20 framhålla
768 275 97 20 hurusom

118 310 27 20 de
160 316 50 13 anse
226 308 139 21 förevarande
380 308 78 20 ärende
474 315 51 13 vara
540 308 23 20 af
577 308 40 20 den
634 309 123 27 synnerliga
771 309 52 26 vigt,
839 311 30 18 att

119 350 25 13 en
160 343 72 26 slutlig
247 342 71 27 åtgärd
334 342 6 20 i
356 342 116 20 detsamma
492 342 65 20 borde
576 342 35 20 vid
632 343 64 20 första
711 343 100 27 landtdag
827 344 40 19 till-

119 378 147 26 vägabringas.
296 377 47 19 Men
364 376 27 20 då
410 376 116 20 Ständerne
547 376 48 20 icke
614 383 41 20 ega
673 377 128 27 befogenhet
815 378 52 19 att
857 372 14 36 i

119 412 115 26 anledning
256 410 23 20 af
299 410 63 27 sagde
382 410 112 20 berättelse
515 410 51 27 ingå
586 411 47 19 med
650 410 64 27 något
728 411 141 20 meddelande

119 446 31 19 till
166 445 83 20 landeis
264 444 95 26 Monark,
375 444 23 20 så
413 444 66 20 håller
493 445 37 25 jag
546 444 51 24 före,
613 446 29 18 att
658 445 98 20 ärendets
766 447 56 18 stora
833 445 35 21 be-

119 479 89 26 tydelse,
230 478 124 26 isynnerhet
376 478 31 20 för
426 478 83 20 landets
521 478 111 26 jordbruk,
648 481 61 24 utgör
724 481 30 17 ett
769 479 45 19 fullt
829 480 39 26 gil-

119 513 39 26 tigt
180 512 53 26 skäl,
256 514 30 18 att
307 512 116 20 Ständerne
446 518 76 20 genom
547 518 26 14 en
589 512 88 26 petition
698 512 97 21 meddela
810 513 58 20 Hans

120 546 98 26 Majestät
232 547 32 19 sin
280 546 66 27 lifliga
370 546 88 26 önskan,
481 548 30 18 att
533 546 59 20 detta
610 546 78 21 ärende
704 546 69 27 måtte,
789 547 24 20 så
827 548 42 20 fort

120 581 38 19 ske
174 581 48 25 kan,
240 581 84 26 bringas
342 581 31 19 till
393 583 29 17 ett
446 580 93 26 önskligt
562 581 52 24 slut;
639 581 39 19 och
702 581 26 19 då
750 581 118 20 emellertid

121 615 76 19 mellan
213 615 152 26 landtdagarne
380 617 23 17 är
418 614 41 20 fem
475 614 30 25 år,
521 614 22 19 så
559 620 63 20 synes
638 615 50 26 mig,
704 615 47 19 med
767 616 100 19 afseende

121 649 12 19 å
148 649 54 19 hvad
218 649 65 19 redan
300 649 28 19 uti
343 648 65 20 saken
425 648 104 26 tillgjorts,
546 648 70 20 denna
630 649 117 19 tidstermin
764 656 49 13 vara
823 650 47 19 fullt

121 682 113 27 tillräcklig
257 683 31 19 för
311 683 134 26 Regeringen
467 685 31 17 att
516 682 74 26 stadga
605 683 31 19 sin
652 683 55 27 åsigt
724 684 3 19 i
744 685 71 18 ämnet
830 684 39 20 och

120 717 91 19 aflemna
233 719 30 17 ett
284 717 130 26 fullständigt
435 717 38 19 och
497 717 127 19 motiveradt
639 717 84 27 förslag.
757 718 30 19 En
803 718 65 20 sådan

121 751 87 26 petition
233 751 141 19 öfverskrider
398 751 52 19 efter
473 751 46 19 mitt
542 751 144 26 förmenande,
705 751 47 20 icke
771 752 98 26 grannla-

120 785 117 26 genhetens
253 788 62 23 gräns
326 785 40 19 och
376 785 42 19 kan
430 785 47 19 icke
489 785 62 25 tydas
561 785 67 19 såsom
641 785 70 19 ”kält”
722 786 51 20 eller
785 786 84 26 ”gnat”.

121 819 74 20 Denna
210 820 89 25 petition
313 819 89 20 innebär
416 819 81 25 endast,
513 821 30 17 att
558 819 82 19 landets
656 819 88 20 Ständer
763 826 50 14 anse
829 820 39 20 frå-

121 860 41 20 gan
178 860 51 13 vara
244 854 22 18 af
280 853 38 20 den
335 855 75 18 största
425 854 45 26 vigt
485 854 40 19 och
541 853 23 19 af
573 853 64 20 sådan
649 853 116 27 betydelse,
781 856 30 18 att
819 856 51 17 onö-

121 888 45 26 digt
191 888 93 25 uppskof
304 888 47 19 med
374 888 123 19 densamma
520 888 36 19 bör
575 887 110 26 undvikas,
705 888 38 19 och
762 890 30 17 att
810 888 59 19 Stän-

121 922 65 19 derne
202 921 10 20 å
229 922 32 19 sin
276 921 46 20 sida
336 921 48 20 icke
400 921 50 26 vilja
464 921 31 20 till
512 923 30 18 ett
557 921 75 20 sådant
648 921 92 26 uppskof
749 922 120 20 medverka.

121 956 31 19 En
176 955 83 20 absolut
278 955 136 26 tystlåtenhet
433 956 7 19 i
459 955 58 20 detta
535 955 78 20 ärende
634 955 71 20 kunde
724 955 61 26 tydas
800 956 69 20 såsom

121 990 68 19 skulle
204 989 117 20 Ständerne
336 996 50 13 anse
402 989 72 27 frågan
490 989 48 20 icke
555 996 40 19 ega
610 989 68 27 någon
694 990 109 26 synnerlig
820 991 50 26 vigt,

122 1024 39 19 och
176 1026 31 17 att
222 1024 72 26 frågan
310 1027 22 16 är
348 1024 73 26 vigtig,
437 1024 30 19 till
483 1024 46 19 stöd
546 1023 82 20 derföre
649 1023 101 20 behöfver
769 1031 45 13 man
837 1025 33 20 väl

123 1058 52 20 blott
190 1061 77 16 nämna
282 1058 36 19 det
332 1060 46 23 sätt,
395 1058 26 26 på
437 1058 80 19 hvilket
532 1058 41 19 den
584 1058 287 27 räntepersedleomsättning

122 1092 128 24 tillkommit,
273 1092 85 19 hvilken
380 1099 26 12 nu
426 1099 25 13 en
467 1092 50 26 lång
538 1092 28 19 tid
587 1092 64 19 redan
668 1093 78 26 utgjort
761 1092 38 19 och
815 1095 56 17 ännu

122 1128 61 24 utgör
199 1128 54 17 samt
268 1126 106 19 sannolikt
389 1129 56 16 ännu
460 1133 26 13 en
503 1127 29 18 tid
552 1126 96 20 kommer
666 1128 30 17 att
716 1129 73 23 utgöra
808 1133 63 19 grun-

123 1160 39 20 den
180 1161 30 18 för
223 1160 136 26 jordbrukets
376 1160 140 27 beskattning.

191 1194 53 20 Herr
261 1194 147 20 Wasenius:
428 1194 40 26 Jag
488 1194 36 20 ber
542 1196 30 17 att
587 1194 27 26 på
629 1194 36 19 det
681 1196 102 17 varmaste
799 1194 21 19 få
835 1201 36 13 un-

123 1228 107 27 derstödja
245 1228 34 20 det
296 1228 22 20 af
331 1228 53 20 Herr
400 1225 111 30 Öhrnberg
528 1228 119 27 uppställda
662 1228 84 26 förslag,
759 1228 66 25 jemte
837 1228 36 21 det

120 1263 37 26 jag
172 1263 96 20 anhåller
283 1265 30 18 att
328 1263 20 20 få
363 1263 6 20 i
385 1263 128 26 protokollet
530 1263 101 20 bevaradt
647 1263 46 19 mitt
707 1262 137 20 erkännande
853 1263 22 20 af

122 1297 52 20 hans
191 1297 91 20 utmärkt
298 1297 31 20 väl
347 1297 128 20 motiverade
492 1297 156 26 framställning
663 1297 7 18 i
685 1298 78 17 ämnet.

190 1331 54 20 Herr
259 1331 136 20 Mechelin:
418 1332 82 19 Genom
521 1331 35 20 det
571 1331 78 25 förslag
668 1330 29 19 till
715 1329 122 28 förändring
853 1331 24 19 af

123 1365 111 20 utskottets
258 1365 140 26 betänkande,
421 1373 43 12 som
487 1365 23 20 af
527 1365 78 20 Herrar
623 1364 109 27 Nylander
751 1364 39 19 och
806 1360 67 23 Öhrn-

122 1399 51 26 berg
188 1399 128 26 framställts,
332 1399 90 20 erhåller
437 1400 117 26 petitionen
570 1406 25 13 en
612 1399 53 19 form
684 1398 39 19 och
744 1404 25 13 en
789 1397 83 21 beskaf-

122 1433 79 26 fenhet,
225 1440 76 19 genom
325 1434 85 20 hvilken
436 1434 27 20 de
485 1433 177 26 betänkligheter,
684 1432 37 28 jag
742 1432 74 20 uttalat
831 1436 44 19 mot
