1070 1786
407 170 41 17 Den
461 170 22 18 16
497 171 42 21 Maj.
790 170 45 18 1193

162 227 66 20 Herr
243 227 102 26 Sjöros:
377 227 44 20 Den
446 227 101 26 omgång,
570 234 44 13 som
631 227 67 25 enligt
714 228 42 18 min
768 229 89 24 uppfatt-

97 261 50 25 ning
167 263 23 17 är
208 261 71 20 afsedd
301 261 45 19 med
366 261 40 19 den
423 261 128 19 omnämnda
567 261 152 26 hänvisningen
737 261 32 19 till
785 263 9 22 $
811 262 46 24 242,

96 295 106 25 nemligen
226 296 30 18 alt
278 300 45 14 man
348 295 31 18 för
405 294 99 20 utfående
527 295 24 19 af
572 294 129 20 bodmerilän
722 295 55 19 skall
793 295 65 19 anlita

97 328 96 23 domstol,
216 330 22 17 är
263 328 63 26 något
349 335 34 19 ny.
415 328 44 19 Den
485 328 112 25 egendom,
620 334 43 13 som
685 330 60 24 utgör
761 331 49 23 pant
826 329 31 19 för

96 362 74 19 sådant
193 362 40 25 lån,
259 361 104 20 betraktas
387 362 99 25 vanligen
509 362 67 19 såsom
594 361 135 26 handfången
746 364 56 22 pant,
819 362 38 19 och

96 395 183 26 fordringsegaren
303 395 36 19 har
363 394 89 26 derföre,
475 397 50 17 utan
549 397 30 17 att
602 394 90 20 behöfva
707 395 66 19 anlita
788 395 68 27 någon

97 428 181 27 domstolsåtgärd,
298 429 46 19 låtit
363 429 85 26 försälja
467 429 41 19 den
525 429 26 26 på
568 429 92 25 auktion,
677 429 74 19 såvida
766 429 57 19 lånet
838 430 19 25 ej

96 463 62 19 innan
176 462 152 27 förfallodagen
341 462 95 20 betalats.
465 463 40 26 Jag
520 463 73 26 gjorde
609 463 139 26 anmärkning
763 463 72 19 härom
851 463 6 19 i

98 496 116 26 Utskottet;
230 504 46 13 men
294 497 26 19 då
335 497 68 20 dertill
420 498 107 25 svarades,
543 498 68 19 såsom
628 497 143 19 förhållandet
786 500 28 23 är,
828 499 30 17 att

97 537 25 13 en
146 530 62 20 sådan
234 531 55 19 talan
313 534 61 23 göres
393 532 108 26 anhängig
518 532 33 19 vid
568 532 150 19 rådstufvurätt
734 531 6 19 i
757 531 44 19 stad
818 531 38 19 och

97 567 29 16 att
143 564 126 21 domstolens
286 565 67 26 utslag
368 564 41 20 kan
426 564 26 27 gå
467 565 7 19 i
491 564 159 27 verkställighet
666 567 74 24 genast
756 565 53 20 efter
823 565 32 20 det

97 598 115 20 detsamma
229 598 59 26 fallit,
304 600 47 18 utan
367 598 100 20 afseende
484 598 65 26 derpå
564 605 32 13 om
618 598 88 26 ändring
724 598 63 20 sökes
807 598 51 20 eller

97 632 26 25 ej,
139 632 22 19 så
176 632 49 19 fann
240 632 36 26 jag
293 633 42 25 mig
351 632 115 20 föranlåten
483 635 31 17 att
529 633 42 19 låta
587 633 41 19 min
645 632 140 26 anmärkning
801 632 56 19 falla.

98 664 37 20 Att
157 665 60 19 ordet
239 665 142 26 ”utmätning”
405 666 70 19 blifvit
492 665 115 20 bibehållet
622 666 6 18 i
644 667 10 22 $
674 666 37 19 128
728 666 59 19 torde
803 666 53 19 dock

98 698 47 20 icke
164 705 49 13 vara
234 701 39 17 rätt
289 700 100 26 lämpligt.
419 700 114 26 Meningen
549 702 23 17 är
588 700 5 18 i
609 699 42 19 alla
666 699 36 19 fall
718 699 48 25 den,
782 701 30 17 att
827 700 30 18 in-

99 739 32 12 om
156 733 26 19 30
206 732 70 27 dagar,
299 734 52 19 efter
374 734 36 19 det
432 734 25 19 de
483 734 24 18 14
529 734 64 25 dagar
609 736 35 16 äro
660 733 115 26 utgångna,
791 733 66 19 som
844 728 16 36 i

99 766 63 19 första
179 766 111 26 meningen
306 767 22 19 af
342 769 9 21 $
372 767 36 19 128
428 767 111 26 stipuleras
555 767 32 19 för
598 766 66 20 lånets
676 766 115 27 betalning,
803 767 54 19 skall

99 800 129 26 långifvaren
251 800 66 20 utföra
338 800 30 20 sin
386 800 62 26 talan,
465 800 34 20 vid
516 800 73 20 förlust
605 800 21 19 af
640 800 72 20 vidare
728 802 41 17 rätt
783 802 29 18 att
828 803 29 17 ut-

99 834 111 19 bekomma
226 835 30 18 sin
273 834 90 20 fordran.
393 834 58 20 Inom
471 835 25 18 14
512 834 65 26 dagar
591 837 21 17 är
627 834 57 20 lånet
694 834 97 19 förfallet.
821 834 36 20 Sö-

99 868 37 19 ker
151 868 40 18 han
208 868 55 19 inom
281 868 25 19 30
322 868 64 26 dagar
402 868 92 20 derefter
510 868 18 25 ej
545 871 20 15 ut
582 868 30 18 sin
629 868 90 25 fordran,
736 868 23 19 så
770 868 36 19 har
817 868 40 19 han

101 901 85 20 förlorat
206 901 47 19 den.
282 901 40 26 Jag
343 900 86 27 medger
448 902 31 17 att
498 902 31 22 S:n
546 900 70 22 borde,
634 900 6 19 i
656 900 100 20 afseende
772 900 12 19 &
799 901 59 19 ordet

99 935 149 26 ”utmätning”,
267 934 141 26 omredigeras
429 940 56 13 mera
505 934 5 19 i
531 933 109 26 samklang
657 933 47 20 med
720 935 10 22 $
746 933 47 26 242;
810 940 47 13 men

99 969 151 26 hänvisningen
266 971 23 17 är
304 968 66 26 enligt
386 968 42 19 min
444 967 54 27 åsigt
513 968 69 25 rigtig.

167 1003 63 19 Herr
245 999 151 29 Öhrnberg:
426 1003 75 19 Derest
519 1001 155 20 uraktlåtenhet
692 1003 30 18 att
741 1001 56 20 inom
817 1001 39 20 den

99 1037 22 19 af
134 1036 53 19 Herr
203 1034 71 27 Sjöros
293 1043 25 12 nu
338 1036 86 25 angifna
443 1035 29 20 tid
490 1035 89 26 fullfölja
595 1035 54 19 talan
666 1041 32 13 om
716 1035 141 19 bodmerilåns

100 1069 184 26 utbekommande,
307 1069 82 20 medför
404 1076 24 13 en
453 1069 23 19 så
498 1069 65 26 vigtig
579 1068 78 27 påföljd
674 1075 43 13 som
735 1069 67 19 talans
818 1069 38 18 för-

99 1105 47 24 lust,
162 1110 63 19 synes
242 1103 41 26 mig
299 1105 35 23 att,
349 1102 61 19 äfven
427 1108 33 13 om
479 1102 153 25 hänvisningen
649 1101 31 19 till
696 1103 10 22 $
722 1101 41 20 242
779 1104 23 17 är
818 1101 39 26 rig-

100 1138 36 25 tig,
152 1137 126 26 stadgandet
294 1136 53 20 dock
365 1136 63 20 borde
444 1135 83 20 affattas
542 1135 27 26 på
585 1138 29 17 ett
630 1141 56 13 mera
703 1135 105 20 bestämdt
819 1135 38 19 och

100 1171 77 26 tydligt
196 1173 46 23 sätt,
263 1173 25 16 än
307 1170 37 19 här
362 1170 62 20 skett.
454 1170 41 25 Jag
511 1169 65 20 måste
592 1169 22 19 så
630 1169 85 25 mycket
732 1168 65 20 hellre
814 1169 43 18 vid-

100 1204 55 20 hålla
174 1205 70 19 denna
264 1204 41 19 min
324 1204 60 26 åsigt,
400 1210 44 13 som
461 1206 10 21 $
489 1204 40 19 242
545 1203 75 19 endast
635 1205 123 17 omnämner
778 1202 79 19 haveri-

100 1239 39 19 och
162 1238 170 27 försäkringsmål
356 1238 38 19 och
418 1238 73 19 vidare
513 1238 6 18 i
542 1237 90 19 nämnde
648 1239 17 22 $,
681 1235 89 20 likasom
787 1236 5 18 i
809 1235 50 20 flere

100 1272 64 20 andra
180 1274 21 21 $$
218 1272 4 18 i
240 1272 69 19 denna
324 1272 129 25 författning,
470 1271 108 26 begagnas
593 1270 63 20 orden
669 1270 62 26 ”taga
742 1269 117 26 stämning”

100 1307 6 18 i
125 1307 39 18 den
186 1306 91 26 mening,
297 1308 29 17 att
344 1305 39 20 slik
403 1305 71 26 åtgärd
495 1311 49 12 vore
563 1306 30 17 ett
608 1303 123 26 tillräckligt
747 1302 67 20 medel
830 1304 30 17 att

101 1339 83 26 afbryta
202 1339 146 25 preskription.
378 1338 40 25 Jag
438 1340 43 17 tror
501 1339 30 17 att
546 1343 33 13 om
597 1337 39 18 den
652 1336 112 19 anmärkia
782 1335 77 20 bristen

100 1374 19 25 ej
137 1373 38 20 blir
191 1372 129 26 fullständigt
334 1371 107 26 afhulpen,
457 1370 129 21 tvifvelsmål
601 1370 39 19 och
652 1369 143 20 missförstånd
807 1371 53 18 samt

101 1407 61 20 deraf
184 1406 123 19 föranledda
329 1406 72 19 tvister
421 1405 72 19 kunna
509 1405 135 26 uppkomma.
674 1404 40 25 Jag
731 1403 31 20 får
778 1403 82 20 derföre

101 1441 83 19 förorda
200 1439 118 20 återremiss
334 1440 23 19 af
370 1441 10 22 $
399 1439 37 20 128
453 1439 30 19 till
496 1439 113 20 Utskottet,
620 1438 5 19 i
638 1438 34 19 det
683 1437 99 20 afseende
795 1439 29 17 att
835 1437 25 19 de

146 1475 60 18 Välloft.
220 1474 137 20 borgareståndets
366 1474 84 19 protokoll
461 1473 95 20 landtdagen
570 1474 48 14 1572.
795 1469 22 17 76
