1081 1764
179 117 41 22 362
355 123 209 22 Talonpoikaissääty
577 123 55 18 1877.
656 124 27 16 20
695 128 19 16 p.
726 123 95 17 Maalisk.

247 191 10 20 I
273 191 75 26 nådiga
364 191 155 27 propositionen
536 191 48 21 med
600 191 78 26 förslag
693 191 31 20 till
736 191 74 26 stadga
825 197 46 20 ang.
882 197 26 14 en
920 190 76 21 allmän

178 219 216 27 pensionsinrättning
418 219 32 20 för
473 219 140 21 befälhafvare
636 219 39 20 och
697 221 65 18 annat
784 219 75 26 sjöfolk
882 219 26 26 pä
930 218 68 21 finska

178 247 159 28 handelsfartyg
358 248 38 20 och
417 247 6 20 i
444 247 139 21 d-momentet
598 247 20 21 af
634 247 48 21 dess
696 247 68 27 fjerde
777 247 96 27 paragraf
888 249 66 24 säges,
969 249 29 18 att

178 275 41 21 alla
242 276 25 20 de
290 276 88 26 sjömän,
396 282 45 14 som
457 278 35 18 äro
508 276 102 20 inskrifna
626 276 6 19 i
648 276 133 27 sjömanshus
796 275 78 27 årligen
891 275 59 21 skola
965 281 32 14 er-

178 304 61 27 lägga
262 304 59 27 tjugu
344 305 58 20 mark
424 304 107 21 äfvensom
553 307 30 18 att
603 303 41 22 alla
659 304 71 25 andra,
745 304 69 20 ehuru
828 304 46 21 icke
889 303 109 26 inskrifna,

177 332 59 21 skola
252 335 73 23 utgöra
342 333 25 20 10
384 333 57 20 mark
458 332 84 28 ärligen.
555 345 25 2 —
594 332 48 21 Med
656 333 98 20 afseende
770 332 56 25 derä,
836 335 30 18 att
880 332 27 28 pä
922 332 75 26 mänga

178 364 56 17 orter
253 361 34 20 vid
309 361 76 20 kusten
400 361 196 27 jordlägenheterna
612 362 34 19 äro
663 361 44 20 smä
723 361 6 20 i
746 360 130 22 förhällande
892 361 31 20 till
939 367 58 14 man-

178 389 56 27 talet,
256 390 137 27 hvarigenom
415 389 91 21 idkande
528 390 20 20 af
564 390 78 27 sjöfart,
657 390 69 20 säsom
742 395 25 15 en
785 389 95 28 binäring
896 389 30 21 till
941 389 56 28 jord-

178 418 80 27 bruket,
282 418 43 21 ofta
348 418 39 20 blir
409 418 129 26 nödvändig;
561 419 23 20 sä
604 420 29 19 att
653 418 123 21 husbonden
793 418 47 21 med
856 419 32 20 sin
904 424 38 15 son
958 418 40 21 och

178 446 67 27 dreng
266 447 83 26 begifva
372 447 31 27 sig
424 447 26 26 pä
473 447 81 21 kortare
573 447 97 27 sjöresor,
684 453 45 14 som
745 447 64 20 likväl
825 447 17 27 ej
859 447 73 20 kunna
947 446 51 21 hän-

178 475 56 21 föras
256 475 31 21 till
312 475 68 26 vanlig
402 475 82 28 sjöfart;
508 488 26 3 —
557 476 71 20 vidare
649 476 6 19 i
677 475 135 21 betraktande
834 475 64 28 deraf,
918 478 30 18 att
963 475 34 21 vid

178 503 99 21 kusterna
292 503 69 22 finnas
378 504 54 25 boer,
448 504 75 24 hvilka,
538 504 117 21 lifnärande
671 505 31 26 sig
718 505 39 20 och
772 504 94 27 familjen
883 505 46 20 med
946 504 52 21 fiske

178 532 51 21 eller
249 535 65 18 annat
334 533 69 26 lofligt
425 533 141 27 näringsfäng,
589 533 67 20 under
676 533 79 20 sädana
777 533 59 26 tider,
851 533 27 20 dä
898 532 62 22 fisket
975 534 23 19 är

178 561 81 20 mindre
283 561 137 27 inbringande
444 561 38 20 och
505 562 61 20 äfven
589 562 65 19 andra
677 562 98 25 näringar
797 561 81 21 mindre
901 561 97 26 lönande,

178 589 82 27 tvingas
283 591 30 19 att
334 590 93 26 företaga
452 590 82 20 kortare
553 590 96 27 sjöresor,
667 590 31 20 för
714 592 29 18 att
758 589 66 21 skaffa
839 589 111 28 uppehälle
966 590 32 20 för

178 617 45 21 sina
246 617 90 27 familjer
357 630 27 3 —
407 624 63 14 anser
488 619 35 25 jag
545 619 46 20 med
604 619 99 19 afseende
719 618 37 20 allt
770 618 70 27 härpä,
856 618 35 21 det
906 625 49 13 vara
971 625 26 14 en

177 646 33 20 för
232 648 43 18 stor
299 646 115 26 bevillning
433 646 32 20 för
487 647 95 20 bemälde
602 653 105 21 personer,
726 653 46 14 som
787 646 67 28 aldrig
870 647 84 20 komma
969 648 29 19 att

178 674 63 21 hafva
264 674 68 28 nägon
355 674 67 21 fördel
446 675 21 20 af
488 675 183 27 pensionskassan,
694 676 84 20 hvarför
796 675 36 28 jag
854 674 94 27 föreslär,
968 677 30 19 att

177 702 42 21 alla
241 703 31 25 de,
296 710 44 14 som
360 703 52 28 idka
434 703 73 27 sjöfart
528 704 26 26 pä
574 703 68 21 finska
663 704 62 20 viken
746 706 54 18 samt
815 704 26 27 pä
856 703 26 21 de
898 704 99 20 äländska

178 733 84 19 vattnen
279 732 39 20 och
333 732 6 20 i
356 728 112 31 Östersjön,
484 732 85 27 fritagas
584 732 46 20 frän
646 732 137 21 förenämnde
800 732 137 27 betalningar,
945 732 53 20 hvil-

178 759 34 21 ket
233 761 35 26 jag
290 760 26 28 pä
330 760 36 21 det
381 763 133 25 enträgnaste
530 760 93 22 anhäller
642 763 29 19 att
686 761 101 21 utskottet
802 761 48 21 ville
867 763 47 25 taga
930 761 68 21 under

177 788 160 28 öÖfvervägande.

245 851 77 21 Tämän
345 851 83 27 jälkeen
451 852 139 27 puhemiehen
614 852 149 21 ehdotuksesta
785 852 107 28 päätettiin
908 852 90 21 lähettää

176 879 65 27 esitys
256 880 224 21 talousvaliokuntaan.

244 1040 105 21 Esiteltiin
373 1040 97 27 pöydälle
493 1043 63 25 pantu
580 1040 123 21 armollinen
728 1041 64 26 esitys
816 1047 33 15 n:o
872 1041 34 27 42,
928 1040 69 28 Läng-

176 1068 70 21 manin
263 1069 226 21 testamenttirahaston
506 1069 121 21 vastaisesta
642 1069 131 21 hallinnosta.

244 1131 67 20 Ilman
331 1131 135 21 keskustelua
487 1132 107 26 päätettiin
610 1132 140 27 puhemiehen
767 1132 149 21 ehdotuksesta
932 1132 64 21 lähet-

175 1160 33 20 tää
224 1159 124 21 armollinen
364 1160 65 26 esitys
444 1160 225 21 talousvaliokuntaan.

243 1327 145 21 Keisarillisen
404 1328 132 26 Majesteetin
552 1329 115 20 armolliset
682 1329 102 26 esitykset
798 1336 35 14 n:o
848 1330 34 24 43,
897 1330 98 26 Viipurin

174 1356 21 27 ja
217 1355 102 21 Mikkelin
342 1356 102 21 lääneissä
467 1356 82 21 olevien
568 1356 184 28 lähjoitusmaiden
767 1358 164 26 lunastuksesta,
946 1358 50 21 sekä

174 1390 34 15 n:o
224 1385 34 24 37,
273 1385 153 27 karttapaperin
442 1385 112 28 maksosta,
568 1386 58 27 jotka
641 1387 71 20 tämän
726 1386 84 27 jälkeen
826 1386 104 27 esiteltiin,
945 1393 51 21 pan-

174 1413 38 21 tiin
228 1413 121 21 molemmat
365 1413 96 28 pöydälle
476 1413 98 22 tulevaan
590 1414 113 21 istuntoon.
