1081 1831
268 123 211 21 Talonpoikaissääty
492 124 54 16 1877.
570 124 22 16 13
605 128 18 16 p.
635 122 86 18 Helmik.
867 117 39 21 131

87 192 58 21 desto
164 192 162 28 nödvändigare,
347 198 46 16 som
413 192 45 22 vårt
473 193 49 21 land
538 194 55 19 ännu
610 192 53 21 lider
678 194 43 19 stor
735 192 52 22 brist
801 192 27 28 på
842 192 65 22 finsk-

86 220 98 27 språkiga
199 221 208 26 navigationsskolor.

155 249 133 27 Helsingfors
303 250 41 20 den
361 251 10 19 7
388 249 101 21 Februari
506 250 59 20 1877.

667 306 57 22 Karl
738 306 98 28 Langén.

156 392 92 22 Luettiin
263 393 20 27 ja
299 392 116 22 lähetettiin
431 393 140 27 pubemiehen
587 393 155 22 ehdoituksesta
758 393 79 27 säädyn
849 393 58 27 yksi-

86 422 81 28 tviseen
184 422 233 21 valitusvaliokuntaan.

152 610 92 22 Luettiin
261 609 113 23 edusmies
385 611 180 28 Svedbergin
585 611 58 21 esille
660 614 83 18 antama
753 612 152 27 pyyntöesitys,

85 640 48 19 näin
149 640 103 20 kuuluva:

309 725 39 22 Till
363 725 137 22 Hedervärda
514 726 167 22 Bondeständet!

153 783 36 22 Uti
212 784 12 20 5
240 784 12 26 $
268 785 12 20 2
296 784 47 27 kap.
359 783 23 22 G.
397 783 24 22 B.
438 784 107 27 förbjudes
559 784 115 28 äktenskap
689 785 7 20 i
714 784 121 28 »svägerlag
850 784 11 22 ä
877 785 27 20 si-

84 813 53 21 dan>
154 812 94 25 sålunda,
264 814 30 19 att
310 819 25 15 en
352 819 48 15 man
416 813 46 20 icke
478 813 40 21 kan
535 813 68 28 bygga
618 813 115 28 äktenskap
749 813 48 21 med
812 814 33 20 sin
856 814 47 21 bro-

84 842 48 21 ders
148 842 60 27 enka,
223 841 67 22 likasä
305 842 46 21 icke
367 841 66 22 heller
447 842 48 21 med
511 843 30 20 sin
558 842 77 21 aflidne
651 842 86 21 hustrus
747 844 74 25 syster,
831 842 73 21 äfven-

83 877 46 15 som
152 871 110 20 enahanda
280 871 117 26 stadgande
411 871 33 20 för
459 871 78 26 gvinna
552 871 143 21 förekommer
709 871 6 20 i
731 872 11 20 7
759 872 13 27 $
787 871 20 21 af
823 877 80 15 samma

83 899 83 28 kapitel.
196 898 32 22 De
244 900 76 27 många
336 899 141 28 ansökningar
492 906 33 15 om
541 900 96 21 tillåtelse
653 902 30 19 att
697 900 20 21 få
727 900 50 27 ingå
787 900 116 27 äktenskap

85 929 29 20 uti
136 928 92 27 antydde
250 928 203 28 svågerskapsleder,
476 935 44 14 som
543 929 6 20 i
565 929 49 20 våra
630 929 53 20 tider
698 929 31 21 till
745 929 158 21 vederbörande

84 961 31 18 ort
129 957 111 26 inlemnas,
256 964 64 21 synas
334 957 93 27 häntyda
442 957 31 28 på,
489 960 30 19 att
533 957 56 22 detta
604 957 78 28 lagbud
693 964 89 15 numera
791 957 46 21 icke
852 964 51 21 upp-

84 986 60 21 bäres
159 987 21 20 af
195 986 35 21 det
245 987 106 21 allmänna
365 986 205 27 rättsmedvetandet,
585 987 38 20 och
639 986 44 21 skäl
699 986 31 21 till
746 987 48 20 dess
810 986 93 21 bibehål-

83 1015 62 21 lande
161 1015 59 21 torde
235 1015 46 22 icke
297 1015 67 22 heller
378 1015 118 27 förefinnas,
512 1015 25 21 då
553 1015 63 27 något
631 1015 139 21 såbeskaffadt
785 1015 116 21 blodsband

82 1044 47 21 icke
151 1045 7 20 i
182 1044 56 21 detta
260 1044 125 28 svågerskap
401 1045 12 20 å
429 1044 60 21 sidan
504 1044 118 21 förefinnes,
638 1050 44 15 som
698 1044 71 21 kunde
785 1046 50 25 göra
851 1051 51 20 upp-

82 1073 114 20 häfvandet
214 1073 21 20 af
250 1073 56 21 detta
321 1073 78 28 lagbud
416 1072 119 27 betänkligt.
561 1073 97 20 Tvertom
673 1079 64 20 synes
753 1073 40 25 det,
808 1079 45 14 som
869 1073 33 20 väl

82 1102 63 27 ingen
163 1101 64 22 borde
242 1109 50 14 vara
306 1101 123 28 lämpligare
445 1102 39 21 och
499 1102 48 20 med
562 1103 93 19 ömmare
670 1101 55 21 band
741 1101 64 21 redan
821 1101 26 27 på
861 1101 41 20 för-

82 1130 56 21 hand
154 1131 86 20 bunden
255 1131 34 20 vid
306 1131 26 20 de
348 1131 96 20 värnlösa
459 1131 44 20 små
518 1131 53 20 efter
585 1137 25 14 en
626 1130 78 21 afliden
719 1130 60 21 fader
793 1130 52 21 eller
857 1137 45 14 mo-

82 1160 42 25 der,
140 1161 26 19 än
182 1159 60 22 deras
257 1160 84 21 moders
357 1161 68 24 syster
440 1159 51 21 eller
505 1159 69 21 faders
590 1159 81 24 broder,
686 1159 38 21 och
740 1161 30 19 att
779 1159 64 27 ingen
855 1159 47 27 följ-

81 1188 93 27 aktligen
190 1194 50 15 vore
255 1188 114 27 passligare
384 1190 30 19 att
428 1187 71 28 intaga
510 1188 41 20 den
562 1187 77 21 aflidne
645 1187 85 21 fadrens
741 1187 52 21 eller
802 1187 100 21 modrens

82 1217 66 25 ställe,
164 1219 26 18 än
206 1217 40 20 den
262 1223 46 15 som
323 1217 64 21 redan
403 1217 57 20 förut
475 1218 23 19 är
513 1223 76 20 genom
605 1216 39 21 den
661 1216 78 21 aflidne
753 1216 49 21 med
817 1216 48 21 dem
879 1216 22 21 så

82 1247 49 19 nära
147 1245 113 27 beslägtad.
277 1258 27 2 —
316 1245 42 27 Jag
372 1245 31 21 fär
417 1245 69 20 derför
499 1245 81 25 föreslå,
592 1247 29 18 att
632 1245 35 20 det
677 1245 129 21 hedervärda
816 1245 85 20 Bonde-

82 1273 82 22 ståndet
180 1274 54 21 ville,
250 1281 34 14 om
300 1274 35 21 det
349 1274 69 21 finner
428 1274 63 20 saken
504 1274 88 27 förtjena
605 1273 104 26 afseende,
722 1273 38 21 och
771 1273 52 21 efter
834 1273 66 21 skedd

81 1302 127 27 inbjudning
226 1303 37 20 hos
279 1302 139 21 medstånden
433 1309 34 14 om
483 1302 124 27 deltagande
623 1302 49 25 deri,
688 1303 37 20 hos
741 1301 60 22 Hans
815 1301 85 27 Kejser-

80 1331 44 27 liga
146 1331 97 27 Majestät
265 1331 94 20 inlemna
373 1337 27 15 en
415 1331 131 26 underdänig
561 1330 87 27 petition
664 1337 34 14 om
714 1333 30 18 att
759 1330 11 27 $
786 1331 12 20 5
813 1330 8 21 i
836 1331 12 19 2
864 1330 37 20 ka-

81 1359 59 28 pitlet
163 1359 198 22 Giftermälsbalken
384 1359 69 21 blefve
469 1359 125 27 upphäfven,
610 1359 100 27 antingen
725 1359 32 20 hel
775 1359 38 21 och
829 1358 71 21 hållen

81 1388 51 21 eller
147 1388 7 20 i
170 1388 26 21 de
211 1388 58 21 delar
284 1388 40 21 den
340 1388 113 21 innefattar
468 1388 75 20 förbud
558 1387 33 21 för
605 1393 136 22 mansperson
757 1389 30 19 att
801 1387 52 26 gifta
869 1387 32 27 sig

81 1416 48 21 med
150 1416 32 21 sin
198 1416 86 21 broders
300 1417 54 20 enka
369 1416 51 21 eller
435 1417 47 19 med
498 1416 32 20 sin
546 1416 77 20 aflidne
639 1416 85 20 hustrus
739 1418 73 24 syster,
828 1415 72 21 äfven-

80 1451 46 13 som
149 1445 12 25 $
185 1446 11 18 7
215 1445 6 18 i
236 1451 81 13 samma
332 1444 84 26 kapitel,
431 1444 68 21 såvidt
513 1445 35 20 det
563 1446 34 19 rör
613 1444 78 26 qvinna
705 1444 7 20 i
728 1444 109 21 enahanda
853 1443 46 21 svå-

80 1472 164 27 gerskapsleder.

148 1500 133 28 Helsingfors
296 1500 41 21 den
354 1500 11 20 9
380 1499 100 22 Februari
497 1500 59 20 1877.

676 1539 25 21 A.
719 1539 109 28 Svedberg.
