1081 1767
255 120 211 22 Talonpoikaissääty
479 121 55 17 1877.
558 121 22 16 13
592 125 19 17 p.
624 120 86 18 Helmik.
859 114 40 20 119

78 188 86 28 dugliga
185 188 111 28 protokoll,
315 188 36 21 vill
366 189 35 27 jag
417 189 94 21 deremot
526 189 106 27 anmärka,
648 191 29 19 att
692 191 29 19 ett
736 188 109 28 protokoll,
855 188 45 22 deri

78 219 30 19 ett
122 217 135 27 andragande
271 218 80 20 införes
365 218 27 27 pä
406 217 74 26 finska,
495 220 30 18 ett
535 220 64 18 annat
609 218 27 27 pä
646 218 96 25 svenska,
753 219 24 19 är
787 223 25 15 en
824 218 77 20 oform-

77 246 66 26 lighet
158 248 50 18 utan
223 246 47 20 like.
292 245 43 22 Det
348 246 39 21 har
401 247 112 26 anmärkts,
529 248 30 19 att
573 246 132 27 protokollen
720 246 18 27 ej
755 245 94 21 medföra
864 246 37 20 nä-

77 280 41 21 gon
142 276 66 25 nytta,
231 274 26 21 dä
279 274 26 22 de
328 274 18 27 ej
368 274 60 21 läsas.
458 274 41 27 Jag
520 277 44 19 tror
581 275 62 20 äfven
666 276 30 19 att
711 274 36 21 det
761 280 58 15 mera
834 274 67 21 sällan

78 302 53 21 skall
149 302 136 27 förekomma,
301 305 29 19 att
345 309 49 15 man
409 303 55 21 läser
480 303 53 27 dem,
548 305 58 19 utom
622 303 27 21 dä
664 309 26 15 en
706 302 59 28 fräga
780 303 120 27 upprepade

77 331 80 28 gänger
171 331 124 21 behandlats
310 331 39 21 och
364 338 48 14 man
429 331 36 21 vill
480 332 50 27 följa
545 331 48 22 med
607 331 84 28 frägans
701 331 127 27 utveckling.
851 330 50 22 Men

77 360 65 21 likväl
160 366 62 15 anser
239 361 35 27 jag
289 360 36 21 det
341 367 48 14 vara
403 361 73 27 hvarje
492 360 174 22 ständsmedlems
681 360 98 26 rättighet
794 362 30 19 att
837 360 63 21 hafva

76 389 127 27 protokollet
225 389 126 27 tillgängligt
373 389 26 27 pä
414 389 36 21 det
464 389 62 28 språk
541 390 40 20 han
604 389 82 21 förstår.
716 388 74 22 Såsom
806 388 45 22 skäl
867 388 33 22 för

77 417 36 21 sitt
133 418 78 27 förslag
234 418 128 21 omnämnde
384 418 184 21 kommunalrädet
589 418 111 21 Meurman
723 418 74 20 endast
815 418 41 26 det,
871 419 30 19 att

77 447 97 20 notarien
196 453 29 14 nu
248 447 37 20 har
307 447 70 21 alltför
400 447 86 27 mycket
509 448 74 21 besvär
603 447 48 22 med
674 447 136 28 protokollets
833 447 67 20 öfver-

76 475 98 27 sättning.
211 475 11 20 1
237 475 69 22 stället
329 476 35 20 vill
389 475 183 22 kommunalrådet
591 483 31 14 nu
640 476 97 21 ähvälfva
757 476 58 21 detta
832 476 68 20 öfver-

76 504 180 27 sättningsbesvär
270 504 73 27 hvarje
357 504 171 22 ständsmedlem.
547 505 32 21 En
596 505 85 21 enklare
696 505 85 27 lösning
796 505 21 20 af
826 504 74 27 frågan

77 539 49 15 vore
153 535 31 19 att
206 539 26 15 en
255 533 89 21 kanslist
363 533 31 21 till
419 533 69 22 skulle
514 536 86 26 antagas
627 533 40 22 och
693 533 126 28 protokollet
844 533 56 21 föras

76 561 69 50 von
165 562 62 21 förut.
257 562 41 28 Jag
315 562 87 21 föreslär
421 564 30 20 att
473 562 183 22 kommunalrädet
677 562 123 21 Meurmans
822 562 79 27 förslag

86 591 99 20 Orkastas.

144 641 113 22 Edusmies
272 643 130 21 Puhakka
417 643 71 26 arveli,
504 644 48 21 ettei
568 650 22 15 se
606 643 155 28 vahingoittaisi
776 643 82 26 ketään,
868 643 32 27 jos

76 670 127 27 pöytäkirjat
225 671 129 21 tulisivatkin
377 673 67 20 vähän
461 673 145 20 aikaisemmin
622 672 70 21 taikka
709 673 66 20 vähän
791 672 109 27 myöhem-

76 699 43 20 min
136 699 149 27 kirjoitetuiksi
302 700 81 21 toiselle
398 701 90 26 kielelle,
504 701 155 21 käännöksessä
674 701 57 26 nim.,
744 701 65 21 koska
820 701 79 20 kansan

77 728 138 21 enemmistön
232 729 68 21 kauan
316 729 59 21 aikaa
391 736 28 14 on
441 731 99 26 täytynyt
557 731 75 26 tyytyä
646 729 180 28 suurempaankin
841 729 59 21 seka-

77 758 91 19 sortoon.
198 757 41 22 Sen
255 758 88 21 suhteen
360 759 63 20 toivoi
440 759 79 27 puhuja
534 759 90 26 yhteistä
634 759 93 20 suosiota
740 758 79 27 säädyn
831 759 69 26 jäsen-

77 786 35 19 ten
128 785 85 22 kesken.

145 837 214 30 Landtdagsmannen
383 839 111 22 Stråhle
509 840 65 28 ansåg
597 839 36 21 det
649 846 49 14 vara
713 841 30 20 ett
757 845 98 22 nonsens,
871 842 30 19 att

76 867 30 20 ett
129 867 103 27 protokoll
255 869 141 20 omvoxlande
419 869 56 20 föres
497 869 26 27 pä
544 869 35 21 två
602 868 68 28 språk.
699 867 42 22 Det
755 869 55 20 enda
825 868 75 28 riktiga

78 901 49 14 vore
150 898 31 19 att
195 897 126 27 protokollet
335 897 133 27 fullständigt
482 897 70 22 fördes
567 898 26 27 pä
608 897 102 22 hvardera
726 897 90 27 spräket.
837 897 63 22 Hvad

77 925 159 26 stenograferna
251 925 120 27 beträffade,
386 926 65 27 ansäg
466 926 79 21 talaren
562 927 60 20 deras
638 926 118 27 antagande
771 926 62 21 hafva
847 927 54 20 varit

78 953 92 28 onödigt,
191 954 26 21 dä
240 955 35 20 det
289 956 18 25 ej
325 955 53 20 varit
394 955 64 27 nägot
473 957 29 19 att
518 955 99 21 anmärka
632 956 45 19 mot
692 957 82 19 senaste
790 955 111 27 landtdags

77 982 110 28 protokoll,
210 983 67 21 ehuru
299 983 134 28 stenografer
455 983 26 21 dä
504 984 18 27 ej
546 984 80 20 funnits
642 984 7 19 i
664 983 89 21 ständet.
783 983 40 22 För
838 983 63 26 öfrigt

78 1009 101 22 förenade
194 1011 32 28 sig
241 1012 79 21 talaren
336 1012 48 21 med
400 1012 182 21 ombudsmannen
598 1012 91 21 Eklund.

146 1059 213 28 Landtdagsmannen
375 1059 150 28 Svedberg:
554 1059 12 22 I
580 1059 121 22 hufvudsak
716 1059 85 21 förenar
812 1059 35 27 jag
858 1059 43 26 mig

77 1089 48 20 med
149 1088 56 22 Herr
224 1088 86 21 Eklund
327 1089 37 21 och
381 1089 36 20 vill
433 1088 53 22 blott
501 1089 83 26 betona,
599 1090 30 19 att
644 1088 35 21 det
694 1089 23 20 är
731 1087 72 27 hvarje
819 1087 82 21 ständs-

78 1117 103 21 medlems
202 1117 124 28 ovilkorliga
347 1117 98 28 rättighet
465 1119 29 19 att
509 1117 26 28 pä
550 1117 36 22 det
600 1117 63 26 spräk
678 1117 41 20 han
735 1116 80 27 förstär,
830 1116 21 20 fä
867 1115 34 21 del

78 1145 22 22 af
118 1147 31 20 ett
171 1145 126 28 föregäende
320 1148 66 19 mötes
403 1146 63 27 belut,
482 1153 33 14 om
531 1146 41 21 han
588 1147 13 20 t.
617 1152 33 14 ex.
666 1145 53 21 varit
734 1145 122 21 förhindrad
871 1146 31 19 att

78 1174 109 21 öfvervara
211 1174 75 27 sjelfva
307 1176 70 19 mötet.
407 1174 42 21 Det
472 1181 48 15 vore
536 1174 96 21 orättvist
646 1175 30 19 att
691 1173 77 26 fordra,
783 1175 30 19 att
828 1174 73 27 hvarje

78 1202 165 22 ståndsmedlem
264 1203 69 21 skulle
356 1203 59 21 bestå
436 1204 32 26 sig
490 1203 54 21 skild
566 1203 51 21 tolk.
648 1203 40 20 Om
706 1202 193 27 kanslipersonalen

78 1233 18 26 ej
113 1235 23 18 är
151 1232 118 27 tillräcklig,
283 1232 34 21 må
332 1238 49 14 man
396 1234 76 25 antaga
487 1232 51 21 flere
554 1237 100 22 personer
669 1231 38 21 till.

146 1278 214 27 Landtdagsmannen
375 1278 127 21 Eklund:
532 1278 42 28 Jag
588 1278 85 21 förenar
686 1278 43 27 mig
742 1278 48 21 med
801 1277 100 22 ombuds-

78 1313 91 15 mannen
186 1307 108 28 Svedberg
309 1307 78 28 derom,
403 1309 29 19 att
448 1307 35 21 det
498 1309 22 19 är
532 1313 27 15 en
575 1307 91 27 naturlig
689 1307 99 27 rättighet
802 1307 33 20 för
850 1307 52 20 hvar

78 1336 39 21 och
129 1342 27 14 en
171 1338 30 19 att
217 1336 19 21 få
252 1336 34 21 del
301 1336 22 20 af
336 1336 128 28 protokollet
478 1336 26 27 pä
520 1337 36 20 det
570 1336 62 27 språk
647 1336 41 20 han
703 1335 81 21 förstår.
809 1335 92 27 De,som

78 1366 54 20 mest
154 1364 69 22 skulle
245 1365 85 21 komma
352 1366 29 20 att
399 1365 44 20 lida
458 1364 70 28 derpå,
543 1367 29 19 att
586 1364 128 28 protokollet
729 1364 70 21 fördes
815 1370 86 15 omvex-

78 1392 63 21 lande
157 1392 26 27 på
198 1393 35 20 två
248 1393 68 27 språk,
331 1399 49 15 vore
396 1393 94 20 ständets
504 1393 68 20 finska
587 1392 85 20 talande
687 1392 144 26 medlemmar,
845 1398 56 15 eme-

78 1420 42 21 dan
144 1421 25 21 de
192 1422 74 26 utgöra
289 1420 94 22 flertalet.
414 1420 39 21 Om
476 1420 132 27 protokollen
626 1420 53 20 först
694 1420 53 21 efter
762 1420 140 26 landtdagens

78 1449 43 21 slut
143 1450 84 20 komma
243 1451 30 19 att
288 1449 123 21 öfversättas
427 1449 31 21 till
474 1448 35 22 det
524 1448 66 22 andra
604 1448 91 28 språket,
710 1448 23 22 så
748 1448 82 22 medför
845 1448 35 21 det
894 1448 8 20 i

78 1478 42 21 alla
142 1478 37 21 fall
197 1478 118 22 kostnader.
344 1477 68 23 Dessa
427 1478 113 20 kostnader
555 1477 71 21 kunde
642 1483 30 15 nu
687 1477 5 21 i
709 1477 70 21 stället
793 1477 109 21 användas

79 1507 31 21 till
131 1507 130 22 bekostande
283 1507 21 21 af
327 1514 26 14 en
374 1507 89 21 kanslist
484 1506 32 22 till
536 1507 8 20 i
566 1506 70 21 stället
656 1506 33 21 för
703 1506 77 21 svensk
795 1506 107 28 stenograf
