1073 1814
170 124 41 21 772
363 130 212 32 Talonpoikaissääty
587 122 54 43 1877.
666 129 27 17 23
705 134 19 26 p.
738 129 93 31 Toukok.

171 198 76 22 taisiin.
277 198 57 21 Siinä
357 205 27 14 on
406 205 39 20 syy
468 198 123 21 mintähden
615 198 19 21 ei
650 198 111 21 ollenkaan
777 197 140 27 ajatellakaan
933 196 60 22 herra

171 227 164 27 Chydeniuksen
352 227 153 21 vastalausetta.

240 284 112 22 Edusmies
379 284 238 28 Kumpulainen:
653 284 64 20 Tämä
741 284 60 21 herra
829 283 164 27 Chydeniuksen

172 314 117 21 vastalause
306 313 144 21 valiokunnan
466 313 109 22 mietintöä
591 315 86 19 vastaan
693 319 28 15 on
736 312 99 21 niinkuin
845 312 99 21 virvatuli
957 312 38 20 tai-

172 338 68 34 vaalla
255 338 66 42 pimeä
340 344 12 19 ä
367 342 142 27 syksy-yönä;
525 342 59 21 sekin
600 342 74 21 loistaa
690 341 121 27 kirkkaasti,
827 347 54 15 vaan
897 347 98 15 sammuu

171 372 48 26 pian
235 372 22 26 ja
271 372 63 26 jättää
349 364 106 34 jälkeensä
471 364 42 33 yhä
527 371 141 25 synkemmän
683 370 120 32 pimeyden.
828 370 50 21 Niin
895 376 26 14 on
935 370 60 20 herra

172 399 165 27 Chydeniuksen
360 391 201 29 'vastalauseessakin
585 399 97 21 loistavia
703 399 21 27 ja
747 399 94 20 kauniita
857 398 139 26 ehdoituksia,

171 429 58 27 jotka
245 428 126 21 tarkemmin
386 427 86 21 katsoen
490 429 108 25 näyttävät
612 427 141 21 tarkoittavan
768 426 46 33 sitä,
825 428 42 20 että
883 427 82 21 1863—
969 422 26 25 65

173 457 83 21 vuoden
273 459 71 19 asetus
359 456 107 21 saataisiin
482 456 121 21 kumotuksi
619 456 28 21 tai
662 456 58 26 jollei
735 456 56 27 juuri
808 455 127 26 kumotuksi,
951 454 43 22 niin

173 485 133 21 kumminkin
322 491 37 15 sen
369 485 162 27 toimeenpanon
543 484 129 22 kaukaiseen
685 484 168 21 tulevaisuuteen
865 484 129 27 poistetuksi.

171 513 64 22 Juuri
251 514 141 21 etulauseesta
408 514 103 27 nähdään,
525 514 82 21 kuinka
621 515 43 20 tätä
679 514 56 21 asiaa
751 513 112 22 aiottaisiin
880 512 115 28 viivytellä,

172 544 21 26 ja
207 544 33 26 jos
255 543 131 21 ruvettaisiin
402 549 37 14 sen
455 543 92 21 mukaan
563 543 128 26 toimimaan,
703 542 53 21 voisi
767 542 63 21 saada
841 541 155 22 vitkastelluksi

173 572 54 21 ehkä
243 572 132 25 vuosisadan,
390 571 122 22 ennenkuin
529 579 22 14 se
567 571 103 28 epäkohta
685 571 106 21 saataisiin
808 571 130 27 poistetuksi,
953 571 44 26 jota

173 601 83 21 vuoden
281 600 134 21 1863—65:n
438 603 71 18 asetus
531 600 117 21 tarkoittaa.
677 599 121 22 Sentähden
821 599 92 27 hylkään
936 599 60 21 herra

173 629 164 27 Chydeniuksen
354 629 146 21 vastalauseen
515 629 22 27 ja
552 629 73 27 yhdyn
642 628 143 21 valiokunnan
802 629 130 20 mietintöön.

242 685 212 28 Landtdagsmannen
469 685 186 22 Hollmörus:
677 685 42 27 Jag
734 688 47 22 tror,
797 687 30 19 att
841 686 7 19 i
864 685 56 22 detta
936 685 60 21 ständ

173 715 46 20 icke
235 714 52 21 skall
303 713 69 22 finnas
388 714 68 27 någon
473 714 98 27 medlem,
587 720 44 15 som
648 714 49 21 ville
713 715 98 20 motsätta
826 715 31 26 sig
873 714 42 20 den
930 713 67 22 finska

174 743 161 27 befolkningens
355 742 8 20 i
386 742 69 21 denna
476 743 37 20 sak
528 743 87 21 rättvisa
629 743 124 26 fordringar,
769 743 36 27 jag
819 743 128 20 ätminstone
962 742 35 27 pä-

173 771 64 26 yrkar
251 771 106 22 bestämdt
372 773 29 19 att
416 771 84 21 rättvisa
516 771 54 21 skall
587 771 119 21 vederfaras
721 771 47 21 alla.
793 771 74 21 Ehuru
883 777 49 15 man
948 771 50 21 med

172 799 106 22 förkärlek
301 800 38 20 här
360 800 51 20 talat
433 806 34 14 om
489 800 55 21 1863
568 799 33 22 ärs
625 799 129 28 förordning,
769 799 22 21 sä
807 806 64 20 synes
886 799 41 21 den
944 799 53 22 dock

173 829 47 20 icke
243 835 49 14 vara
315 828 117 28 tillräcklig,
448 828 26 21 dä
495 835 49 14 man
560 829 23 20 sä
598 828 86 27 mycket
698 828 134 27 petitionerat
846 829 7 20 i
869 828 70 21 denna
954 829 43 20 sak.

174 857 33 21 En
231 857 50 22 brist
304 857 45 20 deri
370 859 29 24 är,
415 859 29 19 att
460 857 40 21 den
520 857 83 21 lemnar
618 857 21 20 ät
654 859 87 19 senaten
757 859 30 19 att
801 857 84 27 föreslä,
900 857 26 28 pä
942 857 54 20 hvad

173 887 41 19 sätt
236 886 67 21 finska
326 886 84 27 spräket
431 886 64 20 borde
517 888 46 25 steg
583 886 33 21 för
633 888 46 24 steg
693 886 80 21 införas
791 886 34 20 vid
840 886 84 21 landets
940 886 58 21 dom-

173 914 65 21 stolar
253 915 39 20 och
308 914 138 21 embetsverk.
476 914 63 21 Detta
555 917 23 18 är
593 921 26 14 en
635 914 80 27 ganska
731 914 114 21 vidsträckt
858 914 140 27 bestämning,

173 949 46 14 som
241 943 82 21 lemnar
344 943 21 21 ät
387 945 86 19 senaten
495 945 40 19 rätt
551 945 29 19 att
595 943 77 21 handla
687 949 46 15 som
748 943 40 21 den
805 943 79 27 tycker.
914 943 13 20 I
942 943 57 21 detta

173 971 38 21 fall
234 978 61 14 anser
315 972 36 26 jag
372 972 49 20 herr
443 971 104 28 Chydenii
567 971 78 27 förslag
661 978 49 15 vara
726 971 86 27 mycket
827 972 109 27 tydligare.
966 971 32 22 Dä

173 1000 45 21 deri
233 1000 62 21 äfven
310 1000 86 26 stär,att
411 1000 40 21 den
468 1007 43 19 nya
525 1000 152 27 författningen
691 1000 69 22 skulle
776 1000 59 21 träda
849 1002 7 19 i
874 1000 57 22 kraft
939 1007 56 15 ome-

174 1028 83 22 delbart
277 1029 53 21 efter
345 1030 48 20 dess
408 1029 138 26 stadfästelse,
562 1029 22 21 sä
597 1031 22 19 är
635 1029 35 21 det
685 1029 54 21 klart
753 1031 31 19 att
800 1029 54 21 1865
871 1029 33 21 års
918 1029 81 21 förord-

174 1058 51 26 ning
247 1058 43 20 stär
310 1058 41 20 fast
372 1057 31 21 till
426 1057 47 21 dess
497 1058 41 20 den
562 1058 40 20 blir
617 1058 92 21 stadfäst.
739 1058 41 27 Jag
796 1064 61 15 anser
873 1058 70 21 derför
958 1058 39 20 den

174 1086 111 21 förefallna
308 1086 147 21 diskussionen
479 1086 64 22 hafva
565 1086 66 22 likhet
652 1087 48 20 med
725 1086 40 22 den
783 1086 90 22 bekanta
888 1086 110 22 riddarens

174 1115 66 21 anfall
262 1117 42 19 mot
328 1116 165 26 vädergvarnen,
508 1115 73 21 såvida
600 1122 49 14 man
665 1115 6 20 i
687 1116 49 20 herr
749 1115 104 27 Ohydenii
869 1116 129 21 reservation

174 1146 41 18 sett
230 1150 25 14 en
272 1144 87 21 inbillad
374 1144 76 27 fiende,
461 1144 27 20 dä
503 1144 41 21 den
560 1144 65 21 likväl
640 1144 66 21 bättre
722 1146 27 19 än
763 1144 55 21 1863
831 1145 33 20 ärs
874 1144 125 28 förordning

174 1172 38 27 gär
231 1173 26 27 pä
272 1173 42 21 sak.
344 1172 42 27 Jag
400 1175 89 24 tror,att
505 1180 35 14 om
555 1172 64 28 nägot
634 1175 64 19 annat
713 1180 64 14 namn
794 1173 50 21 stätt
854 1173 69 21 under
932 1179 66 15 reser-

175 1202 105 25 vationen,
295 1201 23 21 sä
333 1201 68 21 skulle
417 1201 160 21 Bondeständet
591 1202 101 26 enhälligt
707 1202 80 26 antagit
803 1202 46 21 den.

243 1258 113 21 Edusmies
377 1257 145 21 Puhakka
545 1258 118 21 huomautti
685 1258 107 22 edusmies
809 1258 113 21 Gadolinin
938 1265 60 15 sano-

174 1292 61 22 neen,
251 1288 41 19 että
307 1286 62 20 herra
383 1286 166 26 Chydeniuksen
564 1286 118 22 vastalause
697 1293 27 14 on
740 1288 91 20 samasta
841 1287 94 21 mielestä
947 1287 51 21 kuin

176 1315 142 20 valiokunnan
341 1314 104 27 mietintö;
470 1315 84 21 »minkä
576 1314 98 27 tähden»,
696 1315 62 27 kysyi
777 1316 86 27 puhuja,
880 1322 51 14 »sen
947 1316 51 20 nimi

175 1344 48 20 sitte
239 1349 26 15 on
282 1343 172 20 vastalause?»

243 1398 214 28 Landtdagsmannen
478 1399 147 21 Gadolin:
656 1398 49 22 Man
722 1400 37 20 har
774 1400 41 20 fäst
829 1400 32 26 sig
877 1400 35 21 vid
928 1400 35 20 det
978 1400 20 20 af

175 1428 44 27 mig
237 1428 123 27 begagnade
376 1427 59 22 ordet
450 1428 129 21 monomani.
608 1427 80 22 Härvid
705 1428 35 21 vill
756 1428 35 28 jag
806 1428 101 28 påminna
922 1430 31 20 att
963 1429 36 27 jag

175 1457 66 21 lefvat
263 1456 53 21 bäde
336 1456 26 28 pä
382 1456 69 22 finska
470 1457 39 21 och
530 1457 91 21 svenska
639 1457 85 21 talande
739 1459 56 20 orter
818 1458 39 21 och
873 1459 35 20 vet
923 1457 75 28 derför,

175 1487 30 20 att
220 1486 38 21 hos
274 1485 67 22 folket
355 1486 46 21 icke
417 1486 114 21 förefinnes
547 1486 69 27 nägon
631 1486 98 21 hätskhet
743 1489 44 19 mot
805 1487 121 27 nägondera
941 1475 57 45 sprä-

175 1515 42 20 ket.
247 1514 100 28 Orsaken,
363 1515 84 21 hvarför
469 1515 35 28 jag
525 1515 124 28 begagnade
671 1515 57 21 detta
744 1515 43 28 ord,
805 1523 36 14 var
857 1516 47 26 den,
920 1517 30 20 att
964 1516 34 27 jag
