1078 1767
159 112 41 20 472
348 117 208 21 Talonpoikaissääty
569 117 54 17 1877.
647 117 24 16 10
683 121 19 15 p.
714 116 84 18 Huhtik.

228 184 212 27 Landtdagsmannen
463 184 77 22 Keto:
571 185 38 20 Om
631 184 23 20 sä
673 186 29 24 är,
721 186 30 19 att
771 184 26 21 de
817 184 58 21 skola
891 184 88 26 tryckas,

159 213 23 21 sä
192 213 35 21 mä
242 213 35 21 det
291 214 37 20 ske
344 213 26 27 pä
385 213 77 21 allmän
479 213 121 21 bekostnad.
630 212 41 27 Jag
686 218 67 20 anser,
769 214 30 19 att
813 213 36 20 det
862 215 23 18 är
900 212 22 21 af
936 213 43 19 sär-

160 242 57 20 deles
233 242 48 26 vigt,
297 243 30 19 att
341 241 178 26 diskussionerna,
529 248 44 14 som
589 242 38 20 här
641 241 61 25 föras,
720 241 84 21 komma
813 240 31 22 till
855 241 124 21 kommiten-

160 272 69 19 ternas
244 270 102 27 kunskap,
358 270 26 26 pä
399 270 35 20 det
449 272 30 19 att
493 270 26 20 de
535 270 34 20 mä
583 269 21 21 få
619 276 28 18 se,
658 270 70 20 hvilka
745 276 98 21 personer
858 270 26 20 de
899 269 81 21 skickat

161 301 24 19 ut
200 299 38 20 och
254 298 26 21 de
295 298 90 21 sålunda
400 298 65 21 blifva
482 298 179 28 »blamagerade».

227 355 113 21 Edusmies
361 355 196 27 Karvosenoja
577 356 55 20 vaati
652 357 60 25 myös
734 355 126 27 pöytäkirjat
878 356 101 27 painetta-

161 384 59 25 viksi,
235 384 68 21 osaksi
319 384 48 21 siitä
381 386 78 25 syystä,
474 384 72 21 minkä
561 384 105 21 edusmies
681 384 54 21 Keto
751 384 29 21 oli
795 384 107 26 lausunut,
911 384 68 21 osaksi

160 413 122 25 sentähden,
305 415 42 19 että
368 413 94 21 tulevilla
483 413 76 21 uusilla
575 413 145 21 edusmiehillä
735 413 46 21 olisi
797 413 96 21 tilaisuus
908 413 72 21 niiden

160 442 72 21 kautta
255 441 109 22 valmistaa
384 442 91 21 itseänsä
490 442 65 20 niihin
571 441 95 26 asioihin,
680 442 51 20 mitä
747 441 110 21 edellisillä
873 441 107 27 valtiopäi-

161 470 49 21 villä
232 477 27 14 on
280 471 140 25 keskusteltu;
440 470 55 27 joka,
518 471 94 27 puhujan
632 470 101 26 mielestä,
753 470 46 21 olisi
815 471 38 20 sitä
868 472 111 19 enemmän

160 499 145 27 tarpeellinen,
320 499 65 20 koska
401 499 113 20 armollisia
530 499 99 26 esityksiä
644 502 103 17 annetaan
765 499 148 26 valtiopäiville
924 499 57 20 edel-

161 527 62 21 lisillä
246 527 149 28 valtiopäivillä
412 527 105 26 tehdyistä
533 527 205 27 pyyntöesityksistä.
767 527 52 21 Mitä
834 527 57 21 tulisi
906 527 74 24 siihen,

161 556 58 21 millä
240 556 87 21 varoilla
348 556 126 27 pöytäkirjat
493 558 49 19 ovat
557 556 133 27 painettavat,
705 556 65 20 arveli
786 556 84 27 puhuja,
886 558 47 24 että,
948 556 32 26 jos

161 590 27 15 ne
210 584 127 27 yksityisillä
353 584 83 21 varoilla
454 585 146 26 painettaisiin,
615 584 46 21 olisi
677 586 62 25 svytä
753 584 228 27 Talonpoikaissäädyn

161 613 126 27 pöytäkirjat
309 613 105 27 painattaa
436 614 87 20 ainoasti
547 613 178 26 suomenkielellä,
746 613 32 26 jos
800 613 68 25 kohta,
883 613 97 20 niinkuin

161 641 80 27 puhuja
256 648 69 14 ennen
341 642 29 20 oli
386 642 100 24 vaatinut,
501 649 26 14 ne
538 641 134 21 molemmilla
684 641 79 21 kielillä
774 641 206 27 kirjoitettaisiinkin.

161 670 49 21 Että
233 671 132 20 ruotsinkieli
385 672 54 19 tässä
455 670 103 21 kohdassa
573 671 46 26 jäisi
635 670 91 27 syrjälle,
743 670 18 21 ei
777 671 94 26 puhujan
886 670 95 21 mielestä

162 699 112 20 merkitsisi
290 699 83 26 mitään,
389 699 64 20 koska
469 699 139 21 suomenkieli
623 699 61 20 tähän
700 699 39 20 asti
755 705 28 14 on
798 699 122 20 enimmissä
930 699 52 20 asia-

161 727 96 27 kirjoissa
273 727 84 27 syrjälle
373 729 86 25 sysätty,
475 728 20 26 ja
511 730 55 18 tämä
582 727 51 21 voisi
649 730 37 23 nyt
702 727 74 21 kerran
793 727 40 21 olla
845 727 79 21 vähänä
936 734 46 14 vas-

162 756 117 27 tapainona.

230 813 113 20 Edusmies
365 813 104 20 Mattila
485 813 27 20 oli
528 819 71 14 samaa
613 813 72 20 mieltä
700 813 51 20 kuin
767 813 106 20 edellinen
889 813 91 27 puhuja
969 809 16 35 ;

162 843 67 19 mutta
245 841 64 20 arveli
325 843 42 19 että
383 841 52 20 voisi
450 841 53 21 tulla
518 848 11 12 v
590 841 122 27 jälestäpäin
730 841 187 21 keskusteltavaksi
933 841 48 21 ke-

163 875 51 16 nen
229 869 226 21 kustannuksella
471 870 126 27 pöytäkirjat
612 872 48 18 ovat
675 871 133 25 painettavat.

230 926 214 27 Landtdagsmannen
464 926 144 27 Svedberg:
639 926 27 21 Sä
688 927 86 26 mycket
795 927 36 27 jag
854 927 40 20 kan
917 927 65 20 förstä

162 955 24 20 sä
208 957 22 18 är
253 955 36 20 här
311 955 72 27 frågan
408 955 51 21 blott
477 961 35 15 om
534 955 129 28 protokollen
685 955 58 21 skola
764 955 84 27 tryckas
863 955 26 28 pä
904 955 78 21 allmän

163 983 51 22 eller
229 983 81 22 enskild
327 983 121 26 bokostnad,
464 984 39 21 och
518 986 23 18 är
554 985 35 26 jag
604 984 7 20 i
626 984 99 21 afseende
742 984 49 21 härä
807 985 20 20 af
842 987 140 18 reservanter-

163 1019 37 14 nes
223 1013 58 26 äsigt.
312 1012 48 21 Men
381 1012 25 21 dä
424 1013 38 20 här
477 1013 53 20 varit
545 1013 58 26 fräga
618 1019 33 14 om
668 1013 26 26 pä
708 1013 81 20 hvilket
804 1013 62 26 spräk
882 1013 26 20 de
923 1013 60 20 skola

162 1041 89 26 tryckas,
267 1040 22 21 sä
305 1047 62 14 anser
381 1041 78 27 jag,att
474 1047 34 15 om
524 1041 26 20 de
565 1041 90 27 tryckas,
672 1041 25 20 de
713 1041 138 26 ovilkorligen
867 1041 49 21 böra
928 1043 54 25 tryc-

163 1069 37 21 kas
225 1069 25 27 pä
274 1069 102 21 hvardera
397 1069 88 27 språket.
531 1077 14 19 'Ty
566 1070 35 21 det
616 1072 23 18 är
654 1069 59 28 klart,
729 1072 30 19 att
774 1070 61 20 äfven
852 1070 25 20 de
892 1070 91 21 svenska

162 1098 84 20 talande
261 1097 126 21 valmännen
403 1099 35 19 äro
456 1098 127 26 berättigade
599 1101 30 18 att
644 1098 19 20 få
680 1101 46 18 veta
741 1099 56 20 hvad
813 1098 60 21 deras
883 1099 99 20 ombuds-

162 1128 48 18 män
230 1127 37 20 här
282 1128 91 19 uträttat.
403 1126 133 21 Beträffande
552 1127 203 26 landtdagsmannen
771 1126 155 27 Karvosenojas
941 1129 41 24 ytt-

162 1154 71 26 rande,
255 1157 30 18 att
307 1155 40 20 den
371 1155 152 20 finskatalande
542 1155 105 26 allmogen
672 1156 53 19 varit
747 1155 133 25 tillbakasatt,
898 1155 22 20 så
941 1155 41 21 kan

162 1189 48 14 man
230 1183 18 26 ej
265 1183 69 26 tänka,
349 1185 30 18 att
395 1183 40 20 den
451 1183 90 21 svenska
556 1183 83 21 talande
655 1183 106 27 allmogen
778 1183 53 21 varit
847 1184 88 20 orsaken
951 1184 31 20 till

162 1211 69 20 denna
247 1212 104 19 orättvisa.

229 1267 70 20 Tähän
315 1267 39 21 asti
370 1268 85 27 pidetyn
472 1268 135 21 keskustelun
623 1269 96 26 johdosta
734 1269 69 20 lausui
816 1269 115 26 puhemies,
940 1271 43 19 että

162 1295 88 21 ainoasti
265 1296 133 26 pysyttäisiin
414 1296 59 24 siinä,
488 1303 50 14 mitä
555 1297 138 20 valiokunnan
710 1297 94 20 mietintö
820 1297 83 25 koskee,
914 1304 23 13 se
949 1304 34 17 on,

161 1324 32 26 jos
208 1324 93 25 säätyjen
318 1324 259 26 keskustelu-pöytäkirjat
592 1326 49 18 ovat
658 1324 128 26 painettavat
796 1324 90 26 yleisillä
896 1324 86 21 varoilla

162 1351 42 21 tahi
224 1351 25 26 ei,
264 1351 65 27 jonka
344 1352 73 20 ohessa
434 1352 108 26 puhemies
557 1352 111 22 muistutti,
683 1354 42 20 että
740 1359 22 15 se
778 1353 46 21 olisi
840 1353 83 27 syrjään
939 1359 41 15 me-

162 1380 95 23 nemistä,
272 1380 33 26 jos
330 1380 62 20 täällä
415 1380 130 21 ruvettaisiin
569 1381 189 27 keskustelemaan,
777 1382 59 27 josko
857 1382 125 27 pöytäkirjat

162 1410 48 19 ovat
225 1408 97 21 kahdella
337 1408 84 22 kielellä
436 1409 127 27 painettavat
579 1409 26 21 eli
621 1410 25 20 ei.

230 1465 113 21 Edusmies
364 1466 201 21 Hannikainen
581 1467 94 27 yhdistyi
691 1468 187 26 vastalauseeseen,
892 1469 21 27 ja
928 1469 54 21 luuli

160 1494 188 28 mukavammaksi,
359 1496 42 20 että
415 1495 127 27 pöytäkirjat
557 1495 78 28 säädyn
652 1496 87 22 varoilla
755 1498 116 27 painetaan,
881 1497 47 21 sillä
937 1500 45 19 sää-
