1081 1786
272 119 213 22 Talonpoikaissääty
497 120 52 18 1877.
574 120 12 18 6
598 124 19 18 p.
629 120 96 18 Maalisk.
870 114 40 21 311

157 189 112 21 Edusmies
294 189 111 21 Mattila
431 190 93 27 puolusti
548 191 61 25 myös
634 189 146 22 vastalauseen
805 189 106 28 hyväksy-

88 218 67 21 mistä.

156 274 214 27 Landtdagsmannen
386 275 178 21 Hollmörus:
596 274 107 22 Utskottet
717 276 38 20 har
770 281 43 21 nog
827 274 85 22 beaktat

89 303 41 21 den
154 303 189 26 omständigheten,
363 305 30 19 att
408 303 30 20 uti
453 309 81 15 samma
549 303 124 26 författning
688 303 19 27 ej
723 303 68 21 skulle
807 309 104 14 samman-

90 331 88 21 blandas
200 331 79 21 sädana
301 331 138 28 stadganden,
461 338 45 14 som
529 331 83 22 tillhöra
633 331 124 21 ständernas
776 331 136 24 medverkan,

89 361 40 20 och
152 359 79 22 sädana
254 366 44 15 som
314 360 125 27 regeringen
457 366 71 15 ensam
544 362 50 25 äger
609 359 87 22 utfärda.
726 359 74 22 Likvä!
821 360 38 21 har
873 360 38 21 hos

89 388 134 28 pluraliteten
242 389 22 20 af
285 388 112 21 utskottets
412 389 139 21 medlemmar
566 388 41 21 den
623 388 54 27 äsigt
691 389 55 26 gjort
761 389 32 27 sig
808 388 103 28 gällande,

88 419 32 19 att
142 417 34 21 det
201 419 23 18 är
246 417 21 21 af
288 417 45 28 vigt
355 419 30 19 att
399 417 42 21 alla
456 417 156 27 bestämningar
627 423 34 14 om
677 417 150 27 häradsposten
843 417 68 21 finnas

89 445 156 22 sammanförda
269 446 30 21 uti
321 451 81 16 samma
424 446 128 27 författning.
582 445 32 22 Dä
637 445 101 22 utskottet
760 445 71 22 vidare
846 447 65 20 utsatt

90 474 35 21 det
140 473 73 26 vilkor,
224 475 30 20 att
268 475 7 20 i
290 474 136 27 inledningen
443 474 31 21 till
489 474 41 21 den
546 474 130 27 förordning,
691 481 45 14 som
752 475 21 20 af
787 474 60 21 Hans
861 474 50 27 Kej-

89 503 76 27 serliga
187 503 97 27 Majestät
307 503 40 20 kan
364 503 84 21 komma
469 504 29 19 att
512 503 7 20 i
536 505 71 19 ämnet
621 503 7 20 i
643 503 67 20 nåder
725 502 100 27 utfärdas,
841 502 70 21 blefve

89 531 131 26 omnämndt,
242 534 29 19 att
295 531 113 21 ständerna
431 531 76 22 bifallit
529 531 40 22 och
583 533 105 24 samtyckt
702 531 32 21 till
749 531 26 22 de
790 531 7 21 i
813 531 26 27 $$
856 531 54 21 1—6

89 560 87 27 intagna
202 559 191 25 bestämmelserna,
415 560 24 20 sä
459 559 70 22 finner
542 561 36 26 jag
592 560 8 20 i
615 559 57 21 detta
686 560 37 20 fall
738 561 19 26 ej
773 560 69 27 nägon
858 559 53 21 väda

90 588 51 24 deri,
152 591 30 18 att
196 588 75 21 endast
286 595 26 14 en
328 588 123 27 författning
466 588 7 20 i
489 590 70 19 ämnet
572 588 98 21 utfärdas.

158 645 51 21 Kun
232 645 19 21 ei
274 645 82 21 kukaan
381 647 66 19 enään
468 647 106 26 pyytänyt
588 651 151 21 sananvuoroa,
755 645 76 22 esitteli
846 645 65 28 puhe-

92 679 52 16 mies
159 680 116 15 seuraavan
290 673 219 28 äänestysesityksen
499 669 12 36 :

156 731 147 27 Hyväksyykö
318 732 60 26 sääty
393 731 143 21 valiokunnan
553 731 116 22 mietinnön
684 731 165 27 kysymyksessä
867 731 43 21 ole-

90 765 60 16 vassa
164 759 124 22 suhteessa?

157 816 39 21 Jos
212 817 44 21 »ei»
274 817 85 26 voittaa,
375 817 145 27 hyväksytään
536 817 66 21 h:rain
619 817 107 27 Procopön
742 817 21 28 ja
779 817 132 21 Molanderin

90 845 83 22 tekemä
188 846 124 21 mietintöön
326 845 77 28 liitetty
419 846 124 21 vastalause.

157 902 124 28 Pyynnöstä
302 903 114 21 toimitettu
441 904 98 25 äänestys
557 903 70 21 osoitti
643 904 27 20 23
684 903 106 27 jaa-ääntä
804 904 21 26 ja
841 903 26 20 18
882 903 30 21 ei-

90 932 66 25 ääntä,
170 932 59 26 joten
245 932 144 21 valiokunnan
404 932 95 20 mietintö
514 932 36 21 siis
566 932 28 20 oli
609 932 134 27 hyväksytty.

157 1097 113 22 Edusmies
285 1097 98 22 Olofsson
409 1097 62 28 pyysi
486 1099 99 26 vapautta
600 1097 99 22 tulevaan
715 1097 130 22 lauantaihin
865 1097 48 26 asti,

88 1126 64 27 johon
168 1128 109 26 pyyntöön
293 1126 129 22 suostuttiin.

158 1251 63 27 Sääty
237 1251 72 23 erkani
325 1252 42 21 k:lo
383 1252 8 20 9
403 1252 28 26 !/,
446 1252 72 21 illalla.
