1084 1811
178 127 41 20 212
361 131 208 22 Talonpoikaissääty
581 131 53 17 1877.
658 131 27 16 20
697 135 19 16 p.
728 129 86 18 Helmik.

179 202 86 19 tettavat
280 200 45 21 sille
341 199 104 32 kannalle,
461 201 42 20 että
517 199 51 21 niitä
583 199 47 20 olisi
642 197 177 33 kumpaisellakin
835 203 82 14 maassa
929 196 69 21 vallit-

179 228 78 21 sevalla
276 234 89 14 suomen
388 228 21 26 ja
425 228 80 21 ruotsin
522 227 88 20 kielellä
629 227 61 20 aivan
705 231 93 15 samassa
813 225 109 20 suhteessa
946 225 52 20 kuin

179 256 138 21 kummankin
340 256 69 21 kielen.
431 257 100 31 puhuvan
552 255 100 21 väkiluku
674 255 176 20 Suomenmaassa
870 259 34 26 on,
918 253 21 26 ja
955 255 42 18 että

179 285 126 27 yksityisille
315 285 101 20 kouluille
431 285 21 26 ja
462 284 160 28 oppilaitoksille
634 283 134 27 valtionapua
784 281 127 22 annettaissa
927 287 70 15 samaa

179 315 115 26 perustetta
309 313 176 21 noudatettaisiin.

248 358 81 28 Pyytää
345 358 65 27 hyvin
426 358 132 22 kohteliaasti
574 358 177 27 valtiopäivämies

679 415 71 21 Israel
764 414 155 28 Karvosenoja.

672 466 89 23 Piippolan
774 465 157 18 tuomiokunnasta.

442 570 136 22 Hedervärda
592 570 146 21 Bondeständ!

250 628 10 21 I
275 628 46 20 vårt
341 628 48 20 med
412 634 26 14 en
455 627 49 21 hård
521 629 62 19 natur
598 628 39 20 och
652 628 52 20 kallt
719 627 73 21 klimat
808 627 117 27 kämpande
940 628 61 26 ringa

181 657 39 21 och
242 657 8 20 i
272 656 81 28 andligt
375 657 39 20 och
438 656 103 22 materielt
562 656 119 21 hänseende
696 656 46 21 litet
756 656 125 21 utvecklade
896 656 50 21 land
961 657 40 20 och

181 686 50 25 folk,
254 692 44 14 som
321 686 94 20 befinner
439 686 32 26 sig
493 686 53 20 midt
567 686 71 20 ibland
663 685 91 27 mägtiga
769 685 39 21 och
823 685 48 21 med
887 687 55 19 stora
956 688 45 24 steg

181 714 189 21 framätskridande
393 715 100 26 nationer,
516 715 38 20 har
576 714 92 28 uppstätt
690 714 55 21 olika
761 714 39 21 och
815 714 118 21 hvarandra
948 717 53 18 mot-

182 745 53 19 satta
258 743 81 27 äsigter,
360 743 23 20 sä
405 746 30 18 att
450 750 48 14 man
514 744 35 20 vid
566 744 76 20 tanken
660 743 62 27 härpä
738 749 49 15 vore
803 742 77 22 frestad
896 745 30 19 att
941 743 60 21 miss-

182 774 64 19 trösta
262 778 33 15 om
307 772 110 20 nationens
427 772 93 25 framtid;
531 772 53 21 dock
598 772 139 20 äterkommer
747 771 113 21 förtröstan
872 772 39 20 och
926 772 75 27 hoppet

182 803 58 18 snart
260 800 48 21 med
329 800 90 26 förnyad
435 800 77 28 styrka,
528 800 26 21 dä
569 807 49 14 man
634 801 94 20 kommer
743 800 55 26 ihäg,
813 802 29 19 att
857 800 90 28 sanning
963 801 39 20 och

181 831 41 19 rätt
238 829 53 21 dock
309 829 44 21 förr
367 829 52 21 eller
434 835 73 15 senare
522 829 54 21 skall
591 836 66 20 segra.
676 828 86 22 Enhvar
773 829 21 20 af
804 835 33 15 oss
848 829 81 21 känner
940 828 62 28 nägot

182 858 23 20 sä
220 860 38 18 när
273 858 26 20 de
314 858 110 20 historiska
440 858 116 26 händelser,
567 864 45 14 som
627 858 55 26 gjort
696 857 104 21 svenskan
816 857 32 21 till
862 857 36 21 det
913 858 90 20 officiela

182 886 116 27 bildnings-
316 887 39 20 och
373 886 165 27 embetsspräket
561 887 39 20 och
616 886 25 21 de
660 886 90 26 dyrbara
765 886 96 26 fördelar,
877 892 45 15 som
937 887 64 26 jemte

182 915 116 20 detsamma
320 915 26 27 pä
364 915 33 20 sin
413 915 28 20 tid
458 914 83 21 kommo
558 915 45 20 värt
618 914 47 21 land
682 915 32 20 till
730 915 60 26 godo.
821 914 49 21 Men
883 915 68 20 fastän
967 915 35 20 det

182 943 69 21 säsom
275 943 37 22 allt
332 945 64 19 annat
410 944 8 19 i
434 943 69 21 denna
519 943 130 27 förgängliga
665 943 64 25 verld,
744 943 26 27 pä
785 943 31 20 sin
833 943 29 21 tid
877 943 38 21 här
930 943 73 22 verkat

182 973 56 26 godt,
255 972 61 27 följer
331 972 59 21 deraf
404 972 121 26 ingalunda,
535 975 29 18 att
579 972 89 21 sakerna
679 972 144 27 evinnerligen
835 972 58 21 skola
905 972 98 21 förblifva

182 1002 8 19 i
204 1001 36 20 sitt
262 1001 56 21 förra
333 1001 65 21 skick.
427 1001 33 20 En
482 1007 28 20 ny
526 1001 28 20 tid
571 1001 38 20 har
624 1001 97 27 uppstätt,
737 1007 44 14 som
799 1001 84 26 mycket
899 1001 104 21 erkänner

182 1029 242 28 jemnlikhetsprincipen
449 1030 39 21 och
503 1030 18 26 ej
539 1036 58 14 mera
612 1030 40 20 kan
668 1029 50 27 gilla
734 1029 108 27 egyptiska
858 1029 51 22 eller
924 1035 79 15 romer-

183 1058 37 21 ska
236 1058 70 28 skarpt
321 1058 89 21 åtskilda
425 1058 158 21 ständsklasser.
614 1058 9 21 I
639 1058 51 27 följd
706 1059 21 19 af
742 1058 41 21 den
799 1065 42 20 nya
856 1058 70 21 tidens
945 1058 58 21 klara

182 1087 117 26 ljusstrålar
321 1087 39 20 och
383 1087 105 20 nationela
512 1087 97 26 kämpars
632 1087 153 26 uppmaningar
800 1087 37 20 har
853 1087 34 20 det
900 1087 103 20 härtills
991 1083 15 34 i

183 1115 80 27 andligt
284 1115 83 21 mörker
388 1115 70 20 hällna
479 1115 60 26 ringa
561 1115 69 21 finska
644 1115 66 21 folket
725 1115 78 20 vaknat
818 1117 54 19 samt
887 1115 62 21 söker
964 1115 39 21 och

184 1144 63 27 begär
269 1143 33 22 att
321 1144 61 21 äfven
407 1143 64 21 blifva
491 1143 92 28 delaktig
598 1144 21 20 af
634 1150 25 14 en
676 1143 20 21 af
712 1143 48 21 Gud
776 1143 32 22 til
824 1144 179 27 mensklighetens

183 1172 59 21 bästa
263 1172 88 21 beskärd
375 1172 99 27 bildning
507 1172 50 21 Men
579 1173 67 20 ehuru
667 1172 118 27 sedvanligt
803 1174 28 25 är,
853 1174 30 19 att
899 1173 53 20 blott
968 1173 34 20 be-

182 1201 70 25 skylla
267 1201 96 20 finnarne
379 1201 32 20 för
425 1201 69 20 envist
509 1201 139 20 fasthällande
664 1201 21 20 ef
700 1201 34 20 det
750 1201 75 26 gamla,
835 1201 37 20 har
883 1207 30 14 nu
923 1207 27 14 en
961 1203 43 19 stor

184 1222 32 28 del
240 1229 21 20 af
283 1229 48 21 våra
355 1228 174 22 svenskatalande
549 1229 84 21 bildade
658 1228 79 27 begynt
759 1231 30 19 att
808 1228 141 22 fördomsfullt
965 1229 38 21 och

183 1258 58 26 ifrigt
256 1260 97 18 motsätta
369 1258 32 26 sig
415 1258 60 20 deras
490 1257 152 22 finskatalande
659 1245 85 33 bröders
759 1258 182 20 framskridande
927 1254 12 35 i
952 1258 51 20 bild-

184 1287 51 26 ning
253 1299 26 2 —
295 1287 40 20 och
357 1286 53 21 dock
434 1286 62 21 hafva
512 1286 112 21 hvarderas
647 1286 93 21 förfäder
754 1288 81 25 tappert
851 1286 102 21 försvarat
969 1286 34 20 det

184 1321 156 19 gemensamma
362 1314 143 28 fosterlandet,
527 1315 48 20 lidit
596 1315 40 20 och
651 1321 33 14 om
709 1315 35 21 det
766 1315 100 21 behöfdes
881 1315 63 21 äfven
960 1315 44 20 dött

184 1344 32 20 för
231 1343 122 21 detsamma.
383 1343 41 20 Det
440 1343 138 26 uppvaknade
594 1343 65 20 folket
674 1343 81 20 fordrar
770 1343 44 20 äter
825 1343 129 27 upplysning
965 1343 39 20 och

184 1371 179 25 tjenstemännens
383 1370 96 20 framtida
504 1370 98 20 bildande
625 1370 31 20 till
671 1370 98 27 lämpliga
784 1371 80 27 tjenare
879 1371 39 20 och
933 1370 71 21 ledare

184 1399 33 20 för
232 1398 71 27 folket,
318 1404 45 15 som
380 1398 66 21 delvis
462 1398 81 28 uppbär
558 1398 61 21 deras
635 1398 95 27 bildning
744 1398 41 21 och
800 1404 45 15 som
861 1398 80 22 aflönar
951 1398 54 21 dem.

183 1426 67 22 Häraf
265 1426 81 22 säledes
363 1427 39 21 den
424 1426 58 27 strid,
497 1427 85 21 hvilken
598 1427 76 21 liksom
689 1434 26 14 en
731 1427 110 27 gnagande
856 1428 61 20 mask
932 1429 31 19 tär
979 1427 25 28 pä

185 1456 49 20 våra
257 1456 78 21 krafter
357 1456 38 20 och
417 1456 59 21 hotar
498 1462 34 15 oss
555 1456 48 20 med
627 1456 128 27 undergång.
784 1456 61 22 Enda
861 1457 60 20 säkra
936 1456 69 22 stödet

184 1485 73 20 härvid
279 1486 22 20 är
325 1485 45 21 värt
391 1484 54 22 folks
467 1491 49 21 sega
541 1485 39 21 och
607 1486 58 26 tröga
691 1487 61 19 natur
780 1488 53 18 samt
858 1485 147 27 oförlikneliga

184 1513 97 21 tälamod.
