<?xml version="1.0" encoding="UTF-8"?>
<alto xmlns="http://www.loc.gov/standards/alto/ns-v3#" xmlns:xlink="http://www.w3.org/1999/xlink" xmlns:xsi="http://www.w3.org/2001/XMLSchema-instance" xsi:schemaLocation="http://www.loc.gov/standards/alto/ns-v3# http://www.loc.gov/alto/v3/alto-3-0.xsd">
	<Description>
		<MeasurementUnit>pixel</MeasurementUnit>
		<sourceImageInformation>
			<fileName>/tmp/tess_n3sjejrj_input.PNG</fileName>
		</sourceImageInformation>
		<OCRProcessing ID="OCR_0">
			<ocrProcessingStep>
				<processingSoftware>
					<softwareName>tesseract 5.3.4</softwareName>
				</processingSoftware>
			</ocrProcessingStep>
		</OCRProcessing>
	</Description>
	<Layout>
		<Page WIDTH="1073" HEIGHT="1798" PHYSICAL_IMG_NR="0" ID="page_0">
			<PrintSpace HPOS="0" VPOS="0" WIDTH="1073" HEIGHT="1798">
				<ComposedBlock ID="cblock_0" HPOS="170" VPOS="120" WIDTH="636" HEIGHT="26">
					<TextBlock ID="block_0" HPOS="170" VPOS="120" WIDTH="636" HEIGHT="26">
						<TextLine ID="line_0" HPOS="170" VPOS="120" WIDTH="636" HEIGHT="26">
							<String ID="string_0" HPOS="170" VPOS="120" WIDTH="41" HEIGHT="20" WC="0.96" CONTENT="830"/><SP WIDTH="147" VPOS="120" HPOS="211"/>
							<String ID="string_1" HPOS="358" VPOS="125" WIDTH="209" HEIGHT="21" WC="0.92" CONTENT="Talonpoikaissääty"/><SP WIDTH="10" VPOS="125" HPOS="567"/>
							<String ID="string_2" HPOS="577" VPOS="126" WIDTH="51" HEIGHT="16" WC="0.96" CONTENT="1877."/><SP WIDTH="25" VPOS="126" HPOS="628"/>
							<String ID="string_3" HPOS="653" VPOS="125" WIDTH="26" HEIGHT="17" WC="0.96" CONTENT="26"/><SP WIDTH="9" VPOS="125" HPOS="679"/>
							<String ID="string_4" HPOS="688" VPOS="129" WIDTH="18" HEIGHT="17" WC="0.93" CONTENT="p."/><SP WIDTH="10" VPOS="129" HPOS="706"/>
							<String ID="string_5" HPOS="716" VPOS="124" WIDTH="90" HEIGHT="17" WC="0.92" CONTENT="Toukok."/>
						</TextLine>
					</TextBlock>
				</ComposedBlock>
				<GraphicalElement ID="cblock_1" HPOS="170" VPOS="153" WIDTH="809" HEIGHT="3"></GraphicalElement >
				<ComposedBlock ID="cblock_2" HPOS="168" VPOS="191" WIDTH="821" HEIGHT="402">
					<TextBlock ID="block_1" HPOS="168" VPOS="191" WIDTH="821" HEIGHT="402">
						<TextLine ID="line_1" HPOS="169" VPOS="191" WIDTH="820" HEIGHT="30">
							<String ID="string_6" HPOS="169" VPOS="195" WIDTH="85" HEIGHT="20" WC="0.92" CONTENT="mannin"/><SP WIDTH="16" VPOS="195" HPOS="254"/>
							<String ID="string_7" HPOS="270" VPOS="193" WIDTH="118" HEIGHT="22" WC="0.95" CONTENT="lausunnon"/><SP WIDTH="16" VPOS="193" HPOS="388"/>
							<String ID="string_8" HPOS="404" VPOS="193" WIDTH="104" HEIGHT="28" WC="0.96" CONTENT="johdosta,"/><SP WIDTH="14" VPOS="193" HPOS="508"/>
							<String ID="string_9" HPOS="522" VPOS="194" WIDTH="49" HEIGHT="21" WC="0.96" CONTENT="ettei"/><SP WIDTH="14" VPOS="194" HPOS="571"/>
							<String ID="string_10" HPOS="585" VPOS="193" WIDTH="33" HEIGHT="21" WC="0.96" CONTENT="ole"/><SP WIDTH="13" VPOS="193" HPOS="618"/>
							<String ID="string_11" HPOS="631" VPOS="193" WIDTH="60" HEIGHT="26" WC="0.96" CONTENT="väliä,"/><SP WIDTH="11" VPOS="193" HPOS="691"/>
							<String ID="string_12" HPOS="702" VPOS="193" WIDTH="63" HEIGHT="20" WC="0.97" CONTENT="missä"/><SP WIDTH="12" VPOS="193" HPOS="765"/>
							<String ID="string_13" HPOS="777" VPOS="192" WIDTH="146" HEIGHT="21" WC="0.93" CONTENT="valiokuntien"/><SP WIDTH="13" VPOS="192" HPOS="923"/>
							<String ID="string_14" HPOS="936" VPOS="191" WIDTH="53" HEIGHT="22" WC="0.92" CONTENT="huo-"/>
						</TextLine>
						<TextLine ID="line_2" HPOS="169" VPOS="220" WIDTH="819" HEIGHT="29">
							<String ID="string_15" HPOS="169" VPOS="225" WIDTH="49" HEIGHT="18" WC="0.96" CONTENT="neet"/><SP WIDTH="16" VPOS="225" HPOS="218"/>
							<String ID="string_16" HPOS="234" VPOS="225" WIDTH="56" HEIGHT="24" WC="0.96" CONTENT="ovat,"/><SP WIDTH="15" VPOS="225" HPOS="290"/>
							<String ID="string_17" HPOS="305" VPOS="223" WIDTH="124" HEIGHT="20" WC="0.96" CONTENT="vaikkeivät"/><SP WIDTH="15" VPOS="223" HPOS="429"/>
							<String ID="string_18" HPOS="444" VPOS="222" WIDTH="103" HEIGHT="21" WC="0.96" CONTENT="olisikaan"/><SP WIDTH="16" VPOS="222" HPOS="547"/>
							<String ID="string_19" HPOS="563" VPOS="229" WIDTH="72" HEIGHT="14" WC="0.96" CONTENT="saman"/><SP WIDTH="16" VPOS="229" HPOS="635"/>
							<String ID="string_20" HPOS="651" VPOS="222" WIDTH="64" HEIGHT="20" WC="0.96" CONTENT="katon"/><SP WIDTH="15" VPOS="222" HPOS="715"/>
							<String ID="string_21" HPOS="730" VPOS="221" WIDTH="41" HEIGHT="21" WC="0.96" CONTENT="alla"/><SP WIDTH="16" VPOS="221" HPOS="771"/>
							<String ID="string_22" HPOS="787" VPOS="220" WIDTH="50" HEIGHT="22" WC="0.93" CONTENT="kuin"/><SP WIDTH="16" VPOS="220" HPOS="837"/>
							<String ID="string_23" HPOS="853" VPOS="221" WIDTH="135" HEIGHT="20" WC="0.92" CONTENT="istuntohuo-"/>
						</TextLine>
						<TextLine ID="line_3" HPOS="169" VPOS="249" WIDTH="819" HEIGHT="28">
							<String ID="string_24" HPOS="169" VPOS="254" WIDTH="55" HEIGHT="23" WC="0.96" CONTENT="neet,"/><SP WIDTH="11" VPOS="254" HPOS="224"/>
							<String ID="string_25" HPOS="235" VPOS="251" WIDTH="129" HEIGHT="25" WC="0.96" CONTENT="muistuttaa,"/><SP WIDTH="12" VPOS="251" HPOS="364"/>
							<String ID="string_26" HPOS="376" VPOS="251" WIDTH="49" HEIGHT="20" WC="0.96" CONTENT="ettei"/><SP WIDTH="12" VPOS="251" HPOS="425"/>
							<String ID="string_27" HPOS="437" VPOS="258" WIDTH="23" HEIGHT="14" WC="0.96" CONTENT="se"/><SP WIDTH="12" VPOS="258" HPOS="460"/>
							<String ID="string_28" HPOS="472" VPOS="251" WIDTH="55" HEIGHT="21" WC="0.96" CONTENT="tosin"/><SP WIDTH="11" VPOS="251" HPOS="527"/>
							<String ID="string_29" HPOS="538" VPOS="251" WIDTH="33" HEIGHT="21" WC="0.97" CONTENT="ole"/><SP WIDTH="11" VPOS="251" HPOS="571"/>
							<String ID="string_30" HPOS="582" VPOS="250" WIDTH="181" HEIGHT="21" WC="0.96" CONTENT="välttämättömän"/><SP WIDTH="11" VPOS="250" HPOS="763"/>
							<String ID="string_31" HPOS="774" VPOS="249" WIDTH="137" HEIGHT="28" WC="0.96" CONTENT="tarpeellista,"/><SP WIDTH="11" VPOS="249" HPOS="911"/>
							<String ID="string_32" HPOS="922" VPOS="252" WIDTH="66" HEIGHT="18" WC="0.96" CONTENT="mutta"/>
						</TextLine>
						<TextLine ID="line_4" HPOS="168" VPOS="277" WIDTH="821" HEIGHT="30">
							<String ID="string_33" HPOS="168" VPOS="279" WIDTH="79" HEIGHT="28" WC="0.96" CONTENT="hyötyä"/><SP WIDTH="23" VPOS="279" HPOS="247"/>
							<String ID="string_34" HPOS="270" VPOS="281" WIDTH="48" HEIGHT="20" WC="0.96" CONTENT="siitä"/><SP WIDTH="23" VPOS="281" HPOS="318"/>
							<String ID="string_35" HPOS="341" VPOS="287" WIDTH="33" HEIGHT="18" WC="0.95" CONTENT="on,"/><SP WIDTH="22" VPOS="287" HPOS="374"/>
							<String ID="string_36" HPOS="396" VPOS="280" WIDTH="32" HEIGHT="27" WC="0.96" CONTENT="jos"/><SP WIDTH="21" VPOS="280" HPOS="428"/>
							<String ID="string_37" HPOS="449" VPOS="287" WIDTH="27" HEIGHT="14" WC="0.96" CONTENT="on"/><SP WIDTH="22" VPOS="287" HPOS="476"/>
							<String ID="string_38" HPOS="498" VPOS="279" WIDTH="51" HEIGHT="21" WC="0.96" CONTENT="sekä"/><SP WIDTH="20" VPOS="279" HPOS="549"/>
							<String ID="string_39" HPOS="569" VPOS="279" WIDTH="79" HEIGHT="22" WC="0.96" CONTENT="arkisto"/><SP WIDTH="16" VPOS="279" HPOS="648"/>
							<String ID="string_40" HPOS="664" VPOS="280" WIDTH="43" HEIGHT="19" WC="0.97" CONTENT="että"/><SP WIDTH="15" VPOS="280" HPOS="707"/>
							<String ID="string_41" HPOS="722" VPOS="279" WIDTH="87" HEIGHT="28" WC="0.95" CONTENT="kirjasto"/><SP WIDTH="16" VPOS="279" HPOS="809"/>
							<String ID="string_42" HPOS="825" VPOS="278" WIDTH="82" HEIGHT="21" WC="0.95" CONTENT="lähellä."/><SP WIDTH="30" VPOS="278" HPOS="907"/>
							<String ID="string_43" HPOS="937" VPOS="277" WIDTH="52" HEIGHT="22" WC="0.92" CONTENT="Sillä"/>
						</TextLine>
						<TextLine ID="line_5" HPOS="169" VPOS="306" WIDTH="819" HEIGHT="29">
							<String ID="string_44" HPOS="169" VPOS="309" WIDTH="51" HEIGHT="20" WC="0.96" CONTENT="mitä"/><SP WIDTH="12" VPOS="309" HPOS="220"/>
							<String ID="string_45" HPOS="232" VPOS="308" WIDTH="143" HEIGHT="21" WC="0.96" CONTENT="kauemmaksi"/><SP WIDTH="10" VPOS="308" HPOS="375"/>
							<String ID="string_46" HPOS="385" VPOS="307" WIDTH="82" HEIGHT="22" WC="0.96" CONTENT="meidän"/><SP WIDTH="13" VPOS="307" HPOS="467"/>
							<String ID="string_47" HPOS="480" VPOS="308" WIDTH="130" HEIGHT="21" WC="0.96" CONTENT="valtiollinen"/><SP WIDTH="12" VPOS="308" HPOS="610"/>
							<String ID="string_48" HPOS="622" VPOS="308" WIDTH="122" HEIGHT="21" WC="0.96" CONTENT="elämämme"/><SP WIDTH="11" VPOS="308" HPOS="744"/>
							<String ID="string_49" HPOS="755" VPOS="306" WIDTH="90" HEIGHT="29" WC="0.95" CONTENT="edistyy,"/><SP WIDTH="9" VPOS="306" HPOS="845"/>
							<String ID="string_50" HPOS="854" VPOS="307" WIDTH="40" HEIGHT="21" WC="0.93" CONTENT="sitä"/><SP WIDTH="11" VPOS="307" HPOS="894"/>
							<String ID="string_51" HPOS="905" VPOS="313" WIDTH="83" HEIGHT="14" WC="0.89" CONTENT="useam-"/>
						</TextLine>
						<TextLine ID="line_6" HPOS="168" VPOS="335" WIDTH="821" HEIGHT="30">
							<String ID="string_52" HPOS="168" VPOS="338" WIDTH="44" HEIGHT="19" WC="0.96" CONTENT="min"/><SP WIDTH="21" VPOS="338" HPOS="212"/>
							<String ID="string_53" HPOS="233" VPOS="337" WIDTH="101" HEIGHT="21" WC="0.96" CONTENT="tarvitsee"/><SP WIDTH="16" VPOS="337" HPOS="334"/>
							<String ID="string_54" HPOS="350" VPOS="336" WIDTH="91" HEIGHT="28" WC="0.93" CONTENT="vanhoja"/><SP WIDTH="16" VPOS="336" HPOS="441"/>
							<String ID="string_55" HPOS="457" VPOS="336" WIDTH="239" HEIGHT="29" WC="0.93" CONTENT="valtiopäiväpäätöksiä"/><SP WIDTH="16" VPOS="336" HPOS="696"/>
							<String ID="string_56" HPOS="712" VPOS="337" WIDTH="19" HEIGHT="27" WC="0.96" CONTENT="ja"/><SP WIDTH="17" VPOS="337" HPOS="731"/>
							<String ID="string_57" HPOS="748" VPOS="337" WIDTH="65" HEIGHT="20" WC="0.96" CONTENT="muita"/><SP WIDTH="15" VPOS="337" HPOS="813"/>
							<String ID="string_58" HPOS="828" VPOS="335" WIDTH="108" HEIGHT="21" WC="0.93" CONTENT="asetuksia"/><SP WIDTH="16" VPOS="335" HPOS="936"/>
							<String ID="string_59" HPOS="952" VPOS="343" WIDTH="37" HEIGHT="14" WC="0.92" CONTENT="va-"/>
						</TextLine>
						<TextLine ID="line_7" HPOS="168" VPOS="364" WIDTH="820" HEIGHT="29">
							<String ID="string_60" HPOS="168" VPOS="365" WIDTH="132" HEIGHT="22" WC="0.90" CONTENT="liokunnissa"/><SP WIDTH="22" VPOS="365" HPOS="300"/>
							<String ID="string_61" HPOS="322" VPOS="365" WIDTH="42" HEIGHT="21" WC="0.96" CONTENT="olla"/><SP WIDTH="23" VPOS="365" HPOS="364"/>
							<String ID="string_62" HPOS="387" VPOS="365" WIDTH="122" HEIGHT="27" WC="0.93" CONTENT="saapuvilla."/><SP WIDTH="30" VPOS="365" HPOS="509"/>
							<String ID="string_63" HPOS="539" VPOS="365" WIDTH="45" HEIGHT="28" WC="0.96" CONTENT="Nyt"/><SP WIDTH="21" VPOS="365" HPOS="584"/>
							<String ID="string_64" HPOS="605" VPOS="366" WIDTH="57" HEIGHT="20" WC="0.93" CONTENT="tässä"/><SP WIDTH="23" VPOS="366" HPOS="662"/>
							<String ID="string_65" HPOS="685" VPOS="364" WIDTH="162" HEIGHT="22" WC="0.92" CONTENT="ehdoituksessa"/><SP WIDTH="19" VPOS="364" HPOS="847"/>
							<String ID="string_66" HPOS="866" VPOS="364" WIDTH="43" HEIGHT="21" WC="0.96" CONTENT="N:o"/><SP WIDTH="23" VPOS="364" HPOS="909"/>
							<String ID="string_67" HPOS="932" VPOS="365" WIDTH="11" HEIGHT="20" WC="0.95" CONTENT="1"/><SP WIDTH="18" VPOS="365" HPOS="943"/>
							<String ID="string_68" HPOS="961" VPOS="371" WIDTH="27" HEIGHT="14" WC="0.95" CONTENT="on"/>
						</TextLine>
						<TextLine ID="line_8" HPOS="169" VPOS="393" WIDTH="818" HEIGHT="28">
							<String ID="string_69" HPOS="169" VPOS="393" WIDTH="99" HEIGHT="22" WC="0.94" CONTENT="kuudelle"/><SP WIDTH="23" VPOS="393" HPOS="268"/>
							<String ID="string_70" HPOS="291" VPOS="393" WIDTH="156" HEIGHT="22" WC="0.94" CONTENT="valiokunnalle"/><SP WIDTH="21" VPOS="393" HPOS="447"/>
							<String ID="string_71" HPOS="468" VPOS="394" WIDTH="29" HEIGHT="21" WC="0.96" CONTENT="eri"/><SP WIDTH="15" VPOS="394" HPOS="497"/>
							<String ID="string_72" HPOS="512" VPOS="393" WIDTH="71" HEIGHT="22" WC="0.96" CONTENT="huone"/><SP WIDTH="14" VPOS="393" HPOS="583"/>
							<String ID="string_73" HPOS="597" VPOS="394" WIDTH="20" HEIGHT="27" WC="0.96" CONTENT="ja"/><SP WIDTH="16" VPOS="394" HPOS="617"/>
							<String ID="string_74" HPOS="633" VPOS="394" WIDTH="71" HEIGHT="20" WC="0.96" CONTENT="minun"/><SP WIDTH="16" VPOS="394" HPOS="704"/>
							<String ID="string_75" HPOS="720" VPOS="393" WIDTH="117" HEIGHT="21" WC="0.96" CONTENT="mielestäni"/><SP WIDTH="17" VPOS="393" HPOS="837"/>
							<String ID="string_76" HPOS="854" VPOS="393" WIDTH="53" HEIGHT="28" WC="0.96" CONTENT="sopii"/><SP WIDTH="17" VPOS="393" HPOS="907"/>
							<String ID="string_77" HPOS="924" VPOS="393" WIDTH="63" HEIGHT="20" WC="0.97" CONTENT="aivan"/>
						</TextLine>
						<TextLine ID="line_9" HPOS="168" VPOS="421" WIDTH="820" HEIGHT="29">
							<String ID="string_78" HPOS="168" VPOS="421" WIDTH="65" HEIGHT="29" WC="0.95" CONTENT="hyvin"/><SP WIDTH="24" VPOS="421" HPOS="233"/>
							<String ID="string_79" HPOS="257" VPOS="426" WIDTH="81" HEIGHT="17" WC="0.96" CONTENT="asettaa"/><SP WIDTH="16" VPOS="426" HPOS="338"/>
							<String ID="string_80" HPOS="354" VPOS="422" WIDTH="122" HEIGHT="21" WC="0.93" CONTENT="valiokunta"/><SP WIDTH="16" VPOS="422" HPOS="476"/>
							<String ID="string_81" HPOS="492" VPOS="423" WIDTH="149" HEIGHT="25" WC="0.92" CONTENT="istuntosaliin,"/><SP WIDTH="15" VPOS="423" HPOS="641"/>
							<String ID="string_82" HPOS="656" VPOS="421" WIDTH="47" HEIGHT="22" WC="0.96" CONTENT="sillä"/><SP WIDTH="16" VPOS="421" HPOS="703"/>
							<String ID="string_83" HPOS="719" VPOS="421" WIDTH="139" HEIGHT="22" WC="0.96" CONTENT="valiokunnat"/><SP WIDTH="15" VPOS="421" HPOS="858"/>
							<String ID="string_84" HPOS="873" VPOS="422" WIDTH="57" HEIGHT="20" WC="0.97" CONTENT="eivät"/><SP WIDTH="15" VPOS="422" HPOS="930"/>
							<String ID="string_85" HPOS="945" VPOS="422" WIDTH="43" HEIGHT="20" WC="0.96" CONTENT="istu"/>
						</TextLine>
						<TextLine ID="line_10" HPOS="168" VPOS="450" WIDTH="820" HEIGHT="29">
							<String ID="string_86" HPOS="168" VPOS="452" WIDTH="95" HEIGHT="20" WC="0.96" CONTENT="samoina"/><SP WIDTH="16" VPOS="452" HPOS="263"/>
							<String ID="string_87" HPOS="279" VPOS="451" WIDTH="84" HEIGHT="28" WC="0.96" CONTENT="päivinä"/><SP WIDTH="17" VPOS="451" HPOS="363"/>
							<String ID="string_88" HPOS="380" VPOS="451" WIDTH="50" HEIGHT="20" WC="0.93" CONTENT="kuin"/><SP WIDTH="16" VPOS="451" HPOS="430"/>
							<String ID="string_89" HPOS="446" VPOS="451" WIDTH="166" HEIGHT="28" WC="0.92" CONTENT="täysi-istuntoja"/><SP WIDTH="15" VPOS="451" HPOS="612"/>
							<String ID="string_90" HPOS="627" VPOS="450" WIDTH="100" HEIGHT="28" WC="0.96" CONTENT="pidetään"/><SP WIDTH="10" VPOS="450" HPOS="727"/>
							<String ID="string_91" HPOS="737" VPOS="451" WIDTH="21" HEIGHT="26" WC="0.96" CONTENT="ja"/><SP WIDTH="12" VPOS="451" HPOS="758"/>
							<String ID="string_92" HPOS="770" VPOS="450" WIDTH="109" HEIGHT="21" WC="0.96" CONTENT="kansliaan"/><SP WIDTH="11" VPOS="450" HPOS="879"/>
							<String ID="string_93" HPOS="890" VPOS="450" WIDTH="98" HEIGHT="27" WC="0.96" CONTENT="myöskin"/>
						</TextLine>
						<TextLine ID="line_11" HPOS="169" VPOS="477" WIDTH="819" HEIGHT="30">
							<String ID="string_94" HPOS="169" VPOS="481" WIDTH="76" HEIGHT="26" WC="0.96" CONTENT="pääsee"/><SP WIDTH="21" VPOS="481" HPOS="245"/>
							<String ID="string_95" HPOS="266" VPOS="481" WIDTH="49" HEIGHT="20" WC="0.96" CONTENT="aina"/><SP WIDTH="17" VPOS="481" HPOS="315"/>
							<String ID="string_96" HPOS="332" VPOS="480" WIDTH="63" HEIGHT="20" WC="0.96" CONTENT="ilman"/><SP WIDTH="21" VPOS="480" HPOS="395"/>
							<String ID="string_97" HPOS="416" VPOS="481" WIDTH="43" HEIGHT="19" WC="0.93" CONTENT="että"/><SP WIDTH="19" VPOS="481" HPOS="459"/>
							<String ID="string_98" HPOS="478" VPOS="479" WIDTH="243" HEIGHT="28" WC="0.92" CONTENT="täysi-istuntohuoneen"/><SP WIDTH="16" VPOS="479" HPOS="721"/>
							<String ID="string_99" HPOS="737" VPOS="479" WIDTH="41" HEIGHT="26" WC="0.97" CONTENT="läpi"/><SP WIDTH="17" VPOS="479" HPOS="778"/>
							<String ID="string_100" HPOS="795" VPOS="479" WIDTH="101" HEIGHT="20" WC="0.96" CONTENT="tarvitsee"/><SP WIDTH="16" VPOS="479" HPOS="896"/>
							<String ID="string_101" HPOS="912" VPOS="477" WIDTH="76" HEIGHT="29" WC="0.96" CONTENT="käydä,"/>
						</TextLine>
						<TextLine ID="line_12" HPOS="169" VPOS="507" WIDTH="819" HEIGHT="29">
							<String ID="string_102" HPOS="169" VPOS="509" WIDTH="43" HEIGHT="20" WC="0.96" CONTENT="niin"/><SP WIDTH="24" VPOS="509" HPOS="212"/>
							<String ID="string_103" HPOS="236" VPOS="509" WIDTH="43" HEIGHT="20" WC="0.96" CONTENT="että"/><SP WIDTH="23" VPOS="509" HPOS="279"/>
							<String ID="string_104" HPOS="302" VPOS="508" WIDTH="53" HEIGHT="21" WC="0.95" CONTENT="siinä"/><SP WIDTH="20" VPOS="508" HPOS="355"/>
							<String ID="string_105" HPOS="375" VPOS="509" WIDTH="70" HEIGHT="27" WC="0.96" CONTENT="pitäisi"/><SP WIDTH="16" VPOS="509" HPOS="445"/>
							<String ID="string_106" HPOS="461" VPOS="508" WIDTH="41" HEIGHT="21" WC="0.96" CONTENT="olla"/><SP WIDTH="15" VPOS="508" HPOS="502"/>
							<String ID="string_107" HPOS="517" VPOS="508" WIDTH="50" HEIGHT="21" WC="0.96" CONTENT="tilaa"/><SP WIDTH="16" VPOS="508" HPOS="567"/>
							<String ID="string_108" HPOS="583" VPOS="509" WIDTH="12" HEIGHT="20" WC="0.96" CONTENT="9"/><SP WIDTH="17" VPOS="509" HPOS="595"/>
							<String ID="string_109" HPOS="612" VPOS="507" WIDTH="157" HEIGHT="21" WC="0.96" CONTENT="valiokunnalle"/><SP WIDTH="14" VPOS="507" HPOS="769"/>
							<String ID="string_110" HPOS="783" VPOS="507" WIDTH="52" HEIGHT="28" WC="0.96" CONTENT="yhtä"/><SP WIDTH="15" VPOS="507" HPOS="835"/>
							<String ID="string_111" HPOS="850" VPOS="507" WIDTH="61" HEIGHT="21" WC="0.96" CONTENT="aikaa"/><SP WIDTH="16" VPOS="507" HPOS="911"/>
							<String ID="string_112" HPOS="927" VPOS="507" WIDTH="61" HEIGHT="21" WC="0.96" CONTENT="istua."/>
						</TextLine>
						<TextLine ID="line_13" HPOS="169" VPOS="535" WIDTH="820" HEIGHT="30">
							<String ID="string_113" HPOS="169" VPOS="537" WIDTH="95" HEIGHT="27" WC="0.93" CONTENT="Lopuksi"/><SP WIDTH="16" VPOS="537" HPOS="264"/>
							<String ID="string_114" HPOS="280" VPOS="536" WIDTH="101" HEIGHT="29" WC="0.93" CONTENT="yhdistyn"/><SP WIDTH="16" VPOS="536" HPOS="381"/>
							<String ID="string_115" HPOS="397" VPOS="537" WIDTH="71" HEIGHT="20" WC="0.96" CONTENT="niiden"/><SP WIDTH="17" VPOS="537" HPOS="468"/>
							<String ID="string_116" HPOS="485" VPOS="537" WIDTH="83" HEIGHT="25" WC="0.96" CONTENT="kanssa,"/><SP WIDTH="14" VPOS="537" HPOS="568"/>
							<String ID="string_117" HPOS="582" VPOS="537" WIDTH="59" HEIGHT="28" WC="0.96" CONTENT="jotka"/><SP WIDTH="16" VPOS="537" HPOS="641"/>
							<String ID="string_118" HPOS="657" VPOS="539" WIDTH="50" HEIGHT="18" WC="0.93" CONTENT="ovat"/><SP WIDTH="15" VPOS="539" HPOS="707"/>
							<String ID="string_119" HPOS="722" VPOS="535" WIDTH="152" HEIGHT="24" WC="0.92" CONTENT="ehdoittaneet,"/><SP WIDTH="14" VPOS="535" HPOS="874"/>
							<String ID="string_120" HPOS="888" VPOS="537" WIDTH="44" HEIGHT="19" WC="0.93" CONTENT="että"/><SP WIDTH="17" VPOS="537" HPOS="932"/>
							<String ID="string_121" HPOS="949" VPOS="535" WIDTH="40" HEIGHT="21" WC="0.93" CONTENT="eri-"/>
						</TextLine>
						<TextLine ID="line_14" HPOS="168" VPOS="564" WIDTH="756" HEIGHT="29">
							<String ID="string_122" HPOS="168" VPOS="567" WIDTH="72" HEIGHT="26" WC="0.93" CONTENT="tyinen"/><SP WIDTH="16" VPOS="567" HPOS="240"/>
							<String ID="string_123" HPOS="256" VPOS="565" WIDTH="131" HEIGHT="28" WC="0.91" CONTENT="säätyhuone"/><SP WIDTH="15" VPOS="565" HPOS="387"/>
							<String ID="string_124" HPOS="402" VPOS="565" WIDTH="175" HEIGHT="22" WC="0.93" CONTENT="rakennettaisiin"/><SP WIDTH="16" VPOS="565" HPOS="577"/>
							<String ID="string_125" HPOS="593" VPOS="565" WIDTH="141" HEIGHT="21" WC="0.93" CONTENT="ehdoituksen"/><SP WIDTH="15" VPOS="565" HPOS="734"/>
							<String ID="string_126" HPOS="749" VPOS="564" WIDTH="41" HEIGHT="22" WC="0.96" CONTENT="N:o"/><SP WIDTH="17" VPOS="564" HPOS="790"/>
							<String ID="string_127" HPOS="807" VPOS="565" WIDTH="11" HEIGHT="20" WC="0.96" CONTENT="1"/><SP WIDTH="16" VPOS="565" HPOS="818"/>
							<String ID="string_128" HPOS="834" VPOS="565" WIDTH="90" HEIGHT="28" WC="0.90" CONTENT="jälkeen."/>
						</TextLine>
					</TextBlock>
				</ComposedBlock>
				<ComposedBlock ID="cblock_3" HPOS="168" VPOS="644" WIDTH="821" HEIGHT="86">
					<TextBlock ID="block_2" HPOS="168" VPOS="644" WIDTH="821" HEIGHT="86">
						<TextLine ID="line_15" HPOS="237" VPOS="644" WIDTH="752" HEIGHT="28">
							<String ID="string_129" HPOS="237" VPOS="644" WIDTH="216" HEIGHT="28" WC="0.91" CONTENT="Landtdagsmannen"/><SP WIDTH="16" VPOS="644" HPOS="453"/>
							<String ID="string_130" HPOS="469" VPOS="645" WIDTH="113" HEIGHT="27" WC="0.83" CONTENT="Lang6n"/><SP WIDTH="16" VPOS="645" HPOS="582"/>
							<String ID="string_131" HPOS="598" VPOS="652" WIDTH="38" HEIGHT="14" WC="0.96" CONTENT="var"/><SP WIDTH="14" VPOS="652" HPOS="636"/>
							<String ID="string_132" HPOS="650" VPOS="645" WIDTH="23" HEIGHT="20" WC="0.96" CONTENT="af"/><SP WIDTH="14" VPOS="645" HPOS="673"/>
							<String ID="string_133" HPOS="687" VPOS="652" WIDTH="80" HEIGHT="13" WC="0.96" CONTENT="samma"/><SP WIDTH="15" VPOS="652" HPOS="767"/>
							<String ID="string_134" HPOS="782" VPOS="644" WIDTH="64" HEIGHT="21" WC="0.96" CONTENT="tanke"/><SP WIDTH="16" VPOS="644" HPOS="846"/>
							<String ID="string_135" HPOS="862" VPOS="651" WIDTH="45" HEIGHT="14" WC="0.93" CONTENT="som"/><SP WIDTH="11" VPOS="651" HPOS="907"/>
							<String ID="string_136" HPOS="918" VPOS="644" WIDTH="71" HEIGHT="21" WC="0.92" CONTENT="landt-"/>
						</TextLine>
						<TextLine ID="line_16" HPOS="168" VPOS="672" WIDTH="821" HEIGHT="29">
							<String ID="string_137" HPOS="168" VPOS="673" WIDTH="144" HEIGHT="28" WC="0.92" CONTENT="dagsmannen"/><SP WIDTH="22" VPOS="673" HPOS="312"/>
							<String ID="string_138" HPOS="334" VPOS="673" WIDTH="116" HEIGHT="28" WC="0.96" CONTENT="Häyrinen,"/><SP WIDTH="21" VPOS="673" HPOS="450"/>
							<String ID="string_139" HPOS="471" VPOS="681" WIDTH="47" HEIGHT="14" WC="0.96" CONTENT="men"/><SP WIDTH="22" VPOS="681" HPOS="518"/>
							<String ID="string_140" HPOS="540" VPOS="681" WIDTH="33" HEIGHT="14" WC="0.96" CONTENT="om"/><SP WIDTH="21" VPOS="681" HPOS="573"/>
							<String ID="string_141" HPOS="594" VPOS="673" WIDTH="52" HEIGHT="21" WC="0.92" CONTENT="hans"/><SP WIDTH="15" VPOS="673" HPOS="646"/>
							<String ID="string_142" HPOS="661" VPOS="673" WIDTH="57" HEIGHT="27" WC="0.80" CONTENT="äsigt"/><SP WIDTH="15" VPOS="673" HPOS="718"/>
							<String ID="string_143" HPOS="733" VPOS="674" WIDTH="18" HEIGHT="27" WC="0.96" CONTENT="ej"/><SP WIDTH="16" VPOS="674" HPOS="751"/>
							<String ID="string_144" HPOS="767" VPOS="672" WIDTH="162" HEIGHT="27" WC="0.93" CONTENT="understöddes,"/><SP WIDTH="15" VPOS="672" HPOS="929"/>
							<String ID="string_145" HPOS="944" VPOS="673" WIDTH="45" HEIGHT="20" WC="0.92" CONTENT="för-"/>
						</TextLine>
						<TextLine ID="line_17" HPOS="169" VPOS="701" WIDTH="711" HEIGHT="29">
							<String ID="string_146" HPOS="169" VPOS="701" WIDTH="87" HEIGHT="22" WC="0.95" CONTENT="klarade"/><SP WIDTH="16" VPOS="701" HPOS="256"/>
							<String ID="string_147" HPOS="272" VPOS="703" WIDTH="32" HEIGHT="26" WC="0.93" CONTENT="sig"/><SP WIDTH="16" VPOS="703" HPOS="304"/>
							<String ID="string_148" HPOS="320" VPOS="702" WIDTH="81" HEIGHT="21" WC="0.96" CONTENT="talaren"/><SP WIDTH="16" VPOS="702" HPOS="401"/>
							<String ID="string_149" HPOS="417" VPOS="701" WIDTH="79" HEIGHT="22" WC="0.96" CONTENT="beredd"/><SP WIDTH="16" VPOS="701" HPOS="496"/>
							<String ID="string_150" HPOS="512" VPOS="705" WIDTH="31" HEIGHT="18" WC="0.93" CONTENT="att"/><SP WIDTH="14" VPOS="705" HPOS="543"/>
							<String ID="string_151" HPOS="557" VPOS="702" WIDTH="114" HEIGHT="28" WC="0.96" CONTENT="godkänna"/><SP WIDTH="15" VPOS="702" HPOS="671"/>
							<String ID="string_152" HPOS="686" VPOS="701" WIDTH="103" HEIGHT="28" WC="0.96" CONTENT="förslaget"/><SP WIDTH="14" VPOS="701" HPOS="789"/>
							<String ID="string_153" HPOS="803" VPOS="701" WIDTH="43" HEIGHT="21" WC="0.96" CONTENT="N:o"/><SP WIDTH="16" VPOS="701" HPOS="846"/>
							<String ID="string_154" HPOS="862" VPOS="702" WIDTH="18" HEIGHT="20" WC="0.96" CONTENT="1."/>
						</TextLine>
					</TextBlock>
				</ComposedBlock>
				<ComposedBlock ID="cblock_4" HPOS="168" VPOS="774" WIDTH="822" HEIGHT="430">
					<TextBlock ID="block_3" HPOS="168" VPOS="774" WIDTH="822" HEIGHT="430">
						<TextLine ID="line_18" HPOS="237" VPOS="774" WIDTH="751" HEIGHT="29">
							<String ID="string_155" HPOS="237" VPOS="775" WIDTH="216" HEIGHT="28" WC="0.91" CONTENT="Landtdagsmannen"/><SP WIDTH="23" VPOS="775" HPOS="453"/>
							<String ID="string_156" HPOS="476" VPOS="775" WIDTH="96" HEIGHT="22" WC="0.96" CONTENT="Malm:"/><SP WIDTH="21" VPOS="775" HPOS="572"/>
							<String ID="string_157" HPOS="593" VPOS="775" WIDTH="42" HEIGHT="27" WC="0.96" CONTENT="Jag"/><SP WIDTH="22" VPOS="775" HPOS="635"/>
							<String ID="string_158" HPOS="657" VPOS="775" WIDTH="85" HEIGHT="20" WC="0.96" CONTENT="förenar"/><SP WIDTH="23" VPOS="775" HPOS="742"/>
							<String ID="string_159" HPOS="765" VPOS="775" WIDTH="43" HEIGHT="27" WC="0.96" CONTENT="mig"/><SP WIDTH="21" VPOS="775" HPOS="808"/>
							<String ID="string_160" HPOS="829" VPOS="782" WIDTH="33" HEIGHT="13" WC="0.95" CONTENT="om"/><SP WIDTH="23" VPOS="782" HPOS="862"/>
							<String ID="string_161" HPOS="885" VPOS="774" WIDTH="103" HEIGHT="27" WC="0.77" CONTENT="förslaget"/>
						</TextLine>
						<TextLine ID="line_19" HPOS="168" VPOS="802" WIDTH="820" HEIGHT="29">
							<String ID="string_162" HPOS="168" VPOS="803" WIDTH="42" HEIGHT="22" WC="0.95" CONTENT="N:o"/><SP WIDTH="21" VPOS="803" HPOS="210"/>
							<String ID="string_163" HPOS="231" VPOS="805" WIDTH="10" HEIGHT="20" WC="0.95" CONTENT="1"/><SP WIDTH="18" VPOS="805" HPOS="241"/>
							<String ID="string_164" HPOS="259" VPOS="804" WIDTH="46" HEIGHT="21" WC="0.96" CONTENT="med"/><SP WIDTH="17" VPOS="804" HPOS="305"/>
							<String ID="string_165" HPOS="322" VPOS="804" WIDTH="36" HEIGHT="21" WC="0.96" CONTENT="det"/><SP WIDTH="16" VPOS="804" HPOS="358"/>
							<String ID="string_166" HPOS="374" VPOS="804" WIDTH="74" HEIGHT="27" WC="0.95" CONTENT="tillägg"/><SP WIDTH="15" VPOS="804" HPOS="448"/>
							<String ID="string_167" HPOS="463" VPOS="811" WIDTH="45" HEIGHT="14" WC="0.92" CONTENT="som"/><SP WIDTH="16" VPOS="811" HPOS="508"/>
							<String ID="string_168" HPOS="524" VPOS="803" WIDTH="204" HEIGHT="28" WC="0.91" CONTENT="landtdagsmannen"/><SP WIDTH="17" VPOS="803" HPOS="728"/>
							<String ID="string_169" HPOS="745" VPOS="803" WIDTH="57" HEIGHT="21" WC="0.93" CONTENT="Keto"/><SP WIDTH="15" VPOS="803" HPOS="802"/>
							<String ID="string_170" HPOS="817" VPOS="802" WIDTH="74" HEIGHT="29" WC="0.93" CONTENT="gjorde"/><SP WIDTH="17" VPOS="802" HPOS="891"/>
							<String ID="string_171" HPOS="908" VPOS="802" WIDTH="80" HEIGHT="21" WC="0.92" CONTENT="beträf-"/>
						</TextLine>
						<TextLine ID="line_20" HPOS="168" VPOS="831" WIDTH="821" HEIGHT="30">
							<String ID="string_172" HPOS="168" VPOS="833" WIDTH="66" HEIGHT="21" WC="0.92" CONTENT="fande"/><SP WIDTH="18" VPOS="833" HPOS="234"/>
							<String ID="string_173" HPOS="252" VPOS="833" WIDTH="94" HEIGHT="21" WC="0.91" CONTENT="äfverste"/><SP WIDTH="16" VPOS="833" HPOS="346"/>
							<String ID="string_174" HPOS="362" VPOS="832" WIDTH="98" HEIGHT="29" WC="0.92" CONTENT="Toppelii"/><SP WIDTH="15" VPOS="832" HPOS="460"/>
							<String ID="string_175" HPOS="475" VPOS="835" WIDTH="60" HEIGHT="18" WC="0.95" CONTENT="tomt."/><SP WIDTH="30" VPOS="835" HPOS="535"/>
							<String ID="string_176" HPOS="565" VPOS="833" WIDTH="143" HEIGHT="20" WC="0.96" CONTENT="Alternativet"/><SP WIDTH="14" VPOS="833" HPOS="708"/>
							<String ID="string_177" HPOS="722" VPOS="832" WIDTH="42" HEIGHT="21" WC="0.96" CONTENT="N:o"/><SP WIDTH="16" VPOS="832" HPOS="764"/>
							<String ID="string_178" HPOS="780" VPOS="833" WIDTH="11" HEIGHT="20" WC="0.96" CONTENT="1"/><SP WIDTH="16" VPOS="833" HPOS="791"/>
							<String ID="string_179" HPOS="807" VPOS="831" WIDTH="55" HEIGHT="22" WC="0.96" CONTENT="hade"/><SP WIDTH="15" VPOS="831" HPOS="862"/>
							<String ID="string_180" HPOS="877" VPOS="831" WIDTH="51" HEIGHT="22" WC="0.93" CONTENT="flera"/><SP WIDTH="16" VPOS="831" HPOS="928"/>
							<String ID="string_181" HPOS="944" VPOS="831" WIDTH="45" HEIGHT="21" WC="0.92" CONTENT="för-"/>
						</TextLine>
						<TextLine ID="line_21" HPOS="169" VPOS="860" WIDTH="819" HEIGHT="28">
							<String ID="string_182" HPOS="169" VPOS="861" WIDTH="59" HEIGHT="22" WC="0.94" CONTENT="delar"/><SP WIDTH="20" VPOS="861" HPOS="228"/>
							<String ID="string_183" HPOS="248" VPOS="861" WIDTH="41" HEIGHT="21" WC="0.94" CONTENT="och"/><SP WIDTH="22" VPOS="861" HPOS="289"/>
							<String ID="string_184" HPOS="311" VPOS="861" WIDTH="63" HEIGHT="20" WC="0.96" CONTENT="bland"/><SP WIDTH="24" VPOS="861" HPOS="374"/>
							<String ID="string_185" HPOS="398" VPOS="861" WIDTH="48" HEIGHT="20" WC="0.96" CONTENT="dem"/><SP WIDTH="24" VPOS="861" HPOS="446"/>
							<String ID="string_186" HPOS="470" VPOS="869" WIDTH="37" HEIGHT="13" WC="0.96" CONTENT="var"/><SP WIDTH="19" VPOS="869" HPOS="507"/>
							<String ID="string_187" HPOS="526" VPOS="861" WIDTH="37" HEIGHT="21" WC="0.93" CONTENT="det"/><SP WIDTH="19" VPOS="861" HPOS="563"/>
							<String ID="string_188" HPOS="582" VPOS="861" WIDTH="113" HEIGHT="27" WC="0.92" CONTENT="ingalunda"/><SP WIDTH="19" VPOS="861" HPOS="695"/>
							<String ID="string_189" HPOS="714" VPOS="861" WIDTH="37" HEIGHT="20" WC="0.93" CONTENT="det"/><SP WIDTH="19" VPOS="861" HPOS="751"/>
							<String ID="string_190" HPOS="770" VPOS="861" WIDTH="82" HEIGHT="25" WC="0.91" CONTENT="minsta,"/><SP WIDTH="16" VPOS="861" HPOS="852"/>
							<String ID="string_191" HPOS="868" VPOS="863" WIDTH="31" HEIGHT="18" WC="0.96" CONTENT="att"/><SP WIDTH="15" VPOS="863" HPOS="899"/>
							<String ID="string_192" HPOS="914" VPOS="860" WIDTH="26" HEIGHT="21" WC="0.96" CONTENT="de"/><SP WIDTH="16" VPOS="860" HPOS="940"/>
							<String ID="string_193" HPOS="956" VPOS="863" WIDTH="32" HEIGHT="18" WC="0.96" CONTENT="tre"/>
						</TextLine>
						<TextLine ID="line_22" HPOS="169" VPOS="888" WIDTH="819" HEIGHT="26">
							<String ID="string_194" HPOS="169" VPOS="889" WIDTH="78" HEIGHT="22" WC="0.92" CONTENT="ofrälse"/><SP WIDTH="21" VPOS="889" HPOS="247"/>
							<String ID="string_195" HPOS="268" VPOS="889" WIDTH="90" HEIGHT="22" WC="0.92" CONTENT="ständen"/><SP WIDTH="21" VPOS="889" HPOS="358"/>
							<String ID="string_196" HPOS="379" VPOS="889" WIDTH="68" HEIGHT="21" WC="0.93" CONTENT="skulle"/><SP WIDTH="22" VPOS="889" HPOS="447"/>
							<String ID="string_197" HPOS="469" VPOS="889" WIDTH="67" HEIGHT="22" WC="0.92" CONTENT="blifva"/><SP WIDTH="22" VPOS="889" HPOS="536"/>
							<String ID="string_198" HPOS="558" VPOS="889" WIDTH="119" HEIGHT="22" WC="0.90" CONTENT="oberoende"/><SP WIDTH="16" VPOS="889" HPOS="677"/>
							<String ID="string_199" HPOS="693" VPOS="889" WIDTH="22" HEIGHT="21" WC="0.93" CONTENT="af"/><SP WIDTH="14" VPOS="889" HPOS="715"/>
							<String ID="string_200" HPOS="729" VPOS="888" WIDTH="141" HEIGHT="26" WC="0.91" CONTENT="riddarhuset,"/><SP WIDTH="16" VPOS="888" HPOS="870"/>
							<String ID="string_201" HPOS="886" VPOS="889" WIDTH="59" HEIGHT="21" WC="0.93" CONTENT="hvari"/><SP WIDTH="16" VPOS="889" HPOS="945"/>
							<String ID="string_202" HPOS="961" VPOS="888" WIDTH="27" HEIGHT="23" WC="0.96" CONTENT="de"/>
						</TextLine>
						<TextLine ID="line_23" HPOS="168" VPOS="917" WIDTH="821" HEIGHT="29">
							<String ID="string_203" HPOS="168" VPOS="918" WIDTH="67" HEIGHT="27" WC="0.92" CONTENT="alltid,"/><SP WIDTH="15" VPOS="918" HPOS="235"/>
							<String ID="string_204" HPOS="250" VPOS="918" WIDTH="44" HEIGHT="22" WC="0.90" CONTENT="ifall"/><SP WIDTH="12" VPOS="918" HPOS="294"/>
							<String ID="string_205" HPOS="306" VPOS="919" WIDTH="36" HEIGHT="20" WC="0.93" CONTENT="det"/><SP WIDTH="13" VPOS="919" HPOS="342"/>
							<String ID="string_206" HPOS="355" VPOS="918" WIDTH="81" HEIGHT="28" WC="0.93" CONTENT="köptes,"/><SP WIDTH="10" VPOS="918" HPOS="436"/>
							<String ID="string_207" HPOS="446" VPOS="918" WIDTH="68" HEIGHT="22" WC="0.96" CONTENT="skulle"/><SP WIDTH="12" VPOS="918" HPOS="514"/>
							<String ID="string_208" HPOS="526" VPOS="918" WIDTH="82" HEIGHT="22" WC="0.96" CONTENT="komma"/><SP WIDTH="15" VPOS="918" HPOS="608"/>
							<String ID="string_209" HPOS="623" VPOS="921" WIDTH="30" HEIGHT="18" WC="0.93" CONTENT="att"/><SP WIDTH="14" VPOS="921" HPOS="653"/>
							<String ID="string_210" HPOS="667" VPOS="918" WIDTH="68" HEIGHT="20" WC="0.92" CONTENT="känna"/><SP WIDTH="12" VPOS="918" HPOS="735"/>
							<String ID="string_211" HPOS="747" VPOS="919" WIDTH="32" HEIGHT="26" WC="0.97" CONTENT="sig"/><SP WIDTH="11" VPOS="919" HPOS="779"/>
							<String ID="string_212" HPOS="790" VPOS="925" WIDTH="44" HEIGHT="14" WC="0.97" CONTENT="mer"/><SP WIDTH="12" VPOS="925" HPOS="834"/>
							<String ID="string_213" HPOS="846" VPOS="917" WIDTH="50" HEIGHT="21" WC="0.96" CONTENT="eller"/><SP WIDTH="11" VPOS="917" HPOS="896"/>
							<String ID="string_214" HPOS="907" VPOS="917" WIDTH="82" HEIGHT="22" WC="0.97" CONTENT="mindre"/>
						</TextLine>
						<TextLine ID="line_24" HPOS="168" VPOS="946" WIDTH="822" HEIGHT="30">
							<String ID="string_215" HPOS="168" VPOS="948" WIDTH="93" HEIGHT="28" WC="0.90" CONTENT="inhyses."/><SP WIDTH="30" VPOS="948" HPOS="261"/>
							<String ID="string_216" HPOS="291" VPOS="947" WIDTH="43" HEIGHT="21" WC="0.96" CONTENT="Det"/><SP WIDTH="15" VPOS="947" HPOS="334"/>
							<String ID="string_217" HPOS="349" VPOS="947" WIDTH="37" HEIGHT="21" WC="0.93" CONTENT="har"/><SP WIDTH="14" VPOS="947" HPOS="386"/>
							<String ID="string_218" HPOS="400" VPOS="947" WIDTH="132" HEIGHT="25" WC="0.91" CONTENT="framhällits,"/><SP WIDTH="16" VPOS="947" HPOS="532"/>
							<String ID="string_219" HPOS="548" VPOS="951" WIDTH="31" HEIGHT="17" WC="0.96" CONTENT="att"/><SP WIDTH="15" VPOS="951" HPOS="579"/>
							<String ID="string_220" HPOS="594" VPOS="947" WIDTH="65" HEIGHT="27" WC="0.93" CONTENT="enligt"/><SP WIDTH="15" VPOS="947" HPOS="659"/>
							<String ID="string_221" HPOS="674" VPOS="946" WIDTH="103" HEIGHT="27" WC="0.95" CONTENT="förslaget"/><SP WIDTH="16" VPOS="946" HPOS="777"/>
							<String ID="string_222" HPOS="793" VPOS="946" WIDTH="43" HEIGHT="22" WC="0.44" CONTENT="N:o"/><SP WIDTH="10" VPOS="946" HPOS="836"/>
							<String ID="string_223" HPOS="846" VPOS="948" WIDTH="13" HEIGHT="19" WC="0.44" CONTENT="2"/><SP WIDTH="13" VPOS="948" HPOS="859"/>
							<String ID="string_224" HPOS="872" VPOS="946" WIDTH="118" HEIGHT="28" WC="0.92" CONTENT="pleniloka-"/>
						</TextLine>
						<TextLine ID="line_25" HPOS="169" VPOS="974" WIDTH="819" HEIGHT="29">
							<String ID="string_225" HPOS="169" VPOS="976" WIDTH="58" HEIGHT="21" WC="0.95" CONTENT="lerna"/><SP WIDTH="22" VPOS="976" HPOS="227"/>
							<String ID="string_226" HPOS="249" VPOS="983" WIDTH="50" HEIGHT="14" WC="0.95" CONTENT="vore"/><SP WIDTH="23" VPOS="983" HPOS="299"/>
							<String ID="string_227" HPOS="322" VPOS="976" WIDTH="42" HEIGHT="20" WC="0.96" CONTENT="lika"/><SP WIDTH="23" VPOS="976" HPOS="364"/>
							<String ID="string_228" HPOS="387" VPOS="979" WIDTH="57" HEIGHT="18" WC="0.96" CONTENT="stora"/><SP WIDTH="22" VPOS="979" HPOS="444"/>
							<String ID="string_229" HPOS="466" VPOS="983" WIDTH="46" HEIGHT="14" WC="0.96" CONTENT="som"/><SP WIDTH="18" VPOS="983" HPOS="512"/>
							<String ID="string_230" HPOS="530" VPOS="976" WIDTH="67" HEIGHT="27" WC="0.93" CONTENT="enligt"/><SP WIDTH="20" VPOS="976" HPOS="597"/>
							<String ID="string_231" HPOS="617" VPOS="976" WIDTH="102" HEIGHT="27" WC="0.96" CONTENT="förslaget"/><SP WIDTH="14" VPOS="976" HPOS="719"/>
							<String ID="string_232" HPOS="733" VPOS="975" WIDTH="41" HEIGHT="21" WC="0.96" CONTENT="N:o"/><SP WIDTH="17" VPOS="975" HPOS="774"/>
							<String ID="string_233" HPOS="791" VPOS="976" WIDTH="18" HEIGHT="25" WC="0.96" CONTENT="1;"/><SP WIDTH="18" VPOS="976" HPOS="809"/>
							<String ID="string_234" HPOS="827" VPOS="982" WIDTH="46" HEIGHT="14" WC="0.93" CONTENT="men"/><SP WIDTH="16" VPOS="982" HPOS="873"/>
							<String ID="string_235" HPOS="889" VPOS="975" WIDTH="45" HEIGHT="21" WC="0.96" CONTENT="häri"/><SP WIDTH="17" VPOS="975" HPOS="934"/>
							<String ID="string_236" HPOS="951" VPOS="974" WIDTH="37" HEIGHT="22" WC="0.96" CONTENT="har"/>
						</TextLine>
						<TextLine ID="line_26" HPOS="169" VPOS="1003" WIDTH="819" HEIGHT="29">
							<String ID="string_237" HPOS="169" VPOS="1012" WIDTH="48" HEIGHT="14" WC="0.92" CONTENT="man"/><SP WIDTH="17" VPOS="1012" HPOS="217"/>
							<String ID="string_238" HPOS="234" VPOS="1004" WIDTH="73" HEIGHT="28" WC="0.88" CONTENT="begätt"/><SP WIDTH="15" VPOS="1004" HPOS="307"/>
							<String ID="string_239" HPOS="322" VPOS="1008" WIDTH="30" HEIGHT="16" WC="0.93" CONTENT="ett"/><SP WIDTH="15" VPOS="1008" HPOS="352"/>
							<String ID="string_240" HPOS="367" VPOS="1005" WIDTH="93" HEIGHT="27" WC="0.91" CONTENT="misstag,"/><SP WIDTH="15" VPOS="1005" HPOS="460"/>
							<String ID="string_241" HPOS="475" VPOS="1005" WIDTH="6" HEIGHT="20" WC="0.96" CONTENT="i"/><SP WIDTH="16" VPOS="1005" HPOS="481"/>
							<String ID="string_242" HPOS="497" VPOS="1004" WIDTH="37" HEIGHT="21" WC="0.95" CONTENT="det"/><SP WIDTH="15" VPOS="1004" HPOS="534"/>
							<String ID="string_243" HPOS="549" VPOS="1012" WIDTH="47" HEIGHT="13" WC="0.96" CONTENT="man"/><SP WIDTH="16" VPOS="1012" HPOS="596"/>
							<String ID="string_244" HPOS="612" VPOS="1004" WIDTH="75" HEIGHT="21" WC="0.93" CONTENT="endast"/><SP WIDTH="11" VPOS="1004" HPOS="687"/>
							<String ID="string_245" HPOS="698" VPOS="1004" WIDTH="43" HEIGHT="20" WC="0.93" CONTENT="fäst"/><SP WIDTH="13" VPOS="1004" HPOS="741"/>
							<String ID="string_246" HPOS="754" VPOS="1004" WIDTH="33" HEIGHT="28" WC="0.96" CONTENT="sig"/><SP WIDTH="11" VPOS="1004" HPOS="787"/>
							<String ID="string_247" HPOS="798" VPOS="1003" WIDTH="35" HEIGHT="21" WC="0.96" CONTENT="vid"/><SP WIDTH="12" VPOS="1003" HPOS="833"/>
							<String ID="string_248" HPOS="845" VPOS="1004" WIDTH="79" HEIGHT="20" WC="0.93" CONTENT="antalet"/><SP WIDTH="10" VPOS="1004" HPOS="924"/>
							<String ID="string_249" HPOS="934" VPOS="1003" WIDTH="54" HEIGHT="28" WC="0.89" CONTENT="plat-"/>
						</TextLine>
						<TextLine ID="line_27" HPOS="169" VPOS="1032" WIDTH="820" HEIGHT="27">
							<String ID="string_250" HPOS="169" VPOS="1040" WIDTH="35" HEIGHT="14" WC="0.96" CONTENT="ser"/><SP WIDTH="14" VPOS="1040" HPOS="204"/>
							<String ID="string_251" HPOS="218" VPOS="1034" WIDTH="32" HEIGHT="20" WC="0.93" CONTENT="för"/><SP WIDTH="14" VPOS="1034" HPOS="250"/>
							<String ID="string_252" HPOS="264" VPOS="1032" WIDTH="170" HEIGHT="26" WC="0.92" CONTENT="medlemmarna,"/><SP WIDTH="15" VPOS="1032" HPOS="434"/>
							<String ID="string_253" HPOS="449" VPOS="1040" WIDTH="47" HEIGHT="14" WC="0.93" CONTENT="men"/><SP WIDTH="16" VPOS="1040" HPOS="496"/>
							<String ID="string_254" HPOS="512" VPOS="1033" WIDTH="47" HEIGHT="21" WC="0.88" CONTENT="ieke"/><SP WIDTH="16" VPOS="1033" HPOS="559"/>
							<String ID="string_255" HPOS="575" VPOS="1032" WIDTH="36" HEIGHT="21" WC="0.93" CONTENT="vid"/><SP WIDTH="16" VPOS="1032" HPOS="611"/>
							<String ID="string_256" HPOS="627" VPOS="1032" WIDTH="89" HEIGHT="21" WC="0.92" CONTENT="arealen."/><SP WIDTH="25" VPOS="1032" HPOS="716"/>
							<String ID="string_257" HPOS="741" VPOS="1032" WIDTH="40" HEIGHT="21" WC="0.93" CONTENT="Att"/><SP WIDTH="11" VPOS="1032" HPOS="781"/>
							<String ID="string_258" HPOS="792" VPOS="1034" WIDTH="95" HEIGHT="19" WC="0.92" CONTENT="närmare"/><SP WIDTH="9" VPOS="1034" HPOS="887"/>
							<String ID="string_259" HPOS="896" VPOS="1032" WIDTH="93" HEIGHT="27" WC="0.92" CONTENT="granska"/>
						</TextLine>
						<TextLine ID="line_28" HPOS="169" VPOS="1060" WIDTH="819" HEIGHT="29">
							<String ID="string_260" HPOS="169" VPOS="1061" WIDTH="103" HEIGHT="28" WC="0.88" CONTENT="förslaget"/><SP WIDTH="20" VPOS="1061" HPOS="272"/>
							<String ID="string_261" HPOS="292" VPOS="1061" WIDTH="42" HEIGHT="21" WC="0.96" CONTENT="N:o"/><SP WIDTH="21" VPOS="1061" HPOS="334"/>
							<String ID="string_262" HPOS="355" VPOS="1062" WIDTH="9" HEIGHT="20" WC="0.96" CONTENT="1"/><SP WIDTH="20" VPOS="1062" HPOS="364"/>
							<String ID="string_263" HPOS="384" VPOS="1061" WIDTH="40" HEIGHT="21" WC="0.93" CONTENT="kan"/><SP WIDTH="21" VPOS="1061" HPOS="424"/>
							<String ID="string_264" HPOS="445" VPOS="1062" WIDTH="18" HEIGHT="27" WC="0.91" CONTENT="ej"/><SP WIDTH="20" VPOS="1062" HPOS="463"/>
							<String ID="string_265" HPOS="483" VPOS="1061" WIDTH="82" HEIGHT="21" WC="0.96" CONTENT="komma"/><SP WIDTH="17" VPOS="1061" HPOS="565"/>
							<String ID="string_266" HPOS="582" VPOS="1062" WIDTH="6" HEIGHT="20" WC="0.93" CONTENT="i"/><SP WIDTH="16" VPOS="1062" HPOS="588"/>
							<String ID="string_267" HPOS="604" VPOS="1061" WIDTH="67" HEIGHT="27" WC="0.92" CONTENT="fräga,"/><SP WIDTH="16" VPOS="1061" HPOS="671"/>
							<String ID="string_268" HPOS="687" VPOS="1060" WIDTH="28" HEIGHT="22" WC="0.96" CONTENT="dä"/><SP WIDTH="14" VPOS="1060" HPOS="715"/>
							<String ID="string_269" HPOS="729" VPOS="1060" WIDTH="37" HEIGHT="21" WC="0.96" CONTENT="det"/><SP WIDTH="15" VPOS="1060" HPOS="766"/>
							<String ID="string_270" HPOS="781" VPOS="1068" WIDTH="45" HEIGHT="13" WC="0.96" CONTENT="mer"/><SP WIDTH="14" VPOS="1068" HPOS="826"/>
							<String ID="string_271" HPOS="840" VPOS="1060" WIDTH="52" HEIGHT="21" WC="0.96" CONTENT="eller"/><SP WIDTH="14" VPOS="1060" HPOS="892"/>
							<String ID="string_272" HPOS="906" VPOS="1060" WIDTH="82" HEIGHT="21" WC="0.96" CONTENT="mindre"/>
						</TextLine>
						<TextLine ID="line_29" HPOS="170" VPOS="1088" WIDTH="819" HEIGHT="29">
							<String ID="string_273" HPOS="170" VPOS="1092" WIDTH="22" HEIGHT="19" WC="0.96" CONTENT="är"/><SP WIDTH="19" VPOS="1092" HPOS="192"/>
							<String ID="string_274" HPOS="211" VPOS="1094" WIDTH="30" HEIGHT="17" WC="0.93" CONTENT="ett"/><SP WIDTH="19" VPOS="1094" HPOS="241"/>
							<String ID="string_275" HPOS="260" VPOS="1090" WIDTH="107" HEIGHT="27" WC="0.92" CONTENT="hastverk,"/><SP WIDTH="15" VPOS="1090" HPOS="367"/>
							<String ID="string_276" HPOS="382" VPOS="1093" WIDTH="54" HEIGHT="17" WC="0.96" CONTENT="samt"/><SP WIDTH="16" VPOS="1093" HPOS="436"/>
							<String ID="string_277" HPOS="452" VPOS="1090" WIDTH="59" HEIGHT="20" WC="0.96" CONTENT="detta"/><SP WIDTH="15" VPOS="1090" HPOS="511"/>
							<String ID="string_278" HPOS="526" VPOS="1090" WIDTH="107" HEIGHT="21" WC="0.96" CONTENT="dessutom"/><SP WIDTH="17" VPOS="1090" HPOS="633"/>
							<String ID="string_279" HPOS="650" VPOS="1090" WIDTH="120" HEIGHT="27" WC="0.93" CONTENT="egentligen"/><SP WIDTH="15" VPOS="1090" HPOS="770"/>
							<String ID="string_280" HPOS="785" VPOS="1089" WIDTH="73" HEIGHT="21" WC="0.92" CONTENT="tillhör"/><SP WIDTH="14" VPOS="1089" HPOS="858"/>
							<String ID="string_281" HPOS="872" VPOS="1088" WIDTH="117" HEIGHT="28" WC="0.92" CONTENT="delegatio-"/>
						</TextLine>
						<TextLine ID="line_30" HPOS="169" VPOS="1117" WIDTH="820" HEIGHT="30">
							<String ID="string_282" HPOS="169" VPOS="1127" WIDTH="48" HEIGHT="13" WC="0.83" CONTENT="nen."/><SP WIDTH="29" VPOS="1127" HPOS="217"/>
							<String ID="string_283" HPOS="246" VPOS="1118" WIDTH="104" HEIGHT="28" WC="0.94" CONTENT="Slutligen"/><SP WIDTH="16" VPOS="1118" HPOS="350"/>
							<String ID="string_284" HPOS="366" VPOS="1119" WIDTH="84" HEIGHT="20" WC="0.96" CONTENT="förenar"/><SP WIDTH="14" VPOS="1119" HPOS="450"/>
							<String ID="string_285" HPOS="464" VPOS="1119" WIDTH="36" HEIGHT="28" WC="0.96" CONTENT="jag"/><SP WIDTH="15" VPOS="1119" HPOS="500"/>
							<String ID="string_286" HPOS="515" VPOS="1120" WIDTH="43" HEIGHT="26" WC="0.96" CONTENT="mig"/><SP WIDTH="15" VPOS="1120" HPOS="558"/>
							<String ID="string_287" HPOS="573" VPOS="1118" WIDTH="47" HEIGHT="21" WC="0.93" CONTENT="med"/><SP WIDTH="16" VPOS="1118" HPOS="620"/>
							<String ID="string_288" HPOS="636" VPOS="1117" WIDTH="204" HEIGHT="29" WC="0.91" CONTENT="landtdagsmännen"/><SP WIDTH="13" VPOS="1117" HPOS="840"/>
							<String ID="string_289" HPOS="853" VPOS="1118" WIDTH="85" HEIGHT="20" WC="0.96" CONTENT="Brusila"/><SP WIDTH="11" VPOS="1118" HPOS="938"/>
							<String ID="string_290" HPOS="949" VPOS="1117" WIDTH="40" HEIGHT="21" WC="0.97" CONTENT="och"/>
						</TextLine>
						<TextLine ID="line_31" HPOS="169" VPOS="1146" WIDTH="819" HEIGHT="29">
							<String ID="string_291" HPOS="169" VPOS="1147" WIDTH="103" HEIGHT="21" WC="0.91" CONTENT="Duncker"/><SP WIDTH="14" VPOS="1147" HPOS="272"/>
							<String ID="string_292" HPOS="286" VPOS="1147" WIDTH="51" HEIGHT="26" WC="0.93" CONTENT="deri,"/><SP WIDTH="16" VPOS="1147" HPOS="337"/>
							<String ID="string_293" HPOS="353" VPOS="1150" WIDTH="32" HEIGHT="18" WC="0.93" CONTENT="att"/><SP WIDTH="14" VPOS="1150" HPOS="385"/>
							<String ID="string_294" HPOS="399" VPOS="1148" WIDTH="87" HEIGHT="20" WC="0.92" CONTENT="ständet"/><SP WIDTH="15" VPOS="1148" HPOS="486"/>
							<String ID="string_295" HPOS="501" VPOS="1147" WIDTH="64" HEIGHT="21" WC="0.92" CONTENT="mätte"/><SP WIDTH="16" VPOS="1147" HPOS="565"/>
							<String ID="string_296" HPOS="581" VPOS="1147" WIDTH="88" HEIGHT="26" WC="0.92" CONTENT="besluta,"/><SP WIDTH="16" VPOS="1147" HPOS="669"/>
							<String ID="string_297" HPOS="685" VPOS="1150" WIDTH="30" HEIGHT="18" WC="0.94" CONTENT="att"/><SP WIDTH="15" VPOS="1150" HPOS="715"/>
							<String ID="string_298" HPOS="730" VPOS="1146" WIDTH="70" HEIGHT="22" WC="0.93" CONTENT="denna"/><SP WIDTH="11" VPOS="1146" HPOS="800"/>
							<String ID="string_299" HPOS="811" VPOS="1146" WIDTH="59" HEIGHT="29" WC="0.93" CONTENT="fräga"/><SP WIDTH="12" VPOS="1146" HPOS="870"/>
							<String ID="string_300" HPOS="882" VPOS="1148" WIDTH="22" HEIGHT="20" WC="0.96" CONTENT="är"/><SP WIDTH="11" VPOS="1148" HPOS="904"/>
							<String ID="string_301" HPOS="915" VPOS="1146" WIDTH="23" HEIGHT="21" WC="0.96" CONTENT="af"/><SP WIDTH="10" VPOS="1146" HPOS="938"/>
							<String ID="string_302" HPOS="948" VPOS="1146" WIDTH="40" HEIGHT="22" WC="0.96" CONTENT="den"/>
						</TextLine>
						<TextLine ID="line_32" HPOS="170" VPOS="1176" WIDTH="443" HEIGHT="28">
							<String ID="string_303" HPOS="170" VPOS="1177" WIDTH="51" HEIGHT="27" WC="0.93" CONTENT="vigt,"/><SP WIDTH="16" VPOS="1177" HPOS="221"/>
							<String ID="string_304" HPOS="237" VPOS="1180" WIDTH="31" HEIGHT="17" WC="0.95" CONTENT="att"/><SP WIDTH="14" VPOS="1180" HPOS="268"/>
							<String ID="string_305" HPOS="282" VPOS="1176" WIDTH="41" HEIGHT="20" WC="0.93" CONTENT="den"/><SP WIDTH="16" VPOS="1176" HPOS="323"/>
							<String ID="string_306" HPOS="339" VPOS="1176" WIDTH="47" HEIGHT="21" WC="0.92" CONTENT="icke"/><SP WIDTH="16" VPOS="1176" HPOS="386"/>
							<String ID="string_307" HPOS="402" VPOS="1176" WIDTH="33" HEIGHT="21" WC="0.92" CONTENT="fär"/><SP WIDTH="15" VPOS="1176" HPOS="435"/>
							<String ID="string_308" HPOS="450" VPOS="1176" WIDTH="80" HEIGHT="21" WC="0.92" CONTENT="lemnas"/><SP WIDTH="16" VPOS="1176" HPOS="530"/>
							<String ID="string_309" HPOS="546" VPOS="1176" WIDTH="67" HEIGHT="21" WC="0.92" CONTENT="äsido."/>
						</TextLine>
					</TextBlock>
				</ComposedBlock>
				<ComposedBlock ID="cblock_5" HPOS="170" VPOS="1250" WIDTH="820" HEIGHT="285">
					<TextBlock ID="block_4" HPOS="170" VPOS="1250" WIDTH="820" HEIGHT="285">
						<TextLine ID="line_33" HPOS="238" VPOS="1250" WIDTH="750" HEIGHT="28">
							<String ID="string_310" HPOS="238" VPOS="1250" WIDTH="217" HEIGHT="28" WC="0.90" CONTENT="Landtdagsmannen"/><SP WIDTH="23" VPOS="1250" HPOS="455"/>
							<String ID="string_311" HPOS="478" VPOS="1250" WIDTH="133" HEIGHT="21" WC="0.88" CONTENT="Eklund:"/><SP WIDTH="22" VPOS="1250" HPOS="611"/>
							<String ID="string_312" HPOS="633" VPOS="1250" WIDTH="42" HEIGHT="28" WC="0.96" CONTENT="Jag"/><SP WIDTH="22" VPOS="1250" HPOS="675"/>
							<String ID="string_313" HPOS="697" VPOS="1250" WIDTH="50" HEIGHT="20" WC="0.93" CONTENT="ville"/><SP WIDTH="23" VPOS="1250" HPOS="747"/>
							<String ID="string_314" HPOS="770" VPOS="1250" WIDTH="118" HEIGHT="25" WC="0.95" CONTENT="framhålla,"/><SP WIDTH="21" VPOS="1250" HPOS="888"/>
							<String ID="string_315" HPOS="909" VPOS="1252" WIDTH="31" HEIGHT="19" WC="0.96" CONTENT="att"/><SP WIDTH="15" VPOS="1252" HPOS="940"/>
							<String ID="string_316" HPOS="955" VPOS="1256" WIDTH="33" HEIGHT="15" WC="0.97" CONTENT="om"/>
						</TextLine>
						<TextLine ID="line_34" HPOS="170" VPOS="1278" WIDTH="820" HEIGHT="29">
							<String ID="string_317" HPOS="170" VPOS="1279" WIDTH="102" HEIGHT="28" WC="0.92" CONTENT="förslaget"/><SP WIDTH="15" VPOS="1279" HPOS="272"/>
							<String ID="string_318" HPOS="287" VPOS="1279" WIDTH="41" HEIGHT="21" WC="0.96" CONTENT="N:o"/><SP WIDTH="17" VPOS="1279" HPOS="328"/>
							<String ID="string_319" HPOS="345" VPOS="1281" WIDTH="10" HEIGHT="19" WC="0.93" CONTENT="1"/><SP WIDTH="17" VPOS="1281" HPOS="355"/>
							<String ID="string_320" HPOS="372" VPOS="1282" WIDTH="93" HEIGHT="25" WC="0.91" CONTENT="antages,"/><SP WIDTH="15" VPOS="1282" HPOS="465"/>
							<String ID="string_321" HPOS="480" VPOS="1279" WIDTH="24" HEIGHT="21" WC="0.93" CONTENT="sä"/><SP WIDTH="15" VPOS="1279" HPOS="504"/>
							<String ID="string_322" HPOS="519" VPOS="1279" WIDTH="103" HEIGHT="21" WC="0.92" CONTENT="behöfves"/><SP WIDTH="11" VPOS="1279" HPOS="622"/>
							<String ID="string_323" HPOS="633" VPOS="1278" WIDTH="36" HEIGHT="21" WC="0.93" CONTENT="det"/><SP WIDTH="12" VPOS="1278" HPOS="669"/>
							<String ID="string_324" HPOS="681" VPOS="1279" WIDTH="90" HEIGHT="25" WC="0.92" CONTENT="950,000"/><SP WIDTH="11" VPOS="1279" HPOS="771"/>
							<String ID="string_325" HPOS="782" VPOS="1279" WIDTH="58" HEIGHT="20" WC="0.93" CONTENT="mark"/><SP WIDTH="12" VPOS="1279" HPOS="840"/>
							<String ID="string_326" HPOS="852" VPOS="1279" WIDTH="69" HEIGHT="21" WC="0.93" CONTENT="förrän"/><SP WIDTH="12" VPOS="1279" HPOS="921"/>
							<String ID="string_327" HPOS="933" VPOS="1281" WIDTH="57" HEIGHT="18" WC="0.92" CONTENT="näst-"/>
						</TextLine>
						<TextLine ID="line_35" HPOS="170" VPOS="1307" WIDTH="820" HEIGHT="28">
							<String ID="string_328" HPOS="170" VPOS="1307" WIDTH="127" HEIGHT="22" WC="0.92" CONTENT="kommande"/><SP WIDTH="21" VPOS="1307" HPOS="297"/>
							<String ID="string_329" HPOS="318" VPOS="1307" WIDTH="108" HEIGHT="28" WC="0.92" CONTENT="landtdag,"/><SP WIDTH="22" VPOS="1307" HPOS="426"/>
							<String ID="string_330" HPOS="448" VPOS="1315" WIDTH="47" HEIGHT="13" WC="0.96" CONTENT="men"/><SP WIDTH="21" VPOS="1315" HPOS="495"/>
							<String ID="string_331" HPOS="516" VPOS="1307" WIDTH="66" HEIGHT="27" WC="0.93" CONTENT="enligt"/><SP WIDTH="19" VPOS="1307" HPOS="582"/>
							<String ID="string_332" HPOS="601" VPOS="1307" WIDTH="102" HEIGHT="28" WC="0.91" CONTENT="förslaget"/><SP WIDTH="20" VPOS="1307" HPOS="703"/>
							<String ID="string_333" HPOS="723" VPOS="1307" WIDTH="41" HEIGHT="21" WC="0.96" CONTENT="N:o"/><SP WIDTH="16" VPOS="1307" HPOS="764"/>
							<String ID="string_334" HPOS="780" VPOS="1308" WIDTH="12" HEIGHT="20" WC="0.96" CONTENT="2"/><SP WIDTH="16" VPOS="1308" HPOS="792"/>
							<String ID="string_335" HPOS="808" VPOS="1307" WIDTH="76" HEIGHT="21" WC="0.93" CONTENT="endast"/><SP WIDTH="16" VPOS="1307" HPOS="884"/>
							<String ID="string_336" HPOS="900" VPOS="1307" WIDTH="90" HEIGHT="25" WC="0.93" CONTENT="565,000"/>
						</TextLine>
						<TextLine ID="line_36" HPOS="170" VPOS="1335" WIDTH="820" HEIGHT="27">
							<String ID="string_337" HPOS="170" VPOS="1336" WIDTH="65" HEIGHT="20" WC="0.94" CONTENT="mark."/><SP WIDTH="29" VPOS="1336" HPOS="235"/>
							<String ID="string_338" HPOS="264" VPOS="1336" WIDTH="44" HEIGHT="19" WC="0.94" CONTENT="Det"/><SP WIDTH="22" VPOS="1336" HPOS="308"/>
							<String ID="string_339" HPOS="330" VPOS="1338" WIDTH="23" HEIGHT="17" WC="0.96" CONTENT="är"/><SP WIDTH="19" VPOS="1338" HPOS="353"/>
							<String ID="string_340" HPOS="372" VPOS="1343" WIDTH="25" HEIGHT="12" WC="0.96" CONTENT="en"/><SP WIDTH="18" VPOS="1343" HPOS="397"/>
							<String ID="string_341" HPOS="415" VPOS="1339" WIDTH="44" HEIGHT="16" WC="0.93" CONTENT="stor"/><SP WIDTH="15" VPOS="1339" HPOS="459"/>
							<String ID="string_342" HPOS="474" VPOS="1335" WIDTH="90" HEIGHT="22" WC="0.89" CONTENT="skilnad,"/><SP WIDTH="15" VPOS="1335" HPOS="564"/>
							<String ID="string_343" HPOS="579" VPOS="1343" WIDTH="45" HEIGHT="12" WC="0.96" CONTENT="som"/><SP WIDTH="16" VPOS="1343" HPOS="624"/>
							<String ID="string_344" HPOS="640" VPOS="1343" WIDTH="47" HEIGHT="12" WC="0.96" CONTENT="man"/><SP WIDTH="18" VPOS="1343" HPOS="687"/>
							<String ID="string_345" HPOS="705" VPOS="1335" WIDTH="38" HEIGHT="26" WC="0.93" CONTENT="bör"/><SP WIDTH="14" VPOS="1335" HPOS="743"/>
							<String ID="string_346" HPOS="757" VPOS="1339" WIDTH="49" HEIGHT="23" WC="0.91" CONTENT="taga"/><SP WIDTH="15" VPOS="1339" HPOS="806"/>
							<String ID="string_347" HPOS="821" VPOS="1336" WIDTH="7" HEIGHT="19" WC="0.93" CONTENT="i"/><SP WIDTH="16" VPOS="1336" HPOS="828"/>
							<String ID="string_348" HPOS="844" VPOS="1335" WIDTH="146" HEIGHT="25" WC="0.92" CONTENT="betraktande,"/>
						</TextLine>
						<TextLine ID="line_37" HPOS="170" VPOS="1363" WIDTH="818" HEIGHT="27">
							<String ID="string_349" HPOS="170" VPOS="1363" WIDTH="28" HEIGHT="21" WC="0.96" CONTENT="dä"/><SP WIDTH="23" VPOS="1363" HPOS="198"/>
							<String ID="string_350" HPOS="221" VPOS="1371" WIDTH="47" HEIGHT="13" WC="0.96" CONTENT="man"/><SP WIDTH="15" VPOS="1371" HPOS="268"/>
							<String ID="string_351" HPOS="283" VPOS="1363" WIDTH="38" HEIGHT="21" WC="0.95" CONTENT="har"/><SP WIDTH="19" VPOS="1363" HPOS="321"/>
							<String ID="string_352" HPOS="340" VPOS="1363" WIDTH="24" HEIGHT="21" WC="0.93" CONTENT="sä"/><SP WIDTH="15" VPOS="1363" HPOS="364"/>
							<String ID="string_353" HPOS="379" VPOS="1363" WIDTH="75" HEIGHT="27" WC="0.88" CONTENT="mänga"/><SP WIDTH="16" VPOS="1363" HPOS="454"/>
							<String ID="string_354" HPOS="470" VPOS="1363" WIDTH="200" HEIGHT="27" WC="0.89" CONTENT="penningeutgifter."/><SP WIDTH="29" VPOS="1363" HPOS="670"/>
							<String ID="string_355" HPOS="699" VPOS="1363" WIDTH="65" HEIGHT="20" WC="0.82" CONTENT="Annu"/><SP WIDTH="17" VPOS="1363" HPOS="764"/>
							<String ID="string_356" HPOS="781" VPOS="1363" WIDTH="49" HEIGHT="20" WC="0.96" CONTENT="ville"/><SP WIDTH="15" VPOS="1363" HPOS="830"/>
							<String ID="string_357" HPOS="845" VPOS="1363" WIDTH="35" HEIGHT="27" WC="0.93" CONTENT="jag"/><SP WIDTH="14" VPOS="1363" HPOS="880"/>
							<String ID="string_358" HPOS="894" VPOS="1363" WIDTH="94" HEIGHT="27" WC="0.91" CONTENT="tillägga,"/>
						</TextLine>
						<TextLine ID="line_38" HPOS="170" VPOS="1389" WIDTH="820" HEIGHT="29">
							<String ID="string_359" HPOS="170" VPOS="1394" WIDTH="31" HEIGHT="18" WC="0.94" CONTENT="att"/><SP WIDTH="17" VPOS="1394" HPOS="201"/>
							<String ID="string_360" HPOS="218" VPOS="1391" WIDTH="37" HEIGHT="21" WC="0.92" CONTENT="det"/><SP WIDTH="15" VPOS="1391" HPOS="255"/>
							<String ID="string_361" HPOS="270" VPOS="1391" WIDTH="47" HEIGHT="21" WC="0.47" CONTENT="icke"/><SP WIDTH="16" VPOS="1391" HPOS="317"/>
							<String ID="string_362" HPOS="333" VPOS="1393" WIDTH="23" HEIGHT="18" WC="0.93" CONTENT="är"/><SP WIDTH="15" VPOS="1393" HPOS="356"/>
							<String ID="string_363" HPOS="371" VPOS="1391" WIDTH="73" HEIGHT="27" WC="0.92" CONTENT="nödigt"/><SP WIDTH="16" VPOS="1391" HPOS="444"/>
							<String ID="string_364" HPOS="460" VPOS="1394" WIDTH="31" HEIGHT="17" WC="0.93" CONTENT="att"/><SP WIDTH="16" VPOS="1394" HPOS="491"/>
							<String ID="string_365" HPOS="507" VPOS="1391" WIDTH="81" HEIGHT="20" WC="0.96" CONTENT="besluta"/><SP WIDTH="15" VPOS="1391" HPOS="588"/>
							<String ID="string_366" HPOS="603" VPOS="1391" WIDTH="37" HEIGHT="20" WC="0.93" CONTENT="det"/><SP WIDTH="15" VPOS="1391" HPOS="640"/>
							<String ID="string_367" HPOS="655" VPOS="1390" WIDTH="74" HEIGHT="28" WC="0.96" CONTENT="frågan"/><SP WIDTH="16" VPOS="1390" HPOS="729"/>
							<String ID="string_368" HPOS="745" VPOS="1391" WIDTH="47" HEIGHT="20" WC="0.96" CONTENT="icke"/><SP WIDTH="16" VPOS="1391" HPOS="792"/>
							<String ID="string_369" HPOS="808" VPOS="1391" WIDTH="34" HEIGHT="20" WC="0.96" CONTENT="får"/><SP WIDTH="14" VPOS="1391" HPOS="842"/>
							<String ID="string_370" HPOS="856" VPOS="1390" WIDTH="91" HEIGHT="26" WC="0.96" CONTENT="förfalla,"/><SP WIDTH="16" VPOS="1390" HPOS="947"/>
							<String ID="string_371" HPOS="963" VPOS="1389" WIDTH="27" HEIGHT="22" WC="0.97" CONTENT="dä"/>
						</TextLine>
						<TextLine ID="line_39" HPOS="170" VPOS="1419" WIDTH="819" HEIGHT="29">
							<String ID="string_372" HPOS="170" VPOS="1420" WIDTH="41" HEIGHT="21" WC="0.96" CONTENT="den"/><SP WIDTH="22" VPOS="1420" HPOS="211"/>
							<String ID="string_373" HPOS="233" VPOS="1421" WIDTH="22" HEIGHT="27" WC="0.96" CONTENT="ju"/><SP WIDTH="22" VPOS="1421" HPOS="255"/>
							<String ID="string_374" HPOS="277" VPOS="1421" WIDTH="24" HEIGHT="20" WC="0.96" CONTENT="är"/><SP WIDTH="22" VPOS="1421" HPOS="301"/>
							<String ID="string_375" HPOS="323" VPOS="1427" WIDTH="25" HEIGHT="14" WC="0.93" CONTENT="en"/><SP WIDTH="21" VPOS="1427" HPOS="348"/>
							<String ID="string_376" HPOS="369" VPOS="1419" WIDTH="151" HEIGHT="28" WC="0.91" CONTENT="anslagsfräga,"/><SP WIDTH="21" VPOS="1419" HPOS="520"/>
							<String ID="string_377" HPOS="541" VPOS="1427" WIDTH="44" HEIGHT="13" WC="0.96" CONTENT="som"/><SP WIDTH="21" VPOS="1427" HPOS="585"/>
							<String ID="string_378" HPOS="606" VPOS="1419" WIDTH="40" HEIGHT="21" WC="0.92" CONTENT="kan"/><SP WIDTH="17" VPOS="1419" HPOS="646"/>
							<String ID="string_379" HPOS="663" VPOS="1419" WIDTH="84" HEIGHT="28" WC="0.92" CONTENT="afgöras"/><SP WIDTH="16" VPOS="1419" HPOS="747"/>
							<String ID="string_380" HPOS="763" VPOS="1420" WIDTH="6" HEIGHT="20" WC="0.93" CONTENT="i"/><SP WIDTH="16" VPOS="1420" HPOS="769"/>
							<String ID="string_381" HPOS="785" VPOS="1419" WIDTH="103" HEIGHT="22" WC="0.93" CONTENT="förstärkt"/><SP WIDTH="14" VPOS="1419" HPOS="888"/>
							<String ID="string_382" HPOS="902" VPOS="1420" WIDTH="87" HEIGHT="21" WC="0.88" CONTENT="utskott."/>
						</TextLine>
						<TextLine ID="line_40" HPOS="170" VPOS="1447" WIDTH="820" HEIGHT="29">
							<String ID="string_383" HPOS="170" VPOS="1449" WIDTH="52" HEIGHT="21" WC="0.96" CONTENT="Man"/><SP WIDTH="20" VPOS="1449" HPOS="222"/>
							<String ID="string_384" HPOS="242" VPOS="1449" WIDTH="38" HEIGHT="21" WC="0.93" CONTENT="bör"/><SP WIDTH="18" VPOS="1449" HPOS="280"/>
							<String ID="string_385" HPOS="298" VPOS="1449" WIDTH="60" HEIGHT="21" WC="0.92" CONTENT="desto"/><SP WIDTH="16" VPOS="1449" HPOS="358"/>
							<String ID="string_386" HPOS="374" VPOS="1456" WIDTH="56" HEIGHT="13" WC="0.93" CONTENT="mera"/><SP WIDTH="16" VPOS="1456" HPOS="430"/>
							<String ID="string_387" HPOS="446" VPOS="1448" WIDTH="55" HEIGHT="22" WC="0.93" CONTENT="fästa"/><SP WIDTH="16" VPOS="1448" HPOS="501"/>
							<String ID="string_388" HPOS="517" VPOS="1447" WIDTH="102" HEIGHT="22" WC="0.92" CONTENT="afseende"/><SP WIDTH="16" VPOS="1447" HPOS="619"/>
							<String ID="string_389" HPOS="635" VPOS="1448" WIDTH="35" HEIGHT="21" WC="0.96" CONTENT="vid"/><SP WIDTH="17" VPOS="1448" HPOS="670"/>
							<String ID="string_390" HPOS="687" VPOS="1448" WIDTH="26" HEIGHT="21" WC="0.93" CONTENT="de"/><SP WIDTH="16" VPOS="1448" HPOS="713"/>
							<String ID="string_391" HPOS="729" VPOS="1448" WIDTH="70" HEIGHT="21" WC="0.93" CONTENT="skilda"/><SP WIDTH="15" VPOS="1448" HPOS="799"/>
							<String ID="string_392" HPOS="814" VPOS="1448" WIDTH="114" HEIGHT="28" WC="0.91" CONTENT="förslagen,"/><SP WIDTH="16" VPOS="1448" HPOS="928"/>
							<String ID="string_393" HPOS="944" VPOS="1455" WIDTH="46" HEIGHT="14" WC="0.96" CONTENT="som"/>
						</TextLine>
						<TextLine ID="line_41" HPOS="170" VPOS="1477" WIDTH="819" HEIGHT="29">
							<String ID="string_394" HPOS="170" VPOS="1478" WIDTH="73" HEIGHT="28" WC="0.92" CONTENT="hvarje"/><SP WIDTH="18" VPOS="1478" HPOS="243"/>
							<String ID="string_395" HPOS="261" VPOS="1477" WIDTH="39" HEIGHT="22" WC="0.96" CONTENT="hus"/><SP WIDTH="16" VPOS="1477" HPOS="300"/>
							<String ID="string_396" HPOS="316" VPOS="1477" WIDTH="59" HEIGHT="22" WC="0.96" CONTENT="alltid"/><SP WIDTH="17" VPOS="1477" HPOS="375"/>
							<String ID="string_397" HPOS="392" VPOS="1477" WIDTH="94" HEIGHT="22" WC="0.96" CONTENT="kommer"/><SP WIDTH="15" VPOS="1477" HPOS="486"/>
							<String ID="string_398" HPOS="501" VPOS="1480" WIDTH="31" HEIGHT="18" WC="0.96" CONTENT="att"/><SP WIDTH="15" VPOS="1480" HPOS="532"/>
							<String ID="string_399" HPOS="547" VPOS="1477" WIDTH="62" HEIGHT="21" WC="0.96" CONTENT="kosta"/><SP WIDTH="15" VPOS="1477" HPOS="609"/>
							<String ID="string_400" HPOS="624" VPOS="1484" WIDTH="57" HEIGHT="14" WC="0.96" CONTENT="mera"/><SP WIDTH="15" VPOS="1484" HPOS="681"/>
							<String ID="string_401" HPOS="696" VPOS="1479" WIDTH="26" HEIGHT="19" WC="0.93" CONTENT="än"/><SP WIDTH="16" VPOS="1479" HPOS="722"/>
							<String ID="string_402" HPOS="738" VPOS="1477" WIDTH="103" HEIGHT="29" WC="0.92" CONTENT="förslaget"/><SP WIDTH="15" VPOS="1477" HPOS="841"/>
							<String ID="string_403" HPOS="856" VPOS="1477" WIDTH="66" HEIGHT="29" WC="0.93" CONTENT="lyder,"/><SP WIDTH="14" VPOS="1477" HPOS="922"/>
							<String ID="string_404" HPOS="936" VPOS="1477" WIDTH="53" HEIGHT="22" WC="0.96" CONTENT="huru"/>
						</TextLine>
						<TextLine ID="line_42" HPOS="170" VPOS="1506" WIDTH="420" HEIGHT="29">
							<String ID="string_405" HPOS="170" VPOS="1507" WIDTH="86" HEIGHT="28" WC="0.96" CONTENT="mycket"/><SP WIDTH="14" VPOS="1507" HPOS="256"/>
							<String ID="string_406" HPOS="270" VPOS="1508" WIDTH="26" HEIGHT="20" WC="0.93" CONTENT="än"/><SP WIDTH="17" VPOS="1508" HPOS="296"/>
							<String ID="string_407" HPOS="313" VPOS="1507" WIDTH="143" HEIGHT="21" WC="0.92" CONTENT="arkitekterna"/><SP WIDTH="15" VPOS="1507" HPOS="456"/>
							<String ID="string_408" HPOS="471" VPOS="1506" WIDTH="66" HEIGHT="28" WC="0.92" CONTENT="draga"/><SP WIDTH="15" VPOS="1506" HPOS="537"/>
							<String ID="string_409" HPOS="552" VPOS="1506" WIDTH="38" HEIGHT="21" WC="0.96" CONTENT="till."/>
						</TextLine>
					</TextBlock>
				</ComposedBlock>
			</PrintSpace>
		</Page>
	</Layout>
</alto>
