1084 1803
188 121 41 20 222
366 126 208 21 Talonpoikaissääty
587 127 54 17 1877.
665 127 27 16 20
703 131 20 17 p.
735 126 87 19 Helmik.

206 285 142 27 Tiistaina
367 285 38 27 20
423 286 84 34 päivä
524 286 188 27 Helmikuuta
730 287 65 26 1877
808 287 55 26 k:lo
882 287 17 26 6
917 287 18 35 j.
946 295 45 27 pp.

255 355 212 28 Landtdagsmannen
484 354 66 22 Keto
565 355 102 26 anmälde,
681 359 32 17 att
728 356 40 20 den
781 355 128 29 deputation,
920 364 45 14 som
980 356 28 28 pä

187 383 147 28 förmiddagen
356 383 95 21 afsändts
465 383 32 22 till
512 384 177 28 Borgareständet
704 384 34 21 för
754 387 32 19 att
800 384 98 22 meddela
913 384 94 22 ständets

186 412 70 22 beslut
277 413 7 20 i
306 411 60 28 fråga
388 419 33 13 om
443 412 129 22 tillsättande
593 412 22 21 af
631 415 31 19 ett
680 412 100 22 särskildt
795 412 211 28 ständerhusutskott,

186 448 86 14 numera
293 440 95 28 fullgjort
410 441 37 20 sitt
468 440 109 29 uppdrag,
592 444 55 18 samt
668 444 32 18 att
714 441 188 28 Borgareständets
918 441 89 22 Talman

186 469 74 21 tackat
281 469 34 21 för
333 468 150 22 meddelandet
497 469 39 21 och
552 469 87 21 anhällit
654 472 31 18 att
700 469 22 21 fä
737 469 104 22 innesluta
855 471 32 27 sig
902 470 7 21 i
924 470 81 22 Bonde-

186 497 96 21 ständets
296 501 80 25 ynnest.

215 545 4 8 '

254 623 107 21 Esiteltiin
384 624 84 28 Säädyn
490 625 93 27 jäsenten
607 624 169 28 Svedbergin,
792 625 101 27 Laarin,
907 624 98 22 Härkö-

186 660 48 16 sen,
258 652 196 28 Hegerströmin
476 653 21 27 ja
511 652 135 26 Valkolan,
661 656 94 18 antamat
770 654 47 20 viisi
832 654 174 27 pyyntöesitystä,

186 684 134 18 seuraavasta
334 680 115 22 sisällöstä
441 676 13 37 :

410 765 42 22 Till
469 765 130 22 hedervärda
615 765 167 22 Bondeständet!

253 823 11 20 I
280 831 25 13 en
320 823 32 21 tid
368 822 27 21 dä
410 823 198 21 lefnadskostnaden
624 822 99 22 öfverallt
737 823 7 21 i
760 823 46 21 värt
821 823 49 21 land
885 824 60 27 stigit
959 823 7 21 i
981 831 26 13 en

184 852 58 28 grad,
265 859 44 14 som
331 853 39 26 gör
384 851 37 21 det
435 852 59 21 svärt
508 851 34 21 för
556 859 26 13 en
597 851 57 26 hvar,
669 859 44 13 som
729 854 23 19 är
766 851 87 22 anvisad
868 852 33 21 till
917 859 24 14 en
957 859 50 21 pen-

185 881 104 28 ningelön,
311 881 33 20 till
368 879 100 30 beloppet
485 880 96 21 bestämd
596 881 7 20 i
619 888 25 13 en
659 879 102 22 förfluten
775 880 32 21 tid
822 880 27 21 dä
864 880 143 22 lefnadskost-

185 909 68 21 naden
274 917 38 13 var
335 909 101 27 billigare,
458 911 32 19 att
512 909 84 21 komma
613 909 32 21 till
662 911 61 24 rätta,
738 916 61 21 synes
814 909 127 28 tidpunkten
956 917 51 13 vara

185 939 47 20 inne
248 940 32 19 att
290 937 56 22 fästa
356 937 213 28 uppmärksamheten
579 937 36 22 vid
626 937 183 22 folkskollärarnes
819 937 28 29 pä
862 937 72 22 landet
942 938 64 21 löner.

185 966 124 21 Hänvisade
323 966 34 21 till
372 965 150 28 hufvudsaklig
536 966 35 21 del
586 966 32 21 till
633 966 37 21 det
685 965 74 30 bidrag
774 966 23 21 af
812 966 119 21 sexhundra
945 966 60 21 mark

185 995 23 21 af
232 995 104 21 allmänna
357 995 75 25 medel,
447 1002 44 14 som
506 995 47 20 dem
570 994 103 29 beviljats,
688 995 47 20 föra
749 994 76 29 många
840 995 23 20 af
877 995 62 21 dessa
954 998 31 18 ett
1000 995 6 20 i

185 1023 42 29 hög
246 1023 53 28 grad
314 1023 177 28 bekymmersamt
507 1023 29 26 lif,
552 1023 27 22 dä
594 1023 26 21 de
636 1023 59 21 finna
709 1024 32 27 sig
756 1023 120 28 nedtyngde
891 1023 23 21 af
928 1031 78 14 omsor-

184 1060 41 21 gen
240 1053 33 20 för
288 1051 36 22 det
339 1052 84 28 dagliga
438 1052 81 21 brödet.

252 1081 34 21 En
302 1080 90 22 särskild
406 1081 112 27 anledning
534 1088 60 14 anser
609 1081 31 27 sig
654 1080 159 21 undertecknad
829 1080 64 22 hafva
907 1083 32 18 att
951 1081 56 20 fästa

185 1109 37 22 det
243 1109 131 21 hedervärda
394 1108 168 22 Bondeständets
583 1109 187 28 uppmärksamhet
784 1108 37 22 vid
836 1109 69 21 denna
919 1109 44 26 sak,
978 1108 28 22 dä

185 1146 48 13 man
257 1137 86 29 påstått,
366 1137 39 21 och
424 1137 80 22 kanske
519 1138 47 21 icke
582 1141 49 18 utan
646 1137 52 26 skäl,
713 1140 32 18 att
758 1138 35 28 jag
808 1137 67 21 såsom
891 1137 93 21 ledamot
999 1138 7 20 i

184 1166 187 22 folkskolkomit6n
393 1166 23 21 är
432 1167 52 21 1861
501 1166 33 21 till
549 1166 150 29 hufvudsaklig
713 1166 35 21 del
764 1174 37 13 var
815 1166 97 21 vållande
927 1166 33 21 till
975 1169 32 18 att

185 1195 196 21 folkskollärarenes
397 1195 122 27 lönebidrag
534 1198 64 18 sattes
614 1194 23 22 sä
652 1194 49 28 lågt,
712 1202 45 13 som
767 1194 31 22 till
810 1194 119 22 sexhundra
941 1195 64 21 mark.

185 1224 126 24 Motiverna,
333 1231 44 13 som
400 1223 61 21 ledde
480 1224 43 20 min
538 1224 55 27 äsigt
607 1223 38 21 har
656 1224 35 27 jag
705 1225 55 19 ännu
774 1223 48 21 icke
837 1223 70 21 funnit
920 1223 85 28 jäfvade

185 1252 23 21 af
222 1252 157 26 erfarenheten;
395 1259 46 13 men
457 1252 26 20 de
498 1252 92 21 ändrade
605 1251 202 22 tidsförhällandena
821 1253 52 27 göra
883 1251 123 26 emellertid,

186 1284 32 18 att
233 1283 31 18 ett
279 1280 121 28 löneanslag
414 1280 23 21 af
452 1280 125 22 ättahundra
592 1280 59 21 mark
667 1280 33 21 för
710 1280 130 21 närvarande
850 1280 47 21 icke
909 1282 23 18 är
941 1280 64 28 högre

186 1312 25 18 än
234 1308 117 22 sexhundra
371 1308 59 21 mark
446 1308 33 21 för
494 1312 72 18 sexton
582 1309 23 21 år
619 1308 94 25 tillbaka,
729 1308 39 21 och
784 1308 27 21 dä
826 1308 70 22 dertill
912 1308 94 21 kommer

185 1341 32 17 att
232 1337 26 20 de
274 1337 104 20 enskildta
393 1337 85 27 yrkena,
494 1337 67 21 såsom
577 1337 36 20 vid
629 1336 193 28 skogsafverkning,
838 1336 95 21 fabriker
942 1344 19 12 m.
965 1337 41 24 fl.,

184 1365 8 20 i
207 1364 87 21 sednare
317 1364 55 21 tider
387 1364 68 28 börjat
470 1364 68 21 lemna
553 1364 47 21 värt
615 1364 59 21 lands
689 1364 110 28 ynglingar
814 1371 24 14 en
855 1363 152 29 mängdubbelt

186 1394 66 20 större
274 1392 92 21 inkomst
388 1394 24 19 än
434 1392 26 21 de
480 1392 63 22 hafva
572 1396 31 17 att
625 1392 94 29 päräkna
732 1392 29 28 pä
776 1392 173 21 folkskolebanan
965 1392 40 21 och

185 1422 37 20 det
243 1421 33 21 till
298 1421 53 28 följd
374 1421 60 21 deraf
457 1421 76 21 blifver
557 1428 24 14 en
604 1421 158 28 nödvändighet
783 1424 32 18 att
836 1421 47 26 höja
904 1421 101 21 folkskol-

185 1449 90 22 lärarens
298 1449 41 27 lön,
355 1449 70 22 derest
439 1449 47 22 icke
502 1449 36 22 det
553 1450 90 28 sorgliga
658 1449 53 22 skall
729 1449 93 27 inträffa,
837 1452 32 19 att
883 1449 48 22 värt
946 1449 60 23 lands

186 1479 120 21 seminarier
327 1478 59 21 skola
401 1478 83 21 komma
499 1481 32 19 att
546 1478 33 21 stä
592 1482 79 18 tomma
686 1479 39 20 och
741 1478 120 22 folkskolan
875 1478 84 21 komma
974 1482 32 17 att

186 1507 42 22 lida
243 1507 53 22 brist
310 1506 28 30 pä
352 1507 153 26 lärarekrafter,
520 1507 38 22 har
572 1508 35 27 jag
622 1507 57 22 velat
689 1507 31 21 till
731 1507 38 22 det
778 1507 131 22 hedervärda
921 1507 83 22 Bonde-
