1092 1800
271 120 209 22 Talonpoikaissääty
491 122 53 16 1877.
568 121 26 17 25
605 125 19 17 p.
636 120 90 18 Toukok.
877 114 42 20 819

98 189 58 21 hinta
170 190 29 20 eri
216 189 84 22 aikoina
315 190 56 21 tulee
387 189 157 22 vaihtelemaan.
568 189 69 21 Viime
652 189 84 21 aikoina
752 196 25 14 on
794 189 47 21 voin
859 189 60 21 hinta

98 218 54 21 ollut
174 218 65 26 hyvin
259 218 186 26 muuttelevainen,
463 221 66 18 mutta
544 218 47 21 sillä
606 219 19 20 ei
640 218 34 21 ole
688 220 91 19 sanottu.
794 220 42 18 että
853 218 64 26 viljan

98 246 59 21 hinta
179 247 98 26 myöskin
302 247 32 20 voi
357 247 108 21 vaihdella.
495 247 119 21 Sentähden
639 246 79 26 luulen,
737 248 42 20 että
795 246 42 20 kun
855 246 64 21 valio-

98 274 66 22 kunta
187 275 84 21 vihdoin
294 275 85 21 viimein
396 282 26 14 on
439 275 119 27 tykkänään
573 275 105 27 luopunut
692 275 48 21 siitä
755 276 164 26 perustuksesta,

98 303 43 26 jota
156 310 28 14 on
200 303 96 21 tahdottu
312 310 68 20 panna
396 304 61 20 tähän
473 304 39 21 asti
528 304 160 27 veroparselille,
705 304 42 20 niin
764 310 26 14 on
809 304 54 26 täysi
879 309 41 21 syy

99 333 62 19 antaa
176 333 53 19 tästä
245 332 156 21 valiokunnalle
417 332 67 24 kiitos,
499 332 50 21 sekä
564 332 113 21 noudattaa
688 338 37 14 sen
737 331 124 24 ehdoitusta,
873 331 47 21 sillä

98 360 51 20 raha
171 366 27 14 on
214 360 46 21 aina
277 360 69 28 paljon
364 360 122 28 vakavampi
503 367 63 15 arvon
584 361 93 26 mittaaja
692 360 50 20 kuin
758 360 83 21 mikään
858 361 60 20 luon-

99 394 41 15 non
157 391 65 18 tuote.
251 389 38 21 Jos
304 389 36 21 siis
355 390 50 20 raha
420 389 56 21 tulisi
492 389 94 21 ainoaksi
602 389 136 25 maaveroksi,
755 389 42 20 niin
814 390 43 20 asia
873 389 48 21 ker-

99 417 81 21 rallaan
199 417 58 21 tulisi
276 418 105 21 tukevalle
397 418 103 21 kannalle.
529 418 110 21 Rahankin
655 424 50 14 arvo
721 418 34 20 voi
771 417 57 27 kyllä
843 417 78 25 laskea,

99 448 67 18 mutta
190 446 83 21 ainakin
298 452 26 14 on
346 446 132 21 kumminkin
498 447 87 20 makson
608 447 163 20 suureneminen
788 447 134 25 määrättynä

98 475 22 27 ja
140 481 23 14 se
187 476 89 25 vääryys
299 475 20 20 ei
341 475 44 21 tule
409 478 91 23 varteen,
519 477 42 19 että
581 481 62 14 veron
660 475 84 27 kantaja
759 481 93 14 samassa
868 474 54 21 kuin

100 503 68 21 hänen
192 503 75 21 tilansa
291 503 66 21 vähän
374 510 94 21 paranee,
483 511 37 14 saa
534 505 112 20 enemmän
662 509 61 16 veroa
739 503 112 28 päällensä.
881 503 40 21 Jos

100 531 122 22 sitävastoin
238 532 61 21 aikaa
314 533 90 20 voittaen
421 532 108 21 katsotaan
545 532 151 28 tarpeelliseksi
712 533 60 20 uusia
788 533 75 26 veroja,
875 532 46 21 niin

100 561 58 20 minä
173 567 26 14 en
215 563 112 24 ymmärrä,
342 562 50 20 mitä
408 564 71 18 varten
496 563 54 20 tämä
567 561 67 28 pitäisi
650 562 135 27 tapahtuman
796 561 47 21 sillä
854 564 67 25 tapaa,

102 591 42 19 että
166 596 97 15 maavero
287 596 85 20 nousee,
395 597 52 14 vaan
471 591 147 27 käytettäköön
639 591 62 21 sitten
722 591 61 21 toista
801 590 122 27 järjestystä

103 625 64 15 veron
183 625 95 21 panossa.
308 618 58 22 Minä
381 619 110 27 hyväksyn
507 619 123 21 mietinnön.

170 675 214 27 Landtdagsmannen
403 676 75 21 Keto
500 676 49 21 ville
564 676 7 20 i
586 676 115 28 anledning
716 676 21 21 af
752 676 170 26 landtdagsman-

102 710 41 16 nen
158 704 123 21 Meurmans
296 704 78 28 förslag
389 712 32 14 om
438 704 136 22 tillsättandet
588 705 22 21 af
624 711 27 15 en
669 712 29 20 ny
717 705 83 23 komit6,
817 705 106 27 påminna,

103 736 30 18 att
148 734 68 20 under
233 733 52 21 1867
301 734 34 20 ärs
351 733 100 27 landtdag
465 733 153 28 Ridderskapet
633 734 38 20 och
687 733 69 22 Adeln
772 738 54 16 samt
840 733 83 21 Bonde-

102 762 83 21 ståndet
207 762 92 25 anhållit,
321 764 32 19 att
374 762 30 20 uti
428 762 177 28 undervisningen
628 762 73 21 endast
724 762 35 27 råg
780 762 67 21 skulle
866 762 56 27 ingå,

103 797 49 14 men
176 790 27 20 då
222 791 123 27 regeringen
362 790 45 22 icke
423 790 44 28 gått
481 791 21 21 in
519 792 69 26 härpå,
603 791 23 21 så
641 792 59 20 torde
716 794 30 18 ett
760 794 48 24 nytt
822 791 79 27 förslag
915 791 8 20 i

104 819 39 21 den
161 821 66 25 vägen
243 820 46 20 icke
306 826 28 14 nu
350 820 66 20 heller
431 820 64 20 vinna
510 820 64 21 bifall.

172 876 213 28 Landtdagsmannen
408 877 194 22 Hollmérus:
627 878 42 26 Jag
689 880 48 25 tror,
753 880 29 18 att
797 878 125 27 regeringen

104 906 46 22 icke
167 906 95 21 kommer
277 909 30 18 att
321 906 111 27 godkänna
449 906 98 28 förslaget
562 906 47 22 med
626 906 82 21 mindre
723 909 26 19 än
766 909 30 18 att
808 907 44 21 deri
863 906 62 26 ingår

105 935 41 21 den
169 935 118 27 föreslagna
310 935 240 27 procentförhöjningen,
566 936 66 20 ehuru
647 936 36 26 jag
697 935 46 21 icke
759 935 38 21 kan
812 935 112 27 godkänna

104 964 48 24 den,
167 966 22 24 ty
206 964 59 20 deraf
279 964 88 27 uppstår
381 964 39 20 den
438 964 58 24 våda,
507 968 29 17 att
551 964 53 21 efter
619 965 40 20 500
675 964 23 20 år
712 966 36 19 äro
763 964 106 21 skatterna
883 964 41 20 för-

104 992 107 22 dubblade
233 993 38 21 och
292 992 53 21 efter
364 992 57 21 1000
439 992 23 21 år
476 992 148 27 fyrdubblade.
654 993 41 26 Jag
710 993 94 20 ansluter
820 993 42 26 mig
878 992 46 20 der-

104 1021 33 21 för
159 1021 30 21 till
213 1021 54 27 dem,
287 1027 46 15 som
356 1022 65 20 önska
442 1021 205 27 räntepersedlarnes
663 1021 121 27 förändring
799 1021 32 21 till
846 1027 78 21 spann-

104 1050 43 20 mål
163 1050 39 20 och
218 1050 122 26 penningar.
371 1049 74 21 Under
459 1050 54 27 goda
528 1050 24 21 år
566 1051 38 20 har
617 1050 153 27 jordbrukaren
786 1050 57 20 svårt
858 1052 30 18 att
903 1050 22 20 få

105 1078 31 20 sin
160 1078 94 28 spanmål
277 1078 44 22 såld
345 1080 54 19 samt
422 1078 65 22 måste
509 1082 141 24 transportera
673 1078 39 21 den
737 1078 61 27 länga
815 1080 63 25 vägar
893 1078 32 21 till

106 1107 80 26 staden,
207 1113 46 15 men
278 1114 34 14 om
335 1108 41 20 han
397 1107 42 21 kan
455 1107 93 21 leverera
563 1108 31 20 sin
610 1107 96 27 spanmål
722 1107 30 21 till
768 1107 157 27 kronomagasi-

106 1142 71 18 nerna,
198 1136 23 20 så
243 1138 22 18 är
287 1136 36 21 det
345 1136 32 20 för
398 1136 77 20 honom
493 1142 27 14 en
536 1136 87 21 förmon.
653 1136 74 21 Under
742 1136 125 20 missvextår
882 1138 44 18 åter

106 1164 40 21 kan
169 1164 36 22 det
227 1171 49 14 vara
289 1164 31 21 'så
335 1164 36 21 bra
387 1166 30 19 att
432 1164 78 21 kronan
527 1165 38 20 har
580 1164 179 28 utsädesspanmål
775 1164 29 21 uti
820 1164 45 20 sina
882 1170 43 14 ma-

106 1192 90 29 gasiner,
217 1192 25 21 då
264 1193 35 22 det
321 1193 32 20 för
375 1193 79 20 kronan
477 1195 23 19 är
515 1194 57 21 svårt
586 1196 30 18 att
630 1193 27 21 då
672 1194 21 20 få
709 1193 53 28 köpa
778 1193 51 25 säd.
851 1192 74 29 Någon

107 1222 79 21 komité
206 1222 67 21 skulle
295 1222 46 21 icke
364 1221 89 22 behöfva
476 1222 106 21 nedsättas
603 1222 32 21 för
654 1222 69 21 denna
744 1222 64 26 fråga,
831 1222 43 20 ifall
891 1221 35 21 det

107 1250 69 27 gamla
199 1250 205 27 spanmålsbeloppet
424 1250 68 21 skulle
514 1251 120 24 bibehållas,
653 1257 49 14 men
718 1250 26 21 de
759 1251 67 27 öfriga
841 1249 85 28 persed-

107 1279 60 20 larna
181 1279 109 20 förändras
306 1279 31 21 till
353 1279 122 27 panningar.

176 1335 113 21 Edusmies
309 1335 179 21 Riihimäki:
520 1336 53 20 1867
598 1335 82 21 vuoden
704 1335 149 27 valtiopäivillä
871 1335 58 20 minä

108 1364 109 26 vastustin,
240 1366 42 18 että
303 1364 33 21 voi
351 1364 20 26 ja
386 1364 35 20 tali
438 1364 57 20 tulisi
511 1364 153 27 veroparselien
679 1364 113 27 joukkoon,
809 1366 66 18 mutta
890 1369 38 15 sen

108 1393 83 27 jälkeen
208 1395 48 18 ovat
271 1392 43 22 olot
329 1392 70 28 paljon
414 1395 134 19 muuttuneet
562 1393 21 26 ja
598 1399 97 14 monessa
710 1392 84 28 paikoin
807 1398 27 15 on
847 1392 82 27 karjan-

109 1422 69 20 hoitoa
194 1424 109 18 enemmän
321 1424 83 17 ruvettu
420 1421 158 20 koroittamaan.
598 1421 58 20 Minä
672 1421 60 20 olisin
744 1421 36 19 siis
790 1424 83 20 suonut,
887 1422 42 18 että

110 1449 122 21 valiokunta
255 1448 46 21 olisi
323 1452 117 17 seurannut
461 1449 113 19 armollista
590 1448 92 26 esitystä,
700 1451 66 17 mutta
783 1448 64 20 koska
863 1454 22 14 se
901 1454 28 14 on

110 1479 108 19 asettunut
233 1476 60 21 aivan
310 1476 81 21 toiselle
406 1476 104 25 kannalle,
527 1476 42 20 niin
586 1482 25 15 en
627 1476 63 21 tahdo
706 1477 47 20 siitä
768 1482 65 15 sanoa
844 1476 84 20 mitään.

95 1509 1 3 *
110 1505 133 22 Rusthollien
265 1505 20 27 ja
301 1504 210 29 augumenttitalojen
527 1505 113 26 suhteesta,
654 1505 54 27 josta
724 1504 106 22 edusmies
844 1504 85 21 Brusila
