1075 1823
164 132 41 20 690
342 137 213 20 Talonpoikaissääty
567 137 54 17 1877.
646 138 20 15 11
678 141 19 15 p.
711 137 93 16 Toukok.

165 205 112 21 muodossa
293 205 51 21 kuin
361 204 120 21 valiokunta
497 211 27 14 on
539 204 132 22 ehdoittanut
685 204 93 21 toimeen
793 204 130 27 pantavaksi,
938 204 45 20 niin

165 233 44 21 olisi
226 240 23 14 se
265 240 51 14 vaan
333 233 48 27 yksi
397 233 61 20 niistä
474 232 186 27 hyväntahtoisista
676 232 151 28 erehdyksistä,
840 232 51 27 joita
905 239 79 14 ennen-

165 262 34 21 kin
217 268 25 14 on
259 262 83 21 meidän
358 268 82 14 maassa
456 262 130 26 tapahtunut.

233 306 112 22 Edusmies
361 306 141 22 Avellan:
526 306 58 22 Minä
599 306 75 28 pyysin
690 313 149 15 sananvuoroa
849 306 135 22 lausuakseni

165 338 153 20 kummastusta
341 336 61 21 niistä
424 335 161 22 kummallisista
608 336 97 27 sanoista,
720 336 57 27 jotka
796 336 189 20 kunnallisneuvos

165 366 81 20 Strähle
261 367 56 19 tässä
332 365 53 21 esiin
401 364 34 22 toi.
460 364 48 21 Hän
524 371 27 14 on
567 365 74 26 tehnyt
656 370 37 15 sen
709 365 139 20 erinomaisen
861 364 123 26 keksinnön,

165 394 48 22 ettei
236 394 55 21 taide
315 394 92 20 koskaan
430 394 32 20 voi
478 393 42 21 olla
536 393 135 21 kansallinen.
701 394 64 20 Tämä
780 393 96 21 keksintö
892 393 47 21 olisi
954 395 30 19 to-

165 423 91 21 dellakin
280 423 53 20 vielä
353 422 163 27 merkillisempi,
532 422 47 21 ellei
595 422 41 21 hän
653 423 54 19 tässä
723 422 46 20 olisi
786 422 104 21 matkinut
903 422 81 27 jonkun

165 451 62 22 täällä
249 451 73 22 olevan
343 450 168 22 nurkkakunnan
528 450 135 29 mielipiteitä,
677 451 49 27 joka
742 451 19 21 ei
776 452 43 26 näy
834 451 98 21 tahtovan
949 450 36 22 kä-

165 481 66 24 sittää,
253 483 42 18 että
317 480 92 21 Suomen
433 480 65 20 kansa
520 480 42 21 toki
585 486 26 14 on
629 480 63 20 kansa
706 481 22 26 ja
743 480 71 21 tahtoo
830 481 94 20 kansana
939 479 46 22 olla.

165 509 51 20 Mitä
230 509 39 20 itse
285 509 70 20 asiaan
373 508 61 25 tulee,
450 508 43 20 niin
509 515 26 14 on
552 508 77 21 ensiksi
645 509 157 26 muistaminen,
814 509 49 20 ettei
874 509 44 20 toki
927 509 56 20 esim.

164 539 100 20 runoutta
287 538 34 20 voi
336 543 65 15 sanoa
416 537 86 20 muuksi
518 537 51 21 kuin
585 537 102 20 taiteeksi.
716 537 27 20 Ja
758 537 132 21 runollisuus
905 537 78 27 tietysti

165 567 20 20 ei
207 566 33 21 voi
255 566 103 21 ilmautua
375 568 87 19 muuten
478 566 49 21 kuin
543 565 81 28 jonkun
641 566 30 19 eri
687 566 80 20 kansan
783 565 71 22 kielen
871 565 112 21 muodossa

165 596 20 25 ja
207 601 37 14 sen
268 597 73 24 täytyy
357 594 44 21 niin
417 594 101 21 muodoin
533 595 36 20 siis
585 594 100 21 ilmoittaa
701 594 80 21 kansan
798 595 89 26 hengen.
917 593 67 22 Mutta

164 625 56 19 tämä
236 623 18 21 ei
270 623 102 21 suinkaan
384 623 33 21 ole
428 623 121 21 ainoastaan
560 623 50 20 laita
621 623 118 25 runouden,
750 629 52 15 vaan
815 623 96 27 myöskin
924 623 62 20 muit-

165 655 35 18 ten
220 652 107 21 taiteitten.
357 651 56 21 Jolla
429 658 26 14 on
471 651 142 27 jonkunlaista
629 651 101 26 käsitystä
744 651 101 27 taiteesta,
861 658 22 14 se
898 651 87 22 todella-

166 681 35 20 kin
223 681 48 27 joko
294 681 19 20 ei
329 680 33 21 ole
378 682 84 25 päässyt
476 681 97 20 muuhun
590 680 50 21 kuin
657 681 92 20 kuoreen
766 681 27 20 tai
809 680 20 21 ei
843 680 64 21 tahdo
923 681 62 20 käsit-

165 711 33 19 tää
213 710 78 24 asioita,
301 709 32 27 jos
344 709 82 25 väittää,
436 711 42 18 että
490 712 60 18 muut
560 709 72 21 taiteet
642 709 61 27 paitsi
714 711 101 19 runoutta
826 709 56 21 eivät
892 709 33 20 ole
935 709 50 20 kan-

165 738 83 21 sallisia.
277 737 63 21 Tässä
355 737 83 21 kohden
454 738 98 21 tarvitsee
567 737 120 21 ainoastaan
700 739 79 19 asettaa
790 738 112 26 kysymys:
919 737 66 21 sävel-

165 767 83 20 tävätkö
267 765 115 22 todellakin
397 765 76 22 Italian
490 766 129 21 sävelniekat
635 766 88 21 samalla
738 766 77 21 tavalla
831 766 51 21 kuin
898 766 87 27 Saksan,

165 795 27 21 tai
209 795 88 21 astuuko
313 795 145 20 samanlainen
475 795 63 20 henki
553 795 52 20 esiin
621 795 67 20 toisen
704 795 170 20 maalarikoulun
885 795 99 20 tauluista

166 823 49 21 kuin
232 823 81 21 toisen?

233 868 212 28 Landtdagsmannen
463 868 187 21 Hollmörus:
682 868 48 20 Man
746 869 38 20 har
800 869 26 26 pä
841 875 74 14 senare
930 868 55 21 tider

164 898 86 27 mycket
264 897 82 21 skrifvit
362 897 39 21 och
416 897 61 21 äfven
494 897 27 29 pä
536 897 57 21 detta
608 903 47 15 rum
670 897 99 25 talatom,
780 900 30 18 att
817 897 101 21 Finlands
927 897 57 21 Bon-

165 926 87 22 deständ
274 928 23 18 är
319 926 163 21 konstälskande
504 926 38 21 och
563 928 30 19 att
614 926 35 20 det
665 926 112 27 befrämjar
793 926 96 25 konsten,
905 926 79 21 hvilket

163 955 110 21 inträffade
296 955 31 25 dä,
343 956 39 20 när
396 955 139 26 teaterfräsan
551 955 87 21 förevar.
667 954 34 20 Dä
715 957 53 18 satte
784 961 48 14 man
848 954 47 22 icke
910 955 5 20 i
927 955 58 27 fråga

164 984 70 21 skolor
249 984 38 20 och
303 985 65 19 annat
383 983 31 21 för
429 986 30 18 att
474 984 53 20 blott
541 984 21 20 fä
577 983 72 27 anslag
658 983 34 20 för
699 989 26 15 en
735 983 165 21 nationalteater.
923 983 61 21 Hvad

163 1014 32 20 för
218 1019 26 14 en
259 1012 84 27 plötslig
358 1012 95 20 motvind
469 1012 68 20 bläser
552 1018 29 15 nu
597 1012 6 20 i
619 1012 40 26 dag
674 1018 76 20 genom
766 1012 36 20 det
817 1011 69 22 finska
901 1012 85 20 Bonde-

163 1041 88 25 ståndet,
268 1041 40 21 kan
330 1042 36 26 jag
388 1040 46 22 icke
457 1041 90 27 begripa,
563 1047 35 19 nu,
614 1040 26 21 dä
659 1040 34 20 det
713 1042 23 19 är
750 1040 59 27 fråga
825 1047 34 14 om
876 1041 26 20 de
917 1041 67 26 öfriga

165 1070 97 21 bildande
285 1070 118 20 konsterna.
435 1069 40 21 Det
497 1071 24 19 är
541 1069 65 21 likväl
628 1075 26 14 en
671 1071 43 19 stor
729 1068 82 22 skilnad
829 1069 78 21 mellan
923 1069 61 21 dessa

163 1099 86 20 konster
271 1098 38 21 och
332 1098 40 20 den
398 1097 132 24 dramatiska,
551 1098 27 20 dä
601 1098 63 20 alster
684 1098 21 20 af
727 1097 62 21 dessa
812 1097 85 21 konster
912 1098 71 20 kunna

162 1128 74 20 lättare
267 1127 87 27 spridas.
384 1126 59 21 Hvar
475 1127 38 19 och
540 1132 26 15 en
597 1128 22 18 är
641 1126 74 20 lättare
738 1126 6 20 i
767 1125 82 21 tillfälle
872 1128 30 18 att
924 1126 59 26 njuta

162 1156 22 20 af
206 1162 26 14 en
255 1156 76 20 vacker
353 1155 49 21 tafla
420 1155 52 21 eller
494 1155 21 20 af
537 1158 29 18 ett
588 1154 148 27 skulpturverk
759 1156 26 18 än
808 1154 21 21 af
845 1155 41 20 den
902 1154 81 21 drama-

162 1184 54 21 tiska
239 1184 94 25 konsten,
349 1190 45 14 som
417 1186 23 18 är
462 1190 57 14 mera
541 1184 106 21 stationär.
677 1183 41 27 Jag
740 1183 33 21 för
798 1184 42 20 min
865 1183 33 21 del
921 1190 63 14 anser

162 1215 30 19 att
214 1212 34 20 vid
270 1212 124 21 nuvarande
409 1212 101 26 landtdag
525 1212 64 20 borde
605 1210 95 28 vidtagas
715 1212 65 26 nägra
795 1211 97 28 ätgärder
907 1212 32 20 för
953 1214 30 18 att

162 1242 102 26 befrämja
278 1242 63 20 äfven
356 1241 66 21 andra
437 1241 86 20 konster
537 1243 25 18 än
580 1240 40 21 den
632 1240 132 21 dramatiska.
783 1240 41 28 Jag
835 1243 43 18 tror
886 1242 29 19 att
926 1240 57 21 detta

161 1271 43 26 just
227 1276 49 15 vore
298 1272 29 20 ett
349 1270 38 26 frö,
402 1276 46 14 som
463 1269 48 21 med
527 1270 57 20 tiden
600 1268 68 22 skulle
684 1269 50 20 bära
750 1269 45 21 rika
811 1269 92 21 skördar.
933 1269 48 21 Man

162 1299 38 21 bör
217 1299 109 27 härvidlag
341 1298 46 22 icke
402 1299 26 26 gä
445 1298 139 21 brädstörtadt
600 1297 85 27 tillväga
700 1298 39 20 och
755 1300 74 24 genast
846 1299 95 26 upprätta
957 1304 26 15 en

161 1327 165 27 konstakademi,
337 1330 50 18 utan
403 1327 45 20 frän
465 1333 26 14 en
507 1327 82 27 ringare
605 1326 73 26 början
694 1326 98 21 utveckla
807 1332 26 15 en
846 1326 58 26 dylik
917 1326 65 21 bättre

162 1356 38 20 och
223 1358 71 22 större,
309 1356 65 20 sedan
398 1362 47 13 man
468 1355 39 21 fätt
522 1355 81 25 verklig
617 1355 121 20 erfarenhet
753 1356 41 19 och
809 1355 100 20 behofvet
923 1355 59 20 deraf

161 1385 38 23 gör
221 1384 31 26 sig
273 1383 103 27 gällande.
408 1382 41 27 Jag
471 1383 39 19 kan
534 1381 71 22 derför
625 1382 47 20 icke
687 1384 65 18 annat
769 1384 26 18 än
811 1382 84 20 förorda
911 1382 71 21 betän-

161 1411 84 25 kandet,
260 1418 45 14 som
320 1411 65 27 enligt
401 1411 42 19 min
460 1410 59 27 äsigt,
536 1411 54 19 visar
605 1410 39 20 den
662 1412 52 18 rätta
731 1412 73 26 vägen.

229 1462 213 27 Landtdagsmannen
465 1462 135 21 Strähle:
631 1462 40 26 Jag
694 1462 38 20 har
752 1462 88 21 anhällit
861 1468 33 14 om
917 1461 65 25 ordet,

160 1492 32 21 för
214 1494 30 19 att
266 1492 83 20 bemöta
370 1491 26 21 de
412 1491 116 21 förvirrade
543 1491 98 27 begrepp,
656 1497 45 14 som
717 1490 37 22 här
769 1490 62 22 hafva
848 1490 85 22 uttalats
948 1497 33 14 om

160 1521 95 21 konsten.
285 1520 49 21 Man
357 1520 38 22 har
411 1520 52 21 varit
478 1526 42 21 nog
535 1520 129 27 ogrannlaga
679 1521 30 19 att
724 1519 68 22 säsom
808 1520 97 28 exempel
921 1520 62 20 fram-
