1081 1792
273 116 207 22 Talonpoikaissääty
493 118 54 16 1877.
570 118 28 16 24
609 122 18 16 p.
640 117 82 17 Huhtik.
866 112 42 20 569

92 185 50 21 känt
164 187 30 19 ett
208 185 74 21 sådant
294 185 125 21 förfarande.
449 186 32 20 En
498 186 63 21 sådan
578 189 66 18 teater
657 186 68 20 skulle
740 186 71 20 fordra
826 186 83 21 artister

91 214 31 20 till
145 216 29 18 ett
198 214 129 26 betydligare
343 214 56 21 antal
414 217 55 19 samt
484 217 29 19 att
529 216 59 19 dessa
604 215 82 21 artister
700 214 68 22 skulle
784 222 50 13 vara
849 215 56 20 mäk-

91 243 43 26 tiga
155 242 54 21 bäda
231 243 94 27 spräken.
355 243 61 21 Hvad
439 250 25 14 en
487 243 63 21 sädan
573 246 66 18 teater
653 243 69 21 skulle
737 244 66 25 kosta,
820 244 35 20 det
871 244 37 20 har

91 272 100 20 utskottet
206 271 45 21 icke
267 274 68 18 ansett
350 271 94 28 lämpligt
459 274 30 18 att
503 272 114 20 framhålla.
642 272 47 20 Men
706 272 31 26 pä
747 272 68 27 grund
831 272 21 20 af
866 272 40 20 den

92 300 123 24 erfarenhet,
237 306 45 14 som
305 306 48 14 man
376 301 37 19 har
435 300 21 20 af
478 301 25 20 de
519 302 82 24 teatrar,
616 300 70 20 hvilka
700 300 38 20 här
753 300 97 25 existera,
866 300 40 21 kan

91 334 47 15 man
162 328 84 21 komma
269 328 114 21 kostnaden
407 328 26 28 pä
455 329 82 27 spären,
551 335 34 14 om
601 336 48 13 man
665 330 86 25 antager
768 329 87 25 150,000
871 329 36 20 mk

91 356 61 28 ärligt
174 357 77 26 anslag,
275 356 144 22 elevskolorna
441 358 38 20 och
501 357 126 27 garderober
642 357 138 21 oberäknade.
809 357 27 21 Sä
851 360 56 18 stora

90 392 94 14 summor
207 386 70 20 kunna
298 386 46 20 icke
360 386 89 20 erhällas
465 386 20 20 af
500 386 126 21 statsmedel.
655 385 32 21 De
703 385 65 21 mäste
783 386 82 20 säledes
881 386 26 26 pä

91 416 28 19 ett
129 414 48 21 eller
185 417 63 18 annat
255 416 40 19 sätt
303 414 102 22 anskaffas
418 421 75 21 genom
508 414 119 27 bevillning.
651 414 44 20 Och
711 414 53 21 huru
781 414 84 26 mycket
880 416 27 19 än

90 443 39 20 den
152 443 127 21 dramatiska
301 444 88 20 konsten
409 444 112 26 befrämjar
536 443 128 27 bildningen,
680 443 22 20 sä
716 443 61 26 ingär
792 444 37 19 der
844 443 61 21 äfven

91 472 56 26 nöjet
169 472 32 20 för
224 472 166 20 hufvudstadens
412 472 128 26 befolkning,
562 472 38 21 och
623 473 35 26 jag
673 474 42 18 tror
737 472 75 26 derför,
828 474 29 18 att
872 472 36 20 det

89 500 47 20 icke
157 502 36 25 gär
216 507 26 14 an
263 503 29 18 att
314 500 25 27 pä
355 500 167 28 bevillningsväg
537 500 93 21 anskaffa
645 500 77 20 sädana
738 506 98 14 summor.
867 500 39 21 Ut-

90 529 77 21 skottet
185 529 37 20 har
236 529 106 21 dessutom
358 529 38 21 lätt
411 529 78 21 vidrört
504 529 95 21 enskilda
614 529 67 26 bolag,
696 528 69 21 säsom
780 528 68 22 finska
864 532 44 18 tea-

89 560 57 18 terns
166 558 183 27 garantiförening,
364 558 90 20 svenska
469 560 91 19 teaterns
575 558 183 26 garantiförening,
776 564 40 20 nya
832 560 74 18 teater-

90 586 124 27 husbolaget
236 586 38 21 och
295 586 93 21 Arkadia
410 587 195 27 teaterhusbolaget.
633 585 42 22 Det
698 586 65 20 mäste
782 586 33 20 väl
830 586 79 20 tillätas

90 614 94 21 enskilda
209 614 65 27 bolag,
297 617 30 19 att
348 615 55 20 bilda
427 615 36 26 sig,
486 618 49 18 utan
551 618 30 18 att
595 622 50 14 man
660 615 68 20 träder
744 615 60 20 deras
820 616 39 20 rätt
874 615 33 20 för

90 645 54 19 nära.
175 643 41 27 Jag
235 646 48 21 tror,
299 646 30 18 att
344 644 35 20 det
393 645 23 19 är
431 644 40 20 den
487 647 56 17 stora
558 644 185 20 teaterbesökande
758 643 148 25 allmänheten,

89 678 45 14 som
151 672 30 20 uti
196 672 69 20 denna
280 672 58 27 fräga
353 672 53 20 skall
423 672 61 20 hafva
499 679 26 13 en
541 672 113 27 afgörande
669 674 48 23 röst,
733 672 38 20 och
787 672 81 20 säledes
884 674 23 18 är

90 701 68 20 denna
180 700 55 28 plats
257 700 46 21 icke
325 702 52 19 rätta
393 700 68 21 forum
477 701 32 21 för
525 701 84 27 frågans
626 700 131 26 behandling.
788 700 118 20 Reservan-

90 732 58 17 terne
169 729 62 20 hafva
246 731 68 18 ansett
329 729 35 20 det
380 736 48 13 vara
443 729 64 27 klokt,
522 731 29 19 att
566 729 124 26 regeringen
704 728 47 21 icke
767 728 93 28 deltager
876 729 30 20 uti

90 757 140 27 teaterfrägor.
260 758 41 26 Jag
323 760 42 18 tror
386 759 29 19 att
438 758 68 20 deruti
528 758 67 26 ligger
617 757 67 27 nägon
701 757 96 26 sanning.
826 757 30 27 Ty
872 764 34 13 om

89 786 123 26 regeringen
236 786 95 21 kommer
353 788 30 19 att
406 788 47 25 taga
469 788 80 19 teatern
564 786 8 20 i
587 787 32 19 sin
635 785 50 21 värd
701 788 54 18 samt
770 786 32 20 för
818 786 39 20 den
875 789 31 17 ut-

89 816 89 19 nämner
200 822 25 13 en
248 815 67 20 öfver-
337 814 38 21 och
398 815 184 25 underintendent,
597 814 23 22 sä
635 814 68 20 skulle
718 820 26 15 en
760 814 65 20 sädan
841 817 67 18 teater

90 843 64 21 blifva
177 843 37 21 allt
235 843 75 27 dyrare
329 844 38 20 och
383 844 81 25 dyrare.
493 843 33 21 Dä
541 844 100 20 utskottet
656 842 66 21 dertill
740 844 64 26 säger,
821 844 29 19 att
865 842 39 22 den

90 872 126 21 dramatiska
231 872 87 22 konsten
335 872 6 20 i
357 872 88 21 Finland
462 874 57 18 ännu
534 872 67 27 ligger
615 872 77 26 fjerran
708 872 39 20 och
757 874 31 18 att
801 878 47 14 man
859 871 47 21 icke

90 903 57 18 ännu
163 901 40 21 kan
220 900 41 22 tala
276 907 34 14 om
326 900 68 27 någon
410 901 97 21 inhemsk
523 901 92 21 nationel
631 901 67 25 konst,
713 900 23 21 sä
751 902 23 19 är
782 900 35 21 det
826 900 80 27 ganska

90 929 76 27 tydligt
180 932 30 19 att
225 930 113 27 petitionen
355 932 23 18 är
393 930 32 20 för
440 930 60 26 tidigt
515 930 62 21 väckt
591 930 40 21 och
645 929 81 21 således
743 929 63 21 borde
818 929 87 21 förfalla.

88 958 62 21 Hvad
171 958 92 27 återigen
279 961 101 18 utskottet
394 958 126 27 framhåller,
537 961 29 18 att
580 958 113 21 ständerna
708 958 62 20 neml.
785 958 68 20 skulle
868 965 37 14 an-

88 987 56 21 hålla
166 988 20 20 af
200 987 60 21 Hans
276 987 117 28 Kejserliga
409 987 96 27 Majestät
520 994 33 15 om
569 987 125 26 statsanslag
709 987 30 20 till
755 993 26 14 en
799 986 106 21 blifvande

90 1015 164 26 nationalteater,
274 1016 23 21 så
312 1020 42 17 tror
369 1017 35 26 jag
419 1017 36 20 det
468 1017 47 20 icke
531 1023 49 14 vara
595 1016 113 21 ständerna
724 1015 85 27 värdigt,
824 1018 30 18 att
869 1022 37 14 an-

90 1045 54 20 hålla
168 1051 33 14 om
226 1045 113 20 understöd
361 1045 21 20 åt
403 1051 26 14 en
447 1045 137 27 möjligen
600 1044 106 21 blifvande
721 1044 185 27 garantiförening.

90 1073 38 20 Om
151 1079 25 14 en
193 1073 63 21 sådan
273 1073 97 28 förening
385 1073 51 21 först
448 1073 95 22 kommer
557 1073 32 21 till
604 1073 67 26 stånd,
686 1073 22 20 så
723 1073 35 20 må
773 1073 40 20 den
828 1073 26 26 på
870 1079 36 14 en-

90 1102 53 20 skild
168 1104 39 25 väg
228 1102 82 21 anhålla
326 1109 33 14 om
376 1102 119 21 understöd.
524 1102 41 26 Jag
581 1103 39 20 kan
637 1101 81 21 således
733 1101 47 21 icke
794 1101 112 28 godkänna

90 1131 111 20 utskottets
225 1131 138 25 betänkande,
386 1134 49 17 utan
452 1137 68 21 anser,
535 1133 30 18 att
580 1131 115 27 petitionen
710 1130 40 21 och
765 1130 142 21 betänkandet

90 1159 50 20 böra
156 1159 72 27 läggas
243 1159 31 21 till
289 1159 158 27 handlingarne.

157 1216 112 21 Edusmies
292 1217 157 20 Lukander:
482 1217 132 26 Vuosisatoja
637 1216 144 21 taisteltuansa
798 1215 108 22 monellai-

90 1245 51 21 sissa
164 1245 82 20 kovissa
269 1245 82 21 elämän
374 1245 126 20 kohtaloissa
523 1251 27 14 on
566 1244 130 21 Suomenkin
712 1245 65 20 kansa
793 1244 112 21 vähitellen

91 1273 138 22 valmistunut
249 1273 150 22 aikakautensa
413 1274 198 25 sivistysrientoihin
626 1274 21 26 ja
662 1273 150 20 ihmiskunnan
828 1273 78 26 edisty-

89 1303 125 25 mistyöhön.
243 1302 84 21 Taiteen
351 1302 113 20 virkistävä
477 1303 97 20 vaikutus
590 1302 79 20 kansan
685 1301 95 21 elämään
796 1303 110 19 tunnuste-

90 1333 46 18 taan
161 1331 90 20 kaikissa
274 1331 143 26 sivistyneissä
440 1330 82 21 maissa.
551 1330 68 21 Olisin
641 1329 55 21 ehkä
710 1329 49 21 liian
776 1330 84 25 rohkea,
874 1330 33 25 jos

89 1359 99 25 sanoisin,
204 1361 41 18 että
263 1359 109 21 Suomikin
388 1359 21 26 jo
425 1365 26 14 on
468 1359 114 27 sivistynyt
596 1365 53 18 maa,
665 1365 52 14 vaan
732 1359 66 26 jotain
814 1358 92 21 sellaista

89 1387 60 21 olisin
166 1388 20 26 jo
202 1389 87 19 sentään
305 1387 74 21 valmis
394 1387 121 25 uskomaan,
531 1387 65 21 koska
611 1387 58 20 esim.
679 1387 85 20 taidetta
774 1387 22 27 jo
808 1386 98 21 täälläkin

89 1416 111 24 harrastaa,
216 1416 19 19 ei
250 1417 121 18 ainoastaan
387 1416 144 25 säätyluokka,
546 1422 51 13 vaan
614 1416 39 19 itse
669 1415 107 20 kansakin.
800 1415 64 20 Tässä
878 1421 28 14 on

89 1444 103 25 kysymys
214 1443 123 20 kotimaisen
361 1443 150 20 teateritaiteen
533 1443 151 20 asettamisesta
705 1442 127 27 sivistyksen
857 1442 49 20 väli-

89 1471 134 28 kappaleeksi
245 1471 92 21 Suomen
359 1471 99 20 kansalle.
487 1471 70 20 Ainoa
579 1471 157 25 mahdollisuus,
756 1471 85 20 ainakin
856 1470 50 20 tällä

88 1501 78 26 kertaa,
188 1501 68 20 tämän
280 1500 58 21 asian
361 1499 83 27 hyvälle
461 1499 177 27 menestymiselle
653 1505 26 14 on
697 1499 142 20 valiokunnan
855 1499 51 20 mie-
