<?xml version="1.0" encoding="UTF-8"?>
<alto xmlns="http://www.loc.gov/standards/alto/ns-v3#" xmlns:xlink="http://www.w3.org/1999/xlink" xmlns:xsi="http://www.w3.org/2001/XMLSchema-instance" xsi:schemaLocation="http://www.loc.gov/standards/alto/ns-v3# http://www.loc.gov/alto/v3/alto-3-0.xsd">
	<Description>
		<MeasurementUnit>pixel</MeasurementUnit>
		<sourceImageInformation>
			<fileName>/tmp/tess_5xpurhax_input.PNG</fileName>
		</sourceImageInformation>
		<OCRProcessing ID="OCR_0">
			<ocrProcessingStep>
				<processingSoftware>
					<softwareName>tesseract 5.3.4</softwareName>
				</processingSoftware>
			</ocrProcessingStep>
		</OCRProcessing>
	</Description>
	<Layout>
		<Page WIDTH="1078" HEIGHT="1775" PHYSICAL_IMG_NR="0" ID="page_0">
			<PrintSpace HPOS="0" VPOS="0" WIDTH="1078" HEIGHT="1775">
				<ComposedBlock ID="cblock_0" HPOS="179" VPOS="116" WIDTH="637" HEIGHT="27">
					<TextBlock ID="block_0" HPOS="179" VPOS="116" WIDTH="637" HEIGHT="27">
						<TextLine ID="line_0" HPOS="179" VPOS="116" WIDTH="637" HEIGHT="27">
							<String ID="string_0" HPOS="179" VPOS="116" WIDTH="42" HEIGHT="20" WC="0.95" CONTENT="154"/><SP WIDTH="144" VPOS="116" HPOS="221"/>
							<String ID="string_1" HPOS="365" VPOS="122" WIDTH="208" HEIGHT="21" WC="0.91" CONTENT="Talonpoikaissääty"/><SP WIDTH="12" VPOS="122" HPOS="573"/>
							<String ID="string_2" HPOS="585" VPOS="122" WIDTH="54" HEIGHT="18" WC="0.96" CONTENT="1877."/><SP WIDTH="24" VPOS="122" HPOS="639"/>
							<String ID="string_3" HPOS="663" VPOS="122" WIDTH="23" HEIGHT="16" WC="0.96" CONTENT="16"/><SP WIDTH="11" VPOS="122" HPOS="686"/>
							<String ID="string_4" HPOS="697" VPOS="126" WIDTH="19" HEIGHT="17" WC="0.93" CONTENT="p."/><SP WIDTH="13" VPOS="126" HPOS="716"/>
							<String ID="string_5" HPOS="729" VPOS="121" WIDTH="87" HEIGHT="18" WC="0.92" CONTENT="Helmik."/>
						</TextLine>
					</TextBlock>
				</ComposedBlock>
				<GraphicalElement ID="cblock_1" HPOS="178" VPOS="148" WIDTH="818" HEIGHT="8"></GraphicalElement >
				<ComposedBlock ID="cblock_2" HPOS="178" VPOS="189" WIDTH="818" HEIGHT="57">
					<TextBlock ID="block_1" HPOS="178" VPOS="189" WIDTH="818" HEIGHT="57">
						<TextLine ID="line_1" HPOS="247" VPOS="189" WIDTH="749" HEIGHT="28">
							<String ID="string_6" HPOS="247" VPOS="190" WIDTH="103" HEIGHT="21" WC="0.93" CONTENT="Esiteltiin"/><SP WIDTH="24" VPOS="190" HPOS="350"/>
							<String ID="string_7" HPOS="374" VPOS="190" WIDTH="105" HEIGHT="21" WC="0.92" CONTENT="edusmies"/><SP WIDTH="22" VPOS="190" HPOS="479"/>
							<String ID="string_8" HPOS="501" VPOS="190" WIDTH="131" HEIGHT="21" WC="0.92" CONTENT="Olofsonin"/><SP WIDTH="23" VPOS="190" HPOS="632"/>
							<String ID="string_9" HPOS="655" VPOS="190" WIDTH="59" HEIGHT="21" WC="0.96" CONTENT="esille"/><SP WIDTH="22" VPOS="190" HPOS="714"/>
							<String ID="string_10" HPOS="736" VPOS="192" WIDTH="84" HEIGHT="18" WC="0.93" CONTENT="antama"/><SP WIDTH="24" VPOS="192" HPOS="820"/>
							<String ID="string_11" HPOS="844" VPOS="189" WIDTH="152" HEIGHT="28" WC="0.91" CONTENT="pyyntöesitys,"/>
						</TextLine>
						<TextLine ID="line_2" HPOS="178" VPOS="218" WIDTH="656" HEIGHT="28">
							<String ID="string_12" HPOS="178" VPOS="218" WIDTH="50" HEIGHT="21" WC="0.96" CONTENT="sekä"/><SP WIDTH="15" VPOS="218" HPOS="228"/>
							<String ID="string_13" HPOS="243" VPOS="218" WIDTH="67" HEIGHT="21" WC="0.96" CONTENT="siihen"/><SP WIDTH="15" VPOS="218" HPOS="310"/>
							<String ID="string_14" HPOS="325" VPOS="218" WIDTH="76" HEIGHT="27" WC="0.96" CONTENT="liitetty"/><SP WIDTH="16" VPOS="218" HPOS="401"/>
							<String ID="string_15" HPOS="417" VPOS="218" WIDTH="146" HEIGHT="22" WC="0.96" CONTENT="Kuvernöörin"/><SP WIDTH="17" VPOS="218" HPOS="563"/>
							<String ID="string_16" HPOS="580" VPOS="221" WIDTH="71" HEIGHT="25" WC="0.96" CONTENT="päätös"/><SP WIDTH="16" VPOS="221" HPOS="651"/>
							<String ID="string_17" HPOS="667" VPOS="219" WIDTH="48" HEIGHT="20" WC="0.96" CONTENT="näin"/><SP WIDTH="16" VPOS="219" HPOS="715"/>
							<String ID="string_18" HPOS="731" VPOS="218" WIDTH="103" HEIGHT="21" WC="0.96" CONTENT="kuuluva:"/>
						</TextLine>
					</TextBlock>
				</ComposedBlock>
				<ComposedBlock ID="cblock_3" HPOS="174" VPOS="304" WIDTH="824" HEIGHT="1173">
					<TextBlock ID="block_2" HPOS="398" VPOS="304" WIDTH="372" HEIGHT="22">
						<TextLine ID="line_3" HPOS="398" VPOS="304" WIDTH="372" HEIGHT="22">
							<String ID="string_19" HPOS="398" VPOS="304" WIDTH="38" HEIGHT="22" WC="0.93" CONTENT="Till"/><SP WIDTH="16" VPOS="304" HPOS="436"/>
							<String ID="string_20" HPOS="452" VPOS="305" WIDTH="137" HEIGHT="21" WC="0.92" CONTENT="Hedervärda"/><SP WIDTH="15" VPOS="305" HPOS="589"/>
							<String ID="string_21" HPOS="604" VPOS="305" WIDTH="166" HEIGHT="21" WC="0.90" CONTENT="Bondeständet!"/>
						</TextLine>
					</TextBlock>
					<TextBlock ID="block_3" HPOS="177" VPOS="362" WIDTH="821" HEIGHT="514">
						<TextLine ID="line_4" HPOS="246" VPOS="362" WIDTH="752" HEIGHT="28">
							<String ID="string_22" HPOS="246" VPOS="362" WIDTH="48" HEIGHT="22" WC="0.92" CONTENT="Den"/><SP WIDTH="25" VPOS="362" HPOS="294"/>
							<String ID="string_23" HPOS="319" VPOS="362" WIDTH="101" HEIGHT="22" WC="0.94" CONTENT="åländska"/><SP WIDTH="22" VPOS="362" HPOS="420"/>
							<String ID="string_24" HPOS="442" VPOS="363" WIDTH="104" HEIGHT="27" WC="0.93" CONTENT="allmogen"/><SP WIDTH="25" VPOS="363" HPOS="546"/>
							<String ID="string_25" HPOS="571" VPOS="363" WIDTH="114" HEIGHT="21" WC="0.91" CONTENT="vidkännes"/><SP WIDTH="22" VPOS="363" HPOS="685"/>
							<String ID="string_26" HPOS="707" VPOS="369" WIDTH="46" HEIGHT="14" WC="0.93" CONTENT="som"/><SP WIDTH="25" VPOS="369" HPOS="753"/>
							<String ID="string_27" HPOS="778" VPOS="362" WIDTH="77" HEIGHT="21" WC="0.96" CONTENT="bekant"/><SP WIDTH="22" VPOS="362" HPOS="855"/>
							<String ID="string_28" HPOS="877" VPOS="368" WIDTH="25" HEIGHT="15" WC="0.93" CONTENT="en"/><SP WIDTH="24" VPOS="368" HPOS="902"/>
							<String ID="string_29" HPOS="926" VPOS="364" WIDTH="72" HEIGHT="25" WC="0.96" CONTENT="tunga,"/>
						</TextLine>
						<TextLine ID="line_5" HPOS="178" VPOS="390" WIDTH="818" HEIGHT="29">
							<String ID="string_30" HPOS="178" VPOS="391" WIDTH="107" HEIGHT="27" WC="0.92" CONTENT="nemligen"/><SP WIDTH="21" VPOS="391" HPOS="285"/>
							<String ID="string_31" HPOS="306" VPOS="391" WIDTH="138" HEIGHT="27" WC="0.91" CONTENT="hällskjutsen"/><SP WIDTH="23" VPOS="391" HPOS="444"/>
							<String ID="string_32" HPOS="467" VPOS="392" WIDTH="38" HEIGHT="21" WC="0.93" CONTENT="och"/><SP WIDTH="21" VPOS="392" HPOS="505"/>
							<String ID="string_33" HPOS="526" VPOS="392" WIDTH="201" HEIGHT="27" WC="0.92" CONTENT="postbefordringen,"/><SP WIDTH="23" VPOS="392" HPOS="727"/>
							<String ID="string_34" HPOS="750" VPOS="391" WIDTH="85" HEIGHT="21" WC="0.93" CONTENT="hvilken"/><SP WIDTH="22" VPOS="391" HPOS="835"/>
							<String ID="string_35" HPOS="857" VPOS="398" WIDTH="76" HEIGHT="20" WC="0.96" CONTENT="genom"/><SP WIDTH="23" VPOS="398" HPOS="933"/>
							<String ID="string_36" HPOS="956" VPOS="390" WIDTH="40" HEIGHT="22" WC="0.96" CONTENT="den"/>
						</TextLine>
						<TextLine ID="line_6" HPOS="178" VPOS="419" WIDTH="818" HEIGHT="29">
							<String ID="string_37" HPOS="178" VPOS="420" WIDTH="95" HEIGHT="26" WC="0.92" CONTENT="stegrade"/><SP WIDTH="23" VPOS="420" HPOS="273"/>
							<String ID="string_38" HPOS="296" VPOS="420" WIDTH="88" HEIGHT="21" WC="0.92" CONTENT="trafiken"/><SP WIDTH="21" VPOS="420" HPOS="384"/>
							<String ID="string_39" HPOS="405" VPOS="421" WIDTH="38" HEIGHT="20" WC="0.91" CONTENT="och"/><SP WIDTH="23" VPOS="421" HPOS="443"/>
							<String ID="string_40" HPOS="466" VPOS="422" WIDTH="85" HEIGHT="26" WC="0.91" CONTENT="postens"/><SP WIDTH="22" VPOS="422" HPOS="551"/>
							<String ID="string_41" HPOS="573" VPOS="420" WIDTH="66" HEIGHT="21" WC="0.87" CONTENT="ökade"/><SP WIDTH="30" VPOS="420" HPOS="639"/>
							<String ID="string_42" HPOS="669" VPOS="420" WIDTH="106" HEIGHT="21" WC="0.87" CONTENT="anlitande"/><SP WIDTH="30" VPOS="420" HPOS="775"/>
							<String ID="string_43" HPOS="805" VPOS="420" WIDTH="22" HEIGHT="21" WC="0.96" CONTENT="är"/><SP WIDTH="24" VPOS="420" HPOS="827"/>
							<String ID="string_44" HPOS="851" VPOS="420" WIDTH="33" HEIGHT="20" WC="0.96" CONTENT="för"/><SP WIDTH="21" VPOS="420" HPOS="884"/>
							<String ID="string_45" HPOS="905" VPOS="420" WIDTH="23" HEIGHT="20" WC="0.96" CONTENT="är"/><SP WIDTH="20" VPOS="420" HPOS="928"/>
							<String ID="string_46" HPOS="948" VPOS="419" WIDTH="48" HEIGHT="21" WC="0.96" CONTENT="med"/>
						</TextLine>
						<TextLine ID="line_7" HPOS="178" VPOS="449" WIDTH="818" HEIGHT="27">
							<String ID="string_47" HPOS="178" VPOS="449" WIDTH="69" HEIGHT="27" WC="0.91" CONTENT="däliga"/><SP WIDTH="23" VPOS="449" HPOS="247"/>
							<String ID="string_48" HPOS="270" VPOS="449" WIDTH="39" HEIGHT="21" WC="0.95" CONTENT="och"/><SP WIDTH="22" VPOS="449" HPOS="309"/>
							<String ID="string_49" HPOS="331" VPOS="450" WIDTH="49" HEIGHT="25" WC="0.91" CONTENT="inga"/><SP WIDTH="21" VPOS="450" HPOS="380"/>
							<String ID="string_50" HPOS="401" VPOS="451" WIDTH="64" HEIGHT="25" WC="0.91" CONTENT="vägar"/><SP WIDTH="25" VPOS="451" HPOS="465"/>
							<String ID="string_51" HPOS="490" VPOS="449" WIDTH="75" HEIGHT="21" WC="0.91" CONTENT="blifver"/><SP WIDTH="22" VPOS="449" HPOS="565"/>
							<String ID="string_52" HPOS="587" VPOS="449" WIDTH="36" HEIGHT="21" WC="0.96" CONTENT="allt"/><SP WIDTH="22" VPOS="449" HPOS="623"/>
							<String ID="string_53" HPOS="645" VPOS="456" WIDTH="57" HEIGHT="14" WC="0.93" CONTENT="mera"/><SP WIDTH="18" VPOS="456" HPOS="702"/>
							<String ID="string_54" HPOS="720" VPOS="449" WIDTH="122" HEIGHT="26" WC="0.92" CONTENT="tryckande,"/><SP WIDTH="15" VPOS="449" HPOS="842"/>
							<String ID="string_55" HPOS="857" VPOS="449" WIDTH="54" HEIGHT="20" WC="0.93" CONTENT="helst"/><SP WIDTH="15" VPOS="449" HPOS="911"/>
							<String ID="string_56" HPOS="926" VPOS="451" WIDTH="70" HEIGHT="18" WC="0.92" CONTENT="ortens"/>
						</TextLine>
						<TextLine ID="line_8" HPOS="177" VPOS="477" WIDTH="818" HEIGHT="28">
							<String ID="string_57" HPOS="177" VPOS="477" WIDTH="57" HEIGHT="21" WC="0.90" CONTENT="förut"/><SP WIDTH="21" VPOS="477" HPOS="234"/>
							<String ID="string_58" HPOS="255" VPOS="478" WIDTH="53" HEIGHT="26" WC="0.88" CONTENT="egda"/><SP WIDTH="23" VPOS="478" HPOS="308"/>
							<String ID="string_59" HPOS="331" VPOS="478" WIDTH="91" HEIGHT="21" WC="0.92" CONTENT="fördelar"/><SP WIDTH="22" VPOS="478" HPOS="422"/>
							<String ID="string_60" HPOS="444" VPOS="478" WIDTH="21" HEIGHT="20" WC="0.93" CONTENT="af"/><SP WIDTH="21" VPOS="478" HPOS="465"/>
							<String ID="string_61" HPOS="486" VPOS="478" WIDTH="100" HEIGHT="27" WC="0.92" CONTENT="sjöfarten"/><SP WIDTH="23" VPOS="478" HPOS="586"/>
							<String ID="string_62" HPOS="609" VPOS="478" WIDTH="37" HEIGHT="20" WC="0.93" CONTENT="och"/><SP WIDTH="23" VPOS="478" HPOS="646"/>
							<String ID="string_63" HPOS="669" VPOS="477" WIDTH="62" HEIGHT="21" WC="0.92" CONTENT="fisket"/><SP WIDTH="22" VPOS="477" HPOS="731"/>
							<String ID="string_64" HPOS="753" VPOS="477" WIDTH="94" HEIGHT="21" WC="0.92" CONTENT="deremot"/><SP WIDTH="19" VPOS="477" HPOS="847"/>
							<String ID="string_65" HPOS="866" VPOS="477" WIDTH="26" HEIGHT="27" WC="0.93" CONTENT="pä"/><SP WIDTH="15" VPOS="477" HPOS="892"/>
							<String ID="string_66" HPOS="907" VPOS="477" WIDTH="88" HEIGHT="21" WC="0.92" CONTENT="sednare"/>
						</TextLine>
						<TextLine ID="line_9" HPOS="178" VPOS="506" WIDTH="818" HEIGHT="27">
							<String ID="string_67" HPOS="178" VPOS="506" WIDTH="53" HEIGHT="22" WC="0.93" CONTENT="tider"/><SP WIDTH="16" VPOS="506" HPOS="231"/>
							<String ID="string_68" HPOS="247" VPOS="506" WIDTH="104" HEIGHT="27" WC="0.92" CONTENT="ansenligt"/><SP WIDTH="14" VPOS="506" HPOS="351"/>
							<String ID="string_69" HPOS="365" VPOS="507" WIDTH="104" HEIGHT="21" WC="0.92" CONTENT="hämmats"/><SP WIDTH="15" VPOS="507" HPOS="469"/>
							<String ID="string_70" HPOS="484" VPOS="506" WIDTH="39" HEIGHT="22" WC="0.93" CONTENT="och"/><SP WIDTH="15" VPOS="506" HPOS="523"/>
							<String ID="string_71" HPOS="538" VPOS="506" WIDTH="79" HEIGHT="27" WC="0.92" CONTENT="aftagit."/><SP WIDTH="22" VPOS="506" HPOS="617"/>
							<String ID="string_72" HPOS="639" VPOS="506" WIDTH="41" HEIGHT="20" WC="0.96" CONTENT="För"/><SP WIDTH="15" VPOS="506" HPOS="680"/>
							<String ID="string_73" HPOS="695" VPOS="509" WIDTH="30" HEIGHT="18" WC="0.93" CONTENT="att"/><SP WIDTH="16" VPOS="509" HPOS="725"/>
							<String ID="string_74" HPOS="741" VPOS="506" WIDTH="63" HEIGHT="20" WC="0.92" CONTENT="vinna"/><SP WIDTH="16" VPOS="506" HPOS="804"/>
							<String ID="string_75" HPOS="820" VPOS="506" WIDTH="67" HEIGHT="26" WC="0.92" CONTENT="nägon"/><SP WIDTH="17" VPOS="506" HPOS="887"/>
							<String ID="string_76" HPOS="904" VPOS="506" WIDTH="92" HEIGHT="26" WC="0.92" CONTENT="lindring"/>
						</TextLine>
						<TextLine ID="line_10" HPOS="179" VPOS="534" WIDTH="817" HEIGHT="28">
							<String ID="string_77" HPOS="179" VPOS="535" WIDTH="30" HEIGHT="20" WC="0.93" CONTENT="uti"/><SP WIDTH="16" VPOS="535" HPOS="209"/>
							<String ID="string_78" HPOS="225" VPOS="534" WIDTH="217" HEIGHT="28" WC="0.91" CONTENT="skjutsningstungan,"/><SP WIDTH="17" VPOS="534" HPOS="442"/>
							<String ID="string_79" HPOS="459" VPOS="535" WIDTH="86" HEIGHT="27" WC="0.88" CONTENT="ingingo"/><SP WIDTH="19" VPOS="535" HPOS="545"/>
							<String ID="string_80" HPOS="564" VPOS="535" WIDTH="104" HEIGHT="27" WC="0.93" CONTENT="åtskilliga"/><SP WIDTH="17" VPOS="535" HPOS="668"/>
							<String ID="string_81" HPOS="685" VPOS="534" WIDTH="228" HEIGHT="28" WC="0.31" CONTENT="skjutsningssky!dige"/><SP WIDTH="11" VPOS="534" HPOS="913"/>
							<String ID="string_82" HPOS="924" VPOS="534" WIDTH="72" HEIGHT="28" WC="0.92" CONTENT="lägen-"/>
						</TextLine>
						<TextLine ID="line_11" HPOS="178" VPOS="563" WIDTH="818" HEIGHT="28">
							<String ID="string_83" HPOS="178" VPOS="563" WIDTH="183" HEIGHT="21" WC="0.91" CONTENT="hetsinnehafvare"/><SP WIDTH="22" VPOS="563" HPOS="361"/>
							<String ID="string_84" HPOS="383" VPOS="564" WIDTH="57" HEIGHT="20" WC="0.94" CONTENT="inom"/><SP WIDTH="24" VPOS="564" HPOS="440"/>
							<String ID="string_85" HPOS="464" VPOS="564" WIDTH="113" HEIGHT="27" WC="0.95" CONTENT="Kumlinge"/><SP WIDTH="23" VPOS="564" HPOS="577"/>
							<String ID="string_86" HPOS="600" VPOS="563" WIDTH="77" HEIGHT="21" WC="0.96" CONTENT="socken"/><SP WIDTH="23" VPOS="563" HPOS="677"/>
							<String ID="string_87" HPOS="700" VPOS="564" WIDTH="23" HEIGHT="20" WC="0.96" CONTENT="är"/><SP WIDTH="23" VPOS="564" HPOS="723"/>
							<String ID="string_88" HPOS="746" VPOS="564" WIDTH="54" HEIGHT="20" WC="0.96" CONTENT="1868"/><SP WIDTH="23" VPOS="564" HPOS="800"/>
							<String ID="string_89" HPOS="823" VPOS="563" WIDTH="31" HEIGHT="21" WC="0.93" CONTENT="till"/><SP WIDTH="24" VPOS="563" HPOS="854"/>
							<String ID="string_90" HPOS="878" VPOS="563" WIDTH="118" HEIGHT="27" WC="0.92" CONTENT="Kejserliga"/>
						</TextLine>
						<TextLine ID="line_12" HPOS="178" VPOS="591" WIDTH="818" HEIGHT="28">
							<String ID="string_91" HPOS="178" VPOS="591" WIDTH="91" HEIGHT="22" WC="0.90" CONTENT="Senaten"/><SP WIDTH="23" VPOS="591" HPOS="269"/>
							<String ID="string_92" HPOS="292" VPOS="592" WIDTH="48" HEIGHT="21" WC="0.96" CONTENT="med"/><SP WIDTH="23" VPOS="592" HPOS="340"/>
							<String ID="string_93" HPOS="363" VPOS="599" WIDTH="26" HEIGHT="14" WC="0.92" CONTENT="en"/><SP WIDTH="23" VPOS="599" HPOS="389"/>
							<String ID="string_94" HPOS="412" VPOS="592" WIDTH="132" HEIGHT="27" WC="0.91" CONTENT="underdänig"/><SP WIDTH="22" VPOS="592" HPOS="544"/>
							<String ID="string_95" HPOS="566" VPOS="592" WIDTH="118" HEIGHT="27" WC="0.91" CONTENT="ansökning"/><SP WIDTH="24" VPOS="592" HPOS="684"/>
							<String ID="string_96" HPOS="708" VPOS="599" WIDTH="34" HEIGHT="14" WC="0.91" CONTENT="om"/><SP WIDTH="18" VPOS="599" HPOS="742"/>
							<String ID="string_97" HPOS="760" VPOS="592" WIDTH="121" HEIGHT="27" WC="0.91" CONTENT="förhöjning"/><SP WIDTH="15" VPOS="592" HPOS="881"/>
							<String ID="string_98" HPOS="896" VPOS="592" WIDTH="21" HEIGHT="21" WC="0.93" CONTENT="af"/><SP WIDTH="15" VPOS="592" HPOS="917"/>
							<String ID="string_99" HPOS="932" VPOS="593" WIDTH="64" HEIGHT="20" WC="0.92" CONTENT="taxan"/>
						</TextLine>
						<TextLine ID="line_13" HPOS="178" VPOS="620" WIDTH="818" HEIGHT="28">
							<String ID="string_100" HPOS="178" VPOS="621" WIDTH="26" HEIGHT="26" WC="0.92" CONTENT="pä"/><SP WIDTH="15" VPOS="621" HPOS="204"/>
							<String ID="string_101" HPOS="219" VPOS="621" WIDTH="77" HEIGHT="26" WC="0.92" CONTENT="skjuts-"/><SP WIDTH="15" VPOS="621" HPOS="296"/>
							<String ID="string_102" HPOS="311" VPOS="621" WIDTH="40" HEIGHT="21" WC="0.93" CONTENT="och"/><SP WIDTH="15" VPOS="621" HPOS="351"/>
							<String ID="string_103" HPOS="366" VPOS="621" WIDTH="125" HEIGHT="27" WC="0.92" CONTENT="forsellegan"/><SP WIDTH="13" VPOS="621" HPOS="491"/>
							<String ID="string_104" HPOS="504" VPOS="621" WIDTH="33" HEIGHT="20" WC="0.93" CONTENT="för"/><SP WIDTH="14" VPOS="621" HPOS="537"/>
							<String ID="string_105" HPOS="551" VPOS="627" WIDTH="58" HEIGHT="15" WC="0.92" CONTENT="resor"/><SP WIDTH="10" VPOS="627" HPOS="609"/>
							<String ID="string_106" HPOS="619" VPOS="621" WIDTH="97" HEIGHT="20" WC="0.93" CONTENT="vintertid"/><SP WIDTH="12" VPOS="621" HPOS="716"/>
							<String ID="string_107" HPOS="728" VPOS="621" WIDTH="59" HEIGHT="20" WC="0.93" CONTENT="öfver"/><SP WIDTH="9" VPOS="621" HPOS="787"/>
							<String ID="string_108" HPOS="796" VPOS="621" WIDTH="106" HEIGHT="27" WC="0.92" CONTENT="sjöpassen"/><SP WIDTH="10" VPOS="621" HPOS="902"/>
							<String ID="string_109" HPOS="912" VPOS="620" WIDTH="84" HEIGHT="21" WC="0.93" CONTENT="Brandö"/>
						</TextLine>
						<TextLine ID="line_14" HPOS="178" VPOS="649" WIDTH="819" HEIGHT="28">
							<String ID="string_110" HPOS="178" VPOS="650" WIDTH="39" HEIGHT="20" WC="0.96" CONTENT="och"/><SP WIDTH="22" VPOS="650" HPOS="217"/>
							<String ID="string_111" HPOS="239" VPOS="649" WIDTH="121" HEIGHT="28" WC="0.93" CONTENT="Kumlinge,"/><SP WIDTH="23" VPOS="649" HPOS="360"/>
							<String ID="string_112" HPOS="383" VPOS="650" WIDTH="78" HEIGHT="20" WC="0.92" CONTENT="kalladt"/><SP WIDTH="22" VPOS="650" HPOS="461"/>
							<String ID="string_113" HPOS="483" VPOS="649" WIDTH="101" HEIGHT="28" WC="0.92" CONTENT="Lappvesi"/><SP WIDTH="23" VPOS="649" HPOS="584"/>
							<String ID="string_114" HPOS="607" VPOS="649" WIDTH="62" HEIGHT="26" WC="0.51" CONTENT="23?/;"/><SP WIDTH="21" VPOS="649" HPOS="669"/>
							<String ID="string_115" HPOS="690" VPOS="652" WIDTH="57" HEIGHT="18" WC="0.93" CONTENT="verst"/><SP WIDTH="22" VPOS="652" HPOS="747"/>
							<String ID="string_116" HPOS="769" VPOS="649" WIDTH="64" HEIGHT="27" WC="0.96" CONTENT="långt,"/><SP WIDTH="22" VPOS="649" HPOS="833"/>
							<String ID="string_117" HPOS="855" VPOS="652" WIDTH="54" HEIGHT="18" WC="0.93" CONTENT="samt"/><SP WIDTH="22" VPOS="652" HPOS="909"/>
							<String ID="string_118" HPOS="931" VPOS="649" WIDTH="66" HEIGHT="20" WC="0.91" CONTENT="Kum-"/>
						</TextLine>
						<TextLine ID="line_15" HPOS="178" VPOS="677" WIDTH="819" HEIGHT="28">
							<String ID="string_119" HPOS="178" VPOS="677" WIDTH="57" HEIGHT="28" WC="0.92" CONTENT="linge"/><SP WIDTH="16" VPOS="677" HPOS="235"/>
							<String ID="string_120" HPOS="251" VPOS="679" WIDTH="38" HEIGHT="20" WC="0.93" CONTENT="och"/><SP WIDTH="16" VPOS="679" HPOS="289"/>
							<String ID="string_121" HPOS="305" VPOS="678" WIDTH="87" HEIGHT="21" WC="0.91" CONTENT="Varsala"/><SP WIDTH="15" VPOS="678" HPOS="392"/>
							<String ID="string_122" HPOS="407" VPOS="679" WIDTH="150" HEIGHT="26" WC="0.69" CONTENT="gästgifverier,"/><SP WIDTH="14" VPOS="679" HPOS="557"/>
							<String ID="string_123" HPOS="571" VPOS="677" WIDTH="62" HEIGHT="22" WC="0.89" CONTENT="Delet"/><SP WIDTH="15" VPOS="677" HPOS="633"/>
							<String ID="string_124" HPOS="648" VPOS="678" WIDTH="115" HEIGHT="21" WC="0.91" CONTENT="benämndt"/><SP WIDTH="15" VPOS="678" HPOS="763"/>
							<String ID="string_125" HPOS="778" VPOS="678" WIDTH="27" HEIGHT="20" WC="0.38" CONTENT="24"/><SP WIDTH="9" VPOS="678" HPOS="805"/>
							<String ID="string_126" HPOS="814" VPOS="678" WIDTH="35" HEIGHT="26" WC="0.38" CONTENT="1/,,"/><SP WIDTH="17" VPOS="678" HPOS="849"/>
							<String ID="string_127" HPOS="866" VPOS="679" WIDTH="55" HEIGHT="19" WC="0.93" CONTENT="verst"/><SP WIDTH="12" VPOS="679" HPOS="921"/>
							<String ID="string_128" HPOS="933" VPOS="677" WIDTH="64" HEIGHT="27" WC="0.96" CONTENT="långt,"/>
						</TextLine>
						<TextLine ID="line_16" HPOS="179" VPOS="706" WIDTH="818" HEIGHT="28">
							<String ID="string_129" HPOS="179" VPOS="706" WIDTH="84" HEIGHT="21" WC="0.92" CONTENT="hvilken"/><SP WIDTH="23" VPOS="706" HPOS="263"/>
							<String ID="string_130" HPOS="286" VPOS="707" WIDTH="93" HEIGHT="20" WC="0.96" CONTENT="ansökan"/><SP WIDTH="24" VPOS="707" HPOS="379"/>
							<String ID="string_131" HPOS="403" VPOS="707" WIDTH="53" HEIGHT="20" WC="0.92" CONTENT="dock"/><SP WIDTH="23" VPOS="707" HPOS="456"/>
							<String ID="string_132" HPOS="479" VPOS="707" WIDTH="83" HEIGHT="27" WC="0.92" CONTENT="afslogs,"/><SP WIDTH="21" VPOS="707" HPOS="562"/>
							<String ID="string_133" HPOS="583" VPOS="707" WIDTH="108" HEIGHT="20" WC="0.91" CONTENT="hvaremot"/><SP WIDTH="14" VPOS="707" HPOS="691"/>
							<String ID="string_134" HPOS="705" VPOS="706" WIDTH="119" HEIGHT="27" WC="0.91" CONTENT="Kejserliga"/><SP WIDTH="15" VPOS="706" HPOS="824"/>
							<String ID="string_135" HPOS="839" VPOS="706" WIDTH="91" HEIGHT="21" WC="0.93" CONTENT="Senaten"/><SP WIDTH="15" VPOS="706" HPOS="930"/>
							<String ID="string_136" HPOS="945" VPOS="706" WIDTH="7" HEIGHT="20" WC="0.93" CONTENT="i"/><SP WIDTH="15" VPOS="706" HPOS="952"/>
							<String ID="string_137" HPOS="967" VPOS="706" WIDTH="30" HEIGHT="20" WC="0.90" CONTENT="af-"/>
						</TextLine>
						<TextLine ID="line_17" HPOS="179" VPOS="735" WIDTH="819" HEIGHT="27">
							<String ID="string_138" HPOS="179" VPOS="735" WIDTH="77" HEIGHT="20" WC="0.92" CONTENT="seende"/><SP WIDTH="25" VPOS="735" HPOS="256"/>
							<String ID="string_139" HPOS="281" VPOS="735" WIDTH="11" HEIGHT="20" WC="0.92" CONTENT="ä"/><SP WIDTH="21" VPOS="735" HPOS="292"/>
							<String ID="string_140" HPOS="313" VPOS="735" WIDTH="35" HEIGHT="21" WC="0.96" CONTENT="det"/><SP WIDTH="23" VPOS="735" HPOS="348"/>
							<String ID="string_141" HPOS="371" VPOS="735" WIDTH="119" HEIGHT="27" WC="0.91" CONTENT="betydande"/><SP WIDTH="21" VPOS="735" HPOS="490"/>
							<String ID="string_142" HPOS="511" VPOS="735" WIDTH="104" HEIGHT="21" WC="0.91" CONTENT="afständet"/><SP WIDTH="22" VPOS="735" HPOS="615"/>
							<String ID="string_143" HPOS="637" VPOS="735" WIDTH="91" HEIGHT="21" WC="0.94" CONTENT="emellan"/><SP WIDTH="23" VPOS="735" HPOS="728"/>
							<String ID="string_144" HPOS="751" VPOS="735" WIDTH="87" HEIGHT="21" WC="0.92" CONTENT="berörde"/><SP WIDTH="15" VPOS="735" HPOS="838"/>
							<String ID="string_145" HPOS="853" VPOS="735" WIDTH="145" HEIGHT="26" WC="0.86" CONTENT="gästgifverier"/>
						</TextLine>
						<TextLine ID="line_18" HPOS="179" VPOS="763" WIDTH="818" HEIGHT="28">
							<String ID="string_146" HPOS="179" VPOS="763" WIDTH="38" HEIGHT="21" WC="0.85" CONTENT="och"/><SP WIDTH="23" VPOS="763" HPOS="217"/>
							<String ID="string_147" HPOS="240" VPOS="763" WIDTH="132" HEIGHT="28" WC="0.96" CONTENT="svårigheten"/><SP WIDTH="19" VPOS="763" HPOS="372"/>
							<String ID="string_148" HPOS="391" VPOS="766" WIDTH="29" HEIGHT="18" WC="0.93" CONTENT="att"/><SP WIDTH="20" VPOS="766" HPOS="420"/>
							<String ID="string_149" HPOS="440" VPOS="763" WIDTH="103" HEIGHT="22" WC="0.90" CONTENT="öfverfara"/><SP WIDTH="16" VPOS="763" HPOS="543"/>
							<String ID="string_150" HPOS="559" VPOS="765" WIDTH="26" HEIGHT="20" WC="0.93" CONTENT="de"/><SP WIDTH="16" VPOS="765" HPOS="585"/>
							<String ID="string_151" HPOS="601" VPOS="763" WIDTH="114" HEIGHT="21" WC="0.91" CONTENT="dermellan"/><SP WIDTH="16" VPOS="763" HPOS="715"/>
							<String ID="string_152" HPOS="731" VPOS="763" WIDTH="171" HEIGHT="21" WC="0.91" CONTENT="förekommande"/><SP WIDTH="16" VPOS="763" HPOS="902"/>
							<String ID="string_153" HPOS="918" VPOS="763" WIDTH="79" HEIGHT="27" WC="0.92" CONTENT="sjöpas-"/>
						</TextLine>
						<TextLine ID="line_19" HPOS="178" VPOS="791" WIDTH="820" HEIGHT="28">
							<String ID="string_154" HPOS="178" VPOS="797" WIDTH="38" HEIGHT="15" WC="0.95" CONTENT="sen"/><SP WIDTH="16" VPOS="797" HPOS="216"/>
							<String ID="string_155" HPOS="232" VPOS="792" WIDTH="34" HEIGHT="20" WC="0.95" CONTENT="vid"/><SP WIDTH="16" VPOS="792" HPOS="266"/>
							<String ID="string_156" HPOS="282" VPOS="793" WIDTH="26" HEIGHT="20" WC="0.96" CONTENT="de"/><SP WIDTH="15" VPOS="793" HPOS="308"/>
							<String ID="string_157" HPOS="323" VPOS="792" WIDTH="59" HEIGHT="27" WC="0.62" CONTENT="tider,"/><SP WIDTH="9" VPOS="792" HPOS="382"/>
							<String ID="string_158" HPOS="391" VPOS="792" WIDTH="26" HEIGHT="21" WC="0.62" CONTENT="dä"/><SP WIDTH="15" VPOS="792" HPOS="417"/>
							<String ID="string_159" HPOS="432" VPOS="793" WIDTH="68" HEIGHT="20" WC="0.93" CONTENT="isarne"/><SP WIDTH="16" VPOS="793" HPOS="500"/>
							<String ID="string_160" HPOS="516" VPOS="794" WIDTH="35" HEIGHT="19" WC="0.96" CONTENT="äro"/><SP WIDTH="17" VPOS="794" HPOS="551"/>
							<String ID="string_161" HPOS="568" VPOS="793" WIDTH="47" HEIGHT="20" WC="0.93" CONTENT="med"/><SP WIDTH="16" VPOS="793" HPOS="615"/>
							<String ID="string_162" HPOS="631" VPOS="792" WIDTH="89" HEIGHT="27" WC="0.96" CONTENT="mycken"/><SP WIDTH="16" VPOS="792" HPOS="720"/>
							<String ID="string_163" HPOS="736" VPOS="794" WIDTH="38" HEIGHT="19" WC="0.96" CONTENT="snö"/><SP WIDTH="16" VPOS="794" HPOS="774"/>
							<String ID="string_164" HPOS="790" VPOS="792" WIDTH="39" HEIGHT="21" WC="0.93" CONTENT="och"/><SP WIDTH="15" VPOS="792" HPOS="829"/>
							<String ID="string_165" HPOS="844" VPOS="794" WIDTH="46" HEIGHT="25" WC="0.96" CONTENT="stöp"/><SP WIDTH="13" VPOS="794" HPOS="890"/>
							<String ID="string_166" HPOS="903" VPOS="791" WIDTH="95" HEIGHT="28" WC="0.96" CONTENT="belagda,"/>
						</TextLine>
						<TextLine ID="line_20" HPOS="178" VPOS="820" WIDTH="820" HEIGHT="27">
							<String ID="string_167" HPOS="178" VPOS="820" WIDTH="126" HEIGHT="21" WC="0.96" CONTENT="förordnade"/><SP WIDTH="23" VPOS="820" HPOS="304"/>
							<String ID="string_168" HPOS="327" VPOS="821" WIDTH="34" HEIGHT="20" WC="0.93" CONTENT="det"/><SP WIDTH="22" VPOS="821" HPOS="361"/>
							<String ID="string_169" HPOS="383" VPOS="821" WIDTH="112" HEIGHT="21" WC="0.92" CONTENT="framdeles"/><SP WIDTH="22" VPOS="821" HPOS="495"/>
							<String ID="string_170" HPOS="517" VPOS="821" WIDTH="35" HEIGHT="20" WC="0.93" CONTENT="vid"/><SP WIDTH="22" VPOS="821" HPOS="552"/>
							<String ID="string_171" HPOS="574" VPOS="827" WIDTH="59" HEIGHT="15" WC="0.96" CONTENT="resor"/><SP WIDTH="14" VPOS="827" HPOS="633"/>
							<String ID="string_172" HPOS="647" VPOS="821" WIDTH="97" HEIGHT="20" WC="0.93" CONTENT="vintertid"/><SP WIDTH="17" VPOS="821" HPOS="744"/>
							<String ID="string_173" HPOS="761" VPOS="821" WIDTH="90" HEIGHT="20" WC="0.92" CONTENT="emelien"/><SP WIDTH="16" VPOS="821" HPOS="851"/>
							<String ID="string_174" HPOS="867" VPOS="821" WIDTH="61" HEIGHT="20" WC="0.93" CONTENT="dessa"/><SP WIDTH="14" VPOS="821" HPOS="928"/>
							<String ID="string_175" HPOS="942" VPOS="822" WIDTH="56" HEIGHT="25" WC="0.93" CONTENT="gäst-"/>
						</TextLine>
						<TextLine ID="line_21" HPOS="178" VPOS="849" WIDTH="819" HEIGHT="27">
							<String ID="string_176" HPOS="178" VPOS="849" WIDTH="99" HEIGHT="27" WC="0.93" CONTENT="gifverier"/><SP WIDTH="14" VPOS="849" HPOS="277"/>
							<String ID="string_177" HPOS="291" VPOS="849" WIDTH="46" HEIGHT="21" WC="0.92" CONTENT="icke"/><SP WIDTH="15" VPOS="849" HPOS="337"/>
							<String ID="string_178" HPOS="352" VPOS="849" WIDTH="51" HEIGHT="21" WC="0.93" CONTENT="flere"/><SP WIDTH="16" VPOS="849" HPOS="403"/>
							<String ID="string_179" HPOS="419" VPOS="851" WIDTH="25" HEIGHT="19" WC="0.96" CONTENT="än"/><SP WIDTH="17" VPOS="851" HPOS="444"/>
							<String ID="string_180" HPOS="461" VPOS="855" WIDTH="25" HEIGHT="15" WC="0.93" CONTENT="en"/><SP WIDTH="17" VPOS="855" HPOS="486"/>
							<String ID="string_181" HPOS="503" VPOS="850" WIDTH="88" HEIGHT="21" WC="0.93" CONTENT="resande"/><SP WIDTH="12" VPOS="850" HPOS="591"/>
							<String ID="string_182" HPOS="603" VPOS="849" WIDTH="55" HEIGHT="27" WC="0.91" CONTENT="finge"/><SP WIDTH="16" VPOS="849" HPOS="658"/>
							<String ID="string_183" HPOS="674" VPOS="849" WIDTH="69" HEIGHT="21" WC="0.93" CONTENT="färdas"/><SP WIDTH="16" VPOS="849" HPOS="743"/>
							<String ID="string_184" HPOS="759" VPOS="849" WIDTH="53" HEIGHT="22" WC="0.96" CONTENT="efter"/><SP WIDTH="17" VPOS="849" HPOS="812"/>
							<String ID="string_185" HPOS="829" VPOS="855" WIDTH="26" HEIGHT="15" WC="0.90" CONTENT="en"/><SP WIDTH="22" VPOS="855" HPOS="855"/>
							<String ID="string_186" HPOS="877" VPOS="849" WIDTH="120" HEIGHT="27" WC="0.90" CONTENT="skjutshäst."/>
						</TextLine>
					</TextBlock>
					<TextBlock ID="block_4" HPOS="174" VPOS="877" WIDTH="824" HEIGHT="572">
						<TextLine ID="line_22" HPOS="246" VPOS="877" WIDTH="751" HEIGHT="28">
							<String ID="string_187" HPOS="246" VPOS="877" WIDTH="33" HEIGHT="22" WC="0.93" CONTENT="Dä"/><SP WIDTH="10" VPOS="877" HPOS="279"/>
							<String ID="string_188" HPOS="289" VPOS="880" WIDTH="41" HEIGHT="19" WC="0.96" CONTENT="rätt"/><SP WIDTH="15" VPOS="880" HPOS="330"/>
							<String ID="string_189" HPOS="345" VPOS="879" WIDTH="39" HEIGHT="20" WC="0.93" CONTENT="och"/><SP WIDTH="16" VPOS="879" HPOS="384"/>
							<String ID="string_190" HPOS="400" VPOS="878" WIDTH="94" HEIGHT="27" WC="0.93" CONTENT="billighet"/><SP WIDTH="15" VPOS="878" HPOS="494"/>
							<String ID="string_191" HPOS="509" VPOS="879" WIDTH="103" HEIGHT="25" WC="0.93" CONTENT="fordrade,"/><SP WIDTH="15" VPOS="879" HPOS="612"/>
							<String ID="string_192" HPOS="627" VPOS="880" WIDTH="30" HEIGHT="19" WC="0.93" CONTENT="att"/><SP WIDTH="14" VPOS="880" HPOS="657"/>
							<String ID="string_193" HPOS="671" VPOS="878" WIDTH="46" HEIGHT="21" WC="0.92" CONTENT="icke"/><SP WIDTH="15" VPOS="878" HPOS="717"/>
							<String ID="string_194" HPOS="732" VPOS="878" WIDTH="89" HEIGHT="21" WC="0.93" CONTENT="allenast"/><SP WIDTH="15" VPOS="878" HPOS="821"/>
							<String ID="string_195" HPOS="836" VPOS="878" WIDTH="56" HEIGHT="22" WC="0.93" CONTENT="detta"/><SP WIDTH="16" VPOS="878" HPOS="892"/>
							<String ID="string_196" HPOS="908" VPOS="878" WIDTH="89" HEIGHT="21" WC="0.90" CONTENT="bestäm-"/>
						</TextLine>
						<TextLine ID="line_23" HPOS="177" VPOS="906" WIDTH="820" HEIGHT="28">
							<String ID="string_197" HPOS="177" VPOS="906" WIDTH="83" HEIGHT="27" WC="0.92" CONTENT="mande,"/><SP WIDTH="23" VPOS="906" HPOS="260"/>
							<String ID="string_198" HPOS="283" VPOS="907" WIDTH="125" HEIGHT="27" WC="0.91" CONTENT="begränsadt"/><SP WIDTH="22" VPOS="907" HPOS="408"/>
							<String ID="string_199" HPOS="430" VPOS="908" WIDTH="89" HEIGHT="20" WC="0.92" CONTENT="sälunda"/><SP WIDTH="22" VPOS="908" HPOS="519"/>
							<String ID="string_200" HPOS="541" VPOS="910" WIDTH="29" HEIGHT="18" WC="0.96" CONTENT="att"/><SP WIDTH="23" VPOS="910" HPOS="570"/>
							<String ID="string_201" HPOS="593" VPOS="908" WIDTH="40" HEIGHT="20" WC="0.93" CONTENT="den"/><SP WIDTH="21" VPOS="908" HPOS="633"/>
							<String ID="string_202" HPOS="654" VPOS="908" WIDTH="89" HEIGHT="20" WC="0.92" CONTENT="resande"/><SP WIDTH="15" VPOS="908" HPOS="743"/>
							<String ID="string_203" HPOS="758" VPOS="907" WIDTH="53" HEIGHT="21" WC="0.96" CONTENT="efter"/><SP WIDTH="16" VPOS="907" HPOS="811"/>
							<String ID="string_204" HPOS="827" VPOS="913" WIDTH="25" HEIGHT="15" WC="0.93" CONTENT="en"/><SP WIDTH="16" VPOS="913" HPOS="852"/>
							<String ID="string_205" HPOS="868" VPOS="907" WIDTH="46" HEIGHT="21" WC="0.93" CONTENT="häst"/><SP WIDTH="15" VPOS="907" HPOS="914"/>
							<String ID="string_206" HPOS="929" VPOS="906" WIDTH="68" HEIGHT="22" WC="0.96" CONTENT="skulle"/>
						</TextLine>
						<TextLine ID="line_24" HPOS="178" VPOS="935" WIDTH="819" HEIGHT="28">
							<String ID="string_207" HPOS="178" VPOS="935" WIDTH="21" HEIGHT="21" WC="0.96" CONTENT="få"/><SP WIDTH="22" VPOS="935" HPOS="199"/>
							<String ID="string_208" HPOS="221" VPOS="935" WIDTH="94" HEIGHT="21" WC="0.96" CONTENT="medföra"/><SP WIDTH="15" VPOS="935" HPOS="315"/>
							<String ID="string_209" HPOS="330" VPOS="936" WIDTH="86" HEIGHT="21" WC="0.96" CONTENT="effekter"/><SP WIDTH="15" VPOS="936" HPOS="416"/>
							<String ID="string_210" HPOS="431" VPOS="942" WIDTH="34" HEIGHT="14" WC="0.93" CONTENT="om"/><SP WIDTH="16" VPOS="942" HPOS="465"/>
							<String ID="string_211" HPOS="481" VPOS="936" WIDTH="60" HEIGHT="27" WC="0.96" CONTENT="högst"/><SP WIDTH="14" VPOS="936" HPOS="541"/>
							<String ID="string_212" HPOS="555" VPOS="936" WIDTH="43" HEIGHT="20" WC="0.93" CONTENT="fem"/><SP WIDTH="14" VPOS="936" HPOS="598"/>
							<String ID="string_213" HPOS="612" VPOS="936" WIDTH="96" HEIGHT="26" WC="0.67" CONTENT="lispunds"/><SP WIDTH="15" VPOS="936" HPOS="708"/>
							<String ID="string_214" HPOS="723" VPOS="936" WIDTH="50" HEIGHT="27" WC="0.95" CONTENT="vigt,"/><SP WIDTH="14" VPOS="936" HPOS="773"/>
							<String ID="string_215" HPOS="787" VPOS="936" WIDTH="56" HEIGHT="27" WC="0.93" CONTENT="finge"/><SP WIDTH="17" VPOS="936" HPOS="843"/>
							<String ID="string_216" HPOS="860" VPOS="936" WIDTH="83" HEIGHT="27" WC="0.92" CONTENT="gvarstä"/><SP WIDTH="15" VPOS="936" HPOS="943"/>
							<String ID="string_217" HPOS="958" VPOS="936" WIDTH="39" HEIGHT="20" WC="0.96" CONTENT="och"/>
						</TextLine>
						<TextLine ID="line_25" HPOS="178" VPOS="964" WIDTH="818" HEIGHT="28">
							<String ID="string_218" HPOS="178" VPOS="964" WIDTH="116" HEIGHT="21" WC="0.91" CONTENT="utsträckas"/><SP WIDTH="15" VPOS="964" HPOS="294"/>
							<String ID="string_219" HPOS="309" VPOS="964" WIDTH="61" HEIGHT="21" WC="0.96" CONTENT="äfven"/><SP WIDTH="17" VPOS="964" HPOS="370"/>
							<String ID="string_220" HPOS="387" VPOS="964" WIDTH="31" HEIGHT="21" WC="0.93" CONTENT="till"/><SP WIDTH="16" VPOS="964" HPOS="418"/>
							<String ID="string_221" HPOS="434" VPOS="964" WIDTH="137" HEIGHT="28" WC="0.92" CONTENT="hållskjutsen"/><SP WIDTH="16" VPOS="964" HPOS="571"/>
							<String ID="string_222" HPOS="587" VPOS="964" WIDTH="89" HEIGHT="21" WC="0.93" CONTENT="emellan"/><SP WIDTH="17" VPOS="964" HPOS="676"/>
							<String ID="string_223" HPOS="693" VPOS="964" WIDTH="172" HEIGHT="27" WC="0.91" CONTENT="gästgifverierna"/><SP WIDTH="13" VPOS="964" HPOS="865"/>
							<String ID="string_224" HPOS="878" VPOS="964" WIDTH="26" HEIGHT="27" WC="0.96" CONTENT="på"/><SP WIDTH="8" VPOS="964" HPOS="904"/>
							<String ID="string_225" HPOS="912" VPOS="964" WIDTH="84" HEIGHT="21" WC="0.96" CONTENT="Brändö"/>
						</TextLine>
						<TextLine ID="line_26" HPOS="178" VPOS="992" WIDTH="820" HEIGHT="28">
							<String ID="string_226" HPOS="178" VPOS="993" WIDTH="39" HEIGHT="21" WC="0.93" CONTENT="och"/><SP WIDTH="15" VPOS="993" HPOS="217"/>
							<String ID="string_227" HPOS="232" VPOS="993" WIDTH="94" HEIGHT="27" WC="0.92" CONTENT="Varsala,"/><SP WIDTH="16" VPOS="993" HPOS="326"/>
							<String ID="string_228" HPOS="342" VPOS="993" WIDTH="79" HEIGHT="21" WC="0.96" CONTENT="hvilket"/><SP WIDTH="14" VPOS="993" HPOS="421"/>
							<String ID="string_229" HPOS="435" VPOS="993" WIDTH="48" HEIGHT="27" WC="0.93" CONTENT="håll,"/><SP WIDTH="18" VPOS="993" HPOS="483"/>
							<String ID="string_230" HPOS="501" VPOS="993" WIDTH="149" HEIGHT="21" WC="0.92" CONTENT="Vattenskiftet"/><SP WIDTH="12" VPOS="993" HPOS="650"/>
							<String ID="string_231" HPOS="662" VPOS="993" WIDTH="85" HEIGHT="24" WC="0.92" CONTENT="kalladt,"/><SP WIDTH="14" VPOS="993" HPOS="747"/>
							<String ID="string_232" HPOS="761" VPOS="995" WIDTH="23" HEIGHT="19" WC="0.93" CONTENT="är"/><SP WIDTH="14" VPOS="995" HPOS="784"/>
							<String ID="string_233" HPOS="798" VPOS="993" WIDTH="61" HEIGHT="27" WC="0.70" CONTENT="17/,"/><SP WIDTH="11" VPOS="993" HPOS="859"/>
							<String ID="string_234" HPOS="870" VPOS="995" WIDTH="56" HEIGHT="19" WC="0.91" CONTENT="verst"/><SP WIDTH="8" VPOS="995" HPOS="926"/>
							<String ID="string_235" HPOS="934" VPOS="992" WIDTH="64" HEIGHT="28" WC="0.95" CONTENT="långt,"/>
						</TextLine>
						<TextLine ID="line_27" HPOS="177" VPOS="1021" WIDTH="819" HEIGHT="29">
							<String ID="string_236" HPOS="177" VPOS="1024" WIDTH="54" HEIGHT="18" WC="0.96" CONTENT="samt"/><SP WIDTH="17" VPOS="1024" HPOS="231"/>
							<String ID="string_237" HPOS="248" VPOS="1021" WIDTH="78" HEIGHT="21" WC="0.96" CONTENT="mellan"/><SP WIDTH="16" VPOS="1021" HPOS="326"/>
							<String ID="string_238" HPOS="342" VPOS="1021" WIDTH="81" HEIGHT="21" WC="0.96" CONTENT="Eckerö"/><SP WIDTH="17" VPOS="1021" HPOS="423"/>
							<String ID="string_239" HPOS="440" VPOS="1023" WIDTH="38" HEIGHT="19" WC="0.96" CONTENT="och"/><SP WIDTH="16" VPOS="1023" HPOS="478"/>
							<String ID="string_240" HPOS="494" VPOS="1022" WIDTH="91" HEIGHT="28" WC="0.96" CONTENT="svenska"/><SP WIDTH="14" VPOS="1022" HPOS="585"/>
							<String ID="string_241" HPOS="599" VPOS="1022" WIDTH="73" HEIGHT="20" WC="0.93" CONTENT="staden"/><SP WIDTH="17" VPOS="1022" HPOS="672"/>
							<String ID="string_242" HPOS="689" VPOS="1022" WIDTH="133" HEIGHT="20" WC="0.91" CONTENT="Grislehamn"/><SP WIDTH="16" VPOS="1022" HPOS="822"/>
							<String ID="string_243" HPOS="838" VPOS="1022" WIDTH="58" HEIGHT="21" WC="0.96" CONTENT="öfver"/><SP WIDTH="16" VPOS="1022" HPOS="896"/>
							<String ID="string_244" HPOS="912" VPOS="1022" WIDTH="35" HEIGHT="20" WC="0.96" CONTENT="det"/><SP WIDTH="15" VPOS="1022" HPOS="947"/>
							<String ID="string_245" HPOS="962" VPOS="1022" WIDTH="34" HEIGHT="20" WC="0.96" CONTENT="vid"/>
						</TextLine>
						<TextLine ID="line_28" HPOS="177" VPOS="1050" WIDTH="820" HEIGHT="27">
							<String ID="string_246" HPOS="177" VPOS="1050" WIDTH="35" HEIGHT="20" WC="0.96" CONTENT="vid"/><SP WIDTH="22" VPOS="1050" HPOS="212"/>
							<String ID="string_247" HPOS="234" VPOS="1056" WIDTH="48" HEIGHT="21" WC="0.96" CONTENT="pass"/><SP WIDTH="24" VPOS="1056" HPOS="282"/>
							<String ID="string_248" HPOS="306" VPOS="1051" WIDTH="26" HEIGHT="20" WC="0.93" CONTENT="50"/><SP WIDTH="21" VPOS="1051" HPOS="332"/>
							<String ID="string_249" HPOS="353" VPOS="1052" WIDTH="56" HEIGHT="19" WC="0.91" CONTENT="verst"/><SP WIDTH="23" VPOS="1052" HPOS="409"/>
							<String ID="string_250" HPOS="432" VPOS="1050" WIDTH="64" HEIGHT="21" WC="0.96" CONTENT="breda"/><SP WIDTH="22" VPOS="1050" HPOS="496"/>
							<String ID="string_251" HPOS="518" VPOS="1050" WIDTH="80" HEIGHT="21" WC="0.93" CONTENT="Ålands"/><SP WIDTH="24" VPOS="1050" HPOS="598"/>
							<String ID="string_252" HPOS="622" VPOS="1050" WIDTH="41" HEIGHT="26" WC="0.90" CONTENT="haf,"/><SP WIDTH="23" VPOS="1050" HPOS="663"/>
							<String ID="string_253" HPOS="686" VPOS="1052" WIDTH="49" HEIGHT="19" WC="0.93" CONTENT="utan"/><SP WIDTH="24" VPOS="1052" HPOS="735"/>
							<String ID="string_254" HPOS="759" VPOS="1050" WIDTH="69" HEIGHT="22" WC="0.92" CONTENT="dertill"/><SP WIDTH="23" VPOS="1050" HPOS="828"/>
							<String ID="string_255" HPOS="851" VPOS="1051" WIDTH="61" HEIGHT="20" WC="0.96" CONTENT="äfven"/><SP WIDTH="21" VPOS="1051" HPOS="912"/>
							<String ID="string_256" HPOS="933" VPOS="1050" WIDTH="64" HEIGHT="21" WC="0.96" CONTENT="borde"/>
						</TextLine>
						<TextLine ID="line_29" HPOS="176" VPOS="1078" WIDTH="821" HEIGHT="28">
							<String ID="string_257" HPOS="176" VPOS="1078" WIDTH="90" HEIGHT="28" WC="0.96" CONTENT="komma,"/><SP WIDTH="25" VPOS="1078" HPOS="266"/>
							<String ID="string_258" HPOS="291" VPOS="1082" WIDTH="29" HEIGHT="18" WC="0.93" CONTENT="att"/><SP WIDTH="15" VPOS="1082" HPOS="320"/>
							<String ID="string_259" HPOS="335" VPOS="1079" WIDTH="62" HEIGHT="21" WC="0.92" CONTENT="äfven"/><SP WIDTH="15" VPOS="1079" HPOS="397"/>
							<String ID="string_260" HPOS="412" VPOS="1080" WIDTH="142" HEIGHT="26" WC="0.93" CONTENT="postförarena"/><SP WIDTH="16" VPOS="1080" HPOS="554"/>
							<String ID="string_261" HPOS="570" VPOS="1080" WIDTH="58" HEIGHT="20" WC="0.93" CONTENT="skola"/><SP WIDTH="15" VPOS="1080" HPOS="628"/>
							<String ID="string_262" HPOS="643" VPOS="1079" WIDTH="21" HEIGHT="21" WC="0.93" CONTENT="fä"/><SP WIDTH="16" VPOS="1079" HPOS="664"/>
							<String ID="string_263" HPOS="680" VPOS="1078" WIDTH="80" HEIGHT="28" WC="0.92" CONTENT="ätnjuta"/><SP WIDTH="15" VPOS="1078" HPOS="760"/>
							<String ID="string_264" HPOS="775" VPOS="1080" WIDTH="109" HEIGHT="20" WC="0.92" CONTENT="enahanda"/><SP WIDTH="15" VPOS="1080" HPOS="884"/>
							<String ID="string_265" HPOS="899" VPOS="1079" WIDTH="98" HEIGHT="27" WC="0.91" CONTENT="lindring,"/>
						</TextLine>
						<TextLine ID="line_30" HPOS="176" VPOS="1107" WIDTH="820" HEIGHT="29">
							<String ID="string_266" HPOS="176" VPOS="1108" WIDTH="88" HEIGHT="20" WC="0.92" CONTENT="emedan"/><SP WIDTH="17" VPOS="1108" HPOS="264"/>
							<String ID="string_267" HPOS="281" VPOS="1108" WIDTH="51" HEIGHT="27" WC="0.90" CONTENT="eljes"/><SP WIDTH="20" VPOS="1108" HPOS="332"/>
							<String ID="string_268" HPOS="352" VPOS="1110" WIDTH="30" HEIGHT="18" WC="0.97" CONTENT="ett"/><SP WIDTH="15" VPOS="1110" HPOS="382"/>
							<String ID="string_269" HPOS="397" VPOS="1110" WIDTH="62" HEIGHT="26" WC="0.93" CONTENT="öppet"/><SP WIDTH="16" VPOS="1110" HPOS="459"/>
							<String ID="string_270" HPOS="475" VPOS="1108" WIDTH="132" HEIGHT="28" WC="0.92" CONTENT="djurplägeri,"/><SP WIDTH="15" VPOS="1108" HPOS="607"/>
							<String ID="string_271" HPOS="622" VPOS="1107" WIDTH="97" HEIGHT="27" WC="0.93" CONTENT="obetaget"/><SP WIDTH="12" VPOS="1107" HPOS="719"/>
							<String ID="string_272" HPOS="731" VPOS="1108" WIDTH="40" HEIGHT="21" WC="0.93" CONTENT="den"/><SP WIDTH="11" VPOS="1108" HPOS="771"/>
							<String ID="string_273" HPOS="782" VPOS="1108" WIDTH="152" HEIGHT="27" WC="0.93" CONTENT="jämförelsevis"/><SP WIDTH="17" VPOS="1108" HPOS="934"/>
							<String ID="string_274" HPOS="951" VPOS="1107" WIDTH="45" HEIGHT="21" WC="0.88" CONTENT="allt-"/>
						</TextLine>
						<TextLine ID="line_31" HPOS="176" VPOS="1136" WIDTH="820" HEIGHT="28">
							<String ID="string_275" HPOS="176" VPOS="1136" WIDTH="33" HEIGHT="21" WC="0.74" CONTENT="för"/><SP WIDTH="22" VPOS="1136" HPOS="209"/>
							<String ID="string_276" HPOS="231" VPOS="1136" WIDTH="138" HEIGHT="28" WC="0.93" CONTENT="otillräckliga"/><SP WIDTH="22" VPOS="1136" HPOS="369"/>
							<String ID="string_277" HPOS="391" VPOS="1137" WIDTH="136" HEIGHT="27" WC="0.92" CONTENT="skjutslegan,"/><SP WIDTH="22" VPOS="1137" HPOS="527"/>
							<String ID="string_278" HPOS="549" VPOS="1136" WIDTH="95" HEIGHT="21" WC="0.96" CONTENT="kommer"/><SP WIDTH="22" VPOS="1136" HPOS="644"/>
							<String ID="string_279" HPOS="666" VPOS="1139" WIDTH="29" HEIGHT="18" WC="0.93" CONTENT="att"/><SP WIDTH="21" VPOS="1139" HPOS="695"/>
							<String ID="string_280" HPOS="716" VPOS="1136" WIDTH="74" HEIGHT="27" WC="0.93" CONTENT="fortgå,"/><SP WIDTH="23" VPOS="1136" HPOS="790"/>
							<String ID="string_281" HPOS="813" VPOS="1136" WIDTH="134" HEIGHT="22" WC="0.92" CONTENT="alldenstund"/><SP WIDTH="23" VPOS="1136" HPOS="947"/>
							<String ID="string_282" HPOS="970" VPOS="1136" WIDTH="26" HEIGHT="21" WC="0.96" CONTENT="de"/>
						</TextLine>
						<TextLine ID="line_32" HPOS="176" VPOS="1165" WIDTH="820" HEIGHT="28">
							<String ID="string_283" HPOS="176" VPOS="1165" WIDTH="101" HEIGHT="27" WC="0.92" CONTENT="oplogade"/><SP WIDTH="23" VPOS="1165" HPOS="277"/>
							<String ID="string_284" HPOS="300" VPOS="1167" WIDTH="91" HEIGHT="26" WC="0.91" CONTENT="vägarne"/><SP WIDTH="22" VPOS="1167" HPOS="391"/>
							<String ID="string_285" HPOS="413" VPOS="1166" WIDTH="60" HEIGHT="20" WC="0.96" CONTENT="öfver"/><SP WIDTH="19" VPOS="1166" HPOS="473"/>
							<String ID="string_286" HPOS="492" VPOS="1165" WIDTH="61" HEIGHT="21" WC="0.93" CONTENT="dessa"/><SP WIDTH="14" VPOS="1165" HPOS="553"/>
							<String ID="string_287" HPOS="567" VPOS="1165" WIDTH="60" HEIGHT="21" WC="0.92" CONTENT="svära"/><SP WIDTH="16" VPOS="1165" HPOS="627"/>
							<String ID="string_288" HPOS="643" VPOS="1166" WIDTH="79" HEIGHT="27" WC="0.92" CONTENT="sjöpass"/><SP WIDTH="16" VPOS="1166" HPOS="722"/>
							<String ID="string_289" HPOS="738" VPOS="1172" WIDTH="33" HEIGHT="14" WC="0.93" CONTENT="om"/><SP WIDTH="17" VPOS="1172" HPOS="771"/>
							<String ID="string_290" HPOS="788" VPOS="1166" WIDTH="80" HEIGHT="21" WC="0.92" CONTENT="vintern"/><SP WIDTH="17" VPOS="1166" HPOS="868"/>
							<String ID="string_291" HPOS="885" VPOS="1165" WIDTH="43" HEIGHT="21" WC="0.93" CONTENT="ofta"/><SP WIDTH="15" VPOS="1165" HPOS="928"/>
							<String ID="string_292" HPOS="943" VPOS="1166" WIDTH="53" HEIGHT="20" WC="0.93" CONTENT="sätta"/>
						</TextLine>
						<TextLine ID="line_33" HPOS="177" VPOS="1193" WIDTH="819" HEIGHT="28">
							<String ID="string_293" HPOS="177" VPOS="1193" WIDTH="53" HEIGHT="21" WC="0.96" CONTENT="både"/><SP WIDTH="23" VPOS="1193" HPOS="230"/>
							<String ID="string_294" HPOS="253" VPOS="1194" WIDTH="46" HEIGHT="20" WC="0.96" CONTENT="häst"/><SP WIDTH="18" VPOS="1194" HPOS="299"/>
							<String ID="string_295" HPOS="317" VPOS="1194" WIDTH="39" HEIGHT="21" WC="0.93" CONTENT="och"/><SP WIDTH="16" VPOS="1194" HPOS="356"/>
							<String ID="string_296" HPOS="372" VPOS="1194" WIDTH="55" HEIGHT="20" WC="0.92" CONTENT="karls"/><SP WIDTH="17" VPOS="1194" HPOS="427"/>
							<String ID="string_297" HPOS="444" VPOS="1194" WIDTH="77" HEIGHT="21" WC="0.96" CONTENT="krafter"/><SP WIDTH="14" VPOS="1194" HPOS="521"/>
							<String ID="string_298" HPOS="535" VPOS="1194" WIDTH="27" HEIGHT="27" WC="0.97" CONTENT="pä"/><SP WIDTH="15" VPOS="1194" HPOS="562"/>
							<String ID="string_299" HPOS="577" VPOS="1194" WIDTH="35" HEIGHT="21" WC="0.93" CONTENT="det"/><SP WIDTH="15" VPOS="1194" HPOS="612"/>
							<String ID="string_300" HPOS="627" VPOS="1194" WIDTH="91" HEIGHT="21" WC="0.96" CONTENT="svåraste"/><SP WIDTH="15" VPOS="1194" HPOS="718"/>
							<String ID="string_301" HPOS="733" VPOS="1193" WIDTH="57" HEIGHT="28" WC="0.96" CONTENT="prof;"/><SP WIDTH="16" VPOS="1193" HPOS="790"/>
							<String ID="string_302" HPOS="806" VPOS="1195" WIDTH="23" HEIGHT="20" WC="0.93" CONTENT="sä"/><SP WIDTH="14" VPOS="1195" HPOS="829"/>
							<String ID="string_303" HPOS="843" VPOS="1194" WIDTH="32" HEIGHT="20" WC="0.96" CONTENT="får"/><SP WIDTH="14" VPOS="1194" HPOS="875"/>
							<String ID="string_304" HPOS="889" VPOS="1194" WIDTH="57" HEIGHT="20" WC="0.96" CONTENT="inför"/><SP WIDTH="15" VPOS="1194" HPOS="946"/>
							<String ID="string_305" HPOS="961" VPOS="1193" WIDTH="35" HEIGHT="21" WC="0.96" CONTENT="det"/>
						</TextLine>
						<TextLine ID="line_34" HPOS="175" VPOS="1221" WIDTH="821" HEIGHT="28">
							<String ID="string_306" HPOS="175" VPOS="1221" WIDTH="130" HEIGHT="22" WC="0.88" CONTENT="hedervärda"/><SP WIDTH="23" VPOS="1221" HPOS="305"/>
							<String ID="string_307" HPOS="328" VPOS="1221" WIDTH="157" HEIGHT="22" WC="0.88" CONTENT="Bondeständet"/><SP WIDTH="22" VPOS="1221" HPOS="485"/>
							<String ID="string_308" HPOS="507" VPOS="1223" WIDTH="35" HEIGHT="26" WC="0.93" CONTENT="jag"/><SP WIDTH="21" VPOS="1223" HPOS="542"/>
							<String ID="string_309" HPOS="563" VPOS="1222" WIDTH="83" HEIGHT="25" WC="0.90" CONTENT="föreslä,"/><SP WIDTH="16" VPOS="1222" HPOS="646"/>
							<String ID="string_310" HPOS="662" VPOS="1225" WIDTH="30" HEIGHT="18" WC="0.93" CONTENT="att"/><SP WIDTH="22" VPOS="1225" HPOS="692"/>
							<String ID="string_311" HPOS="714" VPOS="1222" WIDTH="83" HEIGHT="21" WC="0.92" CONTENT="ständet"/><SP WIDTH="15" VPOS="1222" HPOS="797"/>
							<String ID="string_312" HPOS="812" VPOS="1222" WIDTH="49" HEIGHT="21" WC="0.93" CONTENT="ville"/><SP WIDTH="15" VPOS="1222" HPOS="861"/>
							<String ID="string_313" HPOS="876" VPOS="1223" WIDTH="72" HEIGHT="20" WC="0.92" CONTENT="förena"/><SP WIDTH="16" VPOS="1223" HPOS="948"/>
							<String ID="string_314" HPOS="964" VPOS="1222" WIDTH="32" HEIGHT="27" WC="0.96" CONTENT="sig"/>
						</TextLine>
						<TextLine ID="line_35" HPOS="176" VPOS="1250" WIDTH="818" HEIGHT="28">
							<String ID="string_315" HPOS="176" VPOS="1256" WIDTH="34" HEIGHT="14" WC="0.95" CONTENT="om"/><SP WIDTH="23" VPOS="1256" HPOS="210"/>
							<String ID="string_316" HPOS="233" VPOS="1257" WIDTH="26" HEIGHT="14" WC="0.93" CONTENT="en"/><SP WIDTH="25" VPOS="1257" HPOS="259"/>
							<String ID="string_317" HPOS="284" VPOS="1250" WIDTH="132" HEIGHT="27" WC="0.86" CONTENT="underdänig"/><SP WIDTH="15" VPOS="1250" HPOS="416"/>
							<String ID="string_318" HPOS="431" VPOS="1251" WIDTH="87" HEIGHT="26" WC="0.96" CONTENT="petition"/><SP WIDTH="16" VPOS="1251" HPOS="518"/>
							<String ID="string_319" HPOS="534" VPOS="1251" WIDTH="32" HEIGHT="20" WC="0.95" CONTENT="till"/><SP WIDTH="15" VPOS="1251" HPOS="566"/>
							<String ID="string_320" HPOS="581" VPOS="1250" WIDTH="59" HEIGHT="21" WC="0.93" CONTENT="Hans"/><SP WIDTH="15" VPOS="1250" HPOS="640"/>
							<String ID="string_321" HPOS="655" VPOS="1250" WIDTH="118" HEIGHT="28" WC="0.96" CONTENT="Kejserliga"/><SP WIDTH="15" VPOS="1250" HPOS="773"/>
							<String ID="string_322" HPOS="788" VPOS="1251" WIDTH="97" HEIGHT="27" WC="0.96" CONTENT="Majestät"/><SP WIDTH="14" VPOS="1251" HPOS="885"/>
							<String ID="string_323" HPOS="899" VPOS="1251" WIDTH="21" HEIGHT="20" WC="0.93" CONTENT="af"/><SP WIDTH="15" VPOS="1251" HPOS="920"/>
							<String ID="string_324" HPOS="935" VPOS="1251" WIDTH="59" HEIGHT="20" WC="0.93" CONTENT="inne-"/>
						</TextLine>
						<TextLine ID="line_36" HPOS="176" VPOS="1277" WIDTH="819" HEIGHT="28">
							<String ID="string_325" HPOS="176" VPOS="1277" WIDTH="49" HEIGHT="28" WC="0.96" CONTENT="håll,"/><SP WIDTH="13" VPOS="1277" HPOS="225"/>
							<String ID="string_326" HPOS="238" VPOS="1281" WIDTH="29" HEIGHT="18" WC="0.96" CONTENT="att"/><SP WIDTH="11" VPOS="1281" HPOS="267"/>
							<String ID="string_327" HPOS="278" VPOS="1279" WIDTH="41" HEIGHT="20" WC="0.93" CONTENT="den"/><SP WIDTH="16" VPOS="1279" HPOS="319"/>
							<String ID="string_328" HPOS="335" VPOS="1279" WIDTH="30" HEIGHT="21" WC="0.93" CONTENT="uti"/><SP WIDTH="16" VPOS="1279" HPOS="365"/>
							<String ID="string_329" HPOS="381" VPOS="1279" WIDTH="75" HEIGHT="21" WC="0.92" CONTENT="härhos"/><SP WIDTH="15" VPOS="1279" HPOS="456"/>
							<String ID="string_330" HPOS="471" VPOS="1279" WIDTH="7" HEIGHT="20" WC="0.93" CONTENT="i"/><SP WIDTH="15" VPOS="1279" HPOS="478"/>
							<String ID="string_331" HPOS="493" VPOS="1279" WIDTH="82" HEIGHT="21" WC="0.93" CONTENT="afskrift"/><SP WIDTH="16" VPOS="1279" HPOS="575"/>
							<String ID="string_332" HPOS="591" VPOS="1279" WIDTH="82" HEIGHT="26" WC="0.91" CONTENT="bilagda"/><SP WIDTH="16" VPOS="1279" HPOS="673"/>
							<String ID="string_333" HPOS="689" VPOS="1279" WIDTH="110" HEIGHT="21" WC="0.66" CONTENT="memorial"/><SP WIDTH="12" VPOS="1279" HPOS="799"/>
							<String ID="string_334" HPOS="811" VPOS="1279" WIDTH="100" HEIGHT="21" WC="0.93" CONTENT="åländska"/><SP WIDTH="11" VPOS="1279" HPOS="911"/>
							<String ID="string_335" HPOS="922" VPOS="1279" WIDTH="73" HEIGHT="21" WC="0.92" CONTENT="allmo-"/>
						</TextLine>
						<TextLine ID="line_37" HPOS="175" VPOS="1307" WIDTH="819" HEIGHT="27">
							<String ID="string_336" HPOS="175" VPOS="1313" WIDTH="41" HEIGHT="20" WC="0.96" CONTENT="gen"/><SP WIDTH="24" VPOS="1313" HPOS="216"/>
							<String ID="string_337" HPOS="240" VPOS="1307" WIDTH="33" HEIGHT="20" WC="0.93" CONTENT="vid"/><SP WIDTH="24" VPOS="1307" HPOS="273"/>
							<String ID="string_338" HPOS="297" VPOS="1307" WIDTH="120" HEIGHT="26" WC="0.91" CONTENT="skjutsning"/><SP WIDTH="22" VPOS="1307" HPOS="417"/>
							<String ID="string_339" HPOS="439" VPOS="1307" WIDTH="60" HEIGHT="20" WC="0.93" CONTENT="öfver"/><SP WIDTH="21" VPOS="1307" HPOS="499"/>
							<String ID="string_340" HPOS="520" VPOS="1313" WIDTH="74" HEIGHT="21" WC="0.92" CONTENT="passen"/><SP WIDTH="24" VPOS="1313" HPOS="594"/>
							<String ID="string_341" HPOS="618" VPOS="1307" WIDTH="102" HEIGHT="26" WC="0.92" CONTENT="Lappvesi"/><SP WIDTH="23" VPOS="1307" HPOS="720"/>
							<String ID="string_342" HPOS="743" VPOS="1308" WIDTH="40" HEIGHT="20" WC="0.92" CONTENT="och"/><SP WIDTH="10" VPOS="1308" HPOS="783"/>
							<String ID="string_343" HPOS="793" VPOS="1307" WIDTH="62" HEIGHT="21" WC="0.90" CONTENT="Delet"/><SP WIDTH="15" VPOS="1307" HPOS="855"/>
							<String ID="string_344" HPOS="870" VPOS="1307" WIDTH="124" HEIGHT="21" WC="0.92" CONTENT="tillerkända"/>
						</TextLine>
						<TextLine ID="line_38" HPOS="175" VPOS="1334" WIDTH="820" HEIGHT="27">
							<String ID="string_345" HPOS="175" VPOS="1334" WIDTH="79" HEIGHT="21" WC="0.93" CONTENT="lättnad"/><SP WIDTH="26" VPOS="1334" HPOS="254"/>
							<String ID="string_346" HPOS="280" VPOS="1335" WIDTH="6" HEIGHT="20" WC="0.91" CONTENT="i"/><SP WIDTH="23" VPOS="1335" HPOS="286"/>
							<String ID="string_347" HPOS="309" VPOS="1335" WIDTH="217" HEIGHT="26" WC="0.91" CONTENT="skjutsningstungan,"/><SP WIDTH="23" VPOS="1335" HPOS="526"/>
							<String ID="string_348" HPOS="549" VPOS="1335" WIDTH="94" HEIGHT="21" WC="0.92" CONTENT="bestämd"/><SP WIDTH="23" VPOS="1335" HPOS="643"/>
							<String ID="string_349" HPOS="666" VPOS="1335" WIDTH="94" HEIGHT="26" WC="0.91" CONTENT="sälunda,"/><SP WIDTH="16" VPOS="1335" HPOS="760"/>
							<String ID="string_350" HPOS="776" VPOS="1337" WIDTH="30" HEIGHT="18" WC="0.96" CONTENT="att"/><SP WIDTH="21" VPOS="1337" HPOS="806"/>
							<String ID="string_351" HPOS="827" VPOS="1335" WIDTH="53" HEIGHT="21" WC="0.96" CONTENT="efter"/><SP WIDTH="20" VPOS="1335" HPOS="880"/>
							<String ID="string_352" HPOS="900" VPOS="1342" WIDTH="26" HEIGHT="14" WC="0.91" CONTENT="en"/><SP WIDTH="23" VPOS="1342" HPOS="926"/>
							<String ID="string_353" HPOS="949" VPOS="1335" WIDTH="46" HEIGHT="21" WC="0.91" CONTENT="häst"/>
						</TextLine>
						<TextLine ID="line_39" HPOS="174" VPOS="1361" WIDTH="820" HEIGHT="30">
							<String ID="string_354" HPOS="174" VPOS="1361" WIDTH="57" HEIGHT="29" WC="0.96" CONTENT="finge"/><SP WIDTH="23" VPOS="1361" HPOS="231"/>
							<String ID="string_355" HPOS="254" VPOS="1363" WIDTH="39" HEIGHT="20" WC="0.96" CONTENT="åka"/><SP WIDTH="22" VPOS="1363" HPOS="293"/>
							<String ID="string_356" HPOS="315" VPOS="1365" WIDTH="57" HEIGHT="19" WC="0.96" CONTENT="utom"/><SP WIDTH="25" VPOS="1365" HPOS="372"/>
							<String ID="string_357" HPOS="397" VPOS="1363" WIDTH="40" HEIGHT="21" WC="0.92" CONTENT="den"/><SP WIDTH="23" VPOS="1363" HPOS="437"/>
							<String ID="string_358" HPOS="460" VPOS="1363" WIDTH="123" HEIGHT="27" WC="0.92" CONTENT="skjutsande"/><SP WIDTH="22" VPOS="1363" HPOS="583"/>
							<String ID="string_359" HPOS="605" VPOS="1363" WIDTH="74" HEIGHT="21" WC="0.95" CONTENT="endast"/><SP WIDTH="22" VPOS="1363" HPOS="679"/>
							<String ID="string_360" HPOS="701" VPOS="1369" WIDTH="27" HEIGHT="16" WC="0.96" CONTENT="en"/><SP WIDTH="24" VPOS="1369" HPOS="728"/>
							<String ID="string_361" HPOS="752" VPOS="1370" WIDTH="76" HEIGHT="21" WC="0.95" CONTENT="person"/><SP WIDTH="22" VPOS="1370" HPOS="828"/>
							<String ID="string_362" HPOS="850" VPOS="1364" WIDTH="48" HEIGHT="21" WC="0.92" CONTENT="med"/><SP WIDTH="16" VPOS="1364" HPOS="898"/>
							<String ID="string_363" HPOS="914" VPOS="1363" WIDTH="80" HEIGHT="28" WC="0.95" CONTENT="bagage"/>
						</TextLine>
						<TextLine ID="line_40" HPOS="175" VPOS="1391" WIDTH="819" HEIGHT="28">
							<String ID="string_364" HPOS="175" VPOS="1397" WIDTH="34" HEIGHT="14" WC="0.92" CONTENT="om"/><SP WIDTH="22" VPOS="1397" HPOS="209"/>
							<String ID="string_365" HPOS="231" VPOS="1392" WIDTH="62" HEIGHT="27" WC="0.96" CONTENT="högst"/><SP WIDTH="21" VPOS="1392" HPOS="293"/>
							<String ID="string_366" HPOS="314" VPOS="1392" WIDTH="42" HEIGHT="21" WC="0.93" CONTENT="fem"/><SP WIDTH="20" VPOS="1392" HPOS="356"/>
							<String ID="string_367" HPOS="376" VPOS="1391" WIDTH="96" HEIGHT="28" WC="0.91" CONTENT="lispunds"/><SP WIDTH="16" VPOS="1391" HPOS="472"/>
							<String ID="string_368" HPOS="488" VPOS="1393" WIDTH="48" HEIGHT="26" WC="0.96" CONTENT="vigt,"/><SP WIDTH="15" VPOS="1393" HPOS="536"/>
							<String ID="string_369" HPOS="551" VPOS="1391" WIDTH="64" HEIGHT="22" WC="0.93" CONTENT="måtte"/><SP WIDTH="15" VPOS="1391" HPOS="615"/>
							<String ID="string_370" HPOS="630" VPOS="1392" WIDTH="116" HEIGHT="21" WC="0.65" CONTENT="utsträckas"/><SP WIDTH="15" VPOS="1392" HPOS="746"/>
							<String ID="string_371" HPOS="761" VPOS="1393" WIDTH="62" HEIGHT="20" WC="0.96" CONTENT="äfven"/><SP WIDTH="16" VPOS="1393" HPOS="823"/>
							<String ID="string_372" HPOS="839" VPOS="1392" WIDTH="30" HEIGHT="22" WC="0.96" CONTENT="till"/><SP WIDTH="16" VPOS="1392" HPOS="869"/>
							<String ID="string_373" HPOS="885" VPOS="1393" WIDTH="49" HEIGHT="21" WC="0.96" CONTENT="dem"/><SP WIDTH="14" VPOS="1393" HPOS="934"/>
							<String ID="string_374" HPOS="948" VPOS="1399" WIDTH="46" HEIGHT="15" WC="0.96" CONTENT="som"/>
						</TextLine>
						<TextLine ID="line_41" HPOS="175" VPOS="1414" WIDTH="818" HEIGHT="35">
							<String ID="string_375" HPOS="175" VPOS="1420" WIDTH="80" HEIGHT="28" WC="0.91" CONTENT="skjutsa"/><SP WIDTH="15" VPOS="1420" HPOS="255"/>
							<String ID="string_376" HPOS="270" VPOS="1421" WIDTH="59" HEIGHT="20" WC="0.93" CONTENT="öfver"/><SP WIDTH="15" VPOS="1421" HPOS="329"/>
							<String ID="string_377" HPOS="344" VPOS="1421" WIDTH="150" HEIGHT="21" WC="0.88" CONTENT="Vattenskiftet"/><SP WIDTH="16" VPOS="1421" HPOS="494"/>
							<String ID="string_378" HPOS="510" VPOS="1421" WIDTH="38" HEIGHT="21" WC="0.93" CONTENT="och"/><SP WIDTH="11" VPOS="1421" HPOS="548"/>
							<String ID="string_379" HPOS="559" VPOS="1414" WIDTH="117" HEIGHT="28" WC="0.91" CONTENT="Älandshaf"/><SP WIDTH="10" VPOS="1414" HPOS="676"/>
							<String ID="string_380" HPOS="686" VPOS="1423" WIDTH="55" HEIGHT="19" WC="0.96" CONTENT="samt"/><SP WIDTH="10" VPOS="1423" HPOS="741"/>
							<String ID="string_381" HPOS="751" VPOS="1421" WIDTH="32" HEIGHT="22" WC="0.92" CONTENT="till"/><SP WIDTH="10" VPOS="1421" HPOS="783"/>
							<String ID="string_382" HPOS="793" VPOS="1421" WIDTH="200" HEIGHT="28" WC="0.88" CONTENT="postskjutsbönder."/>
						</TextLine>
					</TextBlock>
					<TextBlock ID="block_5" HPOS="243" VPOS="1449" WIDTH="410" HEIGHT="28">
						<TextLine ID="line_42" HPOS="243" VPOS="1449" WIDTH="410" HEIGHT="28">
							<String ID="string_383" HPOS="243" VPOS="1449" WIDTH="134" HEIGHT="28" WC="0.92" CONTENT="Helsingfors"/><SP WIDTH="15" VPOS="1449" HPOS="377"/>
							<String ID="string_384" HPOS="392" VPOS="1449" WIDTH="40" HEIGHT="22" WC="0.96" CONTENT="den"/><SP WIDTH="17" VPOS="1449" HPOS="432"/>
							<String ID="string_385" HPOS="449" VPOS="1449" WIDTH="12" HEIGHT="21" WC="0.96" CONTENT="9"/><SP WIDTH="15" VPOS="1449" HPOS="461"/>
							<String ID="string_386" HPOS="476" VPOS="1449" WIDTH="101" HEIGHT="22" WC="0.96" CONTENT="Februari"/><SP WIDTH="16" VPOS="1449" HPOS="577"/>
							<String ID="string_387" HPOS="593" VPOS="1450" WIDTH="60" HEIGHT="21" WC="0.95" CONTENT="1877."/>
						</TextLine>
					</TextBlock>
				</ComposedBlock>
				<ComposedBlock ID="cblock_4" HPOS="701" VPOS="1507" WIDTH="223" HEIGHT="30">
					<TextBlock ID="block_6" HPOS="701" VPOS="1507" WIDTH="223" HEIGHT="30">
						<TextLine ID="line_43" HPOS="701" VPOS="1507" WIDTH="223" HEIGHT="30">
							<String ID="string_388" HPOS="701" VPOS="1507" WIDTH="100" HEIGHT="22" WC="0.96" CONTENT="Leander"/><SP WIDTH="18" VPOS="1507" HPOS="801"/>
							<String ID="string_389" HPOS="819" VPOS="1508" WIDTH="105" HEIGHT="29" WC="0.96" CONTENT="Olofsson."/>
						</TextLine>
					</TextBlock>
				</ComposedBlock>
			</PrintSpace>
		</Page>
	</Layout>
</alto>
