1078 1792
170 124 40 20 732
349 127 212 21 Talonpoikaissääty
572 128 55 17 1877.
651 127 27 17 22
690 132 20 15 p.
723 126 94 17 Toukok.

168 196 73 27 Enligt
255 196 55 20 hvad
325 196 36 27 jag
376 196 40 20 kan
433 196 69 24 förstä,
519 196 94 20 kommer
628 195 41 20 den
684 195 82 20 säledes
781 194 33 21 för
829 194 35 21 det
878 196 67 19 mesta
960 196 31 18 att

169 225 26 27 gä
217 226 7 19 i
246 225 100 20 närheten
370 224 20 20 af
413 224 127 26 Maanselkä,
563 224 37 20 der
620 223 133 27 naturligtvis
772 222 124 27 jordmänen
913 224 23 19 är
948 222 40 21 den

169 255 77 19 sämsta
261 253 7 20 i
283 252 77 21 landet.
391 252 66 21 Sannt
472 254 22 19 är
509 254 29 19 att
554 252 68 21 banan
639 251 37 21 der
691 252 36 25 går
742 252 84 26 igenom
842 251 83 27 skogar,
940 257 49 15 men

169 283 36 26 jag
228 282 39 20 kan
291 282 19 26 ej
334 282 112 26 godkänna
467 282 99 26 jernvägs
581 280 130 27 anläggande
727 280 5 20 i
750 280 83 26 trakter,
849 280 37 21 der
902 280 40 20 den
958 280 34 20 för

170 312 90 26 skogens
282 310 55 21 skull
360 316 61 15 anses
445 310 96 27 behöflig,
564 314 29 23 tv,
618 316 45 14 som
685 309 62 27 sagdt
764 311 27 23 är,
807 309 103 27 skogarne
925 308 65 21 blifva

169 340 56 20 inom
248 340 66 27 nägra
336 339 23 21 är
382 339 96 21 använda
494 340 38 20 och
548 338 100 23 uttömda,
663 338 23 20 sä
701 340 30 19 att
746 338 100 20 Finlands
862 337 72 21 klimat
951 337 40 21 blir

170 368 78 22 kallare
269 371 25 18 än
319 368 35 21 det
374 368 57 21 förut
452 368 58 25 varit,
532 368 69 20 såsom
623 367 59 21 fallet
700 373 81 21 uppges
796 367 62 21 hafva
874 367 53 21 varit
941 366 7 21 i
964 366 26 21 de

169 398 85 26 trakter,
276 398 38 20 der
336 404 48 13 man
406 397 68 26 härjat
494 397 109 26 skogarne.
632 396 50 21 Icke
697 396 68 20 skulle
781 396 35 26 jag
831 402 49 14 anse
896 395 95 27 skogsaf-

170 426 130 27 verkningen
324 432 49 14 vara
395 425 88 27 skadlig,
498 426 45 20 ifall
566 426 26 20 de
616 425 66 20 medel
699 425 79 26 skogen
794 425 108 27 inbringar
918 424 72 27 bespa-

170 455 62 21 rades
254 455 38 20 och
316 454 119 27 gvarhöllos
457 454 6 20 i
486 454 77 20 landet.
593 453 48 21 Men
665 453 62 21 oftast
751 453 64 21 blifva
833 453 26 21 de
873 453 119 27 lättsinnigt

172 484 134 25 bortslösade,
330 482 23 22 sä
376 485 35 23 att,
431 484 38 19 när
484 483 102 27 skogarna
602 484 36 19 äro
654 482 47 27 slut,
717 484 35 18 äro
768 482 144 27 penningarne
928 482 62 20 äfven

171 512 110 28 ätgängna.
311 512 10 20 I
341 512 65 20 andra
424 512 78 24 länder,
518 514 12 18 t.
547 518 32 14 ex.
595 511 8 20 i
618 511 85 27 Sverige
720 511 37 20 har
771 517 56 19 man,
842 510 22 21 sä
880 510 44 21 vidt
939 511 52 27 möj-

170 541 39 27 ligt
232 541 58 25 varit,
312 540 80 21 försökt
409 540 68 32 bygga
494 540 109 27 jernvägar
618 539 33 21 vid
669 540 105 26 kusterna,
790 540 38 20 och
844 539 146 21 erfarenheten

171 571 37 19 har
224 570 57 26 visat,
297 571 29 19 att
342 571 69 25 vägar,
427 569 103 27 anlaggda
546 569 34 20 vid
596 568 75 21 kusten
688 568 49 20 bära
753 568 32 27 sig
796 568 51 25 bäst,
855 568 135 20 alldenstund

171 598 79 21 antalet
272 598 21 20 af
314 597 89 21 resande
426 598 37 20 der
485 600 23 18 är
526 599 71 23 större,
618 597 28 20 all
661 597 72 26 odling
748 596 7 20 i
771 598 30 19 ett
816 596 66 21 bättre
897 596 94 20 tillständ

172 628 54 19 samt
248 626 105 21 trakterna
375 628 39 18 tätt
436 626 101 20 bebodda.
566 626 46 20 Kan
630 632 25 14 en
671 626 87 26 jernväg
773 625 68 21 under
857 625 77 20 sädana
950 624 41 21 för-

171 655 113 21 hällanden
300 655 18 26 ej
336 655 49 20 bära
400 654 38 27 sig,
455 654 95 21 betviflar
564 655 35 27 jag
614 654 99 27 storligen
730 656 29 18 att
775 654 40 20 den
830 653 103 27 nägonsin
950 653 40 21 kan

172 684 40 21 det.
242 684 11 20 I
275 684 39 20 och
336 684 33 20 för
384 683 60 21 dessa
460 683 123 27 byggnader
599 683 94 20 kommer
707 682 67 21 folket
789 684 30 19 att
834 682 68 21 betala
919 682 72 21 bevill-

172 712 56 28 ning,
244 718 47 14 men
308 712 35 20 det
358 712 79 20 betalar
452 718 78 20 ogerna
545 712 55 20 skatt
615 712 32 20 för
662 714 29 18 ett
706 711 103 26 ändamål,
820 718 44 13 som
880 711 19 27 ej
910 710 81 21 beford-

172 748 33 14 rar
227 741 83 20 landets
331 747 157 20 gemensamma
511 740 63 21 bästa.
604 739 41 21 Det
667 740 74 20 endast
760 740 95 20 ruinerar
869 739 78 26 landet,
962 742 31 18 att

171 770 48 20 leda
242 770 114 26 jernvägen
380 775 75 20 genom
478 769 70 27 däliga
566 769 83 20 trakter.
678 768 41 26 Jag
734 768 88 20 föreslär
837 770 30 18 att
882 768 68 20 under
965 768 26 21 de

173 798 174 20 nästkommande
369 797 41 21 fem
436 797 48 21 ären
508 798 68 20 skulle
598 797 69 21 ansläs
690 796 75 21 endast
781 796 89 25 160,000
885 796 59 20 mark
960 796 32 21 för

173 826 187 22 ästadkommande
383 826 20 20 af
425 826 51 20 flera
499 826 156 20 instrumentalt
677 825 127 21 undersökta
827 825 66 28 linjer.
922 825 70 21 Alltså

173 856 123 26 godkänner
309 856 36 26 jag
360 855 46 21 icke
422 855 111 21 utskottets
549 854 138 21 betänkande.

241 911 112 21 Edusmies
369 911 137 26 Kylmälä:
522 911 94 21 Minäkin
634 911 70 26 soisin,
721 913 42 19 että
775 911 132 21 rautateitten
918 911 74 21 raken-

173 940 92 21 taminen
288 940 121 27 jätettäisiin
433 940 54 21 vielä
505 940 94 21 tuleville
615 940 155 27 valtiopäiville.
799 939 51 22 Sillä
865 940 71 21 välillä
951 942 41 19 tut-

173 969 101 20 kittaisiin
290 969 70 20 kaikki
376 969 155 27 rautatielinjat.
553 969 52 20 Mitä
620 969 57 20 esim.
688 969 56 20 tulee
755 969 67 20 siihen
833 969 85 27 linjaan,
928 969 64 26 jonka

174 997 121 21 valiokunta
312 1004 25 14 on
354 998 100 26 esittänyt
469 997 123 21 kulkevaksi
607 997 117 21 Taavetista
740 997 115 25 Mikkeliin,
871 998 43 20 niin
926 1004 23 15 se
960 1000 32 19 tu-

173 1027 32 20 lee
221 1026 128 21 kulkemaan
364 1027 61 20 aivan
440 1026 78 21 lähellä
525 1026 97 21 Saimaan
632 1027 94 26 vesistöä,
734 1027 54 26 jossa
798 1026 45 27 joka
855 1027 45 20 suvi
910 1027 82 20 liikkuu

173 1055 49 20 noin
240 1055 26 20 50
282 1055 142 26 höyrylaivaa.
447 1055 67 20 Voiko
530 1055 89 21 rautatie
632 1055 93 27 kilpailla
736 1055 76 20 näiden
824 1055 89 21 kanssa?
935 1055 57 21 Minä

173 1084 87 20 luulisin
283 1083 146 28 paremmaksi,
446 1085 42 19 että
503 1090 21 15 se
541 1084 68 21 lähtisi
625 1083 143 28 Uudenkylän
784 1084 173 27 pysäyspaikasta
971 1084 21 27 ja

173 1112 76 21 kulkisi
273 1112 97 21 Saimaan
393 1112 21 27 ja
430 1111 123 28 Päijänteen
567 1119 61 14 maan
645 1112 159 21 keskikohdalta
819 1112 105 21 Heinolan
940 1113 52 26 pitä-

173 1141 47 26 jään
242 1141 103 20 Hartolan
363 1141 21 26 ja
424 1141 124 27 Mäntyharjun
565 1141 78 27 rajalta.
673 1141 67 21 Ilman
757 1141 40 21 sitä
812 1141 46 21 olisi
873 1141 54 21 siinä
943 1141 50 21 kah-

173 1169 41 21 den
230 1170 78 26 puolen
324 1170 103 26 vesistöjä,
442 1169 61 27 joista
519 1170 78 26 tietysti
613 1169 116 21 rautatielie
745 1170 57 20 tulisi
819 1171 107 26 suurempi
936 1170 56 21 liike.

173 1197 101 22 Maantiet
290 1198 105 20 niinikään
414 1199 110 20 menisivät
538 1199 72 26 poikki
625 1198 110 21 rautatietä
754 1190 108 39 Sysmästä,
877 1190 115 39 Hartolasta

173 1227 21 26 ja
217 1226 139 27 Luhangosta.
387 1226 139 21 Ehdoittaisin
550 1227 42 24 siis,
608 1229 41 18 että
667 1233 22 14 se
705 1227 75 20 menisi
795 1227 122 26 Hartolaan,
932 1227 60 21 Jout-

173 1261 57 18 saan,
254 1255 140 20 Leivomäelle
417 1255 20 26 ja
454 1256 48 20 siitä
519 1257 61 20 sitten
597 1255 112 27 Kuopioon
725 1255 51 22 sekä
792 1256 84 21 vihdoin
892 1255 99 22 Iisalmen

174 1284 72 20 kautta
261 1284 31 26 yli
307 1283 121 28 Oulunjoen
444 1283 71 22 Oulun
531 1285 136 26 kaupunkiin.

241 1341 113 20 Edusmies
376 1341 144 20 Walkola:
544 1341 41 20 Sen
608 1341 90 19 mukaan
721 1340 43 21 kun
784 1341 62 20 täällä
860 1340 132 27 Helsingissä

173 1368 57 21 oloni
246 1369 62 27 ajalla
322 1369 21 26 jo
358 1370 39 24 nyt
413 1368 46 21 olen
477 1368 83 21 kuullut
574 1369 21 26 ja
608 1369 64 20 tullut
682 1370 122 19 tuntemaan
816 1375 104 14 maamme
931 1369 62 20 edus-

173 1397 50 26 tajia
245 1396 183 27 talollissäädyssä,
450 1397 45 20 niin
510 1399 79 19 tuntuu
605 1397 75 21 olevan
695 1397 158 27 Pohjanmaalla
869 1397 70 21 heikot
954 1398 38 20 toi-

174 1428 47 19 veet
243 1426 102 21 rautatien
368 1425 143 27 jatkamisesta
533 1425 143 28 Tampereelta
699 1425 99 28 Ouluun;
821 1427 47 20 sillä
882 1428 76 19 saanut
973 1427 19 20 ei

173 1456 63 25 näytä
259 1455 91 20 tietävän
373 1457 152 18 saamattoman
548 1457 94 19 tarvetta.
673 1455 41 21 Sen
730 1455 58 27 kyllä
803 1462 75 15 arvaan
896 1456 96 21 melkeen

174 1483 116 28 edeltäpäin
307 1485 55 20 tässä
377 1483 176 28 rautatiejutussa,
568 1486 42 19 että
625 1485 32 26 jos
667 1484 103 27 kysymys
781 1484 56 21 tulee
848 1484 144 28 Pohjanmaan

173 1513 127 25 rautatiestä,
320 1513 45 20 niin
381 1513 69 20 silloin
466 1513 18 20 ei
501 1512 33 21 ole
550 1514 70 26 varoja
635 1514 47 20 eikä
697 1519 22 15 se
735 1513 114 21 ensinkään
864 1513 94 22 kannata
972 1514 20 27 ja
