1089 1803
260 133 212 21 Talonpoikaissääty
483 134 54 18 1877.
561 133 26 18 27
598 138 20 15 p.
631 133 89 17 Huhtik.
861 128 41 21 595

80 202 119 21 institution
222 202 32 21 för
268 202 77 26 landet,
361 204 30 19 att
405 202 48 21 dess
468 202 87 21 beständ
571 202 66 21 mäste
653 202 55 20 afses
723 202 6 20 i
745 202 86 21 främsta
846 209 57 13 rum-

82 233 49 24 met,
147 231 23 20 sä
185 237 62 14 anser
261 231 41 26 jag,
317 233 31 18 att
362 231 36 20 det
412 231 47 20 icke
474 231 64 20 borde
554 231 85 20 komma
653 231 7 19 i
675 231 65 26 fräga,
750 232 30 19 att
788 231 116 20 förminska

81 259 95 21 bankens
192 259 130 20 närvarande
337 259 120 21 öfverskott.
487 259 41 26 Jag
543 259 90 27 päyrkar
649 258 74 26 derför,
739 260 30 19 att
786 258 117 21 behällnin-

81 293 40 20 gen
145 287 31 21 till
191 289 67 18 större
273 287 61 21 delen
350 287 109 20 förblifver
473 287 8 20 i
496 287 89 20 banken.
615 286 61 21 Hvad
692 287 73 26 frägan
781 293 34 14 om
832 289 30 18 att
876 293 26 14 en

82 315 34 21 hel
141 315 78 27 mängd
244 322 42 19 nya
311 315 104 21 ordinarie
436 315 86 26 utgifter
537 315 26 27 pä
578 315 69 20 denna
663 315 86 26 lantdag
763 315 96 20 kommer
874 317 30 18 att

83 343 84 27 äläggas
191 343 73 21 landet
289 343 137 27 vidkommer,
451 344 24 20 sä
490 343 49 21 böra
555 343 66 21 andra
637 343 66 20 källor
718 343 62 20 sökas
795 343 33 20 för
842 343 61 20 dessa

83 372 92 26 utgifter,
197 378 46 14 som
265 373 36 19 äro
323 374 141 24 permanenta.
494 371 100 21 Deremot
615 371 69 20 finnas
700 371 91 27 utgifter,
806 378 46 14 som
867 373 36 19 äro

83 400 104 26 tillfälliga
209 402 14 18 t.
248 406 32 14 ex.
297 400 65 20 bank-
377 400 40 20 och
433 400 157 20 ständerhusets
606 399 117 27 byggande.
752 399 42 21 För
809 399 95 21 bankhu-

83 430 42 19 sets
141 428 83 27 bygnad
240 428 69 21 finnas
323 428 70 21 medel
411 428 30 20 till
457 430 66 18 större
539 428 60 21 delen
616 428 87 27 anvista,
718 428 70 20 hvilka
799 428 47 20 icke
856 428 48 26 ingä

83 457 43 25 här,
148 463 48 14 men
217 456 34 21 för
270 456 157 22 ständerhusets
448 456 111 27 byggande
574 456 69 21 finnes
658 456 46 21 icke
719 462 26 15 en
762 456 64 28 penni
841 458 62 19 ännu.

83 484 50 22 Men
148 485 66 27 enligt
229 485 35 21 det
279 485 74 27 beslut,
369 484 83 21 hvartill
467 485 226 21 ständerhusutskottet
706 491 28 14 nu
753 485 93 25 kommit,
865 484 39 21 fin-

84 520 37 14 nes
145 519 26 15 en
192 514 109 26 möjlighet
316 515 30 19 att
360 513 78 27 förslag
454 514 125 20 framställes
594 520 34 14 om
644 516 30 18 att
689 513 147 21 ständerhuset
851 513 54 21 skall

84 542 80 27 byggas
179 542 47 21 med
243 542 60 21 dessa
319 542 74 21 medel.
418 542 41 27 Jag
480 542 87 21 föreslär
582 542 75 23 derför,
673 544 30 19 att
717 542 24 20 sä
755 544 52 18 stort
823 542 82 27 belopp,

83 577 45 15 som
144 571 68 21 härtill
229 571 106 26 behöfves,
351 570 22 21 af
387 570 61 21 dessa
461 571 69 21 medel
540 570 68 22 skulle
619 570 70 22 ställas
699 570 32 21 till
741 570 164 21 statsutskottets

84 600 129 26 disposition.
238 599 61 21 Hvad
316 599 35 21 det
367 599 104 24 beträffar,
486 601 29 19 att
531 599 94 21 bankens
640 598 185 22 öfverskottmedel
836 598 69 22 skulle

84 628 108 20 användas
215 628 32 20 till
269 628 155 26 värnepligtens
446 627 171 27 genomförande,
639 628 23 20 sä
677 628 66 20 mäste
757 628 36 26 jag
808 629 97 19 motsätta

84 656 44 28 mig
146 656 35 21 det
196 656 21 21 af
233 656 40 20 den
289 656 67 26 orsak,
371 659 30 18 att
416 656 70 21 denna
501 656 62 27 utgift
578 658 23 18 är
616 659 123 24 permanent
754 656 38 21 och
808 656 38 20 bör
858 656 47 20 icke

84 687 59 25 tagas
158 684 46 21 frän
220 685 70 21 denna
305 684 51 21 fond
372 687 49 18 utan
437 684 66 21 mäste
519 684 69 22 dertill
601 684 66 21 andra
678 686 87 25 utvägar
775 684 74 21 finnas.
864 684 42 27 Jag

83 713 85 21 förenar
183 714 42 26 mig
241 713 69 20 derför
325 713 47 20 med
388 716 164 23 reservanterna,
567 719 48 14 men
634 713 80 20 lemnar
738 713 64 20 likväl
813 713 40 20 den
865 712 41 21 frä-

84 748 41 20 gan
148 743 73 26 öppen,
244 748 33 14 om
300 741 153 22 statsutskottet
474 741 69 21 finner
564 741 35 21 det
614 741 94 27 lämpligt
723 744 30 18 att
767 741 97 21 använda
880 747 25 14 en

84 771 66 20 större
165 770 52 21 eller
231 770 82 21 mindre
329 776 82 15 summa
425 769 32 22 till
472 770 157 21 ständerkusets
644 770 117 27 byggande.

153 827 113 21 Edusmies
283 827 103 21 Jäntti
401 827 93 27 yhdistyi
509 827 106 21 edusmies
631 827 96 21 Strählen
742 827 127 21 lausuntoon
885 827 20 27 ja

85 856 97 27 herrojen
205 856 156 26 Hackmannin,
384 855 119 26 Gadolinin,
518 855 119 22 Lindelöfin
652 856 21 27 ja
688 856 97 21 Achanin
803 855 103 22 vastalau-

87 891 80 15 seesen.

154 942 112 21 Edusmies
280 941 181 22 Liukkonen
482 942 93 27 yhdistyi
591 941 105 22 edusmies
712 941 96 21 Strählen
824 941 82 26 kanssa,

85 971 101 24 arvellen,
207 973 42 18 että
271 977 26 14 on
315 971 98 26 parempi,
428 971 32 26 jos
476 971 77 26 pankki
569 977 26 14 on
611 970 146 21 semmoisessa
773 970 77 25 tilassa,
864 971 42 19 että

85 999 48 20 siitä
147 999 69 21 riittää
232 999 70 26 varoja
318 998 76 22 vaikka
408 999 146 27 joutaviinkin,
569 999 86 20 kunhan
671 1005 22 14 se
702 1005 53 14 vaan
766 1004 69 21 pysyy
844 998 62 20 vaka-

86 1027 54 21 valla
155 1027 104 21 kannalla.

154 1084 113 21 Edusmies
313 1090 127 15 Meurman:
471 1084 58 20 Minä
543 1083 86 28 pyydän
645 1083 59 21 ensin
721 1083 63 21 saada
799 1083 108 26 ilmoittaa,

86 1114 42 20 että
143 1119 22 15 se
181 1113 110 27 lähetystö,
305 1113 56 27 jossa
376 1113 56 20 minä
448 1113 42 21 olin
507 1112 132 25 esimiehenä,
655 1118 27 14 on
697 1112 81 26 käynyt
785 1112 123 20 tehtävänsä

86 1141 159 21 toimittamassa
259 1142 202 26 Porvarissäädyssä,
472 1141 64 27 jonka
545 1141 110 27 puhemies
665 1140 53 21 kiitti
728 1140 117 26 lähetystöä
856 1146 52 21 pyy-

86 1171 49 19 täen
150 1170 140 21 vast'edeskin
306 1170 63 21 saada
385 1170 41 20 olla
440 1169 225 28 Talonpoikaissäädyn
677 1170 98 20 suosioon
786 1168 121 28 suljettuna.

154 1198 61 21 Tästä
235 1198 59 21 esillä
309 1198 92 22 olevasta
417 1198 75 21 asiasta
507 1198 102 21 lausuisin
625 1198 57 20 minä
696 1200 123 18 muutaman
836 1203 71 14 sanan.

155 1227 38 21 Jos
208 1227 75 21 kerran
300 1229 147 24 möynnetään,
455 1229 42 18 että
504 1226 81 21 kenties
593 1233 27 13 on
629 1226 139 26 mahdollista,
777 1227 42 19 että
830 1226 78 26 pankki

87 1255 57 21 näitä
165 1256 72 26 rahoja
260 1256 104 25 tarvitsee,
380 1256 43 19 niin
439 1257 73 25 täytyy
529 1256 104 25 myöntää,
648 1256 42 18 että
705 1254 115 26 kalliimpia
836 1254 72 26 rahoja

87 1284 20 20 ei
132 1284 33 20 voi
191 1284 84 26 käyttää
297 1283 121 21 mihinkään
434 1284 112 26 nykyisten
562 1283 110 26 tarpeitten
688 1282 152 26 täyttämiseen,
856 1282 51 20 kuin

88 1313 70 19 nämät
173 1312 77 27 pankin
267 1312 64 24 rahat,
346 1312 33 26 jos
394 1318 36 14 sen
445 1312 72 20 kautta
528 1311 180 21 vähemmässäkin
717 1312 105 19 määrässä
830 1310 78 26 pankki

87 1340 136 21 saatettaisiin
239 1340 116 26 horjuvalle
369 1340 104 20 kannalle.
495 1339 52 21 Sitte
563 1341 58 19 vasta
635 1339 117 26 nähtäisiin,
768 1338 80 21 kuinka
859 1338 49 26 joka

88 1368 53 21 mies
155 1369 88 26 joutuisi
257 1368 82 26 hätään,
353 1368 38 27 jos,
405 1368 98 20 niinkuin
519 1368 74 26 nytkin
609 1367 57 21 asian
682 1367 49 21 laita
747 1373 33 20 on,
795 1367 19 21 ei
830 1366 77 27 pankin

88 1396 102 22 seteleillä
213 1397 32 20 ole
269 1397 78 20 mitään
371 1396 152 28 pakkokurssia
544 1396 21 27 ja
584 1396 127 20 kuitenkaan
727 1395 19 21 ei
763 1395 51 21 voisi
830 1394 78 28 pankki

88 1426 97 19 lunastaa
199 1425 117 25 seteliänsä,
332 1431 52 14 vaan
400 1425 117 20 menettäisi
533 1424 71 20 kaikki
619 1424 81 19 entisen
714 1423 194 20 rahanmuutoksen

89 1453 72 20 kautta
184 1453 89 20 voitetut
295 1453 51 20 edut
363 1453 21 26 ja
398 1452 87 27 joutuisi
501 1451 117 28 horjuvalle
633 1451 104 27 kannalle,
751 1451 50 27 joka
816 1450 93 21 saattaisi

88 1483 128 20 äärettömän
240 1481 110 26 vahingon.
380 1480 59 21 Minä
460 1480 85 27 pyydän
567 1480 142 23 huomauttaa,
727 1481 41 19 että
790 1479 39 21 itse
854 1480 56 19 tämä

90 1509 159 22 valiokuntakin
269 1516 26 14 on
311 1510 82 27 pitänyt
410 1515 37 15 sen
468 1509 65 26 hyvin
549 1508 159 25 mahdollisena,
723 1510 48 24 että,
786 1508 57 21 asian
860 1507 49 20 haa-
