<?xml version="1.0" encoding="UTF-8"?>
<alto xmlns="http://www.loc.gov/standards/alto/ns-v3#" xmlns:xlink="http://www.w3.org/1999/xlink" xmlns:xsi="http://www.w3.org/2001/XMLSchema-instance" xsi:schemaLocation="http://www.loc.gov/standards/alto/ns-v3# http://www.loc.gov/alto/v3/alto-3-0.xsd">
	<Description>
		<MeasurementUnit>pixel</MeasurementUnit>
		<sourceImageInformation>
			<fileName>/tmp/tess_7h3om3lc_input.PNG</fileName>
		</sourceImageInformation>
		<OCRProcessing ID="OCR_0">
			<ocrProcessingStep>
				<processingSoftware>
					<softwareName>tesseract 5.3.4</softwareName>
				</processingSoftware>
			</ocrProcessingStep>
		</OCRProcessing>
	</Description>
	<Layout>
		<Page WIDTH="1106" HEIGHT="1773" PHYSICAL_IMG_NR="0" ID="page_0">
			<PrintSpace HPOS="0" VPOS="0" WIDTH="1106" HEIGHT="1773">
				<ComposedBlock ID="cblock_0" HPOS="95" VPOS="128" WIDTH="820" HEIGHT="26">
					<TextBlock ID="block_0" HPOS="95" VPOS="128" WIDTH="820" HEIGHT="26">
						<TextLine ID="line_0" HPOS="95" VPOS="128" WIDTH="820" HEIGHT="26">
							<String ID="string_0" HPOS="95" VPOS="132" WIDTH="27" HEIGHT="17" WC="0.92" CONTENT="29"/><SP WIDTH="13" VPOS="132" HPOS="122"/>
							<String ID="string_1" HPOS="135" VPOS="137" WIDTH="19" HEIGHT="15" WC="0.89" CONTENT="p."/><SP WIDTH="10" VPOS="137" HPOS="154"/>
							<String ID="string_2" HPOS="164" VPOS="133" WIDTH="81" HEIGHT="20" WC="0.88" CONTENT="jouluk."/><SP WIDTH="47" VPOS="133" HPOS="245"/>
							<String ID="string_3" HPOS="292" VPOS="133" WIDTH="103" HEIGHT="17" WC="0.91" CONTENT="Laillisen"/><SP WIDTH="8" VPOS="133" HPOS="395"/>
							<String ID="string_4" HPOS="403" VPOS="133" WIDTH="144" HEIGHT="21" WC="0.92" CONTENT="järjestyksen"/><SP WIDTH="11" VPOS="133" HPOS="547"/>
							<String ID="string_5" HPOS="558" VPOS="133" WIDTH="173" HEIGHT="21" WC="0.90" CONTENT="palauttaminen."/><SP WIDTH="142" VPOS="133" HPOS="731"/>
							<String ID="string_6" HPOS="873" VPOS="128" WIDTH="42" HEIGHT="21" WC="0.96" CONTENT="359"/>
						</TextLine>
					</TextBlock>
				</ComposedBlock>
				<GraphicalElement ID="cblock_1" HPOS="253" VPOS="159" WIDTH="660" HEIGHT="6"></GraphicalElement >
				<GraphicalElement ID="cblock_2" HPOS="97" VPOS="159" WIDTH="816" HEIGHT="7"></GraphicalElement >
				<ComposedBlock ID="cblock_3" HPOS="94" VPOS="201" WIDTH="821" HEIGHT="170">
					<TextBlock ID="block_1" HPOS="94" VPOS="201" WIDTH="821" HEIGHT="170">
						<TextLine ID="line_1" HPOS="164" VPOS="201" WIDTH="750" HEIGHT="28">
							<String ID="string_7" HPOS="164" VPOS="201" WIDTH="45" HEIGHT="21" WC="0.93" CONTENT="Hra"/><SP WIDTH="16" VPOS="201" HPOS="209"/>
							<String ID="string_8" HPOS="225" VPOS="201" WIDTH="187" HEIGHT="22" WC="0.93" CONTENT="Carlström:"/><SP WIDTH="15" VPOS="201" HPOS="412"/>
							<String ID="string_9" HPOS="427" VPOS="202" WIDTH="42" HEIGHT="27" WC="0.93" CONTENT="Jag"/><SP WIDTH="14" VPOS="202" HPOS="469"/>
							<String ID="string_10" HPOS="483" VPOS="202" WIDTH="38" HEIGHT="21" WC="0.96" CONTENT="har"/><SP WIDTH="15" VPOS="202" HPOS="521"/>
							<String ID="string_11" HPOS="536" VPOS="202" WIDTH="88" HEIGHT="21" WC="0.96" CONTENT="anhållit"/><SP WIDTH="14" VPOS="202" HPOS="624"/>
							<String ID="string_12" HPOS="638" VPOS="208" WIDTH="35" HEIGHT="15" WC="0.96" CONTENT="om"/><SP WIDTH="16" VPOS="208" HPOS="673"/>
							<String ID="string_13" HPOS="689" VPOS="202" WIDTH="61" HEIGHT="21" WC="0.96" CONTENT="ordet"/><SP WIDTH="8" VPOS="202" HPOS="750"/>
							<String ID="string_14" HPOS="758" VPOS="201" WIDTH="34" HEIGHT="22" WC="0.96" CONTENT="för"/><SP WIDTH="10" VPOS="201" HPOS="792"/>
							<String ID="string_15" HPOS="802" VPOS="203" WIDTH="37" HEIGHT="23" WC="0.96" CONTENT="att,"/><SP WIDTH="11" VPOS="203" HPOS="839"/>
							<String ID="string_16" HPOS="850" VPOS="202" WIDTH="64" HEIGHT="21" WC="0.96" CONTENT="innan"/>
						</TextLine>
						<TextLine ID="line_2" HPOS="96" VPOS="229" WIDTH="818" HEIGHT="28">
							<String ID="string_17" HPOS="96" VPOS="229" WIDTH="83" HEIGHT="22" WC="0.96" CONTENT="ståndet"/><SP WIDTH="24" VPOS="229" HPOS="179"/>
							<String ID="string_18" HPOS="203" VPOS="229" WIDTH="82" HEIGHT="22" WC="0.96" CONTENT="skrider"/><SP WIDTH="22" VPOS="229" HPOS="285"/>
							<String ID="string_19" HPOS="307" VPOS="230" WIDTH="30" HEIGHT="21" WC="0.95" CONTENT="till"/><SP WIDTH="22" VPOS="230" HPOS="337"/>
							<String ID="string_20" HPOS="359" VPOS="232" WIDTH="31" HEIGHT="19" WC="0.95" CONTENT="ett"/><SP WIDTH="21" VPOS="232" HPOS="390"/>
							<String ID="string_21" HPOS="411" VPOS="230" WIDTH="82" HEIGHT="27" WC="0.93" CONTENT="slutligt"/><SP WIDTH="21" VPOS="230" HPOS="493"/>
							<String ID="string_22" HPOS="514" VPOS="231" WIDTH="120" HEIGHT="26" WC="0.90" CONTENT="afgörande,"/><SP WIDTH="21" VPOS="231" HPOS="634"/>
							<String ID="string_23" HPOS="655" VPOS="230" WIDTH="22" HEIGHT="21" WC="0.93" CONTENT="få"/><SP WIDTH="21" VPOS="230" HPOS="677"/>
							<String ID="string_24" HPOS="698" VPOS="231" WIDTH="92" HEIGHT="21" WC="0.90" CONTENT="uttaladt"/><SP WIDTH="22" VPOS="231" HPOS="790"/>
							<String ID="string_25" HPOS="812" VPOS="233" WIDTH="30" HEIGHT="18" WC="0.93" CONTENT="ett"/><SP WIDTH="22" VPOS="233" HPOS="842"/>
							<String ID="string_26" HPOS="864" VPOS="231" WIDTH="50" HEIGHT="26" WC="0.89" CONTENT="god-"/>
						</TextLine>
						<TextLine ID="line_3" HPOS="95" VPOS="258" WIDTH="820" HEIGHT="27">
							<String ID="string_27" HPOS="95" VPOS="258" WIDTH="112" HEIGHT="21" WC="0.92" CONTENT="kännande"/><SP WIDTH="23" VPOS="258" HPOS="207"/>
							<String ID="string_28" HPOS="230" VPOS="258" WIDTH="23" HEIGHT="21" WC="0.93" CONTENT="af"/><SP WIDTH="18" VPOS="258" HPOS="253"/>
							<String ID="string_29" HPOS="271" VPOS="258" WIDTH="237" HEIGHT="22" WC="0.91" CONTENT="utskottsbetänkandet"/><SP WIDTH="23" VPOS="258" HPOS="508"/>
							<String ID="string_30" HPOS="531" VPOS="261" WIDTH="55" HEIGHT="19" WC="0.96" CONTENT="samt"/><SP WIDTH="22" VPOS="261" HPOS="586"/>
							<String ID="string_31" HPOS="608" VPOS="261" WIDTH="32" HEIGHT="19" WC="0.96" CONTENT="att"/><SP WIDTH="18" VPOS="261" HPOS="640"/>
							<String ID="string_32" HPOS="658" VPOS="259" WIDTH="39" HEIGHT="26" WC="0.96" CONTENT="jag"/><SP WIDTH="18" VPOS="259" HPOS="697"/>
							<String ID="string_33" HPOS="715" VPOS="259" WIDTH="95" HEIGHT="21" WC="0.96" CONTENT="ansluter"/><SP WIDTH="16" VPOS="259" HPOS="810"/>
							<String ID="string_34" HPOS="826" VPOS="260" WIDTH="43" HEIGHT="25" WC="0.95" CONTENT="mig"/><SP WIDTH="14" VPOS="260" HPOS="869"/>
							<String ID="string_35" HPOS="883" VPOS="259" WIDTH="32" HEIGHT="21" WC="0.96" CONTENT="till"/>
						</TextLine>
						<TextLine ID="line_4" HPOS="96" VPOS="285" WIDTH="819" HEIGHT="28">
							<String ID="string_36" HPOS="96" VPOS="286" WIDTH="36" HEIGHT="21" WC="0.96" CONTENT="det"/><SP WIDTH="22" VPOS="286" HPOS="132"/>
							<String ID="string_37" HPOS="154" VPOS="285" WIDTH="81" HEIGHT="28" WC="0.95" CONTENT="förslag"/><SP WIDTH="21" VPOS="285" HPOS="235"/>
							<String ID="string_38" HPOS="256" VPOS="293" WIDTH="34" HEIGHT="14" WC="0.96" CONTENT="om"/><SP WIDTH="23" VPOS="293" HPOS="290"/>
							<String ID="string_39" HPOS="313" VPOS="287" WIDTH="139" HEIGHT="26" WC="0.96" CONTENT="ajournering"/><SP WIDTH="21" VPOS="287" HPOS="452"/>
							<String ID="string_40" HPOS="473" VPOS="287" WIDTH="22" HEIGHT="21" WC="0.93" CONTENT="af"/><SP WIDTH="19" VPOS="287" HPOS="495"/>
							<String ID="string_41" HPOS="514" VPOS="288" WIDTH="95" HEIGHT="21" WC="0.93" CONTENT="ståndets"/><SP WIDTH="25" VPOS="288" HPOS="609"/>
							<String ID="string_42" HPOS="634" VPOS="287" WIDTH="165" HEIGHT="26" WC="0.96" CONTENT="förhandlingar,"/><SP WIDTH="23" VPOS="287" HPOS="799"/>
							<String ID="string_43" HPOS="822" VPOS="293" WIDTH="45" HEIGHT="16" WC="0.96" CONTENT="som"/><SP WIDTH="22" VPOS="293" HPOS="867"/>
							<String ID="string_44" HPOS="889" VPOS="287" WIDTH="26" HEIGHT="21" WC="0.96" CONTENT="hr"/>
						</TextLine>
						<TextLine ID="line_5" HPOS="94" VPOS="314" WIDTH="821" HEIGHT="29">
							<String ID="string_45" HPOS="94" VPOS="315" WIDTH="93" HEIGHT="21" WC="0.96" CONTENT="Jansson"/><SP WIDTH="16" VPOS="315" HPOS="187"/>
							<String ID="string_46" HPOS="203" VPOS="314" WIDTH="119" HEIGHT="27" WC="0.95" CONTENT="framställt,"/><SP WIDTH="16" VPOS="314" HPOS="322"/>
							<String ID="string_47" HPOS="338" VPOS="315" WIDTH="27" HEIGHT="21" WC="0.96" CONTENT="då"/><SP WIDTH="18" VPOS="315" HPOS="365"/>
							<String ID="string_48" HPOS="383" VPOS="315" WIDTH="37" HEIGHT="27" WC="0.96" CONTENT="jag"/><SP WIDTH="19" VPOS="315" HPOS="420"/>
							<String ID="string_49" HPOS="439" VPOS="321" WIDTH="69" HEIGHT="20" WC="0.95" CONTENT="anser,"/><SP WIDTH="20" VPOS="321" HPOS="508"/>
							<String ID="string_50" HPOS="528" VPOS="318" WIDTH="32" HEIGHT="19" WC="0.95" CONTENT="att"/><SP WIDTH="17" VPOS="318" HPOS="560"/>
							<String ID="string_51" HPOS="577" VPOS="317" WIDTH="31" HEIGHT="20" WC="0.96" CONTENT="ett"/><SP WIDTH="11" VPOS="317" HPOS="608"/>
							<String ID="string_52" HPOS="619" VPOS="315" WIDTH="69" HEIGHT="22" WC="0.96" CONTENT="beslut"/><SP WIDTH="11" VPOS="315" HPOS="688"/>
							<String ID="string_53" HPOS="699" VPOS="315" WIDTH="79" HEIGHT="22" WC="0.93" CONTENT="därhän"/><SP WIDTH="12" VPOS="315" HPOS="778"/>
							<String ID="string_54" HPOS="790" VPOS="315" WIDTH="125" HEIGHT="28" WC="0.92" CONTENT="följdriktigt"/>
						</TextLine>
						<TextLine ID="line_6" HPOS="96" VPOS="343" WIDTH="553" HEIGHT="28">
							<String ID="string_55" HPOS="96" VPOS="343" WIDTH="38" HEIGHT="21" WC="0.96" CONTENT="bör"/><SP WIDTH="15" VPOS="343" HPOS="134"/>
							<String ID="string_56" HPOS="149" VPOS="343" WIDTH="87" HEIGHT="27" WC="0.95" CONTENT="framgå,"/><SP WIDTH="16" VPOS="343" HPOS="236"/>
							<String ID="string_57" HPOS="252" VPOS="350" WIDTH="34" HEIGHT="15" WC="0.93" CONTENT="om"/><SP WIDTH="16" VPOS="350" HPOS="286"/>
							<String ID="string_58" HPOS="302" VPOS="343" WIDTH="238" HEIGHT="22" WC="0.92" CONTENT="utskottsbetänkandet"/><SP WIDTH="15" VPOS="343" HPOS="540"/>
							<String ID="string_59" HPOS="555" VPOS="347" WIDTH="94" HEIGHT="24" WC="0.95" CONTENT="antages."/>
						</TextLine>
					</TextBlock>
				</ComposedBlock>
				<ComposedBlock ID="cblock_4" HPOS="90" VPOS="401" WIDTH="826" HEIGHT="1116">
					<TextBlock ID="block_2" HPOS="90" VPOS="401" WIDTH="826" HEIGHT="1116">
						<TextLine ID="line_7" HPOS="165" VPOS="401" WIDTH="750" HEIGHT="28">
							<String ID="string_60" HPOS="165" VPOS="401" WIDTH="45" HEIGHT="21" WC="0.90" CONTENT="Hra"/><SP WIDTH="23" VPOS="401" HPOS="210"/>
							<String ID="string_61" HPOS="233" VPOS="407" WIDTH="55" HEIGHT="15" WC="0.91" CONTENT="von"/><SP WIDTH="24" VPOS="407" HPOS="288"/>
							<String ID="string_62" HPOS="312" VPOS="401" WIDTH="117" HEIGHT="21" WC="0.91" CONTENT="Pfaler:"/><SP WIDTH="21" VPOS="401" HPOS="429"/>
							<String ID="string_63" HPOS="450" VPOS="401" WIDTH="34" HEIGHT="22" WC="0.96" CONTENT="Då"/><SP WIDTH="14" VPOS="401" HPOS="484"/>
							<String ID="string_64" HPOS="498" VPOS="401" WIDTH="51" HEIGHT="22" WC="0.92" CONTENT="flere"/><SP WIDTH="17" VPOS="401" HPOS="549"/>
							<String ID="string_65" HPOS="566" VPOS="401" WIDTH="103" HEIGHT="22" WC="0.96" CONTENT="individer"/><SP WIDTH="15" VPOS="401" HPOS="669"/>
							<String ID="string_66" HPOS="684" VPOS="401" WIDTH="60" HEIGHT="22" WC="0.96" CONTENT="skola"/><SP WIDTH="16" VPOS="401" HPOS="744"/>
							<String ID="string_67" HPOS="760" VPOS="401" WIDTH="56" HEIGHT="28" WC="0.95" CONTENT="gifva"/><SP WIDTH="15" VPOS="401" HPOS="816"/>
							<String ID="string_68" HPOS="831" VPOS="401" WIDTH="84" HEIGHT="27" WC="0.96" CONTENT="uttryck"/>
						</TextLine>
						<TextLine ID="line_8" HPOS="94" VPOS="429" WIDTH="821" HEIGHT="28">
							<String ID="string_69" HPOS="94" VPOS="429" WIDTH="22" HEIGHT="22" WC="0.96" CONTENT="åt"/><SP WIDTH="15" VPOS="429" HPOS="116"/>
							<String ID="string_70" HPOS="131" VPOS="429" WIDTH="86" HEIGHT="22" WC="0.96" CONTENT="känslor"/><SP WIDTH="14" VPOS="429" HPOS="217"/>
							<String ID="string_71" HPOS="231" VPOS="429" WIDTH="23" HEIGHT="22" WC="0.96" CONTENT="af"/><SP WIDTH="13" VPOS="429" HPOS="254"/>
							<String ID="string_72" HPOS="267" VPOS="431" WIDTH="80" HEIGHT="20" WC="0.96" CONTENT="smärta"/><SP WIDTH="16" VPOS="431" HPOS="347"/>
							<String ID="string_73" HPOS="363" VPOS="429" WIDTH="38" HEIGHT="22" WC="0.96" CONTENT="och"/><SP WIDTH="15" VPOS="429" HPOS="401"/>
							<String ID="string_74" HPOS="416" VPOS="429" WIDTH="90" HEIGHT="27" WC="0.96" CONTENT="lidande,"/><SP WIDTH="16" VPOS="429" HPOS="506"/>
							<String ID="string_75" HPOS="522" VPOS="430" WIDTH="23" HEIGHT="21" WC="0.96" CONTENT="så"/><SP WIDTH="14" VPOS="430" HPOS="545"/>
							<String ID="string_76" HPOS="559" VPOS="429" WIDTH="66" HEIGHT="22" WC="0.96" CONTENT="blifva"/><SP WIDTH="15" VPOS="429" HPOS="625"/>
							<String ID="string_77" HPOS="640" VPOS="430" WIDTH="62" HEIGHT="21" WC="0.96" CONTENT="dessa"/><SP WIDTH="10" VPOS="430" HPOS="702"/>
							<String ID="string_78" HPOS="712" VPOS="430" WIDTH="85" HEIGHT="27" WC="0.96" CONTENT="uttryck"/><SP WIDTH="10" VPOS="430" HPOS="797"/>
							<String ID="string_79" HPOS="807" VPOS="430" WIDTH="61" HEIGHT="26" WC="0.93" CONTENT="olika,"/><SP WIDTH="11" VPOS="430" HPOS="868"/>
							<String ID="string_80" HPOS="879" VPOS="430" WIDTH="36" HEIGHT="21" WC="0.93" CONTENT="be-"/>
						</TextLine>
						<TextLine ID="line_9" HPOS="94" VPOS="458" WIDTH="820" HEIGHT="27">
							<String ID="string_81" HPOS="94" VPOS="458" WIDTH="79" HEIGHT="21" WC="0.96" CONTENT="roende"/><SP WIDTH="16" VPOS="458" HPOS="173"/>
							<String ID="string_82" HPOS="189" VPOS="459" WIDTH="27" HEIGHT="26" WC="0.93" CONTENT="på"/><SP WIDTH="15" VPOS="459" HPOS="216"/>
							<String ID="string_83" HPOS="231" VPOS="458" WIDTH="90" HEIGHT="22" WC="0.92" CONTENT="enhvars"/><SP WIDTH="15" VPOS="458" HPOS="321"/>
							<String ID="string_84" HPOS="336" VPOS="458" WIDTH="64" HEIGHT="27" WC="0.96" CONTENT="lynne"/><SP WIDTH="15" VPOS="458" HPOS="400"/>
							<String ID="string_85" HPOS="415" VPOS="458" WIDTH="39" HEIGHT="22" WC="0.96" CONTENT="och"/><SP WIDTH="15" VPOS="458" HPOS="454"/>
							<String ID="string_86" HPOS="469" VPOS="461" WIDTH="158" HEIGHT="24" WC="0.95" CONTENT="temperament."/><SP WIDTH="23" VPOS="461" HPOS="627"/>
							<String ID="string_87" HPOS="650" VPOS="458" WIDTH="28" HEIGHT="22" WC="0.96" CONTENT="Så"/><SP WIDTH="14" VPOS="458" HPOS="678"/>
							<String ID="string_88" HPOS="692" VPOS="459" WIDTH="84" HEIGHT="26" WC="0.96" CONTENT="mycket"/><SP WIDTH="14" VPOS="459" HPOS="776"/>
							<String ID="string_89" HPOS="790" VPOS="465" WIDTH="58" HEIGHT="15" WC="0.96" CONTENT="mera"/><SP WIDTH="11" VPOS="465" HPOS="848"/>
							<String ID="string_90" HPOS="859" VPOS="458" WIDTH="55" HEIGHT="22" WC="0.96" CONTENT="olika"/>
						</TextLine>
						<TextLine ID="line_10" HPOS="95" VPOS="487" WIDTH="819" HEIGHT="27">
							<String ID="string_91" HPOS="95" VPOS="487" WIDTH="67" HEIGHT="21" WC="0.96" CONTENT="måste"/><SP WIDTH="16" VPOS="487" HPOS="162"/>
							<String ID="string_92" HPOS="178" VPOS="487" WIDTH="110" HEIGHT="27" WC="0.96" CONTENT="uttrycken"/><SP WIDTH="16" VPOS="487" HPOS="288"/>
							<String ID="string_93" HPOS="304" VPOS="487" WIDTH="69" HEIGHT="27" WC="0.95" CONTENT="blifva,"/><SP WIDTH="16" VPOS="487" HPOS="373"/>
							<String ID="string_94" HPOS="389" VPOS="487" WIDTH="27" HEIGHT="22" WC="0.96" CONTENT="då"/><SP WIDTH="15" VPOS="487" HPOS="416"/>
							<String ID="string_95" HPOS="431" VPOS="487" WIDTH="36" HEIGHT="22" WC="0.96" CONTENT="det"/><SP WIDTH="14" VPOS="487" HPOS="467"/>
							<String ID="string_96" HPOS="481" VPOS="487" WIDTH="66" HEIGHT="27" WC="0.96" CONTENT="gäller"/><SP WIDTH="15" VPOS="487" HPOS="547"/>
							<String ID="string_97" HPOS="562" VPOS="490" WIDTH="31" HEIGHT="19" WC="0.96" CONTENT="att"/><SP WIDTH="15" VPOS="490" HPOS="593"/>
							<String ID="string_98" HPOS="608" VPOS="487" WIDTH="56" HEIGHT="27" WC="0.96" CONTENT="gifva"/><SP WIDTH="15" VPOS="487" HPOS="664"/>
							<String ID="string_99" HPOS="679" VPOS="487" WIDTH="55" HEIGHT="22" WC="0.96" CONTENT="form"/><SP WIDTH="15" VPOS="487" HPOS="734"/>
							<String ID="string_100" HPOS="749" VPOS="487" WIDTH="22" HEIGHT="22" WC="0.96" CONTENT="åt"/><SP WIDTH="15" VPOS="487" HPOS="771"/>
							<String ID="string_101" HPOS="786" VPOS="488" WIDTH="28" HEIGHT="21" WC="0.95" CONTENT="de"/><SP WIDTH="9" VPOS="488" HPOS="814"/>
							<String ID="string_102" HPOS="823" VPOS="487" WIDTH="91" HEIGHT="26" WC="0.95" CONTENT="känslor,"/>
						</TextLine>
						<TextLine ID="line_11" HPOS="95" VPOS="515" WIDTH="819" HEIGHT="28">
							<String ID="string_103" HPOS="95" VPOS="522" WIDTH="46" HEIGHT="15" WC="0.93" CONTENT="som"/><SP WIDTH="23" VPOS="522" HPOS="141"/>
							<String ID="string_104" HPOS="164" VPOS="516" WIDTH="98" HEIGHT="27" WC="0.92" CONTENT="ärslänga"/><SP WIDTH="18" VPOS="516" HPOS="262"/>
							<String ID="string_105" HPOS="280" VPOS="516" WIDTH="48" HEIGHT="21" WC="0.96" CONTENT="kval"/><SP WIDTH="18" VPOS="516" HPOS="328"/>
							<String ID="string_106" HPOS="346" VPOS="515" WIDTH="119" HEIGHT="22" WC="0.96" CONTENT="framkallat"/><SP WIDTH="15" VPOS="515" HPOS="465"/>
							<String ID="string_107" HPOS="480" VPOS="516" WIDTH="39" HEIGHT="21" WC="0.96" CONTENT="hos"/><SP WIDTH="15" VPOS="516" HPOS="519"/>
							<String ID="string_108" HPOS="534" VPOS="519" WIDTH="31" HEIGHT="19" WC="0.97" CONTENT="ett"/><SP WIDTH="14" VPOS="519" HPOS="565"/>
							<String ID="string_109" HPOS="579" VPOS="517" WIDTH="44" HEIGHT="20" WC="0.97" CONTENT="helt"/><SP WIDTH="14" VPOS="517" HPOS="623"/>
							<String ID="string_110" HPOS="637" VPOS="515" WIDTH="50" HEIGHT="22" WC="0.94" CONTENT="folk."/><SP WIDTH="29" VPOS="515" HPOS="687"/>
							<String ID="string_111" HPOS="716" VPOS="516" WIDTH="55" HEIGHT="21" WC="0.96" CONTENT="Från"/><SP WIDTH="17" VPOS="516" HPOS="771"/>
							<String ID="string_112" HPOS="788" VPOS="517" WIDTH="61" HEIGHT="20" WC="0.93" CONTENT="dessa"/><SP WIDTH="16" VPOS="517" HPOS="849"/>
							<String ID="string_113" HPOS="865" VPOS="523" WIDTH="49" HEIGHT="20" WC="0.92" CONTENT="syn-"/>
						</TextLine>
						<TextLine ID="line_12" HPOS="94" VPOS="545" WIDTH="820" HEIGHT="27">
							<String ID="string_114" HPOS="94" VPOS="545" WIDTH="92" HEIGHT="26" WC="0.93" CONTENT="punkter"/><SP WIDTH="16" VPOS="545" HPOS="186"/>
							<String ID="string_115" HPOS="202" VPOS="545" WIDTH="47" HEIGHT="21" WC="0.91" CONTENT="sedt"/><SP WIDTH="15" VPOS="545" HPOS="249"/>
							<String ID="string_116" HPOS="264" VPOS="547" WIDTH="22" HEIGHT="19" WC="0.96" CONTENT="är"/><SP WIDTH="11" VPOS="547" HPOS="286"/>
							<String ID="string_117" HPOS="297" VPOS="545" WIDTH="36" HEIGHT="21" WC="0.96" CONTENT="det"/><SP WIDTH="12" VPOS="545" HPOS="333"/>
							<String ID="string_118" HPOS="345" VPOS="545" WIDTH="79" HEIGHT="27" WC="0.96" CONTENT="ganska"/><SP WIDTH="11" VPOS="545" HPOS="424"/>
							<String ID="string_119" HPOS="435" VPOS="545" WIDTH="107" HEIGHT="27" WC="0.96" CONTENT="naturligt,"/><SP WIDTH="10" VPOS="545" HPOS="542"/>
							<String ID="string_120" HPOS="552" VPOS="548" WIDTH="32" HEIGHT="19" WC="0.96" CONTENT="att"/><SP WIDTH="10" VPOS="548" HPOS="584"/>
							<String ID="string_121" HPOS="594" VPOS="545" WIDTH="105" HEIGHT="22" WC="0.93" CONTENT="särskilda"/><SP WIDTH="9" VPOS="545" HPOS="699"/>
							<String ID="string_122" HPOS="708" VPOS="545" WIDTH="206" HEIGHT="22" WC="0.91" CONTENT="besvärsutskottets"/>
						</TextLine>
						<TextLine ID="line_13" HPOS="94" VPOS="573" WIDTH="819" HEIGHT="29">
							<String ID="string_123" HPOS="94" VPOS="573" WIDTH="79" HEIGHT="27" WC="0.95" CONTENT="förslag"/><SP WIDTH="14" VPOS="573" HPOS="173"/>
							<String ID="string_124" HPOS="187" VPOS="574" WIDTH="33" HEIGHT="21" WC="0.96" CONTENT="till"/><SP WIDTH="14" VPOS="574" HPOS="220"/>
							<String ID="string_125" HPOS="234" VPOS="574" WIDTH="109" HEIGHT="21" WC="0.96" CONTENT="uttalande"/><SP WIDTH="16" VPOS="574" HPOS="343"/>
							<String ID="string_126" HPOS="359" VPOS="574" WIDTH="38" HEIGHT="28" WC="0.96" CONTENT="hos"/><SP WIDTH="16" VPOS="574" HPOS="397"/>
							<String ID="string_127" HPOS="413" VPOS="574" WIDTH="40" HEIGHT="21" WC="0.96" CONTENT="den"/><SP WIDTH="16" VPOS="574" HPOS="453"/>
							<String ID="string_128" HPOS="469" VPOS="580" WIDTH="40" HEIGHT="15" WC="0.96" CONTENT="ena"/><SP WIDTH="15" VPOS="580" HPOS="509"/>
							<String ID="string_129" HPOS="524" VPOS="574" WIDTH="51" HEIGHT="21" WC="0.96" CONTENT="eller"/><SP WIDTH="14" VPOS="574" HPOS="575"/>
							<String ID="string_130" HPOS="589" VPOS="575" WIDTH="66" HEIGHT="20" WC="0.96" CONTENT="andra"/><SP WIDTH="15" VPOS="575" HPOS="655"/>
							<String ID="string_131" HPOS="670" VPOS="574" WIDTH="62" HEIGHT="21" WC="0.96" CONTENT="väckt"/><SP WIDTH="14" VPOS="574" HPOS="732"/>
							<String ID="string_132" HPOS="746" VPOS="573" WIDTH="167" HEIGHT="28" WC="0.96" CONTENT="betänkligheter"/>
						</TextLine>
						<TextLine ID="line_14" HPOS="96" VPOS="602" WIDTH="818" HEIGHT="27">
							<String ID="string_133" HPOS="96" VPOS="603" WIDTH="6" HEIGHT="20" WC="0.96" CONTENT="i"/><SP WIDTH="20" VPOS="603" HPOS="102"/>
							<String ID="string_134" HPOS="122" VPOS="603" WIDTH="95" HEIGHT="20" WC="0.96" CONTENT="enskilda"/><SP WIDTH="21" VPOS="603" HPOS="217"/>
							<String ID="string_135" HPOS="238" VPOS="603" WIDTH="98" HEIGHT="26" WC="0.93" CONTENT="punkter."/><SP WIDTH="30" VPOS="603" HPOS="336"/>
							<String ID="string_136" HPOS="366" VPOS="602" WIDTH="68" HEIGHT="21" WC="0.87" CONTENT="Äfven"/><SP WIDTH="14" VPOS="602" HPOS="434"/>
							<String ID="string_137" HPOS="448" VPOS="603" WIDTH="38" HEIGHT="26" WC="0.96" CONTENT="jag"/><SP WIDTH="14" VPOS="603" HPOS="486"/>
							<String ID="string_138" HPOS="500" VPOS="602" WIDTH="32" HEIGHT="22" WC="0.96" CONTENT="för"/><SP WIDTH="16" VPOS="602" HPOS="532"/>
							<String ID="string_139" HPOS="548" VPOS="604" WIDTH="42" HEIGHT="20" WC="0.96" CONTENT="min"/><SP WIDTH="16" VPOS="604" HPOS="590"/>
							<String ID="string_140" HPOS="606" VPOS="603" WIDTH="34" HEIGHT="21" WC="0.96" CONTENT="del"/><SP WIDTH="16" VPOS="603" HPOS="640"/>
							<String ID="string_141" HPOS="656" VPOS="603" WIDTH="68" HEIGHT="21" WC="0.96" CONTENT="skulle"/><SP WIDTH="15" VPOS="603" HPOS="724"/>
							<String ID="string_142" HPOS="739" VPOS="609" WIDTH="67" HEIGHT="20" WC="0.96" CONTENT="gerna"/><SP WIDTH="15" VPOS="609" HPOS="806"/>
							<String ID="string_143" HPOS="821" VPOS="605" WIDTH="46" HEIGHT="23" WC="0.96" CONTENT="sett,"/><SP WIDTH="16" VPOS="605" HPOS="867"/>
							<String ID="string_144" HPOS="883" VPOS="604" WIDTH="31" HEIGHT="20" WC="0.96" CONTENT="att"/>
						</TextLine>
						<TextLine ID="line_15" HPOS="97" VPOS="631" WIDTH="817" HEIGHT="27">
							<String ID="string_145" HPOS="97" VPOS="633" WIDTH="30" HEIGHT="19" WC="0.96" CONTENT="ett"/><SP WIDTH="15" VPOS="633" HPOS="127"/>
							<String ID="string_146" HPOS="142" VPOS="631" WIDTH="38" HEIGHT="21" WC="0.96" CONTENT="och"/><SP WIDTH="16" VPOS="631" HPOS="180"/>
							<String ID="string_147" HPOS="196" VPOS="633" WIDTH="64" HEIGHT="19" WC="0.96" CONTENT="annat"/><SP WIDTH="15" VPOS="633" HPOS="260"/>
							<String ID="string_148" HPOS="275" VPOS="631" WIDTH="46" HEIGHT="22" WC="0.96" CONTENT="däri"/><SP WIDTH="14" VPOS="631" HPOS="321"/>
							<String ID="string_149" HPOS="335" VPOS="637" WIDTH="58" HEIGHT="16" WC="0.96" CONTENT="mera"/><SP WIDTH="14" VPOS="637" HPOS="393"/>
							<String ID="string_150" HPOS="407" VPOS="631" WIDTH="87" HEIGHT="27" WC="0.96" CONTENT="kraftigt"/><SP WIDTH="15" VPOS="631" HPOS="494"/>
							<String ID="string_151" HPOS="509" VPOS="631" WIDTH="124" HEIGHT="22" WC="0.96" CONTENT="framhållits"/><SP WIDTH="16" VPOS="631" HPOS="633"/>
							<String ID="string_152" HPOS="649" VPOS="632" WIDTH="39" HEIGHT="21" WC="0.96" CONTENT="och"/><SP WIDTH="15" VPOS="632" HPOS="688"/>
							<String ID="string_153" HPOS="703" VPOS="632" WIDTH="104" HEIGHT="21" WC="0.96" CONTENT="betonats."/><SP WIDTH="28" VPOS="632" HPOS="807"/>
							<String ID="string_154" HPOS="835" VPOS="632" WIDTH="41" HEIGHT="26" WC="0.96" CONTENT="Jag"/><SP WIDTH="15" VPOS="632" HPOS="876"/>
							<String ID="string_155" HPOS="891" VPOS="633" WIDTH="23" HEIGHT="19" WC="0.96" CONTENT="är"/>
						</TextLine>
						<TextLine ID="line_16" HPOS="96" VPOS="659" WIDTH="817" HEIGHT="28">
							<String ID="string_156" HPOS="96" VPOS="659" WIDTH="116" HEIGHT="22" WC="0.96" CONTENT="emellertid"/><SP WIDTH="7" VPOS="659" HPOS="212"/>
							<String ID="string_157" HPOS="219" VPOS="659" WIDTH="22" HEIGHT="22" WC="0.96" CONTENT="af"/><SP WIDTH="7" VPOS="659" HPOS="241"/>
							<String ID="string_158" HPOS="248" VPOS="666" WIDTH="80" HEIGHT="15" WC="0.96" CONTENT="samma"/><SP WIDTH="9" VPOS="666" HPOS="328"/>
							<String ID="string_159" HPOS="337" VPOS="659" WIDTH="140" HEIGHT="28" WC="0.95" CONTENT="uppfattning,"/><SP WIDTH="8" VPOS="659" HPOS="477"/>
							<String ID="string_160" HPOS="485" VPOS="666" WIDTH="45" HEIGHT="15" WC="0.96" CONTENT="som"/><SP WIDTH="10" VPOS="666" HPOS="530"/>
							<String ID="string_161" HPOS="540" VPOS="660" WIDTH="37" HEIGHT="22" WC="0.96" CONTENT="här"/><SP WIDTH="6" VPOS="660" HPOS="577"/>
							<String ID="string_162" HPOS="583" VPOS="660" WIDTH="88" HEIGHT="21" WC="0.96" CONTENT="uttalats"/><SP WIDTH="9" VPOS="660" HPOS="671"/>
							<String ID="string_163" HPOS="680" VPOS="659" WIDTH="22" HEIGHT="22" WC="0.95" CONTENT="af"/><SP WIDTH="6" VPOS="659" HPOS="702"/>
							<String ID="string_164" HPOS="708" VPOS="660" WIDTH="25" HEIGHT="21" WC="0.96" CONTENT="hr"/><SP WIDTH="8" VPOS="660" HPOS="733"/>
							<String ID="string_165" HPOS="741" VPOS="660" WIDTH="83" HEIGHT="21" WC="0.93" CONTENT="Teodor"/><SP WIDTH="7" VPOS="660" HPOS="824"/>
							<String ID="string_166" HPOS="831" VPOS="660" WIDTH="82" HEIGHT="25" WC="0.92" CONTENT="Heikel,"/>
						</TextLine>
						<TextLine ID="line_17" HPOS="96" VPOS="688" WIDTH="817" HEIGHT="28">
							<String ID="string_167" HPOS="96" VPOS="688" WIDTH="105" HEIGHT="27" WC="0.96" CONTENT="nämligen"/><SP WIDTH="23" VPOS="688" HPOS="201"/>
							<String ID="string_168" HPOS="224" VPOS="690" WIDTH="31" HEIGHT="20" WC="0.96" CONTENT="att"/><SP WIDTH="21" VPOS="690" HPOS="255"/>
							<String ID="string_169" HPOS="276" VPOS="688" WIDTH="139" HEIGHT="28" WC="0.96" CONTENT="framgången"/><SP WIDTH="23" VPOS="688" HPOS="415"/>
							<String ID="string_170" HPOS="438" VPOS="688" WIDTH="22" HEIGHT="22" WC="0.96" CONTENT="af"/><SP WIDTH="21" VPOS="688" HPOS="460"/>
							<String ID="string_171" HPOS="481" VPOS="689" WIDTH="68" HEIGHT="22" WC="0.96" CONTENT="denna"/><SP WIDTH="21" VPOS="689" HPOS="549"/>
							<String ID="string_172" HPOS="570" VPOS="689" WIDTH="96" HEIGHT="27" WC="0.95" CONTENT="petition,"/><SP WIDTH="19" VPOS="689" HPOS="666"/>
							<String ID="string_173" HPOS="685" VPOS="696" WIDTH="45" HEIGHT="14" WC="0.96" CONTENT="som"/><SP WIDTH="20" VPOS="696" HPOS="730"/>
							<String ID="string_174" HPOS="750" VPOS="689" WIDTH="52" HEIGHT="21" WC="0.96" CONTENT="skall"/><SP WIDTH="16" VPOS="689" HPOS="802"/>
							<String ID="string_175" HPOS="818" VPOS="689" WIDTH="95" HEIGHT="27" WC="0.96" CONTENT="uttrycka"/>
						</TextLine>
						<TextLine ID="line_18" HPOS="95" VPOS="717" WIDTH="819" HEIGHT="28">
							<String ID="string_176" HPOS="95" VPOS="717" WIDTH="76" HEIGHT="21" WC="0.96" CONTENT="folkets"/><SP WIDTH="24" VPOS="717" HPOS="171"/>
							<String ID="string_177" HPOS="195" VPOS="717" WIDTH="114" HEIGHT="27" WC="0.96" CONTENT="viktigaste"/><SP WIDTH="23" VPOS="717" HPOS="309"/>
							<String ID="string_178" HPOS="332" VPOS="718" WIDTH="39" HEIGHT="20" WC="0.96" CONTENT="och"/><SP WIDTH="22" VPOS="718" HPOS="371"/>
							<String ID="string_179" HPOS="393" VPOS="720" WIDTH="55" HEIGHT="19" WC="0.96" CONTENT="mäst"/><SP WIDTH="22" VPOS="720" HPOS="448"/>
							<String ID="string_180" HPOS="470" VPOS="718" WIDTH="152" HEIGHT="27" WC="0.93" CONTENT="efterlängtade"/><SP WIDTH="18" VPOS="718" HPOS="622"/>
							<String ID="string_181" HPOS="640" VPOS="717" WIDTH="52" HEIGHT="26" WC="0.91" CONTENT="kraf,"/><SP WIDTH="16" VPOS="717" HPOS="692"/>
							<String ID="string_182" HPOS="708" VPOS="718" WIDTH="44" HEIGHT="21" WC="0.96" CONTENT="icke"/><SP WIDTH="16" VPOS="718" HPOS="752"/>
							<String ID="string_183" HPOS="768" VPOS="718" WIDTH="63" HEIGHT="21" WC="0.96" CONTENT="beror"/><SP WIDTH="14" VPOS="718" HPOS="831"/>
							<String ID="string_184" HPOS="845" VPOS="718" WIDTH="27" HEIGHT="26" WC="0.96" CONTENT="på"/><SP WIDTH="15" VPOS="718" HPOS="872"/>
							<String ID="string_185" HPOS="887" VPOS="718" WIDTH="27" HEIGHT="20" WC="0.96" CONTENT="de"/>
						</TextLine>
						<TextLine ID="line_19" HPOS="96" VPOS="746" WIDTH="818" HEIGHT="27">
							<String ID="string_186" HPOS="96" VPOS="752" WIDTH="45" HEIGHT="15" WC="0.95" CONTENT="mer"/><SP WIDTH="15" VPOS="752" HPOS="141"/>
							<String ID="string_187" HPOS="156" VPOS="746" WIDTH="51" HEIGHT="21" WC="0.95" CONTENT="eller"/><SP WIDTH="14" VPOS="746" HPOS="207"/>
							<String ID="string_188" HPOS="221" VPOS="746" WIDTH="83" HEIGHT="21" WC="0.96" CONTENT="mindre"/><SP WIDTH="15" VPOS="746" HPOS="304"/>
							<String ID="string_189" HPOS="319" VPOS="746" WIDTH="33" HEIGHT="21" WC="0.96" CONTENT="väl"/><SP WIDTH="15" VPOS="746" HPOS="352"/>
							<String ID="string_190" HPOS="367" VPOS="746" WIDTH="142" HEIGHT="22" WC="0.96" CONTENT="formulerade"/><SP WIDTH="16" VPOS="746" HPOS="509"/>
							<String ID="string_191" HPOS="525" VPOS="749" WIDTH="101" HEIGHT="19" WC="0.95" CONTENT="satserna."/><SP WIDTH="26" VPOS="749" HPOS="626"/>
							<String ID="string_192" HPOS="652" VPOS="746" WIDTH="146" HEIGHT="27" WC="0.96" CONTENT="Framgången"/><SP WIDTH="16" VPOS="746" HPOS="798"/>
							<String ID="string_193" HPOS="814" VPOS="746" WIDTH="63" HEIGHT="22" WC="0.95" CONTENT="beror"/><SP WIDTH="10" VPOS="746" HPOS="877"/>
							<String ID="string_194" HPOS="887" VPOS="746" WIDTH="27" HEIGHT="27" WC="0.96" CONTENT="på"/>
						</TextLine>
						<TextLine ID="line_20" HPOS="95" VPOS="774" WIDTH="816" HEIGHT="28">
							<String ID="string_195" HPOS="95" VPOS="774" WIDTH="106" HEIGHT="22" WC="0.96" CONTENT="realiteter"/><SP WIDTH="15" VPOS="774" HPOS="201"/>
							<String ID="string_196" HPOS="216" VPOS="774" WIDTH="39" HEIGHT="22" WC="0.96" CONTENT="och"/><SP WIDTH="10" VPOS="774" HPOS="255"/>
							<String ID="string_197" HPOS="265" VPOS="776" WIDTH="112" HEIGHT="24" WC="0.96" CONTENT="realiteter,"/><SP WIDTH="11" VPOS="776" HPOS="377"/>
							<String ID="string_198" HPOS="388" VPOS="781" WIDTH="45" HEIGHT="15" WC="0.96" CONTENT="som"/><SP WIDTH="13" VPOS="781" HPOS="433"/>
							<String ID="string_199" HPOS="446" VPOS="775" WIDTH="44" HEIGHT="21" WC="0.96" CONTENT="ofta"/><SP WIDTH="10" VPOS="775" HPOS="490"/>
							<String ID="string_200" HPOS="500" VPOS="777" WIDTH="36" HEIGHT="19" WC="0.96" CONTENT="äro"/><SP WIDTH="11" VPOS="777" HPOS="536"/>
							<String ID="string_201" HPOS="547" VPOS="775" WIDTH="46" HEIGHT="21" WC="0.96" CONTENT="från"/><SP WIDTH="11" VPOS="775" HPOS="593"/>
							<String ID="string_202" HPOS="604" VPOS="782" WIDTH="36" HEIGHT="14" WC="0.96" CONTENT="oss"/><SP WIDTH="12" VPOS="782" HPOS="640"/>
							<String ID="string_203" HPOS="652" VPOS="776" WIDTH="81" HEIGHT="26" WC="0.96" CONTENT="mycket"/><SP WIDTH="10" VPOS="776" HPOS="733"/>
							<String ID="string_204" HPOS="743" VPOS="775" WIDTH="59" HEIGHT="27" WC="0.93" CONTENT="långt"/><SP WIDTH="10" VPOS="775" HPOS="802"/>
							<String ID="string_205" HPOS="812" VPOS="775" WIDTH="99" HEIGHT="27" WC="0.91" CONTENT="aflägsna."/>
						</TextLine>
						<TextLine ID="line_21" HPOS="95" VPOS="803" WIDTH="818" HEIGHT="27">
							<String ID="string_206" HPOS="95" VPOS="803" WIDTH="49" HEIGHT="21" WC="0.96" CONTENT="Med"/><SP WIDTH="8" VPOS="803" HPOS="144"/>
							<String ID="string_207" HPOS="152" VPOS="804" WIDTH="115" HEIGHT="26" WC="0.96" CONTENT="anledning"/><SP WIDTH="10" VPOS="804" HPOS="267"/>
							<String ID="string_208" HPOS="277" VPOS="804" WIDTH="61" HEIGHT="21" WC="0.96" CONTENT="däraf"/><SP WIDTH="8" VPOS="804" HPOS="338"/>
							<String ID="string_209" HPOS="346" VPOS="804" WIDTH="39" HEIGHT="21" WC="0.96" CONTENT="och"/><SP WIDTH="11" VPOS="804" HPOS="385"/>
							<String ID="string_210" HPOS="396" VPOS="804" WIDTH="26" HEIGHT="21" WC="0.96" CONTENT="då"/><SP WIDTH="7" VPOS="804" HPOS="422"/>
							<String ID="string_211" HPOS="429" VPOS="804" WIDTH="39" HEIGHT="26" WC="0.96" CONTENT="jag"/><SP WIDTH="10" VPOS="804" HPOS="468"/>
							<String ID="string_212" HPOS="478" VPOS="804" WIDTH="66" HEIGHT="21" WC="0.96" CONTENT="tillika"/><SP WIDTH="10" VPOS="804" HPOS="544"/>
							<String ID="string_213" HPOS="554" VPOS="804" WIDTH="67" HEIGHT="21" WC="0.96" CONTENT="måste"/><SP WIDTH="9" VPOS="804" HPOS="621"/>
							<String ID="string_214" HPOS="630" VPOS="803" WIDTH="55" HEIGHT="27" WC="0.96" CONTENT="gifva"/><SP WIDTH="8" VPOS="803" HPOS="685"/>
							<String ID="string_215" HPOS="693" VPOS="804" WIDTH="47" HEIGHT="21" WC="0.96" CONTENT="fullt"/><SP WIDTH="8" VPOS="804" HPOS="740"/>
							<String ID="string_216" HPOS="748" VPOS="804" WIDTH="135" HEIGHT="21" WC="0.96" CONTENT="erkännande"/><SP WIDTH="9" VPOS="804" HPOS="883"/>
							<String ID="string_217" HPOS="892" VPOS="803" WIDTH="21" HEIGHT="21" WC="0.96" CONTENT="åt"/>
						</TextLine>
						<TextLine ID="line_22" HPOS="95" VPOS="832" WIDTH="818" HEIGHT="28">
							<String ID="string_218" HPOS="95" VPOS="832" WIDTH="25" HEIGHT="22" WC="0.96" CONTENT="de"/><SP WIDTH="19" VPOS="832" HPOS="120"/>
							<String ID="string_219" HPOS="139" VPOS="832" WIDTH="186" HEIGHT="28" WC="0.96" CONTENT="omständigheter,"/><SP WIDTH="19" VPOS="832" HPOS="325"/>
							<String ID="string_220" HPOS="344" VPOS="838" WIDTH="45" HEIGHT="16" WC="0.96" CONTENT="som"/><SP WIDTH="17" VPOS="838" HPOS="389"/>
							<String ID="string_221" HPOS="406" VPOS="832" WIDTH="38" HEIGHT="21" WC="0.96" CONTENT="här"/><SP WIDTH="15" VPOS="832" HPOS="444"/>
							<String ID="string_222" HPOS="459" VPOS="832" WIDTH="125" HEIGHT="22" WC="0.76" CONTENT="framhällits"/><SP WIDTH="14" VPOS="832" HPOS="584"/>
							<String ID="string_223" HPOS="598" VPOS="833" WIDTH="8" HEIGHT="20" WC="0.96" CONTENT="i"/><SP WIDTH="15" VPOS="833" HPOS="606"/>
							<String ID="string_224" HPOS="621" VPOS="832" WIDTH="54" HEIGHT="28" WC="0.96" CONTENT="syfte"/><SP WIDTH="15" VPOS="832" HPOS="675"/>
							<String ID="string_225" HPOS="690" VPOS="834" WIDTH="31" HEIGHT="20" WC="0.96" CONTENT="att"/><SP WIDTH="15" VPOS="834" HPOS="721"/>
							<String ID="string_226" HPOS="736" VPOS="832" WIDTH="78" HEIGHT="22" WC="0.96" CONTENT="betona"/><SP WIDTH="15" VPOS="832" HPOS="814"/>
							<String ID="string_227" HPOS="829" VPOS="832" WIDTH="84" HEIGHT="22" WC="0.96" CONTENT="hvilken"/>
						</TextLine>
						<TextLine ID="line_23" HPOS="95" VPOS="860" WIDTH="821" HEIGHT="28">
							<String ID="string_228" HPOS="95" VPOS="861" WIDTH="152" HEIGHT="27" WC="0.91" CONTENT="skyndsamhet"/><SP WIDTH="20" VPOS="861" HPOS="247"/>
							<String ID="string_229" HPOS="267" VPOS="861" WIDTH="39" HEIGHT="21" WC="0.93" CONTENT="och"/><SP WIDTH="23" VPOS="861" HPOS="306"/>
							<String ID="string_230" HPOS="329" VPOS="861" WIDTH="96" HEIGHT="25" WC="0.90" CONTENT="brädska,"/><SP WIDTH="24" VPOS="861" HPOS="425"/>
							<String ID="string_231" HPOS="449" VPOS="868" WIDTH="45" HEIGHT="14" WC="0.90" CONTENT="som"/><SP WIDTH="24" VPOS="868" HPOS="494"/>
							<String ID="string_232" HPOS="518" VPOS="864" WIDTH="36" HEIGHT="19" WC="0.90" CONTENT="äro"/><SP WIDTH="18" VPOS="864" HPOS="554"/>
							<String ID="string_233" HPOS="572" VPOS="861" WIDTH="100" HEIGHT="21" WC="0.92" CONTENT="förenade"/><SP WIDTH="18" VPOS="861" HPOS="672"/>
							<String ID="string_234" HPOS="690" VPOS="862" WIDTH="47" HEIGHT="20" WC="0.93" CONTENT="med"/><SP WIDTH="16" VPOS="862" HPOS="737"/>
							<String ID="string_235" HPOS="753" VPOS="861" WIDTH="126" HEIGHT="27" WC="0.91" CONTENT="afgörandet"/><SP WIDTH="14" VPOS="861" HPOS="879"/>
							<String ID="string_236" HPOS="893" VPOS="860" WIDTH="23" HEIGHT="22" WC="0.97" CONTENT="af"/>
						</TextLine>
						<TextLine ID="line_24" HPOS="94" VPOS="890" WIDTH="819" HEIGHT="27">
							<String ID="string_237" HPOS="94" VPOS="890" WIDTH="58" HEIGHT="21" WC="0.88" CONTENT="detta"/><SP WIDTH="23" VPOS="890" HPOS="152"/>
							<String ID="string_238" HPOS="175" VPOS="890" WIDTH="83" HEIGHT="26" WC="0.88" CONTENT="ärende,"/><SP WIDTH="19" VPOS="890" HPOS="258"/>
							<String ID="string_239" HPOS="277" VPOS="891" WIDTH="38" HEIGHT="20" WC="0.96" CONTENT="har"/><SP WIDTH="12" VPOS="891" HPOS="315"/>
							<String ID="string_240" HPOS="327" VPOS="890" WIDTH="38" HEIGHT="27" WC="0.96" CONTENT="jag"/><SP WIDTH="14" VPOS="890" HPOS="365"/>
							<String ID="string_241" HPOS="379" VPOS="890" WIDTH="32" HEIGHT="21" WC="0.96" CONTENT="för"/><SP WIDTH="16" VPOS="890" HPOS="411"/>
							<String ID="string_242" HPOS="427" VPOS="891" WIDTH="43" HEIGHT="20" WC="0.96" CONTENT="min"/><SP WIDTH="17" VPOS="891" HPOS="470"/>
							<String ID="string_243" HPOS="487" VPOS="891" WIDTH="32" HEIGHT="20" WC="0.93" CONTENT="del"/><SP WIDTH="15" VPOS="891" HPOS="519"/>
							<String ID="string_244" HPOS="534" VPOS="890" WIDTH="46" HEIGHT="21" WC="0.92" CONTENT="icke"/><SP WIDTH="14" VPOS="890" HPOS="580"/>
							<String ID="string_245" HPOS="594" VPOS="891" WIDTH="82" HEIGHT="20" WC="0.93" CONTENT="kunnat"/><SP WIDTH="15" VPOS="891" HPOS="676"/>
							<String ID="string_246" HPOS="691" VPOS="890" WIDTH="68" HEIGHT="21" WC="0.93" CONTENT="förmä"/><SP WIDTH="15" VPOS="890" HPOS="759"/>
							<String ID="string_247" HPOS="774" VPOS="891" WIDTH="43" HEIGHT="26" WC="0.96" CONTENT="mig"/><SP WIDTH="14" VPOS="891" HPOS="817"/>
							<String ID="string_248" HPOS="831" VPOS="892" WIDTH="31" HEIGHT="19" WC="0.93" CONTENT="att"/><SP WIDTH="15" VPOS="892" HPOS="862"/>
							<String ID="string_249" HPOS="877" VPOS="896" WIDTH="36" HEIGHT="15" WC="0.91" CONTENT="an-"/>
						</TextLine>
						<TextLine ID="line_25" HPOS="95" VPOS="918" WIDTH="818" HEIGHT="28">
							<String ID="string_250" HPOS="95" VPOS="918" WIDTH="56" HEIGHT="21" WC="0.92" CONTENT="sluta"/><SP WIDTH="14" VPOS="918" HPOS="151"/>
							<String ID="string_251" HPOS="165" VPOS="919" WIDTH="44" HEIGHT="26" WC="0.96" CONTENT="mig"/><SP WIDTH="15" VPOS="919" HPOS="209"/>
							<String ID="string_252" HPOS="224" VPOS="919" WIDTH="32" HEIGHT="20" WC="0.93" CONTENT="till"/><SP WIDTH="14" VPOS="919" HPOS="256"/>
							<String ID="string_253" HPOS="270" VPOS="919" WIDTH="103" HEIGHT="27" WC="0.92" CONTENT="yrkandet"/><SP WIDTH="16" VPOS="919" HPOS="373"/>
							<String ID="string_254" HPOS="389" VPOS="919" WIDTH="27" HEIGHT="26" WC="0.93" CONTENT="pä"/><SP WIDTH="10" VPOS="919" HPOS="416"/>
							<String ID="string_255" HPOS="426" VPOS="919" WIDTH="70" HEIGHT="26" WC="0.93" CONTENT="nägon"/><SP WIDTH="11" VPOS="919" HPOS="496"/>
							<String ID="string_256" HPOS="507" VPOS="919" WIDTH="122" HEIGHT="27" WC="0.93" CONTENT="ytterligare"/><SP WIDTH="11" VPOS="919" HPOS="629"/>
							<String ID="string_257" HPOS="640" VPOS="919" WIDTH="121" HEIGHT="21" WC="0.92" CONTENT="äterremiss"/><SP WIDTH="11" VPOS="919" HPOS="761"/>
							<String ID="string_258" HPOS="772" VPOS="919" WIDTH="7" HEIGHT="21" WC="0.96" CONTENT="i"/><SP WIDTH="11" VPOS="919" HPOS="779"/>
							<String ID="string_259" HPOS="790" VPOS="919" WIDTH="69" HEIGHT="21" WC="0.96" CONTENT="denna"/><SP WIDTH="10" VPOS="919" HPOS="859"/>
							<String ID="string_260" HPOS="869" VPOS="918" WIDTH="44" HEIGHT="22" WC="0.96" CONTENT="sak."/>
						</TextLine>
						<TextLine ID="line_26" HPOS="93" VPOS="947" WIDTH="820" HEIGHT="27">
							<String ID="string_261" HPOS="93" VPOS="947" WIDTH="41" HEIGHT="26" WC="0.96" CONTENT="Jag"/><SP WIDTH="24" VPOS="947" HPOS="134"/>
							<String ID="string_262" HPOS="158" VPOS="947" WIDTH="54" HEIGHT="21" WC="0.95" CONTENT="hade"/><SP WIDTH="18" VPOS="947" HPOS="212"/>
							<String ID="string_263" HPOS="230" VPOS="953" WIDTH="43" HEIGHT="20" WC="0.92" CONTENT="nog"/><SP WIDTH="17" VPOS="953" HPOS="273"/>
							<String ID="string_264" HPOS="290" VPOS="953" WIDTH="77" HEIGHT="15" WC="0.92" CONTENT="annars"/><SP WIDTH="16" VPOS="953" HPOS="367"/>
							<String ID="string_265" HPOS="383" VPOS="947" WIDTH="55" HEIGHT="21" WC="0.96" CONTENT="varit"/><SP WIDTH="14" VPOS="947" HPOS="438"/>
							<String ID="string_266" HPOS="452" VPOS="949" WIDTH="95" HEIGHT="20" WC="0.93" CONTENT="närmast"/><SP WIDTH="15" VPOS="949" HPOS="547"/>
							<String ID="string_267" HPOS="562" VPOS="948" WIDTH="94" HEIGHT="26" WC="0.92" CONTENT="benägen"/><SP WIDTH="17" VPOS="948" HPOS="656"/>
							<String ID="string_268" HPOS="673" VPOS="949" WIDTH="31" HEIGHT="19" WC="0.93" CONTENT="att"/><SP WIDTH="15" VPOS="949" HPOS="704"/>
							<String ID="string_269" HPOS="719" VPOS="947" WIDTH="89" HEIGHT="21" WC="0.91" CONTENT="omfatta"/><SP WIDTH="15" VPOS="947" HPOS="808"/>
							<String ID="string_270" HPOS="823" VPOS="947" WIDTH="34" HEIGHT="21" WC="0.93" CONTENT="det"/><SP WIDTH="15" VPOS="947" HPOS="857"/>
							<String ID="string_271" HPOS="872" VPOS="947" WIDTH="41" HEIGHT="21" WC="0.93" CONTENT="för-"/>
						</TextLine>
						<TextLine ID="line_27" HPOS="94" VPOS="975" WIDTH="819" HEIGHT="28">
							<String ID="string_272" HPOS="94" VPOS="975" WIDTH="51" HEIGHT="27" WC="0.96" CONTENT="slag,"/><SP WIDTH="17" VPOS="975" HPOS="145"/>
							<String ID="string_273" HPOS="162" VPOS="982" WIDTH="45" HEIGHT="15" WC="0.96" CONTENT="som"/><SP WIDTH="17" VPOS="982" HPOS="207"/>
							<String ID="string_274" HPOS="224" VPOS="975" WIDTH="22" HEIGHT="22" WC="0.96" CONTENT="af"/><SP WIDTH="13" VPOS="975" HPOS="246"/>
							<String ID="string_275" HPOS="259" VPOS="975" WIDTH="26" HEIGHT="22" WC="0.93" CONTENT="hr"/><SP WIDTH="15" VPOS="975" HPOS="285"/>
							<String ID="string_276" HPOS="300" VPOS="975" WIDTH="108" HEIGHT="28" WC="0.91" CONTENT="Clouberg"/><SP WIDTH="11" VPOS="975" HPOS="408"/>
							<String ID="string_277" HPOS="419" VPOS="975" WIDTH="130" HEIGHT="22" WC="0.91" CONTENT="framställts."/><SP WIDTH="23" VPOS="975" HPOS="549"/>
							<String ID="string_278" HPOS="572" VPOS="976" WIDTH="97" HEIGHT="26" WC="0.92" CONTENT="Tidigare"/><SP WIDTH="10" VPOS="976" HPOS="669"/>
							<String ID="string_279" HPOS="679" VPOS="975" WIDTH="54" HEIGHT="22" WC="0.96" CONTENT="hade"/><SP WIDTH="7" VPOS="975" HPOS="733"/>
							<String ID="string_280" HPOS="740" VPOS="976" WIDTH="38" HEIGHT="27" WC="0.93" CONTENT="jag"/><SP WIDTH="11" VPOS="976" HPOS="778"/>
							<String ID="string_281" HPOS="789" VPOS="975" WIDTH="124" HEIGHT="27" WC="0.92" CONTENT="visserligen"/>
						</TextLine>
						<TextLine ID="line_28" HPOS="94" VPOS="1003" WIDTH="818" HEIGHT="26">
							<String ID="string_282" HPOS="94" VPOS="1004" WIDTH="66" HEIGHT="22" WC="0.89" CONTENT="tänkt."/><SP WIDTH="22" VPOS="1004" HPOS="160"/>
							<String ID="string_283" HPOS="182" VPOS="1006" WIDTH="33" HEIGHT="19" WC="0.96" CONTENT="att"/><SP WIDTH="21" VPOS="1006" HPOS="215"/>
							<String ID="string_284" HPOS="236" VPOS="1011" WIDTH="48" HEIGHT="14" WC="0.93" CONTENT="man"/><SP WIDTH="24" VPOS="1011" HPOS="284"/>
							<String ID="string_285" HPOS="308" VPOS="1004" WIDTH="104" HEIGHT="21" WC="0.96" CONTENT="måhända"/><SP WIDTH="14" VPOS="1004" HPOS="412"/>
							<String ID="string_286" HPOS="426" VPOS="1005" WIDTH="72" HEIGHT="20" WC="0.96" CONTENT="kunde"/><SP WIDTH="14" VPOS="1005" HPOS="498"/>
							<String ID="string_287" HPOS="512" VPOS="1005" WIDTH="86" HEIGHT="20" WC="0.96" CONTENT="komma"/><SP WIDTH="15" VPOS="1005" HPOS="598"/>
							<String ID="string_288" HPOS="613" VPOS="1005" WIDTH="47" HEIGHT="20" WC="0.93" CONTENT="bäst"/><SP WIDTH="15" VPOS="1005" HPOS="660"/>
							<String ID="string_289" HPOS="675" VPOS="1003" WIDTH="45" HEIGHT="22" WC="0.96" CONTENT="från"/><SP WIDTH="18" VPOS="1003" HPOS="720"/>
							<String ID="string_290" HPOS="738" VPOS="1004" WIDTH="64" HEIGHT="21" WC="0.93" CONTENT="saken"/><SP WIDTH="16" VPOS="1004" HPOS="802"/>
							<String ID="string_291" HPOS="818" VPOS="1004" WIDTH="94" HEIGHT="25" WC="0.95" CONTENT="sålunda,"/>
						</TextLine>
						<TextLine ID="line_29" HPOS="93" VPOS="1032" WIDTH="820" HEIGHT="28">
							<String ID="string_292" HPOS="93" VPOS="1035" WIDTH="31" HEIGHT="19" WC="0.91" CONTENT="att"/><SP WIDTH="18" VPOS="1035" HPOS="124"/>
							<String ID="string_293" HPOS="142" VPOS="1033" WIDTH="239" HEIGHT="27" WC="0.91" CONTENT="expeditionsutskottet"/><SP WIDTH="19" VPOS="1033" HPOS="381"/>
							<String ID="string_294" HPOS="400" VPOS="1033" WIDTH="68" HEIGHT="21" WC="0.93" CONTENT="skulle"/><SP WIDTH="15" VPOS="1033" HPOS="468"/>
							<String ID="string_295" HPOS="483" VPOS="1033" WIDTH="20" HEIGHT="21" WC="0.87" CONTENT="fä"/><SP WIDTH="15" VPOS="1033" HPOS="503"/>
							<String ID="string_296" HPOS="518" VPOS="1033" WIDTH="6" HEIGHT="20" WC="0.93" CONTENT="i"/><SP WIDTH="16" VPOS="1033" HPOS="524"/>
							<String ID="string_297" HPOS="540" VPOS="1033" WIDTH="97" HEIGHT="27" WC="0.93" CONTENT="uppdrag"/><SP WIDTH="15" VPOS="1033" HPOS="637"/>
							<String ID="string_298" HPOS="652" VPOS="1035" WIDTH="31" HEIGHT="19" WC="0.93" CONTENT="att"/><SP WIDTH="16" VPOS="1035" HPOS="683"/>
							<String ID="string_299" HPOS="699" VPOS="1032" WIDTH="72" HEIGHT="27" WC="0.93" CONTENT="utfylla"/><SP WIDTH="15" VPOS="1032" HPOS="771"/>
							<String ID="string_300" HPOS="786" VPOS="1033" WIDTH="26" HEIGHT="21" WC="0.93" CONTENT="de"/><SP WIDTH="16" VPOS="1033" HPOS="812"/>
							<String ID="string_301" HPOS="828" VPOS="1032" WIDTH="85" HEIGHT="27" WC="0.92" CONTENT="möjliga"/>
						</TextLine>
						<TextLine ID="line_30" HPOS="93" VPOS="1061" WIDTH="819" HEIGHT="27">
							<String ID="string_302" HPOS="93" VPOS="1061" WIDTH="73" HEIGHT="22" WC="0.90" CONTENT="luckor"/><SP WIDTH="19" VPOS="1061" HPOS="166"/>
							<String ID="string_303" HPOS="185" VPOS="1063" WIDTH="6" HEIGHT="20" WC="0.96" CONTENT="i"/><SP WIDTH="19" VPOS="1063" HPOS="191"/>
							<String ID="string_304" HPOS="210" VPOS="1062" WIDTH="159" HEIGHT="26" WC="0.96" CONTENT="motiveringen,"/><SP WIDTH="20" VPOS="1062" HPOS="369"/>
							<String ID="string_305" HPOS="389" VPOS="1068" WIDTH="34" HEIGHT="15" WC="0.93" CONTENT="om"/><SP WIDTH="20" VPOS="1068" HPOS="423"/>
							<String ID="string_306" HPOS="443" VPOS="1061" WIDTH="71" HEIGHT="22" WC="0.92" CONTENT="hvilka"/><SP WIDTH="17" VPOS="1061" HPOS="514"/>
							<String ID="string_307" HPOS="531" VPOS="1062" WIDTH="38" HEIGHT="21" WC="0.95" CONTENT="här"/><SP WIDTH="15" VPOS="1062" HPOS="569"/>
							<String ID="string_308" HPOS="584" VPOS="1061" WIDTH="39" HEIGHT="22" WC="0.95" CONTENT="och"/><SP WIDTH="16" VPOS="1061" HPOS="623"/>
							<String ID="string_309" HPOS="639" VPOS="1061" WIDTH="37" HEIGHT="22" WC="0.93" CONTENT="där"/><SP WIDTH="15" VPOS="1061" HPOS="676"/>
							<String ID="string_310" HPOS="691" VPOS="1061" WIDTH="115" HEIGHT="25" WC="0.91" CONTENT="anmärkts,"/><SP WIDTH="16" VPOS="1061" HPOS="806"/>
							<String ID="string_311" HPOS="822" VPOS="1067" WIDTH="47" HEIGHT="15" WC="0.96" CONTENT="men"/><SP WIDTH="17" VPOS="1067" HPOS="869"/>
							<String ID="string_312" HPOS="886" VPOS="1061" WIDTH="26" HEIGHT="21" WC="0.96" CONTENT="dä"/>
						</TextLine>
						<TextLine ID="line_31" HPOS="94" VPOS="1090" WIDTH="819" HEIGHT="27">
							<String ID="string_313" HPOS="94" VPOS="1091" WIDTH="35" HEIGHT="20" WC="0.96" CONTENT="det"/><SP WIDTH="15" VPOS="1091" HPOS="129"/>
							<String ID="string_314" HPOS="144" VPOS="1097" WIDTH="29" HEIGHT="14" WC="0.93" CONTENT="nu"/><SP WIDTH="16" VPOS="1097" HPOS="173"/>
							<String ID="string_315" HPOS="189" VPOS="1090" WIDTH="99" HEIGHT="27" WC="0.93" CONTENT="möjligen"/><SP WIDTH="16" VPOS="1090" HPOS="288"/>
							<String ID="string_316" HPOS="304" VPOS="1091" WIDTH="40" HEIGHT="21" WC="0.96" CONTENT="kan"/><SP WIDTH="17" VPOS="1091" HPOS="344"/>
							<String ID="string_317" HPOS="361" VPOS="1097" WIDTH="62" HEIGHT="15" WC="0.96" CONTENT="anses"/><SP WIDTH="16" VPOS="1097" HPOS="423"/>
							<String ID="string_318" HPOS="439" VPOS="1097" WIDTH="52" HEIGHT="14" WC="0.96" CONTENT="vara"/><SP WIDTH="13" VPOS="1097" HPOS="491"/>
							<String ID="string_319" HPOS="504" VPOS="1097" WIDTH="26" HEIGHT="15" WC="0.93" CONTENT="en"/><SP WIDTH="16" VPOS="1097" HPOS="530"/>
							<String ID="string_320" HPOS="546" VPOS="1090" WIDTH="70" HEIGHT="22" WC="0.90" CONTENT="alltför"/><SP WIDTH="15" VPOS="1090" HPOS="616"/>
							<String ID="string_321" HPOS="631" VPOS="1090" WIDTH="107" HEIGHT="27" WC="0.90" CONTENT="betänklig"/><SP WIDTH="16" VPOS="1090" HPOS="738"/>
							<String ID="string_322" HPOS="754" VPOS="1090" WIDTH="38" HEIGHT="21" WC="0.95" CONTENT="sak"/><SP WIDTH="15" VPOS="1090" HPOS="792"/>
							<String ID="string_323" HPOS="807" VPOS="1092" WIDTH="31" HEIGHT="19" WC="0.96" CONTENT="att"/><SP WIDTH="12" VPOS="1092" HPOS="838"/>
							<String ID="string_324" HPOS="850" VPOS="1090" WIDTH="21" HEIGHT="21" WC="0.94" CONTENT="ät"/><SP WIDTH="11" VPOS="1090" HPOS="871"/>
							<String ID="string_325" HPOS="882" VPOS="1092" WIDTH="31" HEIGHT="19" WC="0.96" CONTENT="ett"/>
						</TextLine>
						<TextLine ID="line_32" HPOS="93" VPOS="1119" WIDTH="820" HEIGHT="27">
							<String ID="string_326" HPOS="93" VPOS="1119" WIDTH="170" HEIGHT="22" WC="0.90" CONTENT="ständerutskott"/><SP WIDTH="22" VPOS="1119" HPOS="263"/>
							<String ID="string_327" HPOS="285" VPOS="1119" WIDTH="130" HEIGHT="21" WC="0.90" CONTENT="öfverlämna"/><SP WIDTH="16" VPOS="1119" HPOS="415"/>
							<String ID="string_328" HPOS="431" VPOS="1119" WIDTH="35" HEIGHT="21" WC="0.93" CONTENT="det"/><SP WIDTH="16" VPOS="1119" HPOS="466"/>
							<String ID="string_329" HPOS="482" VPOS="1119" WIDTH="106" HEIGHT="22" WC="0.92" CONTENT="definitiva"/><SP WIDTH="15" VPOS="1119" HPOS="588"/>
							<String ID="string_330" HPOS="603" VPOS="1119" WIDTH="125" HEIGHT="27" WC="0.92" CONTENT="afgörandet"/><SP WIDTH="14" VPOS="1119" HPOS="728"/>
							<String ID="string_331" HPOS="742" VPOS="1119" WIDTH="7" HEIGHT="20" WC="0.96" CONTENT="i"/><SP WIDTH="16" VPOS="1119" HPOS="749"/>
							<String ID="string_332" HPOS="765" VPOS="1125" WIDTH="25" HEIGHT="15" WC="0.96" CONTENT="en"/><SP WIDTH="17" VPOS="1125" HPOS="790"/>
							<String ID="string_333" HPOS="807" VPOS="1119" WIDTH="24" HEIGHT="21" WC="0.97" CONTENT="sä"/><SP WIDTH="14" VPOS="1119" HPOS="831"/>
							<String ID="string_334" HPOS="845" VPOS="1119" WIDTH="68" HEIGHT="26" WC="0.96" CONTENT="viktig"/>
						</TextLine>
						<TextLine ID="line_33" HPOS="93" VPOS="1147" WIDTH="819" HEIGHT="28">
							<String ID="string_335" HPOS="93" VPOS="1148" WIDTH="38" HEIGHT="21" WC="0.96" CONTENT="sak"/><SP WIDTH="22" VPOS="1148" HPOS="131"/>
							<String ID="string_336" HPOS="153" VPOS="1148" WIDTH="39" HEIGHT="21" WC="0.96" CONTENT="och"/><SP WIDTH="17" VPOS="1148" HPOS="192"/>
							<String ID="string_337" HPOS="209" VPOS="1148" WIDTH="37" HEIGHT="27" WC="0.93" CONTENT="jag"/><SP WIDTH="15" VPOS="1148" HPOS="246"/>
							<String ID="string_338" HPOS="261" VPOS="1148" WIDTH="66" HEIGHT="21" WC="0.92" CONTENT="tillika"/><SP WIDTH="15" VPOS="1148" HPOS="327"/>
							<String ID="string_339" HPOS="342" VPOS="1148" WIDTH="68" HEIGHT="21" WC="0.92" CONTENT="mäste"/><SP WIDTH="15" VPOS="1148" HPOS="410"/>
							<String ID="string_340" HPOS="425" VPOS="1148" WIDTH="97" HEIGHT="26" WC="0.96" CONTENT="erkänna,"/><SP WIDTH="16" VPOS="1148" HPOS="522"/>
							<String ID="string_341" HPOS="538" VPOS="1150" WIDTH="31" HEIGHT="19" WC="0.93" CONTENT="att"/><SP WIDTH="15" VPOS="1150" HPOS="569"/>
							<String ID="string_342" HPOS="584" VPOS="1147" WIDTH="244" HEIGHT="25" WC="0.92" CONTENT="utskottsbetänkandet,"/><SP WIDTH="14" VPOS="1147" HPOS="828"/>
							<String ID="string_343" HPOS="842" VPOS="1147" WIDTH="70" HEIGHT="22" WC="0.93" CONTENT="hvilka"/>
						</TextLine>
						<TextLine ID="line_34" HPOS="93" VPOS="1176" WIDTH="819" HEIGHT="28">
							<String ID="string_344" HPOS="93" VPOS="1177" WIDTH="164" HEIGHT="26" WC="0.95" CONTENT="anmärkningar"/><SP WIDTH="16" VPOS="1177" HPOS="257"/>
							<String ID="string_345" HPOS="273" VPOS="1179" WIDTH="26" HEIGHT="18" WC="0.96" CONTENT="än"/><SP WIDTH="17" VPOS="1179" HPOS="299"/>
							<String ID="string_346" HPOS="316" VPOS="1177" WIDTH="34" HEIGHT="21" WC="0.93" CONTENT="mä"/><SP WIDTH="15" VPOS="1177" HPOS="350"/>
							<String ID="string_347" HPOS="365" VPOS="1178" WIDTH="62" HEIGHT="25" WC="0.96" CONTENT="göras"/><SP WIDTH="14" VPOS="1178" HPOS="427"/>
							<String ID="string_348" HPOS="441" VPOS="1177" WIDTH="100" HEIGHT="25" WC="0.96" CONTENT="däremot,"/><SP WIDTH="11" VPOS="1177" HPOS="541"/>
							<String ID="string_349" HPOS="552" VPOS="1178" WIDTH="63" HEIGHT="26" WC="0.96" CONTENT="utgör"/><SP WIDTH="11" VPOS="1178" HPOS="615"/>
							<String ID="string_350" HPOS="626" VPOS="1183" WIDTH="25" HEIGHT="14" WC="0.97" CONTENT="en"/><SP WIDTH="11" VPOS="1183" HPOS="651"/>
							<String ID="string_351" HPOS="662" VPOS="1176" WIDTH="129" HEIGHT="27" WC="0.95" CONTENT="fullständig,"/><SP WIDTH="11" VPOS="1176" HPOS="791"/>
							<String ID="string_352" HPOS="802" VPOS="1182" WIDTH="34" HEIGHT="15" WC="0.93" CONTENT="om"/><SP WIDTH="12" VPOS="1182" HPOS="836"/>
							<String ID="string_353" HPOS="848" VPOS="1176" WIDTH="64" HEIGHT="21" WC="0.96" CONTENT="också"/>
						</TextLine>
						<TextLine ID="line_35" HPOS="93" VPOS="1205" WIDTH="818" HEIGHT="26">
							<String ID="string_354" HPOS="93" VPOS="1206" WIDTH="173" HEIGHT="25" WC="0.92" CONTENT="sammanträngd"/><SP WIDTH="19" VPOS="1206" HPOS="266"/>
							<String ID="string_355" HPOS="285" VPOS="1205" WIDTH="43" HEIGHT="21" WC="0.95" CONTENT="bild"/><SP WIDTH="19" VPOS="1205" HPOS="328"/>
							<String ID="string_356" HPOS="347" VPOS="1205" WIDTH="23" HEIGHT="21" WC="0.96" CONTENT="af"/><SP WIDTH="19" VPOS="1205" HPOS="370"/>
							<String ID="string_357" HPOS="389" VPOS="1206" WIDTH="36" HEIGHT="21" WC="0.93" CONTENT="det"/><SP WIDTH="15" VPOS="1206" HPOS="425"/>
							<String ID="string_358" HPOS="440" VPOS="1205" WIDTH="47" HEIGHT="21" WC="0.93" CONTENT="värt"/><SP WIDTH="14" VPOS="1205" HPOS="487"/>
							<String ID="string_359" HPOS="501" VPOS="1205" WIDTH="43" HEIGHT="22" WC="0.93" CONTENT="folk"/><SP WIDTH="14" VPOS="1205" HPOS="544"/>
							<String ID="string_360" HPOS="558" VPOS="1206" WIDTH="84" HEIGHT="21" WC="0.92" CONTENT="innerst"/><SP WIDTH="14" VPOS="1206" HPOS="642"/>
							<String ID="string_361" HPOS="656" VPOS="1205" WIDTH="78" HEIGHT="21" WC="0.93" CONTENT="önskar"/><SP WIDTH="16" VPOS="1205" HPOS="734"/>
							<String ID="string_362" HPOS="750" VPOS="1205" WIDTH="38" HEIGHT="21" WC="0.93" CONTENT="och"/><SP WIDTH="16" VPOS="1205" HPOS="788"/>
							<String ID="string_363" HPOS="804" VPOS="1205" WIDTH="107" HEIGHT="22" WC="0.92" CONTENT="ästundar,"/>
						</TextLine>
						<TextLine ID="line_36" HPOS="92" VPOS="1233" WIDTH="819" HEIGHT="28">
							<String ID="string_364" HPOS="92" VPOS="1233" WIDTH="38" HEIGHT="22" WC="0.96" CONTENT="har"/><SP WIDTH="12" VPOS="1233" HPOS="130"/>
							<String ID="string_365" HPOS="142" VPOS="1233" WIDTH="39" HEIGHT="27" WC="0.96" CONTENT="jag"/><SP WIDTH="14" VPOS="1233" HPOS="181"/>
							<String ID="string_366" HPOS="195" VPOS="1233" WIDTH="32" HEIGHT="22" WC="0.96" CONTENT="för"/><SP WIDTH="16" VPOS="1233" HPOS="227"/>
							<String ID="string_367" HPOS="243" VPOS="1234" WIDTH="43" HEIGHT="21" WC="0.96" CONTENT="min"/><SP WIDTH="17" VPOS="1234" HPOS="286"/>
							<String ID="string_368" HPOS="303" VPOS="1233" WIDTH="34" HEIGHT="22" WC="0.96" CONTENT="del"/><SP WIDTH="15" VPOS="1233" HPOS="337"/>
							<String ID="string_369" HPOS="352" VPOS="1236" WIDTH="86" HEIGHT="19" WC="0.96" CONTENT="stannat"/><SP WIDTH="15" VPOS="1236" HPOS="438"/>
							<String ID="string_370" HPOS="453" VPOS="1234" WIDTH="35" HEIGHT="21" WC="0.96" CONTENT="vid"/><SP WIDTH="14" VPOS="1234" HPOS="488"/>
							<String ID="string_371" HPOS="502" VPOS="1236" WIDTH="32" HEIGHT="19" WC="0.96" CONTENT="att"/><SP WIDTH="10" VPOS="1236" HPOS="534"/>
							<String ID="string_372" HPOS="544" VPOS="1234" WIDTH="27" HEIGHT="27" WC="0.96" CONTENT="pä"/><SP WIDTH="10" VPOS="1234" HPOS="571"/>
							<String ID="string_373" HPOS="581" VPOS="1234" WIDTH="36" HEIGHT="21" WC="0.93" CONTENT="det"/><SP WIDTH="11" VPOS="1234" HPOS="617"/>
							<String ID="string_374" HPOS="628" VPOS="1236" WIDTH="106" HEIGHT="19" WC="0.92" CONTENT="varmaste"/><SP WIDTH="10" VPOS="1236" HPOS="734"/>
							<String ID="string_375" HPOS="744" VPOS="1233" WIDTH="105" HEIGHT="27" WC="0.91" CONTENT="tillstyrka"/><SP WIDTH="11" VPOS="1233" HPOS="849"/>
							<String ID="string_376" HPOS="860" VPOS="1233" WIDTH="51" HEIGHT="27" WC="0.92" CONTENT="god-"/>
						</TextLine>
						<TextLine ID="line_37" HPOS="92" VPOS="1261" WIDTH="820" HEIGHT="28">
							<String ID="string_377" HPOS="92" VPOS="1262" WIDTH="112" HEIGHT="21" WC="0.93" CONTENT="kännande"/><SP WIDTH="22" VPOS="1262" HPOS="204"/>
							<String ID="string_378" HPOS="226" VPOS="1262" WIDTH="23" HEIGHT="21" WC="0.92" CONTENT="af"/><SP WIDTH="21" VPOS="1262" HPOS="249"/>
							<String ID="string_379" HPOS="270" VPOS="1262" WIDTH="115" HEIGHT="21" WC="0.92" CONTENT="utskottets"/><SP WIDTH="21" VPOS="1262" HPOS="385"/>
							<String ID="string_380" HPOS="406" VPOS="1262" WIDTH="86" HEIGHT="27" WC="0.93" CONTENT="förslag,"/><SP WIDTH="22" VPOS="1262" HPOS="492"/>
							<String ID="string_381" HPOS="514" VPOS="1263" WIDTH="76" HEIGHT="21" WC="0.92" CONTENT="sädant"/><SP WIDTH="21" VPOS="1263" HPOS="590"/>
							<String ID="string_382" HPOS="611" VPOS="1262" WIDTH="37" HEIGHT="21" WC="0.95" CONTENT="det"/><SP WIDTH="14" VPOS="1262" HPOS="648"/>
							<String ID="string_383" HPOS="662" VPOS="1268" WIDTH="28" HEIGHT="15" WC="0.93" CONTENT="nu"/><SP WIDTH="19" VPOS="1268" HPOS="690"/>
							<String ID="string_384" HPOS="709" VPOS="1261" WIDTH="131" HEIGHT="22" WC="0.92" CONTENT="framställts."/><SP WIDTH="30" VPOS="1261" HPOS="840"/>
							<String ID="string_385" HPOS="870" VPOS="1262" WIDTH="42" HEIGHT="26" WC="0.96" CONTENT="Jag"/>
						</TextLine>
						<TextLine ID="line_38" HPOS="92" VPOS="1290" WIDTH="819" HEIGHT="28">
							<String ID="string_386" HPOS="92" VPOS="1290" WIDTH="82" HEIGHT="28" WC="0.90" CONTENT="hoppas"/><SP WIDTH="15" VPOS="1290" HPOS="174"/>
							<String ID="string_387" HPOS="189" VPOS="1291" WIDTH="72" HEIGHT="26" WC="0.92" CONTENT="tillika,"/><SP WIDTH="15" VPOS="1291" HPOS="261"/>
							<String ID="string_388" HPOS="276" VPOS="1293" WIDTH="32" HEIGHT="19" WC="0.96" CONTENT="att"/><SP WIDTH="15" VPOS="1293" HPOS="308"/>
							<String ID="string_389" HPOS="323" VPOS="1291" WIDTH="41" HEIGHT="21" WC="0.93" CONTENT="den"/><SP WIDTH="16" VPOS="1291" HPOS="364"/>
							<String ID="string_390" HPOS="380" VPOS="1291" WIDTH="90" HEIGHT="27" WC="0.89" CONTENT="enighet,"/><SP WIDTH="16" VPOS="1291" HPOS="470"/>
							<String ID="string_391" HPOS="486" VPOS="1291" WIDTH="62" HEIGHT="22" WC="0.91" CONTENT="hvars"/><SP WIDTH="16" VPOS="1291" HPOS="548"/>
							<String ID="string_392" HPOS="564" VPOS="1291" WIDTH="108" HEIGHT="27" WC="0.96" CONTENT="betydelse"/><SP WIDTH="10" VPOS="1291" HPOS="672"/>
							<String ID="string_393" HPOS="682" VPOS="1291" WIDTH="63" HEIGHT="26" WC="0.93" CONTENT="ingen"/><SP WIDTH="11" VPOS="1291" HPOS="745"/>
							<String ID="string_394" HPOS="756" VPOS="1290" WIDTH="155" HEIGHT="24" WC="0.92" CONTENT="underskattar,"/>
						</TextLine>
						<TextLine ID="line_39" HPOS="92" VPOS="1318" WIDTH="820" HEIGHT="28">
							<String ID="string_395" HPOS="92" VPOS="1320" WIDTH="53" HEIGHT="21" WC="0.96" CONTENT="skall"/><SP WIDTH="15" VPOS="1320" HPOS="145"/>
							<String ID="string_396" HPOS="160" VPOS="1320" WIDTH="74" HEIGHT="21" WC="0.93" CONTENT="kunna"/><SP WIDTH="15" VPOS="1320" HPOS="234"/>
							<String ID="string_397" HPOS="249" VPOS="1320" WIDTH="61" HEIGHT="21" WC="0.93" CONTENT="ernäs"/><SP WIDTH="15" VPOS="1320" HPOS="310"/>
							<String ID="string_398" HPOS="325" VPOS="1320" WIDTH="43" HEIGHT="20" WC="0.96" CONTENT="lika"/><SP WIDTH="15" VPOS="1320" HPOS="368"/>
							<String ID="string_399" HPOS="383" VPOS="1319" WIDTH="33" HEIGHT="22" WC="0.96" CONTENT="väl"/><SP WIDTH="15" VPOS="1319" HPOS="416"/>
							<String ID="string_400" HPOS="431" VPOS="1320" WIDTH="28" HEIGHT="26" WC="0.96" CONTENT="pä"/><SP WIDTH="14" VPOS="1320" HPOS="459"/>
							<String ID="string_401" HPOS="473" VPOS="1320" WIDTH="64" HEIGHT="20" WC="0.96" CONTENT="basen"/><SP WIDTH="17" VPOS="1320" HPOS="537"/>
							<String ID="string_402" HPOS="554" VPOS="1320" WIDTH="23" HEIGHT="20" WC="0.97" CONTENT="af"/><SP WIDTH="12" VPOS="1320" HPOS="577"/>
							<String ID="string_403" HPOS="589" VPOS="1320" WIDTH="59" HEIGHT="21" WC="0.96" CONTENT="detta"/><SP WIDTH="14" VPOS="1320" HPOS="648"/>
							<String ID="string_404" HPOS="662" VPOS="1318" WIDTH="85" HEIGHT="28" WC="0.96" CONTENT="förslag."/><SP WIDTH="21" VPOS="1318" HPOS="747"/>
							<String ID="string_405" HPOS="768" VPOS="1319" WIDTH="42" HEIGHT="26" WC="0.93" CONTENT="Jag"/><SP WIDTH="11" VPOS="1319" HPOS="810"/>
							<String ID="string_406" HPOS="821" VPOS="1321" WIDTH="44" HEIGHT="19" WC="0.92" CONTENT="tror"/><SP WIDTH="11" VPOS="1321" HPOS="865"/>
							<String ID="string_407" HPOS="876" VPOS="1319" WIDTH="36" HEIGHT="21" WC="0.96" CONTENT="det"/>
						</TextLine>
						<TextLine ID="line_40" HPOS="93" VPOS="1346" WIDTH="818" HEIGHT="29">
							<String ID="string_408" HPOS="93" VPOS="1348" WIDTH="23" HEIGHT="21" WC="0.96" CONTENT="sä"/><SP WIDTH="15" VPOS="1348" HPOS="116"/>
							<String ID="string_409" HPOS="131" VPOS="1348" WIDTH="82" HEIGHT="27" WC="0.93" CONTENT="mycket"/><SP WIDTH="15" VPOS="1348" HPOS="213"/>
							<String ID="string_410" HPOS="228" VPOS="1348" WIDTH="72" HEIGHT="26" WC="0.92" CONTENT="hällre,"/><SP WIDTH="11" VPOS="1348" HPOS="300"/>
							<String ID="string_411" HPOS="311" VPOS="1354" WIDTH="46" HEIGHT="16" WC="0.97" CONTENT="som"/><SP WIDTH="12" VPOS="1354" HPOS="357"/>
							<String ID="string_412" HPOS="369" VPOS="1348" WIDTH="40" HEIGHT="21" WC="0.93" CONTENT="den"/><SP WIDTH="11" VPOS="1348" HPOS="409"/>
							<String ID="string_413" HPOS="420" VPOS="1348" WIDTH="55" HEIGHT="21" WC="0.92" CONTENT="enda"/><SP WIDTH="10" VPOS="1348" HPOS="475"/>
							<String ID="string_414" HPOS="485" VPOS="1348" WIDTH="170" HEIGHT="27" WC="0.92" CONTENT="skiljaktigheten"/><SP WIDTH="11" VPOS="1348" HPOS="655"/>
							<String ID="string_415" HPOS="666" VPOS="1348" WIDTH="119" HEIGHT="26" WC="0.93" CONTENT="egentligen"/><SP WIDTH="13" VPOS="1348" HPOS="785"/>
							<String ID="string_416" HPOS="798" VPOS="1346" WIDTH="113" HEIGHT="22" WC="0.93" CONTENT="förefinnes"/>
						</TextLine>
						<TextLine ID="line_41" HPOS="92" VPOS="1376" WIDTH="819" HEIGHT="28">
							<String ID="string_417" HPOS="92" VPOS="1377" WIDTH="6" HEIGHT="21" WC="0.93" CONTENT="i"/><SP WIDTH="16" VPOS="1377" HPOS="98"/>
							<String ID="string_418" HPOS="114" VPOS="1376" WIDTH="100" HEIGHT="27" WC="0.92" CONTENT="förslaget"/><SP WIDTH="15" VPOS="1376" HPOS="214"/>
							<String ID="string_419" HPOS="229" VPOS="1383" WIDTH="34" HEIGHT="15" WC="0.93" CONTENT="om"/><SP WIDTH="16" VPOS="1383" HPOS="263"/>
							<String ID="string_420" HPOS="279" VPOS="1376" WIDTH="189" HEIGHT="22" WC="0.91" CONTENT="ästadkommande"/><SP WIDTH="15" VPOS="1376" HPOS="468"/>
							<String ID="string_421" HPOS="483" VPOS="1376" WIDTH="21" HEIGHT="22" WC="0.96" CONTENT="af"/><SP WIDTH="14" VPOS="1376" HPOS="504"/>
							<String ID="string_422" HPOS="518" VPOS="1383" WIDTH="25" HEIGHT="15" WC="0.96" CONTENT="en"/><SP WIDTH="15" VPOS="1383" HPOS="543"/>
							<String ID="string_423" HPOS="558" VPOS="1383" WIDTH="26" HEIGHT="21" WC="0.93" CONTENT="ny"/><SP WIDTH="15" VPOS="1383" HPOS="584"/>
							<String ID="string_424" HPOS="599" VPOS="1376" WIDTH="171" HEIGHT="27" WC="0.93" CONTENT="regeringsform,"/><SP WIDTH="16" VPOS="1376" HPOS="770"/>
							<String ID="string_425" HPOS="786" VPOS="1376" WIDTH="79" HEIGHT="22" WC="0.92" CONTENT="hvilket"/><SP WIDTH="14" VPOS="1376" HPOS="865"/>
							<String ID="string_426" HPOS="879" VPOS="1376" WIDTH="32" HEIGHT="21" WC="0.93" CONTENT="in-"/>
						</TextLine>
						<TextLine ID="line_42" HPOS="93" VPOS="1404" WIDTH="818" HEIGHT="27">
							<String ID="string_427" HPOS="93" VPOS="1404" WIDTH="37" HEIGHT="27" WC="0.96" CONTENT="går"/><SP WIDTH="19" VPOS="1404" HPOS="130"/>
							<String ID="string_428" HPOS="149" VPOS="1405" WIDTH="7" HEIGHT="20" WC="0.93" CONTENT="i"/><SP WIDTH="17" VPOS="1405" HPOS="156"/>
							<String ID="string_429" HPOS="173" VPOS="1405" WIDTH="159" HEIGHT="21" WC="0.96" CONTENT="reservationen"/><SP WIDTH="19" VPOS="1405" HPOS="332"/>
							<String ID="string_430" HPOS="351" VPOS="1405" WIDTH="39" HEIGHT="21" WC="0.93" CONTENT="och"/><SP WIDTH="21" VPOS="1405" HPOS="390"/>
							<String ID="string_431" HPOS="411" VPOS="1405" WIDTH="80" HEIGHT="20" WC="0.96" CONTENT="hvilket"/><SP WIDTH="13" VPOS="1405" HPOS="491"/>
							<String ID="string_432" HPOS="504" VPOS="1405" WIDTH="80" HEIGHT="26" WC="0.93" CONTENT="förslag"/><SP WIDTH="15" VPOS="1405" HPOS="584"/>
							<String ID="string_433" HPOS="599" VPOS="1405" WIDTH="75" HEIGHT="20" WC="0.96" CONTENT="vunnit"/><SP WIDTH="15" VPOS="1405" HPOS="674"/>
							<String ID="string_434" HPOS="689" VPOS="1405" WIDTH="25" HEIGHT="19" WC="0.93" CONTENT="sä"/><SP WIDTH="14" VPOS="1405" HPOS="714"/>
							<String ID="string_435" HPOS="728" VPOS="1405" WIDTH="52" HEIGHT="19" WC="0.96" CONTENT="lamt"/><SP WIDTH="15" VPOS="1405" HPOS="780"/>
							<String ID="string_436" HPOS="795" VPOS="1404" WIDTH="116" HEIGHT="20" WC="0.96" CONTENT="understöd"/>
						</TextLine>
						<TextLine ID="line_43" HPOS="92" VPOS="1432" WIDTH="819" HEIGHT="27">
							<String ID="string_437" HPOS="92" VPOS="1434" WIDTH="6" HEIGHT="20" WC="0.93" CONTENT="i"/><SP WIDTH="18" VPOS="1434" HPOS="98"/>
							<String ID="string_438" HPOS="116" VPOS="1432" WIDTH="96" HEIGHT="26" WC="0.91" CONTENT="ständen,"/><SP WIDTH="19" VPOS="1432" HPOS="212"/>
							<String ID="string_439" HPOS="231" VPOS="1433" WIDTH="6" HEIGHT="21" WC="0.96" CONTENT="i"/><SP WIDTH="18" VPOS="1433" HPOS="237"/>
							<String ID="string_440" HPOS="255" VPOS="1433" WIDTH="59" HEIGHT="21" WC="0.93" CONTENT="detta"/><SP WIDTH="15" VPOS="1433" HPOS="314"/>
							<String ID="string_441" HPOS="329" VPOS="1433" WIDTH="62" HEIGHT="21" WC="0.92" CONTENT="ständ"/><SP WIDTH="15" VPOS="1433" HPOS="391"/>
							<String ID="string_442" HPOS="406" VPOS="1432" WIDTH="82" HEIGHT="27" WC="0.92" CONTENT="knappt"/><SP WIDTH="14" VPOS="1432" HPOS="488"/>
							<String ID="string_443" HPOS="502" VPOS="1433" WIDTH="65" HEIGHT="26" WC="0.92" CONTENT="nägot"/><SP WIDTH="15" VPOS="1433" HPOS="567"/>
							<String ID="string_444" HPOS="582" VPOS="1432" WIDTH="117" HEIGHT="21" WC="0.93" CONTENT="understöd"/><SP WIDTH="14" VPOS="1432" HPOS="699"/>
							<String ID="string_445" HPOS="713" VPOS="1432" WIDTH="45" HEIGHT="21" WC="0.88" CONTENT="alls."/><SP WIDTH="20" VPOS="1432" HPOS="758"/>
							<String ID="string_446" HPOS="778" VPOS="1432" WIDTH="41" HEIGHT="26" WC="0.93" CONTENT="Jag"/><SP WIDTH="10" VPOS="1432" HPOS="819"/>
							<String ID="string_447" HPOS="829" VPOS="1432" WIDTH="82" HEIGHT="26" WC="0.92" CONTENT="hoppas"/>
						</TextLine>
						<TextLine ID="line_44" HPOS="92" VPOS="1460" WIDTH="818" HEIGHT="28">
							<String ID="string_448" HPOS="92" VPOS="1460" WIDTH="77" HEIGHT="27" WC="0.96" CONTENT="därför,"/><SP WIDTH="18" VPOS="1460" HPOS="169"/>
							<String ID="string_449" HPOS="187" VPOS="1463" WIDTH="31" HEIGHT="20" WC="0.93" CONTENT="att"/><SP WIDTH="22" VPOS="1463" HPOS="218"/>
							<String ID="string_450" HPOS="240" VPOS="1461" WIDTH="60" HEIGHT="21" WC="0.92" CONTENT="äfven"/><SP WIDTH="19" VPOS="1461" HPOS="300"/>
							<String ID="string_451" HPOS="319" VPOS="1461" WIDTH="7" HEIGHT="21" WC="0.96" CONTENT="i"/><SP WIDTH="15" VPOS="1461" HPOS="326"/>
							<String ID="string_452" HPOS="341" VPOS="1461" WIDTH="36" HEIGHT="21" WC="0.93" CONTENT="det"/><SP WIDTH="14" VPOS="1461" HPOS="377"/>
							<String ID="string_453" HPOS="391" VPOS="1461" WIDTH="132" HEIGHT="27" WC="0.91" CONTENT="högvördiga"/><SP WIDTH="14" VPOS="1461" HPOS="523"/>
							<String ID="string_454" HPOS="537" VPOS="1461" WIDTH="91" HEIGHT="26" WC="0.93" CONTENT="ständet,"/><SP WIDTH="15" VPOS="1461" HPOS="628"/>
							<String ID="string_455" HPOS="643" VPOS="1461" WIDTH="37" HEIGHT="21" WC="0.96" CONTENT="där"/><SP WIDTH="17" VPOS="1461" HPOS="680"/>
							<String ID="string_456" HPOS="697" VPOS="1460" WIDTH="69" HEIGHT="22" WC="0.96" CONTENT="denna"/><SP WIDTH="14" VPOS="1460" HPOS="766"/>
							<String ID="string_457" HPOS="780" VPOS="1460" WIDTH="130" HEIGHT="21" WC="0.96" CONTENT="reservation"/>
						</TextLine>
						<TextLine ID="line_45" HPOS="90" VPOS="1489" WIDTH="821" HEIGHT="28">
							<String ID="string_458" HPOS="90" VPOS="1490" WIDTH="24" HEIGHT="27" WC="0.95" CONTENT="ju"/><SP WIDTH="15" VPOS="1490" HPOS="114"/>
							<String ID="string_459" HPOS="129" VPOS="1490" WIDTH="38" HEIGHT="22" WC="0.96" CONTENT="har"/><SP WIDTH="16" VPOS="1490" HPOS="167"/>
							<String ID="string_460" HPOS="183" VPOS="1490" WIDTH="37" HEIGHT="21" WC="0.93" CONTENT="sitt"/><SP WIDTH="15" VPOS="1490" HPOS="220"/>
							<String ID="string_461" HPOS="235" VPOS="1489" WIDTH="86" HEIGHT="28" WC="0.90" CONTENT="upphof,"/><SP WIDTH="16" VPOS="1489" HPOS="321"/>
							<String ID="string_462" HPOS="337" VPOS="1490" WIDTH="35" HEIGHT="21" WC="0.96" CONTENT="det"/><SP WIDTH="15" VPOS="1490" HPOS="372"/>
							<String ID="string_463" HPOS="387" VPOS="1489" WIDTH="53" HEIGHT="22" WC="0.96" CONTENT="skall"/><SP WIDTH="13" VPOS="1489" HPOS="440"/>
							<String ID="string_464" HPOS="453" VPOS="1489" WIDTH="68" HEIGHT="22" WC="0.96" CONTENT="finnas"/><SP WIDTH="11" VPOS="1489" HPOS="521"/>
							<String ID="string_465" HPOS="532" VPOS="1496" WIDTH="43" HEIGHT="21" WC="0.93" CONTENT="nog"/><SP WIDTH="9" VPOS="1496" HPOS="575"/>
							<String ID="string_466" HPOS="584" VPOS="1489" WIDTH="202" HEIGHT="21" WC="0.92" CONTENT="fosterlandskärlek"/><SP WIDTH="13" VPOS="1489" HPOS="786"/>
							<String ID="string_467" HPOS="799" VPOS="1489" WIDTH="37" HEIGHT="21" WC="0.96" CONTENT="och"/><SP WIDTH="12" VPOS="1489" HPOS="836"/>
							<String ID="string_468" HPOS="848" VPOS="1489" WIDTH="63" HEIGHT="21" WC="0.97" CONTENT="tanke"/>
						</TextLine>
					</TextBlock>
				</ComposedBlock>
				<GraphicalElement ID="cblock_5" HPOS="1089" VPOS="1083" WIDTH="17" HEIGHT="682"></GraphicalElement >
			</PrintSpace>
		</Page>
	</Layout>
</alto>
