1106 1770
214 148 42 20 416
570 145 108 31 Rautatie.
885 153 27 16 29
925 157 19 15 p.
954 153 81 19 jouluk.

216 221 97 26 Kaustby
329 221 126 21 kommuner
477 222 72 19 väster
565 226 34 15 om
616 220 56 21 Vetil
687 220 13 20 ä
714 220 38 21 och
769 220 144 26 utmynnande
929 220 6 20 i
952 220 83 21 Gamla-

215 249 92 26 karleby.
324 243 19 27 Ä
359 248 66 22 andra
440 248 59 22 sidan
516 249 38 21 har
569 248 106 22 förordats
691 254 25 15 en
733 248 123 27 sträckning
870 254 122 21 gemensam
1002 248 34 22 för

216 278 40 20 den
272 276 58 22 förra
345 277 55 21 ända
414 277 31 21 till
465 277 107 26 Karstula,
588 283 47 15 men
659 276 91 22 därifrän
767 276 82 27 gäende
863 276 8 21 i
886 283 58 15 mera
959 277 78 27 västlig

216 306 96 27 riktning
331 306 30 21 till
383 306 89 21 Vindala
492 306 101 27 kyrkoby,
614 305 61 27 längs
695 305 126 27 Lappajärvi
842 306 37 26 sjö,
895 305 141 28 öfvergäende

216 335 55 21 Esse
286 334 12 21 ä
313 335 33 20 vid
363 335 59 26 sjöns
439 341 63 15 norra
518 337 64 24 spets,
604 335 70 20 vidare
694 336 71 19 väster
778 340 35 14 om
829 334 77 21 nämda
919 335 17 25 ä,
948 334 89 22 sålunda

216 363 130 27 passerande
368 362 76 22 mellan
466 363 125 27 Lappajärvi
613 363 38 21 och
667 362 133 27 Kortesjärvi
816 363 6 20 i
838 362 63 22 söder
917 366 56 18 samt
987 363 49 21 Evi-

214 392 56 26 järvi
289 392 39 20 och
346 391 102 27 Terijärvi
469 392 6 20 i
496 398 51 14 norr
573 391 31 22 till
619 392 87 21 Purmo,
721 392 55 20 Esse
792 391 39 21 och
847 391 118 22 Pedersöre
980 395 56 18 samt

216 420 115 22 förenande
348 421 33 25 sig
397 420 33 20 vid
447 420 85 21 Bennäs
553 420 77 21 station
643 420 47 21 med
703 420 166 26 järnvägslinjen
881 420 31 20 till
928 420 109 27 Uleäborg

216 449 40 20 och
271 449 91 21 bibanan
378 448 31 21 till
424 449 124 21 Jakobstad.

285 478 42 20 För
349 479 31 19 att
395 477 5 21 i
417 477 119 26 möjligaste
557 478 47 20 män
620 477 73 21 arbeta
708 476 32 21 för
762 477 171 26 förvärkligande
955 477 23 21 af
995 477 40 21 den

217 511 76 16 senare
308 505 149 27 sträckningen
474 506 98 21 nedsatte
587 505 192 27 stadsfullmäktige
792 505 7 21 i
808 505 119 22 Jakobstad
937 506 7 20 i
955 507 81 20 decem-

217 534 37 21 ber
271 534 52 21 1897
348 540 26 15 en
396 534 89 21 särskild
507 534 93 23 komitt6,
623 534 63 21 hvars
705 534 137 21 medlemmar
857 534 88 26 deltagit
959 535 7 20 i
981 540 54 16 sam-

218 563 144 21 mankomster
385 563 47 20 med
453 565 171 24 representanter
647 562 32 21 för
697 561 67 28 öfriga
779 563 7 20 i
801 561 74 28 frägan
893 563 144 22 intresserade

217 591 132 21 kommuner.
380 592 39 20 Vid
440 595 30 17 ett
490 593 56 19 möte
562 592 5 20 i
583 591 125 27 Lappajärvi
724 591 7 20 i
746 590 94 22 februari
857 591 54 22 1898
926 591 109 22 förordna-

216 619 38 22 des
270 620 148 21 instrumental
437 620 39 21 och
492 620 84 21 teknisk
596 619 160 26 undersökning
773 619 22 22 af
812 620 96 21 sträckan
936 620 99 22 Karstula

216 648 120 21 —Bennäs.

286 677 39 21 Vid
350 677 35 21 det
406 679 62 24 möte,
490 683 45 15 som
559 677 40 21 den
614 677 26 21 27
662 677 39 20 och
721 676 27 21 28
764 677 46 26 juni
829 677 52 21 1898
898 677 53 25 egde
966 684 46 14 rum
1029 678 6 20 i

218 705 160 27 Gamlakarleby
394 706 47 21 med
457 706 137 21 medlemmar
609 705 23 22 af
644 705 40 21 den
698 705 22 21 af
729 708 87 18 senaten
832 705 88 22 tillsatta
932 706 102 21 komitten

217 735 7 20 i
239 734 39 21 och
292 733 32 22 för
336 735 156 20 värkställande
503 735 23 20 af
536 734 125 21 ekonomisk
675 734 158 27 undersökning
841 734 23 21 af
869 735 104 21 särskilda
978 735 57 27 järn-

218 763 200 27 vägssträckningar
433 764 6 20 i
455 763 77 25 landet,
547 763 110 21 framhöllo
672 763 131 21 Jakobstads
818 766 173 23 representanter
1003 765 32 20 sä-

218 798 45 15 som
288 792 98 26 önskligt,
408 795 30 18 att
461 798 25 15 en
509 793 59 24 bana,
589 798 46 15 som
657 798 48 14 man
727 791 25 22 dä
771 791 53 22 hade
840 792 59 21 tänkt
916 793 33 26 sig
964 793 71 21 såsom

218 820 131 27 smalspärig,
364 821 70 20 blefve
449 821 78 26 dragen
543 820 45 22 frän
603 820 94 22 Suolahti
709 827 75 20 genom
800 820 117 27 Saarijärvi,
929 821 106 26 Karstula,

218 849 96 25 Vindala,
324 849 125 27 Lappajärvi
460 851 54 19 samt
531 849 70 22 vidare
617 851 71 19 väster
703 855 33 15 om
750 849 94 26 Evijärvi
855 849 32 27 sjö
899 856 76 20 genom
987 850 49 21 Evi-

215 877 56 27 järvi
286 877 84 23 socken,
436 885 12 14 e
468 878 79 21 Purmo
564 878 36 21 och
620 877 118 21 Pedersöre
755 877 30 21 till
801 878 86 20 Bennäs
903 879 78 21 station
997 879 39 21 och

218 905 91 22 därifrän
326 906 72 21 vidare
423 906 21 21 till
459 906 130 22 Jakobstads
606 906 69 21 hamn.

285 934 41 22 Till
346 935 127 27 landtdagen
492 935 22 21 är
534 935 55 22 1900
606 934 60 28 ingaf
678 937 175 24 representanten
869 935 33 21 för
917 936 119 22 Jakobstad

218 966 30 18 ett
263 964 212 26 petitionsmemorial
490 964 6 20 i
512 964 59 27 syfte,
587 966 31 19 att
633 963 150 21 instrumental
799 964 160 27 undersökning
974 964 22 21 af
1009 971 25 15 en

215 992 110 26 järnbana,
342 992 105 26 utgäende
462 992 45 22 frän
525 993 85 21 Bennäs
626 992 77 21 station
719 992 12 20 ä
747 992 118 28 Uleäborgs
878 993 69 21 banan
959 1000 76 20 genom

218 1021 79 20 Purmo
320 1020 40 22 och
382 1020 94 27 Evijärvi
494 1021 29 21 till
544 1021 125 27 Lappajärvi
686 1023 54 18 samt
759 1020 91 22 därifrän
870 1022 116 21 eventuellt
1005 1022 31 21 till

219 1049 101 24 Suolahti,
336 1050 48 20 med
406 1050 114 26 görligaste
542 1050 67 21 första
629 1050 27 26 pä
676 1052 82 18 statens
776 1049 119 22 bekostnad
912 1051 123 21 värkställes

217 1078 109 21 äfvensom
337 1081 31 18 att
378 1078 78 27 nödiga
465 1079 69 20 medel
549 1078 32 22 för
597 1078 112 21 utförande
720 1078 22 20 af
752 1078 103 21 bandelen
867 1079 168 27 Bennäs—Lap-

218 1106 80 27 pajärvi
320 1106 131 22 omedelbart
472 1108 80 23 anslås;
572 1107 50 21 eller
642 1107 40 21 ock
699 1109 37 22 att,
754 1107 72 21 därest
847 1114 24 14 en
888 1108 65 21 sådan
971 1108 64 21 banas

218 1134 112 22 utförande
345 1135 84 22 komme
445 1136 30 20 till
497 1136 61 21 stånd
577 1136 27 27 pä
619 1135 83 21 enskild
719 1137 45 25 väg,
784 1136 130 21 statsvärket
929 1137 27 21 dä
971 1137 65 21 måtte

219 1164 86 26 bidraga
320 1164 32 20 till
367 1165 115 26 företagets
499 1164 111 22 utförande
626 1164 47 21 med
689 1164 129 21 åtminstone
829 1164 79 22 hälften
919 1165 23 21 af
950 1166 85 26 anlägg-

218 1192 170 28 ningskapitalet.

286 1221 70 21 Sedan
378 1221 115 21 emellertid
513 1221 208 27 järnvägsutskottet
740 1222 34 21 vid
795 1222 77 21 nämda
887 1222 102 27 landtdag
1004 1222 32 21 af-

218 1249 68 26 styrkt
301 1249 116 27 petitionen
434 1255 34 15 om
484 1256 25 15 en
527 1249 157 27 undersökning
699 1249 22 22 af
732 1251 99 21 sträekan
849 1251 100 20 Bennäs—
960 1251 76 21 Vinda-

218 1278 41 20 la—
268 1273 95 36 Suolahti
386 1278 38 21 och
444 1284 26 15 en
490 1278 90 27 petition
596 1279 6 20 i
618 1278 75 21 sådant
714 1279 56 26 syfte
790 1279 81 21 således
887 1282 72 23 syntes
975 1278 62 22 hafva

217 1306 49 24 föga
286 1305 92 21 utsikter
400 1308 31 18 att
454 1306 101 20 omfattas
574 1306 22 20 af
614 1307 118 22 ständerna,
751 1307 69 20 beslöt
835 1307 129 20 Jakobstads
978 1307 58 26 järn-

217 1332 142 27 vägskomitt6
382 1335 32 19 att
429 1333 51 20 söka
494 1333 147 21 åstadkomma
660 1340 26 14 en
702 1334 65 21 sådan
783 1334 161 26 undersökning
959 1335 27 25 pä
1001 1341 35 14 en-

217 1360 54 22 skild
288 1362 46 26 väg.
364 1361 10 20 I
395 1361 75 21 sädant
488 1360 100 22 afseende
607 1361 147 27 uppmanades
772 1362 6 20 i
794 1362 123 21 skrifvelser
928 1362 30 21 till
977 1362 59 22 kom-

216 1389 323 22 munalstämmoordförandena
553 1390 7 20 i
576 1390 84 25 Purmo,
676 1390 100 28 Evijärvi,
792 1391 90 21 Vindala
902 1390 39 22 och
955 1391 81 27 Lappa-

213 1418 63 27 järvi,
297 1418 68 22 under
386 1418 124 27 päpekande
524 1418 23 22 af
566 1419 160 27 sträckningens
743 1418 92 23 fördelar
849 1419 33 22 för
898 1420 63 21 dessa
976 1420 59 21 kom-

217 1453 81 19 muner,
314 1448 63 21 dessa
392 1449 30 19 att
438 1447 70 27 utlysa
522 1447 226 22 kommunalstämmor
758 1448 33 21 för
805 1449 120 21 utrönande
935 1448 26 25 af,
972 1449 64 21 huru-

217 1476 49 21 vida
280 1476 64 22 dessa
361 1476 126 21 kommuner
505 1482 51 16 vore
576 1476 72 28 villiga
667 1479 31 19 att
716 1476 84 27 deltaga
818 1478 6 20 i
843 1477 144 22 kostnaderna
1003 1478 33 21 för

216 1511 26 15 en
259 1504 85 22 teknisk
362 1504 40 22 och
417 1505 150 21 instrumental
585 1506 160 27 undersökning
760 1506 22 21 af
802 1506 98 22 sträckan
922 1507 114 21 Bennäs—

216 1533 91 21 Vindala
329 1534 100 27 kyrkoby.
460 1534 10 20 I
490 1534 125 22 skrifvelsen
637 1534 116 26 framhölls,
775 1537 31 19 att
828 1536 74 20 staden
919 1535 118 22 Jakobstad
