1103 1775
202 160 26 20 18
503 164 143 18 Puhemiehen
657 164 61 20 puhe.
884 164 14 16 8
908 168 21 16 p.
941 163 83 20 jouluk.

200 233 169 22 lakimääräisille
392 232 149 33 valtiopäiville
555 232 95 22 olemaan
667 232 112 21 osallisena
803 231 218 33 lainsäädäntötyössä

200 262 57 21 niillä
273 261 124 22 oikeuksilla
409 262 24 26 ja
442 261 193 25 velvollisuuksilla,
645 260 61 27 jotka
716 260 143 27 perustuslaki
870 262 76 24 säätää,
957 260 64 21 esiin-

201 292 37 20 tuo
260 290 161 27 Porvarissääty
443 290 180 21 alamaisuudessa
644 289 86 21 hartaan
747 288 173 22 toivomuksensa
936 290 42 20 että
993 288 31 22 K.

200 318 128 28 Majesteetti
351 324 27 15 on
401 318 127 22 kannattava
551 318 92 22 Suomen
664 318 159 26 valtiosäätyjen
846 317 88 21 vakaata
949 316 73 28 pyrki-

200 349 69 25 mystä
283 347 105 25 laillisten,
404 347 149 21 säännöllisten
570 347 68 27 olojen
655 346 182 27 palauttamiseksi
851 346 137 21 maahamme.

268 376 125 21 Toivottaen
419 375 166 22 Kaikkivaltiaan
602 381 73 16 armoa
687 375 23 27 ja
725 375 111 21 siunausta
850 375 76 21 Hänen
943 374 77 27 Majes-

200 404 119 22 teetillensa
338 404 112 22 Keisarille
463 404 23 27 ja
501 404 191 22 Suuriruhtinaalle
704 403 24 27 ja
742 403 56 22 koko
815 403 115 21 Korkealle
946 403 77 21 Keisa-

200 433 93 22 rilliselle
310 433 119 21 Huoneelle
451 434 76 26 pyytää
550 432 157 27 porvarissääty
728 432 70 22 teidän
821 432 155 21 ruhtinaallista
990 432 33 26 yl-

200 462 147 28 häisyyttänne
365 464 128 19 saattamaan
510 463 63 19 nämä
588 461 78 27 säädyn
682 461 157 21 alamaisuuden
853 461 23 27 ja
891 460 128 22 uskollisuu-

200 492 40 20 den
257 493 83 19 tunteet
355 490 92 22 korkean
463 490 156 22 valtaistuimen
635 493 66 18 eteen.

267 548 46 22 Hra
335 548 204 27 puhemiehen
561 548 41 21 sitä
620 547 97 28 kysyttyä
736 547 64 21 selitti
819 549 58 25 sääty
893 547 126 27 puolestaan

200 577 161 28 hyväksyvänsä
377 576 72 22 luetun
466 577 90 27 puheen.

267 727 107 22 Esiteltiin
396 726 298 28 Pikakirjoitus-yhdistyksen
717 726 114 21 lähettämä
853 726 48 21 näin
923 726 97 21 kuuluva

198 756 105 27 kirjelmä:

473 814 40 21 Till
528 813 100 22 Finlands
644 813 92 21 ständer.

266 871 11 22 I
295 871 94 28 enlighet
404 871 47 22 med
467 872 35 21 det
517 871 98 28 uppdrag
635 870 115 22 ständerna
764 871 36 21 vid
815 872 85 20 senaste
914 870 103 28 landtdag

197 900 80 22 lämnat
293 900 159 27 Stenografiska
466 900 124 27 föreningen
606 900 7 21 i
628 900 89 21 Finland
732 900 7 21 i
754 900 39 21 och
808 900 31 21 för
854 900 127 26 vidtagande
994 899 26 22 af

196 928 156 23 förberedelser
373 929 32 21 för
421 929 146 22 anordnandet
582 928 22 22 af
617 929 40 21 den
674 928 154 28 stenografiska
842 928 172 27 protokollförin-

198 964 40 20 gen
258 958 35 21 vid
311 958 143 21 innevarande
473 958 149 25 ständermöte,
640 956 32 23 får
691 956 158 28 Stenografiska
867 956 124 28 föreningen
1007 958 7 20 i

196 986 58 22 detta
269 986 99 22 afseende
383 986 31 22 till
430 987 125 21 ständernas
575 986 100 28 pröfning
688 986 129 22 öfverlämna
827 985 91 28 följande
928 986 89 27 förslag.

265 1015 158 27 Stenografiska
437 1014 123 29 föreningen
575 1015 76 21 tilläter
662 1015 33 27 sig
704 1014 40 22 hos
754 1015 83 21 landets
855 1015 86 21 ständer
952 1015 62 21 vörd-

196 1047 56 18 samt
269 1043 83 25 föreslä,
371 1046 31 19 att
420 1044 34 21 vid
472 1044 73 27 hvarje
563 1044 63 22 ständ
641 1044 100 21 anställes
757 1050 26 15 en
799 1043 162 27 stenografchef,
976 1050 38 14 an-

196 1073 71 27 svarig
285 1072 32 22 för
335 1072 210 28 protokollföringen,
560 1073 67 27 jämte
642 1072 74 27 nödigt
732 1072 57 22 antal
804 1072 210 27 stenografbiträden

195 1101 39 21 och
249 1101 262 27 renskrifningspersonal.

263 1130 134 27 Föreningen
413 1130 31 22 fär
460 1130 78 21 föreslä
553 1130 31 22 till
599 1130 48 21 chef
661 1129 32 22 för
709 1129 202 27 stenografkansliet
926 1130 34 21 vid

276 1182 147 26 ridderskapet
446 1181 39 22 och
499 1181 61 22 adeln
586 1181 117 27 löjtnanten
719 1181 86 27 August
819 1181 107 22 Fabritius

276 1205 159 36 prästeständet
586 1209 29 22 fil.
630 1210 62 21 kand.
707 1210 23 21 F.
746 1210 32 21 W.
794 1210 109 21 Kadenius

276 1235 174 35 horgareständet
586 1245 19 15 v.
619 1238 136 21 häradshöfd.
772 1238 20 21 S.
808 1237 94 23 Hällfors

276 1263 154 35 bondeständet
585 1267 83 21 lektorn
685 1267 69 21 Oskar
769 1267 120 27 Blomqvist

261 1318 74 21 Under
353 1318 158 26 förutsättning,
530 1321 31 18 att
576 1319 83 20 landets
675 1319 86 20 ständer
777 1319 66 19 önska
857 1321 32 18 att
904 1319 108 26 trycknin-

192 1352 40 20 gen
250 1346 23 21 af
285 1345 134 27 protokollen
436 1346 52 21 skall
504 1345 126 22 värkställas
645 1346 47 20 med
708 1347 40 20 den
764 1346 157 27 skyndsamhet,
936 1349 32 18 att
983 1347 28 21 de

192 1374 67 21 under
277 1374 140 27 landtdagens
435 1375 51 26 lopp
502 1374 72 22 kunna
589 1374 82 22 utdelas
686 1374 7 21 i
709 1377 80 19 smärre
812 1374 77 26 häften,
905 1375 32 20 får
954 1374 58 21 före-

191 1403 77 28 ningen
284 1403 117 25 hemställa,
416 1403 105 22 huruvida
535 1403 46 22 icke
595 1409 80 15 samma
685 1403 125 27 anordning,
821 1409 46 16 som
879 1403 34 22 vid
924 1406 88 19 senaste

190 1432 101 27 landtdag
308 1431 65 28 följts,
391 1431 61 22 äfven
472 1438 28 15 nu
519 1431 71 22 kunde
611 1432 101 27 vidtagas,
728 1432 106 27 nämligen
849 1434 32 20 att
896 1433 26 21 de
937 1433 73 26 talare,

190 1467 45 15 som
257 1461 68 22 önska
343 1461 105 27 genomgå
466 1461 46 21 sina
529 1461 119 27 yttranden,
668 1467 76 21 genom
765 1461 243 27 stenografkansliernas

189 1489 85 28 försorg
291 1489 57 28 finge
363 1490 33 27 sig
411 1490 109 21 desamma
535 1490 105 25 tillsända,
655 1489 106 22 hvarefter
777 1490 80 21 talaren
872 1491 58 21 inom
946 1497 26 15 en
988 1490 25 22 af

190 1519 83 21 ståndet
296 1519 97 21 bestämd
416 1519 36 26 tid,
474 1521 15 18 t.
511 1525 31 16 ex.
560 1519 28 21 24
607 1519 83 21 timmar
706 1519 53 22 efter
773 1519 165 28 emottagandet,
954 1520 56 27 ägde

187 1547 109 22 återställa
310 1547 132 27 yttrandena,
458 1547 72 22 hvilka
545 1547 92 22 därefter
652 1547 68 22 skulle
734 1554 63 15 anses
809 1548 117 27 justerade.
