1103 1773
75 138 28 16 23
114 142 19 16 p.
144 137 80 20 jouluk.

419 129 125 35 Paino-olot.
854 128 41 21 295

76 205 28 22 oli
126 205 59 27 tehty
207 206 53 25 siitä,
283 206 64 21 mihin
369 206 175 26 täysi-istuntoon
562 205 45 22 asia
622 204 47 22 olisi
685 204 97 27 pöydälle
797 205 97 26 pantava,

77 234 78 26 säädyn
171 234 152 21 vastattavaksi
338 240 117 15 seuraavan
472 233 215 28 äänestysesityksen:

144 295 40 27 Ne,
201 295 63 28 jotka
280 296 98 20 tahtovat
389 302 79 21 panna
483 295 226 21 anomusehdotuksen
720 294 103 28 pöydälle
838 294 56 21 ensi-

75 324 97 21 mäiseen
193 324 182 27 täysi-istuntoon
393 330 89 15 vuonna
500 324 64 25 1905,
579 325 128 19 äänestävät
716 323 54 27 jaa;
787 329 33 20 ne,
831 322 63 28 jotka

75 353 45 20 sitä
134 353 59 21 eivät
209 353 70 25 tahdo,
292 354 127 19 äänestävät
435 353 31 25 ei;

138 405 38 26 jos
194 404 21 21 ei
233 404 89 27 voittaa,
341 404 52 21 niin
408 406 62 25 sääty
486 411 28 14 on
527 406 91 25 pannut
632 403 65 22 asian
710 403 102 28 pöydälle
827 409 66 15 sano-

77 435 40 18 tun
133 433 83 21 vuoden
233 433 79 21 toiseen
329 433 187 27 täysi-istuntoon.

143 496 111 21 Ei-äänien
270 496 87 21 voitolla
372 496 55 21 ollen
442 496 67 27 päätti
525 497 58 25 sääty
598 501 71 22 panna
679 495 58 21 asian
749 495 96 27 pöydälle
856 495 39 21 toi-

77 530 49 15 seen
142 525 174 26 täysi-istuntoon
332 531 86 14 vuonna
434 524 60 21 1905.

143 656 107 21 Esiteltiin
266 656 38 21 hra
343 656 193 21 Söderholmin
553 656 92 27 säädylle
660 658 84 19 antama
759 656 135 27 säätyesitys-

75 685 98 26 ehdotus,
186 685 52 27 joka
252 685 28 21 oli
295 686 49 20 näin
360 685 102 21 kuuluva:

308 755 39 21 Till
363 754 105 28 vällofliga
482 754 182 28 borgareständet.

145 812 111 22 Saknaden
275 812 23 22 af
314 812 79 28 tydliga
412 813 159 27 bestämningar
590 818 35 16 om
640 812 179 27 rättsgiltigheten
834 812 38 21 här
887 812 7 21 i

75 842 72 20 landet
169 841 23 21 af
213 841 123 27 äktenskap,
359 848 46 14 som
421 841 68 21 finska
504 842 140 26 medborgare
658 841 71 21 knutit
743 841 8 21 i
765 843 65 19 annat
845 841 49 21 land

76 873 50 18 utan
149 872 32 19 att
203 870 73 21 därvid
299 870 55 21 hvad
371 869 56 22 finsk
445 870 36 27 lag
496 870 85 27 stadgar
597 876 34 15 om
647 870 129 27 äktenskaps
791 870 103 27 ingäende

75 899 114 26 iakttagits,
212 899 42 25 har,
277 899 66 21 sedan
366 899 155 26 utvandringen
543 899 47 21 från
609 899 90 21 Finland
717 899 31 20 till
763 898 131 21 främmande

75 927 74 22 länder
171 927 46 22 nätt
234 928 41 21 den
291 927 133 27 omfattning,
439 930 31 19 att
485 927 79 22 antalet
578 927 111 22 landsmän
705 929 84 19 ensamt
803 927 7 21 i
825 927 69 21 Nord-

75 955 104 22 amerikas
198 956 92 22 Förenta
308 958 66 19 stater
389 956 61 21 torde
464 956 73 21 kunna
547 957 126 26 uppskattas
683 956 31 21 till
725 956 72 21 bortät
805 956 89 26 100,000

75 991 110 20 personer,
203 984 61 28 gifvit
281 985 115 26 anledning
411 985 31 21 till
456 985 109 22 kännbara
580 985 140 26 olägenheter.
751 985 42 21 Vid
807 985 87 26 ingäen-

77 1014 36 21 det
135 1013 23 22 af
179 1013 103 28 giftermäl
306 1015 6 20 i
332 1014 36 21 det
389 1013 132 22 främmande
543 1013 72 22 landet
636 1015 67 20 möter
721 1013 44 22 ofta
780 1013 113 27 svärighet,

75 1049 35 14 om
130 1042 17 27 ej
165 1045 48 18 rent
227 1042 23 21 af
264 1043 128 26 omöjlighet,
407 1044 31 19 att
453 1042 61 21 ställa
529 1043 33 26 sig
576 1042 32 21 till
623 1042 140 21 efterrättelse
778 1042 55 21 finsk
848 1042 45 26 lags

75 1071 132 21 föreskrifter
222 1071 80 21 härom.
325 1071 104 27 Vanligen
443 1071 100 21 förrättas
559 1071 81 27 vigseln
655 1070 23 21 af
690 1072 113 25 prästerna
812 1071 35 20 vid
857 1071 37 20 nä-

77 1102 36 23 got
128 1099 23 21 af
164 1100 26 20 de
206 1100 37 20 där
258 1099 134 22 existerande
406 1099 200 27 kyrkosamfunden,
622 1099 70 21 hvilka
706 1099 7 20 i
728 1099 165 22 Nordamerikas

75 1128 94 21 Förenta
191 1130 65 19 stater
277 1128 45 21 icke
337 1130 37 19 äro
390 1128 199 21 statsinstitutioner
605 1127 51 22 eller
671 1133 37 16 ens
725 1128 33 21 stä
773 1128 68 21 under
852 1131 42 18 sta-

75 1159 48 18 tens
147 1156 93 27 uppsikt,
261 1156 51 21 eller
333 1156 40 21 ock
394 1156 54 21 inför
464 1156 108 27 borgerlig
586 1156 129 27 myndighet.
744 1156 66 27 Regel
825 1158 23 19 är
863 1159 31 18 att

76 1185 150 26 äktenskapets
250 1184 119 22 afslutande
391 1185 6 20 i
416 1185 62 21 dessa
492 1184 37 22 fall
543 1185 45 21 icke
603 1184 84 27 föregäs
703 1183 22 22 af
738 1185 89 26 lysning,
843 1186 51 19 enär

77 1214 64 21 sådan
163 1213 45 21 icke
230 1215 23 19 är
276 1214 38 21 där
335 1213 106 27 pähjuden
465 1213 39 22 och
525 1213 199 22 ästadkommandet
750 1212 23 22 af
788 1213 106 26 lysning
877 1208 20 37 i

76 1242 121 21 hemlandet
212 1243 24 19 är
250 1242 87 21 förenad
352 1242 49 21 med
417 1244 58 19 stora
490 1242 116 27 omgängar
622 1241 39 22 och
676 1241 136 22 tidsutdräkt.

165 1271 102 21 tervända
289 1270 101 21 makarna
411 1271 65 20 sedan
497 1270 31 21 till
544 1270 122 22 hemlandet
680 1270 39 21 och
735 1271 52 26 göra
802 1270 92 26 anspräk

76 1300 33 27 pä,
124 1302 31 19 att
177 1299 62 22 deras
257 1299 118 27 äktenskap
391 1299 51 21 skall
458 1299 80 22 införas
552 1299 8 21 i
574 1299 173 27 kyrkoböckerna
762 1301 55 19 samt
833 1299 61 21 deras

76 1328 45 21 däri
143 1328 65 21 födda
228 1329 52 20 barn
303 1328 108 21 betraktas
427 1328 71 21 såsom
516 1328 54 26 äkta,
585 1328 80 21 händer
681 1328 40 25 det,
737 1330 31 18 att
783 1327 64 22 dessa
861 1334 33 21 yr-

76 1357 83 21 kanden
180 1356 45 21 icke
240 1356 82 22 bifallas
337 1356 24 21 af
373 1357 160 21 vederbörande
547 1357 143 26 prästerskap.
720 1357 38 20 Att
772 1356 73 21 fordra
859 1357 36 20 det

76 1385 79 20 sådana
170 1391 103 20 personer
289 1385 61 20 skola
363 1385 131 21 underkasta
508 1385 33 26 sig
555 1385 85 26 lysning
654 1385 39 21 och
703 1391 29 20 ny
741 1385 68 26 vigsel
819 1385 7 20 i
836 1385 58 21 hem-

75 1412 73 21 landet
163 1413 68 20 måste
245 1412 33 21 för
293 1413 112 20 makarnas
421 1411 81 28 sedliga
516 1412 74 21 känsla
605 1412 95 21 förefalla
714 1413 7 20 i
736 1412 43 26 hög
795 1413 51 25 grad
861 1413 33 20 så-

76 1441 71 25 rande,
168 1441 27 21 då
209 1443 45 19 mot
269 1441 61 21 deras
345 1440 98 26 förening
457 1440 45 22 icke
517 1441 41 20 kan
573 1440 103 21 invändas
691 1441 65 20 annat
771 1442 26 19 än
813 1442 31 19 att
859 1440 35 21 vid

76 1470 50 21 dess
151 1469 120 22 afslutande
296 1468 114 28 tillämpats
425 1469 67 21 andra
513 1468 188 22 formföreskrifter
723 1470 26 19 än
772 1468 38 22 här
833 1468 59 27 gälla.

77 1498 104 22 Stundom
197 1498 94 22 inträffar
306 1499 36 21 det
357 1498 66 26 äfven,
438 1499 31 20 att
484 1498 79 26 makar,
574 1504 46 15 som
634 1498 6 20 i
651 1497 100 22 Amerika
761 1496 68 23 blifvit
839 1504 56 15 sam-

76 1528 113 27 manvigda
206 1530 49 19 utan
268 1527 129 27 föregången
412 1527 90 27 lysning,
518 1527 35 21 vid
568 1526 143 22 återkomsten
727 1526 31 22 till
773 1526 121 22 hemlandet
