1103 1770
202 144 43 21 406
489 140 243 32 Prokuraattorinvirka.
872 147 27 17 29
911 151 20 16 p.
941 147 82 20 jouluk.

203 217 101 22 Finlands
326 217 76 21 sällhet
423 217 130 20 inrättandet
573 215 23 22 af
612 218 31 19 ett
659 215 141 26 ämbetsvärk,
816 215 22 21 ät
853 215 80 21 hvilket
951 215 71 21 ombe-

203 249 46 18 tros
265 245 82 22 landets
367 245 105 21 allmänna
492 245 96 26 styrelse,
604 244 17 27 ej
639 244 82 21 mindre
736 245 27 20 än
778 243 111 28 uppgiften
904 245 32 20 att
953 243 70 28 »gifva

203 274 87 27 lagarna
313 273 72 27 styrka
402 273 38 21 och
456 273 147 22 värksamhet»
621 274 56 20 samt
693 273 66 21 »vaka
774 272 59 21 öfver
849 272 116 21 rättvisans
981 271 41 22 ski-

203 303 89 27 pande».
314 303 10 20 I
341 308 80 15 samma
436 302 83 27 ingress
536 304 62 25 säges
613 301 109 27 därjämte,
737 303 32 19 att
783 301 138 21 omförmälda
931 301 92 21 ämbets-

204 331 52 22 värk
279 331 87 21 försetts
385 330 49 21 med
456 331 124 27 »tillräcklig
595 330 58 21 makt
668 330 30 21 till
714 330 97 27 lagarnas
826 329 76 28 hägn».
933 329 69 22 Dessa
1017 330 6 21 i

204 359 203 22 stiftelseurkunden
431 359 31 21 för
484 358 226 28 regeringskonseljen,
730 359 121 21 sedermera
875 358 91 21 benämd
979 358 44 27 kej-

204 389 77 26 serliga
297 391 87 18 senaten
400 387 31 22 för
447 388 95 25 Finland,
558 388 104 27 ingäende
677 387 107 27 upphöjda
800 387 39 21 ord
853 386 62 22 hafva
930 393 26 15 en
972 387 51 27 djup

203 417 102 22 moralisk
327 417 39 21 och
387 417 85 26 politisk
494 417 104 21 innebörd
620 419 56 18 samt
692 416 96 27 uttrycka
803 416 77 21 därhos
896 422 26 15 en
937 415 86 28 förplik-

204 446 63 21 tande
282 445 55 27 vilja,
352 445 64 21 hvars
432 445 54 21 band
503 445 56 21 tiden
576 445 18 27 ej
612 445 80 21 mäktat
707 444 50 22 lösa.
780 444 43 21 Det
837 444 80 27 äligger
933 444 90 21 sälunda

205 474 84 21 landets
305 474 76 26 högsta
396 474 143 26 styrelsevärk
554 476 30 18 att
600 473 78 27 styrka,
693 472 143 28 upprätthälla
851 473 39 21 och
902 472 70 28 hägna
984 472 39 27 lag.

204 503 65 21 Detta
284 502 47 21 ädla
345 502 42 21 kall
403 502 30 20 till
454 502 47 21 stöd
520 504 22 19 är
558 501 105 22 instiftadt
678 504 31 18 ett
724 502 100 20 särskildt
840 502 88 24 ämbete,
943 501 79 27 proku-

204 534 85 18 ratorns
305 532 5 20 i
327 530 112 27 kejserliga
454 533 94 20 senaten,
564 531 12 21 å
591 530 83 21 hvilken
690 530 124 21 ankommer
829 532 31 19 att
875 530 55 21 tillse
942 530 36 21 det
988 530 35 26 lag

205 560 76 21 varder
304 560 12 20 å
338 559 41 21 alla
401 559 157 21 ämbetsställen
581 559 107 26 iakttagen
704 561 56 19 samt
778 562 43 17 »att
835 558 45 21 icke
895 559 70 26 någon
981 558 42 27 hög

204 588 51 21 eller
271 588 40 27 låg,
327 588 32 20 rik
375 588 50 20 eller
440 587 62 27 fattig
517 588 35 21 må
566 588 6 20 i
589 588 31 20 sin
637 587 130 27 tillständiga
782 589 41 19 rätt
839 586 64 22 blifva
918 587 103 21 lidande.»

204 617 47 21 Den
267 617 6 21 i
289 616 154 27 prokuratorns
466 616 56 21 hand
545 616 61 27 lagda
628 616 106 20 eminenta
748 615 98 21 funktion
862 616 71 20 såsom
949 615 73 28 lagens

204 646 76 26 högsta
297 645 85 21 väktare
397 647 23 18 är
436 645 98 21 särskildt
551 645 122 21 framhållen
691 645 29 20 uti
736 645 127 26 stadgandet
874 645 6 20 i
891 645 11 26 $
914 645 11 20 7
936 644 23 21 af
969 645 52 20 1812

203 674 36 21 års
255 673 274 28 prokuratorsinstruktion,
546 673 146 22 innehållande
707 676 31 18 att
750 673 142 26 prokuratorn
903 673 58 26 egde,
969 668 7 37 i
973 672 49 21 fall

205 703 219 27 generalguvernören
440 702 50 21 eller
505 701 220 28 regeringskonseljen
741 701 35 22 vid
792 701 124 27 utöfningen
930 701 23 22 af
961 701 61 22 deras

204 731 98 22 ämbeten
325 731 68 21 skulle
415 730 46 21 från
484 731 35 26 lag
541 731 38 21 och
603 730 148 27 författningar
766 729 75 26 afvika,
861 730 96 21 däremot
972 731 51 26 göra

203 759 148 27 föreställning
367 759 38 21 och
421 759 35 20 det
472 759 124 27 lagstridiga
610 759 66 21 tillika
692 758 106 27 uppgifva,
815 759 74 20 medan
901 765 34 14 om
947 759 76 21 sådant

203 787 69 22 blefve
295 788 94 21 lämnadt
412 790 49 18 utan
485 787 193 28 uppmärksamhet,
696 787 142 27 prokuratorn
857 793 51 15 vore
924 787 99 26 obetaget

203 820 30 18 att
249 816 64 21 saken
329 816 31 21 till
379 816 60 21 Hans
458 816 98 27 Majestät
573 816 102 26 Kejsaren
693 815 38 22 och
748 815 132 21 Storfursten
895 816 7 20 i
919 815 103 22 underdå-

204 845 73 27 nighet
292 845 155 26 omständligen
463 845 111 20 inberätta.

272 873 74 21 Under
362 873 40 21 den
417 873 31 20 tid
463 872 23 21 af
499 875 59 19 snart
573 875 31 19 ett
619 872 57 21 sekel
692 873 90 20 Finland
797 873 55 20 varit
861 872 98 21 förenadt
975 873 47 20 med

203 901 157 27 kejsaredömet
374 901 106 27 Ryssland
496 902 37 20 har
548 901 235 27 prokuratorsämbetet
797 901 83 26 utgjort
895 903 55 19 samt
965 901 7 20 i
987 901 36 21 det

203 930 106 21 allmänna
324 930 149 20 medvetandet
487 929 107 21 framstått
610 930 69 20 såsom
694 932 31 18 ett
735 929 109 21 värksamt
854 929 48 21 stöd
913 928 34 22 för
959 931 62 19 rätts-

203 959 118 26 ordningen
337 958 7 21 i
359 958 76 21 landet.
466 958 32 20 En
514 958 54 21 ökad
584 958 108 26 betydelse
708 957 82 21 tillkom
806 958 65 26 sagda
883 958 90 25 ämbete,
989 958 32 24 då,

204 987 47 21 med
267 987 150 21 föranledande
435 986 23 21 af
474 993 25 14 en
516 986 131 26 ständernas,
664 986 123 26 visserligen
803 992 45 15 mer
863 986 46 22 vidt
924 986 98 27 syftande

203 1015 162 27 framställning,
380 1015 142 27 prokuratorn
539 1021 76 21 genom
632 1015 19 21 k.
666 1014 13 21 f.
695 1015 39 21 den
751 1015 12 21 8
779 1015 40 26 maj
841 1015 54 21 1876
907 1014 71 22 ålades
991 1016 31 20 att

204 1044 30 21 till
257 1044 72 27 hvarje
352 1044 144 21 ständermöte
514 1044 108 20 inkomma
643 1044 46 20 med
708 1050 25 14 en
750 1043 92 27 skriftlig
857 1043 113 21 berättelse
986 1050 34 14 om

203 1073 170 27 rättskipningen
389 1072 38 21 och
442 1072 98 26 lagarnas
555 1072 161 21 handhafvande
732 1072 95 21 ilandet.
849 1072 123 21 Emellertid
983 1072 38 21 har

204 1108 75 20 genom
296 1107 26 15 en
337 1101 125 26 författning
477 1100 22 22 af
512 1101 40 21 den
568 1101 13 21 8
597 1100 120 27 september
734 1100 59 26 1902,
809 1100 84 22 hvilken
908 1100 113 22 förklarats

203 1130 61 21 träda
279 1130 6 21 i
301 1129 55 22 kraft
371 1130 40 20 den
428 1130 10 20 1
455 1129 89 21 oktober
561 1129 60 26 1903,
640 1129 2 21 i
659 1129 100 21 samband
776 1129 48 21 med
839 1136 26 14 en
876 1129 145 27 omorganisa-

203 1159 45 21 tion
271 1158 22 21 af
313 1158 35 21 det
370 1158 76 26 högsta
468 1158 163 26 styrelsevärket
651 1164 25 14 en
696 1158 126 26 vidtgående
838 1158 89 26 ändring
943 1158 56 20 skett
1015 1158 6 20 i

203 1187 155 27 prokuratorns
381 1186 105 26 ställning.
516 1186 74 26 Någon
611 1188 42 19 rätt
669 1186 30 21 till
715 1192 98 21 gensaga,
829 1186 43 21 ifall
887 1186 83 21 landets
987 1192 34 21 ge-

203 1216 166 26 neralguvernör
385 1215 73 21 afveke
474 1215 46 21 trån
536 1215 40 27 lag,
592 1216 23 20 är
625 1215 6 21 i
643 1215 130 21 sistberörda
782 1214 126 27 författning
917 1215 45 21 icke
973 1221 48 20 pro-

203 1244 103 21 kuratorn
321 1244 7 20 i
343 1243 113 27 kejserliga
478 1245 87 19 senaten
588 1243 136 21 förbehållen.
754 1243 110 21 Likaledes
880 1245 22 19 är
918 1243 103 27 prokura-

203 1275 61 19 torns
287 1272 90 27 dyrbara
399 1271 82 22 förmån
497 1275 36 18 att,
549 1272 7 20 i
571 1272 100 21 händelse
687 1272 52 20 hans
754 1272 171 26 föreställningar
940 1272 81 21 lämnas

205 1304 49 18 utan
277 1300 105 26 afseende,
398 1300 130 21 omedelbart
551 1300 69 21 vända
642 1300 32 26 sig
697 1300 30 20 till
751 1300 116 21 monarken
887 1300 134 21 förvanskad.

203 1327 129 22 Därutöfver
351 1327 102 21 förklaras
474 1327 145 27 skyldigheten
637 1327 32 21 för
688 1327 142 27 prokuratorn
846 1329 31 19 att
891 1327 32 21 till
939 1327 83 21 landets

204 1357 87 21 ständer
309 1355 78 27 afgifva
406 1356 113 20 berättelse
534 1356 85 20 komma
635 1358 30 18 att
681 1355 102 27 upphöra.
813 1356 10 20 I
838 1356 55 21 hvad
909 1356 48 21 mån
974 1356 47 21 sist-

204 1385 90 21 berörda
316 1383 125 28 författning
463 1384 6 21 i
492 1383 74 28 själfva
591 1383 73 22 värket
684 1384 65 22 vållar
769 1384 69 28 någon
858 1385 92 26 ändring
965 1385 6 20 i
987 1384 35 22 det

203 1416 48 24 sätt,
267 1414 80 27 hvarpå
362 1414 41 20 den
419 1414 122 20 nuvarande
552 1412 148 22 innehafvaren
712 1412 23 22 af
743 1413 278 27 prokuratorsvärdigheten

203 1442 102 22 handhaft
321 1443 37 21 sitt
373 1442 88 26 ämbete,
476 1442 49 27 vilja
541 1442 21 21 vi
577 1442 45 21 icke
637 1442 129 22 underkasta
776 1442 105 27 pröfning.
911 1442 110 22 Alltsedan

203 1472 36 21 vid
254 1472 83 21 landets
353 1471 89 27 styrelse
457 1471 40 21 den
520 1470 167 28 tillbakagående
702 1471 94 27 riktning
810 1471 103 27 inslagits,
929 1478 46 15 som
992 1471 30 21 in-

203 1501 72 21 leddes
298 1500 23 22 af
338 1499 131 22 manifestets
490 1499 22 22 af
533 1500 41 21 den
598 1500 25 20 15
646 1500 93 21 februari
763 1500 54 21 1899
837 1500 131 26 utfärdande,
985 1500 37 22 har

203 1529 117 21 emellertid
343 1529 154 27 prokuratorns
523 1529 83 21 ämbete
629 1529 55 21 varit
706 1529 100 21 särskildt
831 1529 191 27 maktpåliggande.
