1103 1770
203 147 41 20 298
439 155 134 16 Ulkomaaila
585 155 95 16 solmitut
692 155 109 15 avioliitot.
871 155 26 15 23
908 159 20 14 p.
940 153 82 21 jouluk.

473 221 101 28 Förslag
589 222 41 21 till
643 222 40 27 lag
694 227 39 16 om
746 221 145 28 giltigheten
902 221 28 22 af
939 221 83 22 äkten-

409 249 65 28 skap,
491 256 52 16 som
557 250 92 27 ingåtts
665 251 68 21 utom
748 250 93 22 landet.

488 323 7 5 .
589 307 46 28 18.

271 347 71 21 Hafva
356 346 56 23 finsk
427 353 48 16 man
491 348 40 21 och
545 347 55 22 finsk
615 348 78 21 kvinna
708 350 59 19 utom
782 347 72 22 landet
869 348 154 26 sammanvigts

203 375 32 21 till
251 375 117 27 äktenskap
384 375 23 22 af
419 375 54 22 finsk
488 378 66 25 präst,
569 379 39 25 äge
624 377 35 21 det
674 376 117 27 äktenskap
807 376 42 21 lika
865 376 101 27 giltighet,
976 383 46 14 som

204 410 34 15 om
255 404 34 21 det
305 403 69 22 blifvit
389 405 48 21 med
452 405 67 27 vigsel
533 405 43 22 fäst
589 405 39 21 här
643 406 7 20 i
664 405 78 22 landet.

271 433 46 26 Lag
334 439 82 15 samma
431 440 54 19 vare,
501 440 34 15 om
551 434 117 26 äktenskap
683 434 76 20 mellan
778 433 55 21 finsk
848 440 48 14 man
912 433 40 21 och
966 433 57 21 finsk

203 460 79 22 kvinna
297 461 71 21 slutits
383 462 56 21 inför
453 462 88 27 behörig
555 462 83 27 kyrklig
653 462 49 22 eller
717 462 108 28 borgerlig
837 462 139 28 myndighet
965 456 13 38 i
987 468 36 14 an-

204 492 36 18 nat
255 490 50 21 land
320 490 7 21 i
342 490 65 22 sådan
423 491 60 26 form,
499 498 46 14 som
562 492 38 20 där
615 493 50 25 äger
681 491 102 27 giltighet.

589 566 13 21 3
617 566 18 27 5

271 601 32 25 Är
319 606 79 20 endera
413 605 22 21 af
448 606 100 22 makarna
562 607 7 20 i
584 606 123 27 äktenskap,
724 613 45 15 som
785 606 79 27 ingätts
875 608 59 19 utom
945 606 81 25 landet,

204 632 133 23 främmande
352 636 53 19 stats
421 634 114 23 undersäte
551 635 38 22 och
605 636 40 21 den
660 636 67 21 andra
741 634 56 23 finsk
811 635 146 27 medborgare,
972 635 53 21 vare

205 661 145 28 äktenskapet,
373 663 38 21 där
433 664 44 21 icke
499 664 63 27 lagen
584 665 8 20 i
613 664 120 26 nägondera
755 665 88 20 makens
861 663 99 22 hemland
974 664 49 21 med

204 690 85 22 hänsikt
304 691 32 21 till
351 692 80 21 dennes
446 698 79 21 person
540 693 73 26 lägger
628 693 74 20 hinder
717 692 32 21 för
765 693 151 26 äktenskapets
927 692 97 24 beständ,

206 719 69 27 giltigt
292 720 7 21 i
314 720 97 25 Finland,
426 721 67 21 ehvad
508 722 36 21 det
558 721 98 22 afslutats
672 721 72 22 såsom
759 722 7 20 i
782 722 10 19 1
810 721 51 21 eller
883 721 6 21 2
904 727 63 15 mom.
985 722 9 19 1
1012 721 11 27 $

205 749 81 28 säges.

271 777 46 21 Aro
340 777 69 28 bägge
431 779 100 20 makarna
553 778 131 21 främmande
704 781 53 19 stats
777 778 131 23 undersåtar,
923 785 51 14 vare
989 778 35 27 lag

205 811 86 20 samma,
315 812 34 14 om
370 807 139 27 äktenskapet
528 807 66 27 enligt
613 807 61 27 lagen
690 807 5 20 i
712 808 35 20 det
762 807 55 26 land,
833 807 38 21 där
886 807 36 21 det
936 807 90 27 ingåtts,

205 833 50 22 eller
278 834 67 27 enligt
367 835 35 27 lag
423 836 7 20 i
452 835 111 22 makarnas
587 836 98 21 hemland
707 838 23 19 är
748 835 101 22 afslutadt
864 836 7 20 i
887 835 61 28 giltig
962 835 61 22 form.

204 863 61 20 Dock
286 863 35 21 mä
344 863 17 27 ej
385 863 122 27 äktenskap,
530 871 46 14 som
596 865 80 26 ingåtts
695 865 7 20 i
717 865 53 21 strid
785 865 48 20 med
847 864 56 21 hvad
918 863 55 22 finsk
988 865 36 25 lag

205 890 86 28 stadgar
307 897 34 15 om
357 892 204 27 äktenskapshinder
577 893 76 21 mellan
668 899 103 21 personer
783 893 7 21 i
803 895 44 19 rätt
859 899 53 21 upp-
923 892 39 21 och
972 893 51 21 ned-

205 920 97 26 stigande
320 920 114 27 skyldskap
453 922 50 20 eller
523 922 134 26 svägerskap,
676 922 50 20 eller
742 922 76 20 mellan
833 921 43 21 hel-
892 920 40 22 och
947 921 77 27 halfsy-

205 948 59 26 skon,
279 948 51 22 eller
349 955 35 15 om
400 949 128 27 ovillkorligt
543 950 75 21 hinder
633 950 48 21 med
696 950 85 21 hänsikt
796 950 30 21 till
843 950 75 21 endera
936 950 88 21 makens

204 976 89 27 tidigare
316 977 123 27 äktenskap,
458 978 38 21 här
517 979 70 21 såsom
603 979 69 27 giltigt
688 985 69 19 anses,
773 979 55 21 ändå
843 980 30 19 att
889 978 36 22 det
940 978 18 27 ej
976 978 47 21 stri-

204 1004 37 22 der
256 1008 45 18 mot
315 1006 36 26 lag
365 1006 7 20 i
387 1006 72 22 makes
474 1007 104 21 hemland.

586 1071 12 20 3
614 1054 19 48 8.

272 1109 133 27 Aktenskap,
421 1116 46 14 som
482 1110 79 27 ingåtts
578 1113 58 18 utom
653 1110 88 21 Finland
758 1110 39 21 och
813 1110 17 26 ej
847 1110 27 26 pä
890 1110 69 26 grund
974 1110 22 20 af
1011 1111 11 19 1

205 1138 51 20 eller
274 1138 13 20 2
306 1138 12 26 &
337 1140 23 19 är
375 1140 32 19 att
421 1138 70 21 såsom
508 1139 84 27 ogiltigt
607 1145 68 19 anses,
690 1139 35 20 mä
740 1138 115 22 antecknas
870 1138 7 20 i
892 1138 110 27 kyrkobok
1017 1139 7 20 i

205 1166 77 20 landet.
312 1166 105 21 Anhällan
437 1173 34 14 om
490 1168 65 20 sådan
571 1168 128 26 anteckning
714 1167 57 25 skall,
787 1167 38 21 där
841 1167 100 21 makarna
956 1166 68 22 blifvit

206 1194 22 21 af
245 1194 56 21 finsk
315 1196 62 25 präst
391 1196 165 26 sammanvigda,
572 1195 83 27 åtföljas
670 1195 24 21 af
706 1197 65 19 attest
786 1201 35 15 om
834 1195 87 27 vigseln,
937 1196 7 20 i
959 1200 65 16 annat

205 1222 36 22 tall
261 1223 103 27 därjämte
382 1223 23 21 af
417 1224 65 25 bevis,
498 1223 108 22 utfärdadt
620 1223 23 21 af
655 1224 123 26 myndighet
793 1224 7 20 i
815 1224 36 20 det
866 1224 56 28 land,
937 1224 87 21 hvarest

206 1251 140 27 äktenskapet
361 1251 104 27 afslutats,
481 1255 31 18 att
527 1252 58 22 detta
600 1253 57 21 skett
671 1253 7 20 i
694 1252 37 22 där
747 1252 60 27 giltig
816 1252 61 21 form.
899 1252 45 21 Äro
955 1252 69 27 bägge

206 1280 100 20 makarna
328 1280 131 22 främmande
482 1283 53 19 stats
555 1281 131 26 undersätar,
704 1287 51 15 vare
769 1281 59 21 bevis
844 1280 22 22 af
879 1280 122 28 myndighet
1016 1281 8 20 i

206 1308 61 20 deras
283 1308 99 20 hemland
397 1315 35 13 om
447 1311 31 17 att
493 1309 140 26 äktenskapet
648 1310 37 19 där
700 1309 104 20 erkännes
819 1309 43 19 lika
877 1309 58 25 gildt.

275 1336 81 21 Genom
379 1336 61 26 intyg
461 1335 23 21 af
503 1337 118 26 Rysslands
641 1336 138 26 beskickning
794 1336 51 21 eller
859 1337 78 20 konsul
952 1336 73 27 styrke

205 1363 122 22 sökandena
345 1364 40 21 ock
407 1367 31 18 att
459 1364 128 28 myndighet,
603 1371 46 15 som
666 1365 92 21 utfärdat
774 1364 59 22 bevis
849 1371 33 15 om
899 1364 124 28 giltigheten

204 1392 22 22 af
239 1393 102 27 ingånget
355 1393 122 27 äktenskap,
493 1394 55 21 varit
563 1393 68 22 därtill
649 1393 92 27 behörig.

593 1470 47 26 48.

272 1510 45 21 Har
340 1508 129 22 afslutandet
491 1509 23 21 af
530 1509 117 27 äktenskap
663 1512 58 18 utom
738 1510 71 21 landet
824 1510 45 21 icke
884 1510 103 27 föregätts
1002 1510 24 21 af

202 1538 85 27 lysning
309 1538 6 20 i
339 1538 95 25 Finland,
457 1538 38 21 där
517 1538 75 22 sädant
615 1538 65 26 enligt
695 1538 54 22 finsk
769 1539 35 26 lag
824 1539 48 21 bort
890 1539 43 25 ske,
952 1539 79 25 varde,.
