1103 1770
74 151 28 17 22
113 156 20 16 p.
143 152 81 20 jouluk.
430 144 105 35 Rautatie.
855 146 42 21 267

75 221 122 21 tillkommit
219 221 38 20 och
280 221 70 21 hvilka
371 221 32 21 till
425 220 52 23 fullo
495 221 72 28 belysa
586 221 80 21 banans
682 221 6 20 i
704 221 60 27 fråga
778 221 46 21 icke
839 221 55 20 blott

73 249 149 26 berättigande
245 250 50 20 utan
319 249 39 20 ock
373 249 37 20 det
427 250 176 26 utomordentligt
618 252 58 19 stora
691 249 100 21 behofvet
807 249 23 21 af
844 249 50 20 den-

75 283 86 15 samma.
185 277 59 21 Efter
260 278 118 21 sistnämda
392 277 102 26 landtdag
508 278 39 21 har
562 277 119 26 Uleåborgs
692 277 47 21 stad
750 277 47 21 låtit
807 277 88 26 kompe-

75 308 46 19 tent
136 311 78 21 person
236 307 97 26 uppgöra
352 312 28 20 ny
395 305 69 28 kalkyl
479 305 59 22 öfver
553 306 143 21 kostnaderna
711 305 33 21 för
759 305 69 22 banan
844 305 50 22 med

74 333 83 22 normal
182 333 106 28 spårvidd,
311 333 83 22 hvilken
420 340 89 16 numera
533 336 82 20 ansetts
640 333 204 28 ändamålsenligare
867 336 26 19 än

74 369 26 15 en
123 362 127 27 smalspårig
272 363 75 26 sådan;
371 363 38 21 och
433 363 55 27 stiga
510 363 144 22 kostnaderna
668 363 67 27 enligt
749 362 97 27 kalkylen
863 362 30 21 till

73 391 113 26 4,510,000
208 391 60 22 mark
290 393 46 20 mot
353 392 111 25 3,977,630
482 393 60 20 mark
560 391 32 22 för
607 398 26 15 en
650 391 127 28 smalspårig
792 392 62 21 bana.
885 391 10 20 I

74 420 78 21 nämda
176 420 69 26 kalkyl
267 421 62 26 ingår
352 421 17 26 ej
394 421 117 21 kostnaden
527 421 32 21 för
575 427 26 15 en
617 421 83 21 sträcka
720 419 22 22 af
758 419 90 27 ungefär
868 426 26 15 en

74 448 116 26 kilometer,
205 448 101 22 hvarmed
322 449 70 21 banan
407 449 61 21 torde
483 450 69 20 måsta
566 448 107 28 förlängas
688 461 28 3 —
730 448 104 28 nämligen
848 448 46 22 från

74 484 64 14 norra
154 478 68 20 ändan
238 477 20 21 af
274 478 120 26 Uleåborgs
407 477 141 27 järnvägsbro
564 478 31 21 till
610 478 64 21 Tiura
690 478 79 21 station
796 490 12 2 —
820 477 8 21 i
844 478 51 20 hän-

74 506 58 21 delse
148 506 123 21 densamma
286 506 80 27 bygges
382 506 28 27 på
424 507 69 26 privat
509 506 96 22 initiativ.

143 534 40 22 Till
204 534 52 27 följd
280 534 22 22 af
322 536 64 20 dessa
408 535 99 27 stegrade
529 535 257 27 anläggningskostnader
801 534 41 21 blir
858 534 35 21 det

75 562 61 22 äfven
151 563 74 27 nödigt
240 565 31 19 att
286 564 152 26 statsbidraget
453 563 32 21 för
501 570 26 15 en
543 563 105 22 eventuell
663 563 125 27 privatbana
803 563 7 21 i
821 563 72 26 betyd-

73 592 31 26 lig
118 591 49 22 mån
183 592 51 21 ökas
250 591 47 22 från
313 592 36 21 det
364 592 22 21 af
400 594 84 19 senaste
501 592 101 27 landtdag
616 592 121 26 föreslagna
751 592 107 26 beloppet.

143 620 75 22 Under
232 620 145 28 förhoppning
392 623 31 19 att
438 620 105 28 vällofliga
558 620 177 28 borgareståndet
750 620 61 21 äfven
822 621 71 21 denna

75 648 56 28 gång
149 648 102 28 välvilligt
269 649 99 22 omfattar
383 649 160 27 ifrågavarande
557 649 147 28 banbyggnad,
720 649 84 21 anhålla
820 649 20 21 vi
855 649 37 21 öd-

75 678 94 27 mjukast
191 678 35 22 det
248 678 107 27 vällofliga
378 678 85 22 ståndet
485 678 48 22 ville
549 678 66 28 jämte
631 678 26 22 de
672 678 68 27 öfriga
755 678 90 22 stånden
862 677 31 21 till

75 706 61 22 Hans
152 707 119 27 Kejserliga
286 707 99 27 Majestät
400 708 49 26 ingå
466 708 47 21 med
529 707 133 27 underdånig
676 707 89 27 petition
781 707 85 21 därom:

349 766 33 19 att
406 772 27 14 en
449 764 98 28 järnväg
569 764 52 28 från
650 764 114 28 Uleåborgs
787 764 51 21 stad
860 763 35 22 till

286 793 70 22 Vaala
371 794 67 21 måtte
453 794 70 21 under
533 793 199 22 nästinstundande
742 792 153 28 finansperiod

282 823 48 21 med
345 822 27 27 af
384 822 119 22 ständerna
518 823 109 27 anslagna
642 822 68 21 medel
725 822 87 27 utföras
822 821 72 22 såsom

281 851 127 25 statsbana;

75 908 57 25 eller,
148 915 34 14 om
198 908 115 22 ständerna
331 908 46 21 icke
393 907 68 22 skulle
476 914 51 15 anse
543 909 32 26 sig
590 907 72 22 kunna
677 907 77 28 bevilja
770 908 74 26 nödigt
860 913 36 15 an-

75 937 47 27 slag
136 937 33 21 för
181 937 131 27 järnvägens
327 937 113 27 byggande
455 937 71 21 såsom
542 937 118 21 statsbana:

350 995 39 24 att,
412 993 8 21 i
443 994 100 21 händelse
567 994 77 21 staden
674 993 112 27 Uleåborg,
812 993 85 21 enskild

279 1029 81 22 person
375 1023 51 20 eller
441 1023 60 26 bolag
517 1023 46 27 före
578 1022 200 21 nästinstundande
792 1022 105 27 landidag

282 1051 92 22 erhåller
397 1051 126 21 koncession
545 1051 14 21 å
582 1050 110 29 byggande
715 1050 29 28 af
759 1057 25 14 en
801 1051 95 20 normal-

282 1080 74 28 spårig
373 1080 98 28 järnväg
493 1081 52 26 från
572 1079 104 28 Uleåborg
694 1079 36 21 till
750 1079 75 26 Vaala,
841 1079 56 27 före-

284 1111 57 25 taget
362 1108 66 21 måtte
451 1109 28 26 af
498 1109 129 20 statsvärket
647 1107 179 22 subventioneras
848 1107 51 21 med

282 1144 26 13 en
331 1143 88 15 summa
434 1137 29 27 af
473 1137 70 21 minst
566 1137 125 26 1,000,000
709 1137 63 20 mark
789 1137 59 20 samt
865 1137 33 19 att

282 1165 127 28 därutöfver
431 1165 36 27 för
487 1171 86 15 samma
595 1165 107 20 ändamål
724 1164 66 21 måtte
807 1165 90 26 beviljas

285 1195 30 20 ett
328 1193 94 22 statslån
438 1195 54 20 stort
506 1194 126 26 1,500,000
647 1193 68 20 mark.

147 1250 135 28 Helsingfors
298 1251 41 20 den
354 1250 28 21 20
397 1250 112 21 december
527 1250 59 21 1904.

181 1309 24 19 K.
223 1308 25 20 A.
267 1307 121 21 Snellman.
598 1306 85 21 Arthur
700 1305 95 22 Castrén.

180 1348 21 20 J.
217 1348 26 21 K.
260 1348 63 20 Kari.
597 1346 27 21 K.
640 1346 123 21 Kokkonen.

183 1388 78 20 Teodor
276 1388 56 26 Aug.
348 1387 80 21 Heikel.

147 1461 46 21 Hra
203 1460 14 22 S
228 1460 167 22 nelimanin
406 1459 132 22 ehdotuksen
549 1458 124 22 mukaisesti
683 1458 66 27 päätti
758 1460 59 25 sääty
825 1464 70 20 panna

77 1490 61 22 asian
153 1489 97 28 pöydälle
264 1489 86 21 tulevan
366 1488 83 22 vuoden
465 1488 140 22 ensimäiseen
621 1487 182 27 täysi-istuntoon.
