1109 1770
214 160 42 21 476
530 157 181 35 Suostuntaverot.
882 165 28 17 80
922 170 20 15 p.
952 164 81 21 jouluk.

214 234 82 21 önskan
316 236 32 19 att
370 240 148 20 noggrannare
532 234 112 26 precisera,
659 235 32 19 att
705 233 107 27 budgeten
828 235 22 19 är
866 233 23 21 af
901 233 132 27 provisorisk

215 264 69 20 natur.

283 320 47 21 Hra
344 319 118 26 Heikel,
477 320 100 21 Felix:
600 320 47 21 Den
663 319 193 27 bevillningsfråga,
872 325 46 15 som
934 325 29 15 nu
978 318 56 22 före-

214 348 68 28 ligger
304 348 176 27 borgareståndet
501 348 31 22 till
554 347 122 28 afgörande,
697 350 23 19 är
735 351 51 18 utan
802 347 72 22 tvifvel
887 347 47 22 utaf
947 347 87 22 alldeles

215 377 94 27 ovanligt
331 376 87 28 ömtålig
440 377 39 21 och
495 376 115 28 grannlaga
626 379 68 19 natur.
724 376 38 22 Att
778 376 70 22 därför
864 376 55 22 olika
934 376 78 22 åsikter
1027 376 7 22 i

215 406 123 21 densamma
352 408 82 24 yppats,
450 407 23 19 är
488 406 44 21 helt
546 405 108 27 naturligt.
685 405 44 21 Och
742 405 38 27 jag
794 405 33 21 för
842 406 42 20 min
901 405 34 21 del
948 405 86 27 respek-

215 436 56 19 terar
286 434 31 21 till
330 434 52 21 fullo
398 434 26 21 de
439 434 27 27 på
484 434 140 27 öfvertygelse
640 434 109 27 grundade
765 434 51 23 skäl,
832 440 46 15 som
894 433 22 22 af
930 434 104 21 särskilda

215 463 65 21 talare
295 462 82 22 anförts
388 462 33 21 för
436 465 31 19 att
480 463 69 21 denna
559 462 60 27 fråga
631 462 68 21 skulle
711 463 125 26 uppskjutas
848 463 42 21 tills
903 463 41 20 den
956 462 78 27 grund-

214 491 119 28 lagsenliga
347 491 173 27 rättsordningen
536 493 24 20 är
575 491 109 22 återställd
700 492 6 21 i
722 491 77 22 landet.
820 491 49 22 Men
882 491 38 27 jag
930 491 40 21 kan
982 491 54 22 dock

214 521 46 21 icke
285 520 113 27 godkänna
420 521 26 20 de
469 521 88 21 anförda
572 520 73 21 skälen
661 520 38 21 och
715 520 77 21 tillåter
808 521 44 26 mig
867 519 71 22 därför
954 522 31 19 att
1000 519 34 22 för

215 549 175 27 borgareståndet
411 549 109 21 framhålla
536 549 40 21 den
592 548 142 28 uppfattning,
749 549 31 21 till
795 549 84 21 hvilken
893 549 38 26 jag
945 548 91 22 kommit

214 578 8 20 i
241 578 69 21 denna
327 577 64 27 fråga.
422 578 42 20 Det
484 580 23 18 är
523 578 28 25 så,
568 584 46 14 som
629 577 39 21 här
682 577 22 21 af
717 577 51 21 flere
783 577 66 21 talare
865 580 65 24 sagts,
945 579 31 19 att
991 577 44 27 lag-

215 606 44 27 liga
272 606 179 26 förutsättningar
466 606 32 21 för
513 608 31 19 ett
560 606 91 21 normalt
661 606 187 26 landtdagsarbete
858 606 46 21 icke
914 605 120 27 förefinnas,

216 634 39 22 och
276 634 125 22 ständernas
423 634 88 22 främsta
530 634 84 28 uppgift
635 634 37 21 har
688 634 71 21 därför
775 635 55 21 varit
844 637 32 19 att
891 634 51 22 söka
957 634 21 22 få
992 634 41 22 den

215 663 77 27 lagliga
314 663 173 27 rättsordningen
510 664 6 20 i
537 664 72 20 landet
631 663 118 26 återställd;
772 663 71 21 därför
858 663 62 21 hafva
936 663 98 27 samtliga

216 692 62 21 stånd
302 691 92 26 beslutit,
410 694 31 18 att
463 692 31 20 till
516 692 61 21 Hans
600 691 99 27 Majestät
721 692 49 27 ingå
792 692 49 21 med
858 698 26 15 en
901 692 133 26 underdånig

215 720 156 26 framställning
390 727 34 14 om
441 720 26 21 de
482 720 204 25 missförhållanden,
701 727 45 14 som
762 720 52 22 råda
828 721 7 20 i
850 720 77 25 landet,
943 720 39 22 och
996 727 37 15 an-

216 748 58 22 hållit
290 755 34 15 om
340 749 98 26 åtgärder
452 748 33 22 för
500 749 40 21 den
556 749 77 27 lagliga
644 749 129 27 ordningens
784 749 159 21 återställande.
958 749 76 21 Denna

214 776 157 28 framställning
392 777 62 21 hafva
476 778 90 20 stånden
589 777 105 27 själffallet
715 778 88 20 beslutit
828 778 67 20 under
911 778 40 20 den
967 777 67 22 förut-

216 806 100 26 sättning,
337 808 31 18 att
386 806 26 21 de
427 806 71 21 kunde
512 806 98 21 förvänta
624 808 31 19 ett
671 808 113 25 gynnsamt
799 813 49 14 svar
863 806 27 27 på
905 806 129 22 densamma.

216 834 46 21 Och
277 834 26 21 då
318 834 114 21 ständerna
448 834 24 21 så
481 834 88 26 förfarit,
584 840 63 21 synes
658 834 36 21 det
704 835 48 26 mig,
760 836 32 20 att
800 835 26 21 de
833 835 50 25 icke,
892 835 64 21 innan
965 835 69 21 denna

215 862 157 27 framställning
393 869 38 15 ens
454 865 56 19 ännu
533 863 77 21 hunnit
631 862 46 22 från
697 863 128 27 landtdagen
841 863 53 27 afgå,
909 865 27 19 än
952 863 82 21 mindre

215 890 23 22 af
258 891 61 21 Hans
341 891 100 26 Majestät
463 893 125 24 emottagas,
606 891 74 27 själfva
696 891 52 21 böra
763 898 76 20 genom
855 892 66 26 några
936 891 99 27 åtgärder

215 925 51 15 vara
287 919 97 21 vållande
399 919 31 21 till
445 921 31 19 att
490 920 123 26 ytterligare
628 919 154 28 förvecklingar
797 920 39 21 och
851 920 77 27 lagliga
943 919 91 22 konflik-

215 949 33 20 ter
270 947 22 22 af
312 947 49 22 svår
383 950 34 19 art
439 948 135 27 uppkomma,
590 951 50 18 utan
657 948 51 21 böra
722 949 26 20 de
764 955 23 14 se
801 949 37 24 till,
854 951 31 18 att
899 949 41 20 alla
955 949 80 21 sådana

215 976 137 27 rubbningar,
376 983 45 14 som
437 977 73 20 kunna
524 977 89 26 undgås,
629 977 107 26 värkligen
754 977 63 21 blifva
833 977 107 21 undvikna
955 977 43 22 tills
1013 978 21 20 vi

214 1004 41 22 fått
270 1005 78 21 besked
364 1011 40 19 om,
420 1005 104 22 huruvida
540 1005 38 22 vår
592 1005 156 27 framställning
763 1006 74 21 vinner
852 1006 61 21 Hans
924 1005 110 28 Majestäts

216 1033 118 21 beaktande
354 1033 52 21 eller
420 1034 52 20 icke.
501 1034 77 21 Denna
593 1034 186 26 bevillningsfråga
795 1035 176 26 sammanhänger
987 1035 47 21 där-

215 1062 33 21 för
263 1062 27 26 på
305 1062 36 21 det
355 1064 107 19 närmaste
477 1063 48 21 med
541 1062 125 22 ständernas
682 1063 97 21 anhållan
796 1069 34 15 om
846 1063 39 21 den
898 1063 77 27 lagliga
986 1063 47 21 ord-

216 1090 90 27 ningens
328 1090 156 22 återställande.
515 1091 43 21 Det
581 1091 70 27 gäller,
668 1091 23 21 så
710 1093 32 19 att
760 1093 56 25 säga,
832 1093 31 19 att
878 1092 73 26 jämna
966 1094 68 25 vägen

215 1118 33 22 för
266 1125 25 15 en
307 1119 77 27 lycklig
402 1120 80 26 utgång
500 1120 22 20 af
536 1120 69 21 denna
620 1120 82 21 landets
717 1120 100 27 lifsfråga,
832 1123 22 24 ty
869 1121 121 26 uppenbart
1004 1122 30 24 är,

216 1149 36 21 att,
266 1154 33 15 om
316 1148 39 21 den
372 1148 78 21 äskade
465 1148 150 27 provisionella
626 1148 141 27 bevillningen
779 1155 29 15 nu
818 1151 82 25 vägras,
912 1149 58 21 detta
981 1149 52 21 skall

215 1175 97 22 försvåra
327 1178 31 19 ett
373 1179 113 24 gynnsamt
502 1183 48 15 svar
566 1177 27 27 på
608 1177 125 21 ständernas
748 1177 157 27 framställning
920 1178 39 20 och
969 1180 65 25 ytter-

216 1211 58 15 mera
297 1205 63 27 högst
384 1205 114 27 betänkligt
519 1206 97 21 inveckla
637 1205 159 22 förhållandena
814 1206 6 21 i
835 1206 77 21 landet.
942 1206 42 27 Jag
998 1206 37 22 be-

216 1232 73 22 höfver
310 1234 46 20 icke
377 1233 38 21 här
438 1236 96 19 närmare
557 1234 104 27 redogöra
682 1234 33 21 för
737 1234 40 21 alla
800 1235 26 21 de
850 1234 131 27 svårigheter
996 1235 39 21 och

216 1262 136 26 rubbningar,
369 1268 46 14 som
431 1262 68 21 skulle
514 1263 84 27 uppstå,
615 1263 71 21 därest
701 1263 113 21 ständerna
831 1265 64 25 vägra
905 1264 69 20 denna
987 1270 49 20 pro-

216 1290 110 21 visionella
348 1290 121 27 bevillning,
484 1292 101 26 antingen
601 1291 125 27 regeringen
742 1292 87 20 beaktar
845 1292 92 21 beslutet
952 1292 39 21 och
1006 1292 29 21 lå-

216 1320 33 18 ter
271 1318 63 21 dessa
356 1319 138 25 bevillningar
512 1320 100 19 bortfalla
627 1319 51 20 eller
693 1320 92 25 ensidigt
800 1320 95 20 utfärdar
910 1320 126 26 förordning

216 1351 35 15 om
268 1345 176 27 bevillningarnas
460 1347 124 25 utgörande.
615 1346 159 27 Skattevägran,
790 1353 46 15 som
851 1353 49 15 man
916 1347 38 21 här
969 1347 67 22 delvis

216 1373 38 22 har
276 1373 110 28 föreslagit
403 1374 121 26 tillsvidare,
540 1376 23 19 är
579 1376 31 19 ett
625 1375 140 27 stridsvapen,
778 1381 46 16 som
841 1375 33 22 väl
889 1375 51 22 flere
956 1376 80 27 gånger

216 1402 8 21 i
242 1402 66 21 andra
322 1402 74 21 länder
410 1403 104 21 användts
530 1403 36 22 vid
581 1402 112 23 konflikter
708 1404 77 21 mellan
801 1404 125 27 regeringen
942 1405 39 21 och
995 1404 40 22 fol-

216 1431 42 25 ket,
273 1437 47 15 men
337 1431 96 21 öfverallt
448 1431 38 21 har
501 1432 58 21 detta
575 1438 67 21 vapen
658 1433 54 20 visat
727 1433 33 26 sig
770 1440 50 14 vara
830 1433 7 21 i
848 1433 42 27 hög
901 1434 51 26 grad
964 1435 71 26 tveeg-

217 1460 51 27 gadt
289 1460 39 21 och
350 1460 38 22 där
411 1467 48 14 man
480 1461 94 21 användt
589 1461 123 26 detsamma,
727 1461 62 22 hafva
804 1462 62 21 svära
880 1462 155 28 förvecklingar

217 1489 39 21 och
271 1489 145 27 provisoriska
430 1489 128 28 finanslagar
572 1489 61 22 däraf
642 1489 122 23 föranledts.
780 1491 133 27 Regeringen
924 1491 38 22 har
973 1494 61 19 tvun-

217 1518 41 26 gits
280 1520 32 19 att
334 1518 67 21 delvis
426 1520 50 20 utan
498 1519 150 26 parlamentets
672 1519 125 27 begifvande
812 1520 84 21 utfärda
908 1521 128 26 skattelagar

216 1546 39 21 och
271 1546 95 27 uppbära
382 1546 85 27 skatter,
483 1547 27 21 dä
525 1547 191 22 statsmaskineriet
725 1548 45 21 icke
780 1548 82 22 kunnat
872 1551 82 19 stanna.
969 1548 66 22 Dom-
