1103 1798
205 154 42 20 418
550 155 105 30 Rautatie.
874 158 26 17 29
913 163 20 15 p.
943 158 81 20 jouluk.

342 228 142 27 Alajärvi
500 228 88 22 socken:

274 269 113 27 Paalijärvi
406 269 89 27 byamän
518 268 62 23 hafva
601 268 90 22 utlofvat
708 271 32 19 att
758 268 65 28 gratis
843 268 54 22 afstå
916 268 27 22 all
961 269 63 21 obru-

205 298 42 22 kad
259 298 50 28 jord
321 298 68 28 jämte
403 298 65 22 minst
486 299 60 25 1,000
561 298 138 28 dagsvärken.

343 350 131 22 Vindala
493 350 86 22 socken:

274 392 27 21 82
317 392 174 26 hemmansägare
509 391 62 22 hafva
581 397 76 21 genom
673 391 90 27 lagligen
780 393 88 26 uppsatt
882 391 63 23 skrift
961 392 62 22 utlof-

207 423 36 20 vat
264 421 28 22 all
312 421 50 27 jord
383 420 71 28 gratis.
484 421 61 21 Dock
564 420 126 22 förbehålles
708 420 59 22 lösen
788 420 33 22 för
837 421 188 22 stationsområdet

207 450 38 22 och
261 450 6 22 i
283 450 36 22 två
337 450 36 22 fall
394 450 32 21 för
449 450 76 22 odlade
547 452 57 26 ägor.
634 450 116 22 Dessutom
774 450 91 22 utlofvas
887 450 62 27 2,254
971 450 54 22 karl-

207 480 140 27 dagsvärken,
363 479 40 22 356
419 479 181 27 hästdagsvärken
616 479 40 21 och
671 479 42 21 800
728 479 100 27 sleepers.

345 532 106 21 Purmo
468 532 86 21 socken:

275 572 74 28 Enligt
363 572 288 22 kommunalstämmobeslut
665 572 92 21 utlofvas
774 572 27 21 10
816 572 54 22 karl-
886 572 39 22 och
940 572 14 22 5
968 572 57 22 häst-

207 601 132 27 dagsvärken
355 603 56 20 samt
425 601 42 22 200
482 601 93 28 sleepers
591 601 46 22 från
651 601 73 27 hvarje
739 601 84 23 mantal,
839 601 117 28 hvarjämte
967 602 58 22 kom-

207 636 79 16 munen
301 630 110 22 förbundit
426 631 33 27 sig
474 630 30 22 till
520 632 30 20 ett
565 631 90 21 kontant
670 630 75 28 bidrag
760 630 22 22 af
796 631 76 26 10,000
887 631 40 21 mk.

345 683 140 27 Evijärvi
501 683 86 21 socken:

276 724 35 21 All
333 724 96 22 obrukad
448 724 50 27 jord
520 726 55 19 samt
596 730 27 15 en
646 724 33 21 del
702 724 81 21 brukad
801 724 49 26 jord
871 724 37 22 har
924 723 101 23 utlofvats

205 754 67 27 jämte
297 753 42 22 500
363 753 185 27 karldagsvärken,
574 753 62 26 1,000
660 752 188 28 hästdagsvärken,
868 753 43 22 500
932 753 93 28 sleepers

208 782 39 23 och
269 782 41 22 500
333 782 65 22 stock.
428 783 70 21 Dessa
520 782 64 22 löften
606 784 37 20 äro
664 782 54 22 dock
736 784 56 20 ännu
809 782 17 27 ej
843 782 101 22 affattade
958 783 7 21 i
981 783 44 21 bin-

208 812 69 22 dande
291 811 61 23 form.

278 841 41 21 För
335 841 40 21 den
391 840 101 22 händelse
508 847 26 15 en
549 840 155 28 normalspårig
724 840 91 28 järnväg
835 841 190 22 Suolahti—Kars-

209 870 159 22 tula—Bennäs
379 870 7 22 i
396 872 107 19 närmaste
518 870 124 27 anslutning
657 870 31 21 till
702 869 23 22 af
737 870 130 22 Jakobstads
882 870 102 22 kommun
994 871 31 21 in-

209 899 136 22 strumentalt
359 899 117 22 undersökt
492 899 83 22 sträcka
590 899 57 21 inom
664 899 26 21 10
704 899 36 21 års
755 898 84 29 förlopp
854 899 23 22 af
889 902 70 19 staten
975 900 50 27 byg-

209 935 37 22 ges
261 929 39 21 och
320 928 117 26 trafikeras,
455 928 27 22 ha
497 929 35 21 vid
551 928 203 27 stadsfullmäktiges
770 929 157 22 sammanträde
942 929 41 22 den
998 929 28 22 20

210 958 111 22 december
339 958 58 22 detta
419 958 23 21 år
462 957 78 22 firman
558 957 38 22 Ph.
614 958 27 22 U.
657 957 131 28 Strengberg
810 957 21 22 &
847 958 36 22 C:o
899 958 128 28 Aktiebolag

208 987 110 22 förbundit
333 987 33 28 sig
381 989 31 20 att
426 987 94 22 utbetala
536 987 89 26 100,000
643 987 59 21 mark
713 989 55 20 samt
778 987 93 28 familjen
882 988 55 22 Vilh.
947 987 78 22 Schau-

210 1023 48 16 man
280 1023 26 16 en
325 1017 41 21 lika
387 1019 45 19 stor
452 1023 88 15 summa.
572 1016 195 27 Stadsfullmäktige
787 1017 61 22 ställa
863 1017 7 21 i
885 1017 67 22 utsikt
967 1017 58 28 bety-

210 1047 68 21 dande
293 1046 148 28 uppoffringar
455 1045 46 22 från
516 1046 129 22 Jakobstads
661 1046 114 21 kommuns
791 1047 45 20 sida
851 1046 39 22 och
905 1047 38 21 har
954 1046 71 22 anhål-

209 1076 33 21 lan
259 1082 34 15 om
309 1075 193 22 sammankallande
517 1075 23 21 af
552 1075 114 22 förstärkta
682 1075 191 27 stadsfullmäktige
887 1076 120 21 inlämnats.

278 1104 135 27 Detaljerade
427 1103 107 28 uppgifter
550 1104 90 22 rörande
655 1103 158 22 förhållandena
827 1105 58 21 inom
899 1105 26 21 de
936 1105 90 21 socknar

210 1134 40 21 den
276 1133 106 22 tilltänkta
408 1133 68 22 banan
500 1133 211 22 Bennäs—Suolahti
734 1133 84 22 komme
844 1136 32 19 att
901 1134 126 27 genomlöpa

209 1162 89 22 erhållas
311 1169 26 15 ur
349 1163 36 21 det
397 1162 133 22 betänkande
540 1169 33 14 n:o
582 1163 19 26 2,
614 1169 45 15 som
678 1162 23 21 år
718 1162 54 21 1899
787 1162 93 28 afgifvits
891 1162 22 22 af
923 1163 103 22 komittén

208 1191 33 20 för
256 1191 155 21 värkställande
421 1192 21 19 af
452 1192 124 19 ekonomisk
592 1191 159 26 undersökning
765 1191 23 20 af
800 1192 104 20 särskilda
915 1193 111 25 järnvägs-

210 1219 145 26 sträckningar
370 1219 7 20 i
392 1219 76 21 landet.
498 1219 45 20 Här
559 1219 65 27 gäller
639 1219 35 21 det
687 1219 75 20 endast
772 1221 32 19 att
813 1219 141 27 komplettera
965 1220 62 21 dessa

210 1247 106 27 uppgifter
332 1248 48 20 med
395 1253 64 21 nyare
474 1248 84 21 sådana.

277 1276 130 21 Jakobstads
434 1275 127 27 befolkning,
582 1282 47 15 som
654 1275 22 22 år
697 1275 53 22 1895
766 1277 48 25 steg
829 1276 32 21 till
876 1277 62 24 2,295
953 1283 73 20 perso-

209 1310 43 20 ner,
267 1304 38 21 har
321 1304 64 21 sedan
401 1304 49 21 dess
466 1304 60 21 ökats
542 1304 93 21 särdeles
651 1304 83 27 hastigt,
748 1304 24 21 så
781 1307 32 18 att
823 1305 41 20 den
876 1305 24 20 år
913 1305 55 21 1902
979 1307 48 25 steg

209 1333 31 20 till
255 1333 62 24 3,509
333 1339 108 19 personer.
457 1333 138 26 Synnerligen
611 1335 59 18 stora
684 1335 37 18 äro
737 1333 27 20 de
780 1333 103 26 framsteg
897 1333 130 21 Jakobstads

210 1361 76 20 handel
301 1360 39 21 och
355 1361 92 20 industri
465 1361 68 20 under
552 1363 85 18 senaste
652 1361 22 20 år
694 1361 62 25 gjort.
788 1361 47 20 Den
851 1361 141 21 ofvannämda
1007 1361 23 21 af

210 1390 86 19 senaten
310 1389 98 20 nedsatta
415 1388 206 27 järnvägskomittén
632 1388 82 27 uppgaf
722 1389 79 20 antalet
811 1389 132 21 industriella
953 1389 74 21 inrätt-

209 1417 76 27 ningar
300 1417 39 21 och
354 1417 173 21 handtvärkerier
542 1417 7 21 i
563 1417 118 22 Jakobstad
706 1417 30 21 till
752 1417 27 21 25
795 1418 48 21 med
858 1420 30 19 ett
905 1418 122 27 bruttopro-

210 1445 167 22 duktionsvärde
391 1445 22 21 af
427 1445 109 26 2,753,019
552 1446 60 21 mark
627 1446 38 21 och
680 1446 42 21 594
738 1446 102 21 arbetare.
863 1441 31 27 År
911 1447 54 21 1902
981 1449 47 25 steg

210 1474 79 22 antalet
303 1474 132 22 industriella
450 1475 141 26 inrättningar
600 1475 39 21 och
657 1475 173 21 handtvärkerier
846 1475 31 22 till
891 1475 28 22 42
934 1476 48 21 med
997 1478 31 19 ett

210 1503 281 27 bruttoproduktionsvärde
505 1503 23 21 af
541 1503 45 22 icke
602 1503 82 22 mindre
699 1505 26 19 än
741 1503 109 26 8,386,211
867 1504 35 21 mk
916 1505 39 21 och
967 1505 60 26 1,346

210 1532 101 21 arbetare.
343 1531 69 22 Bland
433 1532 26 21 de
480 1533 69 20 större
570 1532 132 21 industriella
717 1533 170 26 inrättningarna
901 1533 85 22 märkas
1001 1539 26 16 en

210 1560 144 21 tobaksfabrik
376 1561 48 20 med
444 1563 30 18 ett
489 1561 207 26 produktionsvärde
715 1560 22 21 af
754 1561 112 26 5,501,773
880 1562 36 20 mk
932 1562 39 21 och
987 1562 40 21 868
