1106 1770
77 146 26 17 21
114 151 20 16 p.
145 147 79 20 joulak.
408 136 162 37 Elinkeinolaki.
858 142 41 21 163

314 261 42 20 Till
373 261 107 28 vällofliga
495 261 177 28 borgareståndet.

353 323 119 22 Vördsamt
486 324 113 27 memorial,
614 323 146 22 innefattande
771 325 78 20 motion
863 331 37 14 an-

285 351 82 29 gående
384 351 34 29 lag
433 360 33 13 om
482 353 128 28 näringarna.

149 409 106 20 Behofvet
275 408 24 22 af
316 409 256 28 näringslagstiftningens
591 409 137 28 reformering
747 409 39 22 har
806 409 38 22 hos
865 417 34 13 oss

80 437 64 21 redan
165 437 60 28 länge
246 438 55 20 varit
320 437 95 21 erkändt.
445 438 93 20 Landets
556 438 33 20 till
606 438 104 20 allmänna
725 440 70 18 möten
811 438 88 20 försam-

80 465 47 21 lade
142 465 137 28 yrkesidkare
294 465 66 21 hafva
376 466 121 28 upprepade
512 466 81 28 gånger
607 466 116 21 framhållit
742 465 158 28 önskningsmål

80 494 130 27 härutinnan,
230 494 108 28 yrkanden
359 494 72 21 härom
451 494 64 22 hafva
536 495 36 21 vid
593 494 104 22 särskilda
717 494 98 22 tillfällen
835 494 64 22 fram-

80 522 68 22 ställts
164 523 55 21 inom
236 522 245 29 folkrepresentationen,
496 523 39 21 och
550 523 82 21 landets
648 523 88 28 styrelse
751 524 96 20 nedsatte
857 523 42 21 den

80 552 26 20 21
126 551 81 27 januari
227 552 55 20 1898
306 559 24 13 en
347 551 116 27 kommitté,
478 559 42 13 som
537 552 65 21 under
617 555 84 18 senator
716 552 24 21 L.
754 552 145 21 Mechelins

80 579 181 29 ordförandeskap
271 580 123 21 utarbetade
405 580 38 21 och
455 580 40 21 den
508 581 24 20 17
543 581 44 27 juni
598 581 54 21 1899
666 580 33 21 till
710 580 62 21 Hans
780 580 120 28 Kejserliga

80 608 101 28 Majestät
196 608 118 22 inlämnade
330 612 31 17 ett
372 608 131 24 omfattande
514 608 138 28 betänkande,
664 608 146 22 innehållande
820 608 79 29 förslag

78 637 34 22 till
128 645 27 20 ny
169 637 124 28 näringslag.

149 665 59 21 Inom
229 665 23 22 af
271 666 65 21 saken
356 668 93 19 närmast
469 666 137 21 intresserade
622 665 80 22 kretsar
717 665 61 28 hyste
793 673 47 14 man
857 666 41 21 den

80 694 149 28 förhoppning,
253 697 31 18 att
306 694 204 28 näringslagsfrågan
526 694 22 21 af
566 694 102 29 styrelsen
691 694 67 21 skulle
780 694 119 28 föreläggas

82 723 54 21 1900
155 723 33 20 års
204 722 107 27 landtdag,
325 730 48 13 men
388 722 23 21 så
426 722 80 22 skedde
521 723 53 26 icke,
590 723 39 21 och
645 723 165 20 underrättelsen
826 722 72 22 härom

82 751 139 22 framkallade
235 751 126 27 besvikning
376 751 40 21 och
430 752 148 27 misstämning.

152 779 72 22 Såsom
240 787 49 14 svar
303 779 12 22 å
329 779 74 29 gjorda
417 779 155 29 förfrågningar
587 779 89 22 rörande
690 779 113 22 orsakerna
818 779 31 22 till
865 783 33 18 att

80 809 90 21 ärendet
190 809 19 28 ej
224 808 105 21 förelades
346 809 54 21 1900
416 809 33 21 års
464 808 101 29 landtdag
580 808 140 27 meddelades,
735 811 32 19 att
781 812 44 18 mot
839 808 59 21 kom-

82 837 162 28 mittéförslaget
259 837 22 21 af
296 837 104 21 särskilda
414 837 151 28 myndigheter,
582 837 157 29 korporationer
754 845 27 13 m.
799 837 22 22 fl.
833 837 65 28 gjorts

83 865 23 21 så
125 867 76 26 många
220 865 167 29 anmärkningar,
407 869 32 17 att
452 867 129 27 proposition
600 867 18 27 ej
633 866 56 21 hann
705 865 112 22 utarbetas.
846 865 53 22 Med

82 894 113 27 anledning
211 894 60 22 häraf
285 897 90 25 upptogs
392 894 201 28 näringslagsfrågan
609 894 33 21 till
657 894 129 27 behandling
796 894 37 21 vid
844 895 53 21 1901

81 922 35 22 års
135 923 104 21 allmänna
254 922 225 27 industriidkaremöte,
495 930 43 14 som
554 924 22 20 åt
590 922 245 28 industridelegationens
850 930 49 14 cen-

81 951 152 21 tralkommitté
248 951 96 29 uppdrog
358 954 33 19 att
405 951 78 21 bereda
497 951 73 29 frågan
585 952 39 20 och
638 952 65 27 draga
713 951 82 28 försorg
806 959 34 13 om
850 951 49 21 dess

84 980 133 28 upptagande
232 980 32 21 till
280 980 128 27 behandling
422 980 37 21 vid
474 980 281 28 industridelegationsmöte.

151 1008 141 27 Fullgörande
308 1008 59 22 detta
382 1008 97 29 uppdrag
488 1008 96 22 nedsatte
595 1008 245 28 industridelegationens
851 1016 48 14 cen-

81 1037 154 21 tralkommitté
249 1045 26 13 en
290 1037 67 21 under
371 1040 83 18 senator
469 1037 114 21 Lennart
598 1036 178 29 Gripenbergs
790 1037 109 21 ordföran-

82 1065 82 29 deskap
178 1065 115 22 arbetande
309 1066 115 25 kommitté,
439 1073 50 19 som,
504 1066 54 21 efter
572 1068 32 19 att
618 1065 65 22 hafva
698 1065 84 22 erhållit
792 1066 35 20 del
837 1066 22 21 af
869 1068 32 19 ett

82 1101 75 21 genom
173 1094 96 22 handels-
284 1094 39 22 och
339 1094 247 29 industriexpeditionens
603 1094 82 28 försorg
699 1094 113 28 uppgjordt
828 1094 72 22 »Sam-

83 1123 101 28 mandrag
203 1123 23 21 af
240 1123 27 21 de
282 1123 167 27 anmärkningar,
464 1131 43 13 som
523 1123 23 21 af
559 1123 104 21 särskilda
673 1098 156 57 inyndigheter,
844 1123 55 21 före-

83 1152 75 28 ningar
181 1151 40 22 och
245 1152 83 28 privata
365 1159 83 14 personer
469 1152 122 21 framställts
612 1151 133 22 beträffande
760 1152 140 28 näringslags-

84 1180 134 22 kommitténs
233 1180 133 22 betänkande
381 1180 40 22 och
436 1180 80 28 förslag
530 1181 32 21 till
577 1181 35 28 lag
626 1188 34 13 om
671 1180 144 28 näringarna»,
826 1181 74 21 under-

82 1208 89 22 kastade
192 1209 137 28 lagförslaget
351 1216 25 14 en
399 1209 132 28 omsorgsfull
551 1210 99 28 pröfning
672 1208 40 22 och
734 1209 115 29 uppgjorde
869 1212 32 18 ett

83 1238 93 28 partiellt
191 1238 79 28 förslag
284 1238 32 21 till
332 1238 35 28 lag
381 1246 34 13 om
430 1239 128 27 näringarna.
574 1238 66 21 Detta
654 1238 79 27 förslag
747 1238 154 21 underställdes

83 1266 129 28 granskning
227 1266 23 21 af
265 1266 70 22 finska
350 1266 240 28 industridelegationen,
606 1274 43 13 som
665 1265 72 22 består
746 1266 22 20 af
779 1266 77 21 ombud
867 1266 34 21 för

83 1294 82 22 landets
189 1295 102 21 officiella
312 1295 189 28 yrkesföreningar.
530 1295 46 21 Vid
596 1294 69 22 denna
686 1294 133 29 granskning,
841 1294 60 22 hvari

84 1323 61 21 äfven
167 1323 84 29 deltogo
271 1326 168 25 representanter
453 1323 34 20 för
501 1323 190 28 industristyrelsen
706 1322 108 21 äfvensom
828 1323 73 28 yrkes-

83 1351 166 28 inspektörerna,
263 1351 137 28 godkänndes
415 1352 36 21 det
465 1351 66 22 under
543 1355 83 18 senator
638 1351 144 28 Gripenbergs
793 1351 109 21 ordföran-

84 1379 89 49 dekan
180 1380 123 21 utarbetade
319 1380 102 28 förslaget
435 1379 49 22 med
498 1382 79 19 smärre
592 1379 114 28 ändringar
720 1379 40 22 och
775 1380 79 27 tillägg.

175 1415 11 13 e
201 1408 87 21 sålunda
303 1408 110 21 tillkomna
427 1408 152 26 handlingarna
594 1407 136 21 befordrades
745 1407 32 21 till
790 1407 61 29 tryck
861 1407 40 21 och

84 1436 168 21 öfverlämnades
273 1436 42 21 den
339 1437 26 20 15
379 1436 80 28 januari
477 1436 52 20 1903
545 1436 32 20 till
594 1436 110 27 kejserliga
719 1438 86 18 senaten
820 1436 33 20 för
871 1438 32 18 att

83 1465 57 27 tjäna
154 1464 33 21 till
203 1464 84 28 ledning
303 1464 36 22 vid
354 1464 147 29 uppgörandet
516 1464 23 21 af
553 1464 64 28 nådig
626 1464 129 29 proposition
766 1464 32 21 till
809 1464 94 28 närings-

84 1493 34 28 lag
140 1493 40 22 och
195 1496 32 18 att
242 1500 44 15 som
303 1494 74 27 bidrag
391 1493 32 21 till
439 1492 84 29 frågans
539 1493 109 28 belysning
662 1493 33 21 till
710 1492 110 22 ständerna
834 1492 68 22 öfver-

82 1522 86 22 lämnas.
