1103 1770
212 132 39 19 112
589 134 76 29 Koulu.
882 138 24 16 21
918 142 19 15 p.
947 138 83 19 jouluk.

211 205 118 21 alkamassa
349 205 23 26 ja
395 205 173 27 reaalisivistystä
588 205 111 21 haluavain
722 211 28 15 on
772 207 38 25 nyt
829 205 70 27 pakko
914 207 117 19 turvautua

211 233 89 21 etäisillä
315 233 104 21 seuduilla
434 233 76 21 oleviin
526 234 162 26 oppilaitoksiin,
700 234 78 26 joitten
793 234 72 26 paikat
879 233 83 28 kylliksi
975 235 54 25 täyt-

211 263 58 25 tyvät
291 262 74 21 omilta
386 261 131 22 alueiltansa.
547 262 33 21 On
603 262 61 21 aivan
686 268 92 20 varmaa,
797 264 44 19 että
854 264 72 19 tämän
941 265 88 18 osaston

210 290 173 22 lakkautuminen
399 290 56 22 tulee
470 291 60 27 perin
545 290 90 28 kipeästi
650 290 128 22 koskemaan
795 290 66 22 siihen
876 290 82 28 laajaan
973 296 57 16 maa-

210 320 100 24 kuntaan,
327 319 68 27 jonka
409 319 106 22 kasvavaa
529 319 192 27 reaalisivistyksen
737 321 93 19 tarvetta
844 326 24 14 se
882 326 28 15 on
925 319 107 27 tyydyttä-

211 350 38 24 nyt
265 348 21 26 ja
301 348 60 27 josta
376 350 118 19 useammat
509 354 37 15 sen
561 348 114 27 oppilaista
689 350 51 19 ovat
754 348 91 21 kotosin.
876 348 49 21 Kun
941 348 19 21 ei
975 348 57 21 liene:

211 376 105 22 oikeuden
329 376 23 27 ja
367 376 123 22 kohtuuden
506 376 159 22 mukaistakaan
681 376 91 28 sälyttää
786 376 77 28 pienen
878 376 152 22 vähävaraisen

211 405 197 27 kaupunkikunnan
429 405 185 21 kannatettavaksi
629 405 177 27 sivistyslaitosta,
819 406 67 26 jonka
901 407 60 20 tarve
975 405 56 21 ulot-

211 436 39 19 tuu
265 434 79 26 laajalti
359 440 38 15 sen
411 434 187 27 ympäristöönkin,
612 434 50 21 sekä
673 434 44 21 kun
730 434 65 21 valtio
805 434 109 21 muillakin
927 434 105 21 seuduilla

211 469 28 14 on
262 464 85 19 ottanut
370 462 172 22 samanlaatuisia
561 462 159 27 reaaliosastoja
738 463 109 26 turviinsa,
862 462 108 22 rohkenen
983 469 48 15 sen-

211 491 78 21 tähden
314 491 128 21 esittämäini
464 491 136 27 perusteiden
616 491 77 27 nojalla
707 491 147 28 nöyrimmästi
869 493 77 26 pyytää
957 491 74 28 hyvin-

211 520 99 21 arvoisan
325 520 177 27 porvarissäädyn
517 520 129 21 kannatusta
661 520 73 26 siihen,

484 574 44 19 että
549 572 136 27 Jyväskylän
703 572 182 21 suomenkielisen
899 572 133 21 klassillisen

418 601 73 27 lyseon
498 601 142 21 reaaluosasto
648 601 146 27 täydelliseksi
802 601 167 26 laajennettuna
977 603 54 19 otet-

419 629 79 21 taisiin
512 629 85 21 valtion
612 629 115 21 huostaan.

282 681 136 26 Helsingissä
435 681 25 20 18
476 687 19 20 p.
508 681 130 26 joulukuuta
654 681 61 21 1904.

724 732 80 21 Walter
819 733 143 21 Parviainen.

280 789 219 27 Anomuksentekijän
523 791 121 26 pyynnöstä
663 790 67 26 päätti
745 791 60 26 sääty
819 796 71 21 panna
905 790 59 21 asian
980 791 52 26 pöy-

213 817 54 22 dälle
283 818 85 21 tulevan
384 818 84 21 vuoden
484 819 139 20 ensimäiseen
639 818 181 27 täysi-istuntoon.

280 921 47 21 Hra
347 915 142 27 Äkesson
510 921 44 21 luki
574 921 54 27 julki
650 921 230 27 anomusehdotuksen,
901 922 67 32 jonka
990 922 42 21 hän

211 951 57 25 ynnä
283 949 36 21 hrt
335 949 158 21 Cederberg
527 950 23 26 ja
564 950 97 20 Ansas
677 950 65 21 olivat
756 935 185 47 allekirjoittaneet
951 951 22 27 ja
981 950 52 27 joka

211 978 29 21 oli
255 978 48 21 näin
319 978 103 21 kuuluva:

445 1041 40 21 Till
500 1041 105 27 vällofliga
620 1041 182 27 borgareständet.

281 1098 38 22 Uti
341 1099 36 20 det
398 1098 145 27 underdäniga
558 1098 138 25 betänkande,
712 1105 46 15 som
774 1099 24 21 är
814 1099 54 21 1899
883 1099 111 21 aflämnats
1009 1100 24 21 af

215 1127 102 21 komitten
334 1126 32 22 för
382 1127 156 21 värkställande
552 1128 21 20 at
588 1127 125 22 ekonomisk
728 1128 160 27 undersökning
895 1128 23 21 af
927 1128 104 22 särskilda

209 1156 250 26 järnvägssträckningar
474 1156 7 20 i
495 1156 77 26 landet,
587 1155 126 26 framhälles,
729 1156 104 21 hurusom
850 1157 69 21 »Vasa
927 1157 48 21 stad
983 1157 48 21 bör-

211 1184 30 23 jat
261 1184 38 21 allt
318 1190 60 15 mera
397 1184 65 26 draga
477 1184 31 20 till
524 1184 33 27 sig
571 1184 95 21 rörelsen
681 1184 47 21 frän
743 1184 41 22 den
801 1185 76 21 mellan
893 1185 56 21 Vetil
964 1186 12 20 ä
991 1186 40 21 och

211 1213 58 20 Vasa
283 1213 69 20 banan
368 1212 99 32 liggande
482 1212 143 21 landsdelen».
653 1213 65 20 Detta
732 1212 23 21 af
768 1213 103 21 komittön
887 1215 87 20 utrönta
988 1214 43 21 för-

210 1241 98 21 hällande
331 1241 92 26 grundar
444 1241 34 26 sig
500 1241 154 26 otvifvelaktigt
675 1241 103 27 däruppä,
792 1243 32 20 att
839 1241 88 22 trafiken
942 1241 47 22 frän
1004 1243 27 20 de

211 1269 46 21 inre
279 1269 86 21 delarna
385 1269 23 21 af
428 1269 71 21 landet
520 1270 32 20 till
572 1270 77 21 kusten
667 1269 23 21 af
703 1269 113 22 Bottniska
831 1270 62 21 viken
908 1271 7 20 i
930 1271 38 21 sitt
982 1273 49 25 eget

210 1297 143 22 välförstädda
373 1298 92 21 intresse
487 1298 150 21 företrädesvis
660 1298 68 21 mäste
748 1298 53 21 söka
816 1299 33 26 sig
864 1299 31 21 till
909 1299 121 26 hamnplats

210 1326 89 26 belägen
315 1326 62 20 söder
392 1331 35 14 om
442 1325 106 21 Kvarken.

279 1354 125 20 Hamnarna
415 1353 63 21 söder
490 1360 34 15 om
540 1354 106 24 Kvarken,
657 1354 64 21 bland
736 1355 48 20 dem
799 1355 41 20 den
855 1355 13 21 å
882 1354 95 26 Vasklot,
992 1356 39 20 äro

210 1382 106 27 nämligen
331 1388 35 15 om
382 1382 90 20 värarna
486 1388 38 28 par
539 1382 77 21 veckor
630 1382 90 27 tidigare
734 1382 40 22 och
789 1389 35 15 om
839 1382 101 23 höstarna
955 1390 77 15 senare

210 1410 132 28 tillgängliga
356 1410 33 22 för
404 1410 70 28 fartyg
489 1412 27 19 än
531 1411 115 21 hamnarna
663 1418 51 14 norr
730 1418 34 15 om
778 1412 105 21 Kvarken.
911 1408 70 26 Äfven
994 1419 35 15 om

211 1440 34 21 det
261 1439 68 22 skulle
344 1438 89 27 inträffa,
447 1441 32 19 att
494 1440 100 21 Kvarken
609 1446 35 15 om
660 1440 90 22 värarna
764 1446 51 16 vore
830 1442 70 26 öppen
915 1441 42 22 lika
967 1442 64 26 tidigt

211 1474 45 16 som
273 1468 90 22 Vasklot
377 1456 63 33 hamn
455 1470 23 19 är
493 1468 124 28 tillgänglig,
632 1468 80 22 händer
727 1469 36 22 det
777 1469 64 22 likväl
856 1470 49 27 ofta,
917 1472 32 20 att
961 1470 68 22 Kvar-

210 1497 40 21 ken
273 1497 46 21 äter
342 1498 86 26 stänges
450 1496 22 22 af
489 1492 68 44 drifis;
572 1497 39 21 och
626 1497 32 21 till
672 1497 52 34 följd
738 1498 62 22 häraf
812 1498 81 22 riskera
900 1487 129 34 "rederierna

209 1526 46 21 icke
271 1528 65 25 gärna
349 1528 32 19 att
396 1526 61 27 tidigt
472 1526 27 26 på
514 1526 89 22 vårarna
618 1526 66 22 sända
699 1527 46 21 sina
760 1527 69 27 fartyg
843 1534 51 15 norr
909 1534 35 15 om
960 1528 69 21 Kvar-
