1103 1770
210 144 41 21 194
537 141 166 33 Elinkeinolaki.
882 149 24 16 21
917 153 21 16 p.
947 148 82 20 jouluk.

210 217 146 21 öfverskrider
379 217 40 21 den
443 217 194 28 näringsrättighet,
656 216 76 21 honom
754 217 66 27 enligt
841 216 70 21 denna
932 216 35 27 lag
989 217 40 20 och

212 245 126 22 meddelade
353 245 136 22 föreskrifter
504 245 133 25 tillkommer,
653 245 48 21 böte
716 245 48 21 frän
777 246 30 20 tio
823 245 31 21 till
865 245 40 21 och
916 245 48 20 med
976 245 54 21 fem-

210 273 82 22 hundra
307 273 66 22 mark.

590 332 12 27 8
619 332 32 21 76.

281 376 47 21 Har
342 376 140 29 yrkesidkare
497 376 52 21 felat
563 380 57 18 emot
635 376 55 22 hvad
707 377 7 20 i
730 377 26 28 $$
770 377 34 26 39,
819 378 33 24 47,
866 378 35 25 48,
911 377 33 25 49,
955 377 33 25 50,
999 377 34 26 51,

212 406 33 24 52,
265 406 34 25 53,
320 406 27 20 55
367 405 50 21 eller
437 406 26 20 62
488 405 67 21 finnes
573 405 108 28 stadgadt,
700 405 50 20 eller
765 405 122 21 underläter
901 405 41 21 han
959 407 31 18 att
1005 404 28 28 pä

212 433 113 22 anfordran
344 433 70 21 lämna
433 433 47 21 dei
496 433 12 28 &
524 435 26 19 16
565 435 76 19 nämda
659 434 108 49 uppgifter
782 434 56 26 eller,
854 435 6 19 i
876 433 26 21 de
918 434 30 20 uti
964 433 25 28 88
1004 433 26 21 57

213 462 52 22 eller
280 463 26 21 58
322 462 140 21 omförmälda
476 462 38 21 fall
530 465 30 17 att
575 462 84 28 utgifva
690 465 54 25 betyg,
759 462 50 22 böte
824 462 47 21 från
887 462 41 21 och
943 461 48 21 med
1002 462 30 21 tio

212 491 33 21 till
260 490 41 22 och
317 490 49 22 med
381 490 127 22 femhundra
523 490 65 22 mark.
610 491 11 21 I
637 491 36 21 det
688 492 6 20 i
710 492 12 26 $
735 492 25 20 51
773 490 76 22 nämda
859 490 38 22 fall
908 491 40 21 kan
959 490 74 28 yrkes-

212 519 75 22 idkare
308 519 35 21 för
364 520 44 20 viss
429 520 30 20 tid
479 519 51 22 eller
550 520 59 20 alltid
631 520 103 21 förklaras
754 520 99 27 förlustig
872 521 42 19 rätt
931 522 31 18 att
977 519 56 21 hålla

213 548 82 28 lärling.

285 575 137 29 Åsidosätter
442 582 136 29 yrkesidkare
600 582 66 28 något
684 583 22 21 af
724 582 57 22 hvad
800 584 6 20 i
827 582 68 22 denna
911 583 35 27 lag
961 584 23 20 är
998 590 37 13 an-

216 611 83 28 gående
323 611 171 28 ordningsregler
514 612 34 20 för
567 611 95 21 arbetare
682 611 107 28 stadgadt,
809 612 49 20 böte
880 611 70 22 såsom
969 611 65 22 ofvan

214 640 62 29 sagdt
290 642 29 19 är.

592 698 12 27 8
621 697 32 22 76.

282 743 97 26 Biträde,
397 743 96 22 arbetare
512 744 51 21 eller
581 743 81 28 lärling,
680 751 45 13 som
745 743 54 22 felar
814 747 57 18 emot
885 743 56 22 hvad
957 745 8 20 i
980 745 13 26 &
1009 745 27 20 54

214 772 69 21 finnes
305 771 107 28 stadgadt,
433 772 51 21 eller
502 774 39 26 gör
561 773 33 27 sig
614 771 84 29 skyldig
716 772 33 21 till
769 773 69 27 någon
858 772 67 21 sådan
940 773 96 27 gärning,

217 808 46 14 som
279 801 8 20 i
305 801 12 28 $
337 802 26 20 56
385 800 131 28 förutsättes,
534 801 54 21 skall
604 802 78 19 ersätta
698 801 70 21 vällad
784 801 67 21 skada
867 801 40 21 och
921 801 52 21 böta
987 801 48 21 från

214 829 41 21 och
274 829 48 21 med
338 830 30 20 tio
384 829 32 21 till
431 829 41 21 och
487 829 47 22 med
550 829 114 22 trehundra
680 829 65 27 mark,
761 829 71 22 därest
848 830 18 28 ej
881 830 116 28 gärningen
1013 831 24 20 är

214 858 7 21 i
237 857 76 22 allmän
329 858 35 28 lag
379 857 48 22 med
443 858 63 21 straff
519 858 96 28 belaggd.

596 928 13 26 8
625 928 32 20 77.

284 971 80 29 Skiljer
382 972 138 28 yrkesidkare
537 972 89 26 biträde,
640 972 96 21 arbetare
754 972 52 22 eller
820 973 82 27 lärling,
917 973 52 21 eller
983 981 54 20 upp-

218 1000 52 21 höra
286 1000 63 21 dessa
364 1000 48 21 med
428 1000 37 21 sitt
480 1001 72 21 arbete
568 1001 38 21 hos
621 1000 153 29 yrkesidkaren
787 1004 51 18 utan
848 1004 32 18 att
890 1001 95 29 iakttaga
1010 1010 26 13 den

218 1029 176 28 uppsägningstid
411 1029 51 21 eller
476 1029 104 21 särskilda
590 1029 182 28 tidsbestämning,
782 1029 86 22 hvartill
879 1030 34 27 lag
923 1030 52 21 eller
985 1030 53 22 aftal

218 1056 47 22 dem
286 1057 120 28 förpliktar,
424 1057 51 21 eller
496 1061 49 17 utan
566 1061 31 18 att
615 1058 65 28 något
695 1058 23 20 af
732 1058 28 21 de
776 1059 5 19 i
797 1059 28 26 88
841 1059 33 25 56,
889 1059 26 21 57
931 1058 40 22 och
988 1060 26 20 58
1030 1060 7 20 i

216 1086 71 21 denna
301 1085 36 28 lag
351 1089 109 25 upptagna
474 1086 38 21 fall
526 1086 122 28 föreligger,
664 1087 48 20 böte
728 1086 47 21 från
791 1088 29 20 tio
832 1087 31 21 till
874 1088 39 20 och
924 1087 48 21 med
983 1087 55 21 fem-

216 1114 82 22 hundra
314 1114 59 21 mark
388 1114 41 22 och
444 1117 77 19 ersätte
537 1115 28 21 all
580 1115 73 21 skada.

284 1142 55 26 Den,
354 1150 46 14 som
420 1143 48 21 med
488 1143 50 21 våld
558 1144 52 20 eller
630 1144 38 20 hot
686 1144 84 27 tvingar
791 1144 96 22 arbetare
906 1147 31 19 att
952 1144 86 28 deltaga

216 1172 7 20 i
244 1171 189 21 arbetsinställelse
453 1172 51 20 eller
521 1172 87 21 hindrar
625 1172 77 21 honom
718 1175 30 18 att
764 1173 73 21 arbete
852 1173 71 21 utföra
938 1173 52 21 eller
1004 1174 34 27 sig

216 1200 69 28 åtaga,
301 1199 84 21 straffas
400 1207 45 14 som
461 1201 7 20 i
483 1200 121 28 strafflagen
620 1202 66 26 säges.

286 1229 97 26 Antager
401 1229 137 27 yrkesidkare
561 1237 80 13 annans
662 1229 88 26 biträde,
771 1229 95 21 arbetare
887 1230 52 21 eller
956 1230 82 28 lärling,

218 1264 45 14 som
284 1256 79 22 honom
387 1258 116 27 veterligen
526 1258 6 20 i
554 1258 52 20 strid
630 1261 44 18 mot
696 1258 35 28 lag
754 1258 51 21 eller
828 1258 52 22 aftal
900 1258 48 22 från
969 1258 70 22 denne

218 1285 75 29 afgått,
309 1285 49 21 böte
374 1285 46 21 från
436 1286 75 22 femtio
526 1286 32 21 till
573 1286 41 22 och
629 1286 47 22 med
692 1286 128 22 femhundra
835 1287 58 21 mark
909 1288 40 21 och
960 1289 78 20 ersätte

217 1314 28 19 all
259 1313 74 21 skada.

285 1341 148 20 Yrkesidkare
456 1343 23 18 är
502 1341 120 28 berättigad
642 1344 32 18 att
692 1349 76 20 genom
789 1342 180 29 polismyndighet
987 1343 52 21 eller

217 1369 118 29 Kejsarens
357 1369 236 28 befallningshafvande
611 1369 23 22 få
652 1369 48 28 den,
717 1377 45 15 som
778 1370 53 22 aftal
847 1371 70 27 brutit,
933 1371 108 29 ofördröj-

217 1398 56 28 ligen
290 1398 5 21 i
313 1398 72 22 arbete
400 1398 86 22 inställd
502 1398 28 29 på
545 1398 80 23 dennes
639 1406 53 21 egen
703 1399 126 23 bekostnad.

597 1452 13 26 8
626 1452 33 20 78.

287 1496 76 22 Denna
387 1496 34 29 lag
442 1497 55 21 skall
519 1504 39 22 ega
577 1497 97 29 gällande
695 1498 57 22 kraft
770 1498 48 22 från
837 1498 41 22 och
896 1499 48 22 med
964 1499 41 23 den
1026 1502 11 20 1

275 1526 48 21 9—.
