1103 1773
198 144 47 31 444
441 154 231 17 Eduskuntalaitoksen
684 154 103 17 uudistus.
871 154 26 16 29
910 159 19 15 p.
939 154 80 20 jouluk.

271 221 50 22 Men
337 222 36 21 det
387 223 24 20 är
426 221 59 26 klart,
500 224 37 24 att,
553 228 34 15 om
603 222 47 21 vårt
665 221 44 22 folk
724 224 23 19 är
759 224 73 25 moget
841 221 32 22 för
886 223 26 20 de
922 223 36 20 två
967 222 53 21 folk-

204 250 62 21 valda
288 250 102 21 ståndens
413 250 64 21 totala
499 251 171 26 omgestaltning,
692 251 36 20 det
748 251 7 20 i
776 253 57 19 ännu
848 251 66 26 högre
930 251 52 26 grad
997 253 23 19 är

204 280 73 25 moget
291 278 33 21 för
339 279 172 21 utmönstrandet
525 279 23 21 af
556 279 73 22 adelns
641 279 38 21 och
690 279 168 27 prästeståndets
869 279 99 27 politiska
978 280 42 27 pri-

205 307 86 27 vilegier
305 307 8 21 i
327 307 53 22 hvar
395 307 37 22 sitt
447 308 104 21 särskilda
565 308 69 21 stånd.
656 307 42 22 Det
709 310 23 19 är
743 308 72 21 vidare
825 308 60 25 klart,
897 310 31 19 att
938 311 31 18 ett
979 308 42 21 lika

205 336 96 27 lämpligt
322 335 81 22 tillfälle
426 343 45 15 som
494 343 29 14 nu
539 337 80 21 kanske
634 336 45 22 icke
694 337 142 21 återkommer
851 336 32 22 för
898 343 26 15 en
940 337 82 27 värklig

204 364 84 27 reform,
311 365 76 21 medan
407 371 26 15 en
449 365 44 21 half
510 365 75 27 åtgärd
601 365 54 22 blott
670 365 68 21 skulle
751 365 97 22 försvåra
862 365 86 28 frågans
964 365 57 28 afgö-

204 393 66 22 rande
292 393 51 22 eller
363 393 7 21 i
385 393 41 22 alla
442 393 36 22 fall
493 393 94 22 medföra
602 394 49 21 dess
666 394 87 21 lösande
767 394 28 27 på
809 396 31 19 ett
855 396 48 23 sätt,
918 401 47 14 som
981 395 40 21 den

206 422 121 21 nuvarande
342 423 196 26 representationen
553 423 46 21 icke
613 423 36 21 vill
664 423 118 26 godkänna.

273 451 34 21 De
321 451 165 27 förväntningar,
502 458 46 15 som
564 451 100 22 Finlands
679 451 44 22 folk
736 452 71 21 ställer
817 451 27 28 på
857 451 57 22 detta
926 452 94 21 ständer-

206 481 63 24 möte,
291 481 36 20 äro
343 479 133 28 synnerligen
492 480 61 27 höga.
582 480 40 21 Till
637 480 26 21 de
678 479 61 22 flesta
753 480 23 21 af
789 480 26 21 de
831 480 60 21 valda
906 480 114 27 folkrepre-

206 509 137 20 sentanterna
358 507 61 22 hafva
435 509 124 21 valmännen
575 509 76 21 uttalat
666 515 25 14 en
707 509 87 26 önskan,
809 511 32 19 att
855 509 47 21 vårt
916 509 105 21 konstitu-

207 536 86 21 tionella
307 537 114 21 statsskick
435 537 7 20 i
455 537 90 22 främsta
559 540 92 19 rummet
666 537 53 21 skall
734 539 82 20 värnas.
844 537 41 22 Det
901 544 62 20 synes
974 537 47 22 där-

206 564 33 22 för
258 571 51 15 vara
328 567 56 19 rätta
406 566 91 21 stunden
519 568 36 24 att,
575 565 61 22 äfven
652 566 27 21 då
694 567 35 20 det
742 566 64 27 gäller
821 572 26 15 en
862 566 124 27 förändring
1000 566 23 21 af

206 593 238 28 landtdagsordningen,
466 597 49 24 taga
537 597 70 24 steget
621 594 48 21 fullt
684 597 23 18 ut
722 595 48 21 med
785 601 26 14 en
827 595 33 20 hel
876 595 38 20 och
930 595 91 27 princip-

206 622 64 27 riktig
284 622 124 27 förändring
422 622 22 21 af
458 623 47 21 vårt
519 623 246 27 representationsskick.
788 623 43 22 Vår
843 623 179 28 statsförfattning

205 651 38 21 har
257 651 8 20 i
279 651 36 22 det
330 653 107 20 närmaste
452 652 114 27 undergått
581 653 26 20 de
622 651 156 28 förbättringar,
794 651 75 22 hvaraf
882 652 40 21 den
934 654 22 19 är
967 654 53 19 mot-

206 679 71 27 taglig.
306 680 27 22 Vi
348 680 68 21 måste
431 687 34 19 nu,
481 687 34 15 om
531 681 21 21 vi
567 681 49 27 vilja
631 683 49 24 taga
696 683 30 19 ett
742 683 68 19 större
825 683 48 25 steg
882 680 81 27 framåt,
974 687 46 15 som

202 708 25 27 ju
245 708 7 21 i
267 709 271 27 regeringspropositionen
554 712 23 18 är
592 709 74 26 afsedt,
681 709 57 21 finna
763 716 25 15 en
805 710 99 26 tidsenlig
918 709 55 22 form
988 709 32 22 för

205 737 26 21 de
243 737 91 21 rörelser
344 738 7 20 i
361 738 36 20 det
407 737 98 27 politiska
516 738 38 21 och
565 738 78 21 sociala
653 738 64 26 lifvet,
728 745 45 15 som
785 745 29 15 nu
825 738 94 27 försiggå
928 738 40 22 hos
976 744 43 16 oss.

273 766 95 22 Härmed
383 766 40 21 kan
439 766 45 22 icke
499 767 70 26 någon
585 766 123 27 förändring
724 768 61 26 göras
801 767 31 21 uti
847 767 26 21 de
886 767 135 27 grundlagar,

205 800 46 15 som
267 796 75 26 trygga
357 795 48 21 vårt
419 795 182 22 konstitutionella
616 795 29 21 lif.
667 796 69 21 Dessa
751 795 98 22 förblifva
859 796 111 27 oryggliga
982 796 38 22 och

206 824 61 26 djupt
284 824 124 26 inpräglade
426 824 7 21 i
448 824 35 21 det
497 825 106 21 allmänna
618 825 154 21 medvetandet.
803 825 38 27 >»Ej
857 825 34 21 må
906 825 113 27 konungen

205 852 70 27 någon
298 859 27 20 ny
347 852 36 28 lag
405 854 49 20 utan
478 854 125 21 ständernas
625 853 86 27 vetskap
727 854 39 21 och
782 853 106 27 samtycke
904 855 51 25 göra
970 853 50 22 eller

205 881 70 27 någon
291 881 91 27 gammal
397 881 34 28 lag
445 881 93 23 afskaffa.
564 882 25 28 Ej
606 882 61 27 måge
682 882 83 22 riksens
781 882 86 22 ständer
882 883 70 26 någon
963 889 57 21 gam-

205 910 42 22 mal
268 910 35 27 lag
325 909 87 22 afskaffa
434 911 50 21 eller
505 918 28 21 ny
555 911 34 28 lag
605 913 50 25 göra
670 913 50 19 utan
736 911 125 28 konungens
874 911 23 28 ja
912 911 39 22 och
966 917 54 16 sam-

205 939 78 28 tycke.»
315 939 42 21 Det
378 941 23 19 är
423 939 128 28 fullkomligt
572 940 118 26 otänkbart,
711 942 31 19 att
764 947 26 14 en
811 940 127 27 principiellt
956 940 65 27 riktig

205 967 259 28 representationsreform
488 969 68 21 skulle
577 969 7 21 i
606 969 78 21 minsta
706 969 48 21 mån
776 969 99 28 försvaga
896 969 41 22 den
959 969 62 22 säkra

206 997 96 26 grunden
317 996 33 21 för
366 997 47 21 vårt
427 997 119 26 statsskick,
561 998 40 21 den
617 998 68 21 måste
701 1000 91 19 tvärtom
809 998 7 21 i
833 998 43 27 hög
886 998 52 27 grad
949 998 72 21 stärka

205 1025 69 22 denna
295 1025 74 27 grund,
391 1025 87 22 likasom
497 1027 41 20 den
553 1026 32 21 för
601 1027 125 26 regeringen
742 1027 67 20 måste
824 1026 89 21 framstå
928 1033 45 14 som
989 1027 31 21 åt-

204 1054 107 21 minstone
325 1053 42 22 lika
382 1054 93 27 antaglig
490 1061 46 15 som
550 1055 37 21 vår
597 1061 29 15 nu
638 1055 102 26 gällande,
750 1055 7 21 i
767 1055 93 22 formellt
869 1054 100 22 afseende
978 1055 42 21 för-

204 1082 85 21 åldrade
305 1083 240 26 representationsform.

272 1111 42 21 Vid
337 1111 146 22 betraktandet
505 1111 22 22 af
547 1113 202 26 representationen,
768 1113 65 21 sådan
852 1112 40 22 den
908 1113 6 20 i
929 1114 31 20 ett
974 1114 47 25 nytt

205 1139 64 22 skede
290 1139 38 22 och
349 1140 8 21 i
371 1146 26 15 en
416 1147 27 20 ny
458 1141 53 20 form
527 1141 71 21 kunde
613 1143 107 19 motsvara
735 1141 46 22 vårt
795 1141 56 22 folks
865 1141 69 25 behof,
949 1141 72 21 kunna

204 1168 64 21 redan
291 1168 38 21 här
351 1169 66 26 några
432 1169 130 26 synpunkter
577 1169 127 21 framhållas.
734 1170 85 21 Statens
835 1169 96 22 ändamål
946 1171 24 19 är
986 1170 34 20 be-

204 1196 92 21 redande
311 1196 23 21 af
347 1197 230 22 statsmedlemmarnas
593 1197 87 22 välfärd.
704 1198 48 21 Men
769 1197 175 22 välfärdskrafvet
954 1198 67 21 måste

204 1225 117 26 begränsas
343 1225 31 21 till
396 1225 36 22 det
453 1225 58 22 helas
526 1226 87 21 välfärd.
646 1226 33 21 De
694 1227 82 26 privata
790 1227 39 21 och
844 1227 178 21 klassintressena

205 1253 68 22 måste
296 1254 146 21 underordnas
464 1255 160 21 statsintresset.
656 1255 204 26 Representationen
882 1255 68 21 måste
973 1257 49 25 taga

204 1281 81 28 hänsyn
308 1282 31 21 till
361 1282 41 22 den
425 1282 77 22 sociala
520 1283 114 22 rättvisans
650 1283 50 26 kraf,
716 1283 89 22 likasom
821 1283 64 23 också
899 1283 41 22 den
956 1283 64 22 histo-

204 1310 58 20 riska
283 1310 156 21 kontinuiteten
458 1312 7 18 i
481 1312 49 19 dess
545 1312 95 25 värkliga
654 1313 109 24 innebörd,
778 1312 45 20 icke
839 1312 6 20 i
861 1314 30 18 ett
905 1312 117 20 föråldradt

204 1337 120 26 arbetssätt,
340 1338 38 21 bör
393 1338 83 21 komma
491 1338 31 21 till
537 1339 33 20 sin
585 1340 48 20 rätt.

273 1365 94 27 Bildade,
383 1366 98 27 upplysta
497 1366 39 21 och
551 1366 230 22 fosterlandsälskande
796 1368 49 20 män
860 1367 51 21 böra
926 1367 51 27 icke,
992 1367 29 21 äf-

204 1400 41 15 ven
260 1400 35 15 om
311 1394 26 22 de
352 1394 53 22 höra
419 1394 31 22 till
465 1401 26 15 en
503 1396 114 24 minoritet,
627 1395 73 22 kunna
709 1395 46 22 från
765 1396 198 27 representationen
976 1398 45 20 ute-

205 1422 73 22 slutas.
307 1423 50 21 Med
379 1422 100 23 afseende
501 1423 52 22 härå
567 1430 63 22 synes
646 1424 41 26 det,
702 1431 47 15 som
765 1426 30 20 ett
810 1424 211 28 tvåkammarsystem

204 1450 62 23 äfven
286 1451 33 22 för
334 1452 48 21 vårt
396 1452 61 22 lands
471 1452 144 22 förhållanden
632 1459 51 15 vore
698 1454 36 21 det
748 1454 139 27 lämpligaste.
916 1454 48 21 Den
979 1453 42 22 för-

205 1482 33 20 sta
260 1480 122 22 kammaren
404 1480 70 22 kunde
493 1481 33 22 för
544 1482 129 22 bevarandet
687 1482 23 22 af
722 1483 41 21 den
778 1482 101 28 politiska
892 1482 129 22 kontinuite-

204 1511 36 19 ten
255 1510 8 20 i
277 1510 34 27 sig
326 1512 93 25 upptaga
434 1510 26 22 de
475 1510 151 28 väsentligaste
641 1511 117 22 elementen
774 1511 46 22 icke
834 1511 55 22 blott
904 1511 22 22 af
940 1512 26 21 de
982 1518 40 15 nu-

204 1538 92 22 varande
317 1538 99 28 borgare-
435 1539 38 21 och
488 1539 161 23 bondestånden
664 1542 51 20 utan
730 1540 40 22 ock
785 1540 22 22 af
820 1540 26 22 de
861 1540 161 28 privilegierade
