<?xml version="1.0" encoding="UTF-8"?>
<alto xmlns="http://www.loc.gov/standards/alto/ns-v3#" xmlns:xlink="http://www.w3.org/1999/xlink" xmlns:xsi="http://www.w3.org/2001/XMLSchema-instance" xsi:schemaLocation="http://www.loc.gov/standards/alto/ns-v3# http://www.loc.gov/alto/v3/alto-3-0.xsd">
	<Description>
		<MeasurementUnit>pixel</MeasurementUnit>
		<sourceImageInformation>
			<fileName>/tmp/tess_cyevfun4_input.PNG</fileName>
		</sourceImageInformation>
		<OCRProcessing ID="OCR_0">
			<ocrProcessingStep>
				<processingSoftware>
					<softwareName>tesseract 5.3.4</softwareName>
				</processingSoftware>
			</ocrProcessingStep>
		</OCRProcessing>
	</Description>
	<Layout>
		<Page WIDTH="1106" HEIGHT="1778" PHYSICAL_IMG_NR="0" ID="page_0">
			<PrintSpace HPOS="0" VPOS="0" WIDTH="1106" HEIGHT="1778">
				<ComposedBlock ID="cblock_0" HPOS="200" VPOS="145" WIDTH="822" HEIGHT="35">
					<TextBlock ID="block_0" HPOS="200" VPOS="145" WIDTH="822" HEIGHT="35">
						<TextLine ID="line_0" HPOS="200" VPOS="145" WIDTH="822" HEIGHT="35">
							<String ID="string_0" HPOS="200" VPOS="145" WIDTH="43" HEIGHT="34" WC="0.96" CONTENT="440"/><SP WIDTH="209" VPOS="145" HPOS="243"/>
							<String ID="string_1" HPOS="452" VPOS="157" WIDTH="91" HEIGHT="17" WC="0.92" CONTENT="Yleinen"/><SP WIDTH="11" VPOS="157" HPOS="543"/>
							<String ID="string_2" HPOS="554" VPOS="158" WIDTH="212" HEIGHT="21" WC="0.90" CONTENT="rakennusjärjestys."/><SP WIDTH="104" VPOS="158" HPOS="766"/>
							<String ID="string_3" HPOS="870" VPOS="159" WIDTH="27" HEIGHT="16" WC="0.96" CONTENT="29"/><SP WIDTH="13" VPOS="159" HPOS="897"/>
							<String ID="string_4" HPOS="910" VPOS="165" WIDTH="19" HEIGHT="14" WC="0.95" CONTENT="p."/><SP WIDTH="10" VPOS="165" HPOS="929"/>
							<String ID="string_5" HPOS="939" VPOS="159" WIDTH="83" HEIGHT="21" WC="0.96" CONTENT="jouluk."/>
						</TextLine>
					</TextBlock>
				</ComposedBlock>
				<GraphicalElement ID="cblock_1" HPOS="201" VPOS="180" WIDTH="820" HEIGHT="14"></GraphicalElement >
				<ComposedBlock ID="cblock_2" HPOS="405" VPOS="225" WIDTH="618" HEIGHT="78">
					<TextBlock ID="block_1" HPOS="405" VPOS="225" WIDTH="618" HEIGHT="78">
						<TextLine ID="line_1" HPOS="473" VPOS="225" WIDTH="550" HEIGHT="29">
							<String ID="string_6" HPOS="473" VPOS="226" WIDTH="43" HEIGHT="19" WC="0.96" CONTENT="että"/><SP WIDTH="18" VPOS="226" HPOS="516"/>
							<String ID="string_7" HPOS="534" VPOS="225" WIDTH="89" HEIGHT="27" WC="0.93" CONTENT="yleinen"/><SP WIDTH="16" VPOS="225" HPOS="623"/>
							<String ID="string_8" HPOS="639" VPOS="226" WIDTH="211" HEIGHT="28" WC="0.92" CONTENT="rakennusjärjestys"/><SP WIDTH="15" VPOS="226" HPOS="850"/>
							<String ID="string_9" HPOS="865" VPOS="227" WIDTH="158" HEIGHT="27" WC="0.91" CONTENT="kaupungeita,"/>
						</TextLine>
						<TextLine ID="line_2" HPOS="406" VPOS="252" WIDTH="615" HEIGHT="30">
							<String ID="string_10" HPOS="406" VPOS="252" WIDTH="143" HEIGHT="28" WC="0.92" CONTENT="kauppaloita"/><SP WIDTH="17" VPOS="252" HPOS="549"/>
							<String ID="string_11" HPOS="566" VPOS="253" WIDTH="27" HEIGHT="28" WC="0.93" CONTENT="ja"/><SP WIDTH="24" VPOS="253" HPOS="593"/>
							<String ID="string_12" HPOS="617" VPOS="253" WIDTH="147" HEIGHT="28" WC="0.92" CONTENT="taajaväkistä"/><SP WIDTH="13" VPOS="253" HPOS="764"/>
							<String ID="string_13" HPOS="777" VPOS="254" WIDTH="150" HEIGHT="28" WC="0.96" CONTENT="yhdyskuntia"/><SP WIDTH="17" VPOS="254" HPOS="927"/>
							<String ID="string_14" HPOS="944" VPOS="257" WIDTH="77" HEIGHT="20" WC="0.96" CONTENT="varten"/>
						</TextLine>
						<TextLine ID="line_3" HPOS="405" VPOS="281" WIDTH="384" HEIGHT="22">
							<String ID="string_15" HPOS="405" VPOS="281" WIDTH="160" HEIGHT="22" WC="0.93" CONTENT="maaseuduilla"/><SP WIDTH="15" VPOS="281" HPOS="565"/>
							<String ID="string_16" HPOS="580" VPOS="282" WIDTH="209" HEIGHT="21" WC="0.89" CONTENT="aikaansaataisiin."/>
						</TextLine>
					</TextBlock>
				</ComposedBlock>
				<ComposedBlock ID="cblock_3" HPOS="268" VPOS="343" WIDTH="492" HEIGHT="29">
					<TextBlock ID="block_2" HPOS="268" VPOS="343" WIDTH="492" HEIGHT="29">
						<TextLine ID="line_4" HPOS="268" VPOS="343" WIDTH="492" HEIGHT="29">
							<String ID="string_17" HPOS="268" VPOS="343" WIDTH="136" HEIGHT="27" WC="0.96" CONTENT="Helsingissä"/><SP WIDTH="11" VPOS="343" HPOS="404"/>
							<String ID="string_18" HPOS="415" VPOS="344" WIDTH="122" HEIGHT="27" WC="0.96" CONTENT="joulukuun"/><SP WIDTH="16" VPOS="344" HPOS="537"/>
							<String ID="string_19" HPOS="553" VPOS="346" WIDTH="26" HEIGHT="20" WC="0.96" CONTENT="22"/><SP WIDTH="16" VPOS="346" HPOS="579"/>
							<String ID="string_20" HPOS="595" VPOS="345" WIDTH="88" HEIGHT="27" WC="0.96" CONTENT="päivänä"/><SP WIDTH="18" VPOS="345" HPOS="683"/>
							<String ID="string_21" HPOS="701" VPOS="346" WIDTH="59" HEIGHT="21" WC="0.96" CONTENT="1904."/>
						</TextLine>
					</TextBlock>
				</ComposedBlock>
				<ComposedBlock ID="cblock_4" HPOS="269" VPOS="412" WIDTH="682" HEIGHT="30">
					<TextBlock ID="block_3" HPOS="269" VPOS="412" WIDTH="682" HEIGHT="30">
						<TextLine ID="line_5" HPOS="269" VPOS="412" WIDTH="682" HEIGHT="30">
							<String ID="string_22" HPOS="269" VPOS="412" WIDTH="64" HEIGHT="20" WC="0.96" CONTENT="Antti"/><SP WIDTH="14" VPOS="412" HPOS="333"/>
							<String ID="string_23" HPOS="347" VPOS="412" WIDTH="102" HEIGHT="21" WC="0.96" CONTENT="Mikkola."/><SP WIDTH="315" VPOS="412" HPOS="449"/>
							<String ID="string_24" HPOS="764" VPOS="415" WIDTH="54" HEIGHT="20" WC="0.90" CONTENT="Axel"/><SP WIDTH="15" VPOS="415" HPOS="818"/>
							<String ID="string_25" HPOS="833" VPOS="415" WIDTH="26" HEIGHT="21" WC="0.93" CONTENT="R."/><SP WIDTH="19" VPOS="415" HPOS="859"/>
							<String ID="string_26" HPOS="878" VPOS="414" WIDTH="73" HEIGHT="28" WC="0.89" CONTENT="Spoof."/>
						</TextLine>
					</TextBlock>
				</ComposedBlock>
				<ComposedBlock ID="cblock_5" HPOS="196" VPOS="504" WIDTH="825" HEIGHT="84">
					<TextBlock ID="block_4" HPOS="196" VPOS="504" WIDTH="825" HEIGHT="84">
						<TextLine ID="line_6" HPOS="200" VPOS="504" WIDTH="819" HEIGHT="32">
							<String ID="string_27" HPOS="200" VPOS="532" WIDTH="4" HEIGHT="4" WC="0.89" CONTENT="N"/><SP WIDTH="64" VPOS="532" HPOS="204"/>
							<String ID="string_28" HPOS="268" VPOS="504" WIDTH="46" HEIGHT="21" WC="0.96" CONTENT="Hra"/><SP WIDTH="14" VPOS="504" HPOS="314"/>
							<String ID="string_29" HPOS="328" VPOS="504" WIDTH="135" HEIGHT="22" WC="0.96" CONTENT="Mikkola"/><SP WIDTH="15" VPOS="504" HPOS="463"/>
							<String ID="string_30" HPOS="478" VPOS="504" WIDTH="44" HEIGHT="22" WC="0.96" CONTENT="luki"/><SP WIDTH="11" VPOS="504" HPOS="522"/>
							<String ID="string_31" HPOS="533" VPOS="505" WIDTH="56" HEIGHT="27" WC="0.93" CONTENT="julki"/><SP WIDTH="15" VPOS="505" HPOS="589"/>
							<String ID="string_32" HPOS="604" VPOS="506" WIDTH="224" HEIGHT="22" WC="0.91" CONTENT="anomusehdotuksen"/><SP WIDTH="16" VPOS="506" HPOS="828"/>
							<String ID="string_33" HPOS="844" VPOS="513" WIDTH="85" HEIGHT="20" WC="0.92" CONTENT="ponnen"/><SP WIDTH="14" VPOS="513" HPOS="929"/>
							<String ID="string_34" HPOS="943" VPOS="507" WIDTH="23" HEIGHT="27" WC="0.96" CONTENT="ja"/><SP WIDTH="15" VPOS="507" HPOS="966"/>
							<String ID="string_35" HPOS="981" VPOS="513" WIDTH="38" HEIGHT="16" WC="0.96" CONTENT="sen"/>
						</TextLine>
						<TextLine ID="line_7" HPOS="196" VPOS="531" WIDTH="825" HEIGHT="31">
							<String ID="string_36" HPOS="196" VPOS="531" WIDTH="84" HEIGHT="28" WC="0.96" CONTENT="jälkeen"/><SP WIDTH="20" VPOS="531" HPOS="280"/>
							<String ID="string_37" HPOS="300" VPOS="532" WIDTH="91" HEIGHT="22" WC="0.96" CONTENT="ehdotus"/><SP WIDTH="23" VPOS="532" HPOS="391"/>
							<String ID="string_38" HPOS="414" VPOS="536" WIDTH="119" HEIGHT="24" WC="0.96" CONTENT="pyynnöstä"/><SP WIDTH="21" VPOS="536" HPOS="533"/>
							<String ID="string_39" HPOS="554" VPOS="534" WIDTH="80" HEIGHT="27" WC="0.97" CONTENT="pantiin"/><SP WIDTH="23" VPOS="534" HPOS="634"/>
							<String ID="string_40" HPOS="657" VPOS="534" WIDTH="98" HEIGHT="28" WC="0.96" CONTENT="pöydälle"/><SP WIDTH="20" VPOS="534" HPOS="755"/>
							<String ID="string_41" HPOS="775" VPOS="534" WIDTH="85" HEIGHT="22" WC="0.96" CONTENT="tulevan"/><SP WIDTH="20" VPOS="534" HPOS="860"/>
							<String ID="string_42" HPOS="880" VPOS="536" WIDTH="84" HEIGHT="21" WC="0.93" CONTENT="vuoden"/><SP WIDTH="15" VPOS="536" HPOS="964"/>
							<String ID="string_43" HPOS="979" VPOS="537" WIDTH="42" HEIGHT="21" WC="0.92" CONTENT="toi-"/>
						</TextLine>
						<TextLine ID="line_8" HPOS="199" VPOS="562" WIDTH="246" HEIGHT="26">
							<String ID="string_44" HPOS="199" VPOS="567" WIDTH="51" HEIGHT="15" WC="0.93" CONTENT="seen"/><SP WIDTH="14" VPOS="567" HPOS="250"/>
							<String ID="string_45" HPOS="264" VPOS="562" WIDTH="181" HEIGHT="26" WC="0.92" CONTENT="täysi-istuntoon."/>
						</TextLine>
					</TextBlock>
				</ComposedBlock>
				<ComposedBlock ID="cblock_6" HPOS="196" VPOS="682" WIDTH="824" HEIGHT="85">
					<TextBlock ID="block_5" HPOS="196" VPOS="682" WIDTH="824" HEIGHT="85">
						<TextLine ID="line_9" HPOS="268" VPOS="682" WIDTH="751" HEIGHT="33">
							<String ID="string_46" HPOS="268" VPOS="683" WIDTH="46" HEIGHT="21" WC="0.96" CONTENT="Hra"/><SP WIDTH="14" VPOS="683" HPOS="314"/>
							<String ID="string_47" HPOS="328" VPOS="683" WIDTH="128" HEIGHT="32" WC="0.93" CONTENT="August"/><SP WIDTH="21" VPOS="683" HPOS="456"/>
							<String ID="string_48" HPOS="477" VPOS="684" WIDTH="142" HEIGHT="22" WC="0.69" CONTENT="Jusölius"/><SP WIDTH="16" VPOS="684" HPOS="619"/>
							<String ID="string_49" HPOS="635" VPOS="684" WIDTH="28" HEIGHT="22" WC="0.93" CONTENT="oli"/><SP WIDTH="16" VPOS="684" HPOS="663"/>
							<String ID="string_50" HPOS="679" VPOS="685" WIDTH="93" HEIGHT="27" WC="0.93" CONTENT="säädylle"/><SP WIDTH="15" VPOS="685" HPOS="772"/>
							<String ID="string_51" HPOS="787" VPOS="682" WIDTH="90" HEIGHT="24" WC="0.93" CONTENT="antanut"/><SP WIDTH="15" VPOS="682" HPOS="877"/>
							<String ID="string_52" HPOS="892" VPOS="686" WIDTH="127" HEIGHT="22" WC="0.88" CONTENT="anomuseh-"/>
						</TextLine>
						<TextLine ID="line_10" HPOS="199" VPOS="711" WIDTH="821" HEIGHT="32">
							<String ID="string_53" HPOS="199" VPOS="711" WIDTH="112" HEIGHT="32" WC="0.93" CONTENT="dotuksen,"/><SP WIDTH="13" VPOS="711" HPOS="311"/>
							<String ID="string_54" HPOS="324" VPOS="712" WIDTH="66" HEIGHT="27" WC="0.96" CONTENT="jonka"/><SP WIDTH="15" VPOS="712" HPOS="390"/>
							<String ID="string_55" HPOS="405" VPOS="712" WIDTH="41" HEIGHT="21" WC="0.96" CONTENT="hän"/><SP WIDTH="15" VPOS="712" HPOS="446"/>
							<String ID="string_56" HPOS="461" VPOS="715" WIDTH="57" HEIGHT="24" WC="0.96" CONTENT="ynnä"/><SP WIDTH="15" VPOS="715" HPOS="518"/>
							<String ID="string_57" HPOS="533" VPOS="713" WIDTH="38" HEIGHT="22" WC="0.96" CONTENT="hra"/><SP WIDTH="16" VPOS="713" HPOS="571"/>
							<String ID="string_58" HPOS="587" VPOS="713" WIDTH="122" HEIGHT="22" WC="0.95" CONTENT="Kumlin"/><SP WIDTH="16" VPOS="713" HPOS="709"/>
							<String ID="string_59" HPOS="725" VPOS="713" WIDTH="64" HEIGHT="22" WC="0.93" CONTENT="olivat"/><SP WIDTH="16" VPOS="713" HPOS="789"/>
							<String ID="string_60" HPOS="805" VPOS="713" WIDTH="184" HEIGHT="28" WC="0.81" CONTENT="allekirjoittaneet"/><SP WIDTH="8" VPOS="713" HPOS="989"/>
							<String ID="string_61" HPOS="997" VPOS="715" WIDTH="23" HEIGHT="27" WC="0.96" CONTENT="ja"/>
						</TextLine>
						<TextLine ID="line_11" HPOS="196" VPOS="740" WIDTH="277" HEIGHT="27">
							<String ID="string_62" HPOS="196" VPOS="740" WIDTH="51" HEIGHT="27" WC="0.96" CONTENT="joka"/><SP WIDTH="16" VPOS="740" HPOS="247"/>
							<String ID="string_63" HPOS="263" VPOS="740" WIDTH="27" HEIGHT="21" WC="0.96" CONTENT="oli"/><SP WIDTH="16" VPOS="740" HPOS="290"/>
							<String ID="string_64" HPOS="306" VPOS="741" WIDTH="49" HEIGHT="21" WC="0.96" CONTENT="näin"/><SP WIDTH="15" VPOS="741" HPOS="355"/>
							<String ID="string_65" HPOS="370" VPOS="741" WIDTH="103" HEIGHT="22" WC="0.96" CONTENT="kuuluva:"/>
						</TextLine>
					</TextBlock>
				</ComposedBlock>
				<ComposedBlock ID="cblock_7" HPOS="487" VPOS="823" WIDTH="246" HEIGHT="21">
					<TextBlock ID="block_6" HPOS="487" VPOS="823" WIDTH="246" HEIGHT="21">
						<TextLine ID="line_12" HPOS="487" VPOS="823" WIDTH="246" HEIGHT="21">
							<String ID="string_66" HPOS="487" VPOS="823" WIDTH="116" HEIGHT="21" WC="0.90" CONTENT="Vördsamt"/><SP WIDTH="15" VPOS="823" HPOS="603"/>
							<String ID="string_67" HPOS="618" VPOS="823" WIDTH="115" HEIGHT="21" WC="0.96" CONTENT="memorial."/>
						</TextLine>
					</TextBlock>
				</ComposedBlock>
				<ComposedBlock ID="cblock_8" HPOS="196" VPOS="879" WIDTH="830" HEIGHT="685">
					<TextBlock ID="block_7" HPOS="196" VPOS="879" WIDTH="829" HEIGHT="627">
						<TextLine ID="line_13" HPOS="270" VPOS="879" WIDTH="751" HEIGHT="28">
							<String ID="string_68" HPOS="270" VPOS="881" WIDTH="10" HEIGHT="20" WC="0.95" CONTENT="I"/><SP WIDTH="20" VPOS="881" HPOS="280"/>
							<String ID="string_69" HPOS="300" VPOS="880" WIDTH="27" HEIGHT="22" WC="0.92" CONTENT="75"/><SP WIDTH="23" VPOS="880" HPOS="327"/>
							<String ID="string_70" HPOS="350" VPOS="881" WIDTH="12" HEIGHT="26" WC="0.73" CONTENT="&amp;"/><SP WIDTH="23" VPOS="881" HPOS="362"/>
							<String ID="string_71" HPOS="385" VPOS="879" WIDTH="22" HEIGHT="22" WC="0.96" CONTENT="af"/><SP WIDTH="18" VPOS="879" HPOS="407"/>
							<String ID="string_72" HPOS="425" VPOS="880" WIDTH="96" HEIGHT="27" WC="0.93" CONTENT="gällande"/><SP WIDTH="16" VPOS="880" HPOS="521"/>
							<String ID="string_73" HPOS="537" VPOS="880" WIDTH="134" HEIGHT="27" WC="0.92" CONTENT="växelstadga"/><SP WIDTH="16" VPOS="880" HPOS="671"/>
							<String ID="string_74" HPOS="687" VPOS="879" WIDTH="22" HEIGHT="22" WC="0.96" CONTENT="af"/><SP WIDTH="15" VPOS="879" HPOS="709"/>
							<String ID="string_75" HPOS="724" VPOS="881" WIDTH="41" HEIGHT="20" WC="0.96" CONTENT="den"/><SP WIDTH="16" VPOS="881" HPOS="765"/>
							<String ID="string_76" HPOS="781" VPOS="881" WIDTH="27" HEIGHT="20" WC="0.96" CONTENT="29"/><SP WIDTH="16" VPOS="881" HPOS="808"/>
							<String ID="string_77" HPOS="824" VPOS="887" WIDTH="57" HEIGHT="15" WC="0.96" CONTENT="mars"/><SP WIDTH="17" VPOS="887" HPOS="881"/>
							<String ID="string_78" HPOS="898" VPOS="881" WIDTH="54" HEIGHT="21" WC="0.92" CONTENT="1858"/><SP WIDTH="15" VPOS="881" HPOS="952"/>
							<String ID="string_79" HPOS="967" VPOS="880" WIDTH="54" HEIGHT="22" WC="0.92" CONTENT="före-"/>
						</TextLine>
						<TextLine ID="line_14" HPOS="201" VPOS="908" WIDTH="822" HEIGHT="28">
							<String ID="string_80" HPOS="201" VPOS="909" WIDTH="95" HEIGHT="26" WC="0.92" CONTENT="skrifves,"/><SP WIDTH="16" VPOS="909" HPOS="296"/>
							<String ID="string_81" HPOS="312" VPOS="911" WIDTH="31" HEIGHT="20" WC="0.93" CONTENT="att"/><SP WIDTH="14" VPOS="911" HPOS="343"/>
							<String ID="string_82" HPOS="357" VPOS="909" WIDTH="136" HEIGHT="22" WC="0.91" CONTENT="innehafvare"/><SP WIDTH="14" VPOS="909" HPOS="493"/>
							<String ID="string_83" HPOS="507" VPOS="908" WIDTH="23" HEIGHT="21" WC="0.97" CONTENT="af"/><SP WIDTH="13" VPOS="908" HPOS="530"/>
							<String ID="string_84" HPOS="543" VPOS="909" WIDTH="64" HEIGHT="26" WC="0.96" CONTENT="växel,"/><SP WIDTH="17" VPOS="909" HPOS="607"/>
							<String ID="string_85" HPOS="624" VPOS="915" WIDTH="45" HEIGHT="15" WC="0.96" CONTENT="som"/><SP WIDTH="16" VPOS="915" HPOS="669"/>
							<String ID="string_86" HPOS="685" VPOS="908" WIDTH="32" HEIGHT="21" WC="0.93" CONTENT="för"/><SP WIDTH="16" VPOS="908" HPOS="717"/>
							<String ID="string_87" HPOS="733" VPOS="909" WIDTH="109" HEIGHT="22" WC="0.92" CONTENT="bristande"/><SP WIDTH="14" VPOS="909" HPOS="842"/>
							<String ID="string_88" HPOS="856" VPOS="909" WIDTH="109" HEIGHT="27" WC="0.93" CONTENT="betalning"/><SP WIDTH="10" VPOS="909" HPOS="965"/>
							<String ID="string_89" HPOS="975" VPOS="909" WIDTH="48" HEIGHT="22" WC="0.92" CONTENT="blif-"/>
						</TextLine>
						<TextLine ID="line_15" HPOS="200" VPOS="937" WIDTH="822" HEIGHT="28">
							<String ID="string_90" HPOS="200" VPOS="939" WIDTH="31" HEIGHT="21" WC="0.96" CONTENT="vit"/><SP WIDTH="21" VPOS="939" HPOS="231"/>
							<String ID="string_91" HPOS="252" VPOS="939" WIDTH="8" HEIGHT="20" WC="0.93" CONTENT="i"/><SP WIDTH="20" VPOS="939" HPOS="260"/>
							<String ID="string_92" HPOS="280" VPOS="938" WIDTH="48" HEIGHT="27" WC="0.92" CONTENT="laga"/><SP WIDTH="22" VPOS="938" HPOS="328"/>
							<String ID="string_93" HPOS="350" VPOS="937" WIDTH="91" HEIGHT="28" WC="0.90" CONTENT="ordning"/><SP WIDTH="22" VPOS="937" HPOS="441"/>
							<String ID="string_94" HPOS="463" VPOS="938" WIDTH="139" HEIGHT="27" WC="0.90" CONTENT="protesterad,"/><SP WIDTH="22" VPOS="938" HPOS="602"/>
							<String ID="string_95" HPOS="624" VPOS="937" WIDTH="38" HEIGHT="22" WC="0.93" CONTENT="har"/><SP WIDTH="25" VPOS="937" HPOS="662"/>
							<String ID="string_96" HPOS="687" VPOS="937" WIDTH="88" HEIGHT="22" WC="0.92" CONTENT="förlorat"/><SP WIDTH="18" VPOS="937" HPOS="775"/>
							<String ID="string_97" HPOS="793" VPOS="938" WIDTH="32" HEIGHT="21" WC="0.93" CONTENT="sin"/><SP WIDTH="24" VPOS="938" HPOS="825"/>
							<String ID="string_98" HPOS="849" VPOS="938" WIDTH="173" HEIGHT="27" WC="0.90" CONTENT="ätergängstalan"/>
						</TextLine>
						<TextLine ID="line_16" HPOS="198" VPOS="965" WIDTH="824" HEIGHT="28">
							<String ID="string_99" HPOS="198" VPOS="969" WIDTH="61" HEIGHT="20" WC="0.86" CONTENT="emot"/><SP WIDTH="15" VPOS="969" HPOS="259"/>
							<String ID="string_100" HPOS="274" VPOS="966" WIDTH="126" HEIGHT="22" WC="0.92" CONTENT="öfverlätare"/><SP WIDTH="15" VPOS="966" HPOS="400"/>
							<String ID="string_101" HPOS="415" VPOS="966" WIDTH="38" HEIGHT="21" WC="0.93" CONTENT="och"/><SP WIDTH="15" VPOS="966" HPOS="453"/>
							<String ID="string_102" HPOS="468" VPOS="966" WIDTH="162" HEIGHT="27" WC="0.92" CONTENT="växelgifvaren,"/><SP WIDTH="15" VPOS="966" HPOS="630"/>
							<String ID="string_103" HPOS="645" VPOS="965" WIDTH="88" HEIGHT="22" WC="0.91" CONTENT="säframt"/><SP WIDTH="15" VPOS="965" HPOS="733"/>
							<String ID="string_104" HPOS="748" VPOS="967" WIDTH="42" HEIGHT="20" WC="0.93" CONTENT="han"/><SP WIDTH="15" VPOS="967" HPOS="790"/>
							<String ID="string_105" HPOS="805" VPOS="967" WIDTH="46" HEIGHT="20" WC="0.88" CONTENT="icke"/><SP WIDTH="14" VPOS="967" HPOS="851"/>
							<String ID="string_106" HPOS="865" VPOS="967" WIDTH="92" HEIGHT="21" WC="0.92" CONTENT="bevakar"/><SP WIDTH="15" VPOS="967" HPOS="957"/>
							<String ID="string_107" HPOS="972" VPOS="967" WIDTH="50" HEIGHT="21" WC="0.91" CONTENT="den-"/>
						</TextLine>
						<TextLine ID="line_17" HPOS="201" VPOS="995" WIDTH="822" HEIGHT="27">
							<String ID="string_108" HPOS="201" VPOS="1002" WIDTH="82" HEIGHT="15" WC="0.95" CONTENT="samma"/><SP WIDTH="21" VPOS="1002" HPOS="283"/>
							<String ID="string_109" HPOS="304" VPOS="1001" WIDTH="75" HEIGHT="21" WC="0.90" CONTENT="genom"/><SP WIDTH="24" VPOS="1001" HPOS="379"/>
							<String ID="string_110" HPOS="403" VPOS="995" WIDTH="108" HEIGHT="26" WC="0.90" CONTENT="stämning"/><SP WIDTH="21" VPOS="995" HPOS="511"/>
							<String ID="string_111" HPOS="532" VPOS="995" WIDTH="58" HEIGHT="21" WC="0.96" CONTENT="inom"/><SP WIDTH="22" VPOS="995" HPOS="590"/>
							<String ID="string_112" HPOS="612" VPOS="995" WIDTH="45" HEIGHT="21" WC="0.96" CONTENT="viss"/><SP WIDTH="20" VPOS="995" HPOS="657"/>
							<String ID="string_113" HPOS="677" VPOS="995" WIDTH="30" HEIGHT="20" WC="0.96" CONTENT="tid"/><SP WIDTH="20" VPOS="995" HPOS="707"/>
							<String ID="string_114" HPOS="727" VPOS="995" WIDTH="53" HEIGHT="21" WC="0.93" CONTENT="efter"/><SP WIDTH="15" VPOS="995" HPOS="780"/>
							<String ID="string_115" HPOS="795" VPOS="995" WIDTH="86" HEIGHT="22" WC="0.92" CONTENT="växelns"/><SP WIDTH="15" VPOS="995" HPOS="881"/>
							<String ID="string_116" HPOS="896" VPOS="995" WIDTH="127" HEIGHT="27" WC="0.92" CONTENT="förfallodag"/>
						</TextLine>
						<TextLine ID="line_18" HPOS="201" VPOS="1023" WIDTH="820" HEIGHT="28">
							<String ID="string_117" HPOS="201" VPOS="1026" WIDTH="41" HEIGHT="25" WC="0.93" CONTENT="(tre"/><SP WIDTH="21" VPOS="1026" HPOS="242"/>
							<String ID="string_118" HPOS="263" VPOS="1024" WIDTH="106" HEIGHT="25" WC="0.92" CONTENT="mänader,"/><SP WIDTH="21" VPOS="1024" HPOS="369"/>
							<String ID="string_119" HPOS="390" VPOS="1029" WIDTH="34" HEIGHT="16" WC="0.93" CONTENT="om"/><SP WIDTH="15" VPOS="1029" HPOS="424"/>
							<String ID="string_120" HPOS="439" VPOS="1023" WIDTH="75" HEIGHT="22" WC="0.88" CONTENT="växeln"/><SP WIDTH="16" VPOS="1023" HPOS="514"/>
							<String ID="string_121" HPOS="530" VPOS="1025" WIDTH="23" HEIGHT="20" WC="0.93" CONTENT="är"/><SP WIDTH="22" VPOS="1025" HPOS="553"/>
							<String ID="string_122" HPOS="575" VPOS="1023" WIDTH="63" HEIGHT="22" WC="0.92" CONTENT="ställd"/><SP WIDTH="20" VPOS="1023" HPOS="638"/>
							<String ID="string_123" HPOS="658" VPOS="1025" WIDTH="32" HEIGHT="20" WC="0.93" CONTENT="att"/><SP WIDTH="15" VPOS="1025" HPOS="690"/>
							<String ID="string_124" HPOS="705" VPOS="1023" WIDTH="80" HEIGHT="22" WC="0.93" CONTENT="betalas"/><SP WIDTH="15" VPOS="1023" HPOS="785"/>
							<String ID="string_125" HPOS="800" VPOS="1023" WIDTH="7" HEIGHT="21" WC="0.96" CONTENT="i"/><SP WIDTH="15" VPOS="1023" HPOS="807"/>
							<String ID="string_126" HPOS="822" VPOS="1024" WIDTH="105" HEIGHT="27" WC="0.95" CONTENT="Finland)."/><SP WIDTH="30" VPOS="1024" HPOS="927"/>
							<String ID="string_127" HPOS="957" VPOS="1024" WIDTH="64" HEIGHT="21" WC="0.96" CONTENT="Detta"/>
						</TextLine>
						<TextLine ID="line_19" HPOS="201" VPOS="1051" WIDTH="822" HEIGHT="28">
							<String ID="string_128" HPOS="201" VPOS="1053" WIDTH="118" HEIGHT="26" WC="0.92" CONTENT="stadgande"/><SP WIDTH="15" VPOS="1053" HPOS="319"/>
							<String ID="string_129" HPOS="334" VPOS="1052" WIDTH="43" HEIGHT="26" WC="0.96" CONTENT="har,"/><SP WIDTH="16" VPOS="1052" HPOS="377"/>
							<String ID="string_130" HPOS="393" VPOS="1051" WIDTH="32" HEIGHT="21" WC="0.96" CONTENT="för"/><SP WIDTH="15" VPOS="1051" HPOS="425"/>
							<String ID="string_131" HPOS="440" VPOS="1053" WIDTH="36" HEIGHT="20" WC="0.96" CONTENT="det"/><SP WIDTH="14" VPOS="1053" HPOS="476"/>
							<String ID="string_132" HPOS="490" VPOS="1051" WIDTH="35" HEIGHT="21" WC="0.96" CONTENT="fall"/><SP WIDTH="16" VPOS="1051" HPOS="525"/>
							<String ID="string_133" HPOS="541" VPOS="1054" WIDTH="32" HEIGHT="19" WC="0.93" CONTENT="att"/><SP WIDTH="14" VPOS="1054" HPOS="573"/>
							<String ID="string_134" HPOS="587" VPOS="1051" WIDTH="125" HEIGHT="22" WC="0.90" CONTENT="öfverlätare"/><SP WIDTH="16" VPOS="1051" HPOS="712"/>
							<String ID="string_135" HPOS="728" VPOS="1052" WIDTH="51" HEIGHT="21" WC="0.93" CONTENT="eller"/><SP WIDTH="9" VPOS="1052" HPOS="779"/>
							<String ID="string_136" HPOS="788" VPOS="1052" WIDTH="157" HEIGHT="27" WC="0.92" CONTENT="växelgifvaren"/><SP WIDTH="13" VPOS="1052" HPOS="945"/>
							<String ID="string_137" HPOS="958" VPOS="1053" WIDTH="65" HEIGHT="21" WC="0.92" CONTENT="emel-"/>
						</TextLine>
						<TextLine ID="line_20" HPOS="201" VPOS="1080" WIDTH="822" HEIGHT="28">
							<String ID="string_138" HPOS="201" VPOS="1081" WIDTH="63" HEIGHT="21" WC="0.92" CONTENT="lertid"/><SP WIDTH="20" VPOS="1081" HPOS="264"/>
							<String ID="string_139" HPOS="284" VPOS="1080" WIDTH="56" HEIGHT="28" WC="0.96" CONTENT="gjort"/><SP WIDTH="14" VPOS="1080" HPOS="340"/>
							<String ID="string_140" HPOS="354" VPOS="1080" WIDTH="101" HEIGHT="25" WC="0.93" CONTENT="konkurs,"/><SP WIDTH="16" VPOS="1080" HPOS="455"/>
							<String ID="string_141" HPOS="471" VPOS="1080" WIDTH="61" HEIGHT="28" WC="0.93" CONTENT="gifvit"/><SP WIDTH="15" VPOS="1080" HPOS="532"/>
							<String ID="string_142" HPOS="547" VPOS="1080" WIDTH="114" HEIGHT="27" WC="0.93" CONTENT="anledning"/><SP WIDTH="14" VPOS="1080" HPOS="661"/>
							<String ID="string_143" HPOS="675" VPOS="1080" WIDTH="32" HEIGHT="22" WC="0.93" CONTENT="till"/><SP WIDTH="15" VPOS="1080" HPOS="707"/>
							<String ID="string_144" HPOS="722" VPOS="1080" WIDTH="56" HEIGHT="22" WC="0.96" CONTENT="olika"/><SP WIDTH="14" VPOS="1080" HPOS="778"/>
							<String ID="string_145" HPOS="792" VPOS="1080" WIDTH="120" HEIGHT="22" WC="0.96" CONTENT="förfarande"/><SP WIDTH="16" VPOS="1080" HPOS="912"/>
							<String ID="string_146" HPOS="928" VPOS="1082" WIDTH="34" HEIGHT="20" WC="0.93" CONTENT="vid"/><SP WIDTH="15" VPOS="1082" HPOS="962"/>
							<String ID="string_147" HPOS="977" VPOS="1081" WIDTH="46" HEIGHT="21" WC="0.93" CONTENT="lan-"/>
						</TextLine>
						<TextLine ID="line_21" HPOS="196" VPOS="1109" WIDTH="827" HEIGHT="27">
							<String ID="string_148" HPOS="196" VPOS="1110" WIDTH="53" HEIGHT="21" WC="0.68" CONTENT="dets"/><SP WIDTH="23" VPOS="1110" HPOS="249"/>
							<String ID="string_149" HPOS="272" VPOS="1109" WIDTH="123" HEIGHT="22" WC="0.95" CONTENT="domstolar."/><SP WIDTH="29" VPOS="1109" HPOS="395"/>
							<String ID="string_150" HPOS="424" VPOS="1109" WIDTH="42" HEIGHT="22" WC="0.96" CONTENT="Vid"/><SP WIDTH="21" VPOS="1109" HPOS="466"/>
							<String ID="string_151" HPOS="487" VPOS="1115" WIDTH="27" HEIGHT="15" WC="0.96" CONTENT="en"/><SP WIDTH="23" VPOS="1115" HPOS="514"/>
							<String ID="string_152" HPOS="537" VPOS="1110" WIDTH="33" HEIGHT="21" WC="0.93" CONTENT="del"/><SP WIDTH="20" VPOS="1110" HPOS="570"/>
							<String ID="string_153" HPOS="590" VPOS="1109" WIDTH="116" HEIGHT="22" WC="0.96" CONTENT="domstolar"/><SP WIDTH="23" VPOS="1109" HPOS="706"/>
							<String ID="string_154" HPOS="729" VPOS="1109" WIDTH="129" HEIGHT="27" WC="0.96" CONTENT="praktiseras"/><SP WIDTH="23" VPOS="1109" HPOS="858"/>
							<String ID="string_155" HPOS="881" VPOS="1109" WIDTH="94" HEIGHT="27" WC="0.96" CONTENT="sålunda,"/><SP WIDTH="15" VPOS="1109" HPOS="975"/>
							<String ID="string_156" HPOS="990" VPOS="1112" WIDTH="33" HEIGHT="19" WC="0.96" CONTENT="att"/>
						</TextLine>
						<TextLine ID="line_22" HPOS="196" VPOS="1137" WIDTH="826" HEIGHT="28">
							<String ID="string_157" HPOS="196" VPOS="1139" WIDTH="114" HEIGHT="26" WC="0.53" CONTENT="-stämning"/><SP WIDTH="18" VPOS="1139" HPOS="310"/>
							<String ID="string_158" HPOS="328" VPOS="1139" WIDTH="84" HEIGHT="26" WC="0.95" CONTENT="uttages"/><SP WIDTH="18" VPOS="1139" HPOS="412"/>
							<String ID="string_159" HPOS="430" VPOS="1138" WIDTH="32" HEIGHT="21" WC="0.93" CONTENT="till"/><SP WIDTH="18" VPOS="1138" HPOS="462"/>
							<String ID="string_160" HPOS="480" VPOS="1138" WIDTH="185" HEIGHT="26" WC="0.92" CONTENT="inställelsedagen"/><SP WIDTH="16" VPOS="1138" HPOS="665"/>
							<String ID="string_161" HPOS="681" VPOS="1138" WIDTH="6" HEIGHT="21" WC="0.96" CONTENT="i"/><SP WIDTH="16" VPOS="1138" HPOS="687"/>
							<String ID="string_162" HPOS="703" VPOS="1137" WIDTH="120" HEIGHT="22" WC="0.96" CONTENT="konkursen"/><SP WIDTH="17" VPOS="1137" HPOS="823"/>
							<String ID="string_163" HPOS="840" VPOS="1139" WIDTH="39" HEIGHT="20" WC="0.93" CONTENT="och"/><SP WIDTH="15" VPOS="1139" HPOS="879"/>
							<String ID="string_164" HPOS="894" VPOS="1139" WIDTH="128" HEIGHT="26" WC="0.92" CONTENT="stämnings-"/>
						</TextLine>
						<TextLine ID="line_23" HPOS="202" VPOS="1166" WIDTH="821" HEIGHT="27">
							<String ID="string_165" HPOS="202" VPOS="1167" WIDTH="83" HEIGHT="21" WC="0.93" CONTENT="beviset"/><SP WIDTH="14" VPOS="1167" HPOS="285"/>
							<String ID="string_166" HPOS="299" VPOS="1166" WIDTH="91" HEIGHT="27" WC="0.92" CONTENT="ingifves"/><SP WIDTH="12" VPOS="1166" HPOS="390"/>
							<String ID="string_167" HPOS="402" VPOS="1166" WIDTH="67" HEIGHT="27" WC="0.93" CONTENT="jämte"/><SP WIDTH="16" VPOS="1166" HPOS="469"/>
							<String ID="string_168" HPOS="485" VPOS="1166" WIDTH="286" HEIGHT="27" WC="0.91" CONTENT="bevakningshandlingarna"/><SP WIDTH="14" VPOS="1166" HPOS="771"/>
							<String ID="string_169" HPOS="785" VPOS="1167" WIDTH="32" HEIGHT="21" WC="0.93" CONTENT="till"/><SP WIDTH="14" VPOS="1167" HPOS="817"/>
							<String ID="string_170" HPOS="831" VPOS="1167" WIDTH="192" HEIGHT="21" WC="0.92" CONTENT="konkursdomsto-"/>
						</TextLine>
						<TextLine ID="line_24" HPOS="202" VPOS="1194" WIDTH="821" HEIGHT="27">
							<String ID="string_171" HPOS="202" VPOS="1195" WIDTH="40" HEIGHT="26" WC="0.95" CONTENT="len,"/><SP WIDTH="22" VPOS="1195" HPOS="242"/>
							<String ID="string_172" HPOS="264" VPOS="1201" WIDTH="46" HEIGHT="15" WC="0.93" CONTENT="som"/><SP WIDTH="22" VPOS="1201" HPOS="310"/>
							<String ID="string_173" HPOS="332" VPOS="1194" WIDTH="86" HEIGHT="27" WC="0.92" CONTENT="pröfvar"/><SP WIDTH="21" VPOS="1194" HPOS="418"/>
							<String ID="string_174" HPOS="439" VPOS="1195" WIDTH="65" HEIGHT="21" WC="0.96" CONTENT="saken"/><SP WIDTH="16" VPOS="1195" HPOS="504"/>
							<String ID="string_175" HPOS="520" VPOS="1195" WIDTH="5" HEIGHT="20" WC="0.96" CONTENT="i"/><SP WIDTH="17" VPOS="1195" HPOS="525"/>
							<String ID="string_176" HPOS="542" VPOS="1194" WIDTH="153" HEIGHT="27" WC="0.96" CONTENT="sammanhang"/><SP WIDTH="22" VPOS="1194" HPOS="695"/>
							<String ID="string_177" HPOS="717" VPOS="1195" WIDTH="48" HEIGHT="21" WC="0.93" CONTENT="med"/><SP WIDTH="21" VPOS="1195" HPOS="765"/>
							<String ID="string_178" HPOS="786" VPOS="1195" WIDTH="165" HEIGHT="21" WC="0.92" CONTENT="konkursmålet."/><SP WIDTH="30" VPOS="1195" HPOS="951"/>
							<String ID="string_179" HPOS="981" VPOS="1195" WIDTH="42" HEIGHT="22" WC="0.96" CONTENT="Vid"/>
						</TextLine>
						<TextLine ID="line_25" HPOS="201" VPOS="1223" WIDTH="823" HEIGHT="27">
							<String ID="string_180" HPOS="201" VPOS="1223" WIDTH="69" HEIGHT="22" WC="0.95" CONTENT="andra"/><SP WIDTH="21" VPOS="1223" HPOS="270"/>
							<String ID="string_181" HPOS="291" VPOS="1223" WIDTH="117" HEIGHT="22" WC="0.95" CONTENT="domstolar"/><SP WIDTH="22" VPOS="1223" HPOS="408"/>
							<String ID="string_182" HPOS="430" VPOS="1223" WIDTH="45" HEIGHT="21" WC="0.96" CONTENT="åter"/><SP WIDTH="22" VPOS="1223" HPOS="475"/>
							<String ID="string_183" HPOS="497" VPOS="1223" WIDTH="38" HEIGHT="21" WC="0.96" CONTENT="har"/><SP WIDTH="20" VPOS="1223" HPOS="535"/>
							<String ID="string_184" HPOS="555" VPOS="1224" WIDTH="58" HEIGHT="21" WC="0.93" CONTENT="detta"/><SP WIDTH="17" VPOS="1224" HPOS="613"/>
							<String ID="string_185" HPOS="630" VPOS="1223" WIDTH="167" HEIGHT="27" WC="0.92" CONTENT="tillvägagående"/><SP WIDTH="18" VPOS="1223" HPOS="797"/>
							<String ID="string_186" HPOS="815" VPOS="1225" WIDTH="82" HEIGHT="20" WC="0.96" CONTENT="ansetts"/><SP WIDTH="15" VPOS="1225" HPOS="897"/>
							<String ID="string_187" HPOS="912" VPOS="1223" WIDTH="46" HEIGHT="22" WC="0.96" CONTENT="icke"/><SP WIDTH="15" VPOS="1223" HPOS="958"/>
							<String ID="string_188" HPOS="973" VPOS="1230" WIDTH="51" HEIGHT="15" WC="0.96" CONTENT="vara"/>
						</TextLine>
						<TextLine ID="line_26" HPOS="201" VPOS="1251" WIDTH="823" HEIGHT="28">
							<String ID="string_189" HPOS="201" VPOS="1251" WIDTH="194" HEIGHT="28" WC="0.79" CONTENT="tillfyllesgörande,"/><SP WIDTH="17" VPOS="1251" HPOS="395"/>
							<String ID="string_190" HPOS="412" VPOS="1253" WIDTH="49" HEIGHT="20" WC="0.96" CONTENT="utan"/><SP WIDTH="16" VPOS="1253" HPOS="461"/>
							<String ID="string_191" HPOS="477" VPOS="1252" WIDTH="40" HEIGHT="21" WC="0.96" CONTENT="den"/><SP WIDTH="16" VPOS="1252" HPOS="517"/>
							<String ID="string_192" HPOS="533" VPOS="1251" WIDTH="136" HEIGHT="28" WC="0.96" CONTENT="uppfattning"/><SP WIDTH="16" VPOS="1251" HPOS="669"/>
							<String ID="string_193" HPOS="685" VPOS="1252" WIDTH="56" HEIGHT="27" WC="0.96" CONTENT="gjort"/><SP WIDTH="15" VPOS="1252" HPOS="741"/>
							<String ID="string_194" HPOS="756" VPOS="1252" WIDTH="33" HEIGHT="27" WC="0.96" CONTENT="sig"/><SP WIDTH="15" VPOS="1252" HPOS="789"/>
							<String ID="string_195" HPOS="804" VPOS="1251" WIDTH="102" HEIGHT="27" WC="0.95" CONTENT="gällande,"/><SP WIDTH="11" VPOS="1251" HPOS="906"/>
							<String ID="string_196" HPOS="917" VPOS="1254" WIDTH="32" HEIGHT="19" WC="0.93" CONTENT="att"/><SP WIDTH="10" VPOS="1254" HPOS="949"/>
							<String ID="string_197" HPOS="959" VPOS="1254" WIDTH="65" HEIGHT="19" WC="0.90" CONTENT="stäm-"/>
						</TextLine>
						<TextLine ID="line_27" HPOS="203" VPOS="1280" WIDTH="820" HEIGHT="27">
							<String ID="string_198" HPOS="203" VPOS="1281" WIDTH="77" HEIGHT="26" WC="0.92" CONTENT="ningen"/><SP WIDTH="24" VPOS="1281" HPOS="280"/>
							<String ID="string_199" HPOS="304" VPOS="1280" WIDTH="32" HEIGHT="21" WC="0.93" CONTENT="för"/><SP WIDTH="23" VPOS="1280" HPOS="336"/>
							<String ID="string_200" HPOS="359" VPOS="1280" WIDTH="127" HEIGHT="22" WC="0.91" CONTENT="växeltalans"/><SP WIDTH="23" VPOS="1280" HPOS="486"/>
							<String ID="string_201" HPOS="509" VPOS="1280" WIDTH="120" HEIGHT="21" WC="0.91" CONTENT="bevarande"/><SP WIDTH="20" VPOS="1280" HPOS="629"/>
							<String ID="string_202" HPOS="649" VPOS="1280" WIDTH="66" HEIGHT="21" WC="0.93" CONTENT="borde"/><SP WIDTH="15" VPOS="1280" HPOS="715"/>
							<String ID="string_203" HPOS="730" VPOS="1280" WIDTH="100" HEIGHT="27" WC="0.90" CONTENT="fullföljas"/><SP WIDTH="16" VPOS="1280" HPOS="830"/>
							<String ID="string_204" HPOS="846" VPOS="1281" WIDTH="71" HEIGHT="21" WC="0.92" CONTENT="säsom"/><SP WIDTH="16" VPOS="1281" HPOS="917"/>
							<String ID="string_205" HPOS="933" VPOS="1282" WIDTH="30" HEIGHT="19" WC="0.93" CONTENT="ett"/><SP WIDTH="16" VPOS="1282" HPOS="963"/>
							<String ID="string_206" HPOS="979" VPOS="1282" WIDTH="44" HEIGHT="20" WC="0.93" CONTENT="sär-"/>
						</TextLine>
						<TextLine ID="line_28" HPOS="204" VPOS="1308" WIDTH="820" HEIGHT="26">
							<String ID="string_207" HPOS="204" VPOS="1309" WIDTH="64" HEIGHT="21" WC="0.90" CONTENT="skildt"/><SP WIDTH="15" VPOS="1309" HPOS="268"/>
							<String ID="string_208" HPOS="283" VPOS="1309" WIDTH="42" HEIGHT="20" WC="0.91" CONTENT="mäl"/><SP WIDTH="15" VPOS="1309" HPOS="325"/>
							<String ID="string_209" HPOS="340" VPOS="1308" WIDTH="34" HEIGHT="21" WC="0.96" CONTENT="för"/><SP WIDTH="16" VPOS="1308" HPOS="374"/>
							<String ID="string_210" HPOS="390" VPOS="1309" WIDTH="33" HEIGHT="25" WC="0.96" CONTENT="sig"/><SP WIDTH="14" VPOS="1309" HPOS="423"/>
							<String ID="string_211" HPOS="437" VPOS="1308" WIDTH="40" HEIGHT="21" WC="0.93" CONTENT="och"/><SP WIDTH="14" VPOS="1308" HPOS="477"/>
							<String ID="string_212" HPOS="491" VPOS="1309" WIDTH="46" HEIGHT="20" WC="0.90" CONTENT="icke"/><SP WIDTH="16" VPOS="1309" HPOS="537"/>
							<String ID="string_213" HPOS="553" VPOS="1308" WIDTH="153" HEIGHT="21" WC="0.91" CONTENT="sammanföras"/><SP WIDTH="15" VPOS="1308" HPOS="706"/>
							<String ID="string_214" HPOS="721" VPOS="1309" WIDTH="48" HEIGHT="20" WC="0.93" CONTENT="med"/><SP WIDTH="15" VPOS="1309" HPOS="769"/>
							<String ID="string_215" HPOS="784" VPOS="1309" WIDTH="166" HEIGHT="20" WC="0.88" CONTENT="konkursmälet."/><SP WIDTH="21" VPOS="1309" HPOS="950"/>
							<String ID="string_216" HPOS="971" VPOS="1309" WIDTH="53" HEIGHT="20" WC="0.92" CONTENT="Sist-"/>
						</TextLine>
						<TextLine ID="line_29" HPOS="203" VPOS="1335" WIDTH="821" HEIGHT="28">
							<String ID="string_217" HPOS="203" VPOS="1336" WIDTH="93" HEIGHT="21" WC="0.93" CONTENT="nämnda"/><SP WIDTH="14" VPOS="1336" HPOS="296"/>
							<String ID="string_218" HPOS="310" VPOS="1336" WIDTH="109" HEIGHT="27" WC="0.92" CONTENT="procedyr,"/><SP WIDTH="19" VPOS="1336" HPOS="419"/>
							<String ID="string_219" HPOS="438" VPOS="1342" WIDTH="47" HEIGHT="15" WC="0.93" CONTENT="som"/><SP WIDTH="15" VPOS="1342" HPOS="485"/>
							<String ID="string_220" HPOS="500" VPOS="1335" WIDTH="130" HEIGHT="22" WC="0.91" CONTENT="framkallats"/><SP WIDTH="15" VPOS="1335" HPOS="630"/>
							<String ID="string_221" HPOS="645" VPOS="1335" WIDTH="24" HEIGHT="22" WC="0.96" CONTENT="af"/><SP WIDTH="12" VPOS="1335" HPOS="669"/>
							<String ID="string_222" HPOS="681" VPOS="1338" WIDTH="32" HEIGHT="19" WC="0.93" CONTENT="ett"/><SP WIDTH="14" VPOS="1338" HPOS="713"/>
							<String ID="string_223" HPOS="727" VPOS="1335" WIDTH="70" HEIGHT="22" WC="0.93" CONTENT="alltför"/><SP WIDTH="12" VPOS="1335" HPOS="797"/>
							<String ID="string_224" HPOS="809" VPOS="1337" WIDTH="116" HEIGHT="20" WC="0.92" CONTENT="teoretiskt"/><SP WIDTH="15" VPOS="1337" HPOS="925"/>
							<String ID="string_225" HPOS="940" VPOS="1337" WIDTH="84" HEIGHT="20" WC="0.93" CONTENT="betrak-"/>
						</TextLine>
						<TextLine ID="line_30" HPOS="203" VPOS="1363" WIDTH="822" HEIGHT="27">
							<String ID="string_226" HPOS="203" VPOS="1365" WIDTH="103" HEIGHT="25" WC="0.92" CONTENT="telsesätt,"/><SP WIDTH="15" VPOS="1365" HPOS="306"/>
							<String ID="string_227" HPOS="321" VPOS="1363" WIDTH="82" HEIGHT="22" WC="0.93" CONTENT="medför"/><SP WIDTH="15" VPOS="1363" HPOS="403"/>
							<String ID="string_228" HPOS="418" VPOS="1363" WIDTH="117" HEIGHT="22" WC="0.92" CONTENT="emellertid"/><SP WIDTH="14" VPOS="1363" HPOS="535"/>
							<String ID="string_229" HPOS="549" VPOS="1370" WIDTH="25" HEIGHT="15" WC="0.93" CONTENT="en"/><SP WIDTH="17" VPOS="1370" HPOS="574"/>
							<String ID="string_230" HPOS="591" VPOS="1364" WIDTH="54" HEIGHT="21" WC="0.92" CONTENT="ökad"/><SP WIDTH="15" VPOS="1364" HPOS="645"/>
							<String ID="string_231" HPOS="660" VPOS="1364" WIDTH="91" HEIGHT="21" WC="0.92" CONTENT="kostnad"/><SP WIDTH="13" VPOS="1364" HPOS="751"/>
							<String ID="string_232" HPOS="764" VPOS="1363" WIDTH="33" HEIGHT="22" WC="0.93" CONTENT="för"/><SP WIDTH="11" VPOS="1363" HPOS="797"/>
							<String ID="string_233" HPOS="808" VPOS="1364" WIDTH="217" HEIGHT="26" WC="0.92" CONTENT="växelinnehafvaren,"/>
						</TextLine>
						<TextLine ID="line_31" HPOS="204" VPOS="1392" WIDTH="820" HEIGHT="27">
							<String ID="string_234" HPOS="204" VPOS="1393" WIDTH="84" HEIGHT="22" WC="0.96" CONTENT="hvilken"/><SP WIDTH="16" VPOS="1393" HPOS="288"/>
							<String ID="string_235" HPOS="304" VPOS="1393" WIDTH="122" HEIGHT="26" WC="0.93" CONTENT="därigenom"/><SP WIDTH="15" VPOS="1393" HPOS="426"/>
							<String ID="string_236" HPOS="441" VPOS="1392" WIDTH="33" HEIGHT="21" WC="0.93" CONTENT="får"/><SP WIDTH="11" VPOS="1392" HPOS="474"/>
							<String ID="string_237" HPOS="485" VPOS="1393" WIDTH="116" HEIGHT="21" WC="0.71" CONTENT="vidkännas"/><SP WIDTH="16" VPOS="1393" HPOS="601"/>
							<String ID="string_238" HPOS="617" VPOS="1392" WIDTH="45" HEIGHT="22" WC="0.93" CONTENT="icke"/><SP WIDTH="14" VPOS="1392" HPOS="662"/>
							<String ID="string_239" HPOS="676" VPOS="1393" WIDTH="90" HEIGHT="21" WC="0.91" CONTENT="allenast"/><SP WIDTH="14" VPOS="1393" HPOS="766"/>
							<String ID="string_240" HPOS="780" VPOS="1393" WIDTH="119" HEIGHT="22" WC="0.96" CONTENT="kostnaden"/><SP WIDTH="15" VPOS="1393" HPOS="899"/>
							<String ID="string_241" HPOS="914" VPOS="1393" WIDTH="33" HEIGHT="22" WC="0.93" CONTENT="för"/><SP WIDTH="9" VPOS="1393" HPOS="947"/>
							<String ID="string_242" HPOS="956" VPOS="1393" WIDTH="68" HEIGHT="22" WC="0.93" CONTENT="växel-"/>
						</TextLine>
						<TextLine ID="line_32" HPOS="203" VPOS="1421" WIDTH="821" HEIGHT="28">
							<String ID="string_243" HPOS="203" VPOS="1421" WIDTH="75" HEIGHT="22" WC="0.92" CONTENT="mälets"/><SP WIDTH="19" VPOS="1421" HPOS="278"/>
							<String ID="string_244" HPOS="297" VPOS="1421" WIDTH="113" HEIGHT="22" WC="0.92" CONTENT="utförande"/><SP WIDTH="18" VPOS="1421" HPOS="410"/>
							<String ID="string_245" HPOS="428" VPOS="1421" WIDTH="40" HEIGHT="22" WC="0.93" CONTENT="och"/><SP WIDTH="14" VPOS="1421" HPOS="468"/>
							<String ID="string_246" HPOS="482" VPOS="1421" WIDTH="60" HEIGHT="21" WC="0.92" CONTENT="lösen"/><SP WIDTH="15" VPOS="1421" HPOS="542"/>
							<String ID="string_247" HPOS="557" VPOS="1421" WIDTH="32" HEIGHT="21" WC="0.92" CONTENT="för"/><SP WIDTH="15" VPOS="1421" HPOS="589"/>
							<String ID="string_248" HPOS="604" VPOS="1423" WIDTH="81" HEIGHT="20" WC="0.92" CONTENT="rättens"/><SP WIDTH="16" VPOS="1423" HPOS="685"/>
							<String ID="string_249" HPOS="701" VPOS="1422" WIDTH="119" HEIGHT="27" WC="0.93" CONTENT="expedition"/><SP WIDTH="16" VPOS="1422" HPOS="820"/>
							<String ID="string_250" HPOS="836" VPOS="1421" WIDTH="45" HEIGHT="22" WC="0.92" CONTENT="däri"/><SP WIDTH="15" VPOS="1421" HPOS="881"/>
							<String ID="string_251" HPOS="896" VPOS="1424" WIDTH="50" HEIGHT="20" WC="0.93" CONTENT="utan"/><SP WIDTH="17" VPOS="1424" HPOS="946"/>
							<String ID="string_252" HPOS="963" VPOS="1421" WIDTH="61" HEIGHT="22" WC="0.92" CONTENT="äfven"/>
						</TextLine>
						<TextLine ID="line_33" HPOS="204" VPOS="1450" WIDTH="821" HEIGHT="28">
							<String ID="string_253" HPOS="204" VPOS="1450" WIDTH="93" HEIGHT="28" WC="0.90" CONTENT="utgiften"/><SP WIDTH="15" VPOS="1450" HPOS="297"/>
							<String ID="string_254" HPOS="312" VPOS="1450" WIDTH="32" HEIGHT="22" WC="0.93" CONTENT="för"/><SP WIDTH="16" VPOS="1450" HPOS="344"/>
							<String ID="string_255" HPOS="360" VPOS="1450" WIDTH="85" HEIGHT="22" WC="0.92" CONTENT="växelns"/><SP WIDTH="16" VPOS="1450" HPOS="445"/>
							<String ID="string_256" HPOS="461" VPOS="1450" WIDTH="108" HEIGHT="26" WC="0.92" CONTENT="kartering"/><SP WIDTH="15" VPOS="1450" HPOS="569"/>
							<String ID="string_257" HPOS="584" VPOS="1450" WIDTH="53" HEIGHT="22" WC="0.93" CONTENT="efter"/><SP WIDTH="14" VPOS="1450" HPOS="637"/>
							<String ID="string_258" HPOS="651" VPOS="1450" WIDTH="186" HEIGHT="28" WC="0.91" CONTENT="kapitalbeloppet,"/><SP WIDTH="14" VPOS="1450" HPOS="837"/>
							<String ID="string_259" HPOS="851" VPOS="1451" WIDTH="6" HEIGHT="21" WC="0.93" CONTENT="i"/><SP WIDTH="13" VPOS="1451" HPOS="857"/>
							<String ID="string_260" HPOS="870" VPOS="1451" WIDTH="71" HEIGHT="21" WC="0.92" CONTENT="stället"/><SP WIDTH="10" VPOS="1451" HPOS="941"/>
							<String ID="string_261" HPOS="951" VPOS="1450" WIDTH="33" HEIGHT="22" WC="0.96" CONTENT="för"/><SP WIDTH="10" VPOS="1450" HPOS="984"/>
							<String ID="string_262" HPOS="994" VPOS="1453" WIDTH="31" HEIGHT="19" WC="0.96" CONTENT="att"/>
						</TextLine>
						<TextLine ID="line_34" HPOS="204" VPOS="1478" WIDTH="614" HEIGHT="28">
							<String ID="string_263" HPOS="204" VPOS="1480" WIDTH="71" HEIGHT="22" WC="0.96" CONTENT="denna"/><SP WIDTH="13" VPOS="1480" HPOS="275"/>
							<String ID="string_264" HPOS="288" VPOS="1480" WIDTH="7" HEIGHT="20" WC="0.93" CONTENT="i"/><SP WIDTH="15" VPOS="1480" HPOS="295"/>
							<String ID="string_265" HPOS="310" VPOS="1478" WIDTH="59" HEIGHT="22" WC="0.96" CONTENT="förra"/><SP WIDTH="13" VPOS="1478" HPOS="369"/>
							<String ID="string_266" HPOS="382" VPOS="1478" WIDTH="59" HEIGHT="22" WC="0.95" CONTENT="fallet"/><SP WIDTH="14" VPOS="1478" HPOS="441"/>
							<String ID="string_267" HPOS="455" VPOS="1479" WIDTH="76" HEIGHT="21" WC="0.93" CONTENT="endast"/><SP WIDTH="14" VPOS="1479" HPOS="531"/>
							<String ID="string_268" HPOS="545" VPOS="1478" WIDTH="96" HEIGHT="23" WC="0.93" CONTENT="karteras"/><SP WIDTH="15" VPOS="1478" HPOS="641"/>
							<String ID="string_269" HPOS="656" VPOS="1479" WIDTH="71" HEIGHT="21" WC="0.96" CONTENT="såsom"/><SP WIDTH="16" VPOS="1479" HPOS="727"/>
							<String ID="string_270" HPOS="743" VPOS="1479" WIDTH="75" HEIGHT="27" WC="0.95" CONTENT="bilaga."/>
						</TextLine>
					</TextBlock>
					<TextBlock ID="block_8" HPOS="204" VPOS="1507" WIDTH="822" HEIGHT="57">
						<TextLine ID="line_35" HPOS="273" VPOS="1507" WIDTH="752" HEIGHT="29">
							<String ID="string_271" HPOS="273" VPOS="1508" WIDTH="39" HEIGHT="22" WC="0.93" CONTENT="Till"/><SP WIDTH="23" VPOS="1508" HPOS="312"/>
							<String ID="string_272" HPOS="335" VPOS="1507" WIDTH="175" HEIGHT="28" WC="0.90" CONTENT="undanrödjande"/><SP WIDTH="21" VPOS="1507" HPOS="510"/>
							<String ID="string_273" HPOS="531" VPOS="1507" WIDTH="23" HEIGHT="23" WC="0.96" CONTENT="af"/><SP WIDTH="19" VPOS="1507" HPOS="554"/>
							<String ID="string_274" HPOS="573" VPOS="1508" WIDTH="41" HEIGHT="22" WC="0.93" CONTENT="den"/><SP WIDTH="21" VPOS="1508" HPOS="614"/>
							<String ID="string_275" HPOS="635" VPOS="1508" WIDTH="113" HEIGHT="22" WC="0.93" CONTENT="osäkerhet"/><SP WIDTH="14" VPOS="1508" HPOS="748"/>
							<String ID="string_276" HPOS="762" VPOS="1508" WIDTH="6" HEIGHT="21" WC="0.96" CONTENT="i"/><SP WIDTH="16" VPOS="1508" HPOS="768"/>
							<String ID="string_277" HPOS="784" VPOS="1508" WIDTH="160" HEIGHT="28" WC="0.94" CONTENT="tillämpningen"/><SP WIDTH="15" VPOS="1508" HPOS="944"/>
							<String ID="string_278" HPOS="959" VPOS="1508" WIDTH="24" HEIGHT="22" WC="0.93" CONTENT="af"/><SP WIDTH="12" VPOS="1508" HPOS="983"/>
							<String ID="string_279" HPOS="995" VPOS="1508" WIDTH="30" HEIGHT="22" WC="0.93" CONTENT="of-"/>
						</TextLine>
						<TextLine ID="line_36" HPOS="204" VPOS="1536" WIDTH="822" HEIGHT="28">
							<String ID="string_280" HPOS="204" VPOS="1537" WIDTH="133" HEIGHT="21" WC="0.90" CONTENT="vanberörda"/><SP WIDTH="23" VPOS="1537" HPOS="337"/>
							<String ID="string_281" HPOS="360" VPOS="1536" WIDTH="121" HEIGHT="27" WC="0.91" CONTENT="stadgande,"/><SP WIDTH="24" VPOS="1536" HPOS="481"/>
							<String ID="string_282" HPOS="505" VPOS="1543" WIDTH="45" HEIGHT="15" WC="0.92" CONTENT="som"/><SP WIDTH="17" VPOS="1543" HPOS="550"/>
							<String ID="string_283" HPOS="567" VPOS="1537" WIDTH="90" HEIGHT="21" WC="0.92" CONTENT="sälunda"/><SP WIDTH="12" VPOS="1537" HPOS="657"/>
							<String ID="string_284" HPOS="669" VPOS="1537" WIDTH="56" HEIGHT="27" WC="0.96" CONTENT="gjort"/><SP WIDTH="18" VPOS="1537" HPOS="725"/>
							<String ID="string_285" HPOS="743" VPOS="1538" WIDTH="33" HEIGHT="26" WC="0.97" CONTENT="sig"/><SP WIDTH="15" VPOS="1538" HPOS="776"/>
							<String ID="string_286" HPOS="791" VPOS="1537" WIDTH="97" HEIGHT="27" WC="0.96" CONTENT="gällande"/><SP WIDTH="14" VPOS="1537" HPOS="888"/>
							<String ID="string_287" HPOS="902" VPOS="1538" WIDTH="40" HEIGHT="21" WC="0.93" CONTENT="och"/><SP WIDTH="15" VPOS="1538" HPOS="942"/>
							<String ID="string_288" HPOS="957" VPOS="1537" WIDTH="69" HEIGHT="22" WC="0.91" CONTENT="hvari-"/>
						</TextLine>
					</TextBlock>
				</ComposedBlock>
			</PrintSpace>
		</Page>
	</Layout>
</alto>
