1103 1770
207 151 40 21 180
532 146 162 36 Elinkeinolaki,
880 156 23 16 21
915 161 19 15 p.
946 156 79 20 jouluk.

550 259 66 29 Kap.
635 258 51 21 III

207 316 36 22 Om
267 316 123 28 föreningar
409 316 73 22 mellan
504 316 138 28 yrkesidkare
662 316 39 22 och
722 316 100 22 arbetare
841 315 57 23 samt
916 314 110 29 angående

286 350 104 23 allmänna
405 350 68 23 möten
490 351 39 21 och
545 350 224 28 centralorganisation
784 350 37 22 för
837 350 113 22 desamma.

585 415 12 27 8
613 415 34 19 34.

275 459 78 21 Idkare
373 459 22 21 af
416 467 79 13 samma
512 459 51 28 yrke
579 459 51 21 eller
645 459 22 21 af
681 459 37 21 två
733 459 50 21 eller
798 459 52 21 flere
866 459 160 21 närbesläktade

207 489 65 28 yrken
294 487 110 22 äfvensom
421 487 97 22 biträden
533 488 40 21 och
588 487 102 27 arbetare,
705 487 72 22 hvilka
793 490 36 19 äro
844 488 7 21 i
866 495 80 14 samma
960 488 67 27 yrken

207 516 109 26 anställda,
332 523 49 15 vare
397 516 129 29 berättigade
541 520 32 18 att
588 516 58 22 bilda
661 516 171 29 fackföreningar
847 516 34 21 för
895 516 80 21 vården
990 524 35 13 om

207 553 156 21 gemensamma
376 545 170 28 yrkesintressen.

276 573 85 22 Sådana
375 573 120 28 föreningar
510 574 69 21 kunna
594 573 67 21 bildas
676 574 100 28 antingen
791 574 23 20 af
830 573 152 28 arbetsgifvare
992 573 35 21 för

208 604 31 27 sig
253 603 40 21 och
309 602 22 21 af
346 602 95 21 arbetare
456 602 33 21 för
504 604 32 27 sig
551 603 50 21 eller
615 602 40 21 ock
671 602 23 21 af
707 602 153 28 arbetsgifvare
875 602 40 21 och
930 602 98 21 arbetare

207 634 138 25 gemensamt;
361 630 40 22 och
416 631 126 21 tillkommer
557 631 80 21 kvinna
651 630 75 22 härvid
741 631 44 21 lika
799 633 42 19 rätt
856 638 44 14 som
915 638 53 14 man.

276 659 151 26 Yrkesidkare,
441 667 44 13 som
501 660 92 28 upphört
608 659 48 21 med
671 660 31 20 sin
718 659 83 28 rörelse,
817 667 49 13 vare
877 660 17 27 ej
907 659 119 21 förmenadt

207 691 32 19 att
253 688 147 28 fackförening
414 688 90 22 tillhöra.

274 716 158 28 Fackförening
446 718 7 20 i
468 717 48 21 stad
531 720 23 18 är
569 717 118 27 berättigad
702 720 32 18 att
748 717 68 21 såsom
827 716 136 22 medlemmar
974 724 52 21 upp-

206 749 50 25 taga
273 746 64 21 äfven
355 745 136 28 yrkesidkare
511 746 39 20 och
570 746 95 21 arbetare
687 746 46 20 från
752 745 134 28 närliggande
902 745 125 28 landsbygd.

275 774 74 21 Hafva
366 774 64 20 minst
449 774 37 21 två
503 774 126 28 tredjedelar
648 774 22 21 af
690 777 69 18 ortens
778 773 65 29 enligt
858 774 26 27 $$
900 774 28 20 14
943 774 40 20 och
999 775 27 20 15

207 802 166 28 valberättigade
388 802 151 28 arbetsgifvare
553 804 56 20 inom
625 802 26 21 de
665 802 66 28 yrken
746 802 148 28 fackförening
907 802 34 20 för
952 802 75 28 yrkes-

207 831 72 22 idkare
304 831 101 21 omfattar
428 831 68 27 ingått
520 839 44 13 som
591 830 135 22 medlemmar
751 831 51 26 däri,
823 830 59 22 skola
904 830 69 28 öfriga
992 831 34 21 till

206 868 80 13 samma
305 860 67 28 yrken
390 859 92 21 hörande
498 859 166 29 valberättigade
679 860 136 27 yrkesidkare
831 859 88 28 bidraga
933 860 33 20 till
981 860 44 20 för-

207 889 98 28 eningens
325 888 88 29 utgifter
432 888 48 21 med
500 889 122 27 årsafgifter
643 888 145 21 motsvarande
810 888 40 21 den
869 888 22 21 af
911 888 114 21 medlem
1010 884 18 38 i

206 917 121 28 föreningen
342 917 104 28 utgående
461 917 69 28 afgift,
545 917 55 21 dock
615 917 47 21 icke
676 917 33 20 till
724 917 64 28 högre
803 917 77 29 belopp
896 919 26 18 än
937 917 13 20 2
965 917 60 21 mark

206 953 33 14 om
259 945 51 22 året.
339 945 139 22 Inträdandet
493 945 22 21 af
529 945 69 22 denna
617 945 244 29 betalningsskyldighet,
876 945 76 22 hvaraf
966 945 58 22 med-

206 974 95 29 lemskap
317 975 8 20 i
339 974 122 28 föreningen
476 974 47 21 icke
539 975 67 28 följer,
621 974 59 26 skall,
696 974 54 21 efter
765 975 36 20 det
817 974 123 27 erforderlig
953 974 72 21 utred-

206 1003 50 28 ning
266 1003 125 28 förebragts,
401 1003 23 21 af
433 1003 191 28 industristyrelsen
637 1003 123 26 fastställas;
771 1003 40 21 och
821 1003 105 28 uppbäres
934 1003 91 28 afgiften

206 1031 27 29 på
248 1034 42 18 sätt
304 1032 7 20 i
327 1033 12 25 $
355 1032 28 20 26
398 1034 64 26 säges.

274 1060 66 21 Hvad
361 1060 7 20 i
383 1060 174 27 nästföregående
573 1068 61 13 mom.
649 1059 91 28 stadgas,
754 1060 55 28 gälle
823 1060 77 28 jämväl
915 1067 34 13 om
964 1060 60 21 fack-

206 1088 102 28 förening,
319 1096 43 13 som
379 1088 76 22 bildats
471 1088 22 21 af
507 1089 96 21 arbetare
618 1088 34 22 för
666 1090 32 26 sig
713 1088 51 21 eller
778 1088 40 22 ock
834 1088 22 22 af
871 1088 153 28 arbetsgifvare

206 1117 39 21 och
268 1117 95 21 arbetare
385 1120 133 25 gemensamt,
541 1117 56 21 dock
622 1117 86 21 sålunda
730 1120 31 18 att
783 1117 91 29 afgiften
896 1117 34 21 för
952 1117 73 28 hvarje

206 1145 170 29 bidragsskyldig
391 1146 95 21 arbetare
501 1148 61 26 utgör
578 1146 61 28 högst
654 1147 26 19 50
696 1146 62 28 penni
773 1154 34 13 om
823 1145 50 23 året.

585 1210 12 26 $
613 1210 33 20 35.

274 1254 156 29 Fackförening
450 1255 53 21 skall
525 1255 33 21 för
573 1256 32 27 sig
619 1257 99 26 upprätta
733 1255 86 28 stadgar
835 1255 39 21 och
890 1256 82 20 anmäla
988 1254 37 22 de-

206 1291 79 14 samma
299 1291 75 20 genom
390 1284 134 28 magistraten
540 1284 37 20 hos
592 1283 192 29 industristyrelsen
799 1284 33 20 till
847 1284 140 21 stadfästelse.

274 1312 119 27 Stadgarna
407 1312 58 20 skola
480 1312 105 20 innehålla
601 1313 154 26 bestämningar
770 1319 43 13 om:

273 1339 27 21 de
315 1339 114 28 uppgifter,
445 1339 33 20 för
493 1339 73 21 hvilka
580 1339 122 28 föreningen
718 1339 52 21 skall
786 1339 74 26 värka;

273 1368 214 27 sammansättningen
502 1367 23 21 af
539 1368 133 27 föreningens
682 1368 93 27 styrelse,
786 1367 53 22 huru
849 1367 101 28 styrelsen
960 1371 63 23 utses,

204 1396 39 21 och
260 1396 78 21 vidden
353 1395 22 22 af
390 1395 49 22 dess
453 1395 176 27 beslutanderätt;

274 1425 95 22 vilkoren
384 1425 34 20 för
432 1425 103 21 vinnande
551 1425 22 21 af
588 1424 144 22 medlemsrätt
747 1426 6 20 i
769 1425 133 28 föreningen;

273 1456 65 19 sättet
358 1453 34 22 för
415 1453 144 22 fastställande
580 1453 23 22 af
622 1453 173 22 medlemmarnas
813 1453 66 29 årliga
900 1454 74 29 bidrag
989 1455 33 20 till

206 1483 133 21 bestridande
355 1483 22 22 af
393 1482 132 28 föreningens
540 1483 97 28 utgifter;

272 1512 83 21 tiderna
369 1511 34 22 för
417 1511 132 29 föreningens
565 1512 39 21 och
619 1511 47 21 dess
682 1512 99 28 styrelses
799 1512 168 21 sammanträden
982 1512 39 21 och

203 1540 53 21 huru
272 1540 86 22 kallelse
373 1540 33 22 till
421 1540 48 21 dem
485 1540 57 27 sker;
