1109 1767
211 137 41 20 516
529 135 180 31 Suostuntaverot.
886 141 24 17 31
921 146 19 16 p.
950 142 81 20 jouluk.

210 209 23 21 af
251 209 61 21 Hans
327 209 119 28 Kejserliga
461 209 112 29 Majestäts
587 210 78 27 nädiga
694 210 114 28 proposition
822 217 33 14 n:o
871 210 26 21 12
913 217 35 14 om
966 210 66 22 skatt

210 237 41 23 för
268 238 163 27 tillvärkning
445 238 28 22 af
484 238 113 28 bränvin,
611 238 137 28 bevillning
767 238 41 23 för
827 238 164 28 tillvärkning
1008 238 27 23 af

211 266 177 28 maltdrycker,
406 266 137 28 bevillning
555 266 40 23 tör
605 266 110 29 spelkort
727 270 55 18 samt
791 267 242 29 stämpelbevillning

211 295 66 21 under
301 295 23 21 är
347 296 55 20 1905
424 295 110 21 äfvensom
557 295 106 29 angäende
686 296 161 27 provisionell
868 296 126 28 reglering
1009 296 28 22 af

211 324 282 26 bevillningsbudgeten,
515 323 110 23 hvaremot
661 326 64 19 präste-
747 324 41 21 och
806 324 164 27 bondeständen,
985 324 49 22 med

209 351 154 29 godkännande
379 352 7 21 i
401 352 65 28 öfrigt
487 352 23 21 af
532 352 148 25 betänkandet,
703 352 86 22 beslutit
811 360 34 14 om
866 352 64 22 sädan
946 352 88 30 ändring

211 380 32 21 uti
262 380 40 21 den
318 380 23 21 af
355 380 104 22 utskottet
477 380 118 28 föreslagna
613 381 62 27 kläm,
690 384 32 18 att
736 381 58 21 tiden
809 381 34 21 för
858 382 41 21 den
914 382 30 20 uti
958 389 76 21 propo-

212 409 90 21 sitionen
325 408 79 22 äskade
425 409 143 29 provisoriska
589 409 101 22 bevillning
727 410 7 20 i
753 410 217 21 öfverensstämmelse
985 410 49 21 med

212 438 157 27 propositionen
393 437 111 22 fastställts
525 438 34 21 till
579 441 31 18 ett
624 438 29 25 är,
667 438 91 21 räknadt
772 438 47 21 från
832 440 60 20 nästa
907 438 33 22 års
955 438 79 29 början.

211 465 104 28 Samtliga
330 465 73 22 ständs
417 465 70 22 beslut
501 465 103 23 innefatta
619 467 86 21 sälunda
720 467 117 28 antagande
854 467 23 21 af
887 467 40 21 den
943 466 92 29 begärda

212 494 143 28 bevillningen
369 494 34 21 för
418 501 25 14 en
458 494 32 22 tid
505 494 22 22 af
549 502 37 14 sex
604 495 105 28 mänader,
731 495 90 22 räknadt
844 495 45 22 frän
911 495 41 22 den
973 496 11 21 1
1004 496 31 28 ja-

212 523 60 22 nuari
287 523 62 21 1905.

281 551 82 22 Härom
378 552 39 21 har
431 552 230 28 bevillningsutskottet
675 555 49 19 äran
741 552 108 29 vällofliga
864 552 172 29 borgareständet

212 581 127 20 underrätta.

431 625 31 21 På
477 625 239 29 bevillningsutskottets
729 628 87 27 vägnar:

494 682 25 21 R.
536 682 25 22 F.
579 689 18 14 v.
618 682 138 22 Willebrand.

838 734 50 18 John
900 734 66 24 Uggla.

297 790 115 21 FINLANDS
424 787 120 24 STÄNDERS

303 831 231 26 STATSUTSKOTT,

329 880 181 36 HELSINGFORS
652 883 43 21 Till
710 883 109 28 vällofliga
834 883 178 28 borgareständet.

303 929 34 18 den
349 929 23 18 31
383 929 91 18 december
486 930 55 17 1904.

387 987 26 18 JA
427 987 26 17 17.

283 1032 163 22 Statsutskottet
468 1032 39 22 har
526 1033 88 21 härmed
636 1035 50 18 äran
701 1033 89 26 anmäla,
807 1035 32 19 att
856 1040 54 22 resp.
925 1033 62 22 ständ
1002 1035 37 21 vid

215 1061 183 28 handläggningen
419 1061 24 22 af
464 1061 167 22 statsutskottets
656 1061 134 22 betänkande
811 1069 34 14 n:o
869 1063 10 20 1
901 1061 40 22 och
964 1061 76 23 bevill-

214 1065 179 79 ningsutskottets
411 1089 133 22 betänkande
563 1098 33 14 n:o
613 1092 8 19 1
640 1092 84 19 stannat
741 1090 7 21 i
769 1089 122 30 skiljaktiga
911 1089 69 24 beslut
994 1091 8 21 i
1016 1091 24 22 så

215 1121 72 23 måtto,

283 1150 33 19 att
338 1147 174 28 borgareståndet
534 1148 8 21 i
564 1148 68 21 likhet
646 1149 48 20 med
709 1147 148 29 ridderskapet
871 1148 40 21 och
926 1147 62 23 adeln
1004 1148 36 22 be-

212 1179 89 25 gränsat
322 1177 60 20 tiden
400 1176 34 21 för
448 1176 27 21 de
491 1175 57 22 förra
563 1175 244 30 bevillningsskatternas
822 1177 116 28 utgörande
953 1177 33 21 till
1002 1185 38 13 sex

215 1204 107 27 mänader,

284 1233 110 21 hvaremot
415 1235 79 26 präste-
518 1233 40 21 och
579 1233 159 22 bondeständen
759 1233 110 28 godkännt
887 1233 40 22 den
942 1235 8 20 i
964 1233 77 29 nådiga

214 1262 158 28 propositionen
387 1261 39 21 och
442 1261 166 22 statsutskottets
624 1261 133 22 betänkande
772 1261 119 29 föreslagna
905 1262 135 22 tidsbestäm-

218 1291 77 26 ningen
311 1289 22 22 af
348 1292 32 19 ett
394 1289 27 22 år.

283 1318 13 20 I
316 1317 113 27 anledning
449 1317 61 21 häraf
518 1318 39 20 har
579 1320 158 18 statsutsgottet
758 1317 111 27 föreslagit
892 1320 86 26 präste-
1000 1319 40 20 och

215 1345 159 21 bondeständen
395 1348 31 18 att
441 1345 74 21 förena
529 1346 34 26 sig
577 1352 34 14 om
627 1345 40 21 den
683 1345 83 21 kortare
783 1345 203 29 tidsbestämningen
1000 1346 39 21 och

214 1381 36 13 om
271 1374 42 21 den
330 1373 80 29 lydelse
425 1373 150 28 förordningen
591 1373 40 21 och
647 1373 213 29 anslapsklämmarna
879 1374 66 29 enligt
959 1375 81 21 ridder-

215 1402 86 29 skapets
316 1402 41 22 och
372 1402 72 21 adelns
459 1405 55 19 samt
529 1402 184 28 borgareständets
728 1402 69 22 beslut
813 1402 88 22 erhällit.

478 1460 29 21 Pä
523 1460 167 22 statsutskottets
705 1462 87 26 vägnar:

553 1524 25 20 L.
594 1523 113 21 Mechelin.
