1109 1770
73 139 31 18 30
113 145 20 15 p.
143 140 81 20 jouluk.
429 131 120 37 Metsälaki.
852 135 41 21 457

72 208 52 27 följd
139 208 76 21 hvaraf
229 208 113 22 utländska
356 209 137 27 spekulanter
507 209 8 21 i
530 216 26 14 en
571 209 74 21 hittills
661 209 67 21 oanad
743 210 52 26 grad
806 216 89 14 numera

73 236 105 27 uppträda
193 236 12 21 &
221 236 40 21 den
276 236 69 22 finska
360 237 128 21 marknaden
504 236 33 22 för
551 237 64 27 inköp
631 237 22 21 af
666 238 46 20 sina
727 237 68 21 behof.

141 264 34 21 Då
189 264 90 22 sålunda
291 268 31 18 ett
337 266 125 26 skyndsamt
476 266 125 26 ingripande
617 268 23 18 är
655 266 137 26 nödvändigt,
803 266 54 26 våga
872 266 21 20 vi

73 293 109 21 vördsamt
203 293 83 21 anhålla
309 294 35 20 det
365 294 115 21 ständerna
502 294 48 21 ville
571 294 27 26 på
614 294 69 26 grund
697 293 23 21 af
733 294 40 21 den
790 294 47 21 dem
852 294 41 20 till-

72 320 127 22 kommande
214 322 136 21 motionsrätt
365 325 76 24 antaga
456 322 93 27 följande

346 418 100 27 Förslag
456 419 42 22 till
508 419 149 26 förordning
665 418 125 27 angående
799 418 94 22 ändrad

277 447 94 27 lydelse
389 447 27 22 af
434 447 27 22 13
481 447 46 22 och
542 447 31 22 40
589 447 32 28 $$
637 447 38 22 uti
691 447 144 27 skogslagen
850 447 44 22 för

278 475 235 23 storfurstendömet
525 475 113 26 Finland,
650 476 82 27 gifven
749 475 47 22 den
813 475 14 22 3
842 481 51 22 sep-

277 504 95 22 tember
387 504 67 22 1886.

345 567 134 28 Härigenom
498 567 78 21 varder
596 567 107 28 stadgadt,
719 569 32 19 att
766 568 28 20 13
809 567 38 21 och
863 568 30 20 40

277 597 29 24 $$
321 596 10 20 i
345 596 125 27 skogslagen
485 596 36 27 för
534 595 204 28 storfurstendömet
752 595 101 22 Finland
867 596 28 27 af

275 625 41 20 den
333 625 15 20 3
362 625 117 28 september
494 625 61 21 1886
569 625 59 20 skola
641 625 84 20 erhålla
735 624 98 28 följande
842 625 47 27 för-

275 653 97 22 ändrade
387 654 90 27 lydelse:

552 717 11 27 $
581 718 34 20 13.

343 762 71 27 Egare
429 762 30 27 af
470 762 67 27 frälse
552 763 39 20 och
605 762 116 27 skattejord
736 768 51 15 vare
798 762 90 21 berätti-

273 791 44 26 gad
339 793 32 18 att
392 791 51 27 fritt
461 791 86 27 förfoga
563 791 60 27 öfver
639 791 136 26 lägenhetens
791 790 99 27 afrösade

273 819 51 28 skog
345 819 38 21 och
405 819 68 25 mark,
494 827 47 13 som
555 820 46 21 han
617 819 93 21 enskildt
724 819 99 27 nyttjar;
839 819 52 20 dock

274 847 37 22 mä
331 848 20 28 e
371 848 142 27 skogbeväxta
528 849 100 20 stränder
642 847 39 21 vid
694 847 133 28 fiskevatten,
843 855 47 13 som

273 876 44 21 icke
346 877 137 20 uteslutande
506 877 74 21 tillhör
600 876 162 27 strandegaren,
785 876 104 27 afrödjas,

274 905 96 27 såframt
383 906 25 20 de
421 907 54 25 göra
489 905 62 27 fisket
567 907 69 26 nytta,
652 904 39 21 och
705 904 20 28 ej
740 905 69 21 häller
827 904 61 21 träd-

271 941 74 21 grupp
367 934 50 20 eller
439 934 54 26 träd,
509 942 46 13 som
571 934 28 27 af
610 934 61 20 ålder
686 933 72 27 tjänat
773 933 34 21 till
823 933 64 21 land-

275 962 99 28 känning
390 963 51 20 eller
456 963 129 27 vägledning
595 962 36 27 för
640 962 132 27 sjöfarande,
783 962 106 27 förstöras

273 992 51 20 eller
339 992 83 24 skadas,
437 991 26 21 så
479 994 33 18 att
526 992 24 20 de
561 992 70 26 blifva
641 991 36 27 för
686 990 127 22 ändamålet
823 992 64 26 onyt-

275 1020 58 27 tiga;
354 1020 20 27 e
389 1020 69 20 häller
477 1027 52 14 vare
547 1020 73 27 någon
639 1020 121 26 berättigad
775 1021 38 24 att,
828 1021 61 19 utom

273 1049 36 27 för
331 1048 136 28 lägenhetens
490 1051 44 25 eget
548 1048 112 26 husbehof,
676 1048 93 28 afvärka
785 1048 50 20 tall-
850 1048 39 20 och

271 1077 114 27 granträd,
401 1077 85 21 hvilkas
501 1078 105 20 diameter
620 1076 39 21 vid
673 1077 63 27 tjugu
751 1076 138 21 centimeters

274 1106 51 27 höjd
339 1106 53 26 från
402 1106 96 26 marken,
511 1106 78 20 barken
601 1105 141 27 inberäknad,
753 1104 136 28 understiger

276 1134 111 21 trettiotvå
402 1134 130 27 centimeter,
547 1134 77 21 såvida
639 1134 20 26 ej
675 1134 155 20 vederbörande
843 1140 44 20 gu-

273 1165 79 19 vernör
364 1162 31 28 pä
410 1163 98 21 ansökan
523 1163 76 21 därtill
615 1162 93 27 bifaller,
723 1169 17 14 o.
755 1169 16 13 s.
787 1169 18 13 v.

549 1241 17 28 $
580 1243 36 19 40.

343 1286 84 22 Skadas
449 1287 51 20 eller
514 1287 101 26 förstöres
631 1287 127 27 trädgrupp,
775 1287 49 20 träd
838 1287 51 21 eller

274 1316 71 19 annat
358 1315 76 33 dylikt,
445 1322 46 13 som
502 1315 28 27 af
537 1315 60 20 älder
607 1315 72 26 tjänat
691 1315 35 20 till
736 1315 153 27 landkänning

274 1343 51 21 eller
339 1343 134 27 vägledning
488 1343 36 27 för
533 1343 112 27 sjöfarten,
656 1343 51 21 eller
717 1343 99 27 afrödjas
825 1344 62 27 skog-

275 1371 76 21 beväxt
371 1372 84 24 strand,
477 1378 47 14 som
546 1372 36 26 för
604 1378 89 14 annans
711 1371 54 27 fiske
779 1372 59 21 varit
853 1372 36 20 till

272 1401 70 25 nytta,
357 1400 64 26 fälles
435 1400 211 26 gärningsmannen,
661 1400 65 26 äfven
737 1406 35 14 om
782 1400 46 20 han
838 1400 51 27 eljes

273 1427 87 21 kunnat
374 1427 61 27 öfver
449 1427 77 27 skogen
542 1427 93 27 förfoga,
647 1427 34 20 till
692 1427 57 20 böter
759 1427 62 28 högst
829 1428 57 27 fem-

273 1455 88 21 hundra
384 1455 67 21 mark.
482 1455 75 27 Hafva
578 1456 25 20 de
622 1455 127 27 därigenom
765 1455 74 28 blifvit
852 1456 37 27 för

271 1484 126 21 ändamälet
419 1484 104 28 onyttiga,
545 1484 52 21 eller
618 1486 39 19 äro
675 1484 213 28 omständigheterna

273 1513 51 27 eljes
344 1513 142 28 synnerligen
500 1513 149 27 försvårande,
665 1520 51 14 vare
730 1513 86 28 straffet
831 1513 58 21 böter
