1106 1781
212 144 42 35 420
552 146 105 35 Rautatie.
883 154 27 16 29
923 158 19 15 p.
952 152 81 32 jouluk.

282 223 10 20 I
309 222 89 21 Vindala
413 223 130 25 produceras
559 229 16 14 c.
591 222 76 23 66,000
682 222 28 26 kg
725 223 64 24 smör,
800 227 45 15 som
862 224 125 24 exporteras
1003 221 30 20 öf-

213 257 37 16 ver
267 251 109 21 Kauhava.

282 279 162 28 Sammanlagdt
467 279 82 22 säledes
571 287 16 14 c.
611 279 90 25 300,000
718 280 29 26 kg
762 281 63 24 smör,
842 285 45 15 som
904 279 84 21 komme
1003 281 32 19 att

213 309 98 27 begagna
334 308 33 26 sig
387 308 23 21 af
430 308 40 21 den
492 307 121 29 föreslagna
633 308 149 27 sträckningen
798 308 30 21 till
845 308 84 21 Bennäs
945 308 39 21 och
999 308 36 21 Ja-

213 337 97 22 kohstad.

351 383 306 28 Trävaruexporten:

282 430 55 21 Från
360 430 79 21 Purmo
462 429 80 22 utföras
565 436 16 15 c
606 429 74 26 16,000
703 432 24 18 st.
748 429 60 21 stock
827 429 38 21 och
881 436 16 14 c.
913 429 76 26 80,000
1004 429 31 21 m3

213 465 65 21 props
294 459 39 21 och
349 459 139 26 pappersved,
504 458 71 21 hvilka
591 458 26 27 gå
632 458 30 21 till
677 458 124 21 Jakobstad.

283 487 56 21 Från
355 487 124 27 Lappajärvi
500 487 81 22 utföras
597 494 16 14 c.
632 487 63 25 4,000
710 489 26 18 st.
752 487 60 20 stock
827 487 38 20 och
881 493 16 14 c.
914 487 75 25 12,000
1005 487 30 20 m?

214 522 72 21 props.
316 516 70 21 Dessa
401 516 129 21 kvantiteter
547 516 25 26 gä
587 515 61 22 äfven
664 515 33 21 för
710 515 131 21 närvarande
852 517 140 24 vattenvägen
1003 515 32 21 till

213 544 126 22 Jakobstad.

283 573 55 22 Från
360 573 58 22 Soini
441 572 80 23 utföras
545 579 16 16 c.
580 573 77 26 30,000
675 576 26 19 st.
717 573 60 21 stock
793 573 38 20 och
848 573 61 21 1.000
925 573 29 20 m?
969 578 66 22 props

214 602 120 22 äfvenledes
350 601 59 22 öfver
423 601 124 23 Jakobstad.

283 631 56 22 Från
355 631 94 27 Alajärvi
465 631 80 22 utföras
561 638 16 15 c.
593 631 76 26 20,000
688 633 26 20 st.
734 631 60 22 stock
812 631 37 21 och
866 631 42 21 800
923 632 30 20 m?
969 637 66 21 props

214 661 66 21 likasä
295 660 59 22 öfver
368 660 124 22 Jakobstad.

284 689 56 22 Från
357 689 94 27 Evijärvi
467 689 38 21 och
524 689 134 27 Kortesjärvi
674 689 77 21 saknas
767 695 124 21 noggranna
908 688 112 27 uppgifter.

352 741 104 20 Annan
473 742 121 25 export:

283 787 57 22 Frän
351 787 98 26 samtliga
459 787 26 21 de
496 787 77 21 nämda
589 786 117 22 socknarna
717 786 81 22 utföras
809 786 109 22 dessutom
930 787 44 21 icke
985 787 50 21 obe-

214 815 80 28 tydliga
309 816 127 21 kvantiteter
452 816 59 27 tjära,
527 815 101 28 spanmäl,
643 815 33 26 hö,
692 815 53 25 frön,
761 815 67 22 hudar
844 822 26 15 m.
886 822 27 15 m.

353 868 168 27 Importen:

285 914 73 22 Såsom
383 913 233 22 kommunikationerna
639 920 29 15 nu
684 915 37 20 äro
737 914 98 26 ordnade,
851 916 23 19 är
890 915 35 21 det
940 915 44 21 helt
998 921 37 15 na-

216 943 81 28 turligt,
308 945 32 20 att
350 943 63 22 dessa
427 943 127 22 kommuner
566 943 30 22 till
612 945 45 20 stor
673 943 33 21 del
721 945 36 20 äro
774 945 95 26 tvungna
884 946 31 19 att
929 943 58 22 förse
1001 944 34 27 sig

215 973 50 22 med
280 973 42 21 alla
337 972 256 27 nödvändighetsartiklar
607 971 47 22 från
670 972 62 22 Vasa.
755 972 76 22 Denna
845 973 80 27 import
941 973 37 27 går
988 973 47 22 från

216 1003 58 21 Vasa
289 1001 31 22 till
336 1001 70 27 någon
422 1001 23 21 af
454 1002 130 21 stationerna
594 1008 51 15 norr
656 1007 34 16 om
702 1001 107 27 Seinäjoki
819 1001 39 22 och
869 1003 64 20 sedan
945 1003 48 21 med
1003 1002 31 21 fo-

215 1037 36 15 ror
266 1030 31 22 till
318 1030 217 22 bestämmelseorten.
559 1031 76 21 Denna
651 1030 46 22 icke
715 1030 120 28 obetydliga
855 1031 79 27 import
944 1031 90 26 komme,

215 1066 35 15 om
272 1059 39 21 den
331 1058 119 28 föreslagna
465 1059 117 27 järnvägen
602 1058 68 22 blefve
685 1065 26 15 en
730 1059 123 27 värklighet,
870 1060 118 26 säkerligen
1004 1062 31 19 att

216 1088 96 27 begagna
322 1088 40 21 den
372 1088 47 21 vida
426 1088 127 21 bekvämare
563 1087 82 22 direkta
649 1088 245 26 järnvägsförbindelsen
902 1088 47 22 från
956 1088 78 22 Jakob-

216 1116 53 22 stad.
284 1117 131 27 Härigenom
423 1117 86 21 komme
523 1116 232 22 handelsförbindelsen
766 1117 48 21 med
825 1117 26 21 de
860 1117 46 21 inre
917 1116 118 23 socknarna

216 1147 30 20 att
256 1148 49 24 taga
316 1151 81 16 samma
412 1145 98 27 riktning,
527 1152 46 14 som
589 1146 40 21 den
644 1145 54 21 hade
708 1146 54 20 intill
773 1146 48 20 dess
833 1146 119 27 Uleåborgs
964 1146 70 22 banan

216 1176 74 18 nästan
308 1174 161 26 tillintetgjorde
484 1174 27 20 de
528 1174 231 21 nord-österbottniska
782 1175 111 20 städernas
917 1175 75 21 handel
1008 1175 27 26 pä

216 1203 36 20 det
266 1203 46 20 inre
327 1202 78 21 landet.

284 1229 137 22 Beträffande
437 1230 107 21 storleken
560 1230 22 21 af
595 1230 70 22 denna
679 1230 79 27 import
768 1230 103 27 föreligga
881 1230 92 28 följande
982 1232 52 20 data.

217 1259 79 21 Värdet
311 1258 23 22 af
346 1260 107 25 importen
469 1258 30 21 till
515 1259 81 21 Purmo
611 1259 38 21 har
665 1258 114 22 beräknats
795 1259 55 27 stiga
865 1259 31 21 till
911 1266 17 14 e.
945 1259 90 26 300,000

216 1287 41 25 mk,
272 1287 30 21 till
316 1288 95 26 Evijärvi
424 1294 18 14 c.
458 1287 90 25 180,000
563 1288 41 22 mk,
621 1287 31 21 till
669 1288 132 26 Kortesjärvi
816 1294 16 14 c.
849 1288 90 25 190,000
950 1288 41 25 mk,
1003 1288 31 21 till

216 1316 127 48 Lappajärvi
360 1322 16 14 €.
392 1316 91 24 220,000
497 1316 42 24 mk,
555 1316 31 20 till
601 1315 94 26 Alajärvi
710 1322 16 13 c.
743 1316 89 24 175,000
847 1316 42 24 mk,
904 1316 31 20 till
946 1304 90 33 Vindala

250 1343 90 25 190,000
356 1342 40 25 mk,
412 1332 49 31 eller
477 1332 155 37 sammanlagdt
647 1350 17 14 ce.
680 1343 40 27 11/,
736 1343 73 27 miljon
825 1344 40 20 mk.

286 1359 30 33 Af
329 1371 26 21 de
370 1371 38 21 här
423 1371 98 20 lämnade
537 1371 136 26 uppgifterna
688 1372 90 20 rörande
800 1372 149 32 sträckningen
969 1372 65 20 Kars-

215 1400 45 20 tula
278 1399 104 27 -Bennäs,
399 1399 164 21 sammanstälda
579 1400 48 21 med
642 1400 47 20 dem
706 1406 45 15 som
767 1400 68 27 ingå
824 1395 13 37 i
847 1400 122 22 oftanämda
975 1400 60 28 järn-

215 1428 153 27 vägskomittös
385 1428 138 26 betänkande,
539 1428 61 22 torde
615 1428 88 28 framgä,
718 1430 31 20 att
765 1429 69 21 denna
845 1430 54 20 bana
909 1429 84 22 komme
1003 1432 32 19 att

214 1457 50 27 löpa
287 1463 76 21 genom
386 1456 96 26 folkrika,
504 1457 75 21 odlade
602 1457 39 21 och
663 1458 89 27 bördiga
775 1458 80 21 trakter
874 1458 48 21 med
941 1464 26 15 en
982 1458 53 27 liflig

215 1486 222 27 handelsomsättning
459 1488 55 19 samt
533 1489 102 24 utmynna
649 1486 7 21 i
671 1492 26 16 en
719 1487 53 22 stad,
793 1493 46 15 som
853 1486 88 22 framför
959 1487 77 27 många

215 1515 67 21 andra
298 1515 68 21 under
382 1516 26 20 de
423 1517 85 19 senaste
523 1515 50 21 ären
594 1515 95 22 utmärkt
709 1516 32 27 sig
761 1522 76 20 genom
857 1516 33 21 sin
913 1516 72 21 starka
1003 1519 31 18 ut-

214 1544 103 26 veckling,
333 1544 101 21 särskildt
449 1544 28 26 pä
491 1544 103 21 handelns
611 1544 38 21 och
664 1544 119 22 industrins
799 1544 92 22 område.
921 1544 113 22 Hamnför-
