<?xml version="1.0" encoding="UTF-8"?>
<alto xmlns="http://www.loc.gov/standards/alto/ns-v3#" xmlns:xlink="http://www.w3.org/1999/xlink" xmlns:xsi="http://www.w3.org/2001/XMLSchema-instance" xsi:schemaLocation="http://www.loc.gov/standards/alto/ns-v3# http://www.loc.gov/alto/v3/alto-3-0.xsd">
	<Description>
		<MeasurementUnit>pixel</MeasurementUnit>
		<sourceImageInformation>
			<fileName>/tmp/tess_dewxj3ee_input.PNG</fileName>
		</sourceImageInformation>
		<OCRProcessing ID="OCR_0">
			<ocrProcessingStep>
				<processingSoftware>
					<softwareName>tesseract 5.3.4</softwareName>
				</processingSoftware>
			</ocrProcessingStep>
		</OCRProcessing>
	</Description>
	<Layout>
		<Page WIDTH="1106" HEIGHT="1767" PHYSICAL_IMG_NR="0" ID="page_0">
			<PrintSpace HPOS="0" VPOS="0" WIDTH="1106" HEIGHT="1767">
				<ComposedBlock ID="cblock_0" HPOS="79" VPOS="131" WIDTH="823" HEIGHT="33">
					<TextBlock ID="block_0" HPOS="79" VPOS="131" WIDTH="823" HEIGHT="33">
						<TextLine ID="line_0" HPOS="79" VPOS="131" WIDTH="823" HEIGHT="33">
							<String ID="string_0" HPOS="79" VPOS="136" WIDTH="25" HEIGHT="16" WC="0.95" CONTENT="21"/><SP WIDTH="12" VPOS="136" HPOS="104"/>
							<String ID="string_1" HPOS="116" VPOS="141" WIDTH="20" HEIGHT="15" WC="0.92" CONTENT="p."/><SP WIDTH="10" VPOS="141" HPOS="136"/>
							<String ID="string_2" HPOS="146" VPOS="137" WIDTH="80" HEIGHT="18" WC="0.96" CONTENT="jouluk."/><SP WIDTH="181" VPOS="137" HPOS="226"/>
							<String ID="string_3" HPOS="407" VPOS="131" WIDTH="171" HEIGHT="33" WC="0.79" CONTENT="Konkurssilaki."/><SP WIDTH="284" VPOS="131" HPOS="578"/>
							<String ID="string_4" HPOS="862" VPOS="133" WIDTH="40" HEIGHT="20" WC="0.96" CONTENT="125"/>
						</TextLine>
					</TextBlock>
				</ComposedBlock>
				<GraphicalElement ID="cblock_1" HPOS="81" VPOS="160" WIDTH="822" HEIGHT="15"></GraphicalElement >
				<ComposedBlock ID="cblock_2" HPOS="80" VPOS="207" WIDTH="823" HEIGHT="321">
					<TextBlock ID="block_1" HPOS="467" VPOS="207" WIDTH="58" HEIGHT="28">
						<TextLine ID="line_1" HPOS="467" VPOS="207" WIDTH="58" HEIGHT="28">
							<String ID="string_5" HPOS="467" VPOS="208" WIDTH="21" HEIGHT="19" WC="0.75" CONTENT="11"/><SP WIDTH="21" VPOS="208" HPOS="488"/>
							<String ID="string_6" HPOS="509" VPOS="207" WIDTH="16" HEIGHT="28" WC="0.75" CONTENT="&amp;"/>
						</TextLine>
					</TextBlock>
					<TextBlock ID="block_2" HPOS="80" VPOS="245" WIDTH="823" HEIGHT="56">
						<TextLine ID="line_2" HPOS="150" VPOS="245" WIDTH="753" HEIGHT="29">
							<String ID="string_7" HPOS="150" VPOS="245" WIDTH="222" HEIGHT="22" WC="0.90" CONTENT="Konkursförfarande"/><SP WIDTH="23" VPOS="245" HPOS="372"/>
							<String ID="string_8" HPOS="395" VPOS="246" WIDTH="34" HEIGHT="20" WC="0.92" CONTENT="mä"/><SP WIDTH="15" VPOS="246" HPOS="429"/>
							<String ID="string_9" HPOS="444" VPOS="247" WIDTH="18" HEIGHT="27" WC="0.95" CONTENT="ej"/><SP WIDTH="18" VPOS="247" HPOS="462"/>
							<String ID="string_10" HPOS="480" VPOS="247" WIDTH="92" HEIGHT="27" WC="0.96" CONTENT="beviljas,"/><SP WIDTH="15" VPOS="247" HPOS="572"/>
							<String ID="string_11" HPOS="587" VPOS="254" WIDTH="32" HEIGHT="13" WC="0.93" CONTENT="om"/><SP WIDTH="23" VPOS="254" HPOS="619"/>
							<String ID="string_12" HPOS="642" VPOS="246" WIDTH="48" HEIGHT="21" WC="0.96" CONTENT="icke"/><SP WIDTH="16" VPOS="246" HPOS="690"/>
							<String ID="string_13" HPOS="706" VPOS="247" WIDTH="52" HEIGHT="20" WC="0.96" CONTENT="flere"/><SP WIDTH="15" VPOS="247" HPOS="758"/>
							<String ID="string_14" HPOS="773" VPOS="249" WIDTH="25" HEIGHT="18" WC="0.97" CONTENT="än"/><SP WIDTH="16" VPOS="249" HPOS="798"/>
							<String ID="string_15" HPOS="814" VPOS="253" WIDTH="26" HEIGHT="14" WC="0.93" CONTENT="en"/><SP WIDTH="16" VPOS="253" HPOS="840"/>
							<String ID="string_16" HPOS="856" VPOS="246" WIDTH="47" HEIGHT="21" WC="0.89" CONTENT="bor-"/>
						</TextLine>
						<TextLine ID="line_3" HPOS="80" VPOS="273" WIDTH="154" HEIGHT="28">
							<String ID="string_17" HPOS="80" VPOS="275" WIDTH="65" HEIGHT="26" WC="0.92" CONTENT="genär"/><SP WIDTH="15" VPOS="275" HPOS="145"/>
							<String ID="string_18" HPOS="160" VPOS="273" WIDTH="74" HEIGHT="21" WC="0.92" CONTENT="finnes."/>
						</TextLine>
					</TextBlock>
					<TextBlock ID="block_3" HPOS="80" VPOS="301" WIDTH="823" HEIGHT="108">
						<TextLine ID="line_4" HPOS="150" VPOS="301" WIDTH="753" HEIGHT="29">
							<String ID="string_19" HPOS="150" VPOS="301" WIDTH="90" HEIGHT="22" WC="0.87" CONTENT="Pröfvas"/><SP WIDTH="21" VPOS="301" HPOS="240"/>
							<String ID="string_20" HPOS="261" VPOS="302" WIDTH="141" HEIGHT="28" WC="0.96" CONTENT="tillgångarna"/><SP WIDTH="14" VPOS="302" HPOS="402"/>
							<String ID="string_21" HPOS="416" VPOS="303" WIDTH="8" HEIGHT="20" WC="0.93" CONTENT="i"/><SP WIDTH="14" VPOS="303" HPOS="424"/>
							<String ID="string_22" HPOS="438" VPOS="303" WIDTH="136" HEIGHT="27" WC="0.79" CONTENT="gäldenärens"/><SP WIDTH="22" VPOS="303" HPOS="574"/>
							<String ID="string_23" HPOS="596" VPOS="303" WIDTH="26" HEIGHT="21" WC="0.96" CONTENT="bo"/><SP WIDTH="15" VPOS="303" HPOS="622"/>
							<String ID="string_24" HPOS="637" VPOS="303" WIDTH="47" HEIGHT="21" WC="0.96" CONTENT="icke"/><SP WIDTH="15" VPOS="303" HPOS="684"/>
							<String ID="string_25" HPOS="699" VPOS="303" WIDTH="70" HEIGHT="20" WC="0.93" CONTENT="lämna"/><SP WIDTH="14" VPOS="303" HPOS="769"/>
							<String ID="string_26" HPOS="783" VPOS="302" WIDTH="120" HEIGHT="21" WC="0.92" CONTENT="öfverskott"/>
						</TextLine>
						<TextLine ID="line_5" HPOS="82" VPOS="329" WIDTH="821" HEIGHT="30">
							<String ID="string_27" HPOS="82" VPOS="329" WIDTH="84" HEIGHT="21" WC="0.81" CONTENT="utöfver"/><SP WIDTH="23" VPOS="329" HPOS="166"/>
							<String ID="string_28" HPOS="189" VPOS="330" WIDTH="141" HEIGHT="21" WC="0.92" CONTENT="kostnaderna"/><SP WIDTH="20" VPOS="330" HPOS="330"/>
							<String ID="string_29" HPOS="350" VPOS="331" WIDTH="33" HEIGHT="20" WC="0.92" CONTENT="för"/><SP WIDTH="21" VPOS="331" HPOS="383"/>
							<String ID="string_30" HPOS="404" VPOS="331" WIDTH="137" HEIGHT="27" WC="0.96" CONTENT="förfarandet,"/><SP WIDTH="15" VPOS="331" HPOS="541"/>
							<String ID="string_31" HPOS="556" VPOS="339" WIDTH="48" HEIGHT="13" WC="0.96" CONTENT="vare"/><SP WIDTH="16" VPOS="339" HPOS="604"/>
							<String ID="string_32" HPOS="620" VPOS="331" WIDTH="34" HEIGHT="28" WC="0.94" CONTENT="lag"/><SP WIDTH="22" VPOS="331" HPOS="654"/>
							<String ID="string_33" HPOS="676" VPOS="339" WIDTH="84" HEIGHT="15" WC="0.96" CONTENT="samma,"/><SP WIDTH="17" VPOS="339" HPOS="760"/>
							<String ID="string_34" HPOS="777" VPOS="335" WIDTH="49" HEIGHT="17" WC="0.96" CONTENT="utan"/><SP WIDTH="15" VPOS="335" HPOS="826"/>
							<String ID="string_35" HPOS="841" VPOS="331" WIDTH="23" HEIGHT="20" WC="0.96" CONTENT="sä"/><SP WIDTH="15" VPOS="331" HPOS="864"/>
							<String ID="string_36" HPOS="879" VPOS="333" WIDTH="24" HEIGHT="18" WC="0.96" CONTENT="är"/>
						</TextLine>
						<TextLine ID="line_6" HPOS="80" VPOS="358" WIDTH="823" HEIGHT="30">
							<String ID="string_37" HPOS="80" VPOS="361" WIDTH="33" HEIGHT="18" WC="0.93" CONTENT="att"/><SP WIDTH="14" VPOS="361" HPOS="113"/>
							<String ID="string_38" HPOS="127" VPOS="358" WIDTH="107" HEIGHT="21" WC="0.92" CONTENT="sökanden"/><SP WIDTH="18" VPOS="358" HPOS="234"/>
							<String ID="string_39" HPOS="252" VPOS="359" WIDTH="105" HEIGHT="21" WC="0.92" CONTENT="nedsätter"/><SP WIDTH="15" VPOS="359" HPOS="357"/>
							<String ID="string_40" HPOS="372" VPOS="359" WIDTH="23" HEIGHT="22" WC="0.97" CONTENT="sä"/><SP WIDTH="15" VPOS="359" HPOS="395"/>
							<String ID="string_41" HPOS="410" VPOS="363" WIDTH="53" HEIGHT="17" WC="0.93" CONTENT="stort"/><SP WIDTH="17" VPOS="363" HPOS="463"/>
							<String ID="string_42" HPOS="480" VPOS="360" WIDTH="82" HEIGHT="28" WC="0.92" CONTENT="belopp,"/><SP WIDTH="15" VPOS="360" HPOS="562"/>
							<String ID="string_43" HPOS="577" VPOS="363" WIDTH="32" HEIGHT="18" WC="0.93" CONTENT="att"/><SP WIDTH="15" VPOS="363" HPOS="609"/>
							<String ID="string_44" HPOS="624" VPOS="360" WIDTH="65" HEIGHT="27" WC="0.92" CONTENT="sagda"/><SP WIDTH="15" VPOS="360" HPOS="689"/>
							<String ID="string_45" HPOS="704" VPOS="359" WIDTH="113" HEIGHT="22" WC="0.96" CONTENT="kostnader"/><SP WIDTH="15" VPOS="359" HPOS="817"/>
							<String ID="string_46" HPOS="832" VPOS="359" WIDTH="71" HEIGHT="21" WC="0.96" CONTENT="kunna"/>
						</TextLine>
						<TextLine ID="line_7" HPOS="81" VPOS="387" WIDTH="213" HEIGHT="22">
							<String ID="string_47" HPOS="81" VPOS="387" WIDTH="88" HEIGHT="20" WC="0.92" CONTENT="därmed"/><SP WIDTH="16" VPOS="387" HPOS="169"/>
							<String ID="string_48" HPOS="185" VPOS="387" WIDTH="109" HEIGHT="22" WC="0.92" CONTENT="bestridas."/>
						</TextLine>
					</TextBlock>
					<TextBlock ID="block_4" HPOS="80" VPOS="415" WIDTH="823" HEIGHT="113">
						<TextLine ID="line_8" HPOS="150" VPOS="415" WIDTH="753" HEIGHT="29">
							<String ID="string_49" HPOS="150" VPOS="415" WIDTH="46" HEIGHT="21" WC="0.93" CONTENT="Vid"/><SP WIDTH="23" VPOS="415" HPOS="196"/>
							<String ID="string_50" HPOS="219" VPOS="416" WIDTH="157" HEIGHT="28" WC="0.91" CONTENT="uppskattning,"/><SP WIDTH="23" VPOS="416" HPOS="376"/>
							<String ID="string_51" HPOS="399" VPOS="423" WIDTH="43" HEIGHT="14" WC="0.96" CONTENT="som"/><SP WIDTH="16" VPOS="423" HPOS="442"/>
							<String ID="string_52" HPOS="458" VPOS="417" WIDTH="23" HEIGHT="20" WC="0.93" CONTENT="af"/><SP WIDTH="15" VPOS="417" HPOS="481"/>
							<String ID="string_53" HPOS="496" VPOS="419" WIDTH="68" HEIGHT="19" WC="0.90" CONTENT="rätten"/><SP WIDTH="22" VPOS="419" HPOS="564"/>
							<String ID="string_54" HPOS="586" VPOS="417" WIDTH="98" HEIGHT="20" WC="0.90" CONTENT="anställes"/><SP WIDTH="20" VPOS="417" HPOS="684"/>
							<String ID="string_55" HPOS="704" VPOS="417" WIDTH="2" HEIGHT="20" WC="0.96" CONTENT="i"/><SP WIDTH="15" VPOS="417" HPOS="706"/>
							<String ID="string_56" HPOS="721" VPOS="424" WIDTH="27" HEIGHT="13" WC="0.93" CONTENT="nu"/><SP WIDTH="16" VPOS="424" HPOS="748"/>
							<String ID="string_57" HPOS="764" VPOS="416" WIDTH="73" HEIGHT="21" WC="0.92" CONTENT="nämdt"/><SP WIDTH="15" VPOS="416" HPOS="837"/>
							<String ID="string_58" HPOS="852" VPOS="416" WIDTH="51" HEIGHT="21" WC="0.95" CONTENT="eller"/>
						</TextLine>
						<TextLine ID="line_9" HPOS="81" VPOS="444" WIDTH="822" HEIGHT="29">
							<String ID="string_59" HPOS="81" VPOS="445" WIDTH="8" HEIGHT="19" WC="0.89" CONTENT="i"/><SP WIDTH="18" VPOS="445" HPOS="89"/>
							<String ID="string_60" HPOS="107" VPOS="445" WIDTH="25" HEIGHT="20" WC="0.91" CONTENT="14"/><SP WIDTH="15" VPOS="445" HPOS="132"/>
							<String ID="string_61" HPOS="147" VPOS="445" WIDTH="11" HEIGHT="25" WC="0.81" CONTENT="$"/><SP WIDTH="16" VPOS="445" HPOS="158"/>
							<String ID="string_62" HPOS="174" VPOS="444" WIDTH="138" HEIGHT="22" WC="0.91" CONTENT="föreskrifvet"/><SP WIDTH="20" VPOS="444" HPOS="312"/>
							<String ID="string_63" HPOS="332" VPOS="445" WIDTH="62" HEIGHT="28" WC="0.96" CONTENT="syfte,"/><SP WIDTH="21" VPOS="445" HPOS="394"/>
							<String ID="string_64" HPOS="415" VPOS="445" WIDTH="35" HEIGHT="21" WC="0.96" CONTENT="mä"/><SP WIDTH="15" VPOS="445" HPOS="450"/>
							<String ID="string_65" HPOS="465" VPOS="445" WIDTH="33" HEIGHT="21" WC="0.96" CONTENT="för"/><SP WIDTH="16" VPOS="445" HPOS="498"/>
							<String ID="string_66" HPOS="514" VPOS="445" WIDTH="107" HEIGHT="28" WC="0.93" CONTENT="egendom,"/><SP WIDTH="22" VPOS="445" HPOS="621"/>
							<String ID="string_67" HPOS="643" VPOS="445" WIDTH="77" HEIGHT="21" WC="0.92" CONTENT="hvarur"/><SP WIDTH="23" VPOS="445" HPOS="720"/>
							<String ID="string_68" HPOS="743" VPOS="445" WIDTH="106" HEIGHT="27" WC="0.96" CONTENT="betalning"/><SP WIDTH="20" VPOS="445" HPOS="849"/>
							<String ID="string_69" HPOS="869" VPOS="445" WIDTH="34" HEIGHT="20" WC="0.96" CONTENT="för"/>
						</TextLine>
						<TextLine ID="line_10" HPOS="80" VPOS="473" WIDTH="822" HEIGHT="29">
							<String ID="string_70" HPOS="80" VPOS="473" WIDTH="44" HEIGHT="20" WC="0.84" CONTENT="viss"/><SP WIDTH="24" VPOS="473" HPOS="124"/>
							<String ID="string_71" HPOS="148" VPOS="473" WIDTH="83" HEIGHT="20" WC="0.94" CONTENT="fordran"/><SP WIDTH="24" VPOS="473" HPOS="231"/>
							<String ID="string_72" HPOS="255" VPOS="473" WIDTH="66" HEIGHT="28" WC="0.96" CONTENT="enligt"/><SP WIDTH="15" VPOS="473" HPOS="321"/>
							<String ID="string_73" HPOS="336" VPOS="475" WIDTH="26" HEIGHT="20" WC="0.96" CONTENT="30"/><SP WIDTH="16" VPOS="475" HPOS="362"/>
							<String ID="string_74" HPOS="378" VPOS="474" WIDTH="39" HEIGHT="21" WC="0.96" CONTENT="och"/><SP WIDTH="19" VPOS="474" HPOS="417"/>
							<String ID="string_75" HPOS="436" VPOS="475" WIDTH="26" HEIGHT="20" WC="0.93" CONTENT="31"/><SP WIDTH="17" VPOS="475" HPOS="462"/>
							<String ID="string_76" HPOS="479" VPOS="474" WIDTH="24" HEIGHT="28" WC="0.80" CONTENT="8$"/><SP WIDTH="16" VPOS="474" HPOS="503"/>
							<String ID="string_77" HPOS="519" VPOS="474" WIDTH="33" HEIGHT="21" WC="0.96" CONTENT="får"/><SP WIDTH="21" VPOS="474" HPOS="552"/>
							<String ID="string_78" HPOS="573" VPOS="474" WIDTH="100" HEIGHT="21" WC="0.93" CONTENT="särskildt"/><SP WIDTH="21" VPOS="474" HPOS="673"/>
							<String ID="string_79" HPOS="694" VPOS="476" WIDTH="88" HEIGHT="25" WC="0.84" CONTENT="uttagas,"/><SP WIDTH="16" VPOS="476" HPOS="782"/>
							<String ID="string_80" HPOS="798" VPOS="473" WIDTH="104" HEIGHT="22" WC="0.96" CONTENT="beräknas"/>
						</TextLine>
						<TextLine ID="line_11" HPOS="81" VPOS="501" WIDTH="772" HEIGHT="27">
							<String ID="string_81" HPOS="81" VPOS="501" WIDTH="76" HEIGHT="22" WC="0.96" CONTENT="endast"/><SP WIDTH="15" VPOS="501" HPOS="157"/>
							<String ID="string_82" HPOS="172" VPOS="501" WIDTH="36" HEIGHT="22" WC="0.96" CONTENT="det"/><SP WIDTH="16" VPOS="501" HPOS="208"/>
							<String ID="string_83" HPOS="224" VPOS="502" WIDTH="69" HEIGHT="26" WC="0.96" CONTENT="värde,"/><SP WIDTH="15" VPOS="502" HPOS="293"/>
							<String ID="string_84" HPOS="308" VPOS="510" WIDTH="44" HEIGHT="13" WC="0.91" CONTENT="som"/><SP WIDTH="16" VPOS="510" HPOS="352"/>
							<String ID="string_85" HPOS="368" VPOS="503" WIDTH="84" HEIGHT="21" WC="0.91" CONTENT="utöfver"/><SP WIDTH="14" VPOS="503" HPOS="452"/>
							<String ID="string_86" HPOS="466" VPOS="503" WIDTH="40" HEIGHT="20" WC="0.93" CONTENT="den"/><SP WIDTH="17" VPOS="503" HPOS="506"/>
							<String ID="string_87" HPOS="523" VPOS="503" WIDTH="84" HEIGHT="21" WC="0.92" CONTENT="fordran"/><SP WIDTH="15" VPOS="503" HPOS="607"/>
							<String ID="string_88" HPOS="622" VPOS="503" WIDTH="41" HEIGHT="20" WC="0.96" CONTENT="kan"/><SP WIDTH="16" VPOS="503" HPOS="663"/>
							<String ID="string_89" HPOS="679" VPOS="509" WIDTH="60" HEIGHT="14" WC="0.93" CONTENT="anses"/><SP WIDTH="16" VPOS="509" HPOS="739"/>
							<String ID="string_90" HPOS="755" VPOS="502" WIDTH="98" HEIGHT="22" WC="0.91" CONTENT="behället."/>
						</TextLine>
					</TextBlock>
				</ComposedBlock>
				<ComposedBlock ID="cblock_3" HPOS="79" VPOS="561" WIDTH="828" HEIGHT="517">
					<TextBlock ID="block_5" HPOS="466" VPOS="561" WIDTH="60" HEIGHT="26">
						<TextLine ID="line_12" HPOS="466" VPOS="561" WIDTH="60" HEIGHT="26">
							<String ID="string_91" HPOS="466" VPOS="561" WIDTH="24" HEIGHT="20" WC="0.92" CONTENT="12"/><SP WIDTH="18" VPOS="561" HPOS="490"/>
							<String ID="string_92" HPOS="508" VPOS="561" WIDTH="18" HEIGHT="26" WC="0.89" CONTENT="$."/>
						</TextLine>
					</TextBlock>
					<TextBlock ID="block_6" HPOS="79" VPOS="593" WIDTH="825" HEIGHT="57">
						<TextLine ID="line_13" HPOS="152" VPOS="593" WIDTH="752" HEIGHT="29">
							<String ID="string_93" HPOS="152" VPOS="593" WIDTH="110" HEIGHT="28" WC="0.86" CONTENT="Upptages"/><SP WIDTH="25" VPOS="593" HPOS="262"/>
							<String ID="string_94" HPOS="287" VPOS="594" WIDTH="48" HEIGHT="21" WC="0.96" CONTENT="icke"/><SP WIDTH="23" VPOS="594" HPOS="335"/>
							<String ID="string_95" HPOS="358" VPOS="594" WIDTH="50" HEIGHT="21" WC="0.93" CONTENT="eller"/><SP WIDTH="22" VPOS="594" HPOS="408"/>
							<String ID="string_96" HPOS="430" VPOS="594" WIDTH="64" HEIGHT="21" WC="0.92" CONTENT="afsläs"/><SP WIDTH="22" VPOS="594" HPOS="494"/>
							<String ID="string_97" HPOS="516" VPOS="594" WIDTH="90" HEIGHT="28" WC="0.96" CONTENT="begäran"/><SP WIDTH="19" VPOS="594" HPOS="606"/>
							<String ID="string_98" HPOS="625" VPOS="602" WIDTH="33" HEIGHT="13" WC="0.93" CONTENT="om"/><SP WIDTH="25" VPOS="602" HPOS="658"/>
							<String ID="string_99" HPOS="683" VPOS="593" WIDTH="221" HEIGHT="26" WC="0.91" CONTENT="konkursförfarande,"/>
						</TextLine>
						<TextLine ID="line_14" HPOS="79" VPOS="621" WIDTH="424" HEIGHT="29">
							<String ID="string_100" HPOS="79" VPOS="621" WIDTH="67" HEIGHT="22" WC="0.96" CONTENT="varde"/><SP WIDTH="15" VPOS="621" HPOS="146"/>
							<String ID="string_101" HPOS="161" VPOS="622" WIDTH="37" HEIGHT="21" WC="0.93" CONTENT="det"/><SP WIDTH="14" VPOS="622" HPOS="198"/>
							<String ID="string_102" HPOS="212" VPOS="622" WIDTH="102" HEIGHT="21" WC="0.88" CONTENT="tecknadt"/><SP WIDTH="14" VPOS="622" HPOS="314"/>
							<String ID="string_103" HPOS="328" VPOS="622" WIDTH="12" HEIGHT="21" WC="0.85" CONTENT="&amp;"/><SP WIDTH="16" VPOS="622" HPOS="340"/>
							<String ID="string_104" HPOS="356" VPOS="622" WIDTH="147" HEIGHT="28" WC="0.96" CONTENT="ansökningen."/>
						</TextLine>
					</TextBlock>
					<TextBlock ID="block_7" HPOS="79" VPOS="650" WIDTH="825" HEIGHT="142">
						<TextLine ID="line_15" HPOS="150" VPOS="650" WIDTH="753" HEIGHT="28">
							<String ID="string_105" HPOS="150" VPOS="651" WIDTH="44" HEIGHT="19" WC="0.96" CONTENT="Bör"/><SP WIDTH="15" VPOS="651" HPOS="194"/>
							<String ID="string_106" HPOS="209" VPOS="650" WIDTH="118" HEIGHT="22" WC="0.96" CONTENT="sökandens"/><SP WIDTH="22" VPOS="650" HPOS="327"/>
							<String ID="string_107" HPOS="349" VPOS="651" WIDTH="91" HEIGHT="27" WC="0.93" CONTENT="begäran"/><SP WIDTH="17" VPOS="651" HPOS="440"/>
							<String ID="string_108" HPOS="457" VPOS="651" WIDTH="89" HEIGHT="26" WC="0.92" CONTENT="bifallas,"/><SP WIDTH="15" VPOS="651" HPOS="546"/>
							<String ID="string_109" HPOS="561" VPOS="651" WIDTH="91" HEIGHT="21" WC="0.93" CONTENT="förklare"/><SP WIDTH="16" VPOS="651" HPOS="652"/>
							<String ID="string_110" HPOS="668" VPOS="651" WIDTH="117" HEIGHT="21" WC="0.93" CONTENT="domstolen"/><SP WIDTH="15" VPOS="651" HPOS="785"/>
							<String ID="string_111" HPOS="800" VPOS="651" WIDTH="103" HEIGHT="20" WC="0.93" CONTENT="konkurs-"/>
						</TextLine>
						<TextLine ID="line_16" HPOS="80" VPOS="678" WIDTH="823" HEIGHT="28">
							<String ID="string_112" HPOS="80" VPOS="678" WIDTH="123" HEIGHT="21" WC="0.93" CONTENT="förfarande"/><SP WIDTH="23" VPOS="678" HPOS="203"/>
							<String ID="string_113" HPOS="226" VPOS="678" WIDTH="72" HEIGHT="26" WC="0.92" CONTENT="inledt,"/><SP WIDTH="26" VPOS="678" HPOS="298"/>
							<String ID="string_114" HPOS="324" VPOS="678" WIDTH="98" HEIGHT="22" WC="0.91" CONTENT="förordne"/><SP WIDTH="22" VPOS="678" HPOS="422"/>
							<String ID="string_115" HPOS="444" VPOS="679" WIDTH="91" HEIGHT="27" WC="0.91" CONTENT="godman"/><SP WIDTH="22" VPOS="679" HPOS="535"/>
							<String ID="string_116" HPOS="557" VPOS="682" WIDTH="33" HEIGHT="18" WC="0.93" CONTENT="att"/><SP WIDTH="21" VPOS="682" HPOS="590"/>
							<String ID="string_117" HPOS="611" VPOS="679" WIDTH="165" HEIGHT="27" WC="0.92" CONTENT="omhändertaga"/><SP WIDTH="22" VPOS="679" HPOS="776"/>
							<String ID="string_118" HPOS="798" VPOS="679" WIDTH="39" HEIGHT="21" WC="0.91" CONTENT="och"/><SP WIDTH="22" VPOS="679" HPOS="837"/>
							<String ID="string_119" HPOS="859" VPOS="679" WIDTH="44" HEIGHT="21" WC="0.91" CONTENT="för-"/>
						</TextLine>
						<TextLine ID="line_17" HPOS="80" VPOS="706" WIDTH="824" HEIGHT="29">
							<String ID="string_120" HPOS="80" VPOS="706" WIDTH="60" HEIGHT="21" WC="0.89" CONTENT="valta"/><SP WIDTH="14" VPOS="706" HPOS="140"/>
							<String ID="string_121" HPOS="154" VPOS="706" WIDTH="148" HEIGHT="27" WC="0.91" CONTENT="konkursboet,"/><SP WIDTH="15" VPOS="706" HPOS="302"/>
							<String ID="string_122" HPOS="317" VPOS="709" WIDTH="77" HEIGHT="19" WC="0.92" CONTENT="utsätte"/><SP WIDTH="15" VPOS="709" HPOS="394"/>
							<String ID="string_123" HPOS="409" VPOS="707" WIDTH="59" HEIGHT="22" WC="0.96" CONTENT="såväl"/><SP WIDTH="15" VPOS="707" HPOS="468"/>
							<String ID="string_124" HPOS="483" VPOS="708" WIDTH="41" HEIGHT="27" WC="0.96" CONTENT="dag"/><SP WIDTH="15" VPOS="708" HPOS="524"/>
							<String ID="string_125" HPOS="539" VPOS="708" WIDTH="33" HEIGHT="20" WC="0.96" CONTENT="för"/><SP WIDTH="15" VPOS="708" HPOS="572"/>
							<String ID="string_126" HPOS="587" VPOS="707" WIDTH="34" HEIGHT="22" WC="0.96" CONTENT="val"/><SP WIDTH="15" VPOS="707" HPOS="621"/>
							<String ID="string_127" HPOS="636" VPOS="707" WIDTH="22" HEIGHT="21" WC="0.93" CONTENT="af"/><SP WIDTH="15" VPOS="707" HPOS="658"/>
							<String ID="string_128" HPOS="673" VPOS="708" WIDTH="114" HEIGHT="27" WC="0.92" CONTENT="syssloman"/><SP WIDTH="16" VPOS="708" HPOS="787"/>
							<String ID="string_129" HPOS="803" VPOS="707" WIDTH="40" HEIGHT="21" WC="0.93" CONTENT="och"/><SP WIDTH="13" VPOS="707" HPOS="843"/>
							<String ID="string_130" HPOS="856" VPOS="707" WIDTH="48" HEIGHT="21" WC="0.92" CONTENT="bor-"/>
						</TextLine>
						<TextLine ID="line_18" HPOS="80" VPOS="735" WIDTH="823" HEIGHT="29">
							<String ID="string_131" HPOS="80" VPOS="735" WIDTH="158" HEIGHT="27" WC="0.92" CONTENT="genärsutskott"/><SP WIDTH="14" VPOS="735" HPOS="238"/>
							<String ID="string_132" HPOS="252" VPOS="743" WIDTH="46" HEIGHT="13" WC="0.93" CONTENT="som"/><SP WIDTH="14" VPOS="743" HPOS="298"/>
							<String ID="string_133" HPOS="312" VPOS="736" WIDTH="157" HEIGHT="28" WC="0.85" CONTENT="inställelsedag"/><SP WIDTH="15" VPOS="736" HPOS="469"/>
							<String ID="string_134" HPOS="484" VPOS="736" WIDTH="39" HEIGHT="21" WC="0.93" CONTENT="och"/><SP WIDTH="15" VPOS="736" HPOS="523"/>
							<String ID="string_135" HPOS="538" VPOS="736" WIDTH="134" HEIGHT="28" WC="0.92" CONTENT="uppropsdag"/><SP WIDTH="16" VPOS="736" HPOS="672"/>
							<String ID="string_136" HPOS="688" VPOS="739" WIDTH="54" HEIGHT="18" WC="0.93" CONTENT="samt"/><SP WIDTH="15" VPOS="739" HPOS="742"/>
							<String ID="string_137" HPOS="757" VPOS="735" WIDTH="83" HEIGHT="21" WC="0.93" CONTENT="utfärde"/><SP WIDTH="15" VPOS="735" HPOS="840"/>
							<String ID="string_138" HPOS="855" VPOS="736" WIDTH="48" HEIGHT="20" WC="0.93" CONTENT="här-"/>
						</TextLine>
						<TextLine ID="line_19" HPOS="79" VPOS="764" WIDTH="297" HEIGHT="28">
							<String ID="string_139" HPOS="79" VPOS="770" WIDTH="37" HEIGHT="14" WC="0.95" CONTENT="om"/><SP WIDTH="15" VPOS="770" HPOS="116"/>
							<String ID="string_140" HPOS="131" VPOS="764" WIDTH="99" HEIGHT="27" WC="0.93" CONTENT="offentlig"/><SP WIDTH="15" VPOS="764" HPOS="230"/>
							<String ID="string_141" HPOS="245" VPOS="764" WIDTH="131" HEIGHT="28" WC="0.92" CONTENT="kungörelse."/>
						</TextLine>
					</TextBlock>
					<TextBlock ID="block_8" HPOS="81" VPOS="792" WIDTH="823" HEIGHT="86">
						<TextLine ID="line_20" HPOS="152" VPOS="792" WIDTH="751" HEIGHT="30">
							<String ID="string_142" HPOS="152" VPOS="792" WIDTH="96" HEIGHT="28" WC="0.92" CONTENT="Beslutet"/><SP WIDTH="22" VPOS="792" HPOS="248"/>
							<String ID="string_143" HPOS="270" VPOS="792" WIDTH="54" HEIGHT="22" WC="0.93" CONTENT="skall"/><SP WIDTH="22" VPOS="792" HPOS="324"/>
							<String ID="string_144" HPOS="346" VPOS="793" WIDTH="85" HEIGHT="28" WC="0.92" CONTENT="angifva"/><SP WIDTH="23" VPOS="793" HPOS="431"/>
							<String ID="string_145" HPOS="454" VPOS="794" WIDTH="135" HEIGHT="28" WC="0.92" CONTENT="klockslaget,"/><SP WIDTH="23" VPOS="794" HPOS="589"/>
							<String ID="string_146" HPOS="612" VPOS="793" WIDTH="27" HEIGHT="22" WC="0.96" CONTENT="dä"/><SP WIDTH="15" VPOS="793" HPOS="639"/>
							<String ID="string_147" HPOS="654" VPOS="793" WIDTH="38" HEIGHT="21" WC="0.93" CONTENT="det"/><SP WIDTH="14" VPOS="793" HPOS="692"/>
							<String ID="string_148" HPOS="706" VPOS="793" WIDTH="130" HEIGHT="21" WC="0.93" CONTENT="afkunnades"/><SP WIDTH="16" VPOS="793" HPOS="836"/>
							<String ID="string_149" HPOS="852" VPOS="793" WIDTH="51" HEIGHT="21" WC="0.96" CONTENT="eller"/>
						</TextLine>
						<TextLine ID="line_21" HPOS="82" VPOS="820" WIDTH="822" HEIGHT="30">
							<String ID="string_150" HPOS="82" VPOS="820" WIDTH="54" HEIGHT="29" WC="0.93" CONTENT="gafs."/><SP WIDTH="30" VPOS="820" HPOS="136"/>
							<String ID="string_151" HPOS="166" VPOS="822" WIDTH="32" HEIGHT="20" WC="0.91" CONTENT="Ar"/><SP WIDTH="15" VPOS="822" HPOS="198"/>
							<String ID="string_152" HPOS="213" VPOS="821" WIDTH="75" HEIGHT="21" WC="0.93" CONTENT="sådant"/><SP WIDTH="22" VPOS="821" HPOS="288"/>
							<String ID="string_153" HPOS="310" VPOS="822" WIDTH="119" HEIGHT="26" WC="0.38" CONTENT="uraktilätet,"/><SP WIDTH="15" VPOS="822" HPOS="429"/>
							<String ID="string_154" HPOS="444" VPOS="830" WIDTH="60" HEIGHT="13" WC="0.96" CONTENT="anses"/><SP WIDTH="20" VPOS="830" HPOS="504"/>
							<String ID="string_155" HPOS="524" VPOS="822" WIDTH="118" HEIGHT="22" WC="0.93" CONTENT="konkursen"/><SP WIDTH="16" VPOS="822" HPOS="642"/>
							<String ID="string_156" HPOS="658" VPOS="822" WIDTH="64" HEIGHT="22" WC="0.93" CONTENT="hafva"/><SP WIDTH="15" VPOS="822" HPOS="722"/>
							<String ID="string_157" HPOS="737" VPOS="822" WIDTH="93" HEIGHT="28" WC="0.93" CONTENT="begynnt"/><SP WIDTH="16" VPOS="822" HPOS="830"/>
							<String ID="string_158" HPOS="846" VPOS="822" WIDTH="58" HEIGHT="21" WC="0.90" CONTENT="kloc-"/>
						</TextLine>
						<TextLine ID="line_22" HPOS="81" VPOS="850" WIDTH="227" HEIGHT="28">
							<String ID="string_159" HPOS="81" VPOS="850" WIDTH="42" HEIGHT="21" WC="0.93" CONTENT="kan"/><SP WIDTH="15" VPOS="850" HPOS="123"/>
							<String ID="string_160" HPOS="138" VPOS="850" WIDTH="41" HEIGHT="21" WC="0.92" CONTENT="tolf"/><SP WIDTH="14" VPOS="850" HPOS="179"/>
							<String ID="string_161" HPOS="193" VPOS="850" WIDTH="27" HEIGHT="28" WC="0.96" CONTENT="pä"/><SP WIDTH="16" VPOS="850" HPOS="220"/>
							<String ID="string_162" HPOS="236" VPOS="850" WIDTH="72" HEIGHT="28" WC="0.96" CONTENT="dagen."/>
						</TextLine>
					</TextBlock>
					<TextBlock ID="block_9" HPOS="466" VPOS="897" WIDTH="61" HEIGHT="27">
						<TextLine ID="line_23" HPOS="466" VPOS="897" WIDTH="61" HEIGHT="27">
							<String ID="string_163" HPOS="466" VPOS="898" WIDTH="26" HEIGHT="20" WC="0.88" CONTENT="13"/><SP WIDTH="17" VPOS="898" HPOS="492"/>
							<String ID="string_164" HPOS="509" VPOS="897" WIDTH="18" HEIGHT="27" WC="0.89" CONTENT="&amp;."/>
						</TextLine>
					</TextBlock>
					<TextBlock ID="block_10" HPOS="80" VPOS="935" WIDTH="823" HEIGHT="86">
						<TextLine ID="line_24" HPOS="152" VPOS="935" WIDTH="751" HEIGHT="29">
							<String ID="string_165" HPOS="152" VPOS="935" WIDTH="41" HEIGHT="21" WC="0.92" CONTENT="Till"/><SP WIDTH="16" VPOS="935" HPOS="193"/>
							<String ID="string_166" HPOS="209" VPOS="935" WIDTH="90" HEIGHT="28" WC="0.91" CONTENT="godman"/><SP WIDTH="23" VPOS="935" HPOS="299"/>
							<String ID="string_167" HPOS="322" VPOS="936" WIDTH="38" HEIGHT="21" WC="0.93" CONTENT="bör"/><SP WIDTH="23" VPOS="936" HPOS="360"/>
							<String ID="string_168" HPOS="383" VPOS="938" WIDTH="55" HEIGHT="18" WC="0.93" CONTENT="utses"/><SP WIDTH="16" VPOS="938" HPOS="438"/>
							<String ID="string_169" HPOS="454" VPOS="944" WIDTH="80" HEIGHT="20" WC="0.96" CONTENT="person,"/><SP WIDTH="24" VPOS="944" HPOS="534"/>
							<String ID="string_170" HPOS="558" VPOS="944" WIDTH="43" HEIGHT="13" WC="0.96" CONTENT="som"/><SP WIDTH="15" VPOS="944" HPOS="601"/>
							<String ID="string_171" HPOS="616" VPOS="936" WIDTH="28" HEIGHT="28" WC="0.96" CONTENT="pä"/><SP WIDTH="19" VPOS="936" HPOS="644"/>
							<String ID="string_172" HPOS="663" VPOS="936" WIDTH="69" HEIGHT="27" WC="0.96" CONTENT="grund"/><SP WIDTH="14" VPOS="936" HPOS="732"/>
							<String ID="string_173" HPOS="746" VPOS="936" WIDTH="22" HEIGHT="21" WC="0.97" CONTENT="af"/><SP WIDTH="15" VPOS="936" HPOS="768"/>
							<String ID="string_174" HPOS="783" VPOS="936" WIDTH="120" HEIGHT="28" WC="0.94" CONTENT="utbildning"/>
						</TextLine>
						<TextLine ID="line_25" HPOS="80" VPOS="964" WIDTH="823" HEIGHT="29">
							<String ID="string_175" HPOS="80" VPOS="964" WIDTH="41" HEIGHT="21" WC="0.87" CONTENT="och"/><SP WIDTH="27" VPOS="964" HPOS="121"/>
							<String ID="string_176" HPOS="148" VPOS="964" WIDTH="134" HEIGHT="21" WC="0.57" CONTENT="värksamhet"/><SP WIDTH="25" VPOS="964" HPOS="282"/>
							<String ID="string_177" HPOS="307" VPOS="966" WIDTH="23" HEIGHT="19" WC="0.92" CONTENT="är"/><SP WIDTH="20" VPOS="966" HPOS="330"/>
							<String ID="string_178" HPOS="350" VPOS="964" WIDTH="91" HEIGHT="28" WC="0.96" CONTENT="skicklig"/><SP WIDTH="22" VPOS="964" HPOS="441"/>
							<String ID="string_179" HPOS="463" VPOS="965" WIDTH="40" HEIGHT="21" WC="0.96" CONTENT="och"/><SP WIDTH="26" VPOS="965" HPOS="503"/>
							<String ID="string_180" HPOS="529" VPOS="965" WIDTH="87" HEIGHT="28" WC="0.96" CONTENT="lämplig"/><SP WIDTH="23" VPOS="965" HPOS="616"/>
							<String ID="string_181" HPOS="639" VPOS="968" WIDTH="32" HEIGHT="18" WC="0.90" CONTENT="att"/><SP WIDTH="26" VPOS="968" HPOS="671"/>
							<String ID="string_182" HPOS="697" VPOS="964" WIDTH="122" HEIGHT="22" WC="0.90" CONTENT="handhafva"/><SP WIDTH="24" VPOS="964" HPOS="819"/>
							<String ID="string_183" HPOS="843" VPOS="964" WIDTH="60" HEIGHT="22" WC="0.96" CONTENT="detta"/>
						</TextLine>
						<TextLine ID="line_26" HPOS="82" VPOS="992" WIDTH="102" HEIGHT="29">
							<String ID="string_184" HPOS="82" VPOS="992" WIDTH="102" HEIGHT="29" WC="0.89" CONTENT="uppdrag."/>
						</TextLine>
					</TextBlock>
					<TextBlock ID="block_11" HPOS="82" VPOS="1021" WIDTH="825" HEIGHT="57">
						<TextLine ID="line_27" HPOS="152" VPOS="1021" WIDTH="755" HEIGHT="29">
							<String ID="string_185" HPOS="152" VPOS="1021" WIDTH="26" HEIGHT="28" WC="0.94" CONTENT="Ej"/><SP WIDTH="17" VPOS="1021" HPOS="178"/>
							<String ID="string_186" HPOS="195" VPOS="1021" WIDTH="34" HEIGHT="21" WC="0.96" CONTENT="mä"/><SP WIDTH="9" VPOS="1021" HPOS="229"/>
							<String ID="string_187" HPOS="238" VPOS="1021" WIDTH="33" HEIGHT="21" WC="0.93" CONTENT="till"/><SP WIDTH="10" VPOS="1021" HPOS="271"/>
							<String ID="string_188" HPOS="281" VPOS="1021" WIDTH="91" HEIGHT="28" WC="0.92" CONTENT="godman"/><SP WIDTH="15" VPOS="1021" HPOS="372"/>
							<String ID="string_189" HPOS="387" VPOS="1021" WIDTH="109" HEIGHT="21" WC="0.95" CONTENT="förordnas"/><SP WIDTH="16" VPOS="1021" HPOS="496"/>
							<String ID="string_190" HPOS="512" VPOS="1022" WIDTH="76" HEIGHT="20" WC="0.93" CONTENT="allmän"/><SP WIDTH="15" VPOS="1022" HPOS="588"/>
							<String ID="string_191" HPOS="603" VPOS="1022" WIDTH="103" HEIGHT="28" WC="0.93" CONTENT="åklagare,"/><SP WIDTH="16" VPOS="1022" HPOS="706"/>
							<String ID="string_192" HPOS="722" VPOS="1022" WIDTH="185" HEIGHT="27" WC="0.92" CONTENT="utmätningsman,"/>
						</TextLine>
						<TextLine ID="line_28" HPOS="82" VPOS="1050" WIDTH="403" HEIGHT="28">
							<String ID="string_193" HPOS="82" VPOS="1050" WIDTH="181" HEIGHT="28" WC="0.92" CONTENT="polistjänsteman"/><SP WIDTH="16" VPOS="1050" HPOS="263"/>
							<String ID="string_194" HPOS="279" VPOS="1050" WIDTH="51" HEIGHT="21" WC="0.93" CONTENT="eller"/><SP WIDTH="14" VPOS="1050" HPOS="330"/>
							<String ID="string_195" HPOS="344" VPOS="1050" WIDTH="141" HEIGHT="28" WC="0.92" CONTENT="polisbetjänt."/>
						</TextLine>
					</TextBlock>
				</ComposedBlock>
				<ComposedBlock ID="cblock_4" HPOS="83" VPOS="1108" WIDTH="824" HEIGHT="96">
					<TextBlock ID="block_12" HPOS="83" VPOS="1108" WIDTH="824" HEIGHT="96">
						<TextLine ID="line_29" HPOS="466" VPOS="1108" WIDTH="60" HEIGHT="27">
							<String ID="string_196" HPOS="466" VPOS="1108" WIDTH="27" HEIGHT="20" WC="0.91" CONTENT="14"/><SP WIDTH="16" VPOS="1108" HPOS="493"/>
							<String ID="string_197" HPOS="509" VPOS="1109" WIDTH="17" HEIGHT="26" WC="0.83" CONTENT="8."/>
						</TextLine>
						<TextLine ID="line_30" HPOS="153" VPOS="1147" WIDTH="753" HEIGHT="28">
							<String ID="string_198" HPOS="153" VPOS="1147" WIDTH="42" HEIGHT="20" WC="0.95" CONTENT="Val"/><SP WIDTH="17" VPOS="1147" HPOS="195"/>
							<String ID="string_199" HPOS="212" VPOS="1147" WIDTH="23" HEIGHT="21" WC="0.93" CONTENT="af"/><SP WIDTH="13" VPOS="1147" HPOS="235"/>
							<String ID="string_200" HPOS="248" VPOS="1147" WIDTH="116" HEIGHT="28" WC="0.92" CONTENT="syssloman"/><SP WIDTH="22" VPOS="1147" HPOS="364"/>
							<String ID="string_201" HPOS="386" VPOS="1147" WIDTH="39" HEIGHT="22" WC="0.93" CONTENT="och"/><SP WIDTH="16" VPOS="1147" HPOS="425"/>
							<String ID="string_202" HPOS="441" VPOS="1147" WIDTH="193" HEIGHT="28" WC="0.92" CONTENT="borgenärsutskott"/><SP WIDTH="22" VPOS="1147" HPOS="634"/>
							<String ID="string_203" HPOS="656" VPOS="1149" WIDTH="88" HEIGHT="19" WC="0.90" CONTENT="utsättes"/><SP WIDTH="16" VPOS="1149" HPOS="744"/>
							<String ID="string_204" HPOS="760" VPOS="1150" WIDTH="32" HEIGHT="18" WC="0.93" CONTENT="att"/><SP WIDTH="15" VPOS="1150" HPOS="792"/>
							<String ID="string_205" HPOS="807" VPOS="1155" WIDTH="38" HEIGHT="20" WC="0.92" CONTENT="ega"/><SP WIDTH="15" VPOS="1155" HPOS="845"/>
							<String ID="string_206" HPOS="860" VPOS="1155" WIDTH="46" HEIGHT="13" WC="0.96" CONTENT="rum"/>
						</TextLine>
						<TextLine ID="line_31" HPOS="83" VPOS="1175" WIDTH="824" HEIGHT="29">
							<String ID="string_207" HPOS="83" VPOS="1175" WIDTH="14" HEIGHT="21" WC="0.91" CONTENT="å"/><SP WIDTH="16" VPOS="1175" HPOS="97"/>
							<String ID="string_208" HPOS="113" VPOS="1177" WIDTH="43" HEIGHT="20" WC="0.93" CONTENT="viss"/><SP WIDTH="20" VPOS="1177" HPOS="156"/>
							<String ID="string_209" HPOS="176" VPOS="1176" WIDTH="163" HEIGHT="28" WC="0.90" CONTENT="rättegängsdag"/><SP WIDTH="15" VPOS="1176" HPOS="339"/>
							<String ID="string_210" HPOS="354" VPOS="1178" WIDTH="46" HEIGHT="19" WC="0.96" CONTENT="näst"/><SP WIDTH="14" VPOS="1178" HPOS="400"/>
							<String ID="string_211" HPOS="414" VPOS="1175" WIDTH="55" HEIGHT="22" WC="0.96" CONTENT="efter"/><SP WIDTH="14" VPOS="1175" HPOS="469"/>
							<String ID="string_212" HPOS="483" VPOS="1179" WIDTH="32" HEIGHT="18" WC="0.96" CONTENT="tre"/><SP WIDTH="15" VPOS="1179" HPOS="515"/>
							<String ID="string_213" HPOS="530" VPOS="1177" WIDTH="40" HEIGHT="20" WC="0.95" CONTENT="och"/><SP WIDTH="14" VPOS="1177" HPOS="570"/>
							<String ID="string_214" HPOS="584" VPOS="1177" WIDTH="56" HEIGHT="20" WC="0.96" CONTENT="inom"/><SP WIDTH="16" VPOS="1177" HPOS="640"/>
							<String ID="string_215" HPOS="656" VPOS="1176" WIDTH="42" HEIGHT="21" WC="0.93" CONTENT="fem"/><SP WIDTH="15" VPOS="1176" HPOS="698"/>
							<String ID="string_216" HPOS="713" VPOS="1176" WIDTH="83" HEIGHT="21" WC="0.93" CONTENT="veckor."/><SP WIDTH="33" VPOS="1176" HPOS="796"/>
							<String ID="string_217" HPOS="829" VPOS="1175" WIDTH="78" HEIGHT="29" WC="0.92" CONTENT="Uppgä"/>
						</TextLine>
					</TextBlock>
				</ComposedBlock>
				<ComposedBlock ID="cblock_5" HPOS="84" VPOS="1204" WIDTH="822" HEIGHT="57">
					<TextBlock ID="block_13" HPOS="84" VPOS="1204" WIDTH="822" HEIGHT="57">
						<TextLine ID="line_32" HPOS="85" VPOS="1204" WIDTH="821" HEIGHT="29">
							<String ID="string_218" HPOS="85" VPOS="1205" WIDTH="19" HEIGHT="27" WC="0.93" CONTENT="ej"/><SP WIDTH="16" VPOS="1205" HPOS="104"/>
							<String ID="string_219" HPOS="120" VPOS="1204" WIDTH="152" HEIGHT="21" WC="0.92" CONTENT="konkursboets"/><SP WIDTH="22" VPOS="1204" HPOS="272"/>
							<String ID="string_220" HPOS="294" VPOS="1205" WIDTH="112" HEIGHT="28" WC="0.94" CONTENT="tillgångar"/><SP WIDTH="20" VPOS="1205" HPOS="406"/>
							<String ID="string_221" HPOS="426" VPOS="1205" WIDTH="32" HEIGHT="21" WC="0.93" CONTENT="till"/><SP WIDTH="24" VPOS="1205" HPOS="458"/>
							<String ID="string_222" HPOS="482" VPOS="1205" WIDTH="103" HEIGHT="21" WC="0.92" CONTENT="femtusen"/><SP WIDTH="15" VPOS="1205" HPOS="585"/>
							<String ID="string_223" HPOS="600" VPOS="1205" WIDTH="66" HEIGHT="24" WC="0.93" CONTENT="mark,"/><SP WIDTH="22" VPOS="1205" HPOS="666"/>
							<String ID="string_224" HPOS="688" VPOS="1206" WIDTH="89" HEIGHT="20" WC="0.93" CONTENT="utsättes"/><SP WIDTH="23" VPOS="1206" HPOS="777"/>
							<String ID="string_225" HPOS="800" VPOS="1205" WIDTH="57" HEIGHT="20" WC="0.96" CONTENT="valet"/><SP WIDTH="17" VPOS="1205" HPOS="857"/>
							<String ID="string_226" HPOS="874" VPOS="1204" WIDTH="32" HEIGHT="21" WC="0.96" CONTENT="till"/>
						</TextLine>
						<TextLine ID="line_33" HPOS="84" VPOS="1233" WIDTH="191" HEIGHT="28">
							<String ID="string_227" HPOS="84" VPOS="1233" WIDTH="191" HEIGHT="28" WC="0.92" CONTENT="inställelsedagen."/>
						</TextLine>
					</TextBlock>
				</ComposedBlock>
				<ComposedBlock ID="cblock_6" HPOS="86" VPOS="1279" WIDTH="825" HEIGHT="267">
					<TextBlock ID="block_14" HPOS="471" VPOS="1279" WIDTH="60" HEIGHT="26">
						<TextLine ID="line_34" HPOS="471" VPOS="1279" WIDTH="60" HEIGHT="26">
							<String ID="string_228" HPOS="471" VPOS="1280" WIDTH="25" HEIGHT="19" WC="0.91" CONTENT="15"/><SP WIDTH="17" VPOS="1280" HPOS="496"/>
							<String ID="string_229" HPOS="513" VPOS="1279" WIDTH="18" HEIGHT="26" WC="0.54" CONTENT="8."/>
						</TextLine>
					</TextBlock>
					<TextBlock ID="block_15" HPOS="86" VPOS="1317" WIDTH="823" HEIGHT="141">
						<TextLine ID="line_35" HPOS="155" VPOS="1317" WIDTH="753" HEIGHT="30">
							<String ID="string_230" HPOS="155" VPOS="1319" WIDTH="43" HEIGHT="20" WC="0.86" CONTENT="För"/><SP WIDTH="22" VPOS="1319" HPOS="198"/>
							<String ID="string_231" HPOS="220" VPOS="1319" WIDTH="114" HEIGHT="20" WC="0.93" CONTENT="inställelse"/><SP WIDTH="22" VPOS="1319" HPOS="334"/>
							<String ID="string_232" HPOS="356" VPOS="1318" WIDTH="40" HEIGHT="21" WC="0.91" CONTENT="och"/><SP WIDTH="22" VPOS="1318" HPOS="396"/>
							<String ID="string_233" HPOS="418" VPOS="1326" WIDTH="82" HEIGHT="21" WC="0.86" CONTENT="upprop"/><SP WIDTH="22" VPOS="1326" HPOS="500"/>
							<String ID="string_234" HPOS="522" VPOS="1321" WIDTH="88" HEIGHT="18" WC="0.90" CONTENT="utsättes"/><SP WIDTH="15" VPOS="1321" HPOS="610"/>
							<String ID="string_235" HPOS="625" VPOS="1319" WIDTH="43" HEIGHT="20" WC="0.96" CONTENT="viss"/><SP WIDTH="15" VPOS="1319" HPOS="668"/>
							<String ID="string_236" HPOS="683" VPOS="1318" WIDTH="47" HEIGHT="28" WC="0.96" CONTENT="dag,"/><SP WIDTH="15" VPOS="1318" HPOS="730"/>
							<String ID="string_237" HPOS="745" VPOS="1317" WIDTH="34" HEIGHT="21" WC="0.96" CONTENT="för"/><SP WIDTH="15" VPOS="1317" HPOS="779"/>
							<String ID="string_238" HPOS="794" VPOS="1318" WIDTH="41" HEIGHT="21" WC="0.93" CONTENT="den"/><SP WIDTH="16" VPOS="1318" HPOS="835"/>
							<String ID="string_239" HPOS="851" VPOS="1318" WIDTH="57" HEIGHT="21" WC="0.96" CONTENT="förra"/>
						</TextLine>
						<TextLine ID="line_36" HPOS="87" VPOS="1346" WIDTH="822" HEIGHT="29">
							<String ID="string_240" HPOS="87" VPOS="1347" WIDTH="55" HEIGHT="20" WC="0.93" CONTENT="efter"/><SP WIDTH="15" VPOS="1347" HPOS="142"/>
							<String ID="string_241" HPOS="157" VPOS="1347" WIDTH="36" HEIGHT="22" WC="0.92" CONTENT="tvä"/><SP WIDTH="14" VPOS="1347" HPOS="193"/>
							<String ID="string_242" HPOS="207" VPOS="1347" WIDTH="33" HEIGHT="20" WC="0.93" CONTENT="till"/><SP WIDTH="15" VPOS="1347" HPOS="240"/>
							<String ID="string_243" HPOS="255" VPOS="1347" WIDTH="46" HEIGHT="28" WC="0.92" CONTENT="fyra"/><SP WIDTH="15" VPOS="1347" HPOS="301"/>
							<String ID="string_244" HPOS="316" VPOS="1347" WIDTH="56" HEIGHT="26" WC="0.96" CONTENT="eller,"/><SP WIDTH="15" VPOS="1347" HPOS="372"/>
							<String ID="string_245" HPOS="387" VPOS="1347" WIDTH="38" HEIGHT="20" WC="0.96" CONTENT="där"/><SP WIDTH="15" VPOS="1347" HPOS="425"/>
							<String ID="string_246" HPOS="440" VPOS="1347" WIDTH="70" HEIGHT="27" WC="0.96" CONTENT="längre"/><SP WIDTH="15" VPOS="1347" HPOS="510"/>
							<String ID="string_247" HPOS="525" VPOS="1347" WIDTH="32" HEIGHT="21" WC="0.93" CONTENT="tid"/><SP WIDTH="15" VPOS="1347" HPOS="557"/>
							<String ID="string_248" HPOS="572" VPOS="1347" WIDTH="166" HEIGHT="27" WC="0.91" CONTENT="oundgängligen"/><SP WIDTH="20" VPOS="1347" HPOS="738"/>
							<String ID="string_249" HPOS="758" VPOS="1346" WIDTH="83" HEIGHT="22" WC="0.92" CONTENT="kräfves"/><SP WIDTH="16" VPOS="1346" HPOS="841"/>
							<String ID="string_250" HPOS="857" VPOS="1346" WIDTH="52" HEIGHT="21" WC="0.97" CONTENT="eller"/>
						</TextLine>
						<TextLine ID="line_37" HPOS="86" VPOS="1374" WIDTH="823" HEIGHT="29">
							<String ID="string_251" HPOS="86" VPOS="1375" WIDTH="14" HEIGHT="20" WC="0.89" CONTENT="ä"/><SP WIDTH="14" VPOS="1375" HPOS="100"/>
							<String ID="string_252" HPOS="114" VPOS="1375" WIDTH="73" HEIGHT="21" WC="0.93" CONTENT="landet"/><SP WIDTH="21" VPOS="1375" HPOS="187"/>
							<String ID="string_253" HPOS="208" VPOS="1375" WIDTH="76" HEIGHT="21" WC="0.94" CONTENT="urtima"/><SP WIDTH="23" VPOS="1375" HPOS="284"/>
							<String ID="string_254" HPOS="307" VPOS="1376" WIDTH="45" HEIGHT="25" WC="0.93" CONTENT="ting"/><SP WIDTH="16" VPOS="1376" HPOS="352"/>
							<String ID="string_255" HPOS="368" VPOS="1375" WIDTH="49" HEIGHT="28" WC="0.92" CONTENT="eljes"/><SP WIDTH="15" VPOS="1375" HPOS="417"/>
							<String ID="string_256" HPOS="432" VPOS="1375" WIDTH="66" HEIGHT="22" WC="0.93" CONTENT="borde"/><SP WIDTH="22" VPOS="1375" HPOS="498"/>
							<String ID="string_257" HPOS="520" VPOS="1375" WIDTH="66" HEIGHT="22" WC="0.96" CONTENT="hållas"/><SP WIDTH="16" VPOS="1375" HPOS="586"/>
							<String ID="string_258" HPOS="602" VPOS="1383" WIDTH="48" HEIGHT="13" WC="0.93" CONTENT="men"/><SP WIDTH="14" VPOS="1383" HPOS="650"/>
							<String ID="string_259" HPOS="664" VPOS="1375" WIDTH="48" HEIGHT="21" WC="0.91" CONTENT="icke"/><SP WIDTH="15" VPOS="1375" HPOS="712"/>
							<String ID="string_260" HPOS="727" VPOS="1374" WIDTH="86" HEIGHT="29" WC="0.93" CONTENT="pröfvas"/><SP WIDTH="15" VPOS="1374" HPOS="813"/>
							<String ID="string_261" HPOS="828" VPOS="1375" WIDTH="81" HEIGHT="27" WC="0.92" CONTENT="nödigt,"/>
						</TextLine>
						<TextLine ID="line_38" HPOS="87" VPOS="1403" WIDTH="822" HEIGHT="27">
							<String ID="string_262" HPOS="87" VPOS="1410" WIDTH="37" HEIGHT="13" WC="0.93" CONTENT="sex"/><SP WIDTH="15" VPOS="1410" HPOS="124"/>
							<String ID="string_263" HPOS="139" VPOS="1403" WIDTH="100" HEIGHT="21" WC="0.90" CONTENT="mänader"/><SP WIDTH="15" VPOS="1403" HPOS="239"/>
							<String ID="string_264" HPOS="254" VPOS="1403" WIDTH="46" HEIGHT="20" WC="0.92" CONTENT="frän"/><SP WIDTH="15" VPOS="1403" HPOS="300"/>
							<String ID="string_265" HPOS="315" VPOS="1403" WIDTH="129" HEIGHT="21" WC="0.92" CONTENT="konkursens"/><SP WIDTH="16" VPOS="1403" HPOS="444"/>
							<String ID="string_266" HPOS="460" VPOS="1403" WIDTH="78" HEIGHT="27" WC="0.96" CONTENT="början,"/><SP WIDTH="14" VPOS="1403" HPOS="538"/>
							<String ID="string_267" HPOS="552" VPOS="1406" WIDTH="56" HEIGHT="17" WC="0.96" CONTENT="samt"/><SP WIDTH="13" VPOS="1406" HPOS="608"/>
							<String ID="string_268" HPOS="621" VPOS="1403" WIDTH="35" HEIGHT="20" WC="0.93" CONTENT="för"/><SP WIDTH="9" VPOS="1403" HPOS="656"/>
							<String ID="string_269" HPOS="665" VPOS="1405" WIDTH="105" HEIGHT="25" WC="0.90" CONTENT="uppropet"/><SP WIDTH="14" VPOS="1405" HPOS="770"/>
							<String ID="string_270" HPOS="784" VPOS="1403" WIDTH="88" HEIGHT="26" WC="0.91" CONTENT="tidigast"/><SP WIDTH="10" VPOS="1403" HPOS="872"/>
							<String ID="string_271" HPOS="882" VPOS="1409" WIDTH="27" HEIGHT="14" WC="0.96" CONTENT="en"/>
						</TextLine>
						<TextLine ID="line_39" HPOS="87" VPOS="1430" WIDTH="605" HEIGHT="28">
							<String ID="string_272" HPOS="87" VPOS="1431" WIDTH="40" HEIGHT="21" WC="0.96" CONTENT="och"/><SP WIDTH="15" VPOS="1431" HPOS="127"/>
							<String ID="string_273" HPOS="142" VPOS="1434" WIDTH="71" HEIGHT="18" WC="0.93" CONTENT="senast"/><SP WIDTH="14" VPOS="1434" HPOS="213"/>
							<String ID="string_274" HPOS="227" VPOS="1431" WIDTH="38" HEIGHT="21" WC="0.97" CONTENT="två"/><SP WIDTH="15" VPOS="1431" HPOS="265"/>
							<String ID="string_275" HPOS="280" VPOS="1431" WIDTH="100" HEIGHT="22" WC="0.96" CONTENT="månader"/><SP WIDTH="15" VPOS="1431" HPOS="380"/>
							<String ID="string_276" HPOS="395" VPOS="1431" WIDTH="54" HEIGHT="21" WC="0.93" CONTENT="efter"/><SP WIDTH="14" VPOS="1431" HPOS="449"/>
							<String ID="string_277" HPOS="463" VPOS="1431" WIDTH="188" HEIGHT="27" WC="0.30" CONTENT="inställelsedagen."/><SP WIDTH="36" VPOS="1431" HPOS="651"/>
							<String ID="string_278" HPOS="687" VPOS="1430" WIDTH="5" HEIGHT="4" WC="0.40" CONTENT="”"/>
						</TextLine>
					</TextBlock>
					<TextBlock ID="block_16" HPOS="86" VPOS="1459" WIDTH="825" HEIGHT="87">
						<TextLine ID="line_40" HPOS="157" VPOS="1459" WIDTH="754" HEIGHT="28">
							<String ID="string_279" HPOS="157" VPOS="1459" WIDTH="78" HEIGHT="22" WC="0.91" CONTENT="Finnas"/><SP WIDTH="16" VPOS="1459" HPOS="235"/>
							<String ID="string_280" HPOS="251" VPOS="1459" WIDTH="74" HEIGHT="22" WC="0.93" CONTENT="endast"/><SP WIDTH="15" VPOS="1459" HPOS="325"/>
							<String ID="string_281" HPOS="340" VPOS="1459" WIDTH="22" HEIGHT="22" WC="0.92" CONTENT="fä"/><SP WIDTH="15" VPOS="1459" HPOS="362"/>
							<String ID="string_282" HPOS="377" VPOS="1459" WIDTH="131" HEIGHT="28" WC="0.89" CONTENT="borgenärer,"/><SP WIDTH="15" VPOS="1459" HPOS="508"/>
							<String ID="string_283" HPOS="523" VPOS="1459" WIDTH="41" HEIGHT="22" WC="0.93" CONTENT="kan"/><SP WIDTH="14" VPOS="1459" HPOS="564"/>
							<String ID="string_284" HPOS="578" VPOS="1459" WIDTH="117" HEIGHT="22" WC="0.92" CONTENT="domstolen"/><SP WIDTH="16" VPOS="1459" HPOS="695"/>
							<String ID="string_285" HPOS="711" VPOS="1461" WIDTH="79" HEIGHT="19" WC="0.92" CONTENT="utsätta"/><SP WIDTH="14" VPOS="1461" HPOS="790"/>
							<String ID="string_286" HPOS="804" VPOS="1462" WIDTH="107" HEIGHT="25" WC="0.91" CONTENT="uppropet"/>
						</TextLine>
						<TextLine ID="line_41" HPOS="86" VPOS="1487" WIDTH="824" HEIGHT="30">
							<String ID="string_287" HPOS="86" VPOS="1491" WIDTH="34" HEIGHT="18" WC="0.92" CONTENT="att"/><SP WIDTH="16" VPOS="1491" HPOS="120"/>
							<String ID="string_288" HPOS="136" VPOS="1496" WIDTH="38" HEIGHT="21" WC="0.92" CONTENT="ega"/><SP WIDTH="24" VPOS="1496" HPOS="174"/>
							<String ID="string_289" HPOS="198" VPOS="1496" WIDTH="46" HEIGHT="14" WC="0.95" CONTENT="rum"/><SP WIDTH="20" VPOS="1496" HPOS="244"/>
							<String ID="string_290" HPOS="264" VPOS="1489" WIDTH="7" HEIGHT="20" WC="0.95" CONTENT="i"/><SP WIDTH="21" VPOS="1489" HPOS="271"/>
							<String ID="string_291" HPOS="292" VPOS="1488" WIDTH="102" HEIGHT="22" WC="0.96" CONTENT="samband"/><SP WIDTH="24" VPOS="1488" HPOS="394"/>
							<String ID="string_292" HPOS="418" VPOS="1488" WIDTH="49" HEIGHT="22" WC="0.93" CONTENT="med"/><SP WIDTH="21" VPOS="1488" HPOS="467"/>
							<String ID="string_293" HPOS="488" VPOS="1488" WIDTH="183" HEIGHT="28" WC="0.92" CONTENT="inställelsedagen"/><SP WIDTH="23" VPOS="1488" HPOS="671"/>
							<String ID="string_294" HPOS="694" VPOS="1488" WIDTH="50" HEIGHT="21" WC="0.93" CONTENT="eller"/><SP WIDTH="13" VPOS="1488" HPOS="744"/>
							<String ID="string_295" HPOS="757" VPOS="1489" WIDTH="12" HEIGHT="20" WC="0.93" CONTENT="&amp;"/><SP WIDTH="17" VPOS="1489" HPOS="769"/>
							<String ID="string_296" HPOS="786" VPOS="1487" WIDTH="68" HEIGHT="29" WC="0.92" CONTENT="någon"/><SP WIDTH="25" VPOS="1487" HPOS="854"/>
							<String ID="string_297" HPOS="879" VPOS="1489" WIDTH="31" HEIGHT="20" WC="0.86" CONTENT="föl-"/>
						</TextLine>
						<TextLine ID="line_42" HPOS="87" VPOS="1517" WIDTH="127" HEIGHT="29">
							<String ID="string_298" HPOS="87" VPOS="1517" WIDTH="65" HEIGHT="29" WC="0.89" CONTENT="jande"/><SP WIDTH="15" VPOS="1517" HPOS="152"/>
							<String ID="string_299" HPOS="167" VPOS="1517" WIDTH="47" HEIGHT="28" WC="0.95" CONTENT="dag."/>
						</TextLine>
					</TextBlock>
				</ComposedBlock>
				<ComposedBlock ID="cblock_7" HPOS="124" VPOS="1573" WIDTH="4" HEIGHT="7">
					<TextBlock ID="block_17" HPOS="124" VPOS="1573" WIDTH="4" HEIGHT="7">
						<TextLine ID="line_43" HPOS="124" VPOS="1573" WIDTH="4" HEIGHT="7">
							<String ID="string_300" HPOS="124" VPOS="1573" WIDTH="4" HEIGHT="7" WC="0.96" CONTENT="N"/>
						</TextLine>
					</TextBlock>
				</ComposedBlock>
				<GraphicalElement ID="cblock_8" HPOS="1104" VPOS="0" WIDTH="2" HEIGHT="318"></GraphicalElement >
			</PrintSpace>
		</Page>
	</Layout>
</alto>
