1111 1773
84 135 27 16 29
124 139 19 16 p.
154 135 80 20 jouluk.
327 136 90 16 Suomen
428 136 244 21 metsänhoitoyhdistys.
862 130 40 21 391

84 203 45 21 dels
155 203 136 28 användning
315 203 125 28 föreningen
462 205 81 26 årligen
568 205 31 20 till
621 205 230 26 landtbruksstyrelsen
873 204 29 21 af-

83 232 82 21 lämnat
179 233 144 26 redovisning.
345 233 33 20 Då
393 233 41 21 den
449 233 37 25 tid,
501 233 33 21 för
544 233 83 21 hvilken
639 233 26 21 de
675 232 160 27 ifrågavarande
845 233 58 21 med-

83 260 35 21 len
140 260 22 21 af
178 261 113 26 kejserliga
307 263 87 19 senaten
411 261 103 26 beviljats,
530 261 44 27 gått
589 261 30 21 till
635 261 59 25 ända,
711 261 86 27 gjordes
813 261 12 21 &
839 260 64 22 forst-

83 288 136 27 föreningens
243 291 79 24 vägnar
345 289 120 27 ansökning
486 290 73 21 därom
579 292 32 19 att
628 289 46 22 frän
691 289 39 22 och
745 290 48 21 med
809 289 22 21 är
848 289 55 21 1904

84 316 22 21 af
127 317 65 26 sagda
213 317 75 27 anslag
303 320 30 18 ett
356 317 76 28 belopp
448 317 23 22 af
483 318 64 24 5,000
561 318 60 21 mark
636 324 34 15 om
686 318 46 21 året
746 317 70 22 blefve
831 317 72 22 ställdt

85 345 32 22 till
131 345 137 27 föreningens
284 346 127 27 disposition
426 347 7 20 i
449 346 38 22 och
503 346 32 21 för
551 346 143 27 befrämjande
708 346 23 21 af
743 352 27 15 en
785 346 118 21 förbättrad

85 374 119 28 skogsvärd
225 375 7 21 i
255 375 26 21 de
303 375 83 27 privata
408 375 112 28 skogarna,
541 381 47 16 men
605 375 26 22 dä
645 375 96 27 anslaget
755 375 76 21 hösten
849 375 53 21 1903

85 403 160 26 omfördelades,
261 403 102 28 indrogos
379 404 26 21 de
420 404 62 25 4,500
497 404 65 27 mark,
577 403 71 22 hvilka
663 404 88 27 tidigare
766 403 54 22 hade
836 403 67 22 tillde-

84 432 41 21 lats
146 432 180 28 forstföreningen
349 432 32 22 för
404 433 124 21 ändamälet.
557 433 97 27 Förnyad
676 433 97 21 anhällan
795 433 7 20 i
823 438 81 15 samma

85 461 55 27 syfte
162 461 85 27 gjordes
266 461 7 21 i
284 461 86 27 januari
386 461 55 22 1904
455 462 68 21 under
538 461 123 28 påpekande
676 461 23 22 af
711 461 192 27 forstföreningens

85 489 135 22 värksamhet
241 489 33 22 för
296 490 132 22 utbredande
447 490 23 22 af
482 491 97 26 kunskap
595 491 6 20 i
617 490 120 27 plantering
751 490 39 21 och
806 490 53 21 sädd
874 489 29 22 äf-

85 524 89 16 vensom
196 518 22 22 af
239 519 40 21 den
295 519 163 27 omständighet,
476 521 32 20 att
522 519 122 27 föreningen
662 525 76 21 genom
754 525 26 14 en
797 519 106 20 »Metsän-

84 547 96 26 ystäväin
203 553 74 16 seura»
301 548 92 21 benämd
415 547 49 22 filial
486 548 48 21 med
552 548 35 27 låg
601 547 164 27 medlemsafgift
779 547 40 21 fått
835 549 68 19 större

85 575 214 22 värksamhetskrets.
328 576 84 21 Jämväl
432 577 70 20 denna
524 576 100 27 förnyade
647 576 97 21 anhållan
759 577 62 20 rönte
836 575 67 27 afslag

84 604 46 21 frän
147 604 113 27 kejserliga
275 606 99 20 senatens
390 605 51 21 sida.

154 633 126 26 Orsakerna,
296 634 27 26 pä
339 633 69 27 grund
427 633 22 21 af
464 633 72 22 hvilka
545 633 70 22 finska
624 633 178 26 forstföreningen
814 633 89 20 sälunda

84 661 120 28 förvägrats
227 662 36 21 det
285 662 122 25 understöd,
429 662 81 21 hvilket
532 668 76 21 genom
628 662 60 21 Hans
704 661 119 28 Kejserliga
838 661 65 27 Maje-

85 692 53 19 stäts
161 689 62 22 ofvan
245 691 78 21 nämda
345 691 76 25 nädiga
443 691 48 21 bref
504 691 53 21 dock
573 697 62 20 synes
651 690 63 21 hafva
728 690 68 21 blifvit
811 689 92 22 förenin-

85 725 40 20 gen
147 719 158 23 tillförsäkradt,
327 721 37 19 äro
385 719 45 21 icke
448 719 88 22 anförda
552 720 38 21 och
606 719 65 27 nägra
686 719 80 26 sakliga
781 719 46 20 skäl
843 718 60 21 torde

84 748 8 20 i
106 747 64 27 ingen
185 747 102 22 händelse
301 747 108 28 föreligga.

152 776 73 28 Enligt
249 776 32 22 för
303 776 71 22 finska
396 776 179 28 forstföreningen
599 776 152 27 öfverhetligen
774 775 129 22 stadfästade

85 805 86 27 stadgar
185 805 38 21 har
237 806 124 20 densamma
376 805 31 22 till
422 806 97 20 ändamä]
534 808 31 18 att
581 805 98 21 befordra
694 812 25 14 en
736 806 97 20 närmare
848 810 54 16 sam-

83 834 79 21 värkan
185 833 22 21 af
227 834 82 21 landets
329 833 109 27 forstmän,
451 834 119 27 jordägare,
586 834 142 27 skogsnäring
741 833 92 21 idkande
848 835 55 19 samt

84 862 68 27 öfriga
161 862 33 21 för
205 862 169 27 skogsväsendet
383 863 144 21 intresserade
540 863 144 26 medborgare,
695 862 89 21 sålunda
795 862 108 27 skapande

83 891 43 26 håg
137 891 39 21 och
192 891 97 21 väckelse
303 891 33 21 för
351 897 25 15 en
393 891 69 21 bättre
478 891 206 27 skogshushållning.

152 925 43 22 För
209 927 31 20 att
255 925 7 21 i
277 925 70 27 någon
363 925 48 22 mån
429 926 49 26 visa,
494 925 55 22 huru
563 925 125 27 föreningen
700 924 85 27 fullföljt
797 925 58 21 detta
866 924 37 21 sitt

84 953 102 28 syftemål,
202 954 34 21 må
254 954 90 26 anföras,
364 957 31 18 att
409 954 136 27 föreningens
560 954 136 22 värksamhet
710 956 67 25 yttrar
792 953 33 27 sig
840 953 63 22 bland

83 985 76 19 annat:

153 1017 7 22 i
176 1017 133 28 utgifvandet
323 1017 23 22 af
360 1017 90 26 skrifter,
465 1017 23 22 af
500 1017 71 22 hvilka
587 1017 214 26 »Forstföreningens
817 1016 85 21 Medde-

83 1046 90 21 landen»
197 1053 29 14 nu
248 1047 84 26 tryckas
350 1047 8 20 i
375 1047 37 20 sitt
427 1047 69 20 21:sta
511 1047 55 21 band
581 1046 40 21 och
636 1045 119 22 tidskriften
773 1045 130 26 >Metsänys-

84 1077 60 19 tävä»
169 1075 139 27 regelbundet
323 1075 113 21 utkommit
457 1075 65 21 sedan
543 1075 23 21 år
583 1075 54 21 1895
652 1075 6 20 i
674 1073 40 22 tolf
727 1073 71 22 häften
817 1073 86 27 årligen,

85 1106 55 19 samt
155 1104 50 21 dess
220 1103 103 28 populära
339 1103 228 27 skogshushållningen
583 1103 91 21 rörande
684 1102 139 23 ströskrifter,
833 1101 70 22 hvilka

85 1132 80 27 spridts
180 1133 7 20 i
202 1131 58 22 öfver
276 1132 77 26 30,000
367 1131 117 28 exemplar;

152 1167 7 20 i
178 1166 209 21 tillhandahållandet
401 1166 22 21 åt
438 1165 96 22 enskilda
549 1166 130 27 skogsägare
694 1165 22 21 af
730 1165 94 26 kunniga
838 1165 64 20 biträ-

84 1195 41 21 den
140 1195 36 21 vid
190 1195 163 26 skogskulturer
369 1194 38 22 och
422 1195 67 20 andra
503 1194 97 27 forstliga
615 1194 96 22 arbeten;

153 1229 7 20 i
182 1229 147 21 anordnandet
352 1228 22 21 af
387 1228 144 27 skogssådder
546 1228 38 22 och
600 1228 143 27 planteringar
759 1228 36 21 vid
809 1227 93 22 folksko-

84 1257 32 22 lor
137 1257 33 22 för
191 1259 31 20 att
237 1257 90 22 sålunda
341 1257 39 21 hos
397 1257 79 21 barnen
492 1257 65 22 väcka
571 1257 91 21 intresse
677 1257 33 20 för
726 1257 80 26 skogen
821 1256 39 21 och
876 1262 26 15 en

83 1286 119 22 förbättrad
224 1286 125 27 skogsvård.
378 1285 34 22 Då
433 1285 149 22 rekvisitioner
600 1285 22 22 af
639 1286 57 21 detta
712 1285 46 27 slag
772 1285 108 21 inkommo
896 1284 7 21 i

85 1315 65 22 sådan
169 1315 84 26 mängd,
269 1317 32 18 att
314 1314 125 27 föreningen
455 1315 48 20 med
518 1314 176 21 tillbudsstående
709 1313 69 22 medel
793 1313 39 22 och
847 1312 56 22 kraf-

85 1346 32 19 ter
140 1344 18 27 ej
182 1343 72 22 kunde
267 1343 152 22 tillfredsställa
434 1343 36 21 det
485 1343 94 22 växande
593 1343 107 26 intresset,
715 1342 133 21 anordnades
864 1348 39 15 un-

85 1372 212 27 dervisningskurser
317 1371 33 22 för
371 1371 160 22 folkskollärare
546 1372 39 21 och
600 1371 124 26 lärarinnor,
740 1371 39 22 och
795 1370 86 27 deltogo
896 1371 7 20 i

85 1401 48 20 dem
149 1401 22 20 år
188 1401 61 24 1903,
265 1401 36 20 det
316 1401 53 20 sista
383 1401 23 19 år
422 1401 26 19 då
463 1401 75 25 anslag
553 1401 69 19 därtill
634 1400 102 25 beviljats,
747 1400 28 19 92
785 1399 68 20 lärare
863 1399 40 20 och

84 1428 128 26 lärarinnor;

153 1462 8 21 i
183 1462 147 22 anordnandet
351 1461 23 21 af
394 1461 228 27 skogshushållningen
643 1461 91 21 rörande
754 1460 99 27 föredrag
868 1460 35 21 vid

86 1491 58 21 såväl
158 1490 123 22 förenämda
296 1490 94 22 tillfällen
407 1496 46 16 som
470 1490 34 22 vid
520 1490 165 27 folkhögskolor,
699 1490 204 26 landtmannadagar

85 1527 28 15 m.
127 1519 21 23 I.
163 1519 101 23 tillfällen.
