1109 1767
74 145 27 16 22
113 150 19 15 p.
142 145 82 20 jouluk.
453 142 76 30 Koulu.
854 139 13 20 2

143 213 32 21 En
200 212 114 28 fyrklassig
339 214 181 23 elementarskola,
544 214 64 21 hvars
633 213 121 21 lärokurser
777 213 18 27 ej
820 214 76 26 utgöra

75 242 66 26 nägot
162 241 102 21 afslutadt
282 242 48 25 helt,
346 242 41 21 kan
402 242 117 22 allraminst
535 242 28 27 pä
578 248 26 15 en
620 244 34 19 ort
669 242 66 20 sädan
751 247 46 15 som
813 241 83 25 Lovisa,

75 270 37 21 där
127 270 41 21 den
184 270 139 26 uppväxande
339 270 120 27 ungdomen
475 270 72 21 talrikt
564 270 78 22 vänder
658 270 33 26 sig
705 270 22 20 ät
737 269 109 27 praktiska
858 269 38 21 lef-

74 298 128 26 nadsbanor,
225 298 113 27 tillgodose
360 299 26 21 de
407 298 49 22 kraf
475 305 49 15 man
542 305 30 15 nu
587 298 33 22 för
635 298 58 21 tiden
709 298 68 21 mäste
792 298 62 21 ställa
869 298 27 26 pä

75 327 79 21 sådana
168 326 155 22 läroanstalter.
345 327 115 21 Desamma
473 327 73 21 fordra
556 327 131 26 nödvändigt
697 326 71 21 såsom
779 326 118 26 afslutning

75 355 33 21 för
123 355 38 21 här
176 355 161 27 ifrågavarande
352 356 60 21 skola
426 362 25 15 en
467 355 65 22 femte
546 356 64 21 klass.
640 356 32 20 En
689 355 65 21 sådan
770 354 57 22 klass
842 361 54 21 upp-

75 384 109 21 rätthålles
200 384 125 26 visserligen
341 383 33 22 för
389 384 132 21 närvarande
535 384 7 21 i
557 384 78 22 Lovisa
649 384 28 27 på
691 384 71 26 privat
777 385 45 25 väg.
845 383 51 21 Men

75 413 40 21 den
128 412 41 22 kan
182 412 68 27 aldrig
261 412 65 22 blifva
338 412 23 22 af
371 412 41 22 den
423 413 114 27 betydelse,
548 419 46 15 som
606 413 40 21 den
657 412 61 27 finge,
730 418 34 15 om
776 412 40 21 den
827 411 69 22 blefve

74 441 42 21 fast
138 440 87 23 förenad
248 441 48 21 med
318 441 189 22 elementarskolan
531 448 76 20 genom
630 444 31 18 att
680 441 66 27 sagda
760 440 64 22 femte
839 440 57 22 klass

75 470 120 26 öfvertoges
211 469 23 21 af
247 472 75 19 staten.

141 498 50 22 Med
211 498 100 22 afseende
328 498 13 22 å
359 499 54 21 hvad
426 498 38 28 jag
478 499 7 21 i
501 499 36 21 det
551 498 128 28 föregående
694 498 45 21 haft
754 500 51 19 äran
822 497 74 22 anföra

73 527 39 21 och
127 527 7 21 i
148 527 140 21 betraktande
303 526 23 22 af
340 528 35 20 det
390 526 209 22 otillfredsställande
614 527 64 26 skick,
695 527 59 21 hvari
770 526 126 22 skolförhål-

73 556 90 21 landena
177 556 8 21 i
199 556 77 21 Lovisa
292 556 89 21 sålunda
396 556 84 21 befinna
496 556 38 27 sig,
548 556 66 27 vågar
627 556 38 27 jag
679 555 56 27 förty
751 555 145 21 vördsamme-

73 584 55 28 ligen
144 584 89 27 anhålla,

346 626 34 20 att
401 624 177 28 borgareståndet
596 624 51 22 ville
664 624 10 21 i
688 624 104 35 förening
807 624 49 20 med
869 624 26 20 de

279 653 73 27 öfriga
373 653 93 21 stånden
489 654 83 20 besluta
592 655 33 19 att
644 652 54 28 ingå
714 652 36 22 till
765 652 65 22 Hans
844 651 53 28 Kej-

278 682 81 27 serliga
374 682 103 27 Majestät
491 682 49 21 med
554 682 139 26 underdånig
705 681 96 28 petition
812 680 85 32 därom,

279 712 33 19 att
336 710 42 21 den
399 710 134 28 fyrklassiga
554 710 92 22 svenska
670 709 194 22 elementarskolan
886 710 11 19 i

278 738 82 22 Lovisa
375 739 67 27 blefve
457 739 107 27 utvidgad
577 739 49 21 med
640 746 27 14 en
682 738 28 28 af
721 738 129 21 statsvärket
862 738 34 20 be-

279 768 75 20 kostad
368 768 66 27 femte
449 768 58 21 klass
522 769 58 20 samt
595 769 33 20 att
642 767 88 21 skolans
743 766 154 28 lärareplatser

278 796 68 21 måtte
361 796 68 21 varda
444 796 38 21 vid
495 796 137 28 inträffande
646 796 107 21 vakanser
763 795 134 21 ordinariter

279 825 87 21 besatta.

142 887 136 27 Helsingfors
294 888 40 20 den
350 888 28 20 22
394 888 110 21 december
522 888 60 20 1904.

601 950 75 21 Fredr.
692 950 136 21 Lundenius.

143 1014 140 21 Ehdotuksen
305 1016 82 24 ponnet
408 1014 44 21 luki
469 1014 54 26 julki
538 1013 40 21 hra
617 1013 161 26 Lundenius,
790 1013 52 27 joka
858 1019 37 15 sen

73 1042 84 27 jälkeen
180 1042 86 26 ehdotti,
289 1044 44 19 että
354 1042 45 21 asia
421 1042 112 26 pantaisiin
554 1042 98 27 pöydälle
675 1042 140 21 ensimäiseen
832 1042 64 26 täysi-

75 1071 110 21 istuntoon
201 1077 86 14 vuonna
303 1070 60 22 1905.

145 1128 63 27 Sääty
230 1128 66 26 päätti
319 1134 70 20 panna
407 1128 58 20 asian
484 1127 98 27 pöydälle
597 1127 85 21 tulevan
698 1127 84 21 vuoden
798 1126 98 22 ensimäi-

76 1163 49 15 seen
142 1157 181 27 täysi-istuntoon.

143 1283 105 21 Esiteltiin
270 1282 188 24 anomusehdotus,
478 1282 67 27 jonka
569 1282 64 22 olivat
656 1281 185 27 allekirjoittaneet
861 1281 35 20 hrt

74 1312 98 26 Latva,
191 1312 77 25 Kari,
288 1311 158 26 Sundvall,
465 1311 111 27 Hynön,
593 1311 141 21 Killinen
748 1310 22 26 ja
786 1310 110 21 Karvo-

75 1347 55 15 nen
144 1341 22 26 ja
178 1340 51 27 joka
244 1340 28 21 oli
288 1340 48 21 näin
352 1340 103 21 kuuluva:

282 1413 184 27 Hyvinarvoisalle
481 1412 197 27 porvarissäädylle.

143 1470 73 22 Mikäli
240 1470 195 21 kansakoululaitos
460 1476 27 14 on
510 1475 140 15 maassamme
675 1468 119 28 kehittynyt
813 1468 23 27 ja
858 1474 38 15 sen

76 1500 88 21 muodot
179 1500 160 24 vakaantuneet,
355 1505 27 15 on
398 1499 54 21 siinä
467 1498 114 26 esiintynyt
596 1497 93 21 tehtäviä
699 1497 23 27 ja
732 1497 96 27 tarpeita,
836 1497 61 27 jotka

75 1529 72 21 alussa
167 1529 55 21 eivät
241 1528 74 21 tulleet
336 1527 50 28 yhtä
407 1527 86 21 selvästi
508 1526 104 27 näkyviin.
642 1526 52 22 Yksi
709 1526 70 21 näistä
794 1532 27 15 on
837 1528 59 25 opet-
