1114 1773
65 138 28 17 23
103 143 21 16 p.
137 138 79 20 jouluk.
297 140 164 20 Sotajoukkojen
473 140 88 18 hallinto
573 141 74 17 sodassi
846 134 40 20 287

64 206 78 56 5)
164 208 59 21 såväl
246 210 62 19 stats-
331 216 46 14 som
403 209 135 22 kommunala
562 210 126 26 tjänstemän
723 209 128 27 (punkterna
874 210 12 19 (

65 242 25 14 oc
149 242 4 18 i

133 266 32 19 att
180 264 13 22 å
208 265 26 21 de
249 267 57 19 orter
321 266 7 20 i
343 266 95 23 Finland,
454 272 45 15 som
510 266 112 22 förklarats
632 266 7 20 i
649 265 160 27 krigstillständ,
820 266 67 21 brott-

64 292 41 20 mål
129 298 46 15 som
199 292 150 22 öfverlämnats
372 294 31 20 till
424 294 102 26 krigsrätt
544 294 51 22 böra
611 294 130 26 handläggas
760 294 23 20 af
795 294 92 26 kejsare-

64 320 83 33 dömets
170 321 177 27 krigsdomstolar
370 324 55 20 samt
442 322 96 22 afdömas
556 324 27 26 pä
601 322 69 28 grund
685 322 22 20 af
720 322 166 27 kejsaredömets

63 348 92 23 militära
170 349 69 22 straff-
254 350 39 21 och
309 350 147 28 processlagar
471 351 102 27 (punkten
590 352 31 26 9);
637 353 55 19 samt

132 385 32 20 att
182 384 40 21 den
241 384 66 28 enligt
324 384 167 28 kejsaredömets
507 384 149 28 författningar
671 384 216 28 fästningskommen-

64 412 104 22 danterna
186 412 160 23 tillkommande
364 415 68 21 rätten
452 416 32 19 att
502 414 6 21 i
527 417 90 24 yttersta
632 413 78 22 nödfall
727 414 94 27 uppläna
835 420 52 21 pen-

63 441 75 26 ningar
161 441 23 22 af
204 441 98 28 samtliga
326 442 57 22 inom
402 442 202 27 fästningsomrädet
619 442 108 28 befintliga
741 442 145 22 kronoinrätt-

63 470 76 27 ningar
155 471 119 21 utsträekes
286 471 80 28 (såsom
377 472 66 21 orden
455 472 56 27 lyda)
521 471 78 27 jämväl
611 471 31 22 till
653 471 26 22 de
689 472 69 21 lokala
768 471 120 22 finländska

63 498 185 22 institutionernas
263 500 81 24 kassor,
360 500 53 22 dock
428 501 76 20 endast
515 501 47 21 med
573 500 136 22 därförinnan
722 500 114 22 utvärkadt
847 500 39 21 till-

63 527 63 22 stånd
141 528 71 21 därtill
226 527 23 22 af
262 528 221 27 generalguvernören
496 529 38 21 och
545 529 208 22 kommenderanden
764 531 123 25 trupperna,

63 555 68 23 under
146 556 85 21 hvilken
248 557 108 22 desamma
371 557 132 22 omedelbart
518 558 47 27 lyda
580 557 58 22 såväl
649 557 6 22 i
665 558 69 26 krigs-
745 564 47 15 som
802 558 7 21 i
820 557 67 22 freds-

63 585 30 20 tid
108 585 105 27 (punkten
230 585 39 26 14).

131 620 43 21 Det
189 619 52 22 skall
257 620 38 21 här
311 620 45 21 icke
370 620 107 23 förnekas,
493 623 30 19 att
534 621 44 21 icke
589 621 116 21 monarken
717 620 67 21 under
795 620 91 27 krigstid

62 648 41 21 kan
123 648 63 22 hafva
202 649 66 21 behof
280 648 23 22 af
316 655 26 15 en
359 648 128 28 befogenhet
501 653 31 18 att
547 649 33 22 för
594 649 66 22 rikets
676 649 108 22 värnande
800 649 39 22 och
854 649 32 21 till

63 677 145 28 betryggande
224 677 22 22 af
259 678 49 21 dess
324 677 99 22 säkerhet
433 678 86 27 vidtaga
529 678 180 27 utomordentliga
719 678 54 21 mått
783 678 39 21 och
832 680 54 25 steg.

62 705 12 28 8
89 706 28 21 45
132 706 7 21 i
156 707 56 21 1772
226 707 35 21 års
272 705 165 29 regeringsform
450 707 136 22 tillerkänner
597 706 61 22 äfven
669 708 101 25 regenten
782 713 26 15 en
820 706 65 22 sådan

62 736 108 26 temporär
186 735 128 28 befogenhet
329 737 95 20 närmast
440 735 97 28 syftande
551 736 28 27 på
589 736 88 27 gärders
688 735 39 22 och
737 742 70 15 annan
818 735 68 27 krigs-

63 763 69 28 hjälps
155 764 138 27 påläggande,
312 771 48 14 men
379 765 76 20 endast
473 764 32 22 för
524 765 35 21 det
578 764 35 22 fall
633 767 31 18 att
684 764 55 21 riket
754 763 69 22 blifvit
838 764 48 21 med

62 792 110 22 härsmakt
186 793 105 27 angripet.

133 827 57 21 Skall
208 827 82 22 således
309 827 7 21 i
334 827 76 22 allmän
426 827 130 28 författning,
571 827 74 22 afsedd
660 829 31 19 att
707 827 55 27 gälla
776 827 46 21 icke
837 827 49 21 alle-

63 858 49 19 nast
125 855 34 22 för
175 856 101 22 särskildt
291 856 48 27 krig
354 859 50 18 utan
420 856 33 21 för
469 857 26 20 all
510 856 87 22 framtid
612 857 27 21 då
653 856 48 26 krig
715 857 103 26 utbryter,
831 855 55 22 före-

63 884 85 22 skrifter
164 884 24 22 af
200 885 41 21 den
256 887 34 19 art
306 892 46 15 som
368 885 26 21 de
410 885 37 21 här
463 885 7 21 i
485 885 60 27 fråga
559 884 94 22 varande
668 884 102 26 utfärdas,
786 885 23 21 så
820 883 66 23 erfor-

63 914 50 20 dras
127 913 33 21 för
176 914 123 27 giltigheten
316 914 22 21 af
351 920 26 15 en
392 914 65 21 sådan
473 914 128 27 författning
616 914 125 21 ständernas
757 913 128 21 medvärkan

63 942 39 21 och
118 942 64 22 bifall.

132 977 49 21 Men
198 979 58 19 utom
272 979 32 19 att
318 984 29 14 nu
363 976 125 22 afhandlade
503 976 124 28 förordning
643 977 45 21 icke
701 976 105 28 uppfyller
816 976 70 22 denna

64 1005 188 27 grundlagsenliga
268 1005 94 26 fordran,
381 1005 78 22 brister
474 1006 40 21 den
529 1005 89 22 framför
633 1005 37 22 allt
685 1005 50 26 däri,
751 1007 32 19 att
798 1005 40 21 den
854 1005 33 21 för

63 1034 58 21 vissa
138 1034 179 27 förutsättningar
335 1034 103 28 påbjuder
453 1034 132 22 främmande
601 1034 68 28 (rysk)
684 1034 35 27 lag
733 1036 32 19 att
780 1033 106 28 tillämpas

63 1063 7 20 i
85 1062 92 22 Finland
192 1064 28 26 på
234 1062 68 22 finska
317 1063 141 28 medborgare
473 1064 39 20 och
527 1062 140 23 öfverlämnar
682 1063 6 21 i
704 1063 66 21 sådan
786 1062 102 22 händelse

63 1097 26 15 en
109 1091 40 21 slik
168 1092 133 26 tillämpning
321 1092 31 20 till
367 1091 39 21 och
421 1092 48 21 med
485 1092 21 20 åt
521 1091 131 22 främmande
667 1092 80 26 (ryska)
763 1092 123 20 domstolar.

132 1126 73 26 Enligt
224 1126 11 26 $
255 1127 12 20 2
288 1126 4 21 i
312 1126 65 21 redan
400 1126 77 21 nämda
500 1126 166 27 regeringsform
685 1126 40 21 och
740 1126 13 20 2
768 1126 95 26 punkten
880 1126 6 20 i

65 1154 54 21 1789
137 1154 35 21 års
191 1154 118 27 förenings-
325 1154 39 22 och
380 1154 147 22 säkerhetsakt
542 1157 50 25 äger
608 1154 101 22 Finlands
724 1154 90 22 monark
829 1156 57 25 styra

64 1182 72 22 landet
154 1183 76 21 endast
245 1183 52 21 efter
314 1183 48 21 dess
378 1189 53 21 egen
447 1183 113 22 beskrefna
576 1184 34 26 lag
625 1183 39 21 och
679 1183 46 21 icke
740 1183 66 26 enligt
821 1183 66 21 andra

65 1211 84 22 länders
165 1212 64 26 lagar.

132 1240 73 21 Redan
222 1240 28 26 på
264 1241 70 21 denna
349 1241 69 26 grund
434 1243 22 18 är
472 1247 28 14 nu
516 1240 160 27 ifrågavarande
690 1240 126 26 förordning
832 1240 54 20 oför-

64 1268 57 28 enlig
136 1269 48 21 med
199 1268 57 22 finsk
271 1271 47 19 rätt.
344 1269 102 21 Kommer
461 1269 64 21 sedan
541 1269 76 25 därtill,
628 1270 31 20 att
675 1269 25 21 de
716 1268 61 22 flesta
788 1268 22 22 af
818 1268 69 26 öfriga

64 1298 6 20 i
89 1297 154 27 förordningen
265 1298 105 26 ingående
394 1298 131 26 stadganden
545 1300 36 19 äro
597 1297 22 21 af
633 1298 40 21 den
690 1296 150 23 beskaffenhet,
856 1299 31 18 att

65 1326 60 22 deras
149 1326 134 28 tillämpning
305 1326 85 22 komme
412 1329 31 18 att
460 1327 7 19 i
485 1326 90 22 Finland
594 1326 94 21 medföra
703 1332 26 14 en
745 1328 57 19 ännu
818 1327 69 19 större

65 1355 38 21 och
126 1361 45 15 mer
195 1355 180 27 genomgripande
397 1356 144 26 omstörtning
562 1354 23 22 af
606 1355 172 21 rättstillståndet
794 1357 26 18 än
840 1354 46 25 den,

64 1383 84 21 hvilken
172 1384 38 20 där
232 1384 65 20 redan
320 1384 162 21 åstadkommits
499 1390 75 20 genom
597 1384 26 20 de
642 1383 156 27 författningar,
817 1382 71 22 hvilka

64 1411 68 21 under
156 1411 25 21 de
204 1414 84 18 senaste
312 1417 36 15 sex
371 1412 62 20 årens
452 1411 155 26 styrelseregim
628 1411 104 21 utfärdats
747 1411 8 20 i
770 1411 53 20 strid
839 1410 48 20 med

65 1439 111 27 grundlag,
191 1440 25 20 så
231 1439 100 21 framstår
346 1439 100 21 behofvet
462 1439 23 21 af
497 1442 32 18 att
543 1439 71 26 sagda,
630 1442 50 18 utan
692 1439 126 21 ständernas
829 1438 58 21 bifall

65 1467 111 22 utfärdade
197 1468 126 26 förordning
344 1468 75 21 varder
442 1468 47 21 med
513 1468 34 21 det
569 1466 68 23 första
654 1466 94 28 upphäfd
767 1467 39 21 och
821 1469 67 19 ersatt

64 1497 49 21 med
135 1503 26 15 en
184 1503 75 19 annan,
282 1497 48 21 med
353 1496 126 22 ständernas
500 1496 127 22 medvärkan
647 1496 6 21 i
669 1496 71 22 ämnet
756 1496 131 22 tillkommen

63 1526 127 27 författning
204 1526 71 21 såsom
292 1526 112 27 oafvisligt.
