1109 1770
81 144 29 18 30
121 149 20 16 p.
151 145 82 20 jouluk.
404 141 181 29 Suostuntaverot.
859 139 42 22 483

150 214 147 21 Huomauttaa
318 214 79 21 tahdon
420 216 59 24 myös
501 215 72 20 tuosta
594 214 188 26 käytännöllisestä
796 213 105 27 puolesta,

82 244 44 19 että
140 242 200 25 kansakouluvarat,
355 242 115 21 silloinkun
486 248 27 15 on
529 242 100 26 kysymys
644 242 75 21 uusien
730 242 171 26 kansakoulujen

82 270 181 26 perustamisesta,
279 270 118 26 pyydetään
416 270 24 26 jo
458 270 187 21 kalenterivuoden
661 270 148 26 alkupuolella,
825 270 78 20 vaikka

82 298 66 21 koulu
164 304 27 14 on
207 298 123 21 tarkoitettu
347 298 131 21 avattavaksi
493 298 94 21 elokuun
603 299 11 20 1
631 298 95 26 päivänä.
754 298 41 21 Jos
811 298 36 21 siis
863 304 39 14 va-

82 326 46 27 roja
146 327 18 21 ei
183 326 62 27 löydy
265 326 84 22 vuoden
363 326 200 27 loppupuoliskolla,
579 326 56 22 onko
651 326 147 22 koulutoimen
813 326 90 27 ylihalli-

82 358 35 19 tus
133 355 118 21 oikeutettu
267 355 148 21 ehdottamaan
429 355 23 27 ja
467 355 90 21 senaatti
572 356 148 26 myöntämään
736 355 108 21 tuollaista
859 354 43 22 val-

82 384 92 27 tioapua,
187 383 52 28 joka
258 384 81 27 loppuu
359 390 68 15 ennen
446 384 85 21 tulevan
550 384 138 21 lukukauden
706 384 76 21 alkua?
813 383 33 22 On
862 384 41 21 toi-

83 413 67 21 siakin
169 412 190 22 samanluontoisia
379 413 113 26 menoeriä,
509 413 54 27 joita
581 412 88 22 haetaan
686 412 23 27 jo
728 412 63 27 hyvin
807 412 96 21 aikaisin.

84 442 126 21 Semmoisia
228 443 50 19 ovat
296 447 27 15 m.
340 447 27 15 m.
382 441 264 27 kansakoulunopettajain
661 441 114 21 kuuntelu-
791 441 26 20 eli
829 441 72 26 hospi-

84 472 157 24 teerausvarat;
260 476 71 15 samaa
350 470 70 21 laatua
438 472 49 19 ovat
502 472 61 19 varat
575 469 159 28 jatkokursseja
749 471 79 24 varten,
841 469 61 27 jotka

81 499 24 26 jo
120 498 114 21 ennakolta
249 499 124 26 pyydetään.
389 498 62 21 Sama
466 499 78 21 koskee
560 498 77 27 varoja,
651 498 54 27 joita
719 499 118 26 pyydetään
853 504 50 21 ope-

84 527 155 22 tusvälineiden
262 527 166 21 hankkimiseksi
450 527 77 21 uusille
544 527 175 21 kansakouluille.
748 526 154 21 Kansakoulun

84 556 61 21 alalla
160 555 48 21 olisi
225 555 58 21 asian
299 555 38 21 tila
351 556 137 25 semmoinen,
503 557 44 19 että
562 555 73 21 luulen
651 555 124 21 sekasortoa
791 555 112 20 kaikkialla

85 586 110 25 syntyvän,
208 584 35 26 jos
259 584 19 20 ei
293 584 33 20 ole
341 586 122 18 varmuutta
478 584 86 26 varojen
580 584 125 21 saamisesta
714 583 188 21 kalenterivuoden

84 612 96 28 loppuun
197 612 46 21 asti.
258 612 75 21 Minun
348 612 130 27 käsitykseni
493 612 91 22 mukaan
601 614 76 25 syntyy
692 612 149 21 seisahdustila
850 611 53 21 kou-

84 642 103 20 lutoimen
203 640 156 28 ylihallituksen
376 642 77 26 työssä,
469 641 71 21 mikäli
554 647 23 15 se
592 640 80 22 koskee
687 640 159 27 kansakouluja.

154 670 101 21 Edelleen
278 669 137 27 huomautan,
433 671 44 20 että
495 670 207 21 viinanvalmistusta
720 669 104 21 koskevat
841 669 62 21 kont-

85 698 70 22 rahdit
163 702 50 18 ovat
221 698 94 22 tehtävät
325 698 83 22 vuoden
419 698 77 22 alussa.
511 699 39 21 Jos
562 698 235 22 viinaverosuostuntaa
807 698 19 20 ei
836 698 67 27 löydy,

87 728 19 21 ei
124 728 122 21 semmoisia
266 727 135 27 kontrahteja
422 728 61 20 voida
498 728 63 21 tehdä
576 727 47 21 eikä
638 727 37 21 siis
691 727 149 27 polttamiseen
855 726 48 27 ryh-

86 758 40 26 tyä.
156 757 39 21 Jos
217 758 166 20 suostuntavero
406 758 141 25 myönnetään
570 756 97 27 puoleksi
689 756 108 25 vuodeksi,
813 755 90 21 voidaan

87 786 122 21 semmoisia
223 784 134 28 kontrahteja
372 784 63 22 tehdä
445 785 146 22 ensimäiseksi
601 784 98 28 puoleksi
709 784 110 22 vuodeksi.
833 784 71 21 Mutta

87 814 169 22 viinatehtaitten
279 813 121 27 omistajilla
422 820 27 14 on
473 814 60 21 suuri
553 816 37 19 etu
610 814 49 20 siitä
673 813 130 25 oikeudesta,
819 814 43 20 että
877 812 28 21 he

88 845 73 19 saavat
182 843 104 21 suorittaa
307 848 64 16 veroa
390 848 38 15 sen
448 842 97 26 mukaan,
561 842 50 22 kuin
632 842 26 21 he
673 844 86 19 tavaraa
774 842 131 20 tarvitsevat.

88 872 43 26 Nyt
149 871 106 21 voitaisiin
277 871 63 21 tehdä
360 871 131 26 sopimuksia
509 870 203 27 viinapolttimoiden
729 870 79 21 kanssa
823 870 82 20 ainoas-

87 903 49 18 taan
152 899 47 22 sillä
214 899 88 26 ehdolla,
318 901 43 19 että
376 899 97 21 kaikkien
489 899 122 27 varikkojen
626 899 59 20 tulisi
700 899 41 20 olla
756 898 80 27 tyhjinä
845 898 61 21 kesä-

87 929 58 20 kuun
162 928 122 21 viimeisenä
298 928 96 27 päivänä.

158 957 125 21 Semmoisia
298 956 129 21 näkökohtia
441 956 81 21 asiassa
537 963 26 14 on
576 956 109 21 olemassa.
702 956 33 21 En
748 955 65 22 tahdo
826 956 82 20 asettaa

88 986 78 21 mitään
182 985 146 22 vaatimuksia.
343 985 55 22 Olen
413 985 48 21 vain
477 985 100 21 tahtonut
591 985 75 21 lausua
681 986 72 19 nämät
769 984 68 21 seikat
846 984 59 21 asian

87 1014 172 22 valaisemiseksi.

156 1072 46 21 Hra
217 1071 115 26 Heikel,
372 1071 103 21 Teodor:
491 1070 33 22 De
539 1071 63 21 ärade
617 1070 36 21 hrr
667 1070 71 26 talare,
749 1076 46 15 som
805 1070 62 27 yrkat
875 1069 33 27 pä,

87 1103 31 19 att
139 1100 85 22 ständet
246 1100 45 20 icke
313 1100 67 20 borde
402 1101 49 25 taga
466 1100 69 26 nägon
551 1098 119 27 befattning
685 1099 48 20 med
748 1098 160 27 ifrägavarande

88 1129 111 27 spörsmål,
221 1128 62 21 hafva
305 1128 58 21 ställt
383 1128 32 26 sig
436 1128 28 26 pä
481 1128 68 21 denna
565 1127 132 27 ståndpunkt
712 1127 27 26 pä
755 1126 69 27 grund
839 1126 22 21 af
875 1126 33 21 sin

88 1157 197 27 rättsupptattning.
305 1157 34 20 De
353 1162 51 15 anse
419 1156 112 26 nämligen,
546 1158 32 19 att
592 1156 77 26 lagliga
684 1155 177 27 förutsättningar
875 1154 33 21 för

88 1189 31 19 ett
140 1185 93 21 normalt
255 1185 158 21 ständerarbete
435 1185 77 21 saknas
533 1184 39 22 och
593 1186 31 19 att
642 1184 115 21 ständerna
771 1183 71 21 därför
863 1182 46 22 icke

88 1215 66 21 borde
170 1214 85 26 vidtaga
270 1214 49 21 med
334 1214 65 26 nägot
414 1213 166 21 ständerarbete.
609 1212 76 22 Tillika
699 1212 38 21 har
753 1218 34 15 om
803 1212 106 26 anhänga-

88 1250 52 15 rena
154 1242 22 22 af
190 1242 88 26 åsikten,
293 1245 32 19 att
339 1248 26 15 en
380 1242 116 26 bevillning
511 1242 54 20 dock
575 1248 29 14 nu
615 1241 71 21 kunde
696 1240 22 22 af
727 1241 114 21 ständerna
852 1240 57 21 med-

90 1272 73 28 gitvas,
179 1273 64 25 sagts,
257 1273 32 19 att
305 1271 25 21 de
346 1270 67 22 skulle
428 1270 43 21 läta
486 1270 37 21 sitt
537 1269 157 27 handlingssätt
709 1269 94 21 dikteras
818 1268 22 21 af
853 1268 56 21 utili-

89 1300 95 22 tetsskäl.
207 1300 34 20 Då
255 1300 38 27 jag
308 1306 68 19 anser,
391 1300 31 20 att
437 1305 26 15 en
479 1299 65 21 sådan
559 1298 139 27 beskyllning,
715 1304 46 15 som
777 1299 31 19 att
823 1297 36 21 det
873 1303 36 15 en-

90 1329 48 22 dast
153 1328 68 22 skulle
237 1334 50 15 vara
302 1327 47 22 utaf
362 1327 141 25 utilitetsskäl,
519 1333 47 15 som
581 1333 49 15 man
646 1326 68 21 skulle
729 1332 51 15 vara
790 1326 79 21 beredd
879 1327 31 19 att

90 1357 71 22 bifalla
176 1357 32 21 till
223 1357 41 21 den
279 1356 145 28 provisoriska
439 1355 148 28 bevillningen,
602 1355 46 21 icke
659 1357 23 18 är
692 1354 125 27 berättigad,
827 1354 38 21 har
873 1354 38 27 jag

90 1386 88 21 anhällit
201 1392 33 14 om
257 1386 66 20 ordet.
353 1385 73 25 Enligt
441 1385 43 20 min
500 1385 63 20 tanke
577 1383 103 26 framgick
695 1384 36 21 det
745 1383 65 21 redan
826 1382 47 21 utaf
886 1382 25 21 hr

91 1413 59 21 Felix
166 1413 87 21 Heikels
268 1412 140 27 andragande,
424 1413 31 19 att
470 1411 36 21 det
515 1411 62 21 fanns
588 1411 77 26 många
676 1411 130 26 principiella
817 1410 44 21 skäl
872 1410 40 21 och

91 1442 96 26 värkliga
208 1441 193 27 rättssynpunkter,
423 1446 46 15 som
492 1439 64 22 ocksä
577 1439 38 21 här
637 1439 67 21 borde
726 1441 60 24 tagas
803 1439 8 20 i
828 1437 84 22 betrak-

92 1471 64 21 tande
178 1469 40 22 och
240 1469 27 28 pä
288 1469 71 22 hvilka
378 1469 26 21 de
422 1474 102 21 personer
546 1468 73 21 kunna
634 1467 61 22 stöda
710 1467 38 27 sig,
764 1473 46 15 som
825 1466 88 22 förorda

92 1499 122 27 bevillning.
244 1499 32 21 Hr
291 1498 58 22 Felix
365 1497 75 22 Heikel
455 1496 97 22 framhöll
569 1497 63 21 redan
651 1497 94 26 tidigare,
761 1498 31 19 att
807 1502 48 15 man
870 1495 42 21 kan

93 1528 64 22 tänka
179 1527 38 27 sig,
240 1529 32 19 att
291 1527 35 22 vid
341 1532 26 16 en
382 1526 207 27 bevillningsvägran
605 1525 126 27 regeringen
746 1525 101 27 antingen
863 1525 50 26 toge
