1103 1767
206 156 29 21 52
581 155 76 34 Koulu.
882 163 22 17 17
916 167 20 15 p.
944 162 83 20 jouluk.

436 281 40 22 Till
492 281 105 28 vällofliga
612 281 181 28 borgareständet.

274 351 44 21 Det
332 350 65 23 behof
410 350 23 22 af
445 350 101 27 bildning,
562 356 46 16 som
625 350 68 21 under
707 350 27 21 de
749 351 86 20 senaste
849 350 126 21 ärtiondena
990 357 35 15 va-

206 381 28 21 rit
248 382 31 19 ett
293 379 23 22 af
327 380 26 21 de
368 381 56 20 mest
446 379 141 22 utmärkande
610 379 79 26 dragen
704 379 7 20 i
726 379 48 21 vårt
795 378 56 22 folks
870 379 46 21 inre
930 379 94 26 historia,

205 411 24 19 är
245 409 65 26 något
325 414 46 16 som
387 408 39 21 hos
441 408 73 27 hvarje
529 407 171 22 fosterlandsvän
715 407 69 21 måste
799 407 65 21 väcka
879 408 92 26 sympati
986 407 39 22 och

204 437 108 22 ästundan
334 437 54 22 atti
409 437 108 26 möjligast
540 436 76 27 högsta
638 436 51 27 grad
711 435 88 28 bidraga
814 435 31 22 till
861 436 49 21 dess
926 435 98 23 tillfreds-

205 466 110 21 ställande.
334 465 48 22 Den
398 465 114 27 möjlighet,
528 471 46 15 som
589 465 7 20 i
612 465 26 21 de
653 464 62 21 flesta
729 464 81 21 trakter
825 464 23 21 af
861 465 47 20 värt
921 465 51 21 land
986 464 38 22 fin-

205 501 39 15 nes
258 494 33 21 för
306 494 73 27 hvarje
405 493 113 28 begäfvadt
540 493 52 22 barn
614 495 32 19 att
663 493 52 21 ärnä
729 493 18 26 ej
764 493 77 21 endast
855 493 36 21 det
905 493 119 27 kunskaps-

205 523 59 25 mätt,
280 529 46 15 som
341 522 119 22 folkskolan
476 523 41 20 kan
532 522 102 25 meddela,
653 524 50 19 utan
721 523 32 20 att
768 521 68 26 äfven,
851 521 7 21 i
873 521 102 22 händelse
989 523 36 21 det

205 551 71 22 därtill
296 557 50 22 eger
368 550 100 27 förmäga,
484 551 64 21 vinna
570 557 26 14 en
618 550 67 27 högre
707 549 102 28 bildning,
825 551 22 20 är
866 552 31 19 ett
912 550 111 27 högeligen

205 580 112 27 glädjande
331 579 88 22 faktum.
442 580 42 20 För
498 579 42 21 alla
554 579 44 22 stär
613 579 123 26 härigenom
752 580 68 25 vägen
831 580 69 25 öppen
911 580 32 20 att
952 579 72 21 kunna

205 608 28 28 pä
246 608 104 22 handelns
366 608 39 21 och
419 608 119 21 industrins
554 607 58 22 såväl
627 613 46 16 som
694 607 156 27 vetenskapens
866 607 39 22 och
920 607 103 22 konstens

203 637 89 21 område
307 637 50 21 eller
373 637 27 26 på
414 636 229 22 ämbetsmannabanan
665 635 73 22 utöfva
753 642 26 15 en
795 635 153 22 vidsträcktare
963 636 60 22 värk-

205 665 83 22 samhet
307 665 32 22 till
361 668 60 24 nytta
438 665 40 21 och
498 664 128 28 välsignelse
640 664 33 21 för
691 664 37 21 sitt
746 664 123 22 fosterland.
899 664 124 22 Emellertid

205 694 68 21 måste
294 694 35 21 det
352 694 122 26 medgifvas,
490 695 32 19 att
540 694 3 20 i
558 693 76 27 många
650 692 57 22 delar
721 692 23 22 af
757 692 48 22 vårt
818 692 50 23 land
883 692 18 28 ej
918 692 47 22 från
981 695 41 20 sta-

204 724 48 20 tens
275 722 46 22 sida
343 722 68 28 gjorts
432 722 55 21 hvad
507 722 94 27 önskligt
622 721 53 21 varit
695 720 32 22 för
746 721 168 27 tillgodoseende
928 721 24 22 af
965 722 58 21 detta

205 751 69 21 behof.
302 751 34 21 En
359 751 65 21 sådan
435 754 35 18 ort
485 752 23 20 är
524 750 74 22 staden
615 750 167 27 Gamlakarleby,
798 750 37 21 där
850 750 127 22 lärovärken
989 750 34 22 för

204 780 87 21 stadens
307 779 39 22 och
358 780 124 26 omnäjdens
498 779 46 22 dels
558 779 88 21 svensk-
662 778 45 22 dels
721 778 157 28 finskspråkiga
899 778 124 28 befolkning

204 808 69 22 tarfva
288 810 31 20 ett
333 808 163 27 uppbjälpande.
526 808 32 21 På
572 810 32 19 ett
618 807 91 26 område,
732 807 64 21 hvars
814 808 57 20 areal
893 808 62 26 utgör
978 814 44 15 om-

204 837 63 27 kring
290 837 75 25 18,000
386 836 200 22 kvadratkilometer
601 836 39 21 och
656 836 63 21 hvars
734 835 141 22 finsktalande
897 835 126 29 befolkning

205 866 82 26 uppgår
303 865 31 22 till
349 866 99 26 omkring
471 865 89 27 150,000
576 870 109 22 personer,
699 864 69 22 finnes
783 864 63 28 ingen
862 864 22 22 af
898 866 68 20 staten
982 871 39 15 un-

203 894 109 21 derhållen
326 894 169 26 läroinrättning.

272 922 85 22 Barnen
372 922 47 22 från
435 922 61 21 dessa
512 922 80 22 trakter
608 922 68 22 skulle
691 922 17 26 ej
725 921 62 22 hafva
802 921 80 22 tillfälle
896 923 33 20 att
943 922 80 22 erhålla

203 951 67 27 högre
292 951 201 26 skolundervisning
517 950 140 22 annorstädes
679 952 27 19 än
727 950 6 21 i
757 950 113 27 Uleåborg,
891 951 59 21 Vasa
971 950 50 22 eller

202 980 120 27 Jyväskylä,
345 980 63 21 hvars
431 979 72 21 skolor
525 982 37 19 äro
586 979 54 21 ända
660 978 32 22 till
707 979 27 21 20
749 978 37 22 mil
801 978 94 28 aflägsna
910 979 40 21 och
964 979 58 21 förut

203 1011 38 19 äro
256 1008 32 22 till
303 1008 95 27 trängsel
420 1008 93 26 besökta,
528 1008 44 21 ifall
588 1008 17 26 ej
622 1008 58 21 detta
694 1007 67 22 behof
775 1007 28 27 på
817 1007 92 22 enskildt
931 1008 90 22 initiativ

203 1037 55 21 hade
272 1036 69 22 blifvit
356 1037 141 26 tillgodosedt.

272 1060 31 27 År
319 1066 54 21 1898
392 1066 108 27 öppnades
522 1065 105 27 nämligen
644 1065 7 21 i
666 1067 95 19 centrum
777 1064 23 22 af
813 1065 69 21 denna
896 1065 102 26 landsdel,
1013 1066 8 20 i

203 1094 75 21 staden
302 1094 166 27 Gamlakarleby,
484 1100 26 15 en
529 1093 142 28 finskspråkig
693 1093 112 26 samskola,
828 1093 74 22 afsedd
920 1095 32 20 att
974 1094 47 21 leda

202 1122 32 21 till
251 1123 152 21 universitetet.
433 1123 55 21 Dess
504 1122 151 26 elevnumerär,
671 1128 46 15 som
741 1122 36 21 det
799 1121 67 22 första
887 1122 47 21 året
955 1122 12 21 å
985 1122 36 22 två

203 1151 81 22 klasser
300 1158 37 15 var
353 1151 33 26 53,
401 1151 38 21 har
454 1151 65 21 sedan
535 1151 49 22 dess
600 1151 54 21 varit
667 1151 7 20 i
690 1150 69 21 starkt
774 1150 103 27 stigande,
892 1151 24 20 så
929 1152 31 20 att
970 1151 51 21 den-

203 1186 82 15 samma
305 1180 91 21 läseäret
419 1180 139 21 1899—1900
574 1186 37 15 var
626 1179 33 26 94,
675 1179 140 22 1900—1901
831 1188 27 10 =
874 1179 46 26 108,
936 1179 84 22 1901—

204 1209 54 20 1902
274 1218 28 10 —
319 1209 44 25 141,
381 1209 139 21 1902—1903
535 1217 28 10 =
580 1208 44 25 168,
642 1208 139 21 1903—1904
796 1217 28 10 =
841 1208 40 21 195
896 1210 56 19 samt
962 1208 58 22 detta

201 1237 76 26 läseär,
292 1237 28 22 dä
334 1237 74 21 skolan
424 1237 68 22 blifvit
506 1237 132 26 fullständig,
653 1237 12 20 &
675 1237 13 20 8
698 1236 83 22 klasser
791 1237 42 21 208
843 1237 76 21 elever.
941 1231 19 27 Ä
972 1237 47 22 sko-

201 1265 47 22 lans
264 1265 153 22 förberedande
432 1266 57 21 klass
505 1265 69 22 finnas
590 1265 27 21 12
633 1265 75 21 elever.

270 1294 214 21 Tillfredsställandet
504 1294 22 21 af
540 1294 58 21 detta
617 1293 108 22 mellersta
743 1293 150 22 Osterbottens
909 1293 111 28 oafvisliga

201 1321 174 27 bildningsbehof
388 1321 66 21 hvilar
470 1328 29 14 nu
514 1321 28 28 pä
556 1321 96 22 enskilda
666 1327 113 20 personers
801 1321 105 21 skuldror.
937 1322 83 21 Visser-

201 1349 57 28 ligen
280 1350 38 21 har
341 1350 41 21 den
404 1351 83 25 privata
509 1350 73 21 skolan
605 1349 87 26 ätnjutit
707 1349 177 26 statsunderstöd,
899 1349 80 22 hvilket
994 1350 26 21 de

201 1379 37 21 tvä
252 1380 85 20 senaste
353 1379 50 21 ären
419 1378 82 27 utgjort
522 1377 77 28 20,000
619 1377 60 22 mark
693 1383 38 21 per
747 1377 29 26 är,
791 1383 48 16 men
855 1378 58 21 detta
928 1379 23 20 är
967 1378 53 22 dock

200 1407 117 28 ingalunda
331 1407 121 27 tillräckligt
466 1407 32 22 för
514 1407 86 22 skolans
615 1406 116 26 underhäll,
752 1408 52 20 utan
819 1407 68 21 mäste
902 1407 50 22 dess
967 1413 53 22 upp-

201 1436 75 22 bärare
292 1436 80 28 årligen
388 1438 51 25 göra
453 1435 109 22 kännbara
576 1435 116 28 pekuniära
703 1435 146 28 uppoffringar
861 1435 33 22 för
904 1437 32 20 att
946 1436 73 21 skolan

201 1465 54 21 skall
270 1465 72 22 kunna
357 1465 109 22 fortbestä.
496 1465 33 21 Dä
544 1465 111 22 dessutom
671 1464 86 22 skolans
773 1464 112 27 tillgängar
902 1471 76 21 genom
988 1466 32 21 att

200 1494 57 21 lokal
272 1495 56 21 måst
349 1494 80 27 byggas
451 1493 33 22 för
506 1494 75 21 skolan
602 1493 40 22 och
662 1499 76 21 genom
753 1493 27 22 de
795 1493 67 28 dryga
876 1493 144 23 kostnaderna

201 1523 35 20 vid
259 1523 49 21 dess
331 1523 144 26 organisation
490 1523 8 20 i
513 1523 36 21 det
570 1524 107 19 närmaste
699 1524 38 19 äro
760 1522 101 26 uttömda,
878 1523 44 21 stär
945 1523 74 21 skolan

200 1550 80 22 kanske
295 1552 7 20 i
318 1556 25 16 en
360 1557 50 15 snar
424 1550 86 22 framtid
525 1550 55 22 inför
596 1550 135 27 möjligheten
747 1552 32 20 att
794 1550 48 22 dess
865 1550 120 27 uppbärare
999 1551 18 26 ej
