1106 1773
221 137 41 21 348

401 144 102 16 Laillisen
512 144 145 20 järjestyksen
668 144 175 18 palauttaminen.
891 144 26 16 29
930 148 19 15 p.
961 143 80 20 jouluk.

222 215 58 18 stora
298 212 141 21 allmänheten
458 212 40 21 kan
511 212 25 27 ju
551 212 45 22 icke
611 212 90 21 bedöma
716 212 42 25 det,
774 218 46 15 som
836 211 105 28 försiggär
955 212 28 26 pä
997 211 45 27 höj-

222 240 71 26 derna,
310 240 38 22 där
363 240 27 22 de
406 240 100 27 politiska
519 240 102 28 frägorna
636 240 90 27 afgöras,
742 246 48 20 men
806 240 79 22 sädana
900 246 47 16 som
962 246 30 15 nu
1006 240 36 21 be-

222 268 80 23 skrifna
317 268 117 26 händelser,
450 269 48 21 dem
515 269 78 22 förstär
608 269 50 26 den;
674 269 40 21 den
730 269 68 21 mäste
810 269 26 27 ju
851 269 40 21 ock
905 268 68 22 förstä
987 268 56 22 hvad

222 298 36 21 det
273 298 36 21 vill
324 298 56 26 säga,
390 300 38 19 när
444 298 49 22 dess
509 300 63 20 söner
587 298 49 21 med
651 298 48 21 våld
714 298 85 26 tvingas
814 300 32 19 att
861 297 82 28 aflägga
958 303 26 15 en
1000 297 43 22 edi

222 326 69 22 direkt
306 326 53 22 strid
375 326 48 22 med
438 326 62 22 deras
516 329 100 23 samvete,
632 326 39 22 och
686 326 40 21 den
739 326 79 22 förstär
828 326 55 22 hvad
894 326 36 22 det
940 326 36 21 vill
987 328 55 25 säga,

222 357 38 19 när
279 355 41 21 den
339 354 32 22 fär
386 357 107 25 emottaga
507 355 47 22 frän
570 354 162 23 ämbetsverken
747 361 81 21 papper
843 356 7 20 i
865 355 80 27 viktiga
960 354 83 28 angelä-

223 383 101 27 genheter
346 383 39 21 och
409 384 61 21 dessa
491 390 81 22 papper
590 386 37 20 äro
646 383 81 23 skrifna
742 384 28 27 pä
784 384 69 27 ryska.
885 384 45 22 Och
945 384 41 21 den
1002 385 41 23 vet,

222 415 32 19 att
268 412 75 22 sädant
358 412 68 28 aldrig
440 412 58 22 förut
512 412 136 22 förekommit
662 413 7 21 i
684 412 47 22 värt
745 412 55 26 land,
816 413 39 21 och
871 419 28 15 nu
908 412 78 22 förstär
997 412 46 25 den,

222 444 31 18 att
268 441 50 21 dess
332 440 104 28 heligaste
451 442 117 27 mänskliga
583 441 123 27 rättigheter
722 444 37 18 äro
771 441 83 22 hotade.
877 441 50 21 Icke
937 441 108 27 underligt

223 469 76 24 därför,
315 476 34 15 om
371 469 173 28 landtdagsvalen
565 470 54 22 varit
638 470 24 22 sä
679 470 111 27 enhälliga.
820 470 50 22 Icke
885 470 112 26 underligt,
1013 471 32 20 att

223 504 25 16 en
265 499 54 21 enda
330 504 121 21 gemensam
462 501 46 19 röst
519 499 45 27 höjt
576 500 33 26 sig
619 499 48 21 med
677 498 109 22 föreskrift
795 498 33 22 för
838 499 205 27 landtdagsmännen

223 530 31 18 att
269 527 52 21 söka
335 527 52 21 räda
402 528 37 21 bot
454 528 27 26 pä
496 528 58 22 detta
568 528 164 21 fruktansvärda
746 528 62 21 onda.

293 556 26 21 Vi
337 556 33 21 stä
389 562 27 15 nu
435 556 55 22 inför
507 557 124 26 afgörandet
649 562 34 16 om
702 556 56 22 hvad
772 562 47 16 som
835 556 53 22 skall
904 558 69 25 göras.
1002 556 42 26 Jag

224 586 22 20 är
269 584 32 22 för
324 585 42 21 min
389 585 34 21 del
441 585 46 21 icke
505 585 96 22 tveksam
620 591 34 15 om
670 588 36 22 att,
722 585 71 21 säsom
810 585 105 21 utskottet
929 584 115 27 föreslagit,

223 614 50 26 ingä
288 613 48 21 med
352 620 25 14 en
393 614 89 26 petition
498 620 34 15 om
548 613 148 28 upphäfvande
711 613 23 21 af
747 614 26 21 de
783 614 65 26 lagar,
858 613 72 22 hvilka
939 614 26 21 sä
975 617 70 23 grymt

224 642 141 22 missbrukats
384 646 44 18 mot
445 642 46 21 värt
506 642 49 26 folk,
570 649 47 15 men
630 642 38 27 jag
683 642 54 22 hade
752 642 54 22 dock
822 644 65 25 gärna
902 644 47 24 sett,
965 643 31 20 att
1011 642 32 21 uti

224 670 116 22 utskottets
362 670 62 26 kläm,
447 677 35 15 om
504 671 85 21 hvilken
609 672 37 26 jag
664 671 84 22 förenar
767 672 47 26 mig,
830 671 54 21 hade
898 671 69 27 ingätt
982 670 61 22 äfven

224 699 118 27 nägonting
362 705 35 15 om
415 700 145 26 värneplikten
576 700 7 21 i
598 700 153 26 sammanhang
765 700 48 21 med
829 700 40 21 den
885 700 96 25 relation,
997 705 46 15 som

224 728 27 26 pä
267 728 45 22 sida
332 728 26 21 15
372 728 114 22 förefinnes
500 729 7 21 i
524 728 242 26 utskottsbetänkandet,
782 728 88 22 emedan
883 729 38 27 jag
935 734 62 16 anser
1013 730 31 19 att

226 756 203 28 värnepliktsfrägan
444 758 55 20 dock
514 760 23 18 är
553 758 47 25 den,
615 764 46 15 som
675 759 23 19 är
713 759 61 19 roten
790 757 32 21 till
837 757 37 21 allt
886 758 35 20 det
934 757 61 25 onda,
1007 756 37 22 allt

224 786 36 20 det
281 785 81 26 elände,
378 791 45 15 som
445 785 97 28 öfvergär
560 792 42 16 oss.
632 786 34 21 Dä
677 786 38 27 jag
730 786 117 21 emellertid
860 786 47 21 icke
921 786 41 21 kan
977 785 67 22 förut-

225 816 59 24 sätta,
300 816 31 19 att
346 814 42 21 min
405 814 81 22 önskan
502 814 52 22 skall
570 815 26 27 gå
610 815 86 27 igenom
711 814 39 22 och
766 816 32 20 att
812 815 116 27 petitionen
944 814 22 22 af
975 814 70 22 denna

224 842 114 26 anledning
360 842 68 22 skulle
451 842 64 22 blifva
536 843 124 22 remitterad
678 843 31 21 till
727 843 110 26 utskottet,
856 844 68 20 mäste
936 843 38 27 jag
989 842 55 22 afstä

224 870 98 23 därifrän.
352 872 42 26 Jag
416 871 92 28 begärde
532 872 64 21 ocksä
618 872 61 21 ordet
696 872 119 27 egentligen
831 872 49 21 med
895 871 115 28 anledning
1024 871 23 22 af

225 900 35 21 det
282 899 44 22 ofta
349 901 123 26 upprepade
491 901 127 26 klagomälet
634 901 64 25 öfver,
714 903 31 19 att
763 907 26 14 en
805 901 131 21 reservation
953 900 91 27 bifogats

225 928 147 21 betänkandet.
400 929 42 26 Jag
457 929 40 22 kan
512 929 46 22 icke
573 929 62 22 finna,
650 931 32 20 att
697 929 36 21 det
747 929 67 27 ligger
830 935 26 15 en
872 929 23 21 sä
911 931 45 20 stor
971 928 74 28 olycka

224 957 52 22 däri.
304 957 42 26 Jag
366 963 62 16 anser
451 960 98 24 tvärtom,
564 960 32 19 att
618 958 68 21 denna
708 958 132 21 reservation
858 957 7 21 i
880 957 76 27 själfva
971 957 74 22 värket

226 985 82 28 styrker
330 985 80 28 frägan,
428 989 22 24 ty
469 987 40 21 den
528 987 62 22 visar,
605 989 31 19 att
650 987 110 26 angäende
775 986 147 22 hufvudsaken
939 986 44 21 stär
997 985 48 22 hela

225 1015 57 21 detta
299 1013 45 23 folk
362 1021 45 14 som
423 1021 27 14 en
465 1016 55 21 enda
535 1022 55 15 man.
619 1015 38 22 Att
672 1021 48 15 man
736 1015 38 21 har
789 1015 56 21 olika
859 1015 56 21 åsikt
929 1021 35 14 om
980 1017 65 19 sättet

224 1047 32 17 att
270 1042 22 22 af
305 1043 71 27 hjälpa
391 1043 35 22 det
442 1044 92 25 onda,är
547 1044 24 27 ju
587 1043 45 22 icke
648 1050 25 15 en
690 1043 78 28 olycka.
797 1044 50 21 Icke
863 1043 42 22 kan
915 1049 49 16 man
974 1043 22 22 fä
1005 1043 41 22 alla

225 1071 122 22 människor
362 1074 32 18 att
408 1072 64 21 tänka
487 1073 41 20 lika
543 1073 7 20 i
562 1073 99 21 afseende
676 1072 13 21 å
704 1074 64 19 sättet
783 1071 33 22 för
831 1079 26 14 en
869 1072 48 21 saks
928 1071 117 22 utförande.

224 1101 41 26 Jag
289 1099 32 21 fär
344 1100 63 21 ocksä
429 1101 66 21 tillika
518 1101 98 24 erkänna,
639 1103 31 19 att
692 1100 182 27 framställningen
897 1101 31 21 uti
950 1106 95 16 reserva-

225 1129 72 21 tionen
326 1128 84 22 tilltalar
440 1129 44 27 mig
511 1136 45 14 mer
583 1131 26 20 än
637 1128 182 28 framställningen
845 1130 7 20 i
877 1128 168 22 utskottsbetän-

224 1157 84 21 kandet.
337 1158 42 25 Jag
401 1157 54 21 hade
474 1158 81 25 önskat,
571 1161 31 18 att
620 1158 116 20 utskottets
751 1157 156 27 framställning
922 1157 54 21 hade
991 1158 54 20 varit

225 1185 82 21 mindre
322 1185 56 21 sträf
390 1187 26 19 än
432 1186 55 20 hvad
504 1186 40 22 den
560 1188 28 19 är.
620 1186 42 21 Det
677 1186 37 22 har
730 1186 54 22 dock
799 1186 46 21 icke
859 1186 54 21 fallit
928 1186 43 26 mig
982 1186 21 21 in
1014 1188 31 19 att

224 1214 83 21 anhålla
330 1220 34 15 om
387 1214 121 22 återremiss
532 1216 47 20 med
600 1214 99 22 afseende
716 1215 12 21 ä
746 1214 75 28 själfva
841 1214 160 27 motiveringen,
1022 1215 25 21 sä

225 1242 82 28 mycket
322 1242 83 22 mindre
420 1249 46 15 som
479 1243 38 27 jag
531 1250 63 15 anser
610 1244 58 21 detta
682 1244 85 21 lönlöst.
796 1244 42 26 Jag
853 1244 36 20 ber
905 1243 55 22 blott
975 1242 70 22 därför

224 1271 20 21 fä
259 1271 73 21 förena
347 1272 44 26 mig
406 1272 48 21 med
469 1272 105 22 utskottet
589 1273 6 21 i
611 1272 49 22 dess
675 1272 62 21 kläm.

293 1327 46 21 Hra
354 1327 115 24 Heikel,
519 1328 101 21 Teodor:
642 1328 42 26 Jag
703 1328 53 21 hade
771 1328 98 26 hoppats,
884 1330 32 19 att
931 1328 115 21 ständerna

225 1356 71 20 kunde
310 1355 74 21 förena
399 1356 33 26 sig
446 1362 35 14 om
497 1356 143 21 betänkandet
656 1356 70 21 säsom
742 1356 82 26 sädant,
840 1358 51 19 utan
906 1358 33 19 att
949 1356 24 22 sä
983 1356 62 27 länga

224 1384 148 21 diskussioner
394 1384 69 21 skulle
486 1384 100 28 utspinna
608 1385 38 27 sig.
677 1384 33 22 Dä
728 1385 119 21 emellertid
864 1387 70 19 röster
952 1384 46 28 höjt
1013 1386 33 26 sig

225 1412 32 22 för
272 1415 32 19 att
318 1412 142 22 betänkandet
476 1413 66 21 borde
554 1413 7 21 i
572 1413 38 21 och
621 1413 32 21 för
664 1414 206 27 sammanjämkning
879 1414 166 21 äterremitteras

225 1441 31 21 till
279 1441 109 27 utskottet,
408 1442 22 21 sä
449 1442 38 21 har
503 1442 38 27 jag
559 1442 55 22 velat
628 1445 50 24 taga
693 1442 45 28 mig
751 1442 56 22 talan
822 1443 8 21 i
845 1443 70 21 denna
929 1443 45 21 sak.
1004 1443 42 27 Jag

225 1470 37 21 har
286 1470 92 28 grundat
400 1471 42 21 min
466 1470 136 28 uppfattning
620 1477 40 20 om,
675 1473 32 19 att
722 1471 238 22 utskottsbetänkandet
974 1471 72 22 kunde

226 1501 50 19 utan
299 1499 73 22 vidare
395 1500 129 26 godkännas,
542 1500 28 27 pä
590 1500 35 22 det
643 1499 88 27 faktum,
750 1502 31 20 att
796 1500 119 22 detsamma
929 1500 116 22 innehäller

224 1527 37 22 allt
282 1528 35 22 det
337 1528 117 27 väsentliga
471 1528 55 22 hvad
545 1529 47 22 värt
609 1528 69 23 finska
692 1528 44 22 folk
751 1529 67 21 under
834 1529 69 22 denna
918 1529 82 22 nödens
1015 1530 31 21 tid
