1086 1773
214 144 42 35 390
582 144 76 35 Koulu.
887 151 27 16 29
926 155 20 16 p.
957 151 81 20 jouluk.

218 222 55 25 sitet,
296 221 156 21 vördsammast
474 221 88 25 anhälla,
577 221 32 20 att
623 220 37 21 det
675 219 105 27 vällofliga
790 219 182 32 borgareständet
987 218 51 22 ville

214 250 67 27 jämte
296 249 68 27 öfriga
380 249 63 22 ständ
459 249 89 21 omfatta
563 255 25 15 en
605 248 132 27 underdänig
752 249 88 26 petition
856 254 7 14 i
879 248 36 21 det
930 247 62 27 syfte:

490 307 33 20 att
546 306 25 21 de
587 307 32 19 tre
632 305 91 28 privata
737 305 270 28 fortsätiningsklasserna
1028 304 11 21 i

424 334 141 22 Mariehamn
580 333 67 22 måtte
662 334 29 26 af
701 335 71 20 staten
788 333 123 28 öfrertagas
927 333 38 22 och
978 340 59 15 sam-

423 363 99 22 mansläs
538 363 48 21 med
599 362 142 28 femklassiga
753 363 169 20 reallärovärket
931 362 10 20 i
951 369 87 14 samma

422 393 50 20 stad
492 392 34 21 till
541 393 28 20 ett
585 391 143 28 fullständigt
742 391 139 27 ättaklassigt
895 391 141 32 svensksprä-

422 420 45 28 kigt
484 419 147 23 reallärovärk
646 420 49 21 med
709 419 175 22 dimissionsrätt
901 420 34 21 till
945 426 91 15 univer-

422 449 50 21 sitet
486 451 58 19 samt
559 451 33 19 att
606 449 76 20 skolan
697 448 58 28 finge
770 448 71 22 säsom
858 449 68 20 elever
942 450 96 26 mottaga

423 477 52 22 bäde
488 484 77 21 gossar
579 477 39 22 och
633 477 82 27 flickor.

288 534 136 27 Helsingfors
440 535 40 21 den
496 535 27 21 22
539 534 110 22 december
666 534 60 21 1904.

734 591 77 22 Julius
827 591 25 22 E.
868 590 102 23 Jansson.

287 679 46 21 Hra
350 679 135 22 Jansson
499 679 45 21 luki
557 678 55 27 julki
628 678 224 22 anomusehdotuksen
869 685 91 21 ponnen,
975 678 64 27 jonka

216 707 85 28 jälkeen
322 707 90 22 ehdotus
431 707 212 28 anomuksentekijän
659 709 118 25 pyynnöstä
792 707 81 28 pantiin
888 707 97 28 pöydälle
1000 708 40 21 toi-

220 743 50 14 seen
284 737 174 26 täysi-istuntoon
474 743 86 14 vuonna
578 736 61 21 1905.

288 879 107 22 Esiteltiin
420 880 189 25 anomusehdotus,
631 879 67 28 jonka
722 880 38 21 hra
810 880 94 21 Teodor
928 880 113 21 Heikel

220 910 57 25 ynnä
298 909 35 21 hrt
381 908 119 26 Åkesson,
517 908 154 22 Snellman
691 909 51 20 sekä
758 908 104 27 Hynön
879 909 64 21 olivat
958 909 83 21 allekir-

218 937 113 28 joittaneet
343 937 23 27 ja
379 937 51 27 joka
446 937 28 21 oli
490 937 48 21 näin
554 937 103 22 kuuluva:

454 1023 40 20 Till
509 1023 105 26 vällofliga
629 1023 182 26 borgareständet.

288 1080 41 21 Vid
346 1079 53 21 1897
415 1080 35 21 års
466 1080 101 26 landtdag
582 1080 67 21 enade
665 1080 33 25 sig
713 1080 115 21 ständerna
843 1086 35 15 om
894 1087 24 14 en
936 1080 104 22 underdä-

219 1108 37 27 nig
278 1108 88 27 petition
389 1108 7 21 i
418 1107 56 28 syfte
496 1110 36 23 att,
555 1108 46 21 med
626 1107 101 22 afseende
749 1109 12 21 &
784 1109 256 27 skogshushällningsfrä-

220 1143 53 20 gans
294 1136 134 22 brådskande
450 1136 149 27 beskaffenhet,
619 1136 123 27 tillräckliga
757 1137 75 27 anslag
846 1137 34 21 för
897 1137 144 27 befrämjande

220 1165 24 21 af
264 1171 26 14 en
312 1165 117 21 förbättrad
452 1165 203 27 skogshushållning
677 1166 7 20 i
707 1165 25 21 de
750 1166 84 26 privata
848 1165 107 28 skogarna
971 1166 69 21 blefve

220 1193 76 22 ställda
307 1193 31 22 till
350 1193 157 27 hushållnings-
523 1194 38 21 och
576 1193 261 28 landtbrukssällskapens
853 1195 136 26 disposition;
1000 1195 40 21 och

219 1221 128 22 förordnade
362 1222 60 21 Hans
439 1222 118 27 Kejserliga
572 1222 99 27 Majestät
686 1223 7 20 i
708 1223 116 26 anledning
838 1223 62 21 däraf
913 1229 75 20 genom
1003 1223 37 22 nå-

220 1251 46 26 digt
280 1250 49 21 bref
342 1249 22 22 af
377 1251 40 20 den
433 1251 28 20 24
476 1251 115 21 november
605 1250 60 26 1898,
678 1253 31 19 att
724 1253 31 19 ett
769 1251 75 27 anslag
858 1251 23 22 af
893 1251 77 26 50,000
980 1252 60 21 mark

220 1279 68 22 skulle
308 1279 46 21 från
378 1279 39 21 och
439 1279 49 21 med
508 1279 23 22 år
547 1279 60 26 1899,
623 1279 31 21 till
669 1285 26 15 en
711 1279 73 28 början
801 1280 5 21 i
824 1280 28 21 tio
868 1280 35 21 års
919 1280 36 27 tid,
970 1280 12 21 å
997 1282 43 20 stat

220 1308 102 25 uppföras
344 1307 31 21 till
398 1308 173 20 understödande
593 1307 22 21 af
635 1307 123 21 förenämda
781 1308 93 27 sällskap
892 1311 57 18 samt
970 1308 70 21 finska

219 1334 179 28 forstföreningen
422 1335 7 20 i
451 1336 75 25 antydt
547 1335 60 26 syfte,
630 1335 117 27 hvarjämte
765 1336 113 27 kejserliga
901 1339 86 18 senaten
1004 1337 35 20 be-

219 1363 139 27 myndigades
373 1365 31 19 att
420 1363 77 21 mellan
508 1363 157 27 hushållnings-
676 1363 39 22 och
725 1363 248 28 landtbrukssällskapen
984 1367 56 19 samt

218 1391 180 28 forstföreningen
421 1391 82 22 fördela
525 1392 96 27 anslaget
643 1391 109 23 äfvensom
772 1393 97 22 meddela
882 1393 110 22 föreskrift
1006 1395 34 20 rö-

220 1421 66 21 rande
307 1421 61 21 deras
388 1420 120 28 skyldighet
523 1423 31 20 att
569 1420 91 22 aflämna
674 1421 138 29 redovisning
826 1422 38 22 och
880 1423 114 21 berättelse
1009 1422 31 22 öf-

219 1456 38 15 ver
272 1450 94 22 medlens
382 1450 143 27 användning.

289 1478 32 22 På
343 1478 69 28 grund
435 1478 23 22 af
478 1478 59 22 detta
557 1479 77 27 nådiga
649 1478 142 23 förordnande
807 1479 106 23 tilldelade
927 1480 113 28 kejserliga

220 1510 89 20 senaten
331 1507 33 22 för
386 1508 102 27 perioden
513 1508 140 22 1899—1903
676 1508 22 21 af
717 1508 139 22 omförmälda
874 1509 75 27 anslag
970 1509 69 22 finska

218 1536 182 28 forstföreningen
423 1539 31 19 ett
477 1536 63 28 årligt
561 1536 75 28 bidrag
658 1536 23 22 af
697 1537 63 26 4,500
782 1537 66 27 mark,
863 1537 33 22 för
911 1538 70 21 hvilka
996 1544 44 15 me-
