<?xml version="1.0" encoding="UTF-8"?>
<alto xmlns="http://www.loc.gov/standards/alto/ns-v3#" xmlns:xlink="http://www.w3.org/1999/xlink" xmlns:xsi="http://www.w3.org/2001/XMLSchema-instance" xsi:schemaLocation="http://www.loc.gov/standards/alto/ns-v3# http://www.loc.gov/alto/v3/alto-3-0.xsd">
	<Description>
		<MeasurementUnit>pixel</MeasurementUnit>
		<sourceImageInformation>
			<fileName>/tmp/tess_dotjxryd_input.PNG</fileName>
		</sourceImageInformation>
		<OCRProcessing ID="OCR_0">
			<ocrProcessingStep>
				<processingSoftware>
					<softwareName>tesseract 5.3.4</softwareName>
				</processingSoftware>
			</ocrProcessingStep>
		</OCRProcessing>
	</Description>
	<Layout>
		<Page WIDTH="1103" HEIGHT="1767" PHYSICAL_IMG_NR="0" ID="page_0">
			<PrintSpace HPOS="0" VPOS="0" WIDTH="1103" HEIGHT="1767">
				<ComposedBlock ID="cblock_0" HPOS="533" VPOS="144" WIDTH="170" HEIGHT="17">
					<TextBlock ID="block_0" HPOS="533" VPOS="144" WIDTH="170" HEIGHT="17">
						<TextLine ID="line_0" HPOS="533" VPOS="144" WIDTH="170" HEIGHT="17">
							<String ID="string_0" HPOS="533" VPOS="144" WIDTH="170" HEIGHT="17" WC="0.75" CONTENT="Konkurssilaki."/>
						</TextLine>
					</TextBlock>
				</ComposedBlock>
				<ComposedBlock ID="cblock_1" HPOS="883" VPOS="144" WIDTH="147" HEIGHT="20">
					<TextBlock ID="block_1" HPOS="883" VPOS="144" WIDTH="147" HEIGHT="20">
						<TextLine ID="line_1" HPOS="883" VPOS="144" WIDTH="147" HEIGHT="20">
							<String ID="string_1" HPOS="883" VPOS="144" WIDTH="24" HEIGHT="16" WC="0.89" CONTENT="21"/><SP WIDTH="12" VPOS="144" HPOS="907"/>
							<String ID="string_2" HPOS="919" VPOS="148" WIDTH="19" HEIGHT="16" WC="0.96" CONTENT="p."/><SP WIDTH="10" VPOS="148" HPOS="938"/>
							<String ID="string_3" HPOS="948" VPOS="144" WIDTH="82" HEIGHT="19" WC="0.96" CONTENT="jouluk."/>
						</TextLine>
					</TextBlock>
				</ComposedBlock>
				<GraphicalElement ID="cblock_2" HPOS="210" VPOS="171" WIDTH="820" HEIGHT="4"></GraphicalElement >
				<ComposedBlock ID="cblock_3" HPOS="209" VPOS="198" WIDTH="822" HEIGHT="70">
					<TextBlock ID="block_2" HPOS="209" VPOS="198" WIDTH="822" HEIGHT="70">
						<TextLine ID="line_2" HPOS="278" VPOS="198" WIDTH="753" HEIGHT="42">
							<String ID="string_4" HPOS="278" VPOS="204" WIDTH="18" HEIGHT="28" WC="0.89" CONTENT="Ä"/><SP WIDTH="18" VPOS="204" HPOS="296"/>
							<String ID="string_5" HPOS="314" VPOS="211" WIDTH="181" HEIGHT="28" WC="0.89" CONTENT="inställelsedagen"/><SP WIDTH="10" VPOS="211" HPOS="495"/>
							<String ID="string_6" HPOS="505" VPOS="212" WIDTH="40" HEIGHT="21" WC="0.93" CONTENT="och"/><SP WIDTH="11" VPOS="212" HPOS="545"/>
							<String ID="string_7" HPOS="556" VPOS="212" WIDTH="55" HEIGHT="21" WC="0.96" CONTENT="skild"/><SP WIDTH="16" VPOS="212" HPOS="611"/>
							<String ID="string_8" HPOS="627" VPOS="198" WIDTH="133" HEIGHT="42" WC="0.88" CONTENT="uppropsdag"/><SP WIDTH="11" VPOS="198" HPOS="760"/>
							<String ID="string_9" HPOS="771" VPOS="212" WIDTH="96" HEIGHT="27" WC="0.92" CONTENT="vidtager"/><SP WIDTH="13" VPOS="212" HPOS="867"/>
							<String ID="string_10" HPOS="880" VPOS="211" WIDTH="74" HEIGHT="21" WC="0.93" CONTENT="mälets"/><SP WIDTH="10" VPOS="211" HPOS="954"/>
							<String ID="string_11" HPOS="964" VPOS="210" WIDTH="67" HEIGHT="22" WC="0.92" CONTENT="hand-"/>
						</TextLine>
						<TextLine ID="line_3" HPOS="209" VPOS="240" WIDTH="388" HEIGHT="28">
							<String ID="string_12" HPOS="209" VPOS="240" WIDTH="100" HEIGHT="28" WC="0.96" CONTENT="läggning"/><SP WIDTH="16" VPOS="240" HPOS="309"/>
							<String ID="string_13" HPOS="325" VPOS="240" WIDTH="89" HEIGHT="21" WC="0.93" CONTENT="klockan"/><SP WIDTH="14" VPOS="240" HPOS="414"/>
							<String ID="string_14" HPOS="428" VPOS="240" WIDTH="41" HEIGHT="21" WC="0.83" CONTENT="tolf"/><SP WIDTH="14" VPOS="240" HPOS="469"/>
							<String ID="string_15" HPOS="483" VPOS="240" WIDTH="28" HEIGHT="28" WC="0.96" CONTENT="pä"/><SP WIDTH="14" VPOS="240" HPOS="511"/>
							<String ID="string_16" HPOS="525" VPOS="240" WIDTH="72" HEIGHT="28" WC="0.96" CONTENT="dagen."/>
						</TextLine>
					</TextBlock>
				</ComposedBlock>
				<ComposedBlock ID="cblock_4" HPOS="210" VPOS="310" WIDTH="822" HEIGHT="238">
					<TextBlock ID="block_3" HPOS="210" VPOS="310" WIDTH="822" HEIGHT="238">
						<TextLine ID="line_4" HPOS="593" VPOS="310" WIDTH="60" HEIGHT="26">
							<String ID="string_17" HPOS="593" VPOS="310" WIDTH="25" HEIGHT="20" WC="0.91" CONTENT="16"/><SP WIDTH="17" VPOS="310" HPOS="618"/>
							<String ID="string_18" HPOS="635" VPOS="310" WIDTH="18" HEIGHT="26" WC="0.80" CONTENT="&amp;."/>
						</TextLine>
						<TextLine ID="line_5" HPOS="279" VPOS="347" WIDTH="753" HEIGHT="30">
							<String ID="string_19" HPOS="279" VPOS="348" WIDTH="120" HEIGHT="28" WC="0.90" CONTENT="Offentliga"/><SP WIDTH="23" VPOS="348" HPOS="399"/>
							<String ID="string_20" HPOS="422" VPOS="348" WIDTH="135" HEIGHT="29" WC="0.92" CONTENT="kungörelsen"/><SP WIDTH="16" VPOS="348" HPOS="557"/>
							<String ID="string_21" HPOS="573" VPOS="348" WIDTH="54" HEIGHT="22" WC="0.93" CONTENT="skall"/><SP WIDTH="15" VPOS="348" HPOS="627"/>
							<String ID="string_22" HPOS="642" VPOS="352" WIDTH="74" HEIGHT="24" WC="0.93" CONTENT="genast"/><SP WIDTH="16" VPOS="352" HPOS="716"/>
							<String ID="string_23" HPOS="732" VPOS="348" WIDTH="49" HEIGHT="21" WC="0.96" CONTENT="eller"/><SP WIDTH="15" VPOS="348" HPOS="781"/>
							<String ID="string_24" HPOS="796" VPOS="351" WIDTH="70" HEIGHT="18" WC="0.96" CONTENT="senast"/><SP WIDTH="15" VPOS="351" HPOS="866"/>
							<String ID="string_25" HPOS="881" VPOS="347" WIDTH="92" HEIGHT="28" WC="0.96" CONTENT="följande"/><SP WIDTH="15" VPOS="347" HPOS="973"/>
							<String ID="string_26" HPOS="988" VPOS="347" WIDTH="44" HEIGHT="29" WC="0.96" CONTENT="dag"/>
						</TextLine>
						<TextLine ID="line_6" HPOS="212" VPOS="376" WIDTH="820" HEIGHT="30">
							<String ID="string_27" HPOS="212" VPOS="376" WIDTH="68" HEIGHT="22" WC="0.93" CONTENT="anslås"/><SP WIDTH="15" VPOS="376" HPOS="280"/>
							<String ID="string_28" HPOS="295" VPOS="377" WIDTH="12" HEIGHT="21" WC="0.92" CONTENT="å"/><SP WIDTH="14" VPOS="377" HPOS="307"/>
							<String ID="string_29" HPOS="321" VPOS="379" WIDTH="80" HEIGHT="19" WC="0.93" CONTENT="rättens"/><SP WIDTH="22" VPOS="379" HPOS="401"/>
							<String ID="string_30" HPOS="423" VPOS="377" WIDTH="136" HEIGHT="29" WC="0.88" CONTENT="anslagstafla"/><SP WIDTH="14" VPOS="377" HPOS="559"/>
							<String ID="string_31" HPOS="573" VPOS="380" WIDTH="55" HEIGHT="18" WC="0.96" CONTENT="samt"/><SP WIDTH="14" VPOS="380" HPOS="628"/>
							<String ID="string_32" HPOS="642" VPOS="378" WIDTH="56" HEIGHT="20" WC="0.96" CONTENT="inom"/><SP WIDTH="16" VPOS="378" HPOS="698"/>
							<String ID="string_33" HPOS="714" VPOS="385" WIDTH="25" HEIGHT="13" WC="0.93" CONTENT="en"/><SP WIDTH="16" VPOS="385" HPOS="739"/>
							<String ID="string_34" HPOS="755" VPOS="376" WIDTH="67" HEIGHT="22" WC="0.92" CONTENT="vecka"/><SP WIDTH="14" VPOS="376" HPOS="822"/>
							<String ID="string_35" HPOS="836" VPOS="376" WIDTH="98" HEIGHT="22" WC="0.92" CONTENT="afsändas"/><SP WIDTH="15" VPOS="376" HPOS="934"/>
							<String ID="string_36" HPOS="949" VPOS="376" WIDTH="33" HEIGHT="21" WC="0.96" CONTENT="för"/><SP WIDTH="15" VPOS="376" HPOS="982"/>
							<String ID="string_37" HPOS="997" VPOS="380" WIDTH="35" HEIGHT="17" WC="0.95" CONTENT="att"/>
						</TextLine>
						<TextLine ID="line_7" HPOS="212" VPOS="405" WIDTH="818" HEIGHT="29">
							<String ID="string_38" HPOS="212" VPOS="405" WIDTH="24" HEIGHT="22" WC="0.96" CONTENT="sä"/><SP WIDTH="14" VPOS="405" HPOS="236"/>
							<String ID="string_39" HPOS="250" VPOS="406" WIDTH="43" HEIGHT="21" WC="0.93" CONTENT="fort"/><SP WIDTH="14" VPOS="406" HPOS="293"/>
							<String ID="string_40" HPOS="307" VPOS="405" WIDTH="38" HEIGHT="22" WC="0.96" CONTENT="ske"/><SP WIDTH="15" VPOS="405" HPOS="345"/>
							<String ID="string_41" HPOS="360" VPOS="406" WIDTH="41" HEIGHT="22" WC="0.96" CONTENT="kan"/><SP WIDTH="23" VPOS="406" HPOS="401"/>
							<String ID="string_42" HPOS="424" VPOS="406" WIDTH="78" HEIGHT="21" WC="0.95" CONTENT="införas"/><SP WIDTH="15" VPOS="406" HPOS="502"/>
							<String ID="string_43" HPOS="517" VPOS="407" WIDTH="7" HEIGHT="20" WC="0.95" CONTENT="i"/><SP WIDTH="15" VPOS="407" HPOS="524"/>
							<String ID="string_44" HPOS="539" VPOS="406" WIDTH="104" HEIGHT="21" WC="0.93" CONTENT="allmänna"/><SP WIDTH="21" VPOS="406" HPOS="643"/>
							<String ID="string_45" HPOS="664" VPOS="406" WIDTH="134" HEIGHT="28" WC="0.96" CONTENT="tidningarna"/><SP WIDTH="22" VPOS="406" HPOS="798"/>
							<String ID="string_46" HPOS="820" VPOS="405" WIDTH="40" HEIGHT="21" WC="0.49" CONTENT="och"/><SP WIDTH="15" VPOS="405" HPOS="860"/>
							<String ID="string_47" HPOS="875" VPOS="405" WIDTH="7" HEIGHT="21" WC="0.96" CONTENT="i"/><SP WIDTH="15" VPOS="405" HPOS="882"/>
							<String ID="string_48" HPOS="897" VPOS="405" WIDTH="67" HEIGHT="29" WC="0.91" CONTENT="någon"/><SP WIDTH="16" VPOS="405" HPOS="964"/>
							<String ID="string_49" HPOS="980" VPOS="405" WIDTH="50" HEIGHT="28" WC="0.92" CONTENT="eljes"/>
						</TextLine>
						<TextLine ID="line_8" HPOS="212" VPOS="434" WIDTH="789" HEIGHT="29">
							<String ID="string_50" HPOS="212" VPOS="434" WIDTH="12" HEIGHT="21" WC="0.93" CONTENT="å"/><SP WIDTH="15" VPOS="434" HPOS="224"/>
							<String ID="string_51" HPOS="239" VPOS="438" WIDTH="58" HEIGHT="18" WC="0.93" CONTENT="orten"/><SP WIDTH="16" VPOS="438" HPOS="297"/>
							<String ID="string_52" HPOS="313" VPOS="434" WIDTH="148" HEIGHT="22" WC="0.91" CONTENT="utkommande"/><SP WIDTH="15" VPOS="434" HPOS="461"/>
							<String ID="string_53" HPOS="476" VPOS="435" WIDTH="51" HEIGHT="21" WC="0.96" CONTENT="eller"/><SP WIDTH="14" VPOS="435" HPOS="527"/>
							<String ID="string_54" HPOS="541" VPOS="434" WIDTH="73" HEIGHT="29" WC="0.96" CONTENT="spridd"/><SP WIDTH="15" VPOS="434" HPOS="614"/>
							<String ID="string_55" HPOS="629" VPOS="434" WIDTH="82" HEIGHT="28" WC="0.96" CONTENT="tidning"/><SP WIDTH="15" VPOS="434" HPOS="711"/>
							<String ID="string_56" HPOS="726" VPOS="442" WIDTH="25" HEIGHT="14" WC="0.93" CONTENT="en"/><SP WIDTH="15" VPOS="442" HPOS="751"/>
							<String ID="string_57" HPOS="766" VPOS="434" WIDTH="56" HEIGHT="28" WC="0.96" CONTENT="gång"/><SP WIDTH="14" VPOS="434" HPOS="822"/>
							<String ID="string_58" HPOS="836" VPOS="434" WIDTH="165" HEIGHT="28" WC="0.96" CONTENT="offentliggöras."/>
						</TextLine>
						<TextLine ID="line_9" HPOS="279" VPOS="462" WIDTH="752" HEIGHT="30">
							<String ID="string_59" HPOS="279" VPOS="463" WIDTH="42" HEIGHT="21" WC="0.92" CONTENT="Om"/><SP WIDTH="16" VPOS="463" HPOS="321"/>
							<String ID="string_60" HPOS="337" VPOS="463" WIDTH="124" HEIGHT="21" WC="0.90" CONTENT="inställelse-"/><SP WIDTH="18" VPOS="463" HPOS="461"/>
							<String ID="string_61" HPOS="479" VPOS="464" WIDTH="39" HEIGHT="20" WC="0.93" CONTENT="och"/><SP WIDTH="22" VPOS="464" HPOS="518"/>
							<String ID="string_62" HPOS="540" VPOS="463" WIDTH="186" HEIGHT="29" WC="0.92" CONTENT="uppropsdagarna"/><SP WIDTH="15" VPOS="463" HPOS="726"/>
							<String ID="string_63" HPOS="741" VPOS="463" WIDTH="40" HEIGHT="21" WC="0.91" CONTENT="läte"/><SP WIDTH="16" VPOS="463" HPOS="781"/>
							<String ID="string_64" HPOS="797" VPOS="462" WIDTH="115" HEIGHT="22" WC="0.93" CONTENT="domstolen"/><SP WIDTH="31" VPOS="462" HPOS="912"/>
							<String ID="string_65" HPOS="943" VPOS="463" WIDTH="88" HEIGHT="27" WC="0.92" CONTENT="därjämte"/>
						</TextLine>
						<TextLine ID="line_10" HPOS="210" VPOS="490" WIDTH="822" HEIGHT="30">
							<String ID="string_66" HPOS="210" VPOS="492" WIDTH="8" HEIGHT="20" WC="0.93" CONTENT="i"/><SP WIDTH="15" VPOS="492" HPOS="218"/>
							<String ID="string_67" HPOS="233" VPOS="491" WIDTH="86" HEIGHT="22" WC="0.95" CONTENT="korthet"/><SP WIDTH="14" VPOS="491" HPOS="319"/>
							<String ID="string_68" HPOS="333" VPOS="492" WIDTH="8" HEIGHT="20" WC="0.93" CONTENT="i"/><SP WIDTH="14" VPOS="492" HPOS="341"/>
							<String ID="string_69" HPOS="355" VPOS="492" WIDTH="126" HEIGHT="28" WC="0.75" CONTENT="nyssnämda"/><SP WIDTH="18" VPOS="492" HPOS="481"/>
							<String ID="string_70" HPOS="499" VPOS="492" WIDTH="107" HEIGHT="27" WC="0.93" CONTENT="tidningar"/><SP WIDTH="19" VPOS="492" HPOS="606"/>
							<String ID="string_71" HPOS="625" VPOS="492" WIDTH="94" HEIGHT="28" WC="0.92" CONTENT="kungöra"/><SP WIDTH="14" VPOS="492" HPOS="719"/>
							<String ID="string_72" HPOS="733" VPOS="495" WIDTH="31" HEIGHT="17" WC="0.96" CONTENT="tre"/><SP WIDTH="16" VPOS="495" HPOS="764"/>
							<String ID="string_73" HPOS="780" VPOS="491" WIDTH="51" HEIGHT="21" WC="0.94" CONTENT="eller"/><SP WIDTH="18" VPOS="491" HPOS="831"/>
							<String ID="string_74" HPOS="849" VPOS="492" WIDTH="37" HEIGHT="20" WC="0.93" CONTENT="sist"/><SP WIDTH="14" VPOS="492" HPOS="886"/>
							<String ID="string_75" HPOS="900" VPOS="491" WIDTH="37" HEIGHT="21" WC="0.96" CONTENT="två"/><SP WIDTH="15" VPOS="491" HPOS="937"/>
							<String ID="string_76" HPOS="952" VPOS="490" WIDTH="80" HEIGHT="22" WC="0.96" CONTENT="veckor"/>
						</TextLine>
						<TextLine ID="line_11" HPOS="211" VPOS="520" WIDTH="249" HEIGHT="28">
							<String ID="string_77" HPOS="211" VPOS="520" WIDTH="46" HEIGHT="21" WC="0.93" CONTENT="före"/><SP WIDTH="15" VPOS="520" HPOS="257"/>
							<String ID="string_78" HPOS="272" VPOS="520" WIDTH="188" HEIGHT="28" WC="0.92" CONTENT="inställelsedagen."/>
						</TextLine>
					</TextBlock>
				</ComposedBlock>
				<ComposedBlock ID="cblock_5" HPOS="210" VPOS="579" WIDTH="822" HEIGHT="238">
					<TextBlock ID="block_4" HPOS="595" VPOS="579" WIDTH="58" HEIGHT="25">
						<TextLine ID="line_12" HPOS="595" VPOS="579" WIDTH="58" HEIGHT="25">
							<String ID="string_79" HPOS="595" VPOS="579" WIDTH="24" HEIGHT="19" WC="0.74" CONTENT="17"/><SP WIDTH="16" VPOS="579" HPOS="619"/>
							<String ID="string_80" HPOS="635" VPOS="580" WIDTH="18" HEIGHT="24" WC="0.56" CONTENT="8."/>
						</TextLine>
					</TextBlock>
					<TextBlock ID="block_5" HPOS="210" VPOS="616" WIDTH="822" HEIGHT="114">
						<TextLine ID="line_13" HPOS="279" VPOS="616" WIDTH="753" HEIGHT="29">
							<String ID="string_81" HPOS="279" VPOS="616" WIDTH="58" HEIGHT="28" WC="0.91" CONTENT="Eger"/><SP WIDTH="14" VPOS="616" HPOS="337"/>
							<String ID="string_82" HPOS="351" VPOS="617" WIDTH="126" HEIGHT="27" WC="0.92" CONTENT="gäldenären"/><SP WIDTH="24" VPOS="617" HPOS="477"/>
							<String ID="string_83" HPOS="501" VPOS="617" WIDTH="101" HEIGHT="28" WC="0.96" CONTENT="fastighet"/><SP WIDTH="15" VPOS="617" HPOS="602"/>
							<String ID="string_84" HPOS="617" VPOS="618" WIDTH="50" HEIGHT="20" WC="0.89" CONTENT="eller"/><SP WIDTH="24" VPOS="618" HPOS="667"/>
							<String ID="string_85" HPOS="691" VPOS="616" WIDTH="134" HEIGHT="28" WC="0.92" CONTENT="registreradt"/><SP WIDTH="15" VPOS="616" HPOS="825"/>
							<String ID="string_86" HPOS="840" VPOS="617" WIDTH="76" HEIGHT="28" WC="0.92" CONTENT="fartyg,"/><SP WIDTH="14" VPOS="617" HPOS="916"/>
							<String ID="string_87" HPOS="930" VPOS="616" WIDTH="53" HEIGHT="21" WC="0.96" CONTENT="skall"/><SP WIDTH="17" VPOS="616" HPOS="983"/>
							<String ID="string_88" HPOS="1000" VPOS="619" WIDTH="32" HEIGHT="18" WC="0.96" CONTENT="ett"/>
						</TextLine>
						<TextLine ID="line_14" HPOS="214" VPOS="645" WIDTH="817" HEIGHT="28">
							<String ID="string_89" HPOS="214" VPOS="645" WIDTH="107" HEIGHT="28" WC="0.92" CONTENT="exemplar"/><SP WIDTH="14" VPOS="645" HPOS="321"/>
							<String ID="string_90" HPOS="335" VPOS="645" WIDTH="23" HEIGHT="21" WC="0.88" CONTENT="af"/><SP WIDTH="23" VPOS="645" HPOS="358"/>
							<String ID="string_91" HPOS="381" VPOS="646" WIDTH="137" HEIGHT="27" WC="0.92" CONTENT="kungörelsen"/><SP WIDTH="23" VPOS="646" HPOS="518"/>
							<String ID="string_92" HPOS="541" VPOS="646" WIDTH="53" HEIGHT="21" WC="0.95" CONTENT="inom"/><SP WIDTH="14" VPOS="646" HPOS="594"/>
							<String ID="string_93" HPOS="608" VPOS="654" WIDTH="24" HEIGHT="13" WC="0.93" CONTENT="en"/><SP WIDTH="17" VPOS="654" HPOS="632"/>
							<String ID="string_94" HPOS="649" VPOS="645" WIDTH="67" HEIGHT="21" WC="0.92" CONTENT="vecka"/><SP WIDTH="14" VPOS="645" HPOS="716"/>
							<String ID="string_95" HPOS="730" VPOS="645" WIDTH="99" HEIGHT="21" WC="0.92" CONTENT="afsändas"/><SP WIDTH="15" VPOS="645" HPOS="829"/>
							<String ID="string_96" HPOS="844" VPOS="645" WIDTH="33" HEIGHT="21" WC="0.93" CONTENT="till"/><SP WIDTH="14" VPOS="645" HPOS="877"/>
							<String ID="string_97" HPOS="891" VPOS="645" WIDTH="116" HEIGHT="21" WC="0.92" CONTENT="domstolen"/><SP WIDTH="17" VPOS="645" HPOS="1007"/>
							<String ID="string_98" HPOS="1024" VPOS="645" WIDTH="7" HEIGHT="20" WC="0.96" CONTENT="i"/>
						</TextLine>
						<TextLine ID="line_15" HPOS="212" VPOS="673" WIDTH="820" HEIGHT="29">
							<String ID="string_99" HPOS="212" VPOS="674" WIDTH="41" HEIGHT="21" WC="0.96" CONTENT="den"/><SP WIDTH="15" VPOS="674" HPOS="253"/>
							<String ID="string_100" HPOS="268" VPOS="676" WIDTH="39" HEIGHT="24" WC="0.96" CONTENT="ort,"/><SP WIDTH="14" VPOS="676" HPOS="307"/>
							<String ID="string_101" HPOS="321" VPOS="673" WIDTH="38" HEIGHT="21" WC="0.95" CONTENT="där"/><SP WIDTH="22" VPOS="673" HPOS="359"/>
							<String ID="string_102" HPOS="381" VPOS="674" WIDTH="126" HEIGHT="28" WC="0.95" CONTENT="fastigheten"/><SP WIDTH="16" VPOS="674" HPOS="507"/>
							<String ID="string_103" HPOS="523" VPOS="674" WIDTH="72" HEIGHT="27" WC="0.96" CONTENT="ligger,"/><SP WIDTH="13" VPOS="674" HPOS="595"/>
							<String ID="string_104" HPOS="608" VPOS="674" WIDTH="56" HEIGHT="26" WC="0.96" CONTENT="eller,"/><SP WIDTH="18" VPOS="674" HPOS="664"/>
							<String ID="string_105" HPOS="682" VPOS="674" WIDTH="4" HEIGHT="20" WC="0.93" CONTENT="i"/><SP WIDTH="16" VPOS="674" HPOS="686"/>
							<String ID="string_106" HPOS="702" VPOS="674" WIDTH="59" HEIGHT="28" WC="0.88" CONTENT="fräga"/><SP WIDTH="15" VPOS="674" HPOS="761"/>
							<String ID="string_107" HPOS="776" VPOS="681" WIDTH="34" HEIGHT="13" WC="0.93" CONTENT="om"/><SP WIDTH="23" VPOS="681" HPOS="810"/>
							<String ID="string_108" HPOS="833" VPOS="674" WIDTH="76" HEIGHT="28" WC="0.92" CONTENT="fartyg,"/><SP WIDTH="21" VPOS="674" HPOS="909"/>
							<String ID="string_109" HPOS="930" VPOS="674" WIDTH="32" HEIGHT="20" WC="0.93" CONTENT="till"/><SP WIDTH="16" VPOS="674" HPOS="962"/>
							<String ID="string_110" HPOS="978" VPOS="673" WIDTH="54" HEIGHT="28" WC="0.93" CONTENT="regi-"/>
						</TextLine>
						<TextLine ID="line_16" HPOS="210" VPOS="702" WIDTH="199" HEIGHT="28">
							<String ID="string_111" HPOS="210" VPOS="702" WIDTH="199" HEIGHT="28" WC="0.92" CONTENT="stermyndigheten."/>
						</TextLine>
					</TextBlock>
					<TextBlock ID="block_6" HPOS="211" VPOS="731" WIDTH="821" HEIGHT="86">
						<TextLine ID="line_17" HPOS="278" VPOS="731" WIDTH="754" HEIGHT="29">
							<String ID="string_112" HPOS="278" VPOS="731" WIDTH="33" HEIGHT="21" WC="0.89" CONTENT="Ar"/><SP WIDTH="14" VPOS="731" HPOS="311"/>
							<String ID="string_113" HPOS="325" VPOS="732" WIDTH="125" HEIGHT="27" WC="0.90" CONTENT="gäldenären"/><SP WIDTH="24" VPOS="732" HPOS="450"/>
							<String ID="string_114" HPOS="474" VPOS="734" WIDTH="105" HEIGHT="26" WC="0.90" CONTENT="upptagen"/><SP WIDTH="16" VPOS="734" HPOS="579"/>
							<String ID="string_115" HPOS="595" VPOS="732" WIDTH="7" HEIGHT="20" WC="0.93" CONTENT="i"/><SP WIDTH="22" VPOS="732" HPOS="602"/>
							<String ID="string_116" HPOS="624" VPOS="731" WIDTH="191" HEIGHT="27" WC="0.91" CONTENT="handelsregistret,"/><SP WIDTH="18" VPOS="731" HPOS="815"/>
							<String ID="string_117" HPOS="833" VPOS="731" WIDTH="64" HEIGHT="21" WC="0.91" CONTENT="varde"/><SP WIDTH="23" VPOS="731" HPOS="897"/>
							<String ID="string_118" HPOS="920" VPOS="731" WIDTH="112" HEIGHT="27" WC="0.92" CONTENT="kungörel-"/>
						</TextLine>
						<TextLine ID="line_18" HPOS="211" VPOS="759" WIDTH="821" HEIGHT="29">
							<String ID="string_119" HPOS="211" VPOS="768" WIDTH="37" HEIGHT="13" WC="0.96" CONTENT="sen"/><SP WIDTH="15" VPOS="768" HPOS="248"/>
							<String ID="string_120" HPOS="263" VPOS="760" WIDTH="53" HEIGHT="21" WC="0.95" CONTENT="inom"/><SP WIDTH="17" VPOS="760" HPOS="316"/>
							<String ID="string_121" HPOS="333" VPOS="768" WIDTH="79" HEIGHT="13" WC="0.96" CONTENT="samma"/><SP WIDTH="17" VPOS="768" HPOS="412"/>
							<String ID="string_122" HPOS="429" VPOS="760" WIDTH="30" HEIGHT="21" WC="0.93" CONTENT="tid"/><SP WIDTH="22" VPOS="760" HPOS="459"/>
							<String ID="string_123" HPOS="481" VPOS="760" WIDTH="75" HEIGHT="21" WC="0.93" CONTENT="afsänd"/><SP WIDTH="14" VPOS="760" HPOS="556"/>
							<String ID="string_124" HPOS="570" VPOS="760" WIDTH="33" HEIGHT="21" WC="0.96" CONTENT="till"/><SP WIDTH="16" VPOS="760" HPOS="603"/>
							<String ID="string_125" HPOS="619" VPOS="760" WIDTH="39" HEIGHT="20" WC="0.93" CONTENT="den"/><SP WIDTH="23" VPOS="760" HPOS="658"/>
							<String ID="string_126" HPOS="681" VPOS="759" WIDTH="128" HEIGHT="29" WC="0.91" CONTENT="myndighet,"/><SP WIDTH="16" VPOS="759" HPOS="809"/>
							<String ID="string_127" HPOS="825" VPOS="767" WIDTH="44" HEIGHT="13" WC="0.96" CONTENT="som"/><SP WIDTH="15" VPOS="767" HPOS="869"/>
							<String ID="string_128" HPOS="884" VPOS="759" WIDTH="34" HEIGHT="21" WC="0.93" CONTENT="för"/><SP WIDTH="15" VPOS="759" HPOS="918"/>
							<String ID="string_129" HPOS="933" VPOS="759" WIDTH="99" HEIGHT="22" WC="0.92" CONTENT="handels-"/>
						</TextLine>
						<TextLine ID="line_19" HPOS="212" VPOS="788" WIDTH="563" HEIGHT="29">
							<String ID="string_130" HPOS="212" VPOS="789" WIDTH="103" HEIGHT="27" WC="0.96" CONTENT="registret,"/><SP WIDTH="16" VPOS="789" HPOS="315"/>
							<String ID="string_131" HPOS="331" VPOS="789" WIDTH="40" HEIGHT="21" WC="0.96" CONTENT="och"/><SP WIDTH="15" VPOS="789" HPOS="371"/>
							<String ID="string_132" HPOS="386" VPOS="789" WIDTH="32" HEIGHT="20" WC="0.93" CONTENT="till"/><SP WIDTH="17" VPOS="789" HPOS="418"/>
							<String ID="string_133" HPOS="435" VPOS="789" WIDTH="235" HEIGHT="28" WC="0.91" CONTENT="registermyndigheten"/><SP WIDTH="14" VPOS="789" HPOS="670"/>
							<String ID="string_134" HPOS="684" VPOS="788" WIDTH="12" HEIGHT="20" WC="0.92" CONTENT="å"/><SP WIDTH="15" VPOS="788" HPOS="696"/>
							<String ID="string_135" HPOS="711" VPOS="791" WIDTH="64" HEIGHT="18" WC="0.95" CONTENT="orten."/>
						</TextLine>
					</TextBlock>
				</ComposedBlock>
				<ComposedBlock ID="cblock_6" HPOS="210" VPOS="858" WIDTH="823" HEIGHT="325">
					<TextBlock ID="block_7" HPOS="593" VPOS="858" WIDTH="60" HEIGHT="26">
						<TextLine ID="line_20" HPOS="593" VPOS="858" WIDTH="60" HEIGHT="26">
							<String ID="string_136" HPOS="593" VPOS="858" WIDTH="26" HEIGHT="20" WC="0.88" CONTENT="18"/><SP WIDTH="16" VPOS="858" HPOS="619"/>
							<String ID="string_137" HPOS="635" VPOS="858" WIDTH="18" HEIGHT="26" WC="0.68" CONTENT="&amp;."/>
						</TextLine>
					</TextBlock>
					<TextBlock ID="block_8" HPOS="210" VPOS="896" WIDTH="823" HEIGHT="144">
						<TextLine ID="line_21" HPOS="279" VPOS="896" WIDTH="752" HEIGHT="30">
							<String ID="string_138" HPOS="279" VPOS="896" WIDTH="124" HEIGHT="22" WC="0.90" CONTENT="Domstolen"/><SP WIDTH="16" VPOS="896" HPOS="403"/>
							<String ID="string_139" HPOS="419" VPOS="897" WIDTH="78" HEIGHT="27" WC="0.89" CONTENT="äligeer"/><SP WIDTH="16" VPOS="897" HPOS="497"/>
							<String ID="string_140" HPOS="513" VPOS="900" WIDTH="32" HEIGHT="18" WC="0.96" CONTENT="att"/><SP WIDTH="14" VPOS="900" HPOS="545"/>
							<String ID="string_141" HPOS="559" VPOS="898" WIDTH="55" HEIGHT="20" WC="0.96" CONTENT="inom"/><SP WIDTH="16" VPOS="898" HPOS="614"/>
							<String ID="string_142" HPOS="630" VPOS="904" WIDTH="25" HEIGHT="14" WC="0.93" CONTENT="en"/><SP WIDTH="16" VPOS="904" HPOS="655"/>
							<String ID="string_143" HPOS="671" VPOS="897" WIDTH="67" HEIGHT="21" WC="0.91" CONTENT="vecka"/><SP WIDTH="14" VPOS="897" HPOS="738"/>
							<String ID="string_144" HPOS="752" VPOS="898" WIDTH="7" HEIGHT="20" WC="0.93" CONTENT="i"/><SP WIDTH="15" VPOS="898" HPOS="759"/>
							<String ID="string_145" HPOS="774" VPOS="898" WIDTH="81" HEIGHT="28" WC="0.93" CONTENT="omslag"/><SP WIDTH="15" VPOS="898" HPOS="855"/>
							<String ID="string_146" HPOS="870" VPOS="898" WIDTH="65" HEIGHT="20" WC="0.93" CONTENT="under"/><SP WIDTH="14" VPOS="898" HPOS="935"/>
							<String ID="string_147" HPOS="949" VPOS="899" WIDTH="82" HEIGHT="21" WC="0.91" CONTENT="rekom-"/>
						</TextLine>
						<TextLine ID="line_22" HPOS="210" VPOS="925" WIDTH="823" HEIGHT="29">
							<String ID="string_148" HPOS="210" VPOS="926" WIDTH="122" HEIGHT="21" WC="0.92" CONTENT="mendation"/><SP WIDTH="10" VPOS="926" HPOS="332"/>
							<String ID="string_149" HPOS="342" VPOS="926" WIDTH="98" HEIGHT="20" WC="0.91" CONTENT="tillsända"/><SP WIDTH="15" VPOS="926" HPOS="440"/>
							<String ID="string_150" HPOS="455" VPOS="926" WIDTH="95" HEIGHT="28" WC="0.95" CONTENT="samtliga"/><SP WIDTH="17" VPOS="926" HPOS="550"/>
							<String ID="string_151" HPOS="567" VPOS="926" WIDTH="66" HEIGHT="20" WC="0.93" CONTENT="kända"/><SP WIDTH="17" VPOS="926" HPOS="633"/>
							<String ID="string_152" HPOS="650" VPOS="925" WIDTH="125" HEIGHT="28" WC="0.92" CONTENT="borgenärer"/><SP WIDTH="12" VPOS="925" HPOS="775"/>
							<String ID="string_153" HPOS="787" VPOS="926" WIDTH="78" HEIGHT="21" WC="0.93" CONTENT="enhvar"/><SP WIDTH="10" VPOS="926" HPOS="865"/>
							<String ID="string_154" HPOS="875" VPOS="934" WIDTH="25" HEIGHT="13" WC="0.93" CONTENT="en"/><SP WIDTH="13" VPOS="934" HPOS="900"/>
							<String ID="string_155" HPOS="913" VPOS="926" WIDTH="87" HEIGHT="22" WC="0.92" CONTENT="afskrift"/><SP WIDTH="9" VPOS="926" HPOS="1000"/>
							<String ID="string_156" HPOS="1009" VPOS="926" WIDTH="24" HEIGHT="22" WC="0.96" CONTENT="af"/>
						</TextLine>
						<TextLine ID="line_23" HPOS="211" VPOS="953" WIDTH="821" HEIGHT="29">
							<String ID="string_157" HPOS="211" VPOS="954" WIDTH="145" HEIGHT="27" WC="0.91" CONTENT="kungörelsen,"/><SP WIDTH="15" VPOS="954" HPOS="356"/>
							<String ID="string_158" HPOS="371" VPOS="954" WIDTH="21" HEIGHT="21" WC="0.93" CONTENT="sä"/><SP WIDTH="17" VPOS="954" HPOS="392"/>
							<String ID="string_159" HPOS="409" VPOS="954" WIDTH="39" HEIGHT="21" WC="0.92" CONTENT="ock"/><SP WIDTH="16" VPOS="954" HPOS="448"/>
							<String ID="string_160" HPOS="464" VPOS="957" WIDTH="31" HEIGHT="19" WC="0.96" CONTENT="att"/><SP WIDTH="14" VPOS="957" HPOS="495"/>
							<String ID="string_161" HPOS="509" VPOS="958" WIDTH="50" HEIGHT="17" WC="0.93" CONTENT="utan"/><SP WIDTH="19" VPOS="958" HPOS="559"/>
							<String ID="string_162" HPOS="578" VPOS="953" WIDTH="98" HEIGHT="29" WC="0.89" CONTENT="dröjsmäl"/><SP WIDTH="16" VPOS="953" HPOS="676"/>
							<String ID="string_163" HPOS="692" VPOS="954" WIDTH="43" HEIGHT="22" WC="0.92" CONTENT="läta"/><SP WIDTH="14" VPOS="954" HPOS="735"/>
							<String ID="string_164" HPOS="749" VPOS="954" WIDTH="95" HEIGHT="28" WC="0.92" CONTENT="delgifva"/><SP WIDTH="15" VPOS="954" HPOS="844"/>
							<String ID="string_165" HPOS="859" VPOS="954" WIDTH="121" HEIGHT="22" WC="0.91" CONTENT="densamma"/><SP WIDTH="14" VPOS="954" HPOS="980"/>
							<String ID="string_166" HPOS="994" VPOS="964" WIDTH="38" HEIGHT="13" WC="0.92" CONTENT="ve-"/>
						</TextLine>
						<TextLine ID="line_24" HPOS="212" VPOS="982" WIDTH="820" HEIGHT="31">
							<String ID="string_167" HPOS="212" VPOS="982" WIDTH="131" HEIGHT="22" WC="0.91" CONTENT="derbörande"/><SP WIDTH="14" VPOS="982" HPOS="343"/>
							<String ID="string_168" HPOS="357" VPOS="984" WIDTH="108" HEIGHT="27" WC="0.91" CONTENT="guvernör,"/><SP WIDTH="20" VPOS="984" HPOS="465"/>
							<String ID="string_169" HPOS="485" VPOS="983" WIDTH="103" HEIGHT="28" WC="0.92" CONTENT="äklagare,"/><SP WIDTH="15" VPOS="983" HPOS="588"/>
							<String ID="string_170" HPOS="603" VPOS="982" WIDTH="198" HEIGHT="29" WC="0.92" CONTENT="förmyndarenämd"/><SP WIDTH="15" VPOS="982" HPOS="801"/>
							<String ID="string_171" HPOS="816" VPOS="987" WIDTH="55" HEIGHT="17" WC="0.96" CONTENT="samt"/><SP WIDTH="14" VPOS="987" HPOS="871"/>
							<String ID="string_172" HPOS="885" VPOS="984" WIDTH="77" HEIGHT="21" WC="0.96" CONTENT="allmän"/><SP WIDTH="16" VPOS="984" HPOS="962"/>
							<String ID="string_173" HPOS="978" VPOS="992" WIDTH="54" HEIGHT="21" WC="0.87" CONTENT="upp-"/>
						</TextLine>
						<TextLine ID="line_25" HPOS="212" VPOS="1012" WIDTH="819" HEIGHT="28">
							<String ID="string_174" HPOS="212" VPOS="1012" WIDTH="113" HEIGHT="21" WC="0.93" CONTENT="bördsman"/><SP WIDTH="16" VPOS="1012" HPOS="325"/>
							<String ID="string_175" HPOS="341" VPOS="1012" WIDTH="33" HEIGHT="20" WC="0.93" CONTENT="för"/><SP WIDTH="15" VPOS="1012" HPOS="374"/>
							<String ID="string_176" HPOS="389" VPOS="1015" WIDTH="58" HEIGHT="17" WC="0.93" CONTENT="orten"/><SP WIDTH="16" VPOS="1015" HPOS="447"/>
							<String ID="string_177" HPOS="463" VPOS="1012" WIDTH="50" HEIGHT="20" WC="0.90" CONTENT="eller"/><SP WIDTH="15" VPOS="1012" HPOS="513"/>
							<String ID="string_178" HPOS="528" VPOS="1013" WIDTH="34" HEIGHT="19" WC="0.96" CONTENT="för"/><SP WIDTH="15" VPOS="1013" HPOS="562"/>
							<String ID="string_179" HPOS="577" VPOS="1019" WIDTH="68" HEIGHT="13" WC="0.96" CONTENT="annan"/><SP WIDTH="14" VPOS="1019" HPOS="645"/>
							<String ID="string_180" HPOS="659" VPOS="1015" WIDTH="39" HEIGHT="23" WC="0.96" CONTENT="ort,"/><SP WIDTH="10" VPOS="1015" HPOS="698"/>
							<String ID="string_181" HPOS="708" VPOS="1012" WIDTH="38" HEIGHT="21" WC="0.93" CONTENT="där"/><SP WIDTH="11" VPOS="1012" HPOS="746"/>
							<String ID="string_182" HPOS="757" VPOS="1012" WIDTH="127" HEIGHT="28" WC="0.92" CONTENT="gäldenären"/><SP WIDTH="10" VPOS="1012" HPOS="884"/>
							<String ID="string_183" HPOS="894" VPOS="1012" WIDTH="48" HEIGHT="22" WC="0.91" CONTENT="dref"/><SP WIDTH="10" VPOS="1012" HPOS="942"/>
							<String ID="string_184" HPOS="952" VPOS="1014" WIDTH="79" HEIGHT="26" WC="0.90" CONTENT="näring."/>
						</TextLine>
					</TextBlock>
					<TextBlock ID="block_9" HPOS="211" VPOS="1040" WIDTH="820" HEIGHT="86">
						<TextLine ID="line_26" HPOS="279" VPOS="1040" WIDTH="752" HEIGHT="30">
							<String ID="string_185" HPOS="279" VPOS="1040" WIDTH="84" HEIGHT="26" WC="0.96" CONTENT="Finnes,"/><SP WIDTH="15" VPOS="1040" HPOS="363"/>
							<String ID="string_186" HPOS="378" VPOS="1040" WIDTH="63" HEIGHT="21" WC="0.95" CONTENT="sedan"/><SP WIDTH="25" VPOS="1040" HPOS="441"/>
							<String ID="string_187" HPOS="466" VPOS="1041" WIDTH="121" HEIGHT="27" WC="0.89" CONTENT="fullständig"/><SP WIDTH="19" VPOS="1041" HPOS="587"/>
							<String ID="string_188" HPOS="606" VPOS="1040" WIDTH="144" HEIGHT="28" WC="0.95" CONTENT="uppteckning"/><SP WIDTH="14" VPOS="1040" HPOS="750"/>
							<String ID="string_189" HPOS="764" VPOS="1040" WIDTH="23" HEIGHT="22" WC="0.93" CONTENT="af"/><SP WIDTH="15" VPOS="1040" HPOS="787"/>
							<String ID="string_190" HPOS="802" VPOS="1040" WIDTH="49" HEIGHT="22" WC="0.95" CONTENT="boet"/><SP WIDTH="15" VPOS="1040" HPOS="851"/>
							<String ID="string_191" HPOS="866" VPOS="1040" WIDTH="116" HEIGHT="28" WC="0.93" CONTENT="inkommit,"/><SP WIDTH="14" VPOS="1040" HPOS="982"/>
							<String ID="string_192" HPOS="996" VPOS="1045" WIDTH="35" HEIGHT="25" WC="0.92" CONTENT="yt-"/>
						</TextLine>
						<TextLine ID="line_27" HPOS="211" VPOS="1068" WIDTH="819" HEIGHT="29">
							<String ID="string_193" HPOS="211" VPOS="1070" WIDTH="98" HEIGHT="27" WC="0.92" CONTENT="terligare"/><SP WIDTH="22" VPOS="1070" HPOS="309"/>
							<String ID="string_194" HPOS="331" VPOS="1069" WIDTH="116" HEIGHT="28" WC="0.91" CONTENT="delgifning"/><SP WIDTH="18" VPOS="1069" HPOS="447"/>
							<String ID="string_195" HPOS="465" VPOS="1070" WIDTH="69" HEIGHT="27" WC="0.96" CONTENT="nödig,"/><SP WIDTH="22" VPOS="1070" HPOS="534"/>
							<String ID="string_196" HPOS="556" VPOS="1069" WIDTH="64" HEIGHT="21" WC="0.95" CONTENT="varde"/><SP WIDTH="23" VPOS="1069" HPOS="620"/>
							<String ID="string_197" HPOS="643" VPOS="1068" WIDTH="68" HEIGHT="22" WC="0.95" CONTENT="denna"/><SP WIDTH="20" VPOS="1068" HPOS="711"/>
							<String ID="string_198" HPOS="731" VPOS="1069" WIDTH="99" HEIGHT="28" WC="0.95" CONTENT="fullgjord"/><SP WIDTH="22" VPOS="1069" HPOS="830"/>
							<String ID="string_199" HPOS="852" VPOS="1070" WIDTH="55" HEIGHT="20" WC="0.95" CONTENT="inom"/><SP WIDTH="16" VPOS="1070" HPOS="907"/>
							<String ID="string_200" HPOS="923" VPOS="1078" WIDTH="24" HEIGHT="13" WC="0.95" CONTENT="en"/><SP WIDTH="16" VPOS="1078" HPOS="947"/>
							<String ID="string_201" HPOS="963" VPOS="1070" WIDTH="67" HEIGHT="21" WC="0.96" CONTENT="vecka"/>
						</TextLine>
						<TextLine ID="line_28" HPOS="211" VPOS="1098" WIDTH="419" HEIGHT="28">
							<String ID="string_202" HPOS="211" VPOS="1098" WIDTH="54" HEIGHT="21" WC="0.96" CONTENT="efter"/><SP WIDTH="15" VPOS="1098" HPOS="265"/>
							<String ID="string_203" HPOS="280" VPOS="1098" WIDTH="37" HEIGHT="21" WC="0.91" CONTENT="det"/><SP WIDTH="14" VPOS="1098" HPOS="317"/>
							<String ID="string_204" HPOS="331" VPOS="1098" WIDTH="168" HEIGHT="28" WC="0.91" CONTENT="uppteckningen"/><SP WIDTH="15" VPOS="1098" HPOS="499"/>
							<String ID="string_205" HPOS="514" VPOS="1098" WIDTH="116" HEIGHT="21" WC="0.96" CONTENT="inkommit."/>
						</TextLine>
					</TextBlock>
					<TextBlock ID="block_10" HPOS="210" VPOS="1126" WIDTH="821" HEIGHT="57">
						<TextLine ID="line_29" HPOS="278" VPOS="1126" WIDTH="753" HEIGHT="29">
							<String ID="string_206" HPOS="278" VPOS="1126" WIDTH="45" HEIGHT="21" WC="0.96" CONTENT="Det"/><SP WIDTH="14" VPOS="1126" HPOS="323"/>
							<String ID="string_207" HPOS="337" VPOS="1127" WIDTH="8" HEIGHT="20" WC="0.96" CONTENT="i"/><SP WIDTH="17" VPOS="1127" HPOS="345"/>
							<String ID="string_208" HPOS="362" VPOS="1127" WIDTH="25" HEIGHT="20" WC="0.89" CONTENT="16"/><SP WIDTH="16" VPOS="1127" HPOS="387"/>
							<String ID="string_209" HPOS="403" VPOS="1126" WIDTH="11" HEIGHT="26" WC="0.87" CONTENT="$"/><SP WIDTH="23" VPOS="1126" HPOS="414"/>
							<String ID="string_210" HPOS="437" VPOS="1126" WIDTH="126" HEIGHT="22" WC="0.92" CONTENT="föreskrifna"/><SP WIDTH="21" VPOS="1126" HPOS="563"/>
							<String ID="string_211" HPOS="584" VPOS="1126" WIDTH="111" HEIGHT="28" WC="0.93" CONTENT="offentliga"/><SP WIDTH="22" VPOS="1126" HPOS="695"/>
							<String ID="string_212" HPOS="717" VPOS="1126" WIDTH="146" HEIGHT="28" WC="0.92" CONTENT="kungörandet"/><SP WIDTH="18" VPOS="1126" HPOS="863"/>
							<String ID="string_213" HPOS="881" VPOS="1128" WIDTH="55" HEIGHT="27" WC="0.92" CONTENT="gälle"/><SP WIDTH="17" VPOS="1128" HPOS="936"/>
							<String ID="string_214" HPOS="953" VPOS="1127" WIDTH="54" HEIGHT="21" WC="0.96" CONTENT="dock"/><SP WIDTH="16" VPOS="1127" HPOS="1007"/>
							<String ID="string_215" HPOS="1023" VPOS="1128" WIDTH="8" HEIGHT="20" WC="0.96" CONTENT="i"/>
						</TextLine>
						<TextLine ID="line_30" HPOS="210" VPOS="1154" WIDTH="409" HEIGHT="29">
							<String ID="string_216" HPOS="210" VPOS="1155" WIDTH="73" HEIGHT="28" WC="0.96" CONTENT="hvarje"/><SP WIDTH="16" VPOS="1155" HPOS="283"/>
							<String ID="string_217" HPOS="299" VPOS="1154" WIDTH="36" HEIGHT="21" WC="0.96" CONTENT="fall"/><SP WIDTH="18" VPOS="1154" HPOS="335"/>
							<String ID="string_218" HPOS="353" VPOS="1154" WIDTH="66" HEIGHT="21" WC="0.96" CONTENT="såsom"/><SP WIDTH="16" VPOS="1154" HPOS="419"/>
							<String ID="string_219" HPOS="435" VPOS="1155" WIDTH="46" HEIGHT="27" WC="0.93" CONTENT="laga"/><SP WIDTH="16" VPOS="1155" HPOS="481"/>
							<String ID="string_220" HPOS="497" VPOS="1155" WIDTH="122" HEIGHT="27" WC="0.91" CONTENT="delgifning."/>
						</TextLine>
					</TextBlock>
				</ComposedBlock>
				<ComposedBlock ID="cblock_7" HPOS="588" VPOS="1229" WIDTH="58" HEIGHT="27">
					<TextBlock ID="block_11" HPOS="588" VPOS="1229" WIDTH="58" HEIGHT="27">
						<TextLine ID="line_31" HPOS="588" VPOS="1229" WIDTH="58" HEIGHT="27">
							<String ID="string_221" HPOS="588" VPOS="1229" WIDTH="25" HEIGHT="19" WC="0.84" CONTENT="19"/><SP WIDTH="16" VPOS="1229" HPOS="613"/>
							<String ID="string_222" HPOS="629" VPOS="1230" WIDTH="17" HEIGHT="26" WC="0.79" CONTENT="&amp;."/>
						</TextLine>
					</TextBlock>
				</ComposedBlock>
				<ComposedBlock ID="cblock_8" HPOS="209" VPOS="1268" WIDTH="822" HEIGHT="285">
					<TextBlock ID="block_12" HPOS="212" VPOS="1268" WIDTH="819" HEIGHT="56">
						<TextLine ID="line_32" HPOS="279" VPOS="1268" WIDTH="752" HEIGHT="28">
							<String ID="string_223" HPOS="279" VPOS="1268" WIDTH="87" HEIGHT="21" WC="0.90" CONTENT="Afvisas"/><SP WIDTH="16" VPOS="1268" HPOS="366"/>
							<String ID="string_224" HPOS="382" VPOS="1268" WIDTH="50" HEIGHT="21" WC="0.92" CONTENT="eller"/><SP WIDTH="21" VPOS="1268" HPOS="432"/>
							<String ID="string_225" HPOS="453" VPOS="1268" WIDTH="64" HEIGHT="21" WC="0.91" CONTENT="afsläs"/><SP WIDTH="15" VPOS="1268" HPOS="517"/>
							<String ID="string_226" HPOS="532" VPOS="1268" WIDTH="23" HEIGHT="21" WC="0.93" CONTENT="af"/><SP WIDTH="16" VPOS="1268" HPOS="555"/>
							<String ID="string_227" HPOS="571" VPOS="1268" WIDTH="101" HEIGHT="28" WC="0.91" CONTENT="borgenär"/><SP WIDTH="21" VPOS="1268" HPOS="672"/>
							<String ID="string_228" HPOS="693" VPOS="1268" WIDTH="59" HEIGHT="28" WC="0.90" CONTENT="gjord"/><SP WIDTH="20" VPOS="1268" HPOS="752"/>
							<String ID="string_229" HPOS="772" VPOS="1268" WIDTH="89" HEIGHT="28" WC="0.92" CONTENT="begäran"/><SP WIDTH="19" VPOS="1268" HPOS="861"/>
							<String ID="string_230" HPOS="880" VPOS="1276" WIDTH="34" HEIGHT="13" WC="0.93" CONTENT="om"/><SP WIDTH="15" VPOS="1276" HPOS="914"/>
							<String ID="string_231" HPOS="929" VPOS="1268" WIDTH="102" HEIGHT="22" WC="0.92" CONTENT="konkurs-"/>
						</TextLine>
						<TextLine ID="line_33" HPOS="212" VPOS="1296" WIDTH="718" HEIGHT="28">
							<String ID="string_232" HPOS="212" VPOS="1296" WIDTH="127" HEIGHT="24" WC="0.93" CONTENT="förfarande,"/><SP WIDTH="16" VPOS="1296" HPOS="339"/>
							<String ID="string_233" HPOS="355" VPOS="1304" WIDTH="37" HEIGHT="18" WC="0.93" CONTENT="ege"/><SP WIDTH="15" VPOS="1304" HPOS="392"/>
							<String ID="string_234" HPOS="407" VPOS="1297" WIDTH="40" HEIGHT="20" WC="0.96" CONTENT="han"/><SP WIDTH="15" VPOS="1297" HPOS="447"/>
							<String ID="string_235" HPOS="462" VPOS="1298" WIDTH="8" HEIGHT="18" WC="0.96" CONTENT="i"/><SP WIDTH="14" VPOS="1298" HPOS="470"/>
							<String ID="string_236" HPOS="484" VPOS="1296" WIDTH="91" HEIGHT="21" WC="0.96" CONTENT="beslutet"/><SP WIDTH="16" VPOS="1296" HPOS="575"/>
							<String ID="string_237" HPOS="591" VPOS="1297" WIDTH="51" HEIGHT="20" WC="0.96" CONTENT="söka"/><SP WIDTH="15" VPOS="1297" HPOS="642"/>
							<String ID="string_238" HPOS="657" VPOS="1297" WIDTH="89" HEIGHT="26" WC="0.96" CONTENT="ändring"/><SP WIDTH="14" VPOS="1297" HPOS="746"/>
							<String ID="string_239" HPOS="760" VPOS="1304" WIDTH="75" HEIGHT="20" WC="0.96" CONTENT="genom"/><SP WIDTH="14" VPOS="1304" HPOS="835"/>
							<String ID="string_240" HPOS="849" VPOS="1297" WIDTH="81" HEIGHT="21" WC="0.96" CONTENT="besvär."/>
						</TextLine>
					</TextBlock>
					<TextBlock ID="block_13" HPOS="209" VPOS="1323" WIDTH="822" HEIGHT="86">
						<TextLine ID="line_34" HPOS="279" VPOS="1323" WIDTH="752" HEIGHT="29">
							<String ID="string_241" HPOS="279" VPOS="1324" WIDTH="47" HEIGHT="20" WC="0.93" CONTENT="Har"/><SP WIDTH="15" VPOS="1324" HPOS="326"/>
							<String ID="string_242" HPOS="341" VPOS="1323" WIDTH="115" HEIGHT="22" WC="0.90" CONTENT="domstolen"/><SP WIDTH="16" VPOS="1323" HPOS="456"/>
							<String ID="string_243" HPOS="472" VPOS="1324" WIDTH="27" HEIGHT="28" WC="0.93" CONTENT="pä"/><SP WIDTH="14" VPOS="1324" HPOS="499"/>
							<String ID="string_244" HPOS="513" VPOS="1324" WIDTH="65" HEIGHT="20" WC="0.92" CONTENT="sädan"/><SP WIDTH="17" VPOS="1324" HPOS="578"/>
							<String ID="string_245" HPOS="595" VPOS="1324" WIDTH="87" HEIGHT="28" WC="0.92" CONTENT="begäran"/><SP WIDTH="17" VPOS="1324" HPOS="682"/>
							<String ID="string_246" HPOS="699" VPOS="1324" WIDTH="103" HEIGHT="21" WC="0.93" CONTENT="förklarat"/><SP WIDTH="15" VPOS="1324" HPOS="802"/>
							<String ID="string_247" HPOS="817" VPOS="1324" WIDTH="214" HEIGHT="22" WC="0.93" CONTENT="konkursförfarande"/>
						</TextLine>
						<TextLine ID="line_35" HPOS="211" VPOS="1352" WIDTH="819" HEIGHT="29">
							<String ID="string_248" HPOS="211" VPOS="1352" WIDTH="72" HEIGHT="26" WC="0.93" CONTENT="inledt,"/><SP WIDTH="11" VPOS="1352" HPOS="283"/>
							<String ID="string_249" HPOS="294" VPOS="1360" WIDTH="37" HEIGHT="20" WC="0.92" CONTENT="ege"/><SP WIDTH="15" VPOS="1360" HPOS="331"/>
							<String ID="string_250" HPOS="346" VPOS="1352" WIDTH="125" HEIGHT="27" WC="0.92" CONTENT="gäldenären"/><SP WIDTH="16" VPOS="1352" HPOS="471"/>
							<String ID="string_251" HPOS="487" VPOS="1359" WIDTH="79" HEIGHT="13" WC="0.93" CONTENT="samma"/><SP WIDTH="15" VPOS="1359" HPOS="566"/>
							<String ID="string_252" HPOS="581" VPOS="1352" WIDTH="136" HEIGHT="28" WC="0.92" CONTENT="befogenhet;"/><SP WIDTH="17" VPOS="1352" HPOS="717"/>
							<String ID="string_253" HPOS="734" VPOS="1352" WIDTH="53" HEIGHT="21" WC="0.93" CONTENT="dock"/><SP WIDTH="14" VPOS="1352" HPOS="787"/>
							<String ID="string_254" HPOS="801" VPOS="1353" WIDTH="67" HEIGHT="28" WC="0.92" CONTENT="gänge"/><SP WIDTH="12" VPOS="1353" HPOS="868"/>
							<String ID="string_255" HPOS="880" VPOS="1353" WIDTH="90" HEIGHT="21" WC="0.96" CONTENT="beslutet"/><SP WIDTH="10" VPOS="1353" HPOS="970"/>
							<String ID="string_256" HPOS="980" VPOS="1356" WIDTH="50" HEIGHT="18" WC="0.96" CONTENT="utan"/>
						</TextLine>
						<TextLine ID="line_36" HPOS="209" VPOS="1380" WIDTH="430" HEIGHT="29">
							<String ID="string_257" HPOS="209" VPOS="1381" WIDTH="76" HEIGHT="21" WC="0.92" CONTENT="hinder"/><SP WIDTH="14" VPOS="1381" HPOS="285"/>
							<String ID="string_258" HPOS="299" VPOS="1380" WIDTH="23" HEIGHT="22" WC="0.93" CONTENT="af"/><SP WIDTH="14" VPOS="1380" HPOS="322"/>
							<String ID="string_259" HPOS="336" VPOS="1380" WIDTH="102" HEIGHT="22" WC="0.92" CONTENT="besvären"/><SP WIDTH="14" VPOS="1380" HPOS="438"/>
							<String ID="string_260" HPOS="452" VPOS="1382" WIDTH="7" HEIGHT="19" WC="0.93" CONTENT="i"/><SP WIDTH="16" VPOS="1382" HPOS="459"/>
							<String ID="string_261" HPOS="475" VPOS="1380" WIDTH="164" HEIGHT="29" WC="0.89" CONTENT="värkställighet."/>
						</TextLine>
					</TextBlock>
					<TextBlock ID="block_14" HPOS="209" VPOS="1409" WIDTH="821" HEIGHT="144">
						<TextLine ID="line_37" HPOS="278" VPOS="1409" WIDTH="752" HEIGHT="30">
							<String ID="string_262" HPOS="278" VPOS="1409" WIDTH="85" HEIGHT="22" WC="0.92" CONTENT="Varder"/><SP WIDTH="16" VPOS="1409" HPOS="363"/>
							<String ID="string_263" HPOS="379" VPOS="1410" WIDTH="90" HEIGHT="20" WC="0.93" CONTENT="beslutet"/><SP WIDTH="11" VPOS="1410" HPOS="469"/>
							<String ID="string_264" HPOS="480" VPOS="1409" WIDTH="106" HEIGHT="29" WC="0.91" CONTENT="upphäfdt"/><SP WIDTH="14" VPOS="1409" HPOS="586"/>
							<String ID="string_265" HPOS="600" VPOS="1417" WIDTH="73" HEIGHT="21" WC="0.93" CONTENT="genom"/><SP WIDTH="15" VPOS="1417" HPOS="673"/>
							<String ID="string_266" HPOS="688" VPOS="1410" WIDTH="113" HEIGHT="22" WC="0.90" CONTENT="öfverrätts"/><SP WIDTH="11" VPOS="1410" HPOS="801"/>
							<String ID="string_267" HPOS="812" VPOS="1411" WIDTH="73" HEIGHT="28" WC="0.92" CONTENT="utslag,"/><SP WIDTH="8" VPOS="1411" HPOS="885"/>
							<String ID="string_268" HPOS="893" VPOS="1410" WIDTH="54" HEIGHT="22" WC="0.93" CONTENT="skall"/><SP WIDTH="11" VPOS="1410" HPOS="947"/>
							<String ID="string_269" HPOS="958" VPOS="1410" WIDTH="72" HEIGHT="22" WC="0.92" CONTENT="därom"/>
						</TextLine>
						<TextLine ID="line_38" HPOS="210" VPOS="1438" WIDTH="820" HEIGHT="29">
							<String ID="string_270" HPOS="210" VPOS="1438" WIDTH="172" HEIGHT="22" WC="0.88" CONTENT="tillkännagifvas"/><SP WIDTH="25" VPOS="1438" HPOS="382"/>
							<String ID="string_271" HPOS="407" VPOS="1438" WIDTH="66" HEIGHT="21" WC="0.95" CONTENT="såsom"/><SP WIDTH="23" VPOS="1438" HPOS="473"/>
							<String ID="string_272" HPOS="496" VPOS="1439" WIDTH="7" HEIGHT="19" WC="0.32" CONTENT="i"/><SP WIDTH="17" VPOS="1439" HPOS="503"/>
							<String ID="string_273" HPOS="520" VPOS="1439" WIDTH="25" HEIGHT="20" WC="0.32" CONTENT="16"/><SP WIDTH="19" VPOS="1439" HPOS="545"/>
							<String ID="string_274" HPOS="564" VPOS="1438" WIDTH="39" HEIGHT="22" WC="0.96" CONTENT="och"/><SP WIDTH="24" VPOS="1438" HPOS="603"/>
							<String ID="string_275" HPOS="627" VPOS="1440" WIDTH="24" HEIGHT="20" WC="0.93" CONTENT="17"/><SP WIDTH="18" VPOS="1440" HPOS="651"/>
							<String ID="string_276" HPOS="669" VPOS="1440" WIDTH="26" HEIGHT="26" WC="0.84" CONTENT="$$"/><SP WIDTH="19" VPOS="1440" HPOS="695"/>
							<String ID="string_277" HPOS="714" VPOS="1442" WIDTH="56" HEIGHT="25" WC="0.95" CONTENT="sagts"/><SP WIDTH="21" VPOS="1442" HPOS="770"/>
							<String ID="string_278" HPOS="791" VPOS="1440" WIDTH="40" HEIGHT="20" WC="0.93" CONTENT="och"/><SP WIDTH="22" VPOS="1440" HPOS="831"/>
							<String ID="string_279" HPOS="853" VPOS="1439" WIDTH="132" HEIGHT="21" WC="0.93" CONTENT="förfarandet"/><SP WIDTH="14" VPOS="1439" HPOS="985"/>
							<String ID="string_280" HPOS="999" VPOS="1440" WIDTH="31" HEIGHT="21" WC="0.91" CONTENT="in-"/>
						</TextLine>
						<TextLine ID="line_39" HPOS="210" VPOS="1466" WIDTH="820" HEIGHT="30">
							<String ID="string_281" HPOS="210" VPOS="1467" WIDTH="81" HEIGHT="27" WC="0.92" CONTENT="ställas;"/><SP WIDTH="30" VPOS="1467" HPOS="291"/>
							<String ID="string_282" HPOS="321" VPOS="1468" WIDTH="40" HEIGHT="20" WC="0.93" CONTENT="dock"/><SP WIDTH="16" VPOS="1468" HPOS="361"/>
							<String ID="string_283" HPOS="377" VPOS="1467" WIDTH="61" HEIGHT="21" WC="0.93" CONTENT="lände"/><SP WIDTH="21" VPOS="1467" HPOS="438"/>
							<String ID="string_284" HPOS="459" VPOS="1467" WIDTH="34" HEIGHT="20" WC="0.93" CONTENT="för"/><SP WIDTH="14" VPOS="1467" HPOS="493"/>
							<String ID="string_285" HPOS="507" VPOS="1466" WIDTH="76" HEIGHT="22" WC="0.92" CONTENT="sädant"/><SP WIDTH="21" VPOS="1466" HPOS="583"/>
							<String ID="string_286" HPOS="604" VPOS="1467" WIDTH="37" HEIGHT="21" WC="0.96" CONTENT="fall"/><SP WIDTH="15" VPOS="1467" HPOS="641"/>
							<String ID="string_287" HPOS="656" VPOS="1467" WIDTH="32" HEIGHT="21" WC="0.93" CONTENT="till"/><SP WIDTH="23" VPOS="1467" HPOS="688"/>
							<String ID="string_288" HPOS="711" VPOS="1467" WIDTH="140" HEIGHT="22" WC="0.92" CONTENT="efterrättelse"/><SP WIDTH="15" VPOS="1467" HPOS="851"/>
							<String ID="string_289" HPOS="866" VPOS="1468" WIDTH="56" HEIGHT="22" WC="0.92" CONTENT="hvad"/><SP WIDTH="15" VPOS="1468" HPOS="922"/>
							<String ID="string_290" HPOS="937" VPOS="1476" WIDTH="34" HEIGHT="13" WC="0.93" CONTENT="om"/><SP WIDTH="14" VPOS="1476" HPOS="971"/>
							<String ID="string_291" HPOS="985" VPOS="1469" WIDTH="45" HEIGHT="27" WC="0.93" CONTENT="gäl-"/>
						</TextLine>
						<TextLine ID="line_40" HPOS="210" VPOS="1495" WIDTH="819" HEIGHT="24">
							<String ID="string_292" HPOS="210" VPOS="1496" WIDTH="69" HEIGHT="22" WC="0.93" CONTENT="dande"/><SP WIDTH="16" VPOS="1496" HPOS="279"/>
							<String ID="string_293" HPOS="295" VPOS="1496" WIDTH="50" HEIGHT="21" WC="0.92" CONTENT="eller"/><SP WIDTH="22" VPOS="1496" HPOS="345"/>
							<String ID="string_294" HPOS="367" VPOS="1495" WIDTH="162" HEIGHT="22" WC="0.92" CONTENT="säkerställande"/><SP WIDTH="23" VPOS="1495" HPOS="529"/>
							<String ID="string_295" HPOS="552" VPOS="1496" WIDTH="23" HEIGHT="21" WC="0.92" CONTENT="af"/><SP WIDTH="22" VPOS="1496" HPOS="575"/>
							<String ID="string_296" HPOS="597" VPOS="1495" WIDTH="234" HEIGHT="23" WC="0.91" CONTENT="konkurskostnaderna"/><SP WIDTH="17" VPOS="1495" HPOS="831"/>
							<String ID="string_297" HPOS="848" VPOS="1497" WIDTH="39" HEIGHT="21" WC="0.96" CONTENT="och"/><SP WIDTH="23" VPOS="1497" HPOS="887"/>
							<String ID="string_298" HPOS="910" VPOS="1497" WIDTH="65" HEIGHT="21" WC="0.91" CONTENT="andra"/><SP WIDTH="17" VPOS="1497" HPOS="975"/>
							<String ID="string_299" HPOS="992" VPOS="1506" WIDTH="37" HEIGHT="13" WC="0.91" CONTENT="an-"/>
						</TextLine>
						<TextLine ID="line_41" HPOS="209" VPOS="1524" WIDTH="452" HEIGHT="29">
							<String ID="string_300" HPOS="209" VPOS="1524" WIDTH="63" HEIGHT="29" WC="0.96" CONTENT="språk"/><SP WIDTH="15" VPOS="1524" HPOS="272"/>
							<String ID="string_301" HPOS="287" VPOS="1529" WIDTH="45" HEIGHT="17" WC="0.93" CONTENT="mot"/><SP WIDTH="14" VPOS="1529" HPOS="332"/>
							<String ID="string_302" HPOS="346" VPOS="1524" WIDTH="141" HEIGHT="22" WC="0.92" CONTENT="konkursboet"/><SP WIDTH="14" VPOS="1524" HPOS="487"/>
							<String ID="string_303" HPOS="501" VPOS="1525" WIDTH="7" HEIGHT="20" WC="0.95" CONTENT="i"/><SP WIDTH="17" VPOS="1525" HPOS="508"/>
							<String ID="string_304" HPOS="525" VPOS="1526" WIDTH="37" HEIGHT="20" WC="0.93" CONTENT="117"/><SP WIDTH="18" VPOS="1526" HPOS="562"/>
							<String ID="string_305" HPOS="580" VPOS="1526" WIDTH="12" HEIGHT="26" WC="0.86" CONTENT="$"/><SP WIDTH="15" VPOS="1526" HPOS="592"/>
							<String ID="string_306" HPOS="607" VPOS="1526" WIDTH="54" HEIGHT="26" WC="0.96" CONTENT="sägs."/>
						</TextLine>
					</TextBlock>
				</ComposedBlock>
			</PrintSpace>
		</Page>
	</Layout>
</alto>
