1106 1773
218 149 41 21 362
387 156 102 17 Laillisen
500 156 142 21 järjestyksen
654 157 173 19 palauttaminen.
885 157 27 16 29
925 161 20 16 p.
958 157 81 20 jouluk.

218 224 55 21 hvad
296 224 60 21 skola
376 225 114 20 ständerna
512 226 56 25 göra,
587 225 27 21 då
632 224 207 27 förutsättningarna
853 224 32 21 för
900 227 31 18 ett
946 225 94 21 normalt

218 253 186 26 landtdagsarbete
424 253 46 20 icke
489 253 127 21 förefinnas?
646 253 48 20 Men
710 253 116 21 tillsvidare
841 259 63 15 anser
917 253 37 27 jag
969 253 68 21 denna

218 280 59 28 fråga
292 287 51 15 vara
357 281 33 21 för
405 281 63 27 tidigt
482 282 68 21 väckt.
573 281 104 22 Särskildt
692 281 68 21 måste
772 281 38 27 jag
824 281 116 26 framhålla,
956 284 31 19 att
1002 282 35 21 det

218 309 45 22 icke
278 310 68 21 skulle
361 310 73 21 bevisa
449 310 38 21 hos
503 310 175 27 borgareståndet
693 310 70 27 någon
780 310 108 27 synnerlig
903 310 88 27 aktning
1005 309 33 22 för

217 339 83 21 landets
316 339 168 26 representation
500 339 6 21 i
522 339 50 21 dess
588 339 74 25 helhet,
679 345 34 14 om
724 339 178 26 borgareståndet
912 341 83 19 ensamt
1005 338 32 22 för

218 367 33 27 sig
266 367 68 22 skulle
349 367 84 21 besluta
448 367 33 27 sig
496 367 32 22 för
544 373 25 16 en
586 367 64 22 sådan
666 367 75 26 åtgärd
757 373 46 16 som
819 367 40 22 den
877 367 24 21 af
908 367 25 22 hr
943 367 94 22 Jansson

217 395 126 28 föreslagna,
359 398 21 25 ty
396 398 32 19 att
442 395 52 22 fatta
510 399 30 18 ett
555 396 75 21 sädant
646 396 125 21 ostentativt
785 395 72 22 beslut
871 396 39 21 bör
925 396 113 21 ankomma

218 424 27 27 pä
260 424 98 27 samtliga
374 425 62 20 ständ
452 425 38 20 och
505 425 45 21 icke
566 425 54 21 blott
635 425 27 26 pä
677 427 30 18 ett
722 425 60 20 enda.
805 425 42 21 Vill
862 425 176 27 borgareständet

218 452 71 22 därför
305 455 92 25 upptaga
414 453 24 21 hr
454 454 105 21 Janssons
574 453 86 27 förslag,
676 453 24 21 sä
714 453 66 21 borde
795 453 36 21 det
847 453 37 22 ske
899 454 7 20 i
921 454 40 21 den
977 453 63 24 form,

218 483 31 20 att
271 481 119 22 detsamma
410 482 76 21 sändes
510 482 30 21 till
564 482 82 21 utskott
668 481 32 22 för
722 484 31 19 att
771 482 106 21 utskottet
892 481 97 22 däröfver
1004 482 35 21 mä

218 509 78 28 afgifva
317 510 139 26 betänkande,
478 511 80 21 hvilket
580 511 63 21 sedan
667 511 71 20 kunde
760 511 115 21 behandlas
898 510 23 21 af
941 511 97 27 samtliga

218 539 68 21 ständ.
316 539 42 21 För
374 539 42 20 min
433 539 32 21 del
481 539 97 22 förordar
590 539 38 27 jag
643 539 53 21 dock
711 539 45 21 icke
771 539 70 27 nägon
857 539 65 22 sädan
938 539 83 22 remiss.

287 567 33 22 Hr
336 567 94 22 Jansson
452 568 56 24 sade,
528 571 31 18 att
579 568 36 21 det
635 567 68 22 finska
723 567 77 22 folkets
816 568 65 21 heder
897 567 38 22 och
950 568 90 27 aktning

217 595 33 22 för
266 596 33 27 sig
314 595 57 28 själft
385 595 89 24 kräfver,
490 599 32 18 att
537 597 65 21 orden
617 595 61 28 följas
694 595 23 22 af
730 596 121 21 omedelbar
866 596 107 27 handling.
997 597 42 26 Jag

218 625 65 26 vägar
298 624 32 21 för
346 625 43 20 min
405 625 33 20 del
454 627 38 23 tro,
508 627 32 19 att
554 625 36 21 det
604 624 69 22 finska
687 624 78 21 folkets
780 625 65 20 heder
861 625 39 20 och
916 624 123 27 själfkänsla

218 653 67 21 hvilar
308 653 28 26 pä
357 659 25 14 en
404 653 59 26 längt
485 653 90 22 solidare
596 653 67 27 grund
680 655 24 19 än
722 653 27 26 pä
763 659 26 15 en
806 653 61 27 dylik,
881 653 38 27 jag
933 653 35 21 mä
983 655 57 25 säga,

218 681 88 22 kraftlös
329 681 107 27 handling.
468 681 83 28 (Hyvä).
581 682 43 21 Det
641 681 68 22 finska
724 681 76 22 folkets
816 681 65 22 heder
897 682 38 21 och
951 682 88 27 aktning

218 710 67 21 hvilar
309 710 101 27 däruppä,
432 712 32 19 att
486 711 35 21 det
544 711 88 26 manligt
652 711 39 20 och
707 711 83 26 värdigt
805 710 73 21 häfdar
894 711 32 21 sin
942 712 43 20 rätt
1000 711 39 21 och

218 739 64 26 yrkar
297 739 27 27 pä
340 739 48 21 dess
404 738 51 21 fulla
470 739 130 28 ätnjutande,
615 739 45 21 icke
676 739 26 27 pä
718 746 25 14 en
760 739 56 27 dylik
831 746 45 14 mer
891 739 51 22 eller
957 740 82 21 mindre

218 767 140 28 betydelselös
384 767 116 28 förklaring
522 775 44 15 som
590 769 46 25 den,
660 768 83 21 hvilken
766 768 23 21 af
809 768 25 21 hr
855 769 94 21 Jansson
972 768 68 22 föror-

218 796 53 22 dats.
302 796 67 28 (Bra).

286 854 46 21 Hra
355 854 257 21 Hammarström:
642 855 41 26 Jag
705 861 63 14 anser
790 855 43 25 mig
848 855 51 21 böra
915 854 77 27 afgifva
1008 857 31 19 ett

218 882 134 22 förklarande
367 882 74 27 tillägg
456 882 30 22 till
502 883 48 21 mitt
564 883 98 27 yttrande
678 883 8 21 i
703 883 73 26 början
796 882 23 22 af
831 883 69 21 denna
911 883 128 22 diskussion.

217 911 50 22 Med
288 911 38 21 full
350 911 103 27 tydlighet
468 912 61 21 torde
544 918 25 15 ur
585 912 58 21 detta
658 912 47 20 mitt
720 912 98 27 yttrande
833 911 88 28 framgä,
936 914 31 19 att
979 912 38 27 jag
1032 913 6 20 i

218 940 37 21 allt
270 940 115 27 väsentligt
400 940 96 21 ansluter
512 940 44 27 mig
570 940 31 21 till
616 940 117 21 utskottets
748 939 81 28 förslag
844 941 58 20 såväl
917 941 7 20 i
939 940 101 22 afseende

218 969 12 20 å
245 969 128 26 motivering
388 975 46 14 som
451 969 61 20 kläm.
529 969 41 22 Vid
586 969 40 21 den
643 968 106 21 blifvande
767 969 160 27 omröstningen
942 969 97 21 kommer

215 997 39 27 jag
276 996 61 22 äfven
359 999 31 19 att
409 997 49 22 med
473 998 43 21 min
532 999 46 20 röst
593 998 87 27 bidraga
695 997 30 22 till
742 998 164 27 godkännandet
921 998 22 21 af
957 998 82 21 utskot-

218 1028 42 19 tets
280 1025 81 27 förslag
382 1025 143 22 oförändradt.
557 1027 43 20 Det
618 1026 108 21 uttalande
742 1027 90 20 rörande
847 1027 128 26 äterremiss,
991 1033 46 15 som

218 1055 6 20 i
240 1055 48 20 mitt
303 1055 135 26 andragande
454 1054 101 24 förekom,
571 1061 37 15 var
624 1055 89 21 sälunda
728 1055 68 21 afsedt
812 1056 75 21 endast
903 1057 31 20 att
945 1055 94 28 pävärka

217 1083 82 21 formen
325 1083 32 21 för
382 1083 128 27 återremiss,
533 1083 33 22 för
586 1084 39 21 den
646 1083 101 22 händelse
772 1086 31 19 att
828 1090 25 15 en
879 1084 65 21 sådan
969 1083 70 22 blefve

218 1112 103 21 besluten.
351 1112 42 27 Jag
415 1112 36 21 vill
473 1111 33 22 för
529 1112 199 27 fullständighetens
748 1113 55 21 skull
825 1119 96 21 upprepa
935 1112 102 28 förslaget

218 1140 95 27 sälunda,
328 1143 37 22 att,
386 1141 32 20 för
438 1141 40 26 den
499 1141 101 21 händelse
616 1141 84 21 ständet
715 1141 95 21 besluter
825 1142 33 26 sig
873 1144 32 19 att
919 1142 118 21 äterremit-

218 1171 45 19 tera
284 1169 88 21 ärendet
393 1169 31 21 till
440 1169 110 26 utskottet,
566 1170 69 21 denna
650 1170 122 21 äterremiss
788 1170 6 20 i
809 1170 73 27 hvarje
897 1170 36 21 fall
949 1170 34 21 mä
999 1170 39 21 ske

216 1197 68 21 under
306 1197 36 22 det
360 1197 108 25 förbehåll,
484 1200 30 19 att
535 1198 153 21 betänkandets
707 1197 141 28 formulering
862 1198 23 21 af
900 1199 39 20 den
956 1198 81 21 konsti-

218 1225 111 22 tutionella
352 1225 161 27 uppfattningen
533 1227 79 24 därom,
628 1228 31 19 att
673 1225 207 28 förutsättningarna
895 1226 32 21 för
943 1229 30 18 ett
988 1233 49 15 nor-

216 1254 52 21 malt
292 1254 160 21 ständerarbete
467 1254 32 21 för
514 1255 132 21 närvarande
661 1255 83 24 saknas,
759 1255 45 21 icke
819 1255 69 21 blefve
903 1255 134 22 förvanskad.

284 1311 46 20 Hra
374 1317 149 14 Karvonen:
553 1312 70 19 Niistä
636 1311 155 26 lausunnoista,
804 1312 54 26 joita
878 1312 64 20 täällä
957 1319 27 13 on
999 1319 37 14 an-

216 1340 60 19 nettu
298 1339 155 20 käsiteltävänä
476 1339 94 21 olevasta
592 1339 142 26 mietinnöstä,
753 1339 40 27 käy
816 1339 86 23 selville,
923 1342 44 19 että
989 1340 48 21 olisi

216 1368 55 19 tästä
286 1367 139 20 mietinnöstä
441 1367 91 21 toivottu
548 1367 116 27 asiakirjaa,
678 1367 51 27 joka
744 1368 90 21 esittäisi
844 1368 70 21 kaikki
925 1374 26 15 ne
962 1374 75 21 perus-

216 1395 168 28 tuslakejamme,
400 1395 84 22 oikeus-
496 1395 24 27 ja
534 1395 314 28 yhteiskuntajärjestystämme
858 1396 117 22 hävittävät
985 1397 51 21 lain-

216 1424 112 22 säädäntö-
340 1424 24 28 ja
382 1424 149 22 hallinnolliset
555 1425 79 26 toimet,
647 1425 23 27 ja
685 1426 43 20 että
743 1425 64 21 niistä
819 1425 90 27 johtuva
925 1425 111 23 sekasorto

216 1453 47 21 olisi
278 1453 124 21 tarkoilleen
417 1453 110 27 yksityisiä
542 1454 72 21 kohtia
630 1455 83 26 myöten
729 1454 47 21 eikä
790 1461 55 15 vaan
860 1455 175 27 pääpiirteissään

215 1482 92 27 esitetty.
338 1482 107 21 Tällainen
462 1482 110 22 selonteko
588 1482 272 28 valtiopäiväasiakirjoissa
875 1483 48 21 olisi
933 1484 103 21 tietenkin

215 1510 55 22 ollut
284 1516 80 22 sangen
381 1510 123 26 toivottava,
519 1513 69 19 mutta
602 1510 43 22 kun
657 1511 48 21 olisi
714 1512 131 26 ylenmäärin
855 1512 127 28 viivyttänyt
992 1514 43 20 tätä

213 1539 64 26 asiaa,
290 1539 36 27 jos
343 1539 121 21 valiokunta
480 1539 48 21 olisi
543 1540 98 26 ryhtynyt
657 1542 107 19 ottamaan
780 1540 72 21 selvää
867 1540 90 21 kaikista
973 1541 63 21 niistä
