1103 1770
205 147 40 20 138
526 148 170 29 Konkurssilaki.
878 152 23 16 21
912 156 20 15 p.
942 151 83 20 jouluk.

204 219 13 22 å
231 221 79 20 rättens
325 219 61 21 arkiv
408 219 50 21 eller
473 219 28 28 pä
514 219 73 21 landet
601 219 12 21 å
628 219 72 28 lämpligt
746 219 61 21 ställe
827 219 56 20 inom
903 219 124 28 tingslaget,

204 255 44 14 som
263 248 23 21 af
300 250 79 19 rättens
401 247 127 22 ordförande
551 248 54 21 efter
626 247 68 22 samräd
730 247 49 22 med
794 247 156 29 sysslomannen
964 247 13 21 ä
991 248 34 21 in-

204 276 162 28 ställelsedagen
381 276 107 22 bestämts.

271 305 33 22 År
328 308 105 26 uppropet
453 308 67 19 utsatt
541 305 68 22 såsom
624 306 8 20 i
649 306 25 21 15
692 305 11 28 $
716 305 65 28 andra
802 313 62 13 mom.
884 307 63 26 sagts,
969 304 54 22 skall

204 334 89 29 längden
309 341 50 15 vara
374 334 75 28 färdig,
463 334 28 21 då
505 337 104 26 uppropet
624 334 100 27 vidtager.

587 403 27 22 66
630 403 17 28 8.

272 448 33 20 Ar
319 455 26 14 en
367 448 51 20 eller
439 455 67 14 annan
525 448 96 21 anmälan
642 448 48 21 icke
713 448 72 25 sådan,
807 455 45 14 som
866 448 8 20 i
889 448 28 20 64
933 448 12 27 $
960 451 67 25 sagts,

203 478 50 26 göre
268 478 67 19 rätten
351 476 14 20 å
379 476 159 28 uppropsdagen
561 476 54 22 först
637 476 137 28 anmärkning
789 484 34 13 om
840 476 76 21 bristen
932 476 40 22 och
986 484 38 14 an-

203 506 45 20 vise
263 504 115 28 sakegaren
400 508 32 18 att
451 505 94 29 afhjälpa
566 505 121 21 densamma
708 506 63 20 innan
793 507 105 26 uppropet
919 504 106 22 förklaras

203 533 108 27 afslutadt,
323 533 37 22 vid
383 533 97 29 äfventyr
494 537 32 18 att
541 533 120 29 fordringen
676 534 50 28 eljes
741 534 79 21 afföres
835 533 47 21 från
897 533 96 29 längden.

272 562 103 21 Härefter
390 570 104 20 uppmane
509 564 68 20 rätten
592 562 128 28 sakegarena
734 565 37 24 att,
787 562 28 21 då
825 562 26 21 de
867 562 98 22 anmälda
979 562 44 21 for-

204 591 111 27 dringarna
331 590 53 22 hvar
398 591 54 21 efter
467 598 68 14 annan
550 598 105 22 uppropas
670 599 24 13 ur
708 591 97 28 längden,
819 594 57 24 yttra
890 591 32 27 sig
937 598 33 14 om
986 590 37 22 de-

204 626 81 14 samma
310 619 40 21 och
365 619 41 21 den
430 619 140 27 förmänsrätt,
592 628 45 13 som
658 620 34 20 för
714 620 47 20 dem
784 620 77 21 äskats.
890 619 44 21 Vid
950 620 74 28 hvarje

204 647 85 22 fordran
304 648 81 28 afoifve
400 648 65 28 därpå
480 648 54 22 först
549 649 155 27 sysslomannen
719 648 97 22 bestämd
831 648 121 28 förklaring,
961 648 63 21 huru-

203 676 50 22 vida
267 676 42 22 han
323 677 34 20 för
379 676 142 22 konkursboet
538 679 105 27 motsäger
663 677 50 21 eller
727 677 47 21 icke
789 679 105 25 motsäger
909 677 116 28 fordrings-

204 705 52 21 eller
270 705 265 29 förmänsrättsanspräket,
549 706 39 20 och
599 714 40 20 ega
648 706 64 20 sedan
726 706 69 28 öfriga
807 705 101 29 sakegare
919 709 57 25 yttra
986 706 39 26 sig.

272 734 25 20 Ej
314 733 35 21 mä
362 733 66 21 likväl
437 734 126 28 gäldenären
578 736 94 26 motsäga
686 734 248 28 förmänsrättsanspräk;
950 735 18 27 ej
978 734 47 21 häl-

203 762 32 21 ler
249 738 84 56 medför
346 762 37 28 jäf,
397 769 45 14 som
464 765 45 18 mot
531 762 84 22 fordran
630 762 23 22 af
666 762 76 22 honom
761 763 72 27 gjorts,
848 766 32 18 att
902 762 122 22 densamma

204 798 60 14 anses
279 791 98 27 motsagd
391 791 7 20 i
413 790 228 22 konkursförfarandet.

272 819 151 28 Anmärkning,
438 827 44 13 som
497 819 64 21 ofvan
575 820 8 20 i
597 820 67 21 första
679 827 61 13 mom.
755 823 64 25 sagts,
834 820 35 21 mä
882 821 62 27 göras
959 819 66 22 redan

203 847 13 21 ä
230 847 189 28 inställelsedagen,
434 855 32 14 om
483 848 115 28 sakegaren
613 848 28 21 dä
655 850 23 19 är
693 848 110 22 tillstädes.

587 923 25 21 67
630 923 18 27 S.

271 967 100 26 Fordran,
387 975 44 14 som
446 968 47 21 icke
509 971 102 25 motsagts
625 968 39 21 och
680 968 48 21 icke
742 968 67 21 häller
819 968 66 28 enligt
896 969 26 21 66
933 969 12 26 $
957 968 67 22 första

202 1004 62 13 mom.
278 996 40 21 bör
332 996 80 21 afföras
436 996 47 21 frän
505 996 96 29 längden,
615 996 54 21 skall
684 997 8 20 i
706 997 69 21 denna
793 997 80 28 utföras
888 997 68 21 säsom
970 997 54 22 fast-

203 1025 63 21 ställd
287 1025 34 21 till
343 1024 108 28 betalning
474 1033 25 13 ur
513 1025 152 22 konkursboets
686 1025 118 28 tillgångar.
834 1025 32 22 Är
887 1025 137 22 förmänsrätt

202 1053 80 50 N
294 1053 39 21 och
349 1053 47 21 icke
411 1053 103 28 motsagd,
529 1054 64 21 varde
608 1053 121 28 fordringen
744 1054 50 21 med
806 1054 65 21 sädan
888 1053 136 22 förmänsrätt

202 1082 77 21 införd.

271 1110 47 21 Har
332 1110 116 27 fordrings-
463 1110 51 21 eller
535 1110 236 29 förmänsrättsanspräk
790 1113 108 25 motsagts,
913 1111 40 22 och
968 1111 56 21 äter-

203 1139 67 21 kallas
285 1139 47 21 icke
347 1139 42 20 den
411 1139 72 28 gjorda
506 1145 111 21 gensagan,
636 1139 63 22 varde
714 1140 8 20 i
736 1139 91 27 längden
842 1139 135 27 antecknadt,
991 1143 33 18 att

203 1167 39 22 och
258 1167 22 22 af
294 1167 63 22 hvem
380 1167 121 22 densamma
524 1168 71 27 gjorts,
611 1168 40 21 och
666 1168 113 28 anspräket
801 1168 87 21 sälunda
902 1168 121 28 hänskjutet

202 1196 33 21 till
250 1196 56 21 skild
321 1196 163 27 handläggning.

585 1261 28 20 68
629 1260 18 27 $.

271 1304 67 21 Beror
352 1305 85 20 fordran
452 1305 23 20 af
489 1305 100 20 framtida
604 1305 76 21 villkor
695 1305 51 20 eller
760 1305 27 27 på
794 1305 117 27 rättegång,
922 1313 45 12 som
977 1306 7 19 i
995 1307 29 18 34

203 1332 11 26 8
226 1331 68 27 andra
309 1331 50 21 eller
381 1332 67 28 tredje
470 1339 61 14 mom.
553 1334 76 24 nämts,
643 1332 51 21 eller
707 1333 39 20 har
767 1332 86 22 fordran
874 1332 149 28 stridiggjorts,

203 1359 68 21 såsom
285 1360 8 20 i
309 1360 25 20 67
351 1360 12 27 &
379 1360 67 21 andra
467 1367 60 13 mom.
543 1363 64 24 sagts,
622 1360 115 21 bestämme
759 1363 69 19 rätten
843 1360 39 22 och
897 1361 103 21 anteckne
1015 1362 9 20 i

202 1388 98 27 längden,
314 1395 34 13 om
363 1387 40 22 och
417 1388 32 21 till
465 1388 56 21 hvad
545 1388 76 29 belopp
637 1388 33 21 för
685 1389 41 21 den
748 1389 85 21 fordran
855 1389 119 22 emellertid
989 1389 34 21 må

202 1416 85 29 utöfvas
301 1418 92 20 rösträtt.

270 1446 100 28 Åtnjuter
384 1445 84 22 fordran
484 1449 93 25 panträtt
593 1446 50 20 eller
658 1454 65 13 annan
740 1447 7 20 i
762 1448 27 20 30
805 1446 40 22 och
855 1448 26 20 31
893 1447 25 29 $$
935 1447 87 21 därmed

203 1474 94 22 likställd
312 1476 42 20 rätt
369 1475 7 21 i
391 1475 53 20 visst
465 1475 58 27 gods,
538 1475 65 21 varde
625 1475 45 26 ock,
686 1476 54 20 efter
761 1476 135 28 förhandling
911 1477 48 21 med
974 1476 49 22 sak-

204 1510 89 21 egarena
315 1503 40 21 och
379 1503 49 21 med
449 1504 136 27 iakttagande
601 1504 22 21 af
637 1504 57 21 hvad
708 1505 7 20 i
732 1505 25 20 62
774 1504 12 29 &
801 1504 65 22 andra
889 1512 61 14 mom.
965 1505 60 21 stad-

203 1535 53 24 gats,
271 1532 110 22 enahanda
397 1532 124 28 förfogande
538 1532 100 28 vidtaget.
