<?xml version="1.0" encoding="UTF-8"?>
<alto xmlns="http://www.loc.gov/standards/alto/ns-v3#" xmlns:xlink="http://www.w3.org/1999/xlink" xmlns:xsi="http://www.w3.org/2001/XMLSchema-instance" xsi:schemaLocation="http://www.loc.gov/standards/alto/ns-v3# http://www.loc.gov/alto/v3/alto-3-0.xsd">
	<Description>
		<MeasurementUnit>pixel</MeasurementUnit>
		<sourceImageInformation>
			<fileName>/tmp/tess_ie3iv6sx_input.PNG</fileName>
		</sourceImageInformation>
		<OCRProcessing ID="OCR_0">
			<ocrProcessingStep>
				<processingSoftware>
					<softwareName>tesseract 5.3.4</softwareName>
				</processingSoftware>
			</ocrProcessingStep>
		</OCRProcessing>
	</Description>
	<Layout>
		<Page WIDTH="1103" HEIGHT="1770" PHYSICAL_IMG_NR="0" ID="page_0">
			<PrintSpace HPOS="0" VPOS="0" WIDTH="1103" HEIGHT="1770">
				<ComposedBlock ID="cblock_0" HPOS="201" VPOS="140" WIDTH="495" HEIGHT="34">
					<TextBlock ID="block_0" HPOS="201" VPOS="140" WIDTH="495" HEIGHT="34">
						<TextLine ID="line_0" HPOS="201" VPOS="140" WIDTH="495" HEIGHT="34">
							<String ID="string_0" HPOS="201" VPOS="140" WIDTH="33" HEIGHT="34" WC="0.96" CONTENT="64"/><SP WIDTH="286" VPOS="140" HPOS="234"/>
							<String ID="string_1" HPOS="520" VPOS="148" WIDTH="176" HEIGHT="22" WC="0.88" CONTENT="Hätäaputoimia."/>
						</TextLine>
					</TextBlock>
				</ComposedBlock>
				<ComposedBlock ID="cblock_1" HPOS="873" VPOS="147" WIDTH="150" HEIGHT="22">
					<TextBlock ID="block_1" HPOS="873" VPOS="147" WIDTH="150" HEIGHT="22">
						<TextLine ID="line_1" HPOS="873" VPOS="147" WIDTH="150" HEIGHT="22">
							<String ID="string_2" HPOS="873" VPOS="148" WIDTH="28" HEIGHT="16" WC="0.89" CONTENT="20"/><SP WIDTH="12" VPOS="148" HPOS="901"/>
							<String ID="string_3" HPOS="913" VPOS="152" WIDTH="20" HEIGHT="16" WC="0.89" CONTENT="p."/><SP WIDTH="9" VPOS="152" HPOS="933"/>
							<String ID="string_4" HPOS="942" VPOS="147" WIDTH="81" HEIGHT="22" WC="0.91" CONTENT="jouluk,"/>
						</TextLine>
					</TextBlock>
				</ComposedBlock>
				<GraphicalElement ID="cblock_2" HPOS="242" VPOS="174" WIDTH="782" HEIGHT="9"></GraphicalElement >
				<ComposedBlock ID="cblock_3" HPOS="206" VPOS="216" WIDTH="818" HEIGHT="57">
					<TextBlock ID="block_2" HPOS="206" VPOS="216" WIDTH="818" HEIGHT="57">
						<TextLine ID="line_2" HPOS="206" VPOS="216" WIDTH="818" HEIGHT="28">
							<String ID="string_5" HPOS="206" VPOS="217" WIDTH="168" HEIGHT="21" WC="0.89" CONTENT="tionsmemorial"/><SP WIDTH="15" VPOS="217" HPOS="374"/>
							<String ID="string_6" HPOS="389" VPOS="217" WIDTH="45" HEIGHT="21" WC="0.96" CONTENT="icke"/><SP WIDTH="15" VPOS="217" HPOS="434"/>
							<String ID="string_7" HPOS="449" VPOS="217" WIDTH="71" HEIGHT="27" WC="0.96" CONTENT="någon"/><SP WIDTH="10" VPOS="217" HPOS="520"/>
							<String ID="string_8" HPOS="530" VPOS="217" WIDTH="65" HEIGHT="21" WC="0.96" CONTENT="sådan"/><SP WIDTH="17" VPOS="217" HPOS="595"/>
							<String ID="string_9" HPOS="612" VPOS="218" WIDTH="61" HEIGHT="20" WC="0.96" CONTENT="order"/><SP WIDTH="16" VPOS="218" HPOS="673"/>
							<String ID="string_10" HPOS="689" VPOS="217" WIDTH="31" HEIGHT="21" WC="0.95" CONTENT="till"/><SP WIDTH="15" VPOS="217" HPOS="720"/>
							<String ID="string_11" HPOS="735" VPOS="216" WIDTH="110" HEIGHT="23" WC="0.96" CONTENT="utskottet,"/><SP WIDTH="16" VPOS="216" HPOS="845"/>
							<String ID="string_12" HPOS="861" VPOS="222" WIDTH="45" HEIGHT="15" WC="0.96" CONTENT="som"/><SP WIDTH="16" VPOS="222" HPOS="906"/>
							<String ID="string_13" HPOS="922" VPOS="216" WIDTH="25" HEIGHT="21" WC="0.93" CONTENT="hr"/><SP WIDTH="15" VPOS="216" HPOS="947"/>
							<String ID="string_14" HPOS="962" VPOS="216" WIDTH="62" HEIGHT="21" WC="0.92" CONTENT="Jans-"/>
						</TextLine>
						<TextLine ID="line_3" HPOS="207" VPOS="246" WIDTH="152" HEIGHT="27">
							<String ID="string_15" HPOS="207" VPOS="252" WIDTH="39" HEIGHT="15" WC="0.96" CONTENT="son"/><SP WIDTH="15" VPOS="252" HPOS="246"/>
							<String ID="string_16" HPOS="261" VPOS="246" WIDTH="98" HEIGHT="27" WC="0.96" CONTENT="antydde."/>
						</TextLine>
					</TextBlock>
				</ComposedBlock>
				<ComposedBlock ID="cblock_4" HPOS="206" VPOS="312" WIDTH="820" HEIGHT="201">
					<TextBlock ID="block_3" HPOS="206" VPOS="312" WIDTH="820" HEIGHT="201">
						<TextLine ID="line_4" HPOS="273" VPOS="312" WIDTH="751" HEIGHT="29">
							<String ID="string_17" HPOS="273" VPOS="314" WIDTH="47" HEIGHT="21" WC="0.93" CONTENT="Hra"/><SP WIDTH="13" VPOS="314" HPOS="320"/>
							<String ID="string_18" HPOS="333" VPOS="314" WIDTH="145" HEIGHT="26" WC="0.95" CONTENT="Jansson,"/><SP WIDTH="16" VPOS="314" HPOS="478"/>
							<String ID="string_19" HPOS="494" VPOS="314" WIDTH="140" HEIGHT="22" WC="0.96" CONTENT="Fredrik:"/><SP WIDTH="19" VPOS="314" HPOS="634"/>
							<String ID="string_20" HPOS="653" VPOS="314" WIDTH="42" HEIGHT="27" WC="0.96" CONTENT="Jag"/><SP WIDTH="14" VPOS="314" HPOS="695"/>
							<String ID="string_21" HPOS="709" VPOS="315" WIDTH="38" HEIGHT="20" WC="0.96" CONTENT="ber"/><SP WIDTH="16" VPOS="315" HPOS="747"/>
							<String ID="string_22" HPOS="763" VPOS="315" WIDTH="6" HEIGHT="20" WC="0.95" CONTENT="i"/><SP WIDTH="10" VPOS="315" HPOS="769"/>
							<String ID="string_23" HPOS="779" VPOS="314" WIDTH="115" HEIGHT="26" WC="0.95" CONTENT="anledning"/><SP WIDTH="14" VPOS="314" HPOS="894"/>
							<String ID="string_24" HPOS="908" VPOS="312" WIDTH="22" HEIGHT="22" WC="0.96" CONTENT="af"/><SP WIDTH="8" VPOS="312" HPOS="930"/>
							<String ID="string_25" HPOS="938" VPOS="313" WIDTH="26" HEIGHT="21" WC="0.93" CONTENT="hr"/><SP WIDTH="10" VPOS="313" HPOS="964"/>
							<String ID="string_26" HPOS="974" VPOS="313" WIDTH="50" HEIGHT="21" WC="0.91" CONTENT="Hei-"/>
						</TextLine>
						<TextLine ID="line_5" HPOS="207" VPOS="342" WIDTH="818" HEIGHT="28">
							<String ID="string_27" HPOS="207" VPOS="342" WIDTH="45" HEIGHT="21" WC="0.91" CONTENT="kels"/><SP WIDTH="20" VPOS="342" HPOS="252"/>
							<String ID="string_28" HPOS="272" VPOS="342" WIDTH="136" HEIGHT="27" WC="0.91" CONTENT="andragande"/><SP WIDTH="22" VPOS="342" HPOS="408"/>
							<String ID="string_29" HPOS="430" VPOS="345" WIDTH="31" HEIGHT="19" WC="0.96" CONTENT="att"/><SP WIDTH="21" VPOS="345" HPOS="461"/>
							<String ID="string_30" HPOS="482" VPOS="342" WIDTH="21" HEIGHT="22" WC="0.96" CONTENT="få"/><SP WIDTH="22" VPOS="342" HPOS="503"/>
							<String ID="string_31" HPOS="525" VPOS="345" WIDTH="51" HEIGHT="25" WC="0.96" CONTENT="säga"/><SP WIDTH="17" VPOS="345" HPOS="576"/>
							<String ID="string_32" HPOS="593" VPOS="343" WIDTH="76" HEIGHT="21" WC="0.96" CONTENT="endast"/><SP WIDTH="14" VPOS="343" HPOS="669"/>
							<String ID="string_33" HPOS="683" VPOS="349" WIDTH="38" HEIGHT="21" WC="0.96" CONTENT="par"/><SP WIDTH="16" VPOS="349" HPOS="721"/>
							<String ID="string_34" HPOS="737" VPOS="343" WIDTH="44" HEIGHT="21" WC="0.95" CONTENT="ord."/><SP WIDTH="30" VPOS="343" HPOS="781"/>
							<String ID="string_35" HPOS="811" VPOS="342" WIDTH="41" HEIGHT="22" WC="0.95" CONTENT="Om"/><SP WIDTH="16" VPOS="342" HPOS="852"/>
							<String ID="string_36" HPOS="868" VPOS="342" WIDTH="104" HEIGHT="21" WC="0.95" CONTENT="utskottet"/><SP WIDTH="16" VPOS="342" HPOS="972"/>
							<String ID="string_37" HPOS="988" VPOS="342" WIDTH="37" HEIGHT="20" WC="0.96" CONTENT="bör"/>
						</TextLine>
						<TextLine ID="line_6" HPOS="206" VPOS="370" WIDTH="820" HEIGHT="28">
							<String ID="string_38" HPOS="206" VPOS="370" WIDTH="55" HEIGHT="22" WC="0.96" CONTENT="först"/><SP WIDTH="22" VPOS="370" HPOS="261"/>
							<String ID="string_39" HPOS="283" VPOS="371" WIDTH="50" HEIGHT="21" WC="0.96" CONTENT="eller"/><SP WIDTH="22" VPOS="371" HPOS="333"/>
							<String ID="string_40" HPOS="355" VPOS="377" WIDTH="75" HEIGHT="15" WC="0.96" CONTENT="senare"/><SP WIDTH="21" VPOS="377" HPOS="430"/>
							<String ID="string_41" HPOS="451" VPOS="372" WIDTH="30" HEIGHT="20" WC="0.95" CONTENT="till"/><SP WIDTH="16" VPOS="372" HPOS="481"/>
							<String ID="string_42" HPOS="497" VPOS="372" WIDTH="73" HEIGHT="26" WC="0.93" CONTENT="åtgärd"/><SP WIDTH="18" VPOS="372" HPOS="570"/>
							<String ID="string_43" HPOS="588" VPOS="372" WIDTH="95" HEIGHT="26" WC="0.92" CONTENT="företaga"/><SP WIDTH="14" VPOS="372" HPOS="683"/>
							<String ID="string_44" HPOS="697" VPOS="372" WIDTH="70" HEIGHT="20" WC="0.95" CONTENT="denna"/><SP WIDTH="14" VPOS="372" HPOS="767"/>
							<String ID="string_45" HPOS="781" VPOS="371" WIDTH="96" HEIGHT="27" WC="0.96" CONTENT="petition,"/><SP WIDTH="15" VPOS="371" HPOS="877"/>
							<String ID="string_46" HPOS="892" VPOS="373" WIDTH="24" HEIGHT="19" WC="0.96" CONTENT="är"/><SP WIDTH="15" VPOS="373" HPOS="916"/>
							<String ID="string_47" HPOS="931" VPOS="370" WIDTH="35" HEIGHT="22" WC="0.96" CONTENT="väl"/><SP WIDTH="14" VPOS="370" HPOS="966"/>
							<String ID="string_48" HPOS="980" VPOS="370" WIDTH="46" HEIGHT="21" WC="0.96" CONTENT="icke"/>
						</TextLine>
						<TextLine ID="line_7" HPOS="207" VPOS="399" WIDTH="818" HEIGHT="27">
							<String ID="string_49" HPOS="207" VPOS="399" WIDTH="115" HEIGHT="27" WC="0.89" CONTENT="atgörande"/><SP WIDTH="14" VPOS="399" HPOS="322"/>
							<String ID="string_50" HPOS="336" VPOS="399" WIDTH="33" HEIGHT="21" WC="0.96" CONTENT="för"/><SP WIDTH="14" VPOS="399" HPOS="369"/>
							<String ID="string_51" HPOS="383" VPOS="399" WIDTH="73" HEIGHT="27" WC="0.96" CONTENT="frågan"/><SP WIDTH="16" VPOS="399" HPOS="456"/>
							<String ID="string_52" HPOS="472" VPOS="400" WIDTH="80" HEIGHT="25" WC="0.96" CONTENT="därom,"/><SP WIDTH="15" VPOS="400" HPOS="552"/>
							<String ID="string_53" HPOS="567" VPOS="400" WIDTH="105" HEIGHT="21" WC="0.96" CONTENT="huruvida"/><SP WIDTH="15" VPOS="400" HPOS="672"/>
							<String ID="string_54" HPOS="687" VPOS="400" WIDTH="35" HEIGHT="21" WC="0.96" CONTENT="det"/><SP WIDTH="15" VPOS="400" HPOS="722"/>
							<String ID="string_55" HPOS="737" VPOS="402" WIDTH="23" HEIGHT="19" WC="0.96" CONTENT="är"/><SP WIDTH="15" VPOS="402" HPOS="760"/>
							<String ID="string_56" HPOS="775" VPOS="406" WIDTH="26" HEIGHT="15" WC="0.93" CONTENT="en"/><SP WIDTH="16" VPOS="406" HPOS="801"/>
							<String ID="string_57" HPOS="817" VPOS="399" WIDTH="147" HEIGHT="27" WC="0.90" CONTENT="arbetsåtgärd"/><SP WIDTH="15" VPOS="399" HPOS="964"/>
							<String ID="string_58" HPOS="979" VPOS="405" WIDTH="46" HEIGHT="15" WC="0.96" CONTENT="som"/>
						</TextLine>
						<TextLine ID="line_8" HPOS="207" VPOS="427" WIDTH="818" HEIGHT="28">
							<String ID="string_59" HPOS="207" VPOS="427" WIDTH="121" HEIGHT="22" WC="0.91" CONTENT="anbefalles."/><SP WIDTH="29" VPOS="427" HPOS="328"/>
							<String ID="string_60" HPOS="357" VPOS="428" WIDTH="11" HEIGHT="21" WC="0.93" CONTENT="I"/><SP WIDTH="16" VPOS="428" HPOS="368"/>
							<String ID="string_61" HPOS="384" VPOS="428" WIDTH="74" HEIGHT="27" WC="0.91" CONTENT="själfva"/><SP WIDTH="16" VPOS="428" HPOS="458"/>
							<String ID="string_62" HPOS="474" VPOS="428" WIDTH="74" HEIGHT="21" WC="0.92" CONTENT="värket"/><SP WIDTH="14" VPOS="428" HPOS="548"/>
							<String ID="string_63" HPOS="562" VPOS="431" WIDTH="23" HEIGHT="18" WC="0.93" CONTENT="är"/><SP WIDTH="15" VPOS="431" HPOS="585"/>
							<String ID="string_64" HPOS="600" VPOS="429" WIDTH="95" HEIGHT="21" WC="0.92" CONTENT="ståndets"/><SP WIDTH="15" VPOS="429" HPOS="695"/>
							<String ID="string_65" HPOS="710" VPOS="429" WIDTH="63" HEIGHT="20" WC="0.96" CONTENT="order"/><SP WIDTH="16" VPOS="429" HPOS="773"/>
							<String ID="string_66" HPOS="789" VPOS="429" WIDTH="48" HEIGHT="20" WC="0.96" CONTENT="med"/><SP WIDTH="16" VPOS="429" HPOS="837"/>
							<String ID="string_67" HPOS="853" VPOS="429" WIDTH="102" HEIGHT="20" WC="0.96" CONTENT="remissen"/><SP WIDTH="16" VPOS="429" HPOS="955"/>
							<String ID="string_68" HPOS="971" VPOS="427" WIDTH="54" HEIGHT="21" WC="0.96" CONTENT="klar:"/>
						</TextLine>
						<TextLine ID="line_9" HPOS="207" VPOS="456" WIDTH="818" HEIGHT="28">
							<String ID="string_69" HPOS="207" VPOS="456" WIDTH="36" HEIGHT="21" WC="0.96" CONTENT="det"/><SP WIDTH="21" VPOS="456" HPOS="243"/>
							<String ID="string_70" HPOS="264" VPOS="456" WIDTH="53" HEIGHT="21" WC="0.96" CONTENT="skall"/><SP WIDTH="21" VPOS="456" HPOS="317"/>
							<String ID="string_71" HPOS="338" VPOS="457" WIDTH="85" HEIGHT="21" WC="0.96" CONTENT="arbetas"/><SP WIDTH="22" VPOS="457" HPOS="423"/>
							<String ID="string_72" HPOS="445" VPOS="457" WIDTH="27" HEIGHT="26" WC="0.96" CONTENT="på"/><SP WIDTH="24" VPOS="457" HPOS="472"/>
							<String ID="string_73" HPOS="496" VPOS="457" WIDTH="57" HEIGHT="21" WC="0.95" CONTENT="detta"/><SP WIDTH="22" VPOS="457" HPOS="553"/>
							<String ID="string_74" HPOS="575" VPOS="457" WIDTH="79" HEIGHT="21" WC="0.96" CONTENT="ärende"/><SP WIDTH="22" VPOS="457" HPOS="654"/>
							<String ID="string_75" HPOS="676" VPOS="463" WIDTH="49" HEIGHT="15" WC="0.96" CONTENT="vare"/><SP WIDTH="18" VPOS="463" HPOS="725"/>
							<String ID="string_76" HPOS="743" VPOS="457" WIDTH="34" HEIGHT="27" WC="0.96" CONTENT="sig"/><SP WIDTH="14" VPOS="457" HPOS="777"/>
							<String ID="string_77" HPOS="791" VPOS="457" WIDTH="36" HEIGHT="21" WC="0.96" CONTENT="det"/><SP WIDTH="15" VPOS="457" HPOS="827"/>
							<String ID="string_78" HPOS="842" VPOS="457" WIDTH="48" HEIGHT="21" WC="0.96" CONTENT="sker"/><SP WIDTH="15" VPOS="457" HPOS="890"/>
							<String ID="string_79" HPOS="905" VPOS="456" WIDTH="55" HEIGHT="21" WC="0.96" CONTENT="först"/><SP WIDTH="15" VPOS="456" HPOS="960"/>
							<String ID="string_80" HPOS="975" VPOS="456" WIDTH="50" HEIGHT="21" WC="0.96" CONTENT="eller"/>
						</TextLine>
						<TextLine ID="line_10" HPOS="207" VPOS="485" WIDTH="818" HEIGHT="28">
							<String ID="string_81" HPOS="207" VPOS="491" WIDTH="76" HEIGHT="15" WC="0.96" CONTENT="senare"/><SP WIDTH="16" VPOS="491" HPOS="283"/>
							<String ID="string_82" HPOS="299" VPOS="485" WIDTH="39" HEIGHT="22" WC="0.96" CONTENT="och"/><SP WIDTH="15" VPOS="485" HPOS="338"/>
							<String ID="string_83" HPOS="353" VPOS="485" WIDTH="54" HEIGHT="22" WC="0.96" CONTENT="efter"/><SP WIDTH="16" VPOS="485" HPOS="407"/>
							<String ID="string_84" HPOS="423" VPOS="485" WIDTH="35" HEIGHT="22" WC="0.96" CONTENT="det"/><SP WIDTH="15" VPOS="485" HPOS="458"/>
							<String ID="string_85" HPOS="473" VPOS="486" WIDTH="26" HEIGHT="21" WC="0.96" CONTENT="de"/><SP WIDTH="15" VPOS="486" HPOS="499"/>
							<String ID="string_86" HPOS="514" VPOS="486" WIDTH="76" HEIGHT="27" WC="0.93" CONTENT="nådiga"/><SP WIDTH="15" VPOS="486" HPOS="590"/>
							<String ID="string_87" HPOS="605" VPOS="486" WIDTH="185" HEIGHT="27" WC="0.92" CONTENT="propositionerna"/><SP WIDTH="15" VPOS="486" HPOS="790"/>
							<String ID="string_88" HPOS="805" VPOS="485" WIDTH="69" HEIGHT="22" WC="0.96" CONTENT="blifvit"/><SP WIDTH="14" VPOS="485" HPOS="874"/>
							<String ID="string_89" HPOS="888" VPOS="485" WIDTH="137" HEIGHT="22" WC="0.76" CONTENT="behandlade:"/>
						</TextLine>
					</TextBlock>
				</ComposedBlock>
				<ComposedBlock ID="cblock_5" HPOS="208" VPOS="560" WIDTH="819" HEIGHT="170">
					<TextBlock ID="block_4" HPOS="208" VPOS="560" WIDTH="819" HEIGHT="170">
						<TextLine ID="line_11" HPOS="276" VPOS="560" WIDTH="751" HEIGHT="27">
							<String ID="string_90" HPOS="276" VPOS="560" WIDTH="46" HEIGHT="21" WC="0.96" CONTENT="Hra"/><SP WIDTH="21" VPOS="560" HPOS="322"/>
							<String ID="string_91" HPOS="343" VPOS="560" WIDTH="118" HEIGHT="25" WC="0.96" CONTENT="Heikel,"/><SP WIDTH="15" VPOS="560" HPOS="461"/>
							<String ID="string_92" HPOS="476" VPOS="561" WIDTH="96" HEIGHT="21" WC="0.96" CONTENT="Felix:"/><SP WIDTH="25" VPOS="561" HPOS="572"/>
							<String ID="string_93" HPOS="597" VPOS="561" WIDTH="39" HEIGHT="21" WC="0.96" CONTENT="Till"/><SP WIDTH="22" VPOS="561" HPOS="636"/>
							<String ID="string_94" HPOS="658" VPOS="561" WIDTH="25" HEIGHT="20" WC="0.96" CONTENT="hr"/><SP WIDTH="22" VPOS="561" HPOS="683"/>
							<String ID="string_95" HPOS="705" VPOS="561" WIDTH="106" HEIGHT="21" WC="0.95" CONTENT="Janssons"/><SP WIDTH="15" VPOS="561" HPOS="811"/>
							<String ID="string_96" HPOS="826" VPOS="560" WIDTH="98" HEIGHT="27" WC="0.96" CONTENT="yttrande"/><SP WIDTH="16" VPOS="560" HPOS="924"/>
							<String ID="string_97" HPOS="940" VPOS="560" WIDTH="36" HEIGHT="20" WC="0.96" CONTENT="ber"/><SP WIDTH="13" VPOS="560" HPOS="976"/>
							<String ID="string_98" HPOS="989" VPOS="560" WIDTH="38" HEIGHT="27" WC="0.96" CONTENT="jag"/>
						</TextLine>
						<TextLine ID="line_12" HPOS="208" VPOS="588" WIDTH="818" HEIGHT="28">
							<String ID="string_99" HPOS="208" VPOS="588" WIDTH="54" HEIGHT="22" WC="0.90" CONTENT="blott"/><SP WIDTH="22" VPOS="588" HPOS="262"/>
							<String ID="string_100" HPOS="284" VPOS="588" WIDTH="21" HEIGHT="22" WC="0.89" CONTENT="fä"/><SP WIDTH="22" VPOS="588" HPOS="305"/>
							<String ID="string_101" HPOS="327" VPOS="588" WIDTH="106" HEIGHT="26" WC="0.92" CONTENT="anmärka,"/><SP WIDTH="17" VPOS="588" HPOS="433"/>
							<String ID="string_102" HPOS="450" VPOS="591" WIDTH="32" HEIGHT="19" WC="0.93" CONTENT="att"/><SP WIDTH="15" VPOS="591" HPOS="482"/>
							<String ID="string_103" HPOS="497" VPOS="589" WIDTH="65" HEIGHT="21" WC="0.92" CONTENT="kändt"/><SP WIDTH="15" VPOS="589" HPOS="562"/>
							<String ID="string_104" HPOS="577" VPOS="591" WIDTH="29" HEIGHT="23" WC="0.96" CONTENT="är,"/><SP WIDTH="16" VPOS="591" HPOS="606"/>
							<String ID="string_105" HPOS="622" VPOS="591" WIDTH="31" HEIGHT="19" WC="0.93" CONTENT="att"/><SP WIDTH="14" VPOS="591" HPOS="653"/>
							<String ID="string_106" HPOS="667" VPOS="589" WIDTH="128" HEIGHT="27" WC="0.92" CONTENT="landtdagen"/><SP WIDTH="16" VPOS="589" HPOS="795"/>
							<String ID="string_107" HPOS="811" VPOS="595" WIDTH="34" HEIGHT="15" WC="0.96" CONTENT="om"/><SP WIDTH="16" VPOS="595" HPOS="845"/>
							<String ID="string_108" HPOS="861" VPOS="591" WIDTH="31" HEIGHT="19" WC="0.96" CONTENT="ett"/><SP WIDTH="15" VPOS="591" HPOS="892"/>
							<String ID="string_109" HPOS="907" VPOS="595" WIDTH="38" HEIGHT="20" WC="0.96" CONTENT="par"/><SP WIDTH="15" VPOS="595" HPOS="945"/>
							<String ID="string_110" HPOS="960" VPOS="589" WIDTH="66" HEIGHT="25" WC="0.96" CONTENT="dagar"/>
						</TextLine>
						<TextLine ID="line_13" HPOS="208" VPOS="616" WIDTH="818" HEIGHT="28">
							<String ID="string_111" HPOS="208" VPOS="617" WIDTH="101" HEIGHT="27" WC="0.93" CONTENT="upplöses"/><SP WIDTH="15" VPOS="617" HPOS="309"/>
							<String ID="string_112" HPOS="324" VPOS="616" WIDTH="32" HEIGHT="22" WC="0.96" CONTENT="för"/><SP WIDTH="15" VPOS="616" HPOS="356"/>
							<String ID="string_113" HPOS="371" VPOS="619" WIDTH="31" HEIGHT="19" WC="0.93" CONTENT="att"/><SP WIDTH="15" VPOS="619" HPOS="402"/>
							<String ID="string_114" HPOS="417" VPOS="618" WIDTH="157" HEIGHT="21" WC="0.91" CONTENT="sammanträda"/><SP WIDTH="21" VPOS="618" HPOS="574"/>
							<String ID="string_115" HPOS="595" VPOS="618" WIDTH="54" HEIGHT="21" WC="0.96" CONTENT="först"/><SP WIDTH="15" VPOS="618" HPOS="649"/>
							<String ID="string_116" HPOS="664" VPOS="618" WIDTH="53" HEIGHT="20" WC="0.96" CONTENT="efter"/><SP WIDTH="12" VPOS="618" HPOS="717"/>
							<String ID="string_117" HPOS="729" VPOS="618" WIDTH="33" HEIGHT="26" WC="0.96" CONTENT="jul"/><SP WIDTH="15" VPOS="618" HPOS="762"/>
							<String ID="string_118" HPOS="777" VPOS="618" WIDTH="39" HEIGHT="20" WC="0.96" CONTENT="och"/><SP WIDTH="15" VPOS="618" HPOS="816"/>
							<String ID="string_119" HPOS="831" VPOS="619" WIDTH="32" HEIGHT="19" WC="0.93" CONTENT="att"/><SP WIDTH="15" VPOS="619" HPOS="863"/>
							<String ID="string_120" HPOS="878" VPOS="617" WIDTH="88" HEIGHT="21" WC="0.92" CONTENT="sälunda"/><SP WIDTH="15" VPOS="617" HPOS="966"/>
							<String ID="string_121" HPOS="981" VPOS="617" WIDTH="45" HEIGHT="21" WC="0.91" CONTENT="icke"/>
						</TextLine>
						<TextLine ID="line_14" HPOS="208" VPOS="645" WIDTH="818" HEIGHT="27">
							<String ID="string_122" HPOS="208" VPOS="652" WIDTH="38" HEIGHT="14" WC="0.96" CONTENT="ens"/><SP WIDTH="23" VPOS="652" HPOS="246"/>
							<String ID="string_123" HPOS="269" VPOS="646" WIDTH="26" HEIGHT="20" WC="0.93" CONTENT="de"/><SP WIDTH="23" VPOS="646" HPOS="295"/>
							<String ID="string_124" HPOS="318" VPOS="646" WIDTH="75" HEIGHT="26" WC="0.92" CONTENT="nädiga"/><SP WIDTH="17" VPOS="646" HPOS="393"/>
							<String ID="string_125" HPOS="410" VPOS="646" WIDTH="186" HEIGHT="26" WC="0.92" CONTENT="propositionerna"/><SP WIDTH="15" VPOS="646" HPOS="596"/>
							<String ID="string_126" HPOS="611" VPOS="646" WIDTH="64" HEIGHT="21" WC="0.92" CONTENT="hinna"/><SP WIDTH="15" VPOS="646" HPOS="675"/>
							<String ID="string_127" HPOS="690" VPOS="646" WIDTH="115" HEIGHT="21" WC="0.92" CONTENT="behandlas"/><SP WIDTH="16" VPOS="646" HPOS="805"/>
							<String ID="string_128" HPOS="821" VPOS="646" WIDTH="22" HEIGHT="21" WC="0.93" CONTENT="af"/><SP WIDTH="12" VPOS="646" HPOS="843"/>
							<String ID="string_129" HPOS="855" VPOS="646" WIDTH="110" HEIGHT="21" WC="0.92" CONTENT="utskotten"/><SP WIDTH="16" VPOS="646" HPOS="965"/>
							<String ID="string_130" HPOS="981" VPOS="645" WIDTH="45" HEIGHT="21" WC="0.96" CONTENT="före"/>
						</TextLine>
						<TextLine ID="line_15" HPOS="208" VPOS="674" WIDTH="818" HEIGHT="27">
							<String ID="string_131" HPOS="208" VPOS="674" WIDTH="41" HEIGHT="21" WC="0.95" CONTENT="den"/><SP WIDTH="23" VPOS="674" HPOS="249"/>
							<String ID="string_132" HPOS="272" VPOS="674" WIDTH="46" HEIGHT="26" WC="0.95" CONTENT="dag,"/><SP WIDTH="23" VPOS="674" HPOS="318"/>
							<String ID="string_133" HPOS="341" VPOS="674" WIDTH="31" HEIGHT="21" WC="0.93" CONTENT="till"/><SP WIDTH="21" VPOS="674" HPOS="372"/>
							<String ID="string_134" HPOS="393" VPOS="674" WIDTH="84" HEIGHT="21" WC="0.93" CONTENT="hvilken"/><SP WIDTH="15" VPOS="674" HPOS="477"/>
							<String ID="string_135" HPOS="492" VPOS="674" WIDTH="26" HEIGHT="21" WC="0.96" CONTENT="hr"/><SP WIDTH="14" VPOS="674" HPOS="518"/>
							<String ID="string_136" HPOS="532" VPOS="675" WIDTH="93" HEIGHT="21" WC="0.96" CONTENT="Jansson"/><SP WIDTH="19" VPOS="675" HPOS="625"/>
							<String ID="string_137" HPOS="644" VPOS="675" WIDTH="35" HEIGHT="21" WC="0.93" CONTENT="vill"/><SP WIDTH="15" VPOS="675" HPOS="679"/>
							<String ID="string_138" HPOS="694" VPOS="674" WIDTH="63" HEIGHT="22" WC="0.93" CONTENT="hafva"/><SP WIDTH="14" VPOS="674" HPOS="757"/>
							<String ID="string_139" HPOS="771" VPOS="675" WIDTH="103" HEIGHT="21" WC="0.92" CONTENT="remissen"/><SP WIDTH="16" VPOS="675" HPOS="874"/>
							<String ID="string_140" HPOS="890" VPOS="674" WIDTH="136" HEIGHT="27" WC="0.92" CONTENT="uppskjuten,"/>
						</TextLine>
						<TextLine ID="line_16" HPOS="208" VPOS="703" WIDTH="710" HEIGHT="27">
							<String ID="string_141" HPOS="208" VPOS="703" WIDTH="39" HEIGHT="21" WC="0.93" CONTENT="och"/><SP WIDTH="16" VPOS="703" HPOS="247"/>
							<String ID="string_142" HPOS="263" VPOS="703" WIDTH="81" HEIGHT="21" WC="0.92" CONTENT="säledes"/><SP WIDTH="15" VPOS="703" HPOS="344"/>
							<String ID="string_143" HPOS="359" VPOS="704" WIDTH="57" HEIGHT="20" WC="0.96" CONTENT="ännu"/><SP WIDTH="16" VPOS="704" HPOS="416"/>
							<String ID="string_144" HPOS="432" VPOS="703" WIDTH="82" HEIGHT="21" WC="0.96" CONTENT="mindre"/><SP WIDTH="15" VPOS="703" HPOS="514"/>
							<String ID="string_145" HPOS="529" VPOS="703" WIDTH="26" HEIGHT="21" WC="0.96" CONTENT="de"/><SP WIDTH="15" VPOS="703" HPOS="555"/>
							<String ID="string_146" HPOS="570" VPOS="710" WIDTH="29" HEIGHT="14" WC="0.93" CONTENT="nu"/><SP WIDTH="15" VPOS="710" HPOS="599"/>
							<String ID="string_147" HPOS="614" VPOS="703" WIDTH="143" HEIGHT="27" WC="0.92" CONTENT="föreliggande"/><SP WIDTH="15" VPOS="703" HPOS="757"/>
							<String ID="string_148" HPOS="772" VPOS="704" WIDTH="146" HEIGHT="26" WC="0.92" CONTENT="petitionerna."/>
						</TextLine>
					</TextBlock>
				</ComposedBlock>
				<ComposedBlock ID="cblock_6" HPOS="206" VPOS="777" WIDTH="823" HEIGHT="256">
					<TextBlock ID="block_5" HPOS="206" VPOS="777" WIDTH="823" HEIGHT="256">
						<TextLine ID="line_17" HPOS="276" VPOS="777" WIDTH="750" HEIGHT="27">
							<String ID="string_149" HPOS="276" VPOS="777" WIDTH="46" HEIGHT="21" WC="0.93" CONTENT="Hra"/><SP WIDTH="23" VPOS="777" HPOS="322"/>
							<String ID="string_150" HPOS="345" VPOS="777" WIDTH="176" HEIGHT="27" WC="0.91" CONTENT="Stählberg:"/><SP WIDTH="31" VPOS="777" HPOS="521"/>
							<String ID="string_151" HPOS="552" VPOS="778" WIDTH="53" HEIGHT="21" WC="0.95" CONTENT="Olen"/><SP WIDTH="16" VPOS="778" HPOS="605"/>
							<String ID="string_152" HPOS="621" VPOS="778" WIDTH="41" HEIGHT="20" WC="0.96" CONTENT="sitä"/><SP WIDTH="15" VPOS="778" HPOS="662"/>
							<String ID="string_153" HPOS="677" VPOS="778" WIDTH="76" HEIGHT="25" WC="0.96" CONTENT="mieltä,"/><SP WIDTH="16" VPOS="778" HPOS="753"/>
							<String ID="string_154" HPOS="769" VPOS="780" WIDTH="44" HEIGHT="19" WC="0.96" CONTENT="että"/><SP WIDTH="14" VPOS="780" HPOS="813"/>
							<String ID="string_155" HPOS="827" VPOS="778" WIDTH="59" HEIGHT="21" WC="0.96" CONTENT="esillä"/><SP WIDTH="15" VPOS="778" HPOS="886"/>
							<String ID="string_156" HPOS="901" VPOS="777" WIDTH="61" HEIGHT="21" WC="0.93" CONTENT="oleva"/><SP WIDTH="14" VPOS="777" HPOS="962"/>
							<String ID="string_157" HPOS="976" VPOS="783" WIDTH="50" HEIGHT="15" WC="0.93" CONTENT="ano-"/>
						</TextLine>
						<TextLine ID="line_18" HPOS="208" VPOS="806" WIDTH="820" HEIGHT="22">
							<String ID="string_158" HPOS="208" VPOS="806" WIDTH="140" HEIGHT="21" WC="0.91" CONTENT="musehdotus"/><SP WIDTH="15" VPOS="806" HPOS="348"/>
							<String ID="string_159" HPOS="363" VPOS="806" WIDTH="26" HEIGHT="21" WC="0.92" CONTENT="V."/><SP WIDTH="15" VPOS="806" HPOS="389"/>
							<String ID="string_160" HPOS="404" VPOS="806" WIDTH="35" HEIGHT="22" WC="0.96" CONTENT="J:n"/><SP WIDTH="15" VPOS="806" HPOS="439"/>
							<String ID="string_161" HPOS="454" VPOS="806" WIDTH="90" HEIGHT="22" WC="0.96" CONTENT="mukaan"/><SP WIDTH="23" VPOS="806" HPOS="544"/>
							<String ID="string_162" HPOS="567" VPOS="806" WIDTH="90" HEIGHT="22" WC="0.96" CONTENT="voidaan"/><SP WIDTH="21" VPOS="806" HPOS="657"/>
							<String ID="string_163" HPOS="678" VPOS="806" WIDTH="150" HEIGHT="21" WC="0.96" CONTENT="valiokuntaan"/><SP WIDTH="14" VPOS="806" HPOS="828"/>
							<String ID="string_164" HPOS="842" VPOS="806" WIDTH="98" HEIGHT="21" WC="0.94" CONTENT="lähettää."/><SP WIDTH="30" VPOS="806" HPOS="940"/>
							<String ID="string_165" HPOS="970" VPOS="806" WIDTH="58" HEIGHT="21" WC="0.96" CONTENT="Minä"/>
						</TextLine>
						<TextLine ID="line_19" HPOS="208" VPOS="834" WIDTH="818" HEIGHT="28">
							<String ID="string_166" HPOS="208" VPOS="834" WIDTH="121" HEIGHT="28" WC="0.96" CONTENT="puolestani"/><SP WIDTH="17" VPOS="834" HPOS="329"/>
							<String ID="string_167" HPOS="346" VPOS="834" WIDTH="105" HEIGHT="22" WC="0.96" CONTENT="kannatan"/><SP WIDTH="19" VPOS="834" HPOS="451"/>
							<String ID="string_168" HPOS="470" VPOS="835" WIDTH="40" HEIGHT="21" WC="0.96" CONTENT="sitä"/><SP WIDTH="16" VPOS="835" HPOS="510"/>
							<String ID="string_169" HPOS="526" VPOS="835" WIDTH="118" HEIGHT="25" WC="0.96" CONTENT="ehdotusta,"/><SP WIDTH="16" VPOS="835" HPOS="644"/>
							<String ID="string_170" HPOS="660" VPOS="837" WIDTH="43" HEIGHT="19" WC="0.93" CONTENT="että"/><SP WIDTH="14" VPOS="837" HPOS="703"/>
							<String ID="string_171" HPOS="717" VPOS="835" WIDTH="182" HEIGHT="21" WC="0.93" CONTENT="anomusehdotus"/><SP WIDTH="15" VPOS="835" HPOS="899"/>
							<String ID="string_172" HPOS="914" VPOS="834" WIDTH="112" HEIGHT="28" WC="0.96" CONTENT="pantaisiin"/>
						</TextLine>
						<TextLine ID="line_20" HPOS="209" VPOS="863" WIDTH="818" HEIGHT="27">
							<String ID="string_173" HPOS="209" VPOS="863" WIDTH="96" HEIGHT="27" WC="0.96" CONTENT="pöydälle"/><SP WIDTH="15" VPOS="863" HPOS="305"/>
							<String ID="string_174" HPOS="320" VPOS="863" WIDTH="160" HEIGHT="26" WC="0.96" CONTENT="huomispäivän"/><SP WIDTH="16" VPOS="863" HPOS="480"/>
							<String ID="string_175" HPOS="496" VPOS="864" WIDTH="116" HEIGHT="25" WC="0.96" CONTENT="istuntoon,"/><SP WIDTH="16" VPOS="864" HPOS="612"/>
							<String ID="string_176" HPOS="628" VPOS="864" WIDTH="41" HEIGHT="21" WC="0.96" CONTENT="sitä"/><SP WIDTH="14" VPOS="864" HPOS="669"/>
							<String ID="string_177" HPOS="683" VPOS="864" WIDTH="152" HEIGHT="21" WC="0.95" CONTENT="suuremmalla"/><SP WIDTH="15" VPOS="864" HPOS="835"/>
							<String ID="string_178" HPOS="850" VPOS="864" WIDTH="65" HEIGHT="26" WC="0.96" CONTENT="syyllä"/><SP WIDTH="15" VPOS="864" HPOS="915"/>
							<String ID="string_179" HPOS="930" VPOS="863" WIDTH="49" HEIGHT="25" WC="0.93" CONTENT="kun,"/><SP WIDTH="11" VPOS="863" HPOS="979"/>
							<String ID="string_180" HPOS="990" VPOS="863" WIDTH="37" HEIGHT="21" WC="0.92" CONTENT="mi-"/>
						</TextLine>
						<TextLine ID="line_21" HPOS="208" VPOS="891" WIDTH="819" HEIGHT="28">
							<String ID="string_181" HPOS="208" VPOS="891" WIDTH="43" HEIGHT="21" WC="0.96" CONTENT="käli"/><SP WIDTH="21" VPOS="891" HPOS="251"/>
							<String ID="string_182" HPOS="272" VPOS="891" WIDTH="73" HEIGHT="21" WC="0.96" CONTENT="luulen"/><SP WIDTH="24" VPOS="891" HPOS="345"/>
							<String ID="string_183" HPOS="369" VPOS="891" WIDTH="105" HEIGHT="26" WC="0.95" CONTENT="tietäväni,"/><SP WIDTH="18" VPOS="891" HPOS="474"/>
							<String ID="string_184" HPOS="492" VPOS="892" WIDTH="68" HEIGHT="21" WC="0.96" CONTENT="lienee"/><SP WIDTH="22" VPOS="892" HPOS="560"/>
							<String ID="string_185" HPOS="582" VPOS="892" WIDTH="154" HEIGHT="21" WC="0.96" CONTENT="odotettavissa"/><SP WIDTH="19" VPOS="892" HPOS="736"/>
							<String ID="string_186" HPOS="755" VPOS="892" WIDTH="126" HEIGHT="27" WC="0.96" CONTENT="jokseenkin"/><SP WIDTH="23" VPOS="892" HPOS="881"/>
							<String ID="string_187" HPOS="904" VPOS="891" WIDTH="123" HEIGHT="27" WC="0.96" CONTENT="pitkällinen"/>
						</TextLine>
						<TextLine ID="line_22" HPOS="206" VPOS="920" WIDTH="821" HEIGHT="27">
							<String ID="string_188" HPOS="206" VPOS="920" WIDTH="124" HEIGHT="27" WC="0.96" CONTENT="joululoma."/><SP WIDTH="21" VPOS="920" HPOS="330"/>
							<String ID="string_189" HPOS="351" VPOS="920" WIDTH="40" HEIGHT="21" WC="0.93" CONTENT="Jos"/><SP WIDTH="16" VPOS="920" HPOS="391"/>
							<String ID="string_190" HPOS="407" VPOS="920" WIDTH="172" HEIGHT="21" WC="0.93" CONTENT="noudatettaisiin"/><SP WIDTH="15" VPOS="920" HPOS="579"/>
							<String ID="string_191" HPOS="594" VPOS="921" WIDTH="38" HEIGHT="20" WC="0.96" CONTENT="hra"/><SP WIDTH="14" VPOS="921" HPOS="632"/>
							<String ID="string_192" HPOS="646" VPOS="921" WIDTH="115" HEIGHT="21" WC="0.96" CONTENT="Janssonin"/><SP WIDTH="17" VPOS="921" HPOS="761"/>
							<String ID="string_193" HPOS="778" VPOS="921" WIDTH="134" HEIGHT="20" WC="0.93" CONTENT="ehdottamaa"/><SP WIDTH="15" VPOS="921" HPOS="912"/>
							<String ID="string_194" HPOS="927" VPOS="922" WIDTH="100" HEIGHT="19" WC="0.92" CONTENT="menette-"/>
						</TextLine>
						<TextLine ID="line_23" HPOS="208" VPOS="948" WIDTH="821" HEIGHT="28">
							<String ID="string_195" HPOS="208" VPOS="948" WIDTH="40" HEIGHT="27" WC="0.96" CONTENT="lyä,"/><SP WIDTH="15" VPOS="948" HPOS="248"/>
							<String ID="string_196" HPOS="263" VPOS="949" WIDTH="42" HEIGHT="20" WC="0.93" CONTENT="niin"/><SP WIDTH="21" VPOS="949" HPOS="305"/>
							<String ID="string_197" HPOS="326" VPOS="949" WIDTH="157" HEIGHT="26" WC="0.92" CONTENT="porvarissääty"/><SP WIDTH="14" VPOS="949" HPOS="483"/>
							<String ID="string_198" HPOS="497" VPOS="949" WIDTH="79" HEIGHT="26" WC="0.97" CONTENT="pääsisi"/><SP WIDTH="15" VPOS="949" HPOS="576"/>
							<String ID="string_199" HPOS="591" VPOS="949" WIDTH="140" HEIGHT="21" WC="0.96" CONTENT="lähettämään"/><SP WIDTH="16" VPOS="949" HPOS="731"/>
							<String ID="string_200" HPOS="747" VPOS="949" WIDTH="46" HEIGHT="21" WC="0.96" CONTENT="sille"/><SP WIDTH="15" VPOS="949" HPOS="793"/>
							<String ID="string_201" HPOS="808" VPOS="949" WIDTH="80" HEIGHT="27" WC="0.96" CONTENT="tehtyjä"/><SP WIDTH="14" VPOS="949" HPOS="888"/>
							<String ID="string_202" HPOS="902" VPOS="949" WIDTH="127" HEIGHT="21" WC="0.96" CONTENT="ehdotuksia"/>
						</TextLine>
						<TextLine ID="line_24" HPOS="209" VPOS="977" WIDTH="818" HEIGHT="27">
							<String ID="string_203" HPOS="209" VPOS="977" WIDTH="150" HEIGHT="21" WC="0.96" CONTENT="valiokuntaan"/><SP WIDTH="22" VPOS="977" HPOS="359"/>
							<String ID="string_204" HPOS="381" VPOS="980" WIDTH="59" HEIGHT="18" WC="0.96" CONTENT="vasta"/><SP WIDTH="24" VPOS="980" HPOS="440"/>
							<String ID="string_205" HPOS="464" VPOS="977" WIDTH="131" HEIGHT="22" WC="0.96" CONTENT="tammikuun"/><SP WIDTH="23" VPOS="977" HPOS="595"/>
							<String ID="string_206" HPOS="618" VPOS="977" WIDTH="80" HEIGHT="27" WC="0.96" CONTENT="lopulla"/><SP WIDTH="17" VPOS="977" HPOS="698"/>
							<String ID="string_207" HPOS="715" VPOS="978" WIDTH="29" HEIGHT="21" WC="0.96" CONTENT="tai"/><SP WIDTH="15" VPOS="978" HPOS="744"/>
							<String ID="string_208" HPOS="759" VPOS="977" WIDTH="123" HEIGHT="22" WC="0.96" CONTENT="helmikuun"/><SP WIDTH="15" VPOS="977" HPOS="882"/>
							<String ID="string_209" HPOS="897" VPOS="977" WIDTH="78" HEIGHT="25" WC="0.96" CONTENT="alussa,"/><SP WIDTH="16" VPOS="977" HPOS="975"/>
							<String ID="string_210" HPOS="991" VPOS="977" WIDTH="36" HEIGHT="21" WC="0.96" CONTENT="siis"/>
						</TextLine>
						<TextLine ID="line_25" HPOS="209" VPOS="1005" WIDTH="818" HEIGHT="28">
							<String ID="string_211" HPOS="209" VPOS="1007" WIDTH="61" HEIGHT="20" WC="0.96" CONTENT="vasta"/><SP WIDTH="15" VPOS="1007" HPOS="270"/>
							<String ID="string_212" HPOS="285" VPOS="1006" WIDTH="70" HEIGHT="25" WC="0.96" CONTENT="sitten,"/><SP WIDTH="16" VPOS="1006" HPOS="355"/>
							<String ID="string_213" HPOS="371" VPOS="1005" WIDTH="43" HEIGHT="21" WC="0.93" CONTENT="kun"/><SP WIDTH="15" VPOS="1005" HPOS="414"/>
							<String ID="string_214" HPOS="429" VPOS="1005" WIDTH="140" HEIGHT="28" WC="0.93" CONTENT="valtiosäädyt"/><SP WIDTH="15" VPOS="1005" HPOS="569"/>
							<String ID="string_215" HPOS="584" VPOS="1008" WIDTH="50" HEIGHT="19" WC="0.97" CONTENT="ovat"/><SP WIDTH="10" VPOS="1008" HPOS="634"/>
							<String ID="string_216" HPOS="644" VPOS="1006" WIDTH="63" HEIGHT="21" WC="0.96" CONTENT="olleet"/><SP WIDTH="7" VPOS="1006" HPOS="707"/>
							<String ID="string_217" HPOS="714" VPOS="1006" WIDTH="23" HEIGHT="27" WC="0.96" CONTENT="jo"/><SP WIDTH="11" VPOS="1006" HPOS="737"/>
							<String ID="string_218" HPOS="748" VPOS="1007" WIDTH="65" HEIGHT="20" WC="0.97" CONTENT="toista"/><SP WIDTH="10" VPOS="1007" HPOS="813"/>
							<String ID="string_219" HPOS="823" VPOS="1006" WIDTH="119" HEIGHT="21" WC="0.97" CONTENT="kuukautta"/><SP WIDTH="10" VPOS="1006" HPOS="942"/>
							<String ID="string_220" HPOS="952" VPOS="1005" WIDTH="75" HEIGHT="22" WC="0.96" CONTENT="koolla."/>
						</TextLine>
					</TextBlock>
				</ComposedBlock>
				<ComposedBlock ID="cblock_7" HPOS="211" VPOS="1079" WIDTH="820" HEIGHT="199">
					<TextBlock ID="block_6" HPOS="211" VPOS="1079" WIDTH="820" HEIGHT="199">
						<TextLine ID="line_26" HPOS="279" VPOS="1079" WIDTH="749" HEIGHT="28">
							<String ID="string_221" HPOS="279" VPOS="1080" WIDTH="46" HEIGHT="21" WC="0.96" CONTENT="Hra"/><SP WIDTH="16" VPOS="1080" HPOS="325"/>
							<String ID="string_222" HPOS="341" VPOS="1079" WIDTH="185" HEIGHT="27" WC="0.96" CONTENT="Björklund:"/><SP WIDTH="21" VPOS="1079" HPOS="526"/>
							<String ID="string_223" HPOS="547" VPOS="1080" WIDTH="94" HEIGHT="21" WC="0.95" CONTENT="Minäkin"/><SP WIDTH="16" VPOS="1080" HPOS="641"/>
							<String ID="string_224" HPOS="657" VPOS="1080" WIDTH="120" HEIGHT="27" WC="0.96" CONTENT="puolestani"/><SP WIDTH="14" VPOS="1080" HPOS="777"/>
							<String ID="string_225" HPOS="791" VPOS="1082" WIDTH="127" HEIGHT="25" WC="0.96" CONTENT="ymmärrän,"/><SP WIDTH="16" VPOS="1082" HPOS="918"/>
							<String ID="string_226" HPOS="934" VPOS="1082" WIDTH="44" HEIGHT="19" WC="0.93" CONTENT="että"/><SP WIDTH="14" VPOS="1082" HPOS="978"/>
							<String ID="string_227" HPOS="992" VPOS="1082" WIDTH="36" HEIGHT="19" WC="0.92" CONTENT="nä-"/>
						</TextLine>
						<TextLine ID="line_27" HPOS="211" VPOS="1108" WIDTH="818" HEIGHT="28">
							<String ID="string_228" HPOS="211" VPOS="1109" WIDTH="44" HEIGHT="20" WC="0.96" CONTENT="mät"/><SP WIDTH="14" VPOS="1109" HPOS="255"/>
							<String ID="string_229" HPOS="269" VPOS="1108" WIDTH="137" HEIGHT="27" WC="0.96" CONTENT="valtiopäivät"/><SP WIDTH="18" VPOS="1108" HPOS="406"/>
							<String ID="string_230" HPOS="424" VPOS="1111" WIDTH="49" HEIGHT="18" WC="0.96" CONTENT="ovat"/><SP WIDTH="15" VPOS="1111" HPOS="473"/>
							<String ID="string_231" HPOS="488" VPOS="1109" WIDTH="84" HEIGHT="21" WC="0.96" CONTENT="kokoon"/><SP WIDTH="16" VPOS="1109" HPOS="572"/>
							<String ID="string_232" HPOS="588" VPOS="1109" WIDTH="104" HEIGHT="25" WC="0.96" CONTENT="kutsutut,"/><SP WIDTH="15" VPOS="1109" HPOS="692"/>
							<String ID="string_233" HPOS="707" VPOS="1109" WIDTH="19" HEIGHT="21" WC="0.96" CONTENT="ei"/><SP WIDTH="15" VPOS="1109" HPOS="726"/>
							<String ID="string_234" HPOS="741" VPOS="1109" WIDTH="124" HEIGHT="21" WC="0.95" CONTENT="ainoastaan"/><SP WIDTH="12" VPOS="1109" HPOS="865"/>
							<String ID="string_235" HPOS="877" VPOS="1108" WIDTH="152" HEIGHT="28" WC="0.96" CONTENT="järjestämään"/>
						</TextLine>
						<TextLine ID="line_28" HPOS="211" VPOS="1136" WIDTH="818" HEIGHT="28">
							<String ID="string_236" HPOS="211" VPOS="1136" WIDTH="125" HEIGHT="26" WC="0.96" CONTENT="valtiollisia,"/><SP WIDTH="16" VPOS="1136" HPOS="336"/>
							<String ID="string_237" HPOS="352" VPOS="1144" WIDTH="53" HEIGHT="14" WC="0.96" CONTENT="vaan"/><SP WIDTH="22" VPOS="1144" HPOS="405"/>
							<String ID="string_238" HPOS="427" VPOS="1138" WIDTH="96" HEIGHT="26" WC="0.96" CONTENT="myöskin"/><SP WIDTH="24" VPOS="1138" HPOS="523"/>
							<String ID="string_239" HPOS="547" VPOS="1144" WIDTH="103" HEIGHT="15" WC="0.92" CONTENT="maamme"/><SP WIDTH="19" VPOS="1144" HPOS="650"/>
							<String ID="string_240" HPOS="669" VPOS="1138" WIDTH="97" HEIGHT="21" WC="0.92" CONTENT="sisällisiä"/><SP WIDTH="15" VPOS="1138" HPOS="766"/>
							<String ID="string_241" HPOS="781" VPOS="1138" WIDTH="61" HEIGHT="26" WC="0.96" CONTENT="oloja."/><SP WIDTH="29" VPOS="1138" HPOS="842"/>
							<String ID="string_242" HPOS="871" VPOS="1138" WIDTH="27" HEIGHT="21" WC="0.96" CONTENT="Ja"/><SP WIDTH="14" VPOS="1138" HPOS="898"/>
							<String ID="string_243" HPOS="912" VPOS="1138" WIDTH="43" HEIGHT="21" WC="0.96" CONTENT="kun"/><SP WIDTH="17" VPOS="1138" HPOS="955"/>
							<String ID="string_244" HPOS="972" VPOS="1139" WIDTH="57" HEIGHT="20" WC="0.97" CONTENT="tässä"/>
						</TextLine>
						<TextLine ID="line_29" HPOS="211" VPOS="1166" WIDTH="818" HEIGHT="27">
							<String ID="string_245" HPOS="211" VPOS="1167" WIDTH="38" HEIGHT="25" WC="0.96" CONTENT="nyt"/><SP WIDTH="22" VPOS="1167" HPOS="249"/>
							<String ID="string_246" HPOS="271" VPOS="1166" WIDTH="102" HEIGHT="20" WC="0.96" CONTENT="esitetään"/><SP WIDTH="20" VPOS="1166" HPOS="373"/>
							<String ID="string_247" HPOS="393" VPOS="1166" WIDTH="47" HEIGHT="26" WC="0.96" CONTENT="yksi"/><SP WIDTH="22" VPOS="1166" HPOS="440"/>
							<String ID="string_248" HPOS="462" VPOS="1166" WIDTH="98" HEIGHT="26" WC="0.96" CONTENT="hyvinkin"/><SP WIDTH="24" VPOS="1166" HPOS="560"/>
							<String ID="string_249" HPOS="584" VPOS="1166" WIDTH="115" HEIGHT="21" WC="0.96" CONTENT="huomioon"/><SP WIDTH="20" VPOS="1166" HPOS="699"/>
							<String ID="string_250" HPOS="719" VPOS="1168" WIDTH="94" HEIGHT="20" WC="0.96" CONTENT="otettava"/><SP WIDTH="22" VPOS="1168" HPOS="813"/>
							<String ID="string_251" HPOS="835" VPOS="1166" WIDTH="135" HEIGHT="27" WC="0.96" CONTENT="toimenpide,"/><SP WIDTH="15" VPOS="1166" HPOS="970"/>
							<String ID="string_252" HPOS="985" VPOS="1166" WIDTH="44" HEIGHT="22" WC="0.97" CONTENT="niin"/>
						</TextLine>
						<TextLine ID="line_30" HPOS="211" VPOS="1194" WIDTH="820" HEIGHT="28">
							<String ID="string_253" HPOS="211" VPOS="1194" WIDTH="58" HEIGHT="20" WC="0.96" CONTENT="minä"/><SP WIDTH="21" VPOS="1194" HPOS="269"/>
							<String ID="string_254" HPOS="290" VPOS="1194" WIDTH="83" HEIGHT="27" WC="0.96" CONTENT="pyydän"/><SP WIDTH="22" VPOS="1194" HPOS="373"/>
							<String ID="string_255" HPOS="395" VPOS="1194" WIDTH="120" HEIGHT="27" WC="0.96" CONTENT="puolestani"/><SP WIDTH="21" VPOS="1194" HPOS="515"/>
							<String ID="string_256" HPOS="536" VPOS="1195" WIDTH="64" HEIGHT="27" WC="0.96" CONTENT="yhtyä"/><SP WIDTH="18" VPOS="1195" HPOS="600"/>
							<String ID="string_257" HPOS="618" VPOS="1194" WIDTH="65" HEIGHT="22" WC="0.96" CONTENT="niihin"/><SP WIDTH="19" VPOS="1194" HPOS="683"/>
							<String ID="string_258" HPOS="702" VPOS="1194" WIDTH="103" HEIGHT="28" WC="0.96" CONTENT="puhujiin,"/><SP WIDTH="13" VPOS="1194" HPOS="805"/>
							<String ID="string_259" HPOS="818" VPOS="1195" WIDTH="61" HEIGHT="27" WC="0.97" CONTENT="jotka"/><SP WIDTH="13" VPOS="1195" HPOS="879"/>
							<String ID="string_260" HPOS="892" VPOS="1195" WIDTH="139" HEIGHT="21" WC="0.96" CONTENT="kannattavat"/>
						</TextLine>
						<TextLine ID="line_31" HPOS="211" VPOS="1222" WIDTH="819" HEIGHT="28">
							<String ID="string_261" HPOS="211" VPOS="1222" WIDTH="59" HEIGHT="21" WC="0.93" CONTENT="asian"/><SP WIDTH="16" VPOS="1222" HPOS="270"/>
							<String ID="string_262" HPOS="286" VPOS="1222" WIDTH="166" HEIGHT="27" WC="0.92" CONTENT="pöydällepanoa"/><SP WIDTH="22" VPOS="1222" HPOS="452"/>
							<String ID="string_263" HPOS="474" VPOS="1223" WIDTH="130" HEIGHT="21" WC="0.96" CONTENT="huomiseksi"/><SP WIDTH="12" VPOS="1223" HPOS="604"/>
							<String ID="string_264" HPOS="616" VPOS="1223" WIDTH="24" HEIGHT="27" WC="0.97" CONTENT="ja"/><SP WIDTH="19" VPOS="1223" HPOS="640"/>
							<String ID="string_265" HPOS="659" VPOS="1223" WIDTH="64" HEIGHT="21" WC="0.96" CONTENT="sitten"/><SP WIDTH="15" VPOS="1223" HPOS="723"/>
							<String ID="string_266" HPOS="738" VPOS="1224" WIDTH="168" HEIGHT="20" WC="0.93" CONTENT="asianomaiseen"/><SP WIDTH="15" VPOS="1224" HPOS="906"/>
							<String ID="string_267" HPOS="921" VPOS="1223" WIDTH="109" HEIGHT="21" WC="0.93" CONTENT="valiokun-"/>
						</TextLine>
						<TextLine ID="line_32" HPOS="212" VPOS="1250" WIDTH="569" HEIGHT="28">
							<String ID="string_268" HPOS="212" VPOS="1252" WIDTH="49" HEIGHT="20" WC="0.96" CONTENT="taan"/><SP WIDTH="15" VPOS="1252" HPOS="261"/>
							<String ID="string_269" HPOS="276" VPOS="1250" WIDTH="161" HEIGHT="22" WC="0.97" CONTENT="lähetettäväksi"/><SP WIDTH="15" VPOS="1250" HPOS="437"/>
							<String ID="string_270" HPOS="452" VPOS="1251" WIDTH="43" HEIGHT="21" WC="0.96" CONTENT="niin"/><SP WIDTH="15" VPOS="1251" HPOS="495"/>
							<String ID="string_271" HPOS="510" VPOS="1252" WIDTH="49" HEIGHT="26" WC="0.96" CONTENT="pian"/><SP WIDTH="16" VPOS="1252" HPOS="559"/>
							<String ID="string_272" HPOS="575" VPOS="1252" WIDTH="50" HEIGHT="20" WC="0.96" CONTENT="kuin"/><SP WIDTH="17" VPOS="1252" HPOS="625"/>
							<String ID="string_273" HPOS="642" VPOS="1251" WIDTH="139" HEIGHT="22" WC="0.96" CONTENT="mahdollista."/>
						</TextLine>
					</TextBlock>
				</ComposedBlock>
				<ComposedBlock ID="cblock_8" HPOS="213" VPOS="1319" WIDTH="819" HEIGHT="56">
					<TextBlock ID="block_7" HPOS="213" VPOS="1319" WIDTH="819" HEIGHT="56">
						<TextLine ID="line_33" HPOS="282" VPOS="1319" WIDTH="750" HEIGHT="31">
							<String ID="string_274" HPOS="282" VPOS="1319" WIDTH="129" HEIGHT="31" WC="0.96" CONTENT="Keskustelu"/><SP WIDTH="21" VPOS="1319" HPOS="411"/>
							<String ID="string_275" HPOS="432" VPOS="1319" WIDTH="121" HEIGHT="26" WC="0.93" CONTENT="julistettiin"/><SP WIDTH="21" VPOS="1319" HPOS="553"/>
							<String ID="string_276" HPOS="574" VPOS="1321" WIDTH="38" HEIGHT="24" WC="0.96" CONTENT="nyt"/><SP WIDTH="20" VPOS="1321" HPOS="612"/>
							<String ID="string_277" HPOS="632" VPOS="1320" WIDTH="151" HEIGHT="25" WC="0.96" CONTENT="päättyneeksi,"/><SP WIDTH="20" VPOS="1320" HPOS="783"/>
							<String ID="string_278" HPOS="803" VPOS="1320" WIDTH="67" HEIGHT="26" WC="0.96" CONTENT="jonka"/><SP WIDTH="16" VPOS="1320" HPOS="870"/>
							<String ID="string_279" HPOS="886" VPOS="1320" WIDTH="85" HEIGHT="26" WC="0.97" CONTENT="jälkeen"/><SP WIDTH="22" VPOS="1320" HPOS="971"/>
							<String ID="string_280" HPOS="993" VPOS="1320" WIDTH="39" HEIGHT="21" WC="0.96" CONTENT="hra"/>
						</TextLine>
						<TextLine ID="line_34" HPOS="213" VPOS="1345" WIDTH="806" HEIGHT="30">
							<String ID="string_281" HPOS="213" VPOS="1345" WIDTH="110" HEIGHT="28" WC="0.96" CONTENT="puhemies"/><SP WIDTH="16" VPOS="1345" HPOS="323"/>
							<String ID="string_282" HPOS="339" VPOS="1347" WIDTH="77" HEIGHT="26" WC="0.96" CONTENT="säädyn"/><SP WIDTH="16" VPOS="1347" HPOS="416"/>
							<String ID="string_283" HPOS="432" VPOS="1347" WIDTH="152" HEIGHT="21" WC="0.96" CONTENT="vastattavaksi"/><SP WIDTH="15" VPOS="1347" HPOS="584"/>
							<String ID="string_284" HPOS="599" VPOS="1347" WIDTH="58" HEIGHT="21" WC="0.96" CONTENT="esitti"/><SP WIDTH="14" VPOS="1347" HPOS="657"/>
							<String ID="string_285" HPOS="671" VPOS="1353" WIDTH="117" HEIGHT="16" WC="0.93" CONTENT="seuraavan"/><SP WIDTH="16" VPOS="1353" HPOS="788"/>
							<String ID="string_286" HPOS="804" VPOS="1348" WIDTH="215" HEIGHT="27" WC="0.91" CONTENT="äänestysesityksen:"/>
						</TextLine>
					</TextBlock>
				</ComposedBlock>
				<ComposedBlock ID="cblock_9" HPOS="211" VPOS="1415" WIDTH="822" HEIGHT="145">
					<TextBlock ID="block_8" HPOS="211" VPOS="1415" WIDTH="822" HEIGHT="85">
						<TextLine ID="line_35" HPOS="282" VPOS="1415" WIDTH="751" HEIGHT="30">
							<String ID="string_287" HPOS="282" VPOS="1415" WIDTH="39" HEIGHT="27" WC="0.94" CONTENT="Ne,"/><SP WIDTH="10" VPOS="1415" HPOS="321"/>
							<String ID="string_288" HPOS="331" VPOS="1415" WIDTH="64" HEIGHT="28" WC="0.96" CONTENT="jotka"/><SP WIDTH="16" VPOS="1415" HPOS="395"/>
							<String ID="string_289" HPOS="411" VPOS="1415" WIDTH="97" HEIGHT="22" WC="0.93" CONTENT="tahtovat"/><SP WIDTH="9" VPOS="1415" HPOS="508"/>
							<String ID="string_290" HPOS="517" VPOS="1416" WIDTH="139" HEIGHT="21" WC="0.93" CONTENT="esilläolevan"/><SP WIDTH="11" VPOS="1416" HPOS="656"/>
							<String ID="string_291" HPOS="667" VPOS="1417" WIDTH="226" HEIGHT="21" WC="0.92" CONTENT="anomusehdotuksen"/><SP WIDTH="5" VPOS="1417" HPOS="893"/>
							<String ID="string_292" HPOS="898" VPOS="1417" WIDTH="135" HEIGHT="28" WC="0.96" CONTENT="pantavaksi"/>
						</TextLine>
						<TextLine ID="line_36" HPOS="211" VPOS="1444" WIDTH="822" HEIGHT="29">
							<String ID="string_293" HPOS="211" VPOS="1444" WIDTH="103" HEIGHT="28" WC="0.95" CONTENT="pöydälle"/><SP WIDTH="14" VPOS="1444" HPOS="314"/>
							<String ID="string_294" HPOS="328" VPOS="1445" WIDTH="49" HEIGHT="20" WC="0.93" CONTENT="ensi"/><SP WIDTH="14" VPOS="1445" HPOS="377"/>
							<String ID="string_295" HPOS="391" VPOS="1445" WIDTH="188" HEIGHT="27" WC="0.91" CONTENT="täysi-istuntoon,"/><SP WIDTH="16" VPOS="1445" HPOS="579"/>
							<String ID="string_296" HPOS="595" VPOS="1447" WIDTH="128" HEIGHT="20" WC="0.96" CONTENT="äänestävät"/><SP WIDTH="8" VPOS="1447" HPOS="723"/>
							<String ID="string_297" HPOS="731" VPOS="1446" WIDTH="55" HEIGHT="27" WC="0.96" CONTENT="jaa;"/><SP WIDTH="17" VPOS="1446" HPOS="786"/>
							<String ID="string_298" HPOS="803" VPOS="1453" WIDTH="34" HEIGHT="19" WC="0.96" CONTENT="ne,"/><SP WIDTH="10" VPOS="1453" HPOS="837"/>
							<String ID="string_299" HPOS="847" VPOS="1446" WIDTH="64" HEIGHT="27" WC="0.89" CONTENT="jotka"/><SP WIDTH="10" VPOS="1446" HPOS="911"/>
							<String ID="string_300" HPOS="921" VPOS="1446" WIDTH="43" HEIGHT="21" WC="0.96" CONTENT="sitä"/><SP WIDTH="11" VPOS="1446" HPOS="964"/>
							<String ID="string_301" HPOS="975" VPOS="1446" WIDTH="58" HEIGHT="21" WC="0.96" CONTENT="eivät"/>
						</TextLine>
						<TextLine ID="line_37" HPOS="215" VPOS="1473" WIDTH="260" HEIGHT="27">
							<String ID="string_302" HPOS="215" VPOS="1473" WIDTH="71" HEIGHT="27" WC="0.95" CONTENT="tahdo,"/><SP WIDTH="16" VPOS="1473" HPOS="286"/>
							<String ID="string_303" HPOS="302" VPOS="1475" WIDTH="127" HEIGHT="20" WC="0.95" CONTENT="äänestävät"/><SP WIDTH="14" VPOS="1475" HPOS="429"/>
							<String ID="string_304" HPOS="443" VPOS="1473" WIDTH="32" HEIGHT="26" WC="0.96" CONTENT="ei;"/>
						</TextLine>
					</TextBlock>
					<TextBlock ID="block_9" HPOS="211" VPOS="1502" WIDTH="822" HEIGHT="58">
						<TextLine ID="line_38" HPOS="277" VPOS="1502" WIDTH="756" HEIGHT="29">
							<String ID="string_305" HPOS="277" VPOS="1502" WIDTH="38" HEIGHT="28" WC="0.92" CONTENT="jos"/><SP WIDTH="22" VPOS="1502" HPOS="315"/>
							<String ID="string_306" HPOS="337" VPOS="1502" WIDTH="20" HEIGHT="21" WC="0.94" CONTENT="ei"/><SP WIDTH="22" VPOS="1502" HPOS="357"/>
							<String ID="string_307" HPOS="379" VPOS="1503" WIDTH="89" HEIGHT="26" WC="0.95" CONTENT="voittaa,"/><SP WIDTH="15" VPOS="1503" HPOS="468"/>
							<String ID="string_308" HPOS="483" VPOS="1503" WIDTH="52" HEIGHT="21" WC="0.95" CONTENT="niin"/><SP WIDTH="21" VPOS="1503" HPOS="535"/>
							<String ID="string_309" HPOS="556" VPOS="1504" WIDTH="64" HEIGHT="26" WC="0.96" CONTENT="sääty"/><SP WIDTH="16" VPOS="1504" HPOS="620"/>
							<String ID="string_310" HPOS="636" VPOS="1510" WIDTH="28" HEIGHT="14" WC="0.96" CONTENT="on"/><SP WIDTH="11" VPOS="1510" HPOS="664"/>
							<String ID="string_311" HPOS="675" VPOS="1505" WIDTH="120" HEIGHT="26" WC="0.93" CONTENT="päättänyt"/><SP WIDTH="14" VPOS="1505" HPOS="795"/>
							<String ID="string_312" HPOS="809" VPOS="1504" WIDTH="224" HEIGHT="21" WC="0.92" CONTENT="anomusehdotuksen"/>
						</TextLine>
						<TextLine ID="line_39" HPOS="211" VPOS="1531" WIDTH="790" HEIGHT="29">
							<String ID="string_313" HPOS="211" VPOS="1531" WIDTH="136" HEIGHT="27" WC="0.96" CONTENT="pantavaksi"/><SP WIDTH="11" VPOS="1531" HPOS="347"/>
							<String ID="string_314" HPOS="358" VPOS="1531" WIDTH="102" HEIGHT="28" WC="0.93" CONTENT="pöydälle"/><SP WIDTH="14" VPOS="1531" HPOS="460"/>
							<String ID="string_315" HPOS="474" VPOS="1531" WIDTH="144" HEIGHT="22" WC="0.92" CONTENT="ensimäiseen"/><SP WIDTH="16" VPOS="1531" HPOS="618"/>
							<String ID="string_316" HPOS="634" VPOS="1532" WIDTH="182" HEIGHT="28" WC="0.90" CONTENT="täysi-istuntoon"/><SP WIDTH="15" VPOS="1532" HPOS="816"/>
							<String ID="string_317" HPOS="831" VPOS="1539" WIDTH="89" HEIGHT="15" WC="0.96" CONTENT="vuonna"/><SP WIDTH="15" VPOS="1539" HPOS="920"/>
							<String ID="string_318" HPOS="935" VPOS="1534" WIDTH="66" HEIGHT="20" WC="0.96" CONTENT="1905."/>
						</TextLine>
					</TextBlock>
				</ComposedBlock>
			</PrintSpace>
		</Page>
	</Layout>
</alto>
