1106 1773
225 144 41 20 386
396 150 112 16 Kertomus
520 150 117 20 erityisistä
649 150 188 17 hallitustoimista.
896 150 27 17 29
935 155 20 16 p.
966 150 81 20 jouluk:

225 218 47 20 vårt
293 218 161 21 samhällsskick
469 218 81 21 riktade
565 218 99 27 åtgärder
678 218 46 21 icke
739 218 95 22 erhållits
850 219 39 21 och
904 218 46 22 icke
965 218 82 22 kunnat

226 246 95 21 erhållas.

294 275 42 21 För
350 274 113 22 framtiden
480 281 50 15 vore
546 275 35 22 det
596 274 70 22 därför
677 275 22 21 af
708 276 119 20 oskattbart
838 276 70 25 värde,
923 282 36 14 om
972 282 74 20 garan-

226 304 40 21 tier
284 302 33 22 för
333 303 121 21 erhållande
469 303 23 21 af
505 310 26 15 en
546 304 46 21 klar
608 304 38 21 och
658 304 126 27 fullständig
799 304 116 21 öfverblick
930 304 59 21 öfver
1004 307 42 25 sty-

224 332 82 22 relsens
322 332 100 27 åtgärder
438 332 68 22 blefve
522 333 114 21 ständerna
652 333 97 21 beredda.

293 360 86 28 Frågan
402 367 34 15 om
459 362 65 20 sådan
545 361 185 28 granskningsrätt
746 362 32 21 för
794 362 115 21 ständerna
923 362 38 21 har
978 362 69 27 gamla

225 396 53 15 anor
292 390 58 21 inom
366 390 50 21 våra
431 390 130 27 landtdagar.
591 390 47 22 Den
654 390 142 22 behandlades
811 390 65 22 redan
893 391 34 21 vid
944 391 54 21 1882
1011 391 34 21 års

225 418 102 27 landtdag
350 418 39 22 och
411 421 94 24 upptogs
526 420 54 26 ånyo
602 420 68 20 under
686 419 51 26 liflig
752 420 125 26 anslutning
891 420 58 20 inom
965 420 80 21 ridder-

226 447 75 27 skapet
323 447 40 21 och
384 447 62 21 adeln
467 448 35 21 vid
522 448 54 21 1885
591 448 35 21 års
642 448 150 21 ständermöte.
821 448 145 21 Petitionären
982 448 7 21 i
1003 447 42 22 frå-

227 481 45 22 gan,
291 475 89 22 friherre
395 476 25 20 V.
436 476 28 21 M.
480 483 41 14 von
537 476 65 26 Born,
618 476 71 27 utgick
704 477 74 21 härvid
793 476 47 21 från
856 477 143 26 synpunkten,
1015 479 30 19 att

226 504 159 27 granskningen
407 503 23 22 af
449 505 115 26 styrelsens
581 505 135 21 värksamhet
730 505 67 21 borde
812 505 68 27 åsyfta
895 505 114 27 utredning
1025 505 22 21 af

226 532 38 21 sak
279 532 39 22 och
334 534 86 25 system,
436 533 82 21 således
534 533 22 21 af
568 533 216 27 regeringsåtgärder,
799 533 46 21 icke
860 533 23 21 af
891 534 40 21 den
943 540 40 15 ena
994 534 51 21 eller

226 561 66 21 andra
313 560 147 27 rådgifvarens
475 561 128 22 medvärkan
619 561 50 22 eller
684 562 185 21 icke-medvärkan
885 562 32 21 till
933 562 63 21 dessa
1013 562 32 21 åt-

226 589 82 27 gärder,
322 589 86 22 hvarför
424 590 48 21 dess
489 590 108 27 praktiska
612 590 166 27 genomförande
792 591 115 26 lämpligen
923 591 70 21 kunde
1007 591 38 21 ske

226 623 77 22 genom
318 624 26 15 en
360 618 128 27 utvidgning
502 619 22 20 af
538 619 127 26 stadgandet
680 619 6 21 i
701 619 22 21 L.
739 619 25 22 O.
780 619 12 27 &
808 619 33 25 27,
857 622 32 18 att
904 619 140 22 statsvärkets

225 646 95 22 tillständ
335 647 39 21 bör
389 646 32 21 för
437 647 115 22 ständerna
566 647 108 28 uppvisas.

294 675 50 22 Med
366 675 124 28 anslutning
511 676 30 21 till
561 677 63 21 dessa
639 677 88 26 tidigare
743 677 122 21 uttalanden
882 676 62 22 hafva
959 677 20 21 vi
995 679 50 19 äran

225 703 79 23 föreslä
318 710 26 15 en
360 705 88 26 petition
465 705 80 27 därom,

500 765 33 18 att
555 763 65 20 Hans
640 762 122 28 Kejserliga
777 763 105 28 Majestät
897 763 78 21 täcktes
989 763 57 28 före-

433 791 63 28 lägga
520 791 261 21 nästsammanträdande
803 792 89 21 ständer
908 791 139 28 proposition

432 827 36 14 om
482 820 82 21 sädant
578 820 77 27 tillägg
671 820 35 21 till
714 821 104 26 gällande
829 820 217 28 landtdagsordning,

432 850 33 19 att
486 849 38 20 vid
545 849 75 27 hvarje
643 849 91 27 lagtima
757 849 110 28 landtdag,
889 849 108 28 antingen
1009 849 38 22 vid

430 877 48 21 dess
493 877 115 28 öppnande
623 877 51 21 eller
688 877 62 21 inom
764 877 83 29 fjorton
862 878 69 28 dagar
945 878 101 28 därefter,

432 906 36 21 till
489 907 119 20 ständerna
630 906 112 28 aflämnas
764 907 94 21 relation
880 914 35 14 om
938 907 46 21 alla
1001 909 45 26 sty-

431 935 155 27 relseätgärder
600 935 29 28 af
640 937 67 19 större
723 936 46 20 vikt
783 936 70 20 under
863 936 41 20 den
914 938 74 19 senast
997 936 48 28 för-

432 964 73 27 flutna
519 964 215 27 landtdagsperioden
740 973 8 17 ;
759 965 81 26 egande
854 965 126 26 ständerna,
994 965 53 21 dock

432 994 56 19 utan
508 994 46 19 rätt
571 993 35 21 till
620 993 128 28 föregäende
762 993 126 22 diskussion
903 993 9 21 i
926 993 45 28 sak,
987 993 58 22 hän-

431 1021 73 28 skjuta
519 1022 41 21 den
575 1021 90 28 afgifna
675 1022 121 21 relationen
806 1023 107 27 antingen
923 1023 10 20 i
941 1023 48 20 dess
999 1023 46 21 hel-

432 1050 36 21 het
490 1050 35 21 till
547 1052 29 19 ett
596 1050 105 21 särskildt
718 1051 233 27 granskningsutskoti
970 1051 51 22 eller
1037 1051 10 21 i

433 1079 99 21 enskilda
546 1079 61 21 delar
622 1079 35 21 till
671 1080 109 20 särskilda
794 1080 87 21 utskott.

295 1135 135 27 Helsingfors
446 1135 40 22 den
502 1136 28 21 22
546 1136 109 21 december
672 1137 60 20 1904.

296 1193 70 20 Artur
380 1192 185 22 Hammarström.
736 1193 114 21 Johannes
865 1193 113 22 Lundson.

531 1245 59 20 John
606 1244 134 21 Dahlström.

296 1329 46 21 Hra
386 1331 183 19 Hammarström
609 1329 71 21 lausui
695 1331 71 19 tämän
774 1329 93 27 jälkeen:
878 1330 171 21 Petitionärerna

226 1357 63 21 hafva
303 1357 46 21 icke
364 1357 56 21 velät
434 1357 7 20 i
456 1357 234 26 petitionsmemorialet
705 1357 71 22 skrida
791 1358 32 21 till
832 1359 71 26 nägon
914 1359 135 26 uppräkning

227 1385 23 22 af
263 1385 80 22 sådana
357 1385 106 28 åtgärder,
478 1385 70 22 hvilka
563 1385 64 22 vållat
642 1385 26 22 de
682 1385 155 28 förvecklingar
847 1387 7 20 i
865 1387 183 28 rättsbegreppen,

228 1420 45 15 som
296 1414 7 21 i
325 1414 133 21 memorialet
480 1417 131 18 omnämnas.
640 1415 42 26 Jag
700 1415 36 21 vill
757 1415 54 21 dock
826 1422 29 14 nu
871 1416 24 21 så
910 1417 31 20 att
957 1417 51 26 säga
1023 1423 26 14 ur

227 1443 69 27 högen
312 1445 50 25 taga
377 1445 31 19 ett
422 1443 96 27 exempel
534 1443 26 27 på
576 1443 62 21 dessa
653 1443 114 22 moraliska
782 1443 160 28 förvecklingar.
967 1445 38 21 Ett
1018 1444 30 22 öf-

228 1471 75 22 verallt
321 1472 7 21 i
350 1471 72 22 landet
437 1472 84 27 mycket
544 1473 79 26 gängse
642 1471 60 28 rykte
722 1472 106 27 utpekade
849 1473 32 21 för
896 1473 67 27 några
977 1473 24 22 år
1017 1479 31 16 se-

228 1501 41 21 dan
287 1499 51 23 flere
353 1500 23 22 af
389 1500 25 21 de
430 1500 69 22 finska
515 1501 144 26 medborgare,
675 1500 70 22 hvilka
760 1501 37 21 allt
812 1503 57 20 ännu
886 1501 55 23 lefva
956 1503 7 20 i
978 1502 70 22 lands-

228 1528 56 28 flykt,
307 1529 71 21 såsom
402 1528 52 22 offer
476 1530 46 20 icke
544 1529 32 21 för
599 1528 183 23 russifikationens
798 1530 132 22 främmande
944 1531 104 27 redskaps
