1103 1767
81 139 24 16 21
116 144 20 15 p.
145 139 81 20 jouluk.
404 134 169 34 Konkurssilaki.
859 138 39 20 149

150 208 47 22 Vill
213 208 105 28 borgenär
332 209 51 21 eller
398 210 101 27 gäldenär
515 210 88 21 klandra
618 210 164 28 redovisningen
794 211 51 21 eller
855 216 45 15 mot

81 236 221 27 borgenärsutskottet
324 237 47 21 föra
392 238 56 20 talan
473 238 27 28 pä
514 238 68 27 grund
605 238 23 21 af
646 238 48 21 dess
717 238 116 28 sysslande,
848 240 51 26 göre

81 264 37 20 det
133 265 58 20 inom
207 268 31 17 tre
254 265 102 21 mänader
370 265 47 21 frän
433 266 36 21 det
485 266 136 28 utdelningen
637 268 23 19 är
674 267 70 27 utlyst.

151 292 102 26 Klander,
274 300 45 14 som
335 293 104 28 borgenär
456 294 63 26 utför,
533 294 55 28 gälle
604 295 18 27 ej
638 294 31 21 till
685 294 83 22 förmän
782 295 35 20 för
830 302 69 14 annan

82 320 111 28 borgenär.
225 320 65 22 Hvad
312 322 129 27 gäldenären
465 323 74 20 vinner
553 330 76 20 genom
645 323 68 27 dylikt
728 323 89 21 klander
831 323 68 27 gänge

81 348 32 21 till
129 349 145 21 konkursboet
290 350 40 20 och
346 350 64 21 varde
426 350 107 22 fördeladt
548 351 35 21 vid
601 351 41 21 den
657 352 6 19 i
680 352 60 27 107
733 344 11 39 $
756 351 66 21 andra
837 359 62 13 mom.

82 377 75 21 nämda
174 378 115 28 utdelning.

150 406 47 21 Har
213 407 17 27 ej
247 406 88 22 klander
358 407 80 26 väckts,
453 408 34 20 mä
509 408 159 28 handlingarna,
688 408 65 21 sedan
770 412 30 17 ett
816 408 22 22 är
853 408 46 21 från

83 434 159 22 klandertidens
258 435 80 28 utgång
354 435 97 27 förflutit,
467 436 143 22 öfverlämnas
625 437 31 20 till
672 437 135 28 gäldenären.

406 569 11 20 9
441 568 140 28 kapitlet.

370 630 35 23 Om
420 629 192 30 tvängsförlikning.

458 684 39 21 109
513 684 18 27 8.

151 722 46 22 Vill
212 723 218 28 gäldenären'begära
440 723 195 28 tvängsförlikning
646 723 46 21 med
702 723 167 21 innehafvarena
878 723 24 21 af

81 751 27 21 de
134 751 221 28 konkursfordringar,
377 751 72 22 hvilka
472 753 17 27 ej
506 752 81 28 åtnjuta
605 752 142 25 förmänsrätt,
762 752 91 21 inlämne
868 752 33 20 till

81 781 68 20 rätten
169 780 94 21 ansökan
286 780 72 21 härom"
380 782 65 26 jämte
467 781 103 28 skriftligt
591 781 80 27 förslag
694 781 32 20 till
750 781 151 27 förlikningen,

81 808 132 28 angifvande
228 809 36 20 det
279 809 78 28 belopp
373 809 33 21 för
428 809 71 28 hvarje
522 809 110 21 hundrade
647 809 23 21 af
685 809 154 25 fordringarna,
855 816 45 14 som

81 837 42 21 han
139 837 103 26 erbjuder,
258 839 37 19 när
318 838 100 27 beloppet
434 837 53 21 skall
510 838 95 27 erläggas
627 840 54 18 samt
696 845 34 14 om
746 845 25 14 och
801 838 28 27 pä
844 837 57 21 hvad

82 867 43 20 sätt
140 841 155 57 förlikningens
318 865 133 28 fullgörande
474 866 144 26 säkerställes;
641 865 96 22 nedsätte
753 866 41 21 ock
809 865 24 22 sä
848 868 54 19 stort

83 894 84 28 belopp,
183 901 44 14 som
244 894 107 21 erfordras
366 894 32 21 till
414 894 154 22 kostnadernas
584 894 111 22 täckande.

151 922 71 22 Sädan
239 923 94 21 ansökan
349 923 41 20 kan
407 923 98 28 ingifvas,
521 923 24 22 sä
560 923 61 28 länge
640 923 226 21 konkursförfarandet
882 923 19 28 ej

82 953 23 19 är
120 951 107 21 afslutadt.

459 993 40 20 110
515 993 17 27 &.

152 1031 206 29 Tvängsförlikning
378 1032 53 21 skall
451 1031 130 22 tillförsäkra
603 1032 40 20 alla
659 1032 5 20 i
681 1033 40 20 109
739 1032 11 27 &
766 1031 78 22 nämda
858 1031 45 22 for-

83 1061 86 27 dringar
184 1060 41 21 lika
241 1062 47 23 rätt,
303 1064 52 17 utan
370 1061 24 21 sä
409 1063 28 24 är,
448 1064 31 17 att
495 1060 82 21 enskild
590 1061 104 26 borgenär
704 1060 143 28 uttryckligen
858 1060 45 21 för-

83 1089 68 20 klarat
167 1089 32 27 sig
213 1089 82 28 ätnöjas
311 1089 48 21 med
374 1091 67 19 sämre
457 1091 42 18 rätt
513 1091 26 18 än
555 1089 26 21 de
597 1089 69 27 öfriga
680 1089 134 20 tillkommer.
837 1088 64 21 Hvad

83 1118 6 19 i
105 1118 28 20 40
148 1117 11 27 &
174 1117 68 28 tredje
258 1125 61 13 mom.
334 1117 97 28 stadgats
447 1117 62 21 lände
525 1117 55 21 dock
595 1117 32 21 till
643 1117 147 21 efterrättelse.

150 1145 47 21 Har
212 1145 76 21 mellan
312 1146 106 27 borgenär
433 1146 40 21 och
488 1146 101 27 gäldenär
609 1145 50 21 eller
674 1153 70 12 annan
760 1145 56 21 skett
832 1144 70 28 nägon

83 1173 223 25 öfverenskommelse,
321 1174 136 28 hvarigenom
469 1173 41 22 den
521 1174 57 21 förra
593 1173 148 22 tillförsäkrats
757 1173 90 21 särskild
859 1173 44 21 för-

83 1203 41 26 del,
140 1209 49 15 vare
205 1202 40 21 den
262 1203 64 27 ogild.

461 1249 39 20 111
516 1249 18 26 &.

152 1288 97 28 Begäran
265 1295 33 14 om
322 1287 195 28 tvängsförlikning
533 1287 34 22 mä
582 1288 17 27 ej
616 1290 110 25 upptagas,
742 1287 24 22 sä
781 1288 61 27 länge
857 1287 47 28 gäl-

86 1317 93 21 denären
195 1318 23 19 är
232 1317 88 21 afviken
344 1317 51 21 eller
410 1318 76 26 vägrar
508 1317 85 27 aflägga
608 1316 191 28 uppteckningsed,
814 1316 52 21 eller
880 1316 24 21 af

84 1346 76 21 allmän
176 1345 99 28 åklagare
292 1345 77 28 begärd
385 1345 83 27 rättslig
483 1345 158 27 undersökning
652 1345 50 20 eller
713 1345 87 21 allmänt
814 1344 43 22 åtal
869 1345 35 20 för

85 1374 110 28 bedräglig
209 1374 101 21 bankrutt
324 1376 24 18 är
362 1376 44 18 mot
420 1374 128 27 gäldenären
564 1373 122 28 anhängigt,
694 1374 17 27 ej
727 1373 67 21 häller
809 1380 33 14 om
858 1373 45 28 gäl-

85 1404 91 19 denären
193 1404 23 18 är
231 1402 63 20 dömd
311 1402 33 20 för
359 1402 77 20 sädant
451 1402 62 20 brott.

459 1453 40 19 112
514 1452 18 28 &.

153 1493 50 22 Kan
219 1493 120 21 inkommen
356 1492 91 28 begäran
463 1499 34 14 om
512 1491 194 29 tvängsförlikning
720 1495 112 25 upptagas,
848 1492 55 20 kalle

84 1525 69 19 rätten
177 1522 155 28 borgenärerna
353 1529 76 21 genom
453 1520 132 29 kungörelse,
605 1528 45 14 som
678 1520 162 29 offentliggöres
863 1520 40 22 och
