1111 1775
221 149 42 21 460
505 155 122 20 Yksityiset
638 156 106 16 rautatiet.
889 154 28 17 80
929 159 19 15 p.
958 154 82 20 jouluk.

222 222 53 22 dock
296 223 25 21 så
341 224 60 21 stort,
422 224 32 20 att
476 224 35 20 det
534 223 17 27 ej
575 229 37 15 ens
629 223 137 21 närmelsevis
781 223 41 21 kan
838 222 66 27 fyllas,
920 222 86 22 såframt
1021 222 18 27 ej

221 250 61 22 äfven
298 251 36 21 det
348 252 83 26 privata
445 252 112 21 initiativet
572 253 60 25 tages
648 252 31 20 till
693 252 63 26 hjälp.
778 251 77 21 Därtill
869 251 96 21 kommer
975 253 64 25 ytter-

220 280 72 26 ligare,
312 281 31 20 att
358 280 76 27 många
449 280 23 21 af
485 281 61 21 dessa
560 280 33 21 för
608 282 31 20 att
654 280 63 22 blifva
733 280 96 21 räntabla
844 280 38 21 och
897 280 32 21 för
945 282 31 19 att
990 280 52 27 fylla

222 309 37 21 sitt
274 309 97 21 ändamål
387 309 51 21 böra
453 309 79 27 byggas
548 309 38 21 och
600 308 101 23 förvaltas
717 309 67 27 enligt
798 309 66 21 andra
879 308 106 27 principer
1000 309 39 21 och

221 344 26 14 en
262 336 64 22 friare
342 337 55 22 form
413 339 27 19 än
456 338 155 22 statsbanorna.
641 338 42 21 Det
698 340 23 19 är
736 338 82 21 således
834 337 155 27 otvifvelaktigt
1000 338 39 20 och

222 365 60 22 äfven
303 366 22 21 af
345 366 89 26 tidigare
449 367 83 21 utskott
547 366 93 26 erkändt,
656 368 31 20 att
702 368 31 19 ett
748 368 54 20 stort
818 366 58 21 såväl
890 366 88 21 allmänt
993 372 45 15 som

222 394 91 22 enskildt
335 395 91 21 intresse
449 397 22 19 är
493 395 136 27 förknippadt
651 395 35 21 vid
709 395 143 27 uppkomsten
871 395 7 20 i
893 395 48 21 vårt
955 394 48 22 land
1019 394 24 22 af

220 424 83 26 privata
318 423 130 21 lokalbanor.
470 423 124 22 Emellertid
609 424 61 21 torde
685 424 64 21 redan
760 430 30 15 nu
801 424 46 20 med
860 423 97 21 säkerhet
967 423 73 21 kunna

220 454 94 24 antagas,
330 454 32 20 att
375 452 7 21 i
397 452 47 21 vårt
455 452 152 27 kapitalfattiga
617 452 49 22 land
677 453 79 21 sådana
766 453 66 21 banor
842 452 46 22 icke
899 452 60 21 skola
969 452 73 22 kunna

221 480 136 28 uppkomma,
372 481 72 21 därest
459 482 45 20 icke
520 481 128 22 statsvärket
662 481 87 28 kraftigt
764 481 141 22 understöder
921 482 119 20 desammas

220 510 109 22 tillkomst.
360 510 30 27 Ty
413 510 17 27 ej
454 510 90 22 allenast
561 512 31 20 att
607 516 91 22 revenyn
713 510 46 22 från
772 511 142 27 järnvägarna
929 510 38 21 här
981 510 7 20 i
1003 510 36 21 all-

221 538 86 22 mänhet
322 541 23 19 är
360 538 57 27 liten,
434 541 50 19 utan
501 540 35 20 det
551 541 23 19 är
589 539 61 21 äfven
667 542 30 18 ett
711 539 110 27 fastslaget
831 539 88 25 faktum,
929 541 31 19 att
970 540 70 20 ränta-

221 567 93 21 biliteten
331 567 54 21 först
400 567 53 22 efter
468 574 25 14 en
509 568 50 27 följd
575 568 22 21 af
610 568 23 21 år
649 568 41 21 kan
705 569 131 26 uppbringas
852 568 31 21 till
894 568 39 21 den
945 568 94 21 normala

220 596 70 21 nivån.
321 597 72 21 Staten
416 597 38 21 har
478 597 95 21 däremot
595 597 26 21 all
642 597 114 26 anledning
776 599 31 19 att
822 597 80 21 medels
918 603 25 14 en
960 597 80 26 ganska

220 625 63 27 riklig
297 625 128 21 subvention
442 626 129 21 understöda
587 626 25 21 de
627 626 82 26 privata
724 626 157 21 lokalbanorna.
910 625 31 28 Ty
956 625 17 28 ej
991 625 48 22 alle-

222 655 48 20 nast
292 655 31 20 att
342 656 68 19 staten
427 654 122 26 därigenom
564 654 109 22 befordrar
690 657 30 19 ett
735 657 55 19 stort
805 654 87 21 allmänt
906 654 136 21 ekonomiskt

221 683 97 25 intresse,
342 686 50 17 utan
415 683 40 20 den
475 683 84 21 förökar
575 683 122 27 därigenom
713 684 6 20 i
734 683 43 27 hög
792 684 51 26 grad
858 683 120 21 inkomsten
993 682 46 21 från

222 711 36 21 det
273 711 69 26 öfriga
356 713 63 23 nätet,
436 712 24 21 så
474 714 31 19 att
521 713 35 20 det
571 713 60 20 torde
646 711 72 22 kunna
733 718 61 15 anses
810 714 110 19 motsvara
927 714 74 19 räntan
1013 712 28 26 på

222 739 244 27 subventionssumman,
483 741 162 26 undantagande
660 741 135 26 naturligtvis
812 740 25 21 de
852 741 30 26 år,
892 741 68 20 under
970 740 71 21 hvilka

220 767 101 28 kapitalet
336 769 6 20 i
358 769 72 26 hvarje
444 769 37 21 fall
496 769 46 27 låge
557 769 108 22 räntelöst.

290 797 74 22 Under
385 797 93 22 rådande
493 797 144 22 förhållanden
654 798 63 26 vågar
730 798 37 27 jag
782 799 111 21 vördsamt
908 798 83 21 anhålla
1005 798 37 21 det

221 825 49 22 ville
284 825 105 28 vällofliga
404 826 175 27 borgareståndet
592 827 67 27 jämte
674 826 67 28 öfriga
756 827 62 22 stånd
833 827 73 21 förena
922 827 32 27 sig
969 833 34 15 om
1014 833 26 15 en

220 855 133 26 underdånig
368 855 89 27 petition
473 861 34 15 om
523 857 41 20 att:

494 924 64 21 Hans
580 924 121 28 Kejserliga
723 924 104 27 Majestät
849 925 78 21 täcktes
945 925 10 20 i
973 924 69 22 nåder

426 953 68 20 under
508 953 149 21 instundande
671 952 152 29 finansperiod
837 954 65 20 anslå
916 960 27 14 en
953 960 88 14 summa

426 981 28 27 af
465 982 69 20 minst
551 982 14 20 3
579 982 112 20 millioner
706 982 72 27 finska
793 982 64 21 mark
872 982 36 21 till
918 982 122 21 subventio-

426 1010 78 27 nering
525 1010 29 27 af
570 1010 90 28 privata
678 1010 125 28 järnrägar,
818 1011 95 21 sålunda
928 1012 33 19 att
975 1010 70 27 däraf

426 1038 99 33 utgäfres
534 1040 31 20 25
574 1039 27 26 9],
611 1046 44 14 aux
663 1039 68 35 fonds
739 1040 80 27 perdus
830 1039 38 21 och
875 1039 126 28 ytterligare
1009 1040 32 20 25

425 1067 27 27 9,
465 1067 8 21 i
482 1068 58 27 form
554 1068 25 28 af
594 1068 38 21 län
640 1068 31 28 pä
681 1068 166 27 fördelaktigast
856 1068 90 28 möjliga
956 1068 84 21 villkor.

288 1140 136 28 Helsingfors
440 1142 40 20 den
496 1143 27 20 23
539 1142 109 22 deceniber
665 1142 60 21 1904.

764 1211 21 22 C.
803 1211 26 21 E.
846 1211 123 28 Holmberg.

287 1307 221 32 Anomuksentekijän
526 1308 152 20 ehdotuksesta
696 1309 79 24 pantiin
791 1308 182 21 anomusehdotus
989 1311 51 24 pöy-

219 1334 54 21 dälle
288 1334 134 21 kolmanteen
439 1335 173 26 täysi-istuntoon
629 1341 85 15 vuonna
730 1336 60 20 1905.

286 1513 106 22 Esiteltiin
415 1513 189 27 anomusehdotus,
622 1514 67 27 jonka
709 1515 35 20 hrt
782 1515 134 26 Lindroos,
937 1515 102 22 Salmi-

217 1548 54 15 nen
284 1542 23 27 ja
323 1542 74 21 Kari
412 1542 65 21 olivat
491 1542 185 28 allekirjoittaneet
687 1543 23 27 ja
722 1543 51 27 joka
788 1544 27 21 oli
832 1544 49 21 näin
896 1544 103 22 kuuluva:
