1103 1767
72 140 24 17 21
107 144 20 16 p.
136 140 82 20 jouluk.
401 133 170 34 Konkurssilaki.
852 135 39 21 139

455 210 26 20 69
497 210 19 26 8.

139 247 110 28 Bestrider
264 248 126 27 gäldenären
405 249 84 20 anmäld
503 248 92 27 fordran,
610 249 53 21 skall
678 249 40 20 ock
729 248 37 21 det
776 248 115 21 antecknas

71 276 8 21 i
93 275 97 28 längden,
219 276 32 21 Är
272 277 53 20 tvist
348 283 33 14 om
404 284 80 13 samma
506 276 85 22 fordran
611 276 105 28 hvilande,
731 284 49 14 vare
794 277 8 20 i
817 276 75 22 sådant

71 303 39 22 fall
124 304 130 27 borgenären
269 305 100 26 obetaget
383 307 32 19 att
429 306 77 20 tvisten
522 308 99 25 upptaga.

139 332 48 22 Har
208 333 95 21 anmäldt
324 333 196 29 fordringsanspräk
542 333 47 22 icke
604 333 24 22 af
643 333 126 28 gäldenären
784 332 107 27 bestridts,

72 361 53 28 gälle
141 361 48 22 dess
211 361 146 22 fastställande
371 363 8 20 i
394 362 117 21 konkursen
526 365 44 18 mot
590 362 75 21 honom
680 362 78 28 jämväl
772 362 68 21 säsom
854 361 37 22 be-

71 390 215 29 talningsskyldighet
308 390 116 28 äläggande
445 391 55 26 dom,
515 394 50 18 utan
580 390 22 22 sä
617 393 24 19 är
655 393 32 19 att
702 390 126 28 gäldenären
843 391 48 21 icke

72 427 37 13 var
123 419 104 22 tillstädes
243 419 36 21 vid
294 422 109 26 uppropet.

454 466 26 20 70
496 466 18 27 $.

140 504 47 22 Har
209 504 86 22 fordran
317 505 90 21 anmälts
429 505 54 21 efter
504 505 40 21 den
559 505 7 20 i
582 506 26 21 64
625 505 12 29 &
652 505 65 21 andra
738 513 62 13 mom.
815 505 76 21 nämda

71 533 38 27 tid,
124 533 65 22 varde
214 533 39 21 ock
268 533 41 22 den
331 533 37 22 vid
390 537 104 25 uppropet
518 533 111 28 granskad,
643 541 34 14 om
698 533 116 22 domstolen
838 534 53 21 efter

71 561 93 22 hörande
186 561 23 22 af
230 562 156 28 sysslomannen
408 562 40 21 och
470 561 152 28 borgenärerna
645 562 69 21 finner
736 561 38 22 det
795 562 96 29 lämpligt

70 591 71 20 kunna
155 590 44 26 ske,
214 591 39 20 och
268 591 7 20 i
291 590 91 27 längden
396 590 76 21 införd.

139 618 11 21 I
166 621 87 19 motsatt
267 619 43 26 fall,
326 619 23 21 sä
363 619 40 21 ock
418 619 39 21 där
471 619 96 20 anmälan
582 619 116 21 inkommer
711 618 55 21 efter
780 621 109 26 uppropet,

71 647 54 21 skall
139 647 57 21 skild
218 648 135 32 uppropsdag
368 647 34 21 för
417 648 152 26 granskningen
592 649 89 19 utsättas
696 647 40 21 och
751 647 72 21 därom
840 648 50 20 kun-

71 678 60 25 göras
147 675 68 22 såsom
230 683 7 13 i
255 676 24 20 16
296 676 12 26 $
323 676 67 20 första
409 683 61 13 mom.
486 679 63 24 sagts,
564 676 23 21 sä
601 676 65 20 framt
680 676 108 20 sökanden
802 675 38 21 det
854 675 36 21 be-

71 706 38 26 gär
123 704 39 22 och
185 704 108 22 nedsätter
308 704 23 22 sä
351 707 54 19 stort
426 704 83 29 belopp,
531 712 44 13 som
599 704 87 28 pröfvas
707 704 64 21 täcka
793 704 98 27 samtliga

70 733 119 21 kostnader.
219 733 42 21 Om
273 732 76 22 sådant
363 732 99 22 särskildt
477 740 81 22 upprop
574 733 71 27 gälle
636 728 10 38 i
658 732 66 28 öfrigt
735 732 57 22 hvad
803 732 87 22 rörande

69 762 38 21 det
121 762 104 22 allmänna
241 765 104 25 uppropet
359 762 100 27 stadgats.

452 826 26 20 71
495 825 19 27 8.
897 843 2 2 |

138 864 153 29 Stridiggjordt
301 864 115 28 fordrings-
427 864 51 22 eller
487 863 237 29 förmänsrättsanspräk
735 863 65 22 varde
810 864 23 21 af
843 863 47 21 bor-

71 896 96 25 genären,
182 894 55 21 efter
252 894 102 25 anmälan,
365 893 103 28 fullföljät
478 896 44 18 mot
534 893 46 26 den,
599 900 44 14 som
659 895 93 25 motsagt
768 892 123 22 detsamma.

71 919 32 25 Är
117 923 112 27 rättegäng
243 930 34 14 om
292 922 122 28 fordringen
435 922 99 22 hvilande
550 922 36 22 vid
601 924 68 19 rätten
685 921 50 21 eller
750 929 67 13 annan
832 921 59 21 dom-

70 952 47 28 stol,
132 951 53 22 skall
200 952 8 20 i
223 951 71 21 stället
308 951 41 21 den
364 950 112 28 rättegång
491 954 56 18 emot
560 951 76 21 honom
653 954 103 25 upptagas
771 951 8 19 i
792 950 99 21 afseende

71 981 12 21 å
97 981 132 28 fordringens
244 980 153 22 fastställande.

138 1010 33 20 Är
185 1010 7 20 i
207 1008 62 22 dessa
283 1008 38 22 fall
336 1008 139 22 meddelande
490 1008 33 22 till
538 1008 119 29 vederpart,
672 1015 43 13 som
727 1010 23 18 är
760 1007 70 21 bosatt
841 1006 50 22 eller

70 1039 66 21 vistas
151 1040 57 19 utom
233 1037 77 25 landet,
325 1038 8 20 i
347 1037 42 29 god
404 1037 31 21 tid
450 1037 58 21 förut
522 1037 66 21 under
609 1036 192 22 rekommendation
817 1036 74 21 inläm-

70 1067 52 22 nadt
136 1067 33 21 till
183 1066 168 29 postbefordran,
367 1066 53 27 gälle
436 1066 37 21 det
487 1066 68 22 såsom
570 1066 91 28 lagligen
676 1065 106 28 delgifvet
795 1065 82 21 honom.

456 1118 25 20 72
498 1118 18 27 8.

140 1158 36 21 Då
190 1157 84 22 anmäld
288 1157 86 22 fordran
389 1157 76 21 afförts
480 1157 46 21 från
547 1157 96 28 längden,
659 1163 38 21 ege
712 1157 41 20 den
768 1155 123 22 anmälande

73 1194 73 21 genom
162 1186 77 22 besvär
252 1185 52 22 söka
319 1186 89 27 ändring
421 1187 8 20 i
443 1185 107 28 åtgärden.

139 1215 49 22 Har
202 1216 68 20 rätten
293 1214 86 27 afslagit
392 1214 99 28 yrkande,
506 1222 45 14 som
566 1214 23 22 af
604 1213 156 29 sysslomannen
779 1213 51 21 eller
844 1213 48 21 bor-

72 1246 65 26 genär
152 1245 65 28 gjorts
232 1251 34 13 om
281 1243 85 21 anmäld
381 1243 95 21 fordrans
491 1243 117 26 afförande,
618 1249 39 21 ege
669 1242 69 21 denne
753 1249 80 14 samma
845 1243 48 19 rätt.

396 1342 10 19 7
431 1340 143 29 kapitlet.

123 1403 35 22 Om
175 1403 156 21 konkursboets
345 1402 126 25 förvaltning
487 1403 39 20 och
542 1401 152 22 förvandlande
710 1401 4 21 i
731 1401 118 27 penningar.

456 1453 27 20 73
498 1452 18 28 8.

141 1492 152 22 Godemannen
314 1492 54 21 skall
383 1491 23 22 så
427 1491 43 22 fort
490 1491 38 22 ske
544 1491 40 22 kan
605 1493 50 26 taga
679 1490 143 22 konkursboet
838 1491 7 20 i
860 1491 33 20 sin

75 1521 58 28 vård;
149 1521 42 22 låte
206 1521 41 22 ock
262 1528 75 21 genom
352 1521 37 21 två
404 1519 92 30 ojäfviga
510 1520 41 22 och
565 1519 132 28 förståndiga
712 1521 48 20 män
772 1519 121 29 uppteckna
