1106 1773
90 129 30 17 28
132 134 20 15 p.
162 129 80 21 jouluk.
289 130 102 17 Laillisen
400 130 141 21 järjestyksen
553 131 174 19 palauttaminen.
869 124 40 21 341

92 198 8 21 i
120 198 95 27 ringaste
233 198 47 21 män
301 198 70 22 berott
385 199 29 26 pä
428 198 174 28 bristfälligheter
617 199 7 21 i
639 199 37 20 vär
691 198 149 22 konstitution.
870 198 41 21 Om

92 233 50 14 man
158 226 127 27 exempelvis
300 226 129 26 förutsätter,
445 229 32 19 att
492 228 39 20 den
548 227 191 27 Weissenbergska
752 226 159 22 kodifikations-

91 254 107 22 komitöns
213 255 73 21 arbete
301 255 54 21 hade
369 255 44 21 ledt
428 255 31 21 till
474 256 90 26 ändring
578 255 22 22 af
614 256 83 21 landets
708 255 133 27 grundlagar,
850 255 62 21 torde

90 283 36 20 väl
140 283 64 26 ingen
219 283 116 26 anledning
348 283 115 21 förefinnas
478 283 32 21 för
525 286 31 19 att
571 286 83 23 antaga,
664 285 31 20 att
709 289 27 15 en
752 283 65 21 sädan
832 283 79 21 reform

93 311 68 21 skulle
183 310 62 22 hafva
265 311 84 22 hindrat
371 311 50 21 eller
443 317 38 16 ens
500 312 7 20 i
522 312 70 26 någon
608 312 48 21 mån
672 311 72 27 häjdat
760 311 40 22 den
816 311 96 22 slavofila

91 339 130 27 agitationen
243 343 46 18 mot
309 340 47 21 värt
377 340 120 21 statsskick.
526 341 42 26 Jag
587 340 41 21 kan
645 340 83 21 säledes
743 340 46 21 icke
804 342 65 19 annat
884 341 26 20 än

90 368 75 21 förena
179 368 45 27 mig
238 374 35 15 om
288 368 27 21 de
330 369 129 26 uttalanden,
475 375 45 16 som
537 369 73 27 gjorts,
626 371 31 19 att
671 368 74 27 frägan
761 375 35 14 om
811 367 100 22 kodifika-

92 396 44 22 tion
157 397 22 21 af
196 397 84 21 landets
301 397 134 26 grundlagar,
450 397 25 22 sä
493 397 83 27 önsklig
595 404 27 14 en
644 397 65 22 sädan
729 399 27 19 än
772 403 56 20 vore,
843 397 46 21 icke
905 397 6 21 i

91 425 60 21 detta
169 425 153 27 sammanhang
337 426 65 21 mätte
416 425 109 22 föranleda
540 426 31 21 till
586 426 66 26 nägot
666 425 110 22 uttalande
790 425 47 22 frän
853 425 57 22 stän-

90 454 49 21 dets
162 454 51 21 sida.
244 453 47 22 Men
315 453 34 22 för
371 454 41 21 den
435 454 106 25 händelse,
557 456 32 20 att
604 461 28 14 nu
648 454 35 21 vid
699 460 26 15 en
740 454 123 21 äterremiss
879 454 32 21 till

93 483 105 20 utskottet
211 483 69 20 denna
295 483 109 26 synpunkt
418 483 72 21 kunde
500 483 87 21 beaktas
598 483 40 21 och
648 485 31 19 ett
689 483 103 26 enhetligt
802 483 109 20 uttalande

90 510 48 22 frän
162 511 104 22 utskottet
281 511 96 26 erhölles,
395 511 68 22 skulle
483 511 38 28 jag
538 511 34 22 för
591 511 43 22 min
650 511 35 22 del
699 511 51 27 vilja
764 511 52 27 yrka
831 511 32 26 pä,
879 513 32 19 att

90 539 71 22 denna
176 539 130 28 enhetlighet
321 540 46 21 icke
382 540 66 21 borde
462 540 146 21 eftersträfvas
618 541 28 26 pä
655 540 121 21 bekostnad
787 539 23 22 af
818 539 36 22 det
865 539 45 22 vik-

89 568 80 27 tigaste
184 571 117 18 momentet
315 569 7 20 i
337 569 117 21 utskottets
469 569 117 27 majoritets
602 569 114 21 uttalande.
735 569 43 26 Jag
792 567 68 22 skulle
877 568 33 21 sä-

91 597 59 21 ledes
166 597 109 21 vördsamt
289 597 78 21 föreslå
382 599 31 19 ett
428 597 70 22 beslut
513 599 21 20 at
549 597 177 27 borgareständet
740 597 23 21 af
776 596 93 27 följande
879 597 31 20 in-

92 625 81 22 nehäll:
195 625 141 22 betänkandet
357 626 165 21 äterremitteras
542 626 30 21 till
594 626 105 21 utskottet
713 625 33 22 för
761 627 31 20 att
807 631 34 16 om
857 625 52 27 möj-

91 654 39 27 ligt
152 654 51 21 ernä
221 656 30 19 ett
269 654 103 27 enhetligt
386 654 80 27 förslag
480 654 46 22 från
543 655 115 21 utskottets
674 655 51 26 sida,
741 654 55 22 dock
810 654 49 21 med
875 654 36 21 det

92 683 127 27 uttryckliga
240 683 107 26 förbehäll,
363 685 32 20 att
410 683 153 22 betänkandets
579 683 140 27 formulering
734 683 23 21 af
770 683 40 21 den
829 682 80 22 konsti-

91 711 112 22 tutionella
218 711 163 28 uppfattningen
398 712 80 25 därom,
493 714 31 19 att
538 712 177 27 förutsättningar
729 711 33 22 för
778 713 30 20 ett
818 711 92 22 normalt

91 740 160 22 ständerarbete
265 739 33 22 för
309 741 132 21 närvarande
456 741 82 26 saknas,
554 741 45 21 icke
614 741 7 20 i
631 741 70 26 nägon
712 740 102 21 händelse
824 740 34 21 mä
868 739 42 22 för-

90 769 98 21 vanskas.

158 827 46 21 Hra
248 827 97 21 Öhman:
361 827 69 21 Bland
445 828 26 20 de
487 828 75 26 mänga
573 827 119 27 petitioner,
701 826 70 22 hvilka
780 826 129 22 beträffande

88 855 202 22 ästadkommandet
309 855 22 22 af
350 856 98 27 ätgärder
469 855 33 22 för
517 856 40 22 den
574 855 78 27 lagliga
667 855 130 27 ordningens
813 854 96 22 äterstäl-

90 884 62 21 lande
172 884 7 21 i
200 884 72 22 landet
287 884 130 22 remitterats
433 885 31 21 till
480 884 104 22 särskilda
598 884 199 26 besvärsutskottet,
812 885 23 20 är
850 884 36 21 det
901 884 7 20 i

89 911 67 23 första
175 913 83 27 bilagan
279 913 32 22 till
326 912 238 23 utskottsbetänkandet
578 913 76 22 främst
671 913 88 27 intagna
776 912 132 22 memorialet

90 941 169 22 undertecknadt
279 941 22 22 af
322 948 26 15 en
368 941 156 28 öfvervägande
540 943 106 26 majoritet
660 942 58 21 inom
733 945 33 18 tre
782 941 22 22 af
817 941 91 22 ständen

89 972 57 19 samt
167 970 23 21 af
211 971 80 20 inemot
316 971 79 21 hälften
416 971 23 21 af
464 971 169 26 prästeständets
660 970 144 21 medlemmar.
833 970 76 21 Denna

89 999 160 27 omständighet
263 999 122 22 föranledde
401 999 103 22 särskilda
518 999 195 22 besvärsutskottet
727 1000 32 20 att
768 998 62 27 lägga
842 998 67 27 sagda

90 1028 110 21 memorial
219 1028 31 21 till
272 1027 103 28 underlag
393 1027 33 22 för
442 1029 37 20 sitt
494 1028 138 25 betänkande,
648 1027 38 22 och
701 1027 28 27 pä
744 1027 70 28 grund
828 1026 23 22 af
864 1027 44 21 det-

91 1063 81 14 samma
187 1056 37 22 har
240 1057 105 21 utskottet
360 1057 107 21 utarbetat
482 1057 36 21 det
533 1056 138 26 betänkande,
685 1056 81 21 hvilket
780 1062 29 15 nu
824 1055 84 26 förelig-

89 1091 39 20 ger
150 1085 30 21 till
205 1085 188 27 borgareständets
411 1085 105 27 pröfning.
545 1085 77 21 Medan
637 1085 117 21 utskottets
769 1085 73 21 arbete
856 1083 53 22 fort-

91 1113 52 27 gick,
160 1114 116 27 päyrkades
291 1113 48 22 utaf
352 1120 27 15 en
392 1114 89 21 medlem
497 1115 7 20 i
519 1114 105 21 utskottet
639 1113 47 22 frän
702 1113 163 27 prästeständet,
877 1115 32 18 att

91 1142 105 21 utskottet
211 1142 68 21 skulle
294 1142 76 22 basera
385 1143 38 20 sitt
437 1143 73 21 arbete
524 1143 28 26 pä
567 1143 26 20 de
608 1142 115 26 memorial,
733 1142 71 21 hvilka
814 1141 95 27 äsyftade

91 1170 160 21 framställande
265 1171 46 21 frän
327 1171 126 22 ständernas
469 1171 45 22 sida
529 1171 22 21 af
567 1177 26 15 en
609 1171 88 26 petition
712 1169 112 28 angäende
839 1176 26 15 en
881 1176 27 21 ny

90 1199 165 27 regeringsform
278 1199 32 22 för
328 1199 78 26 landet,
421 1206 49 15 men
489 1200 26 21 dä
531 1199 115 22 utskottets
661 1199 107 26 majoritet
783 1198 84 25 vidblef,
878 1200 31 19 att

91 1227 133 22 förstnämda
246 1228 211 27 petitionsmemoria!
481 1228 65 21 borde
569 1233 51 16 vara
636 1228 41 21 den
692 1227 76 27 grund,
783 1227 27 26 pä
824 1226 85 22 hvilken

90 1256 117 21 utskottets
222 1257 73 21 arbete
311 1256 67 21 skulle
393 1256 76 27 tortgä,
485 1257 23 21 sä
523 1255 118 23 utlofvades
654 1255 46 22 från
714 1255 116 22 utskottets
841 1255 68 21 mino-

90 1284 62 21 ritets
167 1285 46 20 sida
227 1291 27 14 en
269 1285 118 21 motiverad
402 1284 156 27 framställning
572 1284 110 26 angäende
696 1284 48 21 dess
756 1284 153 25 divergerande

89 1313 63 20 äsikt.
180 1313 42 27 Jag
245 1313 38 21 bör
305 1313 105 27 nämligen
433 1313 107 25 anmärka,
554 1315 32 19 att
603 1313 48 20 med
671 1313 41 20 den
727 1311 22 22 af
763 1312 43 27 mig
821 1312 88 26 tidigare

89 1341 115 21 omnämda
224 1341 120 22 ledamoten
367 1341 22 21 af
408 1341 157 27 prästeständet
585 1340 101 22 förenade
710 1341 34 26 sig
762 1341 26 20 de
807 1339 68 28 öfriga
890 1339 22 22 af

90 1369 159 26 prästeståndet
266 1370 91 21 utsedda
371 1370 144 21 ledamöterna
530 1370 6 20 i
553 1369 109 22 utskottet.
692 1368 124 22 Emellertid
831 1368 78 21 erhölls

89 1397 42 21 den
155 1398 132 26 motivering,
310 1397 83 21 hvilken
416 1398 90 20 sålunda
528 1397 108 25 utlofvats,
651 1397 55 20 först
728 1397 67 26 dagen
815 1398 96 19 närmast

89 1425 65 21 innan
176 1425 105 22 utskottet
296 1425 58 27 afgaf
368 1426 37 20 sitt
419 1425 140 26 betänkande,
575 1425 39 21 och
629 1425 68 21 ehuru
710 1425 38 26 jag
762 1425 38 21 har
816 1425 43 26 mig
875 1424 36 22 be-

90 1453 72 27 kannt,
170 1455 31 21 att
219 1454 129 22 åtminstone
364 1460 26 16 en
405 1454 51 21 eller
472 1460 70 15 annan
557 1453 23 22 af
593 1453 116 22 utskottets
721 1452 189 29 majoritetsimed-

90 1482 88 22 lemmar
199 1484 66 26 gärna
285 1483 68 21 skulle
370 1483 53 26 tagit
437 1482 82 28 hänsyn
535 1482 31 22 till
581 1484 31 19 ett
626 1482 51 21 eller
692 1484 65 19 annat
772 1482 65 21 motiv
853 1482 7 20 i
875 1481 36 22 det

89 1511 25 21 af
127 1512 230 22 utskottsminoriteten
373 1511 79 28 afgifna
466 1511 149 22 betänkandet,
630 1510 50 22 eller
697 1511 35 21 det
750 1516 47 16 som
811 1517 28 15 nu
855 1510 7 21 i
878 1510 34 22 sin
