1103 1773
207 144 58 20 118

530 145 163 30 Elinkeinolaki.
785 147 3 2 l
876 148 24 16 21
911 153 20 14 p.
941 147 80 20 jouluk.

274 217 139 20 Revisorerna
433 223 39 20 ega
486 216 90 27 granska
591 215 143 27 fullmäktiges
750 215 142 28 räkenskaper
906 215 40 20 och
962 215 62 20 kassa

206 248 54 18 samt
274 245 27 21 de
317 245 22 21 af
353 244 132 28 fullmäktige
500 244 118 21 förvaltade
634 243 111 22 fondernas
761 243 99 22 säkerhet
869 243 110 21 äfvensom
989 251 34 13 om

205 273 154 29 granskningen
377 273 33 22 till
431 274 135 27 magistraten
585 273 111 21 inberätta.
725 272 104 21 Förklara
843 273 135 25 revisorerna,
993 275 32 18 att

206 303 45 21 skäl
270 303 32 20 till
318 302 137 28 anmärkning
470 302 47 21 icke
532 301 140 26 förekommit,
686 301 55 28 gälle
756 301 61 21 deras
833 300 107 22 utlätande
956 300 67 22 säsom

205 331 111 28 decharge.
345 331 51 21 Men
411 331 66 21 hafva
491 331 27 20 de
533 331 55 28 gjort
597 330 143 27 anmärkning,
749 330 93 22 hvilken,
851 329 89 22 oaktadt
951 329 73 22 veder-

206 360 103 21 börandes
324 359 122 28 förklaring,
460 359 24 22 af
498 359 48 21 dem
562 359 109 26 vidhälles,
685 359 53 20 skall
759 359 135 28 magistraten
911 358 35 21 vid
964 361 61 18 nästa

206 389 118 21 valtillfälle
340 389 51 20 eller
405 389 45 25 ock,
466 388 38 21 där
519 388 40 21 den
575 388 37 21 det
626 387 87 29 pröfvar
727 388 79 27 nödigt,
821 387 37 21 vid
874 387 75 21 enkom
960 387 65 28 utlyst

206 417 153 22 sammanträde
375 417 23 21 af
412 417 27 20 de
454 417 166 28 valberättigade
636 416 131 21 öfverlämna
782 416 22 21 ät
819 415 61 22 dessa
894 419 32 18 att
936 417 7 19 i
954 415 71 22 anled-

206 447 50 28 ning
270 446 22 21 af
307 445 163 28 anmärkningen
485 445 88 22 besluta.

585 515 11 27 3
613 515 32 20 30.

274 561 42 20 För
339 560 173 29 angelägenheter
532 560 89 21 rörande
643 559 41 22 den
703 561 66 20 större
790 559 101 22 industrin
909 559 29 29 pä
955 559 70 22 lands-

208 589 96 30 byggden
319 589 59 21 skola
393 590 55 20 inom
464 589 72 28 hvarje
544 589 40 26 län,
591 589 34 21 för
636 592 32 17 tre
679 588 23 21 är
712 589 6 20 i
729 589 81 24 sänder,
820 591 56 18 utses
886 589 30 20 tio
926 589 99 20 industri-

207 618 136 28 fullmäktige,
362 618 33 21 till
413 625 39 14 ena
469 618 81 21 hälften
565 617 64 22 bland
644 617 158 28 arbetsgifvare,
817 617 32 21 till
864 617 65 21 andra
944 617 81 21 hälften

207 647 64 21 bland
287 646 95 22 biträden
398 647 39 20 och
452 646 102 21 arbetare.

275 675 95 22 Valbara
389 677 35 19 äro
439 676 7 20 i
461 675 41 21 den
517 675 57 21 förra
588 682 103 21 gruppen:
707 682 62 20 egare
785 674 22 21 af
822 674 131 21 industriella
968 675 58 26 värk,

207 712 44 14 som
269 704 122 29 sysselsätta
409 705 63 20 minst
489 705 60 27 tjugu
568 705 101 22 arbetare,
685 703 108 22 äfvensom
809 703 137 21 medlemmar
960 704 7 20 i
982 707 43 25 sty-

207 733 64 21 relser
277 733 34 20 för
321 733 130 21 industriella
461 733 71 27 bolag;
543 733 7 20 i
560 733 40 20 den
611 739 72 14 senare
693 740 105 20 gruppen:
814 732 98 21 tekniska
922 732 104 26 biträden,

207 761 142 22 värkmästare
365 761 39 21 och
419 761 101 26 arbetare,
531 769 43 13 som
591 761 36 22 vid
641 761 73 28 dylika
729 761 52 21 värk
796 763 35 19 äro
847 761 104 21 anställda
961 761 66 26 enligt

207 791 114 29 personligt
329 790 99 21 kontrakt
436 790 50 21 eller
496 790 49 21 med
555 791 43 20 viss
608 790 179 28 uppsägningstid.
803 790 119 21 Valbarhet
931 790 95 21 inträder

207 820 37 21 vid
259 820 26 20 25
301 819 33 21 ärs
349 819 64 21 älder.

274 848 77 21 Första
365 847 88 29 gängen,
468 848 39 21 och
523 848 62 21 äfven
596 847 112 21 framdeles
718 847 33 21 till
762 847 48 21 dess
821 846 64 22 sädan
896 847 131 29 valordning,

207 885 45 14 som
273 877 69 22 nedan
364 879 66 26 säges,
453 876 77 22 blifvid
552 876 124 26 stadfästad,
695 879 56 18 utses
773 876 62 21 dessa
852 876 134 29 fullmäktige
1004 876 23 21 af

207 906 197 29 industristyrelsen,
426 906 64 21 sedan
511 905 227 29 yrkesinspektörerna,
755 905 54 22 hvar
826 905 34 21 för
877 905 38 21 sitt
935 905 92 26 omräde,

207 935 69 21 härtill
291 935 100 28 uppgjort
406 935 83 28 förslag,
504 934 40 21 och
555 934 48 21 med
613 934 136 27 iakttagande
759 937 32 18 att
802 934 56 21 olika
869 934 58 21 delar
937 934 23 21 af
970 934 57 21 länet

207 963 65 22 varda
296 963 176 28 representerade.
506 963 110 27 Därjämte
637 969 49 20 eger
708 963 191 20 industristyrelsen
923 963 32 20 till
979 963 46 21 ord-

207 992 87 21 förande
310 992 33 20 för
358 991 131 28 fullmäktige
504 992 8 20 i
526 991 72 28 hvarje
614 991 33 21 län
663 991 56 20 kalla
734 999 25 12 en
774 991 7 20 i
797 991 104 21 allmänna
918 991 47 21 värf
984 991 42 21 för-

207 1021 64 25 faren,
286 1021 55 20 inom
357 1021 56 20 länet
428 1020 70 21 bosatt
512 1027 54 14 man.

275 1049 34 20 De
328 1048 86 21 sälunda
428 1048 89 21 utsedda
532 1048 131 27 fullmäktige
679 1055 49 14 vare
743 1047 132 28 berättigade
890 1051 31 18 att
936 1049 7 20 i
959 1049 65 20 sinom

207 1077 37 27 tid,
264 1077 70 21 därest
351 1077 37 21 det
406 1077 33 20 för
456 1077 57 20 länet
546 1077 70 20 pröfvas
632 1076 101 28 lämpligt,
748 1078 95 27 uppgöra
858 1077 79 27 förslag
951 1076 33 21 till
999 1084 24 13 en

207 1106 128 28 valordning,
351 1106 65 28 enligt
430 1105 86 22 hvilken
528 1085 27 41 de
565 1106 7 20 i
583 1105 65 21 andra
658 1113 60 13 mom.
729 1105 23 21 af
763 1105 68 21 denna
842 1105 98 28 paragraf
950 1105 76 21 nämda

207 1135 151 28 arbetsgifvare
381 1134 40 21 och
443 1134 95 21 arbetare
560 1133 76 28 själfva
654 1133 52 28 egde
725 1134 55 27 välja
795 1133 228 28 industrifullmäktige.

206 1163 12 20 I
234 1163 64 21 sådan
313 1163 123 27 valordning
451 1163 57 26 böra,
524 1162 132 21 beträffande
671 1162 77 21 valrätt
763 1162 39 21 och
818 1162 114 25 valbarhet,
947 1162 27 21 de
988 1163 8 20 i
1011 1163 14 49 i

208 1192 26 21 16
247 1191 86 28 angifna
342 1191 91 28 grunder
442 1191 112 28 tillämpas.
582 1191 42 21 Till
635 1191 160 28 öfverläggning
804 1191 72 20 härom
886 1191 52 20 böra
947 1191 61 20 ombu

207 1220 33 21 för
259 1220 171 27 fackföreningar
446 1219 28 28 på
493 1219 77 26 landet,
588 1219 71 21 därest
678 1219 79 21 sådana
780 1220 56 20 inom
858 1219 57 21 länet
938 1219 87 22 kommit

207 1249 32 20 till
257 1248 67 25 stånd,
344 1248 23 21 af
386 1248 132 27 fullmäktige
536 1248 94 21 inkallas.
659 1247 160 28 Valordningen
838 1247 97 22 insändes
949 1255 75 20 genom

207 1277 190 28 industristyrelsen
413 1277 32 20 till
460 1279 86 18 senaten
560 1277 6 20 i
580 1276 99 21 afseende
695 1276 12 21 å
722 1276 99 28 pröfning
835 1276 39 21 och
885 1277 139 21 stadfästelse.

276 1306 45 19 Län
345 1305 39 24 må,
402 1305 38 20 där
460 1305 24 20 så
502 1305 68 20 finnes
590 1305 79 26 nödigt,
687 1305 22 20 af
731 1305 191 27 industristyrelsen
941 1305 58 20 delas
1017 1306 8 19 i

207 1335 76 19 tvänne
294 1332 105 25 områden,
409 1332 61 21 hvart
480 1332 49 21 med
539 1332 36 21 det
585 1332 57 21 antal
653 1331 138 28 fullmäktige,
801 1340 43 13 som
855 1332 64 21 ofvan
927 1333 62 27 sagdt
997 1335 28 18 är.

586 1401 12 27 s
614 1401 33 20 31.

275 1448 78 20 Länets
369 1447 221 28 industrifullmäktige
606 1446 64 22 hafva
685 1446 75 22 främst
775 1447 32 21 till
823 1447 85 29 uppgift
918 1450 32 19 att
961 1448 64 22 värka

207 1476 33 21 för
256 1476 124 29 biläggande
395 1476 22 21 af
432 1476 99 28 oenighet
545 1476 76 21 mellan
636 1476 153 28 arbetsgifvare
804 1476 40 21 och
859 1476 100 22 arbetare.
982 1477 43 21 För

207 1506 60 21 detta
284 1505 97 21 ändamål
399 1505 98 22 tillsättes
517 1513 25 13 en
557 1505 196 28 förlikningsnämd,
768 1505 108 29 angående
892 1506 62 22 hvars
970 1514 54 14 sam-

207 1535 141 27 mansättning
363 1534 39 21 och
417 1534 121 21 förfarande
553 1534 182 28 bestämningarna
749 1535 8 20 i
772 1535 12 27 $
800 1535 27 20 25
843 1534 62 22 lända
916 1535 33 21 till
961 1535 63 21 efter-
