1103 1770
84 144 25 17 21
121 148 19 16 p.
152 144 78 20 jouluk.
413 137 163 34 Elinkeinolaki.
864 139 38 21 181

157 214 112 20 rösträtten
284 213 37 21 vid
335 213 133 28 föreningens
484 214 104 21 allmänna
603 214 177 26 sammanträden;
795 216 55 19 samt

153 242 53 21 huru
223 242 49 21 med
286 242 134 28 föreningens
435 242 55 22 fasta
504 242 40 22 och
560 242 45 22 lösa
620 242 101 29 egendom
736 242 91 22 förfaras
843 241 60 26 skall,

83 271 9 20 i
107 270 100 22 händelse
221 270 123 28 föreningen
358 270 104 29 upplöses.

153 298 110 22 Omfattar
274 298 147 29 fackförening
438 299 51 21 flere
500 299 127 26 kommuner,
638 299 38 21 bör
686 300 7 20 i
703 299 112 29 stadgarna
825 299 77 28 jämväl

84 330 110 26 upptagas,
208 328 8 20 i
230 326 86 23 hvilken
331 327 99 22 kommun
444 327 48 22 dess
508 327 87 29 styrelse
610 327 54 22 skall
679 327 64 22 hafva
758 328 37 21 sitt
809 330 45 18 säte

152 355 78 22 Därest
250 356 62 22 dessa
333 356 156 28 bestämningar
507 357 110 27 iakttagits
632 356 40 22 och
687 356 113 28 stadgarna
815 357 7 20 i
837 356 65 28 öfrigt

85 384 47 22 icke
147 384 105 22 innehålla
266 384 63 29 något
344 384 125 29 lagstridigt,
484 385 64 21 varde
563 384 113 29 stadgarna
691 384 137 22 stadfästade.

462 455 12 26 $
490 454 32 21 36.

152 498 59 28 Vilja
234 497 170 29 fackföreningar
425 498 12 21 å
457 498 69 22 skilda
547 501 57 19 orter
624 498 61 22 träda
703 499 8 20 i
729 499 125 21 samvärkan
869 498 34 21 för

81 533 157 22 gemensamma
252 527 104 26 ändamål,
371 527 34 21 må
419 527 27 21 de
461 527 72 21 härför
547 527 89 22 tillsätta
646 535 25 13 en
683 527 168 28 centralstyrelse
862 527 40 21 och

82 562 75 21 genom
179 555 89 21 särskild
289 555 211 21 öfverenskommelse
518 555 105 22 fastställa
639 556 47 21 dess
701 555 131 29 åligganden,
847 555 55 21 dock

81 587 51 18 utan
147 586 32 18 att
194 583 66 29 någon
276 584 89 28 ändring
379 584 120 27 därigenom
514 584 49 21 sker
577 585 8 20 i
599 584 157 28 föreningarnas
772 584 91 28 stadgar.

152 612 156 28 Fackförening
322 612 35 21 må
370 613 77 27 jämväl
463 612 67 22 bildas
546 612 28 29 på
588 612 65 22 sådan
662 613 75 27 grund,
747 615 32 19 att
789 613 41 20 den
840 614 63 26 utgör

82 648 27 13 en
130 640 33 22 för
181 640 48 22 hela
250 640 72 22 landet
334 648 120 21 gemensam
470 640 102 29 förening,
587 641 49 21 med
651 641 167 28 centralstyrelse
833 641 29 29 på
877 648 24 14 en

82 672 35 18 ort
131 669 39 21 och
186 668 217 30 afdelningsstyrelser
417 669 13 21 å
444 669 65 21 andra
524 673 60 18 orter.
614 669 115 29 Angående
745 670 113 28 stadgarna
869 669 33 21 för

83 698 65 21 sådan
163 698 97 28 förening
274 698 54 27 gälle
343 698 57 21 hvad
414 698 8 20 i
437 698 11 27 $
464 699 26 20 35
506 700 22 19 är
543 698 66 28 sagdt.

153 726 73 22 Hafva
240 726 170 28 fackföreningar
425 726 152 22 sammanslutit
592 727 32 27 sig
639 727 32 21 till
686 726 184 29 upprätthållande
880 726 23 22 af

83 762 27 14 en
129 762 120 21 gemensam
268 755 228 29 centralorganisation,
514 756 40 20 och
576 755 99 21 omfattar
689 756 213 26 sammanslutningen

85 784 64 21 minst
163 783 37 22 tvä
214 784 125 28 tredjedelar
354 784 23 21 af
391 784 97 28 samtliga
503 784 171 28 fackföreningar
688 784 56 22 inom
771 784 53 26 yrket,
833 784 70 21 kunna

83 812 64 22 äfven
169 812 69 29 öfriga
260 813 32 21 till
314 812 62 29 yrket
397 812 95 22 hörande
514 812 175 28 fackföreningar,
713 792 73 42 hvilka
807 812 96 29 uppbära

83 841 65 28 afgift
169 842 65 27 enligt
255 842 12 27 &
286 842 27 21 34
331 849 61 14 mom.
411 842 18 27 5,
444 841 23 21 af
486 841 191 29 industristyrelsen
692 841 164 29 skyldigkännas
872 844 32 19 att

85 869 87 29 bidraga
193 870 33 21 till
249 870 115 28 utgifterna
385 870 33 21 för
439 870 247 29 centralorganisationen
705 870 49 21 med
769 870 82 29 belopp,
868 870 35 21 be-

84 898 93 22 räknade
198 898 54 22 efter
267 899 27 21 50
312 899 63 28 penni
393 898 33 21 för
440 899 72 28 hvarje
527 898 153 28 arbetsgifvare
695 899 39 21 och
750 900 27 20 10
792 899 64 28 penni
871 898 33 21 för

83 927 72 28 hvarje
171 927 101 27 arbetare,
283 935 45 14 som
343 929 36 20 äro
394 927 136 22 medlemmar
544 928 7 21 i
564 927 172 28 fackföreningen
747 927 52 22 eller
808 927 95 28 bidrags-

83 955 98 29 skyldiga
195 956 33 21 till
244 956 125 21 densamma.

464 1009 12 26 s
492 1009 33 20 37.

154 1048 43 26 Äro
216 1054 7 20 i
243 1053 67 28 någon
330 1053 48 22 stad
414 1053 122 21 yrkesidkare
554 1053 40 21 och
609 1054 95 20 arbetare
720 1053 33 21 för
768 1053 88 27 fåtaliga
871 1055 32 19 att

87 1081 58 22 bilda
163 1081 153 29 fackförening,
332 1089 49 14 vare
396 1062 131 48 Derättigade
543 1084 32 19 att
589 1082 82 21 ansluta
685 1082 33 28 sig
732 1082 32 21 till
780 1081 65 21 sådan
861 1081 43 21 för-

83 1111 63 28 ening
161 1111 7 20 i
183 1110 125 29 närbelägen
323 1110 53 22 stad.

464 1168 12 26 s
493 1168 32 21 38.

153 1213 157 29 Fackförening
324 1213 39 22 och
379 1214 47 20 dess
441 1214 87 28 styrelse
544 1214 51 21 böra
610 1214 33 20 för
658 1213 25 21 de
699 1213 102 27 ändamål,
817 1213 86 21 hvarom

84 1244 8 20 i
107 1242 70 22 denna
197 1242 35 28 lag
253 1244 23 19 är
298 1242 67 28 sagdt,
383 1242 40 21 och
440 1243 64 20 äfven
522 1250 74 14 annars
615 1242 28 21 då
656 1242 196 28 yrkesfullmäktige
867 1241 38 21 det

82 1271 59 27 äska,
161 1270 114 22 medvärka
289 1272 8 20 i
312 1271 79 21 sådana
405 1270 179 28 angelägenheter,
599 1278 44 14 som
659 1272 91 20 närmast
765 1270 111 21 ankomma
891 1269 13 21 å

84 1299 142 28 fullmäktiges
248 1299 135 22 omvårdnad.
411 1299 115 29 Uppgifter
547 1307 34 14 om
597 1298 157 29 fackförenings
770 1298 132 22 medlemstal

83 1328 41 21 och
141 1327 135 22 värksamhet
296 1327 59 22 skola
373 1327 79 28 årligen
467 1327 33 21 till
514 1327 195 29 yrkesfullmäktige
724 1327 40 21 och
780 1327 36 21 vid
833 1326 70 22 anfor-

83 1357 53 21 dran
151 1356 33 22 till
199 1356 192 28 industristyrelsen
406 1355 108 22 aflämnas.

464 1423 12 26 $
492 1424 33 19 39.

153 1468 89 28 Förslag
253 1476 34 13 om
297 1467 156 29 fackförenings
464 1467 110 29 upplösning
599 1467 53 21 skall
664 1467 126 28 framläggas
801 1467 37 21 vid
848 1467 55 21 före-

83 1498 88 27 ningens
186 1496 100 27 årsmöte;
302 1497 39 21 och
358 1497 68 20 beslut
440 1497 8 20 i
462 1497 76 21 sådant
553 1499 55 25 syfte
619 1495 35 22 må
663 1497 18 27 ej
693 1495 72 27 fattas,
775 1495 71 22 därest
855 1495 47 22 icke

83 1525 59 22 såväl
157 1525 37 22 vid
209 1525 100 22 årsmötet
324 1532 44 14 som
383 1525 35 22 vid
434 1525 92 21 därefter
537 1524 99 29 följande,
647 1525 7 21 i
665 1524 140 22 föreskrifven
816 1524 88 28 ordning
