1103 1770
220 149 40 21 190
545 155 162 17 Elinkeinolaki.

891 155 24 16 21
926 159 20 15 p.
959 154 78 19 jouluk.

289 224 40 25 1:0)
351 225 39 25 gör
411 224 33 27 sig
464 223 85 28 skyldig
563 223 31 20 till
610 222 90 29 tjufnad,
716 222 111 27 bedrägeri
842 222 51 21 eller
906 229 69 14 annan
990 223 47 20 oär-

220 251 74 28 lighet,
309 251 115 29 uppträder
444 251 130 22 öfverlastad
590 251 12 21 &
618 251 148 26 arbetsstället,
781 251 51 21 eller
847 251 32 20 dit
893 250 83 21 medför
991 257 46 14 rus-

220 280 100 27 drycker;

244 288 14 21 4
290 311 40 24 2:0)
347 310 56 20 visar
417 309 109 28 upprepad
543 308 91 29 olydnad
651 311 43 18 mot
708 308 152 28 yrkesidkaren
872 308 51 21 eller
933 308 41 21 den
985 307 52 22 hans

221 337 61 21 ställe
304 337 123 27 företräder,
448 338 50 20 eller
518 337 79 21 tillåter
617 338 33 27 sig
664 337 173 27 handgriplighet
851 337 51 20 eller
916 336 50 29 grof
980 336 58 21 föro-

220 366 109 28 lämpning
345 369 45 18 mot
405 366 47 21 dem
469 366 51 21 eller
536 366 89 21 medlem
642 366 22 20 af
679 365 61 21 deras
756 366 101 27 familjer;

289 395 40 26 3:0)
345 394 93 21 förleder
453 394 145 21 medarbetare
614 394 31 21 till
660 393 109 28 handling,
784 401 45 14 som
845 394 77 21 strider
932 396 56 19 emot
998 393 40 28 lag,

220 423 81 20 arbets-
317 423 50 20 eller
382 423 99 21 läroaftal
497 423 51 20 eller
562 423 42 27 god
620 422 48 26 sed;

288 452 42 25 4:0)
350 453 23 19 är
394 451 86 27 oduglig
504 451 50 21 eller
574 458 77 20 genom
672 450 112 28 långvarig
802 450 96 28 sjukdom
914 450 52 21 eller
980 450 59 27 sjuk-

220 479 67 27 lighet
308 480 71 20 blifvit
393 479 125 21 förhindrad
534 482 30 18 att
579 480 90 27 fullgöra
685 479 36 21 det
737 479 72 21 arbete
825 479 52 21 hans
892 479 80 21 arbets-
988 479 51 21 eller

221 507 99 22 läroaftal
342 508 63 26 afser,
424 510 22 18 är
463 508 102 21 besvärad
582 508 22 20 af
620 508 81 27 obotlig
717 508 51 20 eller
783 508 69 27 vidrig
868 508 104 27 sjukdom,
988 507 51 21 eller

220 543 77 21 genom
314 541 47 23 eget
377 536 133 21 förvållande
526 536 71 21 blifvit
612 536 124 28 oförmögen
751 539 32 18 att
798 536 100 21 fortsätta
909 537 37 20 sitt
956 535 82 27 arbete;

289 566 41 26 5:0)
345 565 101 21 sakfälles
461 566 34 20 för
510 566 84 20 svårare
611 566 63 25 brott;

289 596 40 24 6:0)
346 594 116 28 uppsåtligt
477 594 121 21 fördärfvar
614 594 115 20 värksaker
744 594 51 20 eller
811 594 103 26 material;

290 624 40 25 7:0)
346 623 122 28 oförsiktigt
483 622 73 29 umgås
572 622 47 22 med
636 622 39 21 eld.

600 693 12 26 8
628 693 32 20 62.

289 737 94 24 Biträde,
406 738 95 20 arbetare
524 738 40 21 och
586 738 75 27 lärling
682 739 23 19 är
725 737 118 28 berättigad
865 740 31 19 att
914 740 50 19 utan
983 738 56 20 före-

220 765 84 29 gången
320 767 134 27 uppsägning
470 767 135 21 utbekomma
620 765 157 30 afgångsbetyg
793 766 22 21 af
829 766 137 27 yrkesidkare
982 767 6 20 i
999 766 41 21 föl-

219 795 63 28 jande
298 795 46 20 fall:

290 825 40 25 1:0)
345 831 34 13 om
396 823 36 21 det
447 824 94 21 aftalade
557 824 92 21 arbetets
665 824 142 21 fortsättande
823 825 23 20 är
861 824 115 21 förbundet
991 824 48 21 med

221 860 47 13 men
291 852 34 21 för
343 852 41 21 den
407 853 127 21 arbetandes
555 853 63 25 helsa,
638 856 54 17 samt
709 861 34 12 om
761 853 152 28 yrkesidkaren
932 853 52 21 eller
998 853 41 21 den

220 881 78 21 honom
318 881 6 20 i
345 881 92 21 arbetets
458 881 86 28 ledning
559 881 117 21 företräder
693 882 51 20 eller
759 882 40 20 ock
815 883 106 19 närmaste
938 882 81 20 kamrat
1033 882 6 20 i

221 910 83 20 arbetet
319 910 84 27 ådragit
417 911 33 26 sig
465 910 69 28 vidrig
550 910 107 28 sjukdom;

290 939 41 25 2:0)
349 946 34 13 om
399 938 159 28 yrkesidkaren,
574 939 50 21 eller
639 938 40 22 den
696 939 6 20 i
718 938 53 21 hans
787 939 62 21 ställe
864 940 28 24 är,
908 938 85 22 väldför
1008 940 33 27 sig

221 967 13 21 å
248 966 87 27 honom;

290 996 40 25 3:0)
347 1002 33 14 om
395 996 153 27 yrkesidkaren
564 996 51 21 eller
630 996 51 20 hans
694 996 180 21 ställföreträdare
885 996 63 21 söker
958 996 83 21 förleda

221 1024 77 21 honom
309 1024 32 20 till
352 1024 111 27 lagstridig
474 1024 50 21 eller
535 1025 82 27 osedlig
627 1024 102 28 handling
739 1025 52 20 eller
802 1025 46 20 icke
859 1025 94 27 skyddar
962 1025 78 21 honom

221 1056 45 18 mot
280 1052 76 26 sädan;

290 1081 43 26 4:0)
349 1088 33 13 om
399 1081 61 20 lönen
477 1082 47 20 icke
541 1081 104 21 utbetalas
661 1080 28 29 pä
705 1081 90 21 aftaladt
807 1083 42 19 sätt
859 1084 54 18 samt
924 1089 33 13 om
967 1082 74 28 yrkes-

222 1109 87 21 idkaren
326 1109 47 21 icke
389 1109 170 21 tillhandahåller
574 1110 34 20 för
623 1109 147 29 styckearbete
786 1110 90 21 anställd
893 1110 95 21 arbetare
999 1110 42 21 till-

221 1138 82 27 räcklig
320 1138 170 28 sysselsättning;

291 1167 41 25 5:0)
348 1174 33 12 om
396 1167 152 27 yrkesidkaren
564 1166 62 21 fälles
642 1166 34 21 för
691 1166 86 21 svärare
793 1167 61 21 brott.

290 1194 42 21 Till
355 1194 118 29 äktenskap
496 1196 89 27 förelyst
608 1196 85 24 kvinna,
712 1195 86 21 hvilken
818 1197 23 19 är
859 1196 90 20 anställd
972 1196 68 21 såsom

223 1223 89 26 biträde,
331 1223 96 21 arbetare
443 1224 50 20 eller
508 1224 75 27 lärling
599 1224 6 20 i
620 1224 59 27 yrke,
695 1231 49 13 vare
761 1224 118 28 berättigad
895 1227 31 18 att
941 1224 47 21 frän
1003 1232 38 13 an-

223 1252 127 27 ställningen
369 1252 47 20 med
432 1252 65 28 betyg
512 1252 50 28 afgä
576 1252 79 28 fjorton
671 1252 66 27 dagar
753 1252 54 21 efter
821 1254 140 26 uppsägning,
976 1252 64 22 äfven

224 1287 34 13 om
274 1280 73 27 längre
362 1280 176 28 uppsägningstid
555 1281 51 20 eller
621 1281 44 20 viss
680 1280 31 21 tid
727 1282 23 19 är
765 1280 34 21 för
813 1281 69 21 henne
898 1281 86 21 aftalad.

603 1341 11 28 s
630 1342 32 20 63.

290 1385 101 23 Förutom
415 1386 23 21 af
458 1386 26 22 de
504 1387 6 21 i
529 1389 47 19 näst
596 1386 128 28 föregäende
743 1387 100 29 paragraf
865 1391 107 25 upptagna
994 1388 47 22 skäl

222 1415 83 29 upphör
319 1415 98 21 läroaftal
432 1416 77 27 jämväl
525 1418 31 18 att
572 1423 48 14 vara
636 1416 33 21 för
685 1416 75 28 lärling
776 1416 116 22 bindande:

292 1446 40 25 1:0)
351 1452 33 13 om
400 1444 76 28 lärling
492 1444 84 28 älägges
593 1448 64 18 annat
672 1445 72 21 arbete
760 1447 26 19 än
802 1446 42 26 det,
860 1453 45 14 som
920 1445 121 23 läroaftalet

221 1473 74 29 gäller;

291 1503 40 26 2:0)
351 1510 32 13 om
405 1502 137 28 yrkesidkare
564 1503 18 27 ej
604 1502 94 28 skyddar
716 1503 75 28 lärling
807 1507 43 17 mot
865 1504 95 28 förtryck
976 1504 64 28 af<de

222 1531 38 21 hos
276 1531 77 21 honom
370 1531 104 21 anställda
489 1532 90 27 gesäller
594 1531 51 21 eller
660 1532 65 20 andra
741 1532 105 26 arbetare;
