1111 1770
216 157 43 21 474
538 158 184 32 Suostuntaverot.
882 164 28 16 30
922 167 20 15 p.
952 163 82 19 jouluk.

217 232 62 27 ligen,
293 233 32 19 att
347 232 21 20 vi
389 231 46 21 icke
456 231 78 22 handla
549 232 6 20 i
570 231 221 22 öfverensstämmelse
806 231 47 21 med
870 231 23 21 L.
908 231 30 25 O.,
954 230 43 22 ifall
1013 231 23 21 vi

217 260 69 22 skulle
303 260 85 27 vidtaga
403 260 79 21 sädana
496 260 104 26 ätgärder,
616 266 46 16 som
678 260 38 21 här
728 260 106 27 päyrkats.
856 260 10 20 I
882 259 152 27 regeringsfor-

217 295 60 15 mens
293 288 11 28 $
319 289 28 21 46
362 289 128 21 bestämmes
506 288 58 22 tiden
579 289 33 21 för
627 289 26 21 de
668 289 105 21 ordinarie
788 288 153 26 landtdagarna
956 288 31 21 till
1002 290 33 19 tre

217 317 106 21 mänader.
353 318 27 21 Vi
401 317 63 21 hafva
486 318 121 21 sedermera
628 318 7 20 i
650 318 123 20 nuvarande
788 318 22 20 L.
826 317 25 21 O.
865 317 41 21 fätt
921 317 69 21 denna
1004 316 31 22 tid

217 346 106 22 utsträckt
343 346 31 21 till
396 346 14 20 4
430 346 105 26 månader,
548 352 47 15 men
611 346 40 21 den
668 346 91 21 svenska
774 346 109 25 historien,
898 352 47 15 som
960 347 24 19 är
999 351 36 21 ge-

217 381 96 15 mensam
329 375 48 21 med
393 374 43 26 vär,
451 374 146 27 ädagalägger,
612 377 31 19 att
658 374 113 27 riksdagen
786 375 8 21 i
809 374 58 22 äldre
882 374 54 22 tider
951 374 83 21 betrak-

217 404 60 21 tades
300 404 70 20 säsom
392 405 30 19 ett
437 404 59 20 svärt
511 410 54 14 onus
580 403 33 21 för
628 404 41 20 den
684 403 178 27 skattedragande
878 403 156 26 befolkningen.

217 432 50 21 Man
283 432 48 20 ville
346 432 51 25 icke,
408 433 31 20 att
449 432 203 27 landtdagsmännen
664 432 68 21 skulle
742 432 93 26 fördröja
845 432 70 20 denna
924 432 30 21 tid
965 430 69 27 själfs-

217 460 85 27 väldigt,
314 460 40 21 och
369 460 71 21 därför
454 460 97 21 försökte
566 466 48 15 man
625 461 108 26 korrigera
743 460 57 21 detta
814 466 76 21 genom
902 462 87 25 stränga
999 459 35 21 be-

217 489 138 26 stämningar.
384 489 42 21 Det
441 489 68 26 ligger
524 489 88 21 sälunda
626 489 47 21 frän
689 489 114 21 historiska
818 489 53 20 tider
887 489 8 21 i
909 489 37 20 vär
962 489 22 20 L.
996 488 38 21 O:s

217 517 61 26 anda,
301 519 31 19 att
353 517 153 27 landtdagarna
521 517 44 22 icke
579 517 22 21 fä
615 517 104 27 fördröjas
735 517 84 22 utöfver
834 517 55 21 hvad
904 517 130 27 nödvändig-

217 546 63 21 heten
295 545 89 22 fordrar.
412 547 42 26 Jag
468 546 68 21 skulle
552 546 70 22 därför
638 553 57 18 anse,
709 548 36 24 att,
756 553 35 14 om
807 547 21 21 vi
843 546 64 21 ocksä
917 546 45 21 icke
972 545 62 22 hafva

217 575 66 27 nägot
305 575 122 27 bokstafligt
451 575 117 27 stadgande
594 575 80 24 härom,
689 575 35 21 det
748 575 54 21 dock
825 577 23 19 är
870 575 86 21 alldeles
978 574 56 22 klart

216 603 33 22 för
272 604 53 21 hvar
347 604 39 21 och
402 610 32 19 en,
450 610 46 15 som
512 604 123 27 genomgätt
650 604 163 26 landtdagarnas
829 603 39 22 och
883 603 150 28 riksdagarnas

217 632 95 27 historia,
333 634 32 19 att
380 633 111 26 meningen
508 633 53 21 varit
576 634 31 20 att
622 632 44 21 afse
681 633 26 21 de
723 632 188 28 skattedragandes
926 633 66 23 bästa,
1008 633 27 21 dä

217 667 49 15 man
295 661 82 22 försökt
400 661 103 27 begränsa
526 661 176 27 landtdagstiden.
733 661 10 22 I
765 661 12 27 &
799 661 28 21 46
849 662 24 21 R.
899 661 28 26 F.
949 661 84 21 hvilken

215 690 38 27 jag
274 690 46 21 icke
340 696 28 15 nu
384 690 38 21 har
437 689 105 27 tillhands,
559 690 76 21 uttalas
652 690 69 21 denna
736 690 60 25 äsikt,
812 696 33 15 om
859 690 38 27 jag
911 690 45 21 icke
972 690 61 21 miss-

217 720 60 25 tager
299 719 49 26 mig,
372 719 80 26 ganska
474 719 81 26 tydligt.
585 719 41 26 Jag
646 718 32 21 för
701 719 42 20 min
759 719 34 20 del
808 718 78 22 förstär
901 719 45 20 icke
961 719 73 25 häller,

217 747 55 20 huru
288 747 27 21 de
328 747 167 26 landtdagsmän,
511 753 46 15 som
574 749 75 25 utgöra
663 749 172 24 representanter
850 747 33 21 för
899 747 55 21 olika
969 747 63 21 valdi-

218 775 63 21 strikt
304 775 38 21 och
365 776 95 26 uppbära
484 776 118 27 ersättning
624 781 38 21 per
678 776 46 27 dag,
739 775 61 22 skola
815 775 71 22 kunna
903 775 84 22 komma
1002 775 31 22 till

217 804 66 27 riktig
297 804 65 21 likvid
377 805 48 20 med
441 805 46 20 sina
501 804 137 21 komittenter
654 811 76 19 genom
741 807 32 18 ett
783 805 75 20 sädant
868 804 135 27 fördröjande
1013 804 23 22 af

217 833 87 21 arbetet.
329 833 41 27 Jag
384 839 107 21 upprepar
507 835 57 19 ännu
579 839 26 15 en
622 833 60 27 gäng,
698 835 31 19 att
741 833 37 27 jag
793 835 50 24 tror,
860 835 31 20 att
901 833 132 22 konsekven-

217 867 37 16 sen
271 861 22 21 af
305 861 139 27 landtdagens
460 861 126 27 föregäende
601 862 160 26 handlingssätt,
777 862 20 21 d.
810 869 19 14 v.
840 869 15 14 s.
866 862 23 21 af
897 862 36 21 vär
944 862 89 26 petition

217 889 32 22 til
271 890 60 21 Haas
354 890 104 26 Majestät,
480 890 83 22 fordrar
585 893 32 19 att
631 890 20 22 vi
666 890 84 21 afvakta
765 892 30 19 ett
811 897 54 15 svar.
894 891 42 25 Jag
951 890 82 22 fordrar

215 918 52 26 icke,
277 920 31 19 att
323 919 21 21 vi
359 918 59 22 skola
433 919 109 27 päskynda
557 919 48 21 med
620 918 110 22 allehanda
745 919 147 21 betänkanden
909 919 38 21 och
962 919 72 21 skrida

215 948 32 20 till
262 948 196 26 propositionernas
474 948 114 26 afgörande
603 948 7 21 i
625 948 119 23 allmänhet,
756 954 46 15 men
812 948 37 26 jag
859 955 68 18 anser,
938 950 31 19 att
979 948 53 21 före-

215 976 99 27 liggande
329 976 77 26 nädiga
419 977 157 26 propositioner
591 978 37 20 äro
643 976 23 22 af
679 976 40 21 den
736 976 132 22 brädskande
883 976 149 27 beskaffenhet,

214 1006 33 19 att
261 1004 21 21 vi
296 1004 39 28 här
351 1005 67 21 måste
434 1004 76 22 handla
525 1005 70 21 såsom
612 1005 114 21 ständerna
740 1005 105 21 handlade
860 1006 49 20 åren
927 1006 53 20 1877
992 1005 41 21 och

216 1032 61 22 1878.
308 1032 69 21 Äfven
400 1033 23 20 år
440 1033 53 21 1877
510 1033 67 21 måste
592 1040 48 14 man
656 1034 40 20 den
712 1034 53 20 sista
781 1034 110 21 december
907 1034 84 21 utfärda
1006 1040 26 15 en

216 1061 294 27 stämpelbevillningsstadga
532 1061 32 21 för
587 1064 32 18 att
641 1061 53 27 gälla
718 1061 32 21 för
766 1062 36 21 det
816 1061 92 27 följande
923 1062 51 21 året.
1003 1062 31 27 Ty

215 1095 49 15 man
280 1089 56 21 hann
351 1090 45 20 icke
411 1090 146 21 åstadkomma
572 1090 41 21 den
628 1090 96 27 tidigare.
739 1090 46 21 Här
795 1092 24 19 är
830 1090 35 21 det
875 1097 26 15 en
911 1090 33 22 hel
955 1091 78 27 mängd

215 1118 155 26 författningar,
387 1124 46 16 som
448 1118 72 22 fordra
536 1119 63 21 detta.
628 1119 34 21 Då
674 1119 38 27 jag
726 1125 28 15 nu
770 1125 25 15 en
813 1119 56 27 gång
883 1119 38 21 har
932 1119 66 26 ordet,
1009 1120 24 20 så

215 1146 38 22 ber
273 1147 38 27 jag
331 1146 33 22 för
388 1148 42 20 min
453 1147 33 21 del
508 1148 101 26 därjämte
631 1147 21 21 få
674 1148 129 20 understöda
821 1148 25 20 hr
861 1148 115 26 Hallbergs
991 1147 42 22 för-

216 1175 46 27 slag
285 1182 34 14 om
343 1175 153 27 godkännande
518 1176 24 20 af
561 1176 25 21 de
601 1176 12 20 å
628 1176 86 21 sidorna
729 1176 11 21 7
757 1176 39 21 och
811 1176 13 21 8
839 1176 7 20 i
862 1176 171 22 statsutskottets

215 1204 133 21 betänkande
364 1206 108 25 upptagna
486 1204 136 22 klämmarna.

284 1261 45 20 Hra
344 1261 177 26 Holmberg:
538 1262 42 26 Jag
594 1261 40 20 kan
650 1261 39 21 och
704 1262 38 20 bör
758 1261 45 21 icke
818 1262 114 21 medvärka
947 1262 31 21 till
995 1262 37 21 nå-

215 1295 41 20 gon
273 1289 188 27 budgetreglering
475 1289 33 21 för
523 1290 73 26 längre
611 1289 50 22 eller
676 1290 85 21 kortare
777 1290 36 22 tid,
823 1291 64 20 innan
904 1291 81 20 visshet
1000 1296 32 15 er-

214 1317 76 24 hållits,
301 1319 32 18 att
348 1317 105 25 grundlag
468 1317 44 20 åter
528 1318 63 25 tagits
608 1317 29 20 till
653 1319 120 19 rättesnöre
788 1318 38 20 vid
841 1318 83 20 landets
937 1318 96 26 styrelse.

215 1344 33 20 De
263 1345 113 25 störingar,
392 1350 44 15 som
453 1345 7 20 i
473 1344 78 26 viktiga
561 1344 279 27 samhällsangelägenheter
851 1351 75 21 genom
938 1348 31 18 ett
980 1352 52 20 upp-

215 1372 50 21 skof
288 1372 47 22 med
361 1372 247 28 bevillningsbudgetens
632 1373 106 27 reglering
760 1373 71 22 kunde
853 1374 84 27 uppstå,
953 1376 37 19 äro
1012 1373 23 23 af

214 1401 83 21 mindre
311 1401 110 27 betydelse
436 1403 26 19 än
478 1401 40 21 den
534 1401 162 27 inkonsekvens,
712 1408 46 15 som
774 1402 69 22 skulle
858 1403 78 27 uppstå
956 1409 76 21 genom

214 1432 32 19 att
267 1430 115 22 ständerna
397 1430 36 21 det
448 1436 40 16 ena
502 1431 134 26 ögonblicket
651 1430 118 23 förklarade
784 1434 32 18 att
831 1432 77 27 lagliga
922 1432 110 22 förutsätt-

215 1460 75 26 ningar
305 1459 32 21 för
353 1459 195 27 landtdagsarbetet
563 1460 45 21 icke
622 1459 114 23 förefinnas
752 1460 40 22 och
807 1460 36 22 det
857 1461 67 21 andra
938 1463 95 26 upptaga

214 1488 33 22 till
262 1488 114 27 afgörande
392 1494 26 15 en
432 1488 60 28 fråga
507 1488 22 21 af
543 1489 40 21 den
599 1489 180 27 utomordentliga
794 1489 45 22 vikt
855 1496 46 16 som
912 1490 74 28 frågan
996 1497 36 15 om

214 1516 77 22 folkets
311 1517 142 27 beskattning.
485 1517 64 21 Detta
564 1518 24 21 så
603 1518 83 27 mycket
701 1524 63 21 mera,
779 1525 46 15 som
843 1520 66 26 några
923 1519 109 27 praktiska

214 1546 131 27 svårigheter
361 1546 54 21 hvad
431 1548 14 19 t.
460 1552 31 15 ex.
507 1545 206 23 folkskoleväsendet
727 1546 100 22 beträffar
841 1548 45 21 icke
897 1548 71 21 kunna
978 1554 54 21 upp-
