1084 1764
182 121 40 20 150
420 127 24 16 R.
459 131 17 12 o.
489 127 25 16 A.
528 127 62 17 1900.
615 127 24 16 16
651 127 61 16 Febr.

152 195 147 27 inrättningar.
328 195 33 20 De
385 198 144 26 orosymptom
551 195 22 21 af
590 202 25 14 en
633 195 100 28 börjande
751 195 68 28 kamp,
835 201 44 14 som
896 195 86 27 petitio-

152 225 65 19 nären
234 224 5 20 i
256 224 38 20 sitt
315 224 106 20 memorial
437 224 117 20 framhållit
569 224 40 21 och
625 224 73 20 hvilka
713 223 66 21 också
796 224 98 20 betonats
910 223 22 21 af
947 223 36 21 Hr

152 252 62 25 Rein,
236 252 68 21 mäste
326 252 35 28 jag
376 252 34 21 för
425 253 43 20 min
484 252 35 21 del
534 260 52 14 anse
602 260 51 13 vara
668 252 23 21 af
705 251 144 28 öfvergäende
865 251 118 29 betydelse,

152 280 142 21 framkallade
316 288 44 13 som
384 280 26 22 de
433 282 37 20 äro
490 280 24 22 sä
529 284 32 18 att
575 282 51 26 säga
642 280 27 29 pä
686 280 97 22 konstlad
800 282 47 26 väg,
863 280 67 21 oftast
944 288 37 20 gc-

153 316 48 14 nom
218 310 103 26 agitation
338 309 84 21 utifrån.
453 309 38 21 Ett
506 309 49 21 stöd
571 310 35 20 för
621 317 26 13 en
663 309 65 21 sådan
745 308 55 28 äsigt
816 316 63 20 synes
890 309 43 27 mig
944 316 37 20 pe-

152 338 207 20 titionsmemorialet
375 339 5 19 i
396 338 40 21 och
452 338 34 20 för
501 338 33 28 sig
549 340 82 26 utgöra,
647 338 39 21 och
702 338 41 20 den
755 337 184 28 omständigheten
950 340 32 18 att

152 366 28 21 de
201 366 97 28 strejker,
320 374 44 13 som
388 366 75 21 hittills
487 366 143 26 förekommit,
651 367 56 20 varit
722 366 121 28 igängsatta
857 366 44 28 just
916 366 23 20 af
954 365 27 21 de

153 394 48 21 bäst
224 394 69 21 stälda
315 394 132 22 arbetarene:
472 394 85 28 mälare,
580 402 89 18 murare,
691 394 142 28 sägarbetare,
852 394 130 28 typografer,

152 430 64 21 synes
241 424 44 26 mig
304 423 97 21 bekräfta
417 423 129 22 densamma.
563 424 51 20 Med
619 419 32 37 det
666 424 31 28 jag
711 423 39 21 här
758 423 77 26 anfört,
844 423 36 21 vill
891 424 34 27 jag
934 423 47 21 icke

152 451 65 21 hafva
234 455 48 24 sagt
297 455 31 17 att
343 453 34 27 jag
392 455 49 21 tror,
457 455 30 18 att
503 452 48 21 värt
567 452 49 21 land
633 452 34 21 för
682 452 41 21 alla
738 451 55 21 tider
806 452 54 20 skall
871 459 50 13 vara
932 452 50 21 sko-

152 480 53 21 nadt
220 480 34 20 för
270 480 26 21 de
312 480 206 28 missförhällanden,
534 488 45 14 som
596 488 64 21 synas
676 480 133 28 oskiljaktigt
820 480 101 21 förenade
933 480 47 21 med

152 508 124 21 industrielt
294 509 78 21 arbete.
402 509 52 21 Med
471 517 25 13 en
513 509 98 21 växande
627 509 89 21 industri
733 509 41 21 och
790 516 25 14 en
832 508 97 22 växande
945 509 37 21 be-

152 537 100 27 folkning
276 538 60 20 skola
359 538 115 21 orsakerna
496 538 32 20 till
551 538 81 21 sädana
651 537 199 22 missförhällanden
867 538 113 27 onekligen

152 565 52 21 ökas
221 566 40 21 och
279 566 66 21 blifva
361 566 92 22 svårare.
469 566 43 22 Det
527 568 24 19 är
566 566 74 22 derför
655 574 26 13 en
695 566 131 28 fullkomligt
836 566 65 28 riktig
917 567 64 20 tanke

152 597 32 18 att
207 595 6 19 i
235 594 43 28 god
300 594 30 21 tid
353 594 27 29 på
399 595 90 21 förhand
506 596 53 20 söka
574 595 133 28 undanrödja
724 594 62 22 dessa
801 595 93 21 orsaker.
926 595 53 21 1897

152 622 34 22 års
202 622 93 22 Ständer
309 623 113 21 framhöllo
438 625 5 19 i
460 624 32 20 sin
508 624 32 20 till
556 624 28 20 H.
600 624 31 21 M.
647 624 81 27 ingifna
746 624 88 28 petition
850 626 32 18 att
897 631 25 13 en
938 623 43 21 till-

152 651 165 22 fredsställande
344 652 128 28 behandling
493 652 23 21 af
539 652 110 26 spörsmål,
665 652 80 21 sådana
761 660 44 13 som
823 652 109 28 angående
949 659 32 14 ar-

153 680 95 28 betsdag,
270 680 98 28 aflöning,
384 660 205 48 arbetarebostäder,
611 681 277 28 arbetarepensionskassor
906 689 25 12 m.
948 688 33 17 m.,

152 709 48 21 icke
224 716 51 13 vore
298 709 78 28 möjlig,
398 709 24 21 sä
445 710 62 27 länge
530 710 116 21 statistiskt
661 709 94 22 material
771 709 84 22 saknas.
886 709 95 21 Landets

152 737 111 28 Regering
285 737 37 21 har
346 738 66 21 ocksä
432 739 32 20 till
484 738 54 21 fullo
554 738 125 28 uppskattat
695 738 87 28 frägans
798 741 57 18 stora
871 737 110 22 betydelse

152 766 41 21 och
208 765 67 22 redan
291 767 5 20 i
313 766 119 21 December
448 768 53 20 1897
518 767 113 21 förordnat
646 767 123 21 Statistiska
781 767 147 27 centralbyrän
941 766 40 21 och

152 794 202 28 Industristyrelsen
370 798 31 18 att
416 799 134 24 gemensamt
564 797 96 26 uppgöra
677 803 25 13 en
719 795 49 28 plan
785 795 32 21 till
833 795 113 21 utförande
960 795 21 20 af

153 831 25 12 en
195 824 106 20 statistisk
317 826 89 25 enguöte
422 823 112 28 angående
551 823 260 22 arbetareförhällandena
827 827 55 17 samt
897 826 31 18 att
944 823 36 21 be-

153 851 65 21 räkna
235 851 143 22 kostnaderna
394 852 34 21 för
443 860 26 13 en
485 852 73 21 sädan.
584 852 120 29 Uppgiften
722 860 38 13 var
775 852 34 21 för
824 852 104 21 hvardera
939 859 43 14 em-

154 880 123 21 betsverket
300 888 39 20 ny;
361 881 35 20 det
417 881 38 20 har
477 881 94 21 fordrats
587 881 30 20 tid
634 881 34 20 för
683 884 31 18 att
729 883 55 19 sätta
799 881 34 27 sig
847 881 21 20 in
884 881 7 20 i
907 880 74 28 frägan

152 909 41 20 och
215 908 143 28 tillgodogöra
381 910 32 27 sig
438 909 41 21 den
496 909 127 26 erfarenhet,
639 917 44 13 som
700 911 5 19 i
724 909 65 21 andra
805 909 74 21 länder
895 909 86 21 vunnits

152 944 34 13 om
208 937 55 21 huru
286 945 25 13 en
335 937 65 22 sådan
418 940 89 26 engutte
523 937 67 22 borde
606 938 112 25 anordnas,
733 941 32 18 att
781 938 110 27 uppsamla
907 937 75 28 nödigt

152 965 96 21 material
273 966 4 20 i
303 965 53 22 form
376 966 22 21 af
413 966 108 27 formulär,
538 966 121 21 blanketter
674 970 39 17 ete.
745 966 36 22 Uti
799 966 26 21 de
841 966 79 25 länder,
935 973 46 14 som

152 1001 40 20 ega
207 995 79 20 största
302 994 66 21 likhet
384 995 47 20 med
448 995 52 23 värt,
517 995 38 21 har
570 995 71 21 denna
656 995 61 28 fräga
733 994 116 22 emellertid
867 994 65 21 ocksä
944 1001 37 14 va-

152 1023 28 20 rit
194 1023 82 26 ganska
300 1031 33 20 ny,
356 1023 40 21 och
416 1023 40 21 den
474 1023 121 22 erfarenhet
610 1031 45 13 som
671 1023 38 21 der
724 1024 93 25 vunnits,
832 1025 23 18 är
870 1023 47 21 icke
930 1027 51 16 stor.

152 1050 11 21 I
174 1050 91 28 Sverige
281 1059 37 13 var
333 1051 37 21 det
385 1052 54 21 först
456 1053 53 20 1897
526 1051 41 22 den
584 1053 67 20 första
667 1054 104 26 enguöten
788 1051 140 26 verkstäldes,
939 1051 40 21 och

152 1079 42 21 den
218 1079 118 21 omfattade
352 1080 76 21 endast
444 1081 145 27 bageriyrket;
605 1081 67 20 under
689 1081 54 21 1898
759 1081 110 20 fortsattes
885 1080 46 21 med
948 1084 32 17 to-

152 1108 178 21 baksfabrikerna
353 1109 40 21 och
417 1111 104 26 enguöten
538 1109 90 21 rörande
644 1109 27 21 de
687 1109 124 21 mekaniska
828 1108 153 22 verkstäderna

152 1138 23 19 är
197 1136 108 21 beräknad
328 1141 93 24 upptaga
444 1138 49 20 åren
519 1138 54 21 1899
597 1138 41 20 och
658 1138 60 21 1900.
749 1137 74 21 Såsom
840 1137 61 21 häraf
917 1144 63 21 synes

152 1165 96 21 kommer
271 1166 63 20 minst
355 1169 31 17 ett
408 1166 60 21 tiotal
489 1166 23 20 är
528 1169 32 18 att
575 1166 55 28 ätgä,
646 1167 64 20 innan
726 1168 104 26 enguöten
847 1166 74 20 hinner
936 1173 45 13 om-

152 1193 54 21 fatta
221 1194 42 20 alla
284 1194 72 27 yrken.
388 1194 96 28 Frägans
499 1202 158 20 gemensamma
674 1194 129 28 behandling
819 1194 23 21 af
857 1194 123 21 Statistiska

152 1222 149 28 centralbyrän
324 1222 40 21 och
387 1222 199 29 Industristyrelsen
603 1223 38 21 har
656 1223 70 28 dragit
743 1231 42 19 nog
800 1223 59 27 längt
874 1226 23 17 ut
913 1222 27 28 pä
955 1223 27 20 ti-

152 1250 48 26 den,
222 1254 110 24 upptagna
355 1258 45 14 som
424 1251 62 21 dessa
508 1252 136 20 embetsverk
660 1253 55 19 varit
730 1252 23 20 af
768 1252 74 27 frägor
856 1251 35 21 för
905 1251 74 27 dagen.

152 1278 71 21 Sedan
240 1279 96 21 material
352 1287 86 13 numera
455 1280 71 21 blifvit
542 1280 120 26 insamladt,
673 1282 23 18 är
708 1280 36 21 det
757 1280 38 20 vär
805 1280 66 27 afsigt
882 1283 31 17 att
923 1286 58 14 ome-

152 1306 84 22 delbart
251 1313 94 23 upptaga
362 1308 36 21 det
413 1316 158 20 gemensamma
587 1308 88 28 arbetet,
691 1308 40 22 och
747 1308 82 28 hoppas
843 1310 19 19 vi
875 1313 31 16 att
917 1309 64 19 innan

152 1343 120 13 sommaren
296 1336 71 21 kunna
391 1337 92 21 inlemna
508 1337 47 21 värt
570 1337 81 27 förslag
666 1337 32 21 till
713 1337 100 21 Senaten.
843 1336 32 21 Pä
890 1336 91 21 förhand

152 1364 36 20 vill
211 1364 35 28 jag
262 1366 56 26 säga,
334 1368 31 17 att
380 1366 35 26 jag
431 1366 6 20 i
454 1368 88 18 motsats
559 1366 30 20 till
607 1365 34 21 Hr
655 1366 55 20 Rein
727 1373 62 13 anser
805 1368 30 18 att
851 1364 130 22 inrättandet

151 1395 77 24 genast
250 1392 48 21 frän
322 1393 73 28 början
418 1394 23 20 af
461 1401 25 13 en
509 1394 23 20 sä
548 1394 107 27 tungrodd
671 1394 40 21 och
727 1394 78 28 dyrbar
820 1394 93 28 apparelj
936 1400 46 14 som

152 1420 40 21 den
217 1420 129 28 föreslagna,
369 1422 23 20 af
413 1422 97 21 arbetare
526 1422 40 21 och
583 1422 156 28 arbetsgifvare
755 1425 152 18 sammansatta
923 1422 60 20 kom-

152 1450 115 20 missionen
288 1450 47 20 icke
355 1458 50 13 vore
425 1451 101 27 lämpligt.
556 1450 64 22 Först
638 1450 66 21 sedan
723 1458 76 20 genom
820 1452 104 26 enguöten
941 1450 42 20 till-

151 1478 92 26 räckligt
260 1479 94 20 material
374 1479 115 25 insamlats,
504 1479 42 21 kan
563 1479 36 21 det
615 1479 67 21 blifva
699 1479 134 27 nödvändigt
848 1482 31 18 att
894 1478 89 21 tillsätta

151 1505 66 21 sådan
236 1506 36 21 för
292 1510 32 17 att
340 1507 105 21 behandla
462 1507 26 21 de
503 1507 80 28 frågor,
598 1508 32 20 till
647 1508 71 20 hvilka
733 1510 104 25 enguöten
854 1507 41 21 kan
911 1507 73 21 föran-
