1084 1778
211 117 101 17 Handeln
323 118 49 16 med
383 118 139 20 konstgjorda
533 118 189 20 gödslingsämnen
734 122 27 13 m.
774 122 26 12 m.
847 112 41 20 263

89 186 69 22 tolkas
178 186 96 25 sålunda,
288 189 23 25 ty
327 186 41 21 den
384 188 62 25 säger
461 186 21 28 ju
498 186 87 28 tydligt:
618 186 208 21 »Öfverenskomma
841 185 75 28 säljare

90 214 40 22 och
152 215 79 28 köpare
253 217 31 18 att
299 215 67 27 priset
380 215 34 20 för
429 214 175 28 gödslingsämne
620 214 55 21 skall
691 214 98 28 erläggas
805 214 55 21 efter
875 214 40 20 den

90 242 77 28 mängd
191 243 22 21 af
236 243 132 21 verksamma
394 242 162 22 beståndsdelar
575 243 51 21 eller
641 243 36 21 för
692 242 154 22 utsädesvaran
862 242 55 21 efter

88 271 38 21 det
141 271 119 28 procenttal
281 275 53 22 rent,
352 272 87 27 grobart
454 272 40 25 frö,
509 279 66 13 varan
591 271 36 21 vid
644 271 95 21 skeende
755 271 161 27 undersökning

90 300 93 21 befinnes
207 300 111 25 innehålla,
337 308 39 20 ege
391 300 56 22 hvad
463 301 7 20 i
486 301 12 20 2
514 301 13 26 8
543 308 34 13 om
594 300 87 28 uppgift
696 301 5 19 i
719 300 64 21 dessa
798 298 117 22 afseenden

88 328 87 28 stadgas
189 329 17 28 ej
219 328 153 29 tillämpning».
395 329 43 21 Det
448 330 24 19 är
482 328 84 22 således
577 332 78 18 endast
664 328 251 29 grobarhetsprocenten,

88 364 46 13 som
151 357 47 20 med
216 357 102 21 afseende
333 357 13 20 å
362 357 151 21 utsädesvaror
528 365 25 12 ur
567 358 99 27 garantin
683 357 92 27 bortgår.
796 357 68 20 Arten
876 356 40 21 och

88 385 71 21 halten
183 386 23 21 af
228 385 111 28 ogräsfrön
360 387 23 20 är
398 385 28 22 då
441 393 27 14 en
483 385 57 28 gång
556 385 35 21 för
606 385 41 21 alla
662 385 127 28 garanterad
806 385 40 21 och
862 384 54 21 blott

88 413 68 22 under
173 414 153 28 förutsättning
341 417 31 18 att
387 414 70 21 denna
472 415 84 27 garanti
572 416 24 19 är
611 414 66 28 riktig
692 414 97 21 kommer
803 415 67 27 priset
885 416 31 18 att

89 442 128 21 bestämmas
233 443 6 20 i
256 443 123 28 proportion
394 443 32 20 till
442 443 107 20 mängden
565 443 23 20 af
603 443 88 28 grobart
706 443 41 20 frö.

157 471 59 26 Men,
229 471 41 21 kan
284 479 47 13 man
343 471 66 28 fråga,
420 471 53 21 huru
484 471 55 22 skall
550 472 66 27 priset
627 471 135 25 bestämmas,
773 479 34 13 om
818 471 98 28 garantin

88 499 48 22 med
159 499 103 22 afseende
284 500 13 21 å
320 500 123 27 förorening
462 500 49 21 med
527 500 112 27 ogräsfrön
655 500 49 21 icke
719 501 24 20 är
757 500 70 27 riktig,
843 499 51 21 eller
909 500 6 20 i

88 528 83 21 hvilket
186 529 39 20 fall
241 529 37 20 har
294 530 93 27 köparen
403 528 103 29 rättighet
521 532 33 17 att
569 529 117 20 äterlemna
702 529 79 20 varan?
797 529 12 27 &
823 529 14 20 4
850 529 6 20 i
867 527 49 22 nåd.

88 564 60 21 prop.
164 557 41 21 och
221 557 123 22 Utskottets
360 557 136 21 betänkande
512 559 77 19 nämna
605 565 35 13 om
656 560 31 18 ett
700 557 75 28 lagligt
785 556 130 29 analysspel-

87 593 52 19 rum,
154 593 46 14 som
216 586 23 21 af
254 585 60 28 Kejs.
330 585 94 22 Senaten
440 585 103 22 särskildt
558 586 122 21 fastställes.
736 586 21 21 Vid
769 585 59 22 sidan
840 585 23 21 af
873 585 42 21 den

87 614 48 21 nåd.
151 622 60 21 prop.
227 614 37 21 har
280 614 119 22 Ständerna
414 615 33 20 till
463 615 132 28 upplysning
611 614 118 21 meddelats
745 617 31 18 ett
791 614 81 27 förslag
883 613 32 22 till

88 642 65 29 nådig
175 643 134 28 kungörelse,
332 643 132 21 beträffande
480 643 162 28 tillämpningen
659 643 23 21 af
697 643 70 21 denna
783 642 131 28 förordning.

88 671 66 21 Detta
178 671 86 28 förslag,
289 673 11 25 $
316 673 12 20 9
344 671 39 22 sid.
400 673 32 24 11,
455 673 88 20 nämner
565 672 70 21 såsom
657 671 76 28 lagligt
747 671 167 28 analysspelrum

87 700 33 20 för
140 700 37 20 säd
194 700 40 21 och
250 701 71 27 gröfre
336 700 98 28 gräsfrön
451 702 12 19 5
473 701 27 26 9/,
517 700 138 21 bruksvärde.
685 700 105 21 Hvarken
806 700 72 20 halten
893 699 22 21 af

87 728 149 28 föroreningar
258 729 52 21 eller
331 728 244 28 grobarhetsprocenten
599 728 87 22 anföras
709 728 107 22 särskildt.
852 728 63 21 Huru

87 756 55 21 skall
158 764 48 13 man
223 757 27 20 då
265 759 51 26 göra
332 758 5 19 i
354 757 36 21 det
406 757 146 28 föreliggande
567 757 67 26 fallet,
650 757 28 21 då
692 758 22 27 ju
731 758 17 27 ej
763 757 66 20 heller
840 756 75 21 bruks-

88 785 74 21 värdet
186 785 42 21 kan
250 786 6 20 i
279 785 167 28 garantibeviset
469 789 111 25 upptagas,
603 787 38 19 när
656 793 26 14 en
698 785 25 22 så
739 786 68 27 vigtig
821 785 72 20 faktor
908 785 7 20 i

87 813 119 22 detsamma
228 821 45 14 som
295 814 141 28 grobarheten
456 816 23 19 är
494 814 85 21 okänd?
608 814 44 21 Det
668 821 51 14 vore
735 814 35 21 väl
786 814 47 21 icke
849 813 66 28 omöj-

88 842 39 27 ligt
149 845 32 18 att
203 842 28 29 på
252 843 68 28 grund
344 843 22 20 af
382 843 186 28 bestämningarna
589 843 6 20 i
612 843 37 20 det
664 850 28 13 nu
707 841 147 29 föreliggande
871 841 44 21 för-

87 871 75 27 slaget,
177 872 6 19 i
199 871 102 21 händelse
317 871 23 21 af
354 872 59 25 tvist,
426 872 51 20 söka
491 875 24 18 ut
525 871 66 28 några
602 871 79 28 lagliga
692 871 145 21 bruksvärden
849 870 66 21 också

87 899 35 21 för
144 899 50 21 frön
210 901 6 20 i
232 899 70 28 fråga;
318 907 47 14 men
382 900 112 28 lösningen
511 900 72 21 blefve
598 900 95 21 hvarken
710 900 63 21 enkel
789 899 50 22 eller
855 902 60 18 otve-

87 927 67 29 tydig.
184 928 43 21 Om
250 936 48 13 man
321 928 46 21 åter
388 929 76 20 tänker
486 929 33 28 sig
534 928 42 21 den
593 929 137 28 möjligheten
746 931 31 18 att
793 929 12 26 &
821 929 12 20 9
850 929 6 20 i
872 927 43 22 för-

88 957 69 27 slaget
171 957 33 21 till
220 957 64 28 nådig
300 957 127 28 kungörelse
442 957 84 26 ändras,
542 957 24 21 så
581 960 32 18 att
627 958 7 20 i
650 957 71 21 stället
737 957 34 21 för
784 956 131 22 bruksvärde

88 985 69 21 skulle
180 985 80 22 införas
282 985 49 22 dess
353 986 57 21 olika
431 986 101 25 faktorer,
554 993 71 14 vunne
641 993 42 20 nog
699 986 48 21 icke
763 985 152 28 förordningen

88 1013 41 22 och
146 1014 49 21 dess
210 1015 135 27 tillämpning
359 1015 6 20 i
382 1015 105 27 enkelhet,
502 1018 51 17 utan
569 1016 98 19 tvärtom.

158 1043 51 20 Men
232 1043 64 21 äfven
312 1044 6 19 i
334 1043 37 21 det
391 1043 38 21 fall
445 1046 31 18 att
492 1043 106 27 mängden
615 1043 153 27 föroreningar,
783 1050 45 13 som
844 1041 50 28 ingå
909 1043 6 19 i

88 1073 32 18 ett
141 1070 97 29 fröparti,
261 1071 109 28 verkligen
394 1078 51 14 vore
469 1071 144 26 konstaterad,
635 1078 51 14 vore
702 1071 37 21 det
754 1071 56 21 dock
825 1070 48 21 icke
889 1070 27 28 på

88 1099 67 28 något
177 1101 43 19 sätt
235 1103 31 17 att
281 1100 86 20 förorda
383 1103 31 18 att
429 1101 67 27 priset
512 1100 71 21 blefve
599 1100 107 20 bestämdt
722 1100 5 20 i
745 1100 123 28 proportion
883 1098 33 21 till

88 1127 68 22 fröets
171 1128 121 28 grobarhet,
307 1131 51 18 utan
374 1131 31 18 att
420 1128 66 28 några
501 1130 88 26 gränser
605 1128 77 21 mellan
698 1128 76 28 säljare
785 1128 40 21 och
836 1128 80 28 köpare

88 1156 204 22 öfverenskommas.
321 1157 42 28 Jag
378 1160 60 25 tager
454 1158 44 27 mig
513 1157 91 21 friheten
622 1160 31 18 att
668 1158 77 20 nämna
758 1157 65 27 några
834 1157 6 20 i
853 1156 63 28 prak-

87 1185 60 21 tiken
163 1185 46 21 ofta
224 1185 174 21 återkommande
414 1186 106 21 exempel:
551 1186 43 20 Om
610 1193 26 13 en
652 1185 153 21 landtbrukare
816 1184 100 22 tillhand-

87 1213 33 21 lar
134 1215 33 27 sig
183 1217 31 18 ett
229 1214 95 28 fröparti,
340 1214 22 21 af
377 1214 83 22 hvilket
491 1222 26 13 han
533 1214 89 27 fordrat,
638 1217 31 18 att
690 1214 37 21 det
746 1214 55 21 skall
818 1220 39 21 gro
868 1212 48 22 med

88 1243 28 20 98
124 1242 34 27 %/o,
181 1242 41 22 och
244 1242 37 22 det
300 1242 120 22 sedermera
442 1243 102 25 befinnes,
559 1247 32 17 att
605 1242 142 28 grobarheten
763 1243 76 20 endast
855 1242 62 27 utgör

88 1271 28 21 95
125 1271 34 27 ?/,,
174 1274 51 18 utan
241 1274 31 18 att
286 1272 78 28 partiet
378 1271 56 21 dock
450 1271 119 21 innehåller
579 1271 66 28 några
655 1271 98 28 skadliga
763 1271 154 27 föroreningar,

88 1299 25 21 sä
135 1299 69 21 mäste
227 1300 34 21 väl
284 1307 43 21 nog
348 1300 94 28 köparen
465 1307 35 14 om
521 1300 41 21 ock
578 1307 79 21 ogerna
673 1302 94 26 mottaga
783 1300 78 28 partiet
876 1298 41 22 och

88 1328 58 21 finna
168 1328 34 28 sig
223 1328 114 28 godtgjord
362 1328 48 22 med
434 1336 26 14 en
476 1328 189 29 prisnedsättning,
680 1336 45 13 som
741 1331 119 18 motsvarar
875 1326 42 22 den

88 1356 113 22 minskade
216 1356 147 28 grobarheten.
387 1357 51 21 Men
454 1364 35 14 om
504 1358 221 27 groningsprocenten
741 1356 69 22 skulle
821 1356 95 21 befinnas

88 1384 72 29 nedgä
183 1386 57 20 ända
262 1386 32 20 till
310 1386 27 21 80
346 1386 34 27 %/,
394 1388 44 19 tror
453 1386 36 28 jag
504 1389 32 17 att
551 1386 91 27 mången
657 1385 141 28 jordbrukare
814 1385 39 21 alls
870 1384 47 21 icke

89 1414 51 20 ville
163 1413 66 22 hafva
252 1414 47 21 med
322 1414 48 21 hela
408 1415 62 20 partiet
490 1414 66 27 nägot
571 1417 31 18 att
617 1414 74 21 skaffa.
721 1414 33 27 Ty
770 1414 42 20 han
827 1416 43 23 vet,
886 1415 32 18 att

88 1441 38 21 det
141 1449 27 13 en
183 1442 58 28 gäng
256 1442 158 28 degenererade
429 1442 87 21 utsädet
531 1443 7 20 i
553 1442 68 21 bredd
634 1442 48 21 med
693 1441 98 22 minskad
802 1440 116 29 grobarhet

88 1470 67 21 äfven
178 1470 38 21 har
239 1470 97 22 minskad
360 1470 206 28 alstringsförmäga;
588 1470 42 21 han
653 1473 36 19 vet
704 1473 32 19 att
750 1470 41 21 han
808 1470 24 21 af
847 1469 71 21 denna

88 1498 99 22 sekunda
202 1506 51 14 vara
268 1499 48 21 icke
332 1506 38 14 ens
385 1499 49 21 med
449 1499 44 28 god
508 1499 79 21 skötsel
601 1499 41 21 kan
653 1498 131 28 frambringa
795 1497 90 23 skördar
895 1497 23 21 af
