1084 1786
320 129 258 20 Jernvägsbyggnaderna
589 129 8 16 i
609 129 78 16 landet.
851 123 37 20 191

92 196 76 25 65,000
185 196 65 25 mark,
266 203 25 13 en
308 204 77 18 annan,
400 204 45 13 som
462 196 34 21 för
511 198 13 19 8
539 196 24 21 år
578 195 66 22 sedan
662 196 53 28 köpt
730 204 25 13 en
772 196 97 27 lägenhet
885 195 34 21 för

93 224 89 24 125,000
198 224 65 26 mark,
274 224 67 21 erhöll
351 224 36 22 vid
396 225 187 27 expropriationen
593 232 25 13 en
628 225 119 27 ersättning
756 224 23 21 af
791 225 75 26 55,000
877 224 40 21 och

91 252 94 21 försälde
202 252 84 28 nyligen
303 252 131 28 egendomen
452 253 33 21 för
501 254 90 25 170,000
606 254 65 20 mark.
702 253 12 21 TI
729 253 116 21 allmänhet
854 260 63 20 synes

91 281 37 20 det
142 288 45 13 som
204 288 33 13 om
254 281 35 20 vid
306 284 72 18 senast
398 281 122 21 verkstälda
542 282 324 27 expropriationsförrättningar
887 280 30 21 lä-

92 309 258 27 genhetsinnehafvarena
366 309 103 21 tilldömts
480 309 37 22 det
528 309 80 21 dubbla
624 309 76 22 värdet
716 309 51 22 eller
778 317 55 13 mera
847 309 22 21 af
881 309 36 20 det

92 337 26 28 pä
142 340 58 18 orten
224 337 108 28 gängbara
356 339 66 27 priset
444 338 33 21 för
497 338 82 28 jorden,
599 341 30 18 att
646 339 47 20 icke
708 338 43 21 tala
767 345 33 14 om
816 337 26 22 de
858 340 59 18 extra

91 367 175 26 ersättningarna,
281 366 38 21 der
335 374 47 13 man
399 366 42 21 kan
456 368 51 26 säga
522 369 32 18 att
568 367 112 27 lindrigast
693 366 64 28 sagdt
772 367 95 26 oskäliga
879 373 38 13 an-

91 394 63 28 språk
178 394 122 27 framstälts,
323 395 27 20 dä
374 403 47 13 man
445 398 59 25 tager
519 396 6 20 i
542 395 140 21 betraktande
706 395 27 21 de
751 398 57 18 stora
824 394 94 21 fördelar

92 422 265 28 lägenhetsinnehafvaren
378 431 78 20 genom
484 424 127 27 jernvägens
634 423 105 22 tillkomst
766 423 88 22 bereder
879 423 38 26 sig.

92 451 42 21 Det
150 453 60 26 säges
226 454 32 18 att
272 455 14 18 t.
302 459 32 14 ex.
350 452 34 21 vid
401 452 85 21 Torneä
502 452 69 21 banan
587 452 76 21 värdet
677 452 24 21 af
716 452 128 21 medelstora
859 451 58 21 hem-

92 487 46 13 man
156 480 35 20 vid
209 480 116 28 beräkning
340 481 23 20 af
378 481 108 20 arealerna
502 481 67 28 enligt
583 481 217 28 jordeboksregistret
815 480 40 21 och
868 479 47 22 med

92 508 26 21 de
134 509 50 27 pris,
199 516 45 13 som
260 508 66 22 äsatts
342 509 74 28 jorden
433 509 36 21 vid
486 510 192 27 expropriationen,
701 509 83 21 komme
800 512 31 18 att
846 508 70 28 uppgä

92 537 30 20 till
139 537 27 27 1/,
182 537 72 28 miljon
271 538 58 20 mark
346 538 51 21 eller
412 545 63 19 mera,
496 537 69 22 under
579 537 35 22 det
631 541 32 18 att
678 537 37 22 det
730 538 95 27 verkliga
841 537 76 21 värdet

93 567 23 19 är
132 565 65 28 några
212 566 61 21 tiotal
288 569 62 18 tusen
366 566 65 21 mark.
461 566 44 21 Det
524 566 124 21 nuvarande
664 568 65 19 sättet
744 568 23 19 är
782 566 72 21 derför
869 565 48 22 icke

92 594 89 21 allenast
203 594 193 21 demoraliserande
419 595 35 20 för
477 595 153 27 befolkningen
655 598 52 18 utan
731 597 138 26 uppmuntrar
885 594 30 20 till

91 622 135 28 spekulation
243 623 4 20 i
264 622 128 28 lägenheter,
408 630 45 14 som
466 623 85 21 komma
559 626 32 18 att
600 623 85 21 beröras
694 623 23 21 af
725 623 192 28 expropriationen.

162 651 35 21 Uti
221 652 37 20 sitt
280 651 134 21 betänkande
436 652 38 20 har
496 652 194 27 jernvägskomiten
706 652 64 28 jemte
787 659 24 13 en
828 651 87 21 relation

91 679 48 27 (sid.
162 680 82 20 18—22
261 680 5 20 i
283 680 41 21 bet.
348 680 42 21 N:o
411 681 19 23 3)
454 680 22 20 af
497 680 258 28 expropriationsfrägans
771 679 145 27 utveckling
904 675 16 37 i

91 708 90 27 Sverige
204 708 116 21 framhällit
335 708 188 28 nödvändigheten
549 712 31 17 att
602 708 63 22 äfven
690 708 39 22 hos
748 716 35 14 oss
798 708 52 21 söka
865 708 52 20 ned-

92 736 74 28 bringa
182 736 143 22 kostnaderna
347 737 33 21 för
398 738 186 27 expropriationen
601 737 22 21 af
639 737 59 21 mark
715 737 35 21 vid
766 740 81 18 statens
862 737 55 27 jern-

91 767 65 25 vägar
177 768 55 18 samt
254 765 134 28 möjligheten
412 766 22 20 af
454 769 32 17 att
500 773 26 13 en
543 766 35 20 del
594 766 23 20 af
632 765 70 21 denna
718 766 65 27 utgift
798 765 71 21 kunde
885 764 32 21 öf-

91 794 96 20 verföras
210 794 27 28 pä
259 794 26 20 de
308 794 126 21 kommuner
449 794 51 21 eller
515 794 105 28 enskilda,
635 794 74 21 hvilka
724 796 94 19 närmast
833 794 84 20 komme

91 825 31 17 att
137 822 23 20 af
176 822 69 21 banan
262 823 5 20 i
284 822 60 28 fråga
367 822 64 22 hafva
454 830 62 20 gagn.
547 822 44 22 Det
609 823 144 21 rationellaste
769 830 51 13 vore
837 822 33 21 väl
886 825 31 17 att

91 850 51 28 följa
163 850 101 28 Sveriges
288 851 95 27 exempel
406 851 41 21 och
468 851 44 21 helt
532 851 41 21 och
595 851 66 22 hället
675 851 100 21 ähvälfva
793 851 125 21 kommuner

91 879 51 21 eller
158 879 97 21 enskilda
270 879 122 28 skyldighet
408 883 30 17 att
454 880 68 20 lemna
547 880 59 20 mark
629 883 51 17 utan
700 880 118 27 ersättning
832 879 31 20 till
881 879 36 20 be-

91 907 69 21 slutad
177 908 148 27 statsjernväg.

159 935 44 22 För
218 937 42 20 min
277 936 34 21 del
328 938 22 19 är
366 937 35 27 jag
416 936 127 28 öfvertygad
561 936 72 21 derom
651 939 36 24 att,
703 936 46 21 ifall
764 936 69 28 nägon
850 935 66 21 sädan

91 964 121 29 skyldighet
234 965 116 27 uppställes
365 965 70 21 säsom
456 965 70 21 vilkor
541 965 34 21 för
590 965 123 28 byggandet
728 965 23 21 af
766 973 24 13 en
809 965 60 25 bana,
883 971 34 14 re-

90 992 42 21 dan
148 993 76 28 många
240 993 98 21 enskilda
353 993 33 21 för
402 996 31 18 att
448 993 76 28 främja
539 993 106 28 företaget
660 993 61 22 skola
739 993 84 28 skynda
838 993 33 27 sig
886 995 31 18 att

90 1021 88 28 erbjuda
201 1021 74 28 nödigt
297 1021 86 22 område
406 1025 55 18 samt
483 1025 32 18 att
536 1022 152 21 kommunerna
711 1023 26 27 pä
760 1022 59 27 långt
843 1023 38 19 när
896 1021 18 27 ej

90 1050 60 21 skola
174 1050 104 28 betungas
300 1050 47 21 med
364 1051 26 20 de
406 1051 67 28 dryga
494 1051 230 28 ersättningsanspräk,
739 1059 45 12 som
801 1057 26 14 nu
843 1049 73 22 ställas

90 1078 27 28 pä
133 1078 87 21 kronan.

158 1107 52 21 Man
227 1107 71 21 kunde
314 1110 45 18 mot
373 1107 163 28 ifrägavarande
548 1107 81 28 förslag
639 1108 101 21 anmärka
751 1111 31 17 att
793 1107 122 28 derigenom

91 1135 101 28 beginges
208 1143 25 14 en
250 1138 102 19 orättvisa
374 1139 57 18 emot
446 1136 27 21 de
489 1136 128 27 landsdelar,
635 1143 45 14 som
697 1138 56 19 ännu
769 1138 36 19 äro
822 1137 5 19 i
843 1135 72 21 afsak-

90 1164 40 21 nad
146 1164 24 21 af
184 1165 88 27 jernväg
288 1165 40 20 och
344 1164 72 21 hvilka
432 1165 55 20 efter
502 1167 31 18 att
549 1165 64 21 hafva
626 1165 117 21 beskattats
756 1165 34 20 för
803 1163 112 22 utförande

90 1192 22 20 af
126 1192 113 28 jernvägar
254 1194 5 19 i
276 1192 69 28 öfriga
368 1192 58 22 delar
449 1193 23 21 af
494 1193 73 21 landet
589 1201 28 13 nu
641 1193 80 21 erhölle
736 1200 26 14 en
780 1191 136 28 betungande

90 1224 58 17 extra
166 1221 138 28 beskattning
318 1222 35 20 för
368 1221 95 21 banorna
478 1229 77 20 genom
571 1222 38 20 sitt
624 1225 49 24 eget
688 1221 93 21 omräde.
811 1221 105 21 Häremot

90 1249 39 20 kan
146 1249 92 27 anföras,
254 1252 31 18 att
300 1249 63 22 dessa
379 1249 129 22 landsändar
527 1249 66 22 redan
609 1249 47 22 haft
671 1253 45 18 stor
731 1253 60 25 nyttä
806 1249 23 21 af
845 1248 70 21 bestä-

90 1276 53 22 ende
158 1277 119 28 jernvägar,
293 1277 74 22 hvilka
388 1279 76 20 nästan
486 1278 137 21 uteslutande
638 1280 87 26 utgöras
741 1278 22 21 af
779 1277 136 27 nödvändiga

89 1305 127 27 stambanor,
239 1309 55 18 samt
316 1309 32 18 att
370 1314 24 13 en
410 1309 78 26 ytterst
503 1306 66 28 nödig
583 1307 41 21 och
640 1307 69 28 nyttig
725 1307 78 20 reform
819 1306 48 21 icke
882 1305 35 21 för

89 1333 79 22 sådana
186 1335 180 28 betänkligheters
388 1335 55 21 skull
467 1335 38 21 bör
520 1335 81 21 lemnas
617 1335 12 21 å
644 1335 47 21 sido
715 1335 51 21 eller
789 1334 126 29 uppskjutas

88 1363 31 20 till
135 1363 73 27 längre
224 1363 61 27 fram,
300 1366 23 25 ty
339 1363 123 28 derigenom
479 1363 72 22 blefve
567 1365 118 20 orättvisan
701 1365 26 20 än
738 1365 74 20 större.

158 1391 35 21 Då
207 1392 35 27 jag
258 1391 47 22 icke
322 1392 41 21 kan
379 1395 33 18 tro
428 1395 31 18 att
475 1391 119 22 Ständerna
611 1392 60 21 skola
687 1393 70 27 åtnöja
773 1393 34 26 sig
822 1390 48 22 med
885 1393 32 18 att

89 1419 67 22 under
171 1420 143 21 instundande
330 1420 107 28 fyraåriga
452 1420 143 28 finansperiod
613 1421 77 28 bevilja
706 1421 68 20 medel
790 1419 77 22 endast
881 1419 35 20 för

88 1449 41 20 den
152 1449 60 20 korta
234 1448 184 21 ödemarksbanan
439 1449 33 20 till
493 1449 92 28 Kajana,
603 1452 50 18 utan
669 1450 6 20 i
691 1449 101 21 samband
809 1448 48 21 med
873 1447 41 22 den

89 1477 47 20 nåd.
152 1484 58 20 prop.
226 1477 110 21 dessutom
358 1477 60 21 skola
441 1477 82 21 besluta
545 1477 154 27 lifskraftigare
718 1478 149 27 utgreningars
883 1479 32 17 ut-

88 1504 89 22 förande
192 1505 32 21 till
240 1504 48 22 vårt
302 1506 144 27 jernvägsnät,
459 1505 67 28 vågar
546 1506 41 28 jag,
603 1508 50 18 utan
670 1508 32 18 att
717 1513 56 13 mera
789 1504 127 28 detaljeradt
