1081 1761
270 121 159 17 Kreditanstalt
439 120 34 17 för
484 121 83 16 mindre
577 120 149 21 jordbrukare.
857 113 26 21 89

84 187 48 21 från
148 188 73 28 början
238 188 53 21 sund
308 188 126 28 utveckling
450 188 40 21 och
505 188 130 28 utbredning
650 188 23 21 af
688 188 42 21 den
741 187 34 21 för
785 187 37 21 det
832 186 80 22 sociala

84 216 64 22 lifvet
163 216 164 28 betydelsefulla
343 217 48 21 idén
408 218 31 20 uti
455 216 41 22 den
513 216 112 22 motsedda
640 217 62 27 lagen
719 224 33 13 om
769 215 115 27 andelslag.

154 246 11 20 I
181 245 49 21 stöd
245 245 23 21 af
283 245 57 21 hvad
356 246 21 20 vi
393 245 90 22 sålunda
498 245 72 21 anfört
585 245 23 21 få
619 246 20 20 vi
651 245 39 21 hos
701 244 160 28 Ridderskapet
872 243 40 21 och

85 273 70 22 Adeln
172 274 110 21 vördsamt
298 274 83 21 anhålla
397 282 35 13 om
447 274 38 21 det
499 274 114 27 höglofliga
629 274 97 21 ståndets
740 274 98 26 benägna
854 271 59 21 med-

85 302 81 21 verkan
182 302 32 21 till
230 309 26 14 en
272 302 134 28 underdånig
421 303 89 28 petition
527 302 80 21 derhän

362 361 38 25 att,
416 359 36 28 för
466 360 41 20 den
523 359 102 21 händelse
639 366 26 13 en
675 357 239 23 centralkreditanstalt

293 388 36 27 för
343 388 137 28 främjandet
493 388 28 27 af
533 388 24 21 de
573 388 88 21 mindre
670 387 186 28 jordbrukarenes
867 386 46 20 kre-

293 417 101 27 ditbehof
405 417 49 21 med
469 419 29 18 ett
509 417 269 27 organisationsprogram
792 415 10 20 i
817 415 96 26 hufvud-

293 446 40 21 sak
354 445 239 28 öfverensstämmande
615 445 50 21 med
682 445 59 20 hvad
755 444 69 27 ofvan
838 443 73 28 fram:

293 474 76 21 hållits
391 475 97 20 kommer
504 474 35 21 till
553 474 66 21 stånd
634 473 39 22 och
689 473 97 27 befinnes
801 473 112 20 motsvara

293 503 40 21 sitt
354 503 106 20 ändamål
482 504 59 19 samt
558 502 92 27 erbjuda
665 502 66 27 nödig
745 501 97 28 garanti,
858 501 50 20 den-

293 538 87 14 samma
395 531 67 21 måtte
477 531 10 20 i
501 531 54 21 mån
566 531 28 27 af
602 531 67 27 behof
675 531 181 20 subventioneras
866 535 46 14 me-

293 561 45 20 dels
361 560 38 21 lån
421 560 30 27 af
468 560 125 21 statsmedel
614 559 115 28 äfvensom
750 565 29 14 ur
797 558 117 21 allmänna

293 589 69 20 medel
380 588 95 21 tilldelas
493 588 77 28 bidrag
589 588 35 21 till
639 588 128 21 bekostande
782 587 29 27 af
822 586 92 28 förvalt-

293 617 90 27 ningen.

156 674 139 28 Helsingfors
311 674 41 21 den
367 675 13 20 8
396 674 102 21 Februari
517 674 61 21 1900.

159 730 49 22 Otto
228 730 79 22 Wrede.
636 730 88 28 August
738 730 106 26 Ramsay.

157 816 63 21 Efter
235 816 142 29 uppläsandet
393 816 23 21 af
431 816 59 21 detta
505 815 212 30 petitionsmemorial
732 815 85 28 yttrade

157 873 58 21 Frih.
238 873 27 21 O.
288 874 26 20 A.
338 873 116 21 Wrede:
484 873 171 21 Petitionärerna
678 873 65 20 hafva
765 872 48 21 icke
832 872 33 20 för
882 872 33 26 sig

88 902 83 20 kunnat
194 902 56 27 dölja
272 901 103 28 farhägan
399 905 32 17 att
453 902 41 20 den
513 902 140 27 anmärkning
668 901 100 27 möjligen
785 900 84 21 komme
884 902 32 18 att

88 930 128 21 framställas
240 933 57 18 emot
319 931 125 27 petitionen,
466 933 32 18 att
518 930 122 21 densamma
656 931 23 19 är
694 929 34 21 för
743 929 64 27 tidigt
823 928 70 26 väckt,
908 929 7 19 i

88 958 38 22 det
148 962 31 18 att
198 959 95 21 hvarken
313 966 24 14 en
357 958 66 22 sädan
440 958 238 26 centralkreditanstalt,
693 958 88 21 hvarom
797 957 118 28 petitionen

88 987 96 26 handlar,
195 989 56 19 ännu
268 988 102 20 existerar
385 988 52 20 eller
452 990 31 18 att
498 987 27 21 de
540 988 78 27 lagliga
629 987 205 27 förutsättningarna
845 986 34 20 för
889 992 26 14 en

88 1016 67 21 sådan
172 1017 56 19 ännu
244 1016 120 26 förefinnas,
380 1016 24 21 sä
419 1016 63 28 länge
498 1017 21 20 vi
535 1018 57 18 ännu
608 1016 48 20 icke
672 1023 39 20 ega
722 1022 25 14 en
760 1015 39 27 lag,
811 1022 45 13 som
868 1013 48 21 ord-

88 1052 39 13 nar
149 1044 239 21 andelsverksamheten
411 1045 6 20 i
441 1044 78 22 landet.
549 1044 51 21 Men
624 1052 45 13 som
693 1043 67 21 kändt
778 1043 96 21 kommer
889 1042 27 21 de

88 1074 107 20 närmaste
211 1073 94 27 dagarna
321 1076 31 18 att
366 1074 32 20 till
414 1073 119 21 Ständerna
549 1073 83 21 utdelas
649 1072 65 28 nädig
733 1072 132 28 proposition
882 1078 34 14 om

88 1102 35 27 lag
146 1101 133 21 beträffande
303 1102 246 24 andelsverksamheten,
571 1102 41 20 och
635 1101 23 21 sä
681 1104 60 18 snart
759 1100 70 21 denna
844 1100 35 27 lag
894 1099 23 21 af

88 1130 122 21 Ständerna
225 1130 96 21 kommer
336 1133 31 18 att
383 1130 116 21 behandlas
515 1130 40 21 och
572 1131 75 20 vinner
662 1129 65 27 nädig
740 1128 144 26 stadfästelse,
894 1130 23 18 är

88 1158 37 21 det
141 1160 114 25 meningen
270 1162 33 17 att
318 1158 23 21 fä
355 1159 33 20 till
403 1159 64 20 ständ
483 1167 26 12 en
525 1158 66 21 sädan
608 1158 155 26 kreditanstalt,
779 1164 45 14 som
840 1158 6 19 i
862 1158 54 26 peti-

88 1187 73 20 tionen
178 1187 92 21 beröres.
295 1187 35 21 Dä
345 1187 108 21 dessutom
469 1187 120 21 Ständerna
605 1187 48 21 icke
669 1187 84 20 komma
769 1189 31 18 att
811 1193 106 13 samman-

88 1215 61 21 träda
168 1215 44 21 förr
230 1217 28 19 än
277 1215 54 21 först
347 1215 55 21 efter
417 1216 47 27 fyra
480 1215 29 26 år,
525 1215 65 21 hafva
605 1216 166 27 petitionärerna
786 1215 48 20 icke
850 1213 67 21 riske-

88 1247 34 18 rat
139 1244 116 28 uppskjuta
274 1245 117 27 petitionen
411 1245 32 20 till
459 1251 26 14 en
501 1244 110 21 obestämd
628 1243 93 27 framtid,
737 1246 22 25 ty
776 1242 104 21 behofvet
894 1241 24 21 af

89 1279 25 14 en
131 1272 157 27 kreditanstalt,
304 1273 89 20 baserad
409 1272 28 29 på
453 1273 41 20 den
510 1273 141 28 kooperativa
663 1273 118 27 principen,
792 1279 45 13 som
849 1270 68 21 skulle

88 1301 116 27 tillgodose
227 1301 27 21 de
274 1301 81 21 mindre
373 1301 168 28 jordbrukarena
557 1301 48 21 med
621 1301 136 20 driftskredit
771 1299 42 22 och
828 1299 90 21 sålunda

89 1329 72 21 stärka
177 1329 62 22 deras
256 1330 139 21 ekonomiska
410 1329 235 28 utvecklingsförmåga
661 1331 23 18 är
699 1329 66 21 altför
779 1331 46 18 stor
842 1327 34 21 för
886 1330 32 18 att

88 1358 74 21 kunna
178 1358 82 28 skjutas
275 1358 61 21 åsido
352 1358 39 21 och
407 1358 48 21 icke
471 1361 84 18 snarast
570 1359 82 27 möjligt
666 1357 133 28 tillgodoses.
824 1356 41 28 Jag
881 1355 36 22 vå-

88 1393 38 20 gar
142 1386 74 21 derför
231 1387 109 21 vördsamt
355 1387 91 27 anhålla,
457 1390 32 17 att
498 1387 124 27 Höglofliga
633 1387 26 20 R.
670 1393 18 14 o.
699 1387 26 20 A.
736 1385 106 28 välvilligt
853 1384 65 21 måtte

89 1417 95 25 upptaga
207 1415 143 21 förevarande
373 1416 90 26 petition
486 1415 40 21 och
550 1415 100 21 befordra
673 1415 49 20 dess
744 1415 76 20 remiss
835 1413 32 21 till
885 1416 34 17 ut-

88 1443 66 21 skott.
176 1443 42 27 Jag
233 1446 61 25 tager
304 1444 44 27 mig
362 1443 92 21 friheten
471 1444 6 20 i
493 1443 77 21 sådant
585 1443 38 21 fall
638 1442 80 22 föreslå
733 1443 75 21 remiss
819 1442 32 20 till
862 1441 56 27 Lag-

89 1471 41 21 och
146 1471 221 28 Ekonomiutskottet,
386 1471 32 21 dit
433 1471 67 22 också
515 1471 108 22 sannolikt
638 1471 42 21 den
697 1471 78 27 nådiga
791 1469 127 29 propositio-

89 1507 41 13 nen
147 1499 111 28 angående
273 1500 36 27 lag
324 1507 33 14 om
374 1499 239 22 andelsverksamheten
630 1500 95 21 kommer
740 1502 31 18 att
786 1498 132 28 hänskjutas.
