1081 1798
187 130 40 21 198
426 138 25 16 R.
464 142 18 13 o.
495 138 22 16 A.
530 138 62 17 1900.
616 138 13 16 9
642 138 65 16 Mars.

157 203 78 29 tydligt
250 204 90 22 hänföra
356 206 33 26 sig
403 205 32 21 till
450 208 31 18 ett
496 207 56 20 visst
567 206 90 21 embete.
686 206 43 22 Om
744 206 37 28 jag
795 206 48 21 icke
854 208 56 19 orätt
921 206 60 21 fattat

156 232 132 22 innebörden
309 234 30 20 uti
362 233 162 28 Lagutskottets
548 242 29 14 nu
599 235 75 28 gjorda
697 234 119 26 redaktion,
839 234 71 22 kunde
933 241 48 14 man

157 260 61 22 deraf
233 261 62 27 sluta,
310 264 31 18 att
355 264 15 19 t.
385 270 32 13 ex.
432 263 93 27 lottning
540 263 78 21 mellan
634 263 117 21 ledamöter
767 263 54 21 skall
837 263 75 27 afgöra
927 262 54 22 hvil-

156 289 42 21 ken
214 290 23 20 af
252 290 48 21 dem
316 290 53 21 skall
384 294 156 25 transporteras
555 292 31 20 till
603 292 143 27 underrätten,
762 292 7 20 i
784 292 103 20 händelse
903 291 78 21 antalet

156 318 186 26 ledamotsplatser
356 319 53 21 skall
426 320 101 26 minskas,
543 320 72 21 derest
630 320 48 22 icke
693 320 34 21 för
743 321 44 27 mig
801 320 108 21 obekanta
924 319 57 22 stad-

155 347 85 27 ganden
256 347 72 27 finnas,
343 347 76 22 hvaraf
434 348 78 28 tydligt
528 348 125 29 framginge,
668 352 32 18 att
715 349 36 21 det
767 350 6 20 i
789 348 77 22 sådant
881 348 37 22 fall
927 348 53 21 skall

156 382 50 14 vara
222 375 42 21 den
278 378 82 25 yngsta.
389 376 42 28 Jag
446 377 41 21 kan
503 377 119 21 tillsvidare
635 377 129 21 åtminstone
780 377 48 21 icke
839 377 56 21 finna
905 376 76 22 redak-

156 404 72 21 tionen
244 404 25 21 af
283 405 13 26 &
312 406 12 20 3
339 404 204 23 tillfredsställande.

223 460 59 22 Frih.
303 462 25 21 R.
347 462 26 21 A.
389 462 105 22 Wrede:
525 463 45 21 Det
584 464 23 20 är
623 470 43 20 nog
680 463 81 27 riktigt,
777 470 46 14 som
839 463 41 21 den
896 465 84 19 senaste

155 489 64 21 ärade
234 490 81 21 talaren
331 490 102 27 anmärkt,
449 494 32 18 att
503 491 130 28 stadgandet
648 492 6 20 i
670 492 12 20 3
701 494 10 24 $
728 491 109 21 såtillvida
851 492 80 21 företer
953 499 26 13 en

155 518 69 26 lucka,
239 526 46 14 som
301 518 37 22 der
353 519 47 21 icke
416 521 94 22 nämnes,
525 520 74 21 hvilka
614 520 138 21 medlemmar
767 520 23 21 af
805 520 108 21 hofrätten
930 527 49 14 vore

155 546 98 28 skyldiga
268 550 32 18 att
314 547 88 28 öfvergå
417 548 32 21 till
465 548 81 22 sådana
561 548 135 28 nyinrättade
712 549 85 27 platser,
813 556 33 14 om
857 548 74 22 hvilka
943 548 37 21 här

155 576 23 20 är
199 575 68 28 fråga.
297 576 50 21 Men
370 576 153 28 Lagutskottet
543 577 38 21 har
604 580 77 23 ansett,
701 580 32 18 att
755 577 133 28 stadganden
907 577 72 21 härom

154 603 73 22 blefve
243 604 65 21 altför
322 604 114 29 vidlyftiga
451 608 32 18 att
497 606 70 21 införa
583 606 6 20 i
605 606 70 20 denna
698 606 129 28 författving
841 606 41 20 och
897 608 31 18 att
944 605 36 21 det

154 634 24 19 är
192 632 130 29 lämpligare,
337 633 34 26 då,
386 640 34 14 om
436 641 26 14 en
478 634 66 21 sådan
561 634 182 21 domstolsreform
766 641 45 14 som
827 634 38 21 här
879 634 101 21 förutsät-

154 663 33 18 tes
203 661 95 21 kommer
320 664 31 18 att
374 662 141 27 genomföras,
531 662 264 28 öfvergångsstadganden
813 663 40 20 och
869 662 110 21 deribland

154 690 96 20 närmare
268 690 156 28 bestämningar
445 699 34 12 om
497 691 136 21 hesättandet
647 691 24 21 af
686 699 41 20 nya
745 692 90 27 tjenster
850 692 6 19 i
872 691 40 21 alla
929 691 50 20 hän-

154 717 70 22 delser
247 718 68 21 blifva
335 718 85 28 nödiga,
442 722 31 18 att
495 719 42 22 den
559 719 68 28 fråga,
647 727 46 14 som
716 719 34 22 Hr
773 719 108 22 Mechelin
903 720 76 26 berört,

154 746 69 21 skulle
239 750 104 25 upptagas
358 748 7 20 i
380 747 62 22 dessa
467 748 164 28 bestämningar.
661 748 46 21 Här
727 748 138 26 förekomma,
881 755 34 14 om
931 755 47 14 man

153 775 77 20 tänker
252 777 33 26 sig
310 775 40 22 den
374 776 162 29 öfverflyttning
558 777 47 21 utaf
627 777 86 20 domare
729 777 32 20 till
777 784 40 21 nya
833 777 85 28 platser,
933 784 44 13 som

154 803 36 21 vid
205 803 107 22 reformen
328 804 67 21 måste
411 813 39 20 ega
465 813 53 20 rum,
535 805 66 21 också
620 805 51 21 flere
691 805 66 21 andra
773 805 76 21 luckor
862 808 59 18 utom
937 805 41 20 den

154 831 22 21 af
198 832 34 21 Hr
255 832 107 22 Mechelin
383 833 116 22 anmärkta.
529 834 52 21 Men
604 833 123 28 syftemålet
749 833 48 21 med
821 833 58 21 detta
894 833 85 21 författ-

153 861 145 28 ningsförslag
312 861 38 21 har
365 862 48 21 icke
429 863 54 20 varit
499 865 31 18 att
545 862 98 21 meddela
659 870 26 14 en
701 862 127 28 fullständig
839 862 105 27 reglering
956 862 23 21 af

154 889 26 21 de
196 889 154 26 förhållanden,
366 897 45 15 som
427 891 84 21 komma
527 893 31 19 att
573 891 90 26 inträffa,
679 894 50 18 utan
745 891 67 28 syftet
827 891 38 21 har
877 891 54 21 varit
942 898 36 14 en-

152 917 49 21 dast
216 921 32 18 att
262 920 52 26 göra
336 918 37 22 det
396 920 82 28 möjligt
493 922 31 18 att
540 919 88 28 vidtaga
643 920 27 20 de
686 920 105 27 åtgärder,
806 927 45 13 som
867 919 28 21 då
911 919 67 21 blifva

152 946 144 28 nödvändiga,
318 947 40 21 och
381 947 68 22 denna
473 948 109 28 möjlighet
605 948 76 21 vinnes
701 948 131 27 derigenom,
847 950 31 18 att
893 948 86 20 författ-

152 975 168 28 ningsförslaget
335 976 92 28 stadgar,
442 979 32 18 att
489 984 26 13 en
531 976 35 22 del
586 976 86 22 domare
687 978 37 19 äro
743 976 98 28 skyldige
857 979 31 18 att
904 976 74 28 utbyta

152 1002 27 22 de
194 1003 98 22 embeten
307 1004 27 21 de
349 1004 28 21 då
392 1005 116 21 innehafva
523 1008 45 18 mot
589 1005 66 21 andra
677 1005 105 26 embeten,
797 1012 46 14 som
858 1004 37 22 vid
910 1004 67 22 refor-

151 1039 49 14 men
222 1032 85 22 komma
332 1036 31 18 att
384 1034 95 20 inrättas.
509 1033 66 21 Hvad
598 1033 101 21 särskildt
722 1033 101 21 beträffar
845 1033 42 21 den
906 1033 23 21 af
944 1033 33 21 Hr

150 1060 110 22 Mechelin
284 1061 89 21 berörda
395 1061 82 29 frågan,
499 1062 77 21 tänker
597 1063 36 27 jag
655 1063 43 27 mig
720 1065 31 18 att
776 1061 118 29 tillgången
909 1062 68 20 skulle

151 1088 69 22 blifva
236 1089 73 27 sådan,
324 1092 32 18 att
370 1090 28 21 dä
413 1090 27 21 de
456 1090 211 29 ordförandeplatser
682 1092 7 19 i
705 1090 113 28 kollegiala
840 1090 138 26 underrätter,

151 1116 88 22 hvarom
255 1118 7 21 i
277 1118 70 21 denna
363 1119 13 27 $
391 1119 60 27 talas,
473 1119 122 28 antagligen
619 1119 84 21 komma
719 1122 32 18 att
767 1119 65 21 blifva
848 1118 49 22 vida
912 1118 65 21 högre

150 1145 97 22 aflönade
263 1148 26 19 än
305 1146 213 30 ledamotsplatserna
533 1148 7 20 i
555 1147 81 21 hofrätt
651 1149 44 25 äro,
711 1147 63 21 dessa
783 1147 80 28 platser
879 1148 6 20 i
901 1126 76 48 sjelfva

150 1174 76 22 verket
248 1175 83 21 komme
352 1178 32 18 att
406 1176 150 21 eftersträfvas
571 1176 24 21 af
609 1176 144 21 hofrätternas
776 1176 122 20 ledamöter.
927 1175 50 21 Och

150 1202 29 22 då
193 1202 38 22 det
246 1203 90 21 sålunda
350 1204 67 28 gäller
433 1207 32 18 att
479 1204 80 28 afgöra,
579 1204 64 22 hvem
659 1212 45 14 som
722 1211 51 14 vore
791 1204 117 28 berättigad
925 1206 31 18 att
970 1204 7 20 i

150 1231 90 21 främsta
255 1235 91 18 rummet
360 1232 85 22 komma
461 1234 6 20 i
483 1233 78 21 åtanke
583 1232 36 22 vid
637 1232 135 22 besättandet
787 1232 23 21 af
825 1232 26 21 de
867 1240 41 20 nya
923 1232 54 28 plat-

150 1266 69 20 serna,
234 1260 70 21 skulle
318 1261 137 28 naturligtvis
470 1261 27 21 de
512 1262 7 20 i
533 1261 107 28 grundlag
655 1260 105 29 stadgade
776 1260 201 28 befordringsgrun-

150 1288 66 21 derna
238 1288 70 28 följas.
338 1289 43 21 Om
404 1289 28 29 på
455 1289 59 22 detta
537 1292 42 19 sätt
595 1290 46 21 icke
657 1290 41 21 alla
713 1290 80 28 platser
809 1289 72 21 blefve
894 1289 83 21 besatta

150 1316 48 22 med
221 1316 211 23 hofrättsledamöter
454 1319 41 21 och
520 1318 199 28 häradshöfdingar,
742 1318 74 21 hvilka
841 1318 135 27 naturligtvis

150 1344 66 22 ocksä
231 1345 69 22 skulle
316 1347 94 27 aspirera
425 1346 28 28 pä
468 1346 81 22 sädana
564 1346 86 29 platser,
665 1346 28 21 dä
707 1346 57 21 först
779 1346 72 21 kunde
862 1346 37 21 det
910 1346 66 21 blifva

149 1373 61 28 fråga
232 1381 36 13 om
290 1374 162 29 öfverflyttniny
472 1375 48 21 utaf
542 1375 211 21 hofrättsledamöter
773 1374 67 22 också
855 1377 44 19 mot
914 1374 62 21 deras

148 1402 58 27 vilja,
222 1402 42 21 och
278 1402 28 21 dä
321 1404 23 19 är
375 1406 21 18 det
410 1404 103 27 gifvetvis
529 1404 27 20 de
570 1406 85 25 yngsta,
670 1403 27 21 de
712 1410 46 14 som
781 1406 73 18 senast
875 1402 80 21 inträdt
969 1404 7 19 i

149 1430 100 25 embetet,
272 1438 45 14 som
340 1431 60 21 detta
422 1431 68 28 tväng
509 1431 66 22 borde
591 1431 87 22 drabba.
707 1431 45 21 Det
767 1431 126 28 stadgande,
908 1438 45 14 som
969 1432 6 19 i

149 1459 59 20 detta
231 1459 103 21 afseende
357 1459 72 22 hblefve
452 1460 139 27 nödvändigt,
614 1460 39 21 har
667 1459 63 28 dock,
746 1467 47 14 som
809 1460 34 27 jag
857 1459 66 22 redan
939 1467 37 13 an-

148 1486 50 27 fört,
214 1487 48 22 icke
278 1488 33 21 sin
325 1489 57 20 rätta
396 1489 57 28 plats
468 1489 6 20 i
490 1488 71 21 denna
573 1488 136 28 författning,
718 1489 70 20 utan
781 1482 10 39 i
814 1495 12 14 de
836 1487 139 29 öfvergängs-

148 1515 142 28 stadganden,
313 1523 46 14 som
382 1517 6 20 i
410 1517 102 21 samband
536 1517 47 21 med
606 1517 107 21 reformen
739 1516 73 22 blefve
833 1516 142 29 nödvändiga.
