1081 1792
179 118 41 20 268
413 125 25 17 R.
452 130 18 12 o.
483 125 24 17 A.
521 125 62 17 1900.
608 125 27 17 28
647 125 65 17 Mars.

220 192 44 21 För
280 192 37 22 det
332 192 68 22 första
415 193 68 21 skulle
497 193 70 21 denna
583 193 34 21 för
628 193 161 21 vederbörande
801 193 126 21 kommuner
937 193 40 21 och

150 220 93 22 rederier
258 221 24 21 sä
294 222 82 27 vigtiga
386 222 38 21 sak
436 222 68 21 blifva
517 222 84 28 afgjord
613 223 65 20 minst
690 230 27 13 en
729 222 190 28 landtdagsperiod
927 222 49 21 tidi-

149 256 51 21 gare
220 251 26 19 än
263 250 66 21 enligt
348 250 37 22 det
404 252 42 20 sätt
461 251 116 21 Allmänna
592 251 201 21 Besvärsutskottet
807 250 96 22 föreslår.
934 250 42 22 För

150 277 38 22 det
195 278 67 21 andra
270 278 68 22 skulle
349 278 41 22 den
399 279 34 28 lag
440 287 35 13 om
484 281 122 25 vattenrätt,
615 287 45 13 som
673 279 54 21 skall
736 283 96 24 antagas,
841 279 68 21 blifva
917 281 58 19 ännu

150 306 164 29 fullständigare
336 308 40 21 och
399 308 48 21 icke
473 308 94 21 behöfva
588 308 65 21 redan
676 311 31 18 ett
722 316 38 20 par
775 308 24 21 är
814 308 56 21 efter
884 308 33 21 sin
932 308 43 21 till-

150 335 72 21 komst
244 335 95 29 undergå
362 337 98 27 partiella
483 336 156 29 förändringar.
669 336 53 22 Med
743 336 40 22 full
805 336 124 28 anslutning
944 336 32 21 till

150 363 42 22 den
209 364 23 21 af
247 364 114 22 Allmänna
376 365 202 21 Besvärsutskottet
593 365 96 21 uttalade
705 365 140 28 önskningen,
858 368 32 18 att
899 372 76 21 genom

151 392 132 22 Ständernas
294 393 128 22 medverkan
434 397 31 18 ett
475 394 118 28 lagförslag
603 394 70 21 skulle
684 394 68 25 ernäs,
760 394 67 28 vägar
835 394 36 28 jag
879 393 62 27 dock,
964 393 12 21 pä

150 421 69 28 grund
230 422 24 20 af
264 422 56 21 hvad
328 423 35 28 jag
371 430 28 14 nu
408 423 77 28 anfört,
495 422 110 22 vördsamt
613 422 80 22 föreslå
700 426 32 18 att
737 422 26 22 R.
772 430 19 14 o.
799 423 26 21 A.
834 423 65 20 innan
907 397 70 59 beslut

150 451 7 20 i
172 450 77 28 frågan
265 451 63 21 fattas
344 451 50 22 ville
409 451 130 22 öfversända
555 451 145 22 betänkandet
715 451 31 22 till
758 451 219 22 Vattenrättsutskot-

149 481 33 19 tet
199 479 49 21 med
264 480 105 21 anmodan
385 483 31 18 att
430 483 50 24 taga
498 480 70 21 under
583 480 138 28 ompröfning
736 480 40 21 och
792 481 6 20 i
815 481 68 20 sinom
899 480 30 21 tid
945 481 31 20 in-

150 508 84 21 komma
253 509 48 20 med
317 509 80 28 förslag
412 510 6 20 i
434 509 83 28 frågan,
532 509 105 21 huruvida
653 509 145 28 vintersjöfart
813 509 41 21 och
865 509 112 27 vinterväg

150 537 28 28 på
192 537 18 20 is
226 537 42 21 kan
284 545 62 14 anses
361 538 51 21 falla
427 538 68 21 under
511 539 155 20 vattenrättens
679 537 86 22 område
781 537 41 22 och
838 537 57 28 förty
911 537 65 21 borde

150 565 23 21 af
185 565 241 22 Vattenrättsutskottet
442 566 117 21 behandlas
578 567 3 20 i
597 567 153 27 sammanhang
765 566 48 21 med
829 565 42 22 den
887 566 32 21 till
930 566 47 21 det-

150 601 80 14 samma
246 594 128 29 hänskjutna
390 595 48 21 nåd.
454 603 60 20 prop.

220 652 35 21 Hr
270 652 73 29 Georg
359 652 149 22 Schauman
546 653 112 21 förenade'
667 653 33 28 sig
716 652 47 21 med
780 652 34 21 Hr
829 653 99 28 Ramsay.

219 709 35 21 Hr
276 710 55 21 Emil
354 710 23 21 af
399 710 188 21 Hällström:
618 710 61 21 Minä
702 709 120 29 puolestani
846 710 49 21 voin
916 711 60 26 myös

149 738 65 28 yhtyä
234 738 88 29 tehtyyn
338 739 153 21 ehdotukseen.
522 739 71 21 Mutta
609 739 67 21 koska
692 742 77 17 tuntuu
785 738 49 21 siltä
847 738 50 21 kuin
913 738 63 21 Ylei-

151 774 40 13 nen
208 767 213 21 Valitusvaliokunta
444 768 19 21 ei
486 767 47 22 olisi
551 768 92 28 tietänyt
659 769 78 19 mitään
753 767 48 21 siitä
817 767 159 25 ehdotuksesta,

150 795 64 28 jonka
233 796 197 21 tientekorasitusta
454 796 76 21 maalla
554 796 161 21 käsittelemään
731 798 93 19 asetettu
840 795 93 22 komitea
947 803 27 13 on

150 824 81 28 tehnyt,
247 825 84 28 pyydän
348 825 64 20 saada
428 825 139 21 huomauttaa
582 826 83 20 asiasta.
696 825 107 20 Mainitun
820 824 107 21 komitean
939 823 37 22 eh-

150 853 128 21 dotuksessa
297 861 27 13 on
344 854 40 21 100
400 854 13 27 &
429 855 49 20 näin
495 853 104 22 kuuluva:
632 853 51 22 »Jos
700 853 87 28 yleinen
802 853 83 20 talvitie
901 860 74 13 menee

151 881 73 28 poikki
240 882 73 27 järven
330 883 28 20 tai
374 890 64 13 muun
455 883 103 25 vesistön,
572 883 44 28 jota
632 882 134 29 höyrylaivat
777 882 112 27 käyttävät
899 881 76 21 kulku-

151 910 90 28 väylänä
258 911 91 26 talvella,
365 911 78 21 olkoon
459 911 161 21 tientekolahko
641 911 104 27 velkapää
761 910 67 21 niihin
844 909 131 29 paikkoihin,

151 939 64 20 missä
231 939 139 28 höyrylaivan
386 939 131 28 kulkuväylä
533 939 110 22 katkaisee
658 940 51 24 tien,
727 939 122 20 laittamaan
865 939 20 28 ja
899 939 76 28 ylläpi-

150 969 84 19 tämään
258 968 135 21 siirtonaisen
416 968 62 21 sillan
502 969 29 20 tai
551 968 98 28 myöskin
673 967 79 22 muulla
773 967 104 29 sopivalla
896 967 79 21 tavalla

150 996 113 21 tekemään
278 996 110 28 ylipääsön
404 998 55 20 siinä
477 997 166 21 mahdolliseksi.
673 996 38 22 Jos
727 996 176 21 tientekolaholle
919 998 56 19 tästä

150 1025 74 21 koituu
240 1025 160 29 melkoisempia
417 1026 162 26 kustannuksia,
597 1025 153 21 annettakooni
762 1026 49 20 siitä
827 1024 147 22 kohtuullinen

150 1053 166 21 korvausmäärä
331 1054 232 21 tientekovelvollisille
573 1054 97 28 yleisistä
680 1054 100 20 varoista.
810 1052 104 22 Sellaisen
928 1053 47 21 kor-

150 1082 95 21 vauksen
271 1082 56 21 haku
350 1090 27 14 on
399 1084 104 26 jätettävä
525 1082 166 22 Kuvernöörille
713 1083 21 27 ja
754 1082 58 20 tulee
827 1082 70 20 hänen
913 1089 61 13 oman

150 1110 140 22 lausuntonsa
306 1111 75 21 ohessa
392 1111 93 21 lähettää
498 1119 23 13 se
533 1111 101 21 Senaatin
648 1111 189 25 Talousosastoon,
851 1110 48 21 joka
911 1110 62 21 tutkii

150 1140 60 20 asian
225 1140 22 27 ja
263 1140 146 20 asianhaarain
426 1140 90 21 mukaan
533 1143 63 18 antaa
608 1141 53 20 siinä
673 1140 160 27 määräyksen<.
849 1114 126 57 Käsittääk-

150 1168 45 20 seni
220 1168 50 20 tällä
293 1168 79 21 tavalla
394 1169 45 20 asia
462 1169 135 28 järjestetään
621 1168 120 21 molemmin
762 1168 73 28 puolin
851 1167 123 21 kohtuuden

150 1196 99 26 mukaan,
270 1197 20 27 ja
310 1198 32 26 jos
358 1204 22 14 se
396 1198 57 20 vielä
468 1200 86 18 otetaan
570 1196 191 22 vesioikeudenkin
778 1196 100 21 kannalta
894 1196 83 21 tarkas-

150 1225 117 21 tettavaksi
291 1226 63 20 näillä
376 1226 160 28 valtiopäivillä,
552 1227 44 19 niin
612 1227 45 20 asia
673 1233 26 13 on
715 1228 76 18 saanut
807 1232 38 13 sen
860 1224 117 27 ratkaisun,

149 1254 44 27 jota
208 1261 23 13 se
247 1254 52 20 tällä
314 1254 74 21 kertaa
403 1254 82 28 kaipaa.
515 1254 28 21 Se
560 1262 37 13 osa
612 1255 85 25 asiasta,
712 1254 50 28 joka
778 1253 80 21 kuuluu
871 1253 105 21 tienteko-

150 1282 186 26 velvollisuuteen,
358 1284 19 20 ei
399 1284 81 27 tietysti
503 1284 35 20 voi
559 1283 52 21 tulla
632 1282 145 25 ratkaistuksi,
797 1284 68 18 mutta
885 1283 56 19 tämä
957 1282 18 21 ei

150 1312 52 23 estä,
226 1312 45 20 että
292 1311 154 21 ilmaantuneet
468 1312 117 20 vaikeudet
607 1310 154 23 vesioikeuden
782 1310 101 22 kannalta
901 1314 75 17 saavat

150 1339 114 28 lopullisen
280 1340 116 21 ratkaisun.

218 1396 60 22 Frih.
292 1397 26 21 R.
334 1398 27 20 A.
381 1397 111 21 Wrede
513 1397 145 21 understödde
675 1397 34 21 Hr
723 1396 106 28 Ramsays
845 1396 81 28 förslag
941 1403 35 14 om

150 1424 102 22 ärendets
267 1426 75 20 remiss
358 1426 32 20 till
408 1425 249 23 Vattenrättsutskottet.

219 1482 35 21 Hr
268 1482 232 22 Wallensköld:
531 1482 74 22 Ehuru
627 1483 36 27 jag
685 1482 34 22 för
738 1483 43 20 min
801 1482 35 21 del
851 1482 48 21 icke
915 1488 62 14 anser

150 1513 31 19 att
204 1510 76 29 frägan
302 1518 33 14 om
360 1512 173 29 vintersjöfarten
557 1511 44 22 stär
623 1512 6 20 i
651 1511 24 22 sä
693 1513 52 20 nära
760 1510 153 28 sammanhang
928 1510 48 21 med
