1081 1786
202 125 40 20 160
442 133 24 16 R.
480 137 17 12 o.
509 133 25 16 A.
547 133 62 16 1900.
633 133 28 16 23
673 133 61 16 Febr.

174 198 44 22 Vid
243 199 77 21 sädant
334 200 135 21 förhällande
485 200 41 22 och
542 200 29 21 dä
586 200 70 21 dertill
674 201 101 25 kommer,
790 202 31 19 att
837 207 26 13 en
880 200 23 20 af
917 200 83 20 utskot-

174 231 40 17 tets
239 228 137 22 medlemmar
399 228 103 29 derjemte
525 231 24 19 är
571 228 108 22 ordinarie
702 228 90 22 medlem
812 229 6 20 i
842 228 159 28 Lagutskottet.

172 256 80 22 tilläter
275 258 35 27 jag
332 258 44 27 mig
398 258 109 20 vördsamt
522 258 120 23 hemställa,
657 260 32 18 att
704 258 26 20 R.
746 265 18 13 o.
779 258 27 20 A.
822 257 51 21 ville
889 256 111 29 uppdraga

173 285 23 20 åt
210 286 48 20 sina
280 286 105 20 elektorer
404 289 32 17 att
451 289 48 18 utse
515 286 126 28 ytterligare
657 294 26 13 en
699 286 115 28 suppleant
829 286 6 20 i
853 285 148 22 Vattenrätts-

173 313 111 22 utskottet.

242 370 71 21 Sedan
330 373 22 19 R.
365 379 18 13 o.
396 372 26 20 A.
433 371 29 29 pä
477 371 34 22 Hr
522 371 221 21 Landtmarskalkens
753 370 158 28 framställning
924 369 78 22 bifallit

173 399 32 20 till
221 399 37 21 det
274 400 22 20 af
310 399 57 22 Frih.
383 407 41 14 von
441 400 58 21 Born
515 400 76 28 gjorda
607 400 109 27 förslaget,
728 399 135 29 uppmanade
875 399 34 20 Hr
919 398 83 21 Landt-

174 427 133 22 marskalken
324 429 126 21 valmännen
466 432 31 18 att
513 429 108 28 möjligast
635 432 60 18 snart
706 431 45 18 utse
763 428 123 28 ytterligare
907 435 26 13 en
951 435 50 20 sup-

172 456 74 28 pleant
261 457 6 20 i
285 456 246 23 Vattenrättsutskottet.

418 555 201 27 Bankfullmäktiges
635 554 124 23 berättelse.

242 610 69 21 Bland
327 611 26 21 R.
368 618 18 14 0.
402 612 38 20 A:s
465 612 136 21 medlemmar
624 611 55 21 hade
703 612 92 20 utdelats
819 614 55 18 samt
889 610 111 27 föredrogs

174 638 40 21 och
239 638 113 22 bordlades
376 640 31 20 till
423 642 61 20 nästa
499 641 86 27 plenum
601 640 104 21 Finlands
721 640 102 21 Ständers
839 640 163 20 Banktullmäk-

173 668 54 26 tiges
256 667 119 22 Berättelse
401 669 32 20 till
459 669 131 21 Ständernas
615 669 152 25 Bankutskott,
796 668 132 22 omfattande
950 668 50 20 åren

174 696 53 20 1897
240 691 80 35 —1899.

244 794 80 20 Likaså
340 794 113 22 bordlades
470 796 31 20 till
517 797 62 19 nästa
594 795 85 28 plenum

243 850 58 29 Lag-
324 852 40 20 och
379 852 225 21 Ekonomiutskottets
623 852 134 21 betänkande
777 852 43 20 N:o
838 852 9 20 1
865 852 6 19 i
887 850 115 28 anledning

174 878 22 21 af
211 879 49 21 nåd.
276 887 59 20 prop.
346 880 42 21 N:o
399 882 18 24 6,
428 880 112 28 angående
550 881 107 27 reglering
669 880 22 21 af
703 880 160 22 klockarenes
880 880 40 20 och
933 879 69 27 orgel-

173 908 106 20 nisternes
295 909 5 19 i
318 908 83 21 landets
418 909 245 28 evangelisk-lutherska
678 909 151 27 församlingar
844 908 118 27 aflöning;

243 965 114 21 Allmänna
372 965 212 22 Besvärsutskottets
601 966 135 21 betänkande
753 965 40 21 N:o
810 966 11 20 1
835 966 6 19 i
852 964 115 28 anledning
980 964 22 21 af

173 995 31 18 ett
219 993 6 20 i
241 993 182 28 Borgareständet
438 995 66 21 väckt
520 995 183 28 petitionsförslag
719 1002 34 13 om
769 993 233 28 privatskollärares

173 1021 41 21 och
236 1021 140 22 -lärarinnors
399 1025 42 19 rätt
465 1023 31 21 till
526 1023 234 28 tjensteärsberäkning
779 1022 36 21 vid
831 1021 119 28 öfvergäng
969 1021 32 21 till

173 1052 81 19 statens
271 1051 72 20 skolor
358 1055 55 17 samt
428 1059 35 14 om
482 1052 197 28 privatskollärares
701 1051 133 28 delaktighet
849 1051 6 20 i
871 1050 130 21 skolstatens

173 1078 65 21 enke-
254 1079 40 21 ech
309 1080 142 27 pupillkassa;
474 1083 55 18 samt

242 1136 168 28 Delegationens
434 1137 35 21 för
493 1137 79 21 värden
597 1137 22 21 af
641 1137 26 21 de
683 1137 128 22 Antellska
835 1136 166 27 samlingarna

174 1163 114 22 berättelse
304 1165 32 20 till
352 1165 126 22 Ständerna.

243 1260 34 21 Hr
291 1261 208 22 Landtmarskalken
515 1262 142 27 tillkännagaf
672 1264 31 19 att
719 1262 63 27 plena
797 1261 68 21 under
875 1263 48 18 näst
934 1261 67 28 päföl-

173 1288 63 26 jande
253 1289 69 21 vecka
336 1289 85 22 komme
437 1294 32 17 att
485 1298 38 21 ega
536 1298 45 13 rum
597 1291 71 27 tisdag
684 1290 39 20 och
740 1289 76 27 fredag
832 1289 26 20 kl.
876 1291 11 19 7
904 1297 17 13 e.
937 1297 25 12 m.

242 1386 90 21 Plenum
349 1387 120 22 afelutades
485 1388 26 21 kl.
529 1389 38 20 7.30
582 1395 17 14 e.
616 1395 25 13 m.

784 1443 23 18 In
819 1442 66 18 fidem:

742 1477 49 21 Clas
806 1485 19 13 v.
846 1477 83 21 Collan.
