1084 1795
192 127 40 21 100
436 134 23 16 R.
472 138 16 12 o.
502 134 25 16 A.
540 133 62 18 1900.
627 134 26 16 10
665 134 62 16 Febr.

164 201 133 22 olikheterna
319 202 56 21 inom
399 202 63 21 dessa
484 201 64 22 ledde
563 202 136 28 smäningom
715 203 32 20 till
763 202 184 28 arbetsgifvarnes
962 202 32 21 af-

162 229 63 28 gång.
256 229 118 29 Slitningar
396 231 76 21 mellan
496 231 156 28 arbetsgifvare
675 231 41 21 och
735 231 98 21 arbetare
850 231 92 28 begynte
957 231 37 21 allt

162 258 70 50 a
255 258 132 22 förekomma
408 259 40 21 och
471 259 100 22 urartade
594 259 102 28 slutligen
719 260 32 20 till
775 267 26 14 en
817 259 86 28 formlig
918 260 77 27 sträjk-

162 295 100 20 epidemi.

231 315 75 22 Ehuru
329 317 122 21 arbetarnes
475 317 144 28 organisation
643 317 108 21 härunder
775 317 76 21 visade
873 317 34 28 sig
922 317 6 20 i
943 317 51 20 flera

163 344 118 21 afseenden
307 345 119 28 bristfällig,
448 345 129 22 framträder
592 345 42 21 den
650 345 57 21 dock
723 353 46 14 som
785 353 26 14 en
827 346 65 26 makt,
907 345 86 22 hvilken

163 373 115 21 alvarsamt
293 374 74 27 tyckes
383 374 50 21 hota
449 374 118 21 industrins
583 375 65 27 lugna
663 374 132 28 utveckling.

232 402 35 21 Dä
290 402 69 21 härtill
382 403 95 21 kommer
500 405 32 19 att
554 403 51 21 flere
627 403 210 28 arbetaretidningar
858 403 6 20 i
882 402 48 21 värt
944 402 49 21 land

164 438 77 20 genom
266 431 127 28 fortgäende
408 431 67 21 anfall
491 435 45 17 mot
551 432 41 20 den
609 439 19 13 n.
644 439 19 13 v.
679 431 232 27 samfundsordningen
927 433 68 25 syste-

162 459 88 21 matiskt
265 462 89 26 uppreta
370 460 118 23 arbetarne,
503 462 23 18 är
542 460 37 21 det
594 460 19 28 ej
630 463 31 17 att
676 460 93 21 förväna
784 460 34 28 sig
833 460 63 20 öfver
911 467 33 13 om
960 467 33 13 ar-

163 488 148 27 betsgifvarne
327 490 35 19 äro
379 488 101 22 betänkta
497 488 28 28 pä
540 492 32 17 att
587 488 154 22 sammansluta
753 489 34 27 sig
803 489 6 20 i
825 489 169 27 organisationer

162 516 92 21 afsedda
278 520 32 18 att
332 517 78 21 bereda
432 517 70 29 skydd
526 517 34 21 för
583 518 130 27 öfvergrepp
735 517 49 21 från
803 517 123 21 arbetarnes
941 516 52 22 sida.

163 544 86 22 Sädana
274 547 214 27 sammanslutningar
509 546 66 21 hafva
587 545 67 22 redan
670 546 29 28 pä
714 546 57 20 olika
787 548 57 18 orter
859 546 89 20 kommit
962 545 31 21 till

162 573 64 21 ständ
249 574 41 21 och
312 574 122 22 arbetarnes
457 575 110 27 agressiva
590 574 97 28 hällning
710 574 61 21 torde
788 574 85 21 komma
888 577 31 18 att
934 574 59 28 gifva

162 602 56 21 ökad
235 603 73 28 styrka
323 603 22 21 ät
360 603 183 28 arbetsgifvarnes
559 602 352 28 sammanslutningssträfvanden.

232 631 76 22 Under
330 632 94 28 antydda
447 632 149 21 förhållanden
620 634 23 18 är
659 631 37 21 det
711 632 64 28 högst
791 631 109 21 sannolikt
915 634 31 18 att
961 638 33 14 ar-

164 660 132 28 betsgifvare
319 660 40 22 och
381 660 97 22 arbetare
500 660 39 22 hos
562 668 42 18 oss,
619 660 44 21 lika
679 668 45 13 som
741 660 128 26 utomlands,
885 660 60 21 skola
960 660 34 20 stä

162 688 142 22 förskansade
332 694 44 16 mot
400 689 121 21 hvarandra
551 690 5 20 i
588 689 95 28 mäktiga
708 690 177 27 organisationer,
909 688 84 22 hvilkas

162 720 74 25 styrka
259 717 95 21 kommer
369 721 31 17 att
416 718 52 21 ökas
485 719 6 19 i
507 726 82 13 samma
605 725 49 14 mon
671 725 45 13 som
732 718 27 20 de
776 718 105 20 intressen
897 717 26 21 de
939 717 54 21 före-

162 745 61 21 träda
239 747 62 20 växa.

232 774 42 28 Jag
297 775 36 21 vill
356 776 18 27 ej
398 775 90 21 förneka
508 778 31 18 att
555 775 72 21 starka
643 775 218 27 sammanslutningar
876 774 69 22 skilda
960 774 34 21 för

162 803 158 27 arbetsgifvare
336 804 40 20 och
391 804 97 20 arbetare
504 804 48 21 icke
568 804 72 20 kunna
655 811 52 13 vara
722 804 85 27 nyttiga
822 803 36 21 vid
875 802 120 22 ordnandet

162 832 24 20 af
200 831 163 22 förhållandena
386 833 57 21 inom
466 832 114 27 industrin,
595 840 48 14 men
659 832 102 21 tillvaron
777 832 24 21 af
815 832 81 21 sådana
911 832 84 27 organi-

162 861 95 20 sationer
279 860 83 22 medför
384 861 65 21 äfven
472 861 64 27 faror,
559 864 23 25 ty
605 861 42 21 den
669 868 46 14 som
731 862 24 20 är
770 860 52 22 eller
837 863 44 18 tror
897 861 32 27 sig
944 868 50 13 vara

162 889 58 20 stark
236 889 94 21 förledes
346 890 44 23 lätt,
406 890 28 27 på
448 891 43 19 sätt
506 890 65 20 bittra
587 889 146 21 erfarenheter
748 890 55 25 visa,
816 889 33 20 till
859 889 135 28 öfvergrepp.

233 917 31 21 Vi
288 917 72 22 kunna
375 917 90 22 sålunda
481 918 68 21 blifva
564 921 81 18 utsatta
660 918 35 21 för
709 917 141 22 ekonomiska
865 917 129 21 förvecklin-

162 953 44 20 gar,
229 946 74 21 hvilka
326 946 96 21 medföra
437 947 48 21 icke
501 946 90 21 allenast
606 946 102 21 oerhördt
723 949 58 18 stora
797 946 117 21 materiella
929 945 65 22 förlu-

162 977 44 18 ster
229 975 34 20 för
287 975 54 20 både
364 975 156 28 arbetsgifvare
544 975 41 21 och
608 975 105 25 arbetare,
732 978 51 17 utan
800 974 102 29 därjemte
918 974 76 21 mellan

162 1003 62 21 dessa
247 1003 67 28 skapa
329 1003 34 21 för
378 1003 112 22 samhället
504 1003 99 28 skadliga
618 1003 157 21 förhållanden.
805 1003 33 28 Ty
853 1003 68 21 under
936 1003 59 21 kam-

163 1039 40 20 pen
220 1031 28 28 på
264 1031 37 22 det
316 1032 139 21 ekonomiska
470 1032 97 21 området
581 1032 40 28 går
636 1032 37 21 det
689 1032 46 21 ofta
750 1031 25 22 så
790 1035 31 18 att
837 1032 42 21 den
891 1031 103 28 segrande

163 1063 75 24 parten
255 1061 7 20 i
278 1061 47 20 stöd
341 1061 23 20 af
379 1061 32 20 sin
427 1061 73 28 styrka
517 1061 128 21 bestämmer
660 1061 161 20 fredsvilkoren
837 1063 51 18 utan
901 1063 31 18 att
944 1063 50 25 taga

162 1088 104 28 tillbörlig
282 1089 80 28 hänsyn
379 1089 31 21 till
426 1089 57 22 hvad
498 1090 95 21 rättvisa
609 1089 41 21 och
667 1089 99 28 billighet
782 1089 70 28 bjuda.

232 1117 47 21 Allt
301 1125 45 14 som
370 1118 40 21 kan
434 1120 62 26 göras
519 1118 34 21 för
576 1121 31 18 att
626 1117 76 22 mildra
717 1117 184 29 intressekampen
917 1117 76 21 mellan

162 1146 172 28 arbetsgifvarne
356 1146 41 22 och
420 1147 112 21 arbetarne
556 1147 40 21 och
619 1146 106 22 förbättra
749 1146 63 22 deras
834 1146 106 28 ställning,
956 1146 38 21 bör

162 1174 73 21 derför
252 1175 104 21 försökas.

232 1203 54 21 Men
302 1206 31 18 att
348 1204 127 21 härutinnan
491 1204 62 21 träffa
569 1204 37 21 det
620 1206 56 18 rätta
692 1206 23 18 är
731 1204 116 27 ingalunda
863 1211 26 13 ep
901 1204 38 20 lätt
950 1203 44 26 sak,

162 1231 29 21 då
214 1231 37 21 det
273 1232 67 28 gäller
362 1236 30 17 ett
412 1232 44 22 helt
471 1233 62 21 lands
550 1232 134 22 industriella
699 1232 155 27 förhållanden,
869 1232 73 21 hvilka
958 1232 35 21 be-

162 1262 48 19 röra
233 1260 49 21 icke
305 1261 89 21 alienast
414 1262 173 27 arbetsgifvarne
603 1261 40 21 och
659 1261 119 27 arbetarne,
794 1264 50 18 utan
861 1260 28 28 pä
903 1262 42 20 sätt
961 1261 33 21 of-

162 1296 43 13 van
222 1288 134 29 framhållits,
372 1290 48 20 hela
435 1290 118 21 samhället.

231 1317 35 21 En
290 1318 145 28 oundgänglig
458 1318 154 28 förutsättning
634 1318 35 21 för
690 1320 31 19 att
736 1318 64 21 dessa
816 1318 57 21 olika
889 1318 104 21 intressen

162 1345 62 21 skola
241 1346 72 21 kunna
330 1346 67 21 blifva
412 1347 130 27 tillbörligen
559 1346 106 21 beaktade
681 1348 22 19 är
719 1346 119 21 emellertid
854 1349 32 18 att
900 1346 42 21 alla
957 1346 37 21 det

162 1373 135 22 industriella
320 1375 93 21 arbetets
436 1375 169 28 socialpolitiska
628 1375 47 21 sida
695 1374 117 22 berörande
828 1375 79 27 frågor,
921 1374 72 21 hvilka

163 1402 69 21 blifva
255 1403 90 21 föremål
364 1403 34 22 för
413 1403 131 28 behandling
559 1403 39 22 hos
614 1403 83 22 landets
713 1403 91 28 styrelse
820 1403 41 21 och
876 1403 117 28 folkrepre-

162 1432 116 26 sentation,
289 1431 140 22 underkastas
445 1432 136 28 omsorgsfull
597 1432 118 27 beredning
731 1433 58 20 inom
806 1439 26 13 en
846 1431 71 21 härtill
928 1431 66 28 lämp-

162 1459 30 28 lig
207 1461 128 20 institution.

232 1489 34 20 En
282 1489 67 21 sådan
366 1490 120 20 institution
502 1489 72 21 kunde
590 1489 91 21 erhållas
697 1497 78 20 genom
791 1489 130 21 tillsättande
933 1488 23 21 af
967 1496 25 13 en

163 1516 139 23 kommission
319 1517 34 21 för
369 1517 130 28 behandling
514 1517 23 22 af
552 1517 177 28 arbetarefrågor.
