1084 1764
164 107 42 21 200
408 114 24 17 R.
446 118 18 12 o.
477 114 25 17 A.
516 114 62 17 1900.
603 114 13 16 9
628 114 65 17 Mars.

133 175 81 38 frängä
229 181 166 49 uppfattningen
406 184 31 19 att
446 181 157 29 indragningen
613 181 41 22 och
665 181 50 22 dess
725 181 109 29 påföljder
845 181 51 21 böra
908 181 56 28 gälla

137 209 59 21 vissa
212 212 98 19 embeten
326 209 40 22 och
382 209 26 22 de
424 218 108 20 personer,
547 217 46 14 som
609 210 116 21 innehafva
741 209 115 22 desamma.

205 266 34 21 På
254 266 68 28 grund
338 267 23 20 af
376 266 41 22 den
428 267 113 21 förefallna
551 267 149 22 diskussionen
709 267 125 21 framstälde
842 267 34 21 Hr
884 266 80 22 Landt-

137 294 136 22 marskalken
288 295 32 21 till
336 295 101 22 Ståndets
453 295 134 22 besvarande
603 303 26 14 en
645 296 25 21 så
684 295 93 29 lydande

359 371 379 29 Omröstningsproposition:

206 428 41 27 De,
269 428 73 22 hvilka
362 429 114 28 godkänna
499 430 13 27 $
533 431 13 20 3
565 430 7 20 i
588 429 123 22 Utskottets
728 429 135 21 betänkande
881 429 84 21 oförän-

138 456 60 27 drad,
213 459 59 20 rösta
286 458 30 28 ja;

207 515 77 20 vinner
306 515 44 50 yi
364 515 165 22 Aterremitteras
551 515 33 28 8:n
600 515 32 21 till
648 515 113 22 Utskottet
776 515 35 21 för
825 517 33 19 att
873 514 90 22 omredi-

136 549 63 22 geras
215 543 7 20 i
238 543 38 21 det
290 543 23 21 af
351 551 10 14 Hr
377 544 108 21 Mechelin
501 543 95 29 antydda
612 544 63 28 syfte.

207 600 33 21 Pä
256 600 91 29 begäran
363 601 107 22 anstäldes
486 602 71 21 sluten
580 602 103 27 votering,
699 609 45 14 som
760 601 64 21 utföll
839 601 48 21 med
903 602 26 20 32
944 601 20 28 ja

138 628 41 21 och
194 629 27 21 46
237 629 42 28 nej,
294 629 28 28 pä
336 629 68 28 grund
420 630 76 22 hvaraf
511 630 25 21 R.
553 637 19 14 o.
587 631 26 20 A.
629 630 55 21 hade
701 630 86 21 beslutit
802 633 32 18 att
845 629 118 22 äterremit-

136 659 46 19 tera
198 658 12 20 3
227 658 13 27 &
256 658 31 21 till
310 658 113 22 Utskottet
444 659 35 21 för
499 662 33 18 att
555 659 142 28 omredigeras
718 658 32 21 till
765 659 92 27 ungefär
871 657 93 29 följande

137 685 95 28 lydelse:
265 686 24 21 >I
303 686 101 23 händelse
420 695 42 21 nya
478 687 140 27 underrätter,
634 687 117 22 bestående
766 687 23 21 af
804 687 50 21 flere
869 687 96 28 lagfarne

138 714 126 27 ledamöter,
286 715 66 21 varda
374 723 77 20 genom
467 716 211 21 domstolsreformen
694 715 106 22 inrättade
816 718 55 19 samt
886 715 79 21 antalet

137 742 119 22 ledamöter
271 744 7 21 i
293 743 81 22 hofrätt
396 744 48 21 med
465 745 116 28 anledning
603 744 24 21 af
648 744 106 21 reformen
779 744 101 26 minskas,
895 743 34 22 må
943 744 23 21 af

137 771 121 22 hofrättens
275 767 120 38 dåvarande
408 773 122 22 ledamöter
545 773 34 26 de,
593 773 85 22 hvilkas
693 773 98 21 embeten
807 773 39 21 der
861 772 104 28 indragas,

137 799 84 22 kunna»
236 807 19 14 o.
270 808 16 14 s.
302 808 19 15 v.

208 858 27 27 $$
251 859 13 20 4
280 858 40 21 och
342 859 12 20 5
373 858 125 28 godkändes
522 859 143 21 oförändrade
688 861 55 19 samt
766 858 68 22 likaså
856 859 109 27 ingressen

139 885 41 22 och
197 886 102 22 rubriken
315 887 31 21 till
361 887 161 28 förordningen.

206 1051 58 29 Lag-
287 1052 41 22 och
349 1053 225 22 Ekonomiutskottets
597 1054 70 21 härtill
691 1053 118 29 bordlagda
831 1053 133 22 betänkande

136 1079 42 22 N:o
194 1081 13 20 2
223 1081 7 20 i
246 1081 116 28 anledning
376 1082 24 21 af
415 1085 31 18 ett
461 1083 57 20 inom
534 1082 163 22 Bondeståndet
719 1082 122 22 framstäldt
863 1083 102 20 motions-

136 1108 82 29 förslag
234 1116 34 14 om
285 1109 79 22 ändrad
385 1110 81 29 lydelse
482 1111 23 21 af
520 1112 28 21 23
564 1112 13 27 8
592 1112 7 20 i
615 1111 48 21 nåd.
686 1111 153 28 förordningen
855 1118 33 14 om
902 1111 62 28 jagt,

136 1137 75 28 gifven
234 1137 43 22 den
300 1139 26 21 20
350 1139 99 21 Oktober
472 1140 61 26 1898,
557 1139 44 22 blef
615 1139 23 22 af
652 1139 27 22 R.
695 1147 19 14 o.
729 1140 27 21 A.
771 1143 51 18 utan
843 1139 121 22 diskussion

136 1165 118 28 godkändt.

434 1315 234 34 Öfversvämningarna.

205 1376 123 29 Föredrogs
349 1377 114 22 Allmänna
486 1378 210 21 Besvärsutskottets
715 1378 47 21 från
779 1381 85 18 senaste
880 1378 85 28 plenum

136 1403 121 30 bordlagda
280 1405 135 22 betänkande
439 1406 42 22 N:o
496 1408 14 20 4
525 1407 7 20 i
547 1407 117 28 anledning
686 1407 23 21 af
731 1407 105 21 särskilda
858 1407 6 20 i
880 1406 86 21 Bonde-

136 1433 88 22 ständet
239 1434 79 21 väckta
340 1435 184 28 petitionsförslag
539 1443 34 13 om
589 1435 168 22 föranstaltande
773 1435 24 21 af
811 1435 155 21 undersöknin-

135 1469 40 20 gar
187 1462 92 21 rörande
294 1462 27 22 de
331 1463 69 21 under
415 1463 51 22 åren
483 1465 112 20 1898—99
606 1465 6 19 i
623 1463 74 22 landet
711 1463 112 22 inträffade
834 1463 131 22 öfversväm-

136 1491 106 27 ningarna
258 1491 41 22 och
309 1498 35 14 om
355 1491 130 28 vidtagande
496 1492 23 21 af
530 1493 6 20 i
549 1492 102 21 samband
663 1492 88 21 dermed
762 1491 89 22 stäende
861 1491 104 29 ätgärder.
