1081 1784
363 118 275 30 Margarinfabrikationen.
844 116 39 20 103

358 191 35 21 för
408 194 31 18 att
455 190 76 28 frågan
545 190 112 28 angående
668 190 140 28 tillverkning
818 190 40 22 och
869 190 44 20 för-

291 220 92 28 säljning
405 220 24 20 af
450 220 107 26 margarin
575 219 66 21 måtte
657 220 66 20 vinna
739 220 31 20 sin
787 219 84 27 lösning
886 218 28 28 på

290 250 43 20 sätt
355 256 34 13 om
412 256 72 13 annan
507 248 223 28 lagstiftningsätgärd
755 248 22 21 af
801 246 112 22 enahanda

291 276 148 22 beskaffenhet
454 276 186 28 grundlagsenligt
655 278 24 19 är
693 276 107 28 stadgadt,
811 276 55 21 efter
876 276 38 20 det

291 305 133 28 fullständig,
439 313 78 20 genom
533 305 136 28 sakkunniga
684 312 102 21 personer
797 304 116 22 införskaf-

290 334 38 21 fad
351 334 116 28 utredning
489 335 6 19 i
519 336 72 18 ämnet
613 334 102 26 erhållits,
730 334 110 27 förelägga
856 334 57 20 näst-

290 362 200 22 sammanträdande
511 362 92 21 Ständer
622 362 75 28 nådigt
715 362 123 28 lagförslag,
854 362 59 20 inne-

290 391 98 21 fattande
414 392 101 27 antingen
541 390 78 22 förbud
644 394 45 18 mot
710 391 140 27 tillverkning
872 390 40 21 och

290 420 127 28 försäljning
435 420 24 20 af
477 420 105 27 margarin
602 419 41 21 och
658 419 255 28 margarinblandningar,

291 448 52 21 eller
357 449 41 21 ock
414 450 97 19 närmare
528 449 164 27 bestämningar,
708 448 69 21 under
790 447 72 22 hvilka
874 447 40 21 vil-

290 478 39 20 kor
352 477 66 21 sådan
439 477 141 27 tillverkning
598 477 39 21 och
654 477 128 27 försäljning
797 476 35 21 må
847 476 6 20 i
868 476 46 20 lan-

291 506 36 21 det
342 506 93 21 utöfvas.

152 564 77 20 Denna
251 562 147 28 underdåniga
422 562 99 22 anhållan
545 563 38 21 har
606 563 47 21 icke
673 563 117 27 veterligen
807 562 107 21 föranledt

84 592 69 28 någon
175 592 74 28 åtgärd
269 592 46 20 från
336 592 83 20 landets
435 592 110 27 regerings
561 592 53 27 sida,
630 591 40 21 och
686 591 41 21 den
744 595 51 17 utan
811 590 102 22 Ständer-

84 629 38 13 nas
137 620 131 22 medverkan
284 620 111 21 tillkomna
411 620 154 28 förändringen
581 620 23 21 af
619 620 150 28 näringslägen
784 620 68 27 gäller
862 620 51 20 fort-

84 649 89 21 farande
198 648 151 22 »tillsvidare».
378 649 11 21 1
411 649 54 28 följd
489 649 62 21 däraf
573 650 83 26 intager
691 648 73 22 Finland
779 647 133 22 fortfarande

85 678 64 21 bland
172 678 98 28 Europas
294 677 75 21 länder
388 685 25 13 en
430 677 225 28 undantagsställning
669 677 29 28 på
713 677 60 21 detta
789 676 86 22 område
890 676 22 21 at

84 706 257 29 näringslagstiftningen.
364 707 40 20 Att
419 706 28 21 de
463 706 139 21 ekonomiska
613 706 163 21 förhållandena
792 706 6 20 i
813 704 100 27 Finland,

83 735 106 29 jämförda
204 735 48 21 med
268 735 48 21 dem
333 742 45 14 som
394 734 52 22 råda
462 734 150 26 annanstädes,
627 734 132 28 exempelvis
769 736 6 19 i
787 734 52 21 våra
850 734 63 20 skan-

85 764 112 21 dinaviska
220 763 125 28 grannland,
368 764 69 20 skulle
456 764 127 27 oafvisligen
605 763 76 21 kräfva
697 763 70 21 denna
783 762 131 28 undantags-

84 793 112 27 ställnings
220 792 157 27 bibehållande,
400 792 55 21 lärer
479 792 48 21 icke
550 792 47 21 med
617 792 38 28 fog
670 792 72 21 kunna
758 791 92 29 påvisas.
880 790 34 22 De

84 821 54 25 skäl,
152 828 46 14 som
213 820 98 28 tidigare,
326 820 76 22 medan
418 820 265 28 margarinfabrikationen
700 822 56 19 ännu
773 828 37 13 var
826 828 25 12 en
862 820 52 27 jäm-

84 850 114 20 förelsevis
221 857 28 21 ny
273 850 80 27 näring,
372 849 71 21 kunde
464 850 104 26 åberopas
584 849 32 21 till
631 849 48 21 stöd
696 849 34 21 för
745 856 26 14 en
787 848 127 22 nödfallsåt-

84 878 53 28 gärd
153 878 23 21 af
192 878 76 21 sådant
284 878 46 27 slag
345 885 45 14 som
401 878 165 27 ifrågavarande
577 878 170 21 administrativa
757 877 86 26 förbud,
853 876 60 22 torde

86 907 105 21 erkännas
215 914 86 14 numera
323 907 66 20 hafva
411 907 92 21 förlorat
521 908 32 20 sin
569 907 99 28 giltighet.
704 907 172 27 Smörexporten,
892 905 22 21 af

86 939 45 18 stor
153 935 111 28 betydelse
285 935 34 21 för
337 935 48 22 vårt
400 935 57 26 land,
472 937 23 19 är
510 935 48 21 icke
574 943 25 13 en
616 935 88 26 mindre,
720 938 50 18 utan
786 941 86 15 snarare
888 941 25 14 en

86 971 57 14 mera
165 965 69 27 viktig
257 964 73 21 faktor
352 965 5 20 i
381 967 14 18 t.
414 971 32 14 ex.
465 964 100 27 Sveriges
581 964 41 21 och
638 964 121 21 Danmarks
775 963 138 22 ekonomiska

86 993 30 25 lif,
140 1000 46 13 men
210 993 39 21 har
271 993 57 21 dock
350 994 7 19 i
380 993 62 21 dessa
465 993 50 20 land
533 993 109 20 hefunnits
658 993 83 21 ostördt
756 991 106 22 fortbestä
877 991 36 21 vid

84 1021 62 21 sidan
169 1021 23 21 af
214 1021 220 28 margarinindustrin.
466 1021 32 21 En
522 1023 73 26 sträng
618 1021 177 28 reglementering
810 1023 45 18 mot
870 1020 44 21 för-

84 1050 110 28 falskning
217 1050 40 21 och
282 1050 53 21 svek
351 1050 36 21 vid
404 1050 139 27 tillverkning
558 1050 41 22 och
614 1050 128 28 försäljning
757 1050 24 21 af
795 1050 120 21 natursmör

85 1079 13 20 å
113 1086 39 14 ena
168 1079 61 20 sidan
246 1079 41 21 och
302 1079 105 27 margarin
423 1079 14 20 &
452 1079 41 20 den
510 1078 66 21 andra
592 1079 39 20 har
645 1079 56 21 visat
717 1079 32 27 sig
765 1079 69 20 lämna
850 1077 64 21 först-

85 1107 77 21 nämda
184 1108 76 27 näring
283 1107 98 21 effektivt
399 1107 70 28 skydd
486 1110 44 18 mot
545 1107 27 21 de
588 1107 68 22 vädor
671 1107 40 21 den
728 1107 117 21 sistnämda
860 1106 54 21 kun-

85 1139 37 18 nat
144 1139 88 24 antagas
255 1136 102 27 medföra,
380 1136 40 21 och
441 1135 106 22 obestridt
561 1137 24 20 är
600 1139 31 18 att
646 1135 37 22 det
698 1134 178 29 tillvaratagande
891 1135 24 20 af

85 1165 70 27 nyttig
177 1164 158 29 naturprodukt
358 1164 266 28 margarinfabrikationen
640 1164 89 21 innebär
744 1165 51 20 ökat
810 1163 105 22 national-

84 1193 177 28 förmögenheten
278 1194 5 19 i
300 1193 27 21 de
342 1193 56 26 land,
414 1193 39 21 där
468 1193 41 21 den
526 1193 67 21 idkas.
619 1193 35 21 Då
670 1193 139 28 margarinen,
824 1192 38 21 där
873 1191 41 21 den

85 1221 128 22 framställes
237 1229 24 13 ur
284 1221 74 28 duglig
379 1221 76 22 råvara
471 1223 49 19 -—
509 1217 13 37 i
540 1221 81 22 hvilket
644 1221 102 22 afseende
765 1221 149 21 erfarenheten

85 1250 113 28 ådagalagt
214 1253 32 18 att
261 1250 50 21 fullt
326 1250 98 21 verksam
441 1250 94 21 kontroll
551 1251 41 20 kan
608 1250 87 21 utöfvas
706 1263 27 2 —
749 1252 51 26 äger
815 1249 53 28 högt
878 1251 37 18 nä-

85 1279 132 27 ringsvärde,
232 1279 76 20 medan
325 1279 264 28 produktionskostnaden
606 1279 117 28 väsentligt
733 1279 135 26 understiger
878 1285 37 13 na-

84 1309 133 24 tursmörets,
239 1307 90 21 innebär
347 1307 37 21 det
400 1307 119 22 tillsvidare
534 1307 100 28 gällande
649 1307 103 21 förbudet
767 1310 32 18 ett
813 1307 23 20 af
852 1309 63 18 stats-

85 1335 85 22 makten
186 1339 89 25 upprest
290 1335 77 22 hinder
381 1336 35 21 för
432 1335 83 22 landets
532 1336 126 27 befolkning
673 1339 32 18 att
715 1337 6 20 i
733 1335 48 22 män
792 1336 23 21 af
824 1335 92 28 tillgång

86 1364 68 21 skaffa
170 1365 32 27 sig
217 1365 76 27 tjenlig
307 1364 58 21 föda.
387 1365 38 20 Ett
441 1364 77 21 sådant
533 1364 76 21 hinder
624 1372 63 21 synes
698 1365 142 20 statsmakten
852 1363 64 22 emel-

85 1393 63 20 lertid
164 1393 52 21 allra
231 1394 66 20 minst
312 1394 5 19 i
334 1393 63 21 dessa
412 1393 63 26 tider,
494 1393 27 21 då
537 1393 102 28 felslagen
656 1393 65 21 skörd
736 1392 111 22 flerstädes
863 1391 53 22 ned-

86 1424 43 18 satt
151 1421 48 21 vårt
221 1421 58 22 folks
304 1422 115 21 »standard
440 1421 23 21 of
479 1421 49 21 life»
546 1421 32 21 till
594 1421 37 21 det
646 1421 125 29 knappaste,
786 1421 66 21 hafva
868 1420 48 21 skäl

85 1452 32 19 att
139 1449 112 22 bibehälla.
281 1450 41 21 Att
344 1450 139 28 tillverkning
506 1450 41 21 och
569 1453 76 25 export
668 1451 21 20 af
707 1451 63 26 smör,
786 1457 26 14 en
829 1449 23 21 af
868 1448 48 22 värt

86 1478 61 21 lands
163 1479 140 27 naturligaste
319 1479 170 27 näringsgrenar,
510 1479 69 20 skulle
594 1478 44 21 lida
653 1486 48 13 men
717 1478 24 21 af
755 1478 28 21 fri
799 1477 117 28 margarin-

84 1507 146 28 tillverkning,
248 1507 39 21 har
306 1507 34 21 väl
355 1507 120 26 förutsetts,
491 1515 47 13 men
556 1507 115 28 ingalunda
687 1507 100 27 bevisats,
803 1506 41 21 och
860 1505 56 22 erfa-
