1084 1753
204 124 100 17 Handeln
316 124 50 17 med
376 124 140 21 konstgjorda
526 124 189 20 gödslingsämnen
727 128 27 12 m.
767 128 27 12 m.
842 117 40 21 257

85 194 104 20 nittava».
220 192 66 21 Detta
310 200 48 14 »se»
382 192 77 22 hänför
481 193 33 27 sig
536 192 90 22 sålunda
649 192 32 21 till
697 199 107 21 ursprung
819 190 41 23 och
875 190 38 22 här

86 222 134 26 bestämmes,
242 224 31 18 att
296 221 59 21 detta
373 228 113 21 ursprung,
500 228 47 14 som
562 221 49 21 icke
628 221 41 21 kan
685 222 96 24 utrönas,
795 218 118 23 emellertid

84 250 58 21 dock
158 250 54 21 skall
228 256 71 21 anges.
329 250 44 20 Det
388 250 67 21 borde
470 249 28 29 pä
512 250 69 20 finska
596 249 61 21 heta:
689 249 49 21 »On
749 250 49 20 siitä
807 248 106 22 todistuk-

85 286 60 14 sessä
160 279 137 20 mainittava»
315 278 52 21 eller
384 278 199 21 >huomautettava»
596 278 52 21 eller
660 285 40 14 >on
711 281 37 18 tuo
762 277 73 22 seikka
847 276 67 22 todis-

85 307 100 21 tuksessa
201 307 137 21 mainittava»
356 307 51 21 eller
422 307 74 28 dylikt.

154 337 14 20 4
184 335 12 29 8
212 335 39 21 har
266 343 26 13 en
308 335 133 28 felaktighet,
456 343 46 13 som
518 335 169 28 uppenbarligen
702 335 135 28 uppkommit
847 333 66 27 deraf,

86 367 32 18 att
140 364 157 21 öfversättaren
321 365 42 20 läst
386 364 36 21 fel.
450 363 13 22 I
486 364 109 21 svenskan
614 363 61 22 heter
690 363 47 22 det:
769 363 92 21 »Finnes
878 361 36 22 vid

86 392 68 21 skedd
170 392 162 28 undersökning
347 392 23 21 af
385 400 58 18 vara,
458 400 46 13 som
517 394 24 19 är
551 392 82 21 försäld
643 391 50 22 med
704 391 41 22 den
757 393 7 20 i
776 393 10 20 1
799 393 12 26 &
822 390 92 22 nämnda

85 422 96 27 garanti»
200 421 40 21 och
256 421 28 28 pä
300 421 77 21 finska:
409 421 51 21 >Jos
475 421 138 21 tutkittaessa
628 424 94 23 tavaraa,
737 421 49 28 joka
802 427 27 14 on
840 426 73 15 varus-

86 453 55 18 tettu
164 451 11 20 1
200 450 55 27 &:ssä
276 450 118 21 mainitulla
416 449 151 22 vakuudellas.
595 449 13 22 I
630 449 42 22 den
688 449 68 21 finska
771 452 73 18 texten
859 448 54 21 talas

86 478 48 21 icke
156 478 40 21 alls
218 486 40 18 om,
278 481 32 18 att
324 486 65 13 varan
406 479 23 20 är
444 478 92 26 försäld;
552 478 40 21 och
607 478 62 21 torde
685 478 60 21 detta
762 479 151 25 »varustettu»,

86 507 83 21 hvilket
184 507 38 21 ord
240 507 88 28 betyder
345 507 122 26 »försedd»,
482 507 67 21 hafva
559 508 6 20 i
576 507 109 28 lagtexten
696 507 113 20 inkommit
819 505 95 26 sälunda,

86 539 32 17 att
141 535 62 21 ordet
224 535 106 21 »försäld»
348 535 36 21 vid
401 535 158 28 öfversättning
574 543 25 13 ur
615 535 156 28 manuskriptet
787 534 72 22 blifvit
873 534 42 21 läst

86 564 70 22 såsom
174 564 122 21 »försedd>.
326 564 44 21 Det
385 564 39 20 bör
438 564 76 21 ändras
530 564 32 21 till
579 567 106 25 »myyty».

158 592 82 22 Vidare
262 592 109 22 användes
395 592 61 22 ordet
481 592 128 22 »rehuvara»
632 593 7 20 i
655 594 12 20 2
684 593 12 27 8
713 593 12 21 3
741 600 62 13 mom.
818 591 41 22 och
875 592 12 20 6
903 591 11 27 $

87 622 5 20 i
116 622 120 27 singularis.
265 621 42 28 Jag
330 624 45 18 tror
397 621 125 27 emellertid,
545 624 32 18 att
595 621 68 28 sagda
683 620 38 22 ord
737 621 49 21 icke
801 620 42 22 kan
858 620 57 21 före-

87 650 85 22 komma
194 652 66 19 annat
282 651 26 19 än
331 650 6 20 i
362 650 137 28 pluralform;
522 650 41 21 och
582 650 66 21 borde
663 650 38 21 det
715 650 29 28 pä
759 649 64 21 dessa
838 648 76 22 ställen

86 678 84 22 således
193 678 50 22 heta
267 678 146 26 »rehuvarat»,
435 678 71 22 såsom
524 678 29 29 pä
571 678 69 28 öfriga
655 678 77 22 ställen
747 679 7 20 i
771 677 143 28 lagförslaget.

156 707 44 21 Det
222 707 72 21 kunde
316 709 57 19 ännu
396 707 68 21 finnas
487 710 31 18 ett
533 708 40 20 och
588 709 71 24 annat,
676 707 67 21 ehuru
758 706 81 21 mindre
855 706 60 27 bety-

86 735 77 26 dande,
179 739 31 18 att
226 735 106 26 anmärka,
348 743 48 13 men
411 736 36 27 jag
459 736 37 21 vill
512 735 117 22 inskränka
644 736 43 27 mig
701 735 33 22 till
749 735 38 21 det
797 734 66 29 sagda
873 733 41 22 och

86 764 34 21 får
135 764 110 21 vördsamt
263 764 89 27 anhålla,
370 767 31 18 att
419 764 63 21 dessa
496 765 58 20 mina
569 764 166 28 anmärkningar
749 763 74 22 blefve
838 762 76 23 veder-

87 793 95 21 börande
202 793 91 21 Utskott
312 793 98 28 delgifna
429 793 35 21 för
478 796 32 19 att
525 793 23 21 af
562 793 115 22 Utskottet
691 795 60 24 tagas
767 792 68 21 under
851 791 64 22 benä-

86 829 41 20 gen
144 821 143 29 ompröfning.

157 879 48 20 Den
221 879 106 20 allmänna
342 878 102 21 debatten
460 879 6 20 i
483 880 72 19 ämnet
569 878 118 21 afslutades
700 877 95 27 härmed,
805 877 110 22 hvarefter

87 907 34 21 Hr
131 907 207 22 Landtmarskalken
351 907 32 21 till
394 907 103 22 Ståndets
509 907 132 22 besvarande
650 906 161 22 öfverlemnade
819 905 96 30 följande

353 992 287 29 Omröstningsproposition
646 1001 5 13 :

156 1049 41 25 De,
218 1049 73 21 hvilka
312 1049 51 28 vilja
385 1049 90 28 öfvergä
490 1050 31 20 till
538 1049 213 28 specialgranskning
766 1049 23 21 af
804 1048 37 21 det
857 1049 6 20 i
879 1048 36 21 be-

87 1077 119 22 tänkandet
221 1079 87 26 intagna
324 1077 146 28 lagförslaget,
485 1079 59 20 rösta
559 1078 31 28 ja;

156 1135 77 20 vinner
254 1135 42 28 nej,
310 1135 39 20 har
363 1135 26 21 R.
405 1142 19 14 o.
439 1135 27 21 A.
482 1135 100 21 omfattat
596 1135 68 21 första
679 1135 166 26 reservationen,
861 1133 55 22 hvil-

88 1163 41 22 ken
145 1163 90 22 innebär
250 1166 32 18 att
296 1163 245 28 författningsförslaget
556 1164 7 20 i
578 1164 33 21 sin
627 1163 72 22 helhet
714 1163 111 21 förkastas.

157 1220 32 21 På
204 1220 74 21 derom
300 1220 72 29 gjordt
389 1220 97 29 yrkande
501 1220 108 21 anstäldes
625 1221 106 27 votering,
746 1221 41 20 och
803 1219 28 22 dä
845 1219 72 21 denna

88 1249 63 20 utföll
166 1249 48 21 med
231 1250 26 20 61
274 1249 20 28 ja
310 1249 40 21 och
366 1250 27 20 35
409 1250 41 27 nej,
466 1249 113 28 öfvergick
593 1249 26 21 R.
635 1257 18 13 o.
670 1250 26 20 A.
712 1249 32 21 till
759 1248 157 29 detaljeransk-

88 1278 51 27 ning
154 1277 22 22 af
186 1277 38 22 det
235 1279 6 20 i
252 1277 148 22 betänkandet
410 1277 106 28 ingäende
526 1277 146 29 lagförslaget,
682 1277 90 22 hvarvid
784 1276 132 22 beträffande

157 1335 40 26 81

157 1391 35 21 Hr
213 1391 27 22 N.
263 1391 27 21 G.
314 1392 27 21 M.
366 1391 174 21 Grotenfelt
559 1391 66 22 utbad
640 1393 34 26 sig
689 1391 62 21 ordet
765 1391 41 21 och
821 1390 96 29 yttrade:

88 1420 76 21 Säsom
188 1420 36 28 jag
246 1420 66 21 redan
335 1420 55 21 hade
406 1422 51 19 äran
472 1420 87 28 antyda,
574 1420 66 28 vägar
653 1421 36 27 jag
704 1420 56 21 hälla
776 1420 53 26 före,
843 1421 32 19 att
891 1418 27 21 de

88 1448 48 28 fyra
158 1448 48 22 utaf
230 1448 112 22 Utskottet
364 1449 32 20 till
420 1456 76 14 senare
519 1452 116 18 momentet
649 1448 89 28 tillagda
753 1448 67 21 orden
838 1448 43 20 alt
896 1447 23 21 af

88 1484 80 14 samma
191 1477 58 28 slag»
273 1477 122 28 ingalunda,
409 1478 29 28 pä
452 1479 44 19 sätt
518 1477 113 22 Utskottet
651 1477 28 28 pä
694 1477 39 21 sid.
750 1478 26 20 10
795 1476 123 26 framhållit,

88 1505 76 21 endast
179 1507 75 26 utgöra
271 1508 31 18 ett
324 1505 168 28 förtydligande,
514 1509 51 18 utan
586 1508 31 19 att
639 1505 63 22 dessa
720 1505 37 21 ord
773 1505 103 21 innebära
892 1511 26 14 en

156 1546 41 16 N:o
210 1546 19 17 8.
827 1545 21 16 17
