1081 1775
303 129 188 20 Undervisningen
503 129 7 16 i
522 128 181 17 naturalhistoria.
848 122 40 20 179

90 197 70 21 denna
186 196 115 28 synpunkt.
338 197 67 21 Bland
430 198 158 20 universitetets
612 196 66 21 lärare
703 197 29 20 uti
755 195 162 29 ifrågavarande

91 226 119 27 vetenskap
225 227 24 19 är
263 225 41 21 den
321 226 76 27 klagan
414 226 78 20 allmän
508 228 31 18 att
553 225 47 21 från
616 225 101 21 skolorna
735 225 83 21 komma
829 225 31 20 till
872 225 45 20 uni-

90 254 111 21 versitetet
220 254 101 26 alumner,
342 261 44 14 som
407 256 37 19 äro
464 254 94 21 särdeles
580 254 35 21 illa
635 253 130 22 förberedda
779 254 30 20 uti
826 253 91 21 natural-

90 283 93 20 historia.
213 282 54 21 Man
282 283 73 28 klagar
371 282 103 21 särskildt
489 282 100 21 deröfver
604 285 32 18 att
650 282 27 21 de
693 283 67 20 sakna
775 281 96 28 förmåga
887 285 31 18 att

90 311 97 27 iakttaga
207 311 192 21 naturföreteelser.
430 311 33 21 De
479 311 66 21 sakna
560 311 98 27 förmåga
674 313 31 19 att
721 319 29 17 se,
766 311 105 27 nämligen
887 313 31 18 att

90 347 22 12 se
128 339 90 21 sålunda
235 342 30 18 att
281 339 26 22 de
324 343 49 18 veta
388 339 57 21 hvad
462 339 27 21 de
504 347 29 14 se.
563 339 51 21 Man
631 339 74 21 ställer
720 339 89 21 framför
823 339 48 21 dem
888 341 30 18 ett

90 368 95 26 föremål,
200 371 14 18 t.
231 375 31 14 ex.
277 371 31 18 ett
323 368 84 25 skelett,
422 368 41 21 och
476 368 26 21 de
519 368 70 21 kunna
602 368 48 21 icke
661 367 104 28 redogöra
777 368 34 20 för
819 367 57 22 hvad
891 367 26 21 de

90 404 22 13 se
128 396 90 21 framför
238 398 38 26 sig.
306 397 51 20 Man
374 397 80 28 skyller
469 397 99 20 skolorna
584 396 34 21 för
633 396 60 21 detta
709 396 114 21 ledsamma
839 395 79 22 förhål-

91 425 68 21 lande.
184 425 42 20 Till
243 433 25 12 en
285 425 33 21 del
336 426 61 20 beror
412 425 37 21 det
464 429 50 17 utan
528 425 76 21 tvifvel
617 425 68 28 derpå
695 428 31 18 att
737 425 180 26 undervisningen

91 455 4 19 i
112 453 173 22 naturalhistoria
301 453 38 22 har
355 455 55 20 varit
429 454 65 21 altför
513 453 24 22 så
553 457 31 17 att
599 455 51 26 säga
666 453 136 28 schematisk,
818 461 46 13 man
881 453 38 20 har

90 482 34 21 för
141 482 86 28 mycket
243 482 82 28 vinlagt
340 483 33 27 sig
388 489 32 14 om
438 486 32 17 att
485 482 76 21 endast
577 482 97 27 bibringa
690 482 99 22 eleverna
805 489 25 14 en
841 489 25 13 ur
876 481 41 21 bok

91 511 84 20 hemtad
198 511 98 28 kunskap
319 518 34 13 om
369 511 90 27 slägten,
474 514 56 17 arter
545 518 18 13 o.
579 519 15 12 s.
611 518 19 13 v.
646 514 51 17 utan
714 513 31 18 att
762 511 42 20 låta
819 511 98 20 eleverna

90 547 22 13 se
128 539 77 28 sjelfva
222 539 184 22 naturföremälen.
435 539 52 21 Men
503 539 30 21 till
550 547 25 13 en
596 539 34 21 del
648 540 61 20 beror
725 539 194 21 missförhällandet

91 568 65 21 äfven
178 567 67 30 derpä
266 571 31 18 att
319 568 179 28 nndervisningen
522 569 5 19 i
550 567 171 22 naturalhistoria
738 568 47 21 icke
801 567 118 21 meddelats

93 597 26 27 pä
135 597 132 21 läroverkets
283 597 46 21 öfre
346 597 80 21 klasser
442 597 41 21 och
498 600 31 18 att
544 596 72 22 derför
627 597 36 21 det
674 597 43 21 lilla
729 597 98 21 eleverna
839 596 80 21 kunnat

93 625 94 21 inhemta
208 626 77 21 hunnit
300 625 96 29 förfiyga,
412 626 63 20 innan
492 626 26 20 de
535 626 83 20 komma
634 625 31 21 till
682 626 153 20 universitetet.
867 624 52 22 Vis-

93 654 91 27 serligen
196 654 60 21 torde
267 654 143 20 förhållandet
421 661 51 13 vara
483 657 31 18 att
525 654 26 20 de
559 654 158 27 författningar,
725 654 73 21 hvilka
807 653 112 21 Utskottet

93 682 102 28 äberopat
211 683 28 28 pä
254 682 39 22 sid.
309 684 13 20 3
339 683 5 20 i
361 682 151 26 betänkandet,
527 683 20 20 d.
563 690 19 14 v.
597 690 16 13 s.
628 682 197 28 lektionsplanerna
840 682 23 21 af
877 681 41 21 den

93 713 11 19 7
120 710 51 22 Juni
189 712 61 25 1893,
265 711 40 21 den
328 712 25 20 19
369 711 92 27 Augusti
479 712 54 20 1896
549 711 40 21 och
605 711 41 21 den
658 712 26 20 27
698 711 87 21 Januari
801 712 59 26 1897,
871 710 47 21 icke

92 742 57 18 ännu
165 740 82 20 kunnat
262 740 130 27 frambringa
408 739 69 28 nägon
494 740 86 26 verkan,
597 747 45 13 som
658 740 57 27 gjort
731 740 32 27 sig
774 739 98 21 märkbar
883 738 35 21 vid

93 769 154 25 universitetet,
269 768 136 21 alldenstund
428 768 26 21 de
478 768 76 25 elever,
572 768 74 21 hvilka
670 768 68 28 börjat
761 769 31 20 sin
809 767 110 28 skolgäng,

93 797 63 20 innan
173 796 63 22 dessa
253 797 72 28 planer
339 796 72 21 blifvit
421 796 119 26 faststälda,
552 796 41 22 fått
603 797 100 21 fortsätta
715 798 32 20 sin
759 796 84 28 läsning
853 796 66 28 enligt

93 825 40 21 den
154 825 70 28 gamla
246 826 127 27 läseplanen.
403 825 51 21 Men
476 825 35 22 vid
528 825 125 22 läroverken
670 825 39 21 har
724 825 65 21 redan
806 825 61 28 länge
883 824 36 21 det

92 853 144 22 förhällandet
258 857 34 25 egt
311 861 52 19 rum,
378 857 32 18 att
431 854 155 28 undervisning
607 855 5 20 i
634 854 60 21 detta
717 856 61 19 ämne
798 853 47 22 icke
861 853 58 21 med-

92 883 69 20 delats
178 883 27 27 pä
221 883 26 20 de
263 883 65 27 högre
345 883 114 26 klasserna,
471 883 39 20 och
526 882 28 21 dä
570 891 27 12 nu
614 882 41 21 den
671 882 92 28 ändring
775 882 102 27 vidtagits
889 884 30 19 att

92 911 63 21 dessa
171 911 122 21 läroimnen
310 911 129 28 nedskjutits
454 911 24 21 sä
500 911 43 28 lågt
565 914 31 18 att
615 911 27 21 de
658 911 77 21 endast
749 911 132 20 förekomma
892 910 27 28 pä

92 939 111 21 skolornas
225 941 12 20 5
260 940 68 27 lägsta
349 939 87 26 klasser,
452 939 24 22 sä
497 941 23 20 är
538 939 37 22 det
597 942 32 19 att
652 939 73 22 befara
741 943 33 18 att
788 939 132 21 missförhäl-

92 968 72 21 landet
188 968 95 21 kommer
304 971 32 18 att
357 971 81 24 stegras
454 969 41 20 och
510 971 32 18 att
561 969 150 20 universitetet
731 968 53 21 skall
805 967 65 22 hafva
889 969 31 19 att

92 998 51 26 göra
159 996 48 21 med
224 997 72 21 elever
310 999 56 18 ännu
382 999 68 18 sämre
466 997 128 21 förberedda
606 997 5 20 i
624 997 173 21 naturalhistoria
807 998 26 19 än
844 996 76 21 hittills

93 1026 55 20 varit
163 1025 66 21 fallet.
252 1025 46 22 Vid
315 1025 76 22 sädant
406 1025 134 21 förhällande
556 1025 38 21 har
608 1026 149 21 universitetet
773 1027 31 19 ett
815 1024 105 22 bestämdt

92 1055 90 20 intresse
198 1056 31 18 att
245 1053 107 29 Styrelsen
365 1057 59 24 tager
437 1053 67 22 under
515 1054 137 28 ompröfning
662 1054 82 28 frägan,
757 1053 105 22 huruvida
873 1053 46 21 icke

93 1082 118 28 nägonting
229 1082 66 21 borde
314 1084 63 26 göras
393 1082 35 21 för
443 1085 32 18 att
490 1082 116 29 upphjelpa
621 1082 183 28 undervisningen
819 1083 6 20 i
842 1082 77 27 ifräga-

92 1111 94 20 varande
206 1113 61 19 ämne
289 1111 41 21 och
345 1111 28 28 pä
389 1111 56 21 hvad
462 1113 42 18 sätt
520 1111 36 21 det
571 1111 66 20 borde
653 1111 44 21 ske.
727 1111 42 28 Jag
783 1110 79 21 tilläter
877 1111 43 26 mig

92 1139 73 21 derför
186 1142 31 18 att
237 1139 86 21 förorda
345 1139 67 28 syftet
433 1139 60 21 säväl
509 1141 29 19 uti
556 1140 116 27 petitionen
689 1147 45 14 som
751 1139 168 21 utskottsbetän-

92 1167 85 27 kandet,
193 1175 47 14 men
260 1168 41 21 kan
321 1168 56 21 dock
397 1168 47 21 icke
460 1167 111 22 underläta
586 1171 32 18 att
633 1168 75 21 anföra
723 1171 37 23 att,
773 1167 56 22 hvad
843 1167 76 29 sjelfva

92 1196 59 21 detta
175 1196 231 22 utskottsbetänkande
430 1196 72 28 angår,
522 1197 36 21 det
580 1204 64 21 synes
668 1198 43 26 mig
735 1197 68 21 lemna
823 1204 47 13 rum
885 1196 35 20 för

92 1225 76 27 många
190 1225 169 28 anmärkningar,
375 1225 54 21 både
449 1225 57 21 hvad
527 1225 104 21 klämmen
654 1225 41 21 och
711 1226 155 26 motiveringen
884 1224 36 21 be-

91 1253 80 21 träffar.

161 1282 114 21 Utskottet
290 1282 91 21 föreslär
397 1285 31 18 att
444 1282 119 21 Ständerna
579 1283 65 21 mätte
660 1282 84 21 anhälla
760 1282 59 22 säväl
836 1284 31 18 att
882 1289 39 13 un-

92 1310 152 29 dervisningen
268 1312 5 19 i
297 1311 173 21 naturalhistoria
495 1311 71 21 blefve
589 1311 141 28 framskjuten
753 1311 32 21 till
809 1310 111 21 skolornas

92 1340 65 27 högre
180 1339 82 22 klasser
283 1346 45 14 som
351 1339 65 22 också
438 1343 32 17 att
490 1340 80 21 antalet
586 1339 154 22 veckotimmar
755 1340 5 20 i
777 1339 66 28 sagda
859 1341 61 18 ämne

88 1368 69 21 ;mätte
174 1368 58 21 ökas.
253 1368 64 21 Hvad
334 1368 66 27 angår
415 1368 180 28 framskjutandet
610 1368 23 21 af
648 1368 182 27 undervisningen
842 1368 5 20 i
860 1371 61 17 natu-

92 1397 121 20 ralhistoria
236 1397 31 20 till
287 1397 112 20 skolornas
421 1397 66 27 högre
503 1397 87 27 klasser,
606 1397 24 20 sä
645 1398 23 19 är
683 1397 37 20 det
735 1404 26 13 en
778 1395 81 29 ätgärd,
875 1403 45 14 som

92 1428 51 18 utan
166 1425 78 21 tvifvel
267 1433 51 13 vore
341 1425 34 20 väl
400 1425 89 21 betänkt
511 1425 39 21 och
574 1425 125 28 nödvändig
726 1425 40 21 och
793 1432 33 13 om
857 1424 64 21 hvars

92 1461 56 20 gagn
162 1453 27 21 de
205 1453 133 28 sakkunniga
354 1453 61 22 torde
432 1460 50 14 vara
498 1454 80 27 ganska
594 1455 67 26 eniga.
682 1454 51 21 Men
745 1453 105 21 huruvida
861 1453 60 20 dess-

92 1485 59 18 utom
172 1482 81 21 antalet
272 1482 154 21 veckotimmar
446 1482 38 21 bör
500 1483 57 26 ökas,
572 1482 73 21 derom
661 1482 61 21 torde
739 1481 56 22 olika
811 1482 111 27 meningar

94 1511 71 20 kunna
181 1510 57 21 räda.
