1086 1789
388 132 205 33 Skatteförmedling.
830 133 43 21 415

147 213 194 28 Protokollsutdrag
362 212 61 22 öfver
443 213 25 20 R.
483 220 18 13 o.
517 212 36 21 A:s
568 212 37 22 vid
619 215 84 18 senaste
717 212 85 29 plenum
818 212 41 21 den
875 213 31 23 27;

77 243 79 21 dennes
172 242 82 22 fattade
268 242 70 21 beslut
352 241 107 29 upplästes
474 241 31 22 till
520 241 101 28 justering
635 241 41 21 och
691 241 128 28 godkändes.

420 403 136 22 Utskottsval.

147 466 35 21 Hr
204 465 205 21 Landtmarskalken
432 465 100 28 föredrog
553 468 30 18 ett
604 465 46 21 från
671 465 27 21 R.
720 473 18 13 o.
757 466 37 21 A:s
816 466 89 21 valmän.

79 495 117 21 inkommet
221 494 112 29 protokoll,
359 494 113 21 utvisande
498 497 31 18 att
553 494 126 21 valmännen
703 494 31 21 till
757 494 115 28 suppleant
895 495 9 20 i.

81 523 240 22 Vattenrättsutskottet
344 524 5 20 i
373 522 71 22 stället
464 522 34 22 för
520 522 56 22 Frih.
599 522 49 22 Carl
672 523 65 21 Ernst
753 522 87 28 Wrede,
856 530 45 14 som

79 552 125 21 äterlemnat
226 552 81 28 pollett,
329 554 65 18 utsett
409 551 57 21 Frih.
486 551 113 21 Valdemar
615 559 50 13 von
682 551 111 22 Hellens
810 552 47 21 med
875 553 27 20 14.

79 582 73 20 röster.

386 752 206 28 Skatteförmedling.

147 810 42 21 Till
206 810 58 22 detta
280 810 83 29 plenum
379 810 55 21 hade
450 810 106 28 bordlagts
571 810 39 21 och
626 809 108 29 föredrogs

147 868 174 21 Statsutskottets
341 867 135 22 betänkande
498 868 40 20 N:o
558 869 11 19 5
591 868 7 20 i
618 866 113 29 anledning
752 866 22 22 af
798 866 107 22 särskilda

77 897 56 21 inom
149 896 160 22 Bondeständet
319 896 76 22 väckta
404 896 179 28 petitionsförslag
593 904 33 13 om
637 895 198 29 skatteförmedling
845 896 57 21 inom

77 925 160 21 kusttrakterna
260 925 23 21 af
302 918 48 29 Äbo
370 925 40 21 och
431 925 145 28 Björneborgs,
596 924 96 29 Nylands
713 924 40 22 och
773 924 68 22 Wasa
861 924 41 27 län,

77 957 56 19 samt
147 955 56 21 inom
216 954 76 21 Kolari
303 954 69 28 kapell
384 954 23 20 af
418 954 159 28 Lappmarkens
588 953 71 28 härad,
673 953 108 22 äfvensom
793 952 108 29 angäende

77 982 135 29 fullständigt
227 982 149 29 upphäfvande
391 982 23 21 af
428 982 135 28 jordskatten.

147 1039 31 21 Pä
194 1039 91 28 begäran
301 1039 105 21 lemnades
421 1039 61 21 ordet
498 1039 52 21 först
564 1038 22 21 ät

147 1096 34 21 Hr
197 1096 30 21 M.
243 1095 28 22 K.
286 1096 34 21 W.
336 1095 146 27 Schulman,
499 1103 43 14 som
556 1095 92 29 yttrade:
671 1095 46 22 Vid
732 1095 26 22 de
773 1099 33 18 tre
818 1099 83 18 senaste

76 1124 154 29 landtdagarne
249 1124 65 22 hafva
335 1125 102 20 särskilda
457 1124 178 29 petitionsförslag
654 1124 96 29 ingifvits
764 1125 8 20 i
788 1124 36 21 det
840 1125 61 28 syfte,

77 1161 44 13 som
143 1161 26 14 en
189 1156 44 19 stor
252 1153 34 21 del
306 1153 23 21 af
346 1153 26 21 de
387 1161 27 13 nu
430 1153 143 28 föreliggande
587 1153 207 28 petitionsförslagen
810 1153 91 28 angifva,

77 1181 20 22 d.
113 1190 19 13 v.
148 1190 15 13 s.
179 1189 34 14 om
233 1181 225 29 skatteförmedlingar.
488 1182 45 21 Det
550 1181 37 22 har
604 1183 55 20 varit
677 1181 89 22 specielt
781 1183 56 20 inom
853 1182 48 22 Åbo

77 1210 46 22 läns
145 1210 122 28 skärgärds-
288 1211 40 21 och
347 1211 145 26 kustsocknar,
510 1211 6 20 i
538 1210 70 21 hvilka
623 1219 47 12 man
697 1211 63 26 funnit,
776 1213 32 18 att
823 1211 78 21 skatte-

77 1239 162 21 förhällandena
260 1239 49 22 med
331 1239 57 22 tiden
411 1239 65 22 hafva
498 1240 7 20 i
525 1239 117 28 päfallande
663 1239 53 28 grad
738 1239 62 21 känts
822 1240 80 27 ojemnt

76 1270 67 26 tynga
157 1267 28 29 pä
200 1268 199 28 jordlägenheterna.
428 1267 13 22 I
456 1268 111 28 anledning
581 1268 22 21 af
618 1267 37 22 vid
671 1269 54 20 1894
741 1267 39 22 och
798 1269 52 20 1897
868 1267 33 22 års

76 1296 128 29 landtdagar
225 1297 78 21 väckta
322 1297 112 28 petitioner
453 1297 7 20 i
480 1296 122 21 förberörda
623 1297 55 28 syfte
696 1296 65 21 hafva
778 1296 66 21 också
858 1299 43 18 sär-

77 1325 70 21 skilda
167 1325 55 21 mätt
237 1325 39 22 och
292 1328 45 26 steg
353 1325 22 21 af
389 1325 134 28 Regeringen
538 1325 61 28 tagits
615 1325 38 21 och
669 1325 86 21 tillsatts
770 1325 130 21 kommissio-

75 1361 39 13 ner
129 1353 35 22 för
178 1353 149 22 utarbetandet
341 1354 22 21 af
377 1354 92 27 generell
480 1353 195 29 skatteförmedling
686 1355 7 20 i
705 1353 106 28 ätskilliga
820 1353 23 22 af
852 1346 49 29 Äbo

76 1381 41 22 och
140 1382 142 29 Björneborgs
304 1383 45 20 läns
371 1383 94 20 socknar.
498 1382 45 22 Vid
560 1382 151 22 behandlingen
730 1382 23 21 af
770 1382 27 21 de
819 1390 27 13 nu
868 1382 33 21 till

75 1410 163 22 Bondeständet
260 1411 80 28 ingifna
358 1411 204 28 petitionsförslagen
580 1411 37 21 har
634 1411 114 22 Utskottet
762 1411 98 28 utvidgat
874 1411 26 21 de

75 1439 77 28 gjorda
173 1439 106 28 förslagen
295 1440 85 24 derhän,
394 1443 32 18 att
448 1440 93 27 generell
556 1439 195 28 skatteförmedling
765 1439 66 22 mätte
847 1439 54 21 efter

75 1467 159 29 undersökning
250 1469 22 20 af
284 1468 69 21 dertill
363 1468 113 29 betingade
487 1468 84 21 orsaker
580 1468 96 29 vidtagas
687 1469 7 20 i
725 1468 27 21 Åbo
763 1468 39 21 och
813 1467 88 29 Björne-

75 1495 65 22 borgs
163 1497 45 21 läns
225 1500 55 18 samt
294 1497 95 27 Nylands
404 1497 46 21 läns
466 1497 59 21 kust-
540 1497 37 21 och
593 1496 207 28 skärgärdssocknar,
816 1496 39 21 och
868 1499 32 18 ut-

74 1526 89 26 trycker
178 1526 32 27 sig
225 1525 113 21 Utskottet
352 1525 122 21 derutöfver
490 1528 32 18 att
538 1525 62 28 enligt
621 1525 56 23 hvad
695 1524 113 22 Utskottet
818 1524 39 22 har
868 1525 32 27 sig
