1081 1795
225 133 138 16 Publikation
375 133 24 16 af
408 133 77 20 utdrag
496 137 27 12 ur
534 133 25 16 R.
573 137 17 12 o.
603 133 36 16 A:s
652 131 114 21 protokoll.
840 125 40 20 339

84 201 89 21 skalken
196 200 102 22 Ständets
321 201 84 20 valmän
429 203 32 19 att
482 203 84 18 snarast
584 200 83 28 möjligt
682 203 47 18 utse
744 199 123 28 ytterligare
883 206 25 13 en

84 229 114 29 suppleant
212 230 7 20 i
234 229 219 21 Ekonomiutskottet.

154 361 70 21 Bland
239 361 26 21 R.
281 368 19 13 o.
315 361 38 21 A:s
369 361 138 21 medlemmar
521 361 55 21 hade
592 360 94 22 utdelats
702 359 94 29 följande
810 359 47 22 från
870 359 40 22 Ut-

86 390 86 21 skotten
188 390 100 21 inkomna
304 389 151 22 betänkanden
471 389 41 22 och
528 389 87 29 förslag,
629 389 119 28 nämligen:

155 418 163 28 Lagutskottets
334 418 135 22 betänkande
484 418 43 22 N:o
544 420 26 20 10
586 419 6 20 i
609 418 116 28 anledning
739 418 24 21 af
778 420 31 18 ett
816 417 32 21 till
856 416 52 22 Bor-

85 446 138 29 gareståndet
245 447 116 20 inlemnadt
384 447 202 21 motionsmemorial
609 447 48 20 med
677 446 81 26 förslag
777 446 32 21 till
827 445 83 21 förord-

87 477 52 26 ning
154 475 110 28 angående
281 475 78 22 ändrad
377 475 82 29 lydelse
474 476 23 21 af
512 477 13 20 8
541 477 12 26 $
570 477 11 20 7
599 475 47 28 kap.
662 476 6 20 i
687 475 141 27 strafflagen
839 474 22 21 af
869 473 41 22 den

88 505 25 20 19
130 504 120 21 December
266 505 64 25 1889;

156 540 78 14 samma
258 533 100 21 Utskotts
381 533 136 21 betänkande
540 533 41 21 N:o
601 534 12 20 9
632 532 48 21 med
700 532 115 27 anledning
830 531 23 21 af
867 533 43 19 sär-

87 561 70 22 skilda
179 562 7 20 i
208 561 98 28 samtliga
325 561 61 22 stånd
407 561 120 22 inlemnade
543 562 115 28 petitioner
674 569 34 13 om
723 561 92 27 ändring
829 559 23 22 af
867 559 45 28 gäl-

87 590 63 21 lande
166 589 225 29 pressförordning;

154 619 223 21 Ekonomiutskottets
394 619 135 21 betänkande
545 619 41 21 N:o
602 620 12 20 6
631 619 6 20 i
653 618 116 27 anledning
780 617 23 22 af
814 620 31 18 ett
855 617 56 20 inom

85 647 26 22 R.
130 655 18 14 o.
168 649 26 19 A.
213 647 122 22 framstäldt
352 647 184 29 petitionsförslag
558 655 34 14 om
608 647 97 22 inlösen
721 647 35 20 för
771 645 141 23 statsverkets

85 676 91 27 räkning
198 675 28 23 af
244 676 41 22 för
307 676 138 27 skogsbruk
467 676 118 28 lämpliga
606 676 99 21 marker
725 677 5 19 i
751 675 105 22 mellersta
872 673 40 22 och

86 704 63 21 södra
164 704 86 22 delarne
266 704 23 21 af
304 705 83 26 landet;

156 741 79 13 samma
258 733 101 22 Utskotts
383 735 80 20 tvänne
486 733 105 22 särskilda
607 733 81 27 förslag
703 733 31 20 till
751 731 161 28 sammanjemk-

87 763 52 26 ning
154 761 23 22 af
192 761 101 22 ständens
310 762 123 29 skiljaktiga
449 762 70 21 beslut
535 762 36 21 vid
587 761 156 28 behandlingen
756 761 23 21 af
790 760 122 22 Utskottets

88 790 148 21 betänkanden
259 790 40 21 N:o
316 791 12 20 3
343 791 7 20 i
367 790 116 28 anledning
499 791 22 20 af
536 790 48 21 näd.
601 798 58 20 prop.
675 790 43 21 N:o
733 791 20 24 2,
769 789 48 21 med
833 788 80 28 förslag

87 819 32 20 till
143 819 109 21 förordning
291 819 111 28 angäende
421 819 91 22 handel
531 819 55 22 med
602 819 161 28 konstgjorda
780 817 133 28 gödslings-

87 849 89 20 ämnen
198 847 40 22 och
254 827 97 42 Pereddå
369 847 146 27 fodermedel,
522 851 54 18 samt
593 847 157 26 utsädesvaror,
765 847 40 21 och
821 846 41 21 N:o
878 847 13 20 4
907 846 6 20 i

88 876 116 28 anledning
220 876 22 21 af
257 876 48 21 nåd.
321 883 58 22 prop.
395 876 43 21 N:o
453 874 34 28 21,
497 876 111 28 angående
625 876 135 22 elektriska
771 874 143 28 anläggnin-

88 911 44 21 gar
147 905 34 20 för
196 905 107 21 alstrande
319 905 22 20 af
357 905 39 28 ljus
413 905 40 21 och
469 905 34 21 för
519 905 133 27 öfverföring
668 904 23 21 af
705 904 64 21 kraft.

158 961 103 28 Samtliga
277 961 63 22 dessa
357 961 151 22 betänkanden
525 961 40 22 och
581 961 80 28 förslag
677 961 114 21 bordlades
806 960 32 21 till
854 961 60 20 nästa

88 990 94 28 plenum.

230 1099 127 24 Publikation
373 1099 26 22 af
411 1100 76 27 utdrag
503 1106 25 16 ur
544 1100 21 22 R.
582 1105 18 17 o.
617 1100 34 21 A:s
668 1099 109 28 protokoll.

159 1155 142 22 Meddelades
323 1159 31 18 att
376 1156 48 21 från
447 1157 122 28 utgifvaren
587 1157 22 21 af
624 1157 112 28 tidningen
752 1156 48 29 Nya
823 1155 90 22 Pressen

88 1184 169 29 Jurisutriusque
273 1185 92 21 doktorn
380 1185 56 21 Axel
453 1185 55 22 Lille
524 1185 69 28 ingått
608 1185 95 28 följande
719 1185 125 21 skrifvelse:

248 1253 42 22 Till
306 1253 123 28 Höglofliga
445 1253 161 29 Ridderskapet
621 1253 41 22 och
677 1253 81 22 Adeln!

160 1304 31 21 Af
212 1304 147 22 förekommen
383 1305 100 21 anledning
523 1313 34 14 ser
579 1306 36 27 jag
639 1306 43 27 mig
706 1304 110 22 nödsakad
832 1307 31 18 att
878 1304 39 21 hos

90 1333 124 27 Höglofliga
229 1333 160 28 Ridderskapet
403 1333 41 21 och
460 1334 73 20 Adeln
549 1333 48 21 med
613 1333 48 21 stöd
678 1333 24 21 af
718 1334 27 20 10
760 1334 7 26 $
783 1333 24 21 af
818 1333 99 27 gällande

91 1360 188 29 pressförordning
301 1361 110 22 vördsamt
433 1361 85 22 anhälla
541 1370 34 13 om
595 1364 43 18 rätt
653 1364 32 18 att
701 1362 138 21 utbekomma
855 1361 41 21 och
911 1362 7 19 i

90 1390 62 28 tryck
173 1390 83 27 utgifva
272 1390 27 21 de
315 1390 76 28 utdrag
407 1398 25 13 ur
447 1390 98 22 ständets
561 1390 114 29 protokoll,
691 1398 46 14 som
752 1391 36 28 jag
803 1390 43 21 kan
861 1390 57 21 finna

91 1419 6 20 i
113 1418 154 21 allmänhetens
283 1419 90 21 intresse
389 1419 75 28 nödigt
479 1422 32 18 att
527 1419 156 28 offentliggöra.

160 1447 139 28 Helsingfors
315 1447 41 21 den
373 1449 12 20 6
401 1448 62 28 April
481 1449 62 20 1900.

679 1487 55 22 Axel
749 1487 58 22 Lille

570 1527 41 23 Nya
623 1527 86 18 Pressens
721 1527 92 22 ansvarige
826 1526 92 23 utgifvare.
