1084 1803
202 111 42 21 244
426 118 24 16 R.
464 122 17 12 o.
494 119 25 16 A.
531 118 63 17 1900.
619 118 26 17 23
657 118 66 16 Mars.

175 185 47 21 föra
238 185 69 21 denna
322 185 35 28 lag
372 185 110 28 angäende
498 186 93 21 kontroll
607 186 23 21 af
645 185 165 29 ifrägavarande
825 186 34 21 för
873 185 126 28 jordbruka-

175 221 37 14 ren
229 214 137 27 erforderliga
382 214 134 29 hjelpmedel,
531 223 48 12 men
593 223 48 12 man
653 215 38 20 har
701 215 48 20 icke
760 215 69 27 dragit
840 215 5 20 i
858 213 141 28 betänkande,

176 245 31 18 att
222 243 38 20 det
275 243 71 20 kunde
364 243 56 21 varit
437 247 31 17 ett
486 244 90 27 ingrepp
595 244 6 20 i
617 243 186 28 näringsfriheten,
818 243 28 20 dä
861 250 48 13 man
925 243 6 20 i
948 243 50 20 vära

175 271 123 27 samhällen,
307 271 100 21 särskildt
422 273 6 20 i
444 271 106 28 städerna,
560 272 63 28 yrkat
638 272 28 28 pä
681 274 72 25 sträng
770 272 39 21 och
821 271 73 28 skärpt
907 271 92 21 kontroll

175 300 62 21 öfver
258 299 207 28 landtmannavaror,
485 308 46 13 som
552 301 103 20 inlemnas
677 301 32 20 till
730 301 131 27 försäljning.
890 300 52 21 Man
962 301 38 20 har

175 329 106 27 nämligen
299 329 92 20 kontroll
407 329 27 28 pä
449 329 228 28 mjölkförsäljningen,
693 337 47 13 man
756 329 39 21 har
809 329 58 20 velat
881 329 70 20 införa
962 329 38 28 dy-

175 357 30 21 lik
221 357 92 21 kontroll
332 357 27 28 pä
377 357 206 29 köttförsäljningen,
602 358 40 20 och
661 365 47 13 man
729 358 95 20 kommer
841 361 32 17 att
888 357 71 28 fortgä
974 357 27 28 pä

175 385 71 21 denna
257 387 47 27 väg,
317 386 88 20 emedan
414 386 40 21 den
464 386 106 21 allmänna
579 386 141 21 helsovärden
731 386 82 21 fordrar
822 386 42 20 det.
886 386 114 28 Exemplet

175 414 42 20 kan
234 422 50 13 vara
299 414 107 26 haltande,
420 422 48 14 men
484 415 135 28 jemförelsen
635 422 64 21 synes
715 416 43 26 mig
773 414 56 21 dock
846 415 6 20 i
867 414 70 28 nägon
951 414 48 21 män

175 442 113 22 bindande.
318 442 41 28 Jag
375 443 36 21 vill
426 444 36 20 för
477 444 42 20 min
536 444 34 20 del
586 443 88 29 hoppas,
690 446 31 18 att
736 444 71 20 denna
822 443 34 27 lag
866 443 53 21 skall
931 443 70 21 kunna

174 476 90 23 antagas
283 472 22 20 af
320 472 128 26 Ständerna;
470 473 35 27 jag
521 472 67 21 nekar
605 472 48 21 icke
672 472 32 20 till
720 476 31 17 att
766 472 105 20 särskilda
887 472 114 27 ändringar

175 500 30 20 uti
222 501 57 20 vissa
302 500 59 21 delar
380 500 23 21 af
420 501 104 27 förslaget
543 500 106 22 mähända
668 501 59 21 skola
747 501 45 21 visa
808 501 33 27 sig
856 500 145 28 erforderliga,

175 536 48 13 men
240 536 42 20 nog
302 530 22 19 är
345 529 36 21 det
396 529 23 21 af
434 530 46 27 vigt
501 532 31 18 att
548 530 21 20 vi
585 530 38 20 hos
640 537 35 13 oss
691 537 23 13 se
730 530 32 20 till
778 532 31 18 att
825 529 47 21 icke
889 529 47 21 värt
951 528 50 22 land

174 557 91 28 specielt
284 558 54 20 skall
360 558 66 21 blifva
447 566 26 13 en
492 558 102 21 marknad
614 558 35 21 för
666 558 72 28 dylika
754 566 68 17 varor,
837 558 71 21 hvilka
924 565 76 20 genom

174 586 124 21 införandet
313 586 23 21 af
351 586 93 22 kontroll
459 588 5 19 i
481 586 170 29 grannländerna
673 587 38 21 der
726 586 47 22 icke
786 586 70 21 kunna
867 587 69 27 säljas.
960 586 41 28 Jag

176 614 37 21 ber
234 617 32 18 att
285 614 23 21 fä
327 616 6 20 i
352 615 122 21 hufvudsak
490 616 107 28 tillstyrka
619 616 131 27 antagandet
771 615 23 21 af
820 615 122 21 Utskottets
965 614 36 21 be-

174 643 115 22 tänkande.

246 700 35 21 Hr
295 701 27 21 N.
338 701 27 21 G.
381 701 30 21 M.
426 701 166 22 Grotenfelt:
622 701 44 21 Det
691 709 38 14 var
751 704 32 18 att
805 701 81 21 förutse
907 704 30 18 ait
953 709 48 13 man

176 728 48 21 frän
241 728 120 22 doktrinärt
376 729 42 21 häll
434 730 68 20 skulle
518 730 93 28 äberopa
627 730 149 28 näringslagen
793 730 40 20 och
849 729 152 27 näringsfrihe-

176 761 43 22 ten,
234 757 29 21 dä
279 758 57 21 detta
358 758 80 28 förslag
460 758 68 21 skulle
551 758 83 21 komma
651 759 68 20 under
735 758 134 28 behandling.
898 758 44 21 Det
957 758 43 26 har,

176 786 70 21 säsom
263 786 41 21 den
320 786 128 28 föregäende
464 787 64 21 ärade
543 787 81 21 talaren
640 788 65 20 redan
722 787 121 25 framhällit,
858 786 47 29 gätt
920 786 79 22 derhän

176 817 31 18 att
223 815 157 28 näringslagen,
398 816 70 20 denna
486 816 39 21 vär
543 816 140 21 ekonomiska
697 823 77 20 magna
789 816 80 26 charta,
884 816 71 20 blifvit
971 818 30 18 ett

175 843 93 27 slagord,
283 844 101 21 hvarmed
401 852 46 13 man
464 844 98 21 försöker
577 844 110 21 förhindra
698 844 65 21 äfven
775 844 26 21 de
812 845 115 27 nyttigaste
938 844 63 28 prak-

175 872 57 20 tiska
254 872 108 28 framsteg.
392 872 159 28 Förändringar
572 874 5 20 i
600 874 149 27 näringslagen
769 872 92 22 behöfva
881 872 56 22 dock
953 872 47 22 icke

176 900 65 26 alltid,
262 900 70 22 säsom
354 901 40 21 den
415 901 130 28 föregäende
565 902 64 20 ärade
649 902 82 20 talaren
745 901 91 29 yttrade,
852 902 101 20 innebära
969 902 32 20 in-

174 936 68 20 grepp
266 930 5 20 i
295 930 186 27 näringsfriheten.
516 930 42 28 Jag
581 931 37 20 ber
640 930 23 21 få
686 932 77 19 nämna
785 930 70 21 såsom
878 930 123 28 någonting,

175 957 83 21 hvilket
274 958 65 21 redan
356 959 5 20 i
378 959 148 27 näringslagen
549 959 49 28 sielf
615 959 132 26 bestämmes,
764 959 40 21 och
820 958 82 21 hvilket
917 960 38 26 gör
971 961 30 18 ett

174 993 43 20 nog
240 988 54 19 stort
317 987 89 28 ingrepp
422 988 6 20 i
444 988 149 27 näringslagen
617 988 39 20 och
679 987 35 21 vid
735 987 161 28 tillämpningen
912 987 23 21 af
950 986 51 22 den-

175 1022 87 18 samma,
277 1015 106 28 nämligen
399 1018 32 19 att
446 1016 148 28 näringslagen
611 1016 49 28 sjelf
675 1016 84 21 fordrar
774 1015 107 28 åtskilliga
896 1015 52 21 mått
961 1015 40 21 och

174 1045 48 25 steg
238 1043 47 21 från
301 1044 194 28 arbetsgifvarenes
512 1044 46 21 sida
566 1045 35 20 för
609 1044 136 28 skyddandet
757 1044 24 21 af
791 1044 135 21 arbetarenes
937 1044 64 21 helsa.

174 1071 116 28 Exemplet
310 1072 40 21 kan
373 1073 135 27 naturligtvis
529 1080 50 14 vara
598 1073 106 26 haltande,
720 1080 48 13 men
785 1073 36 20 det
837 1074 40 19 kan
894 1072 56 21 dock
966 1073 34 20 väl

174 1099 94 29 förtjena
284 1103 31 18 att
330 1101 68 20 erinra
419 1101 79 25 derom,
514 1101 27 21 då
557 1109 48 13 man
621 1109 28 13 nu
665 1103 22 19 är
702 1103 7 19 i
725 1101 48 21 färd
789 1101 47 20 med
853 1104 31 17 att
899 1101 60 21 stifta
975 1108 26 14 en

174 1128 41 27 lag,
231 1128 39 21 der
286 1129 76 28 sjelfva
387 1129 178 28 näringsfriheten
583 1130 41 21 och
639 1130 93 21 handeln
749 1129 28 29 på
797 1131 48 26 inga
867 1130 33 21 vis
920 1129 81 21 förhin-

174 1156 50 22 dras
241 1157 52 21 eller
305 1158 173 28 monopoliseras,
487 1166 47 13 men
551 1158 38 21 der
604 1166 48 13 man
669 1159 37 21 vill
721 1166 25 13 ur
761 1159 94 20 sanitära
869 1158 133 28 synpunkter

174 1185 70 21 införa
260 1193 26 14 en
302 1186 98 21 kontroll.

243 1214 43 28 Jag
306 1214 38 22 ber
366 1215 54 21 först
442 1215 23 21 få
487 1215 75 21 beröra
579 1215 65 28 några
660 1215 133 28 synpunkter
808 1216 6 20 i
830 1215 40 21 den
886 1215 67 21 första
969 1222 32 14 re-

174 1243 136 21 servationen
326 1243 35 21 för
376 1247 31 18 att
422 1244 66 21 sedan
504 1244 48 21 med
569 1244 65 27 några
651 1244 36 21 ord
706 1245 84 20 bemöta
801 1243 26 21 de
840 1243 162 28 invändningar,

174 1278 46 14 som
236 1271 40 21 här
290 1272 6 20 i
313 1272 42 27 dag
371 1272 73 21 blifvit
458 1273 137 27 frambragta.
624 1273 32 20 På
671 1273 65 20 slutet
751 1272 23 21 af
791 1273 25 20 16
832 1272 60 21 sidan
903 1272 40 21 och
954 1273 48 20 bör-

174 1300 35 27 jan
234 1299 23 21 af
280 1301 24 20 17
328 1300 124 22 framhälles
474 1304 32 18 att
528 1309 47 12 man
598 1304 58 25 trygt
679 1302 40 20 kan
744 1301 55 28 våga
815 1300 127 29 påståendet
959 1303 43 18 »att

176 1327 62 22 dessa
255 1328 255 29 Landtbruksstyrelsens
526 1329 101 28 farhågor
642 1330 48 21 icke
707 1330 121 25 besannats,
842 1332 51 18 utan
909 1331 92 19 tvärtom

174 1357 56 20 visat
252 1358 34 27 sig
308 1357 106 28 betydligt
438 1358 153 21 öfverdrifna».
621 1358 42 28 Jag
681 1360 22 19 är
718 1360 74 26 tyvärr
807 1358 47 21 icke
870 1359 6 20 i
892 1357 63 22 stånd
971 1360 32 18 att

174 1385 48 21 med
239 1386 77 21 siffror
332 1386 72 21 bevisa
420 1387 53 20 huru
489 1386 162 22 förhållandena
667 1395 28 12 nu
710 1387 91 28 gestalta
817 1387 38 27 sig,
866 1394 47 13 men
924 1393 78 21 genom

175 1421 26 13 en
218 1415 6 20 i
240 1413 92 29 Wiborg
352 1415 50 21 förd
426 1415 111 28 rättegång
555 1415 38 21 har
607 1415 244 28 Landtbruksstyrelsen
867 1415 56 21 varit
939 1415 5 21 i
960 1415 42 21 till-

175 1442 49 21 fälle
241 1446 33 17 att
289 1443 76 26 erfara,
384 1443 87 22 hvilken
487 1443 78 28 mängd
581 1444 144 21 amerikanskt
741 1444 34 20 frö
792 1443 71 21 blifvit
878 1443 32 21 dit
925 1444 78 27 impor-

175 1471 72 20 teradt
262 1471 41 22 och
318 1471 74 22 hvilka
408 1475 57 18 stora
480 1473 80 27 partier
574 1472 62 22 deraf
649 1473 71 20 blifvit
731 1472 66 21 sålda.
820 1472 57 21 Från
889 1471 64 22 Wasa
965 1471 38 21 har

175 1499 245 29 Landtbruksstyrelsen
437 1502 55 20 varit
507 1501 7 20 i
529 1501 84 21 tillfälle
629 1501 93 21 inhemta
738 1504 32 18 att
785 1508 26 14 en
827 1504 45 18 stor
887 1501 78 28 import
979 1500 24 21 af
