1084 1761
200 122 26 21 94
438 129 24 16 R.
476 133 17 12 o.
507 129 25 16 A.
546 129 61 16 1900.
629 128 26 17 10
667 128 62 17 Febr.

224 236 143 27 Björneborgs
382 236 62 22 stads
460 236 72 27 bidrag
547 236 30 22 till
601 236 224 28 Björneborgsbanans
847 236 102 27 byggnad.

239 304 33 21 Af
294 304 57 22 Herr
372 304 66 28 Hugo
457 305 138 21 Rosenlew
609 305 56 21 hade
681 305 74 21 vidare
770 305 113 21 inlemnats
899 307 32 19 ett
945 305 54 27 peti-

171 333 139 27 tionsförslag
328 333 110 28 angäende
454 334 74 21 staden
544 334 146 27 Björneborgs
706 333 128 21 frikallande
849 333 48 21 frän
913 333 86 21 fortsatt

172 361 129 28 erläggande
323 362 23 20 af
368 362 36 21 det
426 362 35 21 för
483 362 310 28 Björneborg-Tammerfors
816 362 89 28 jernväg
919 361 80 22 utfästa

172 390 75 28 bidrag
270 390 23 20 af
308 391 75 25 25,000
402 391 59 21 mark
477 398 34 14 om
527 391 52 27 året,
595 391 41 21 och
652 398 38 14 var
705 390 60 22 detta
796 390 202 27 petitionsmemorial,

171 425 45 15 som
232 418 24 22 af
270 418 57 22 Herr
341 419 114 21 Rosenlew
470 420 117 28 upplästes,
603 420 23 20 af
641 419 95 29 följande
753 398 90 49 lydelse:

460 511 120 22 Vördsamt
595 511 120 22 Memorial.

240 567 76 22 Såsom
340 569 66 20 kändt
422 569 91 20 förband
533 570 33 26 sig
582 568 75 21 staden
674 567 133 29 Björneborg
823 569 6 20 i
845 567 58 22 tiden
919 571 32 18 att
965 568 34 21 för

172 596 307 28 Björneborg—Tammerfors
494 598 89 27 jernväg
599 597 86 27 erlägga
701 604 26 14 en
743 596 129 21 subvention
889 596 50 21 eller
955 596 43 21 mä-

172 624 71 21 hända
266 626 78 20 rättare
364 628 30 18 ett
409 626 139 27 trafikbidrag
563 626 23 20 af
601 626 76 25 25,000
694 625 59 21 mark
769 625 81 27 årligen
866 626 6 20 i
888 625 63 28 högst
966 625 32 28 fy-

171 653 54 21 ratio
241 653 30 26 år,
286 654 55 20 dock
357 654 90 21 sälunda
463 657 31 18 att
510 654 98 28 bidraget
623 654 66 21 redan
705 654 138 20 derförinnan
861 654 68 20 skulle
946 661 53 21 upp-

172 681 58 27 höra,
252 682 89 21 såframt
364 682 68 22 banan
456 683 97 21 lemnade
577 683 41 21 den
641 684 60 19 ränta
723 682 12 21 å
753 682 246 28 anläggningskapitalet

172 714 69 17 staten
265 710 78 28 ansåge
367 712 33 27 sig
422 712 50 20 böra
496 712 93 21 beräkna
605 711 13 21 å
633 712 46 20 sina
694 712 119 27 jernvägar.
843 711 65 21 Detta
939 710 59 28 bidrag

171 738 38 22 har
224 739 120 21 sedermera
359 740 69 21 under
442 740 50 21 åren
510 741 141 20 1892—1897
668 740 23 20 af
705 740 76 20 staden
798 740 84 27 erlagts.
905 739 43 21 För
958 740 41 20 föl-

171 767 63 28 jande
258 775 38 13 sex
318 768 24 21 år
364 768 108 22 befriades
487 768 76 22 staden
579 768 118 22 emellertid
713 768 28 28 på
757 768 72 21 derom
845 768 61 28 gjord
922 768 74 21 under-

172 796 65 27 dånig
253 797 94 21 ansökan
367 797 47 21 från
430 800 32 18 att
477 798 86 27 erlägga
579 797 102 28 bidraget,
698 796 106 22 beroende
820 796 66 28 derpå
901 800 32 18 att
947 796 51 22 den-

171 832 87 20 samma,
274 826 6 20 i
296 826 152 28 sammanhang
464 826 47 20 med
527 826 125 21 utförandet
667 826 23 20 af
705 825 41 21 den
763 825 36 21 vid
817 826 53 20 1897
882 825 34 21 års
929 825 69 21 landt-

172 852 42 28 dag
230 852 97 22 beslutna
342 854 138 28 Mäntyluoto
496 854 75 26 banan,
587 854 69 21 utfäst
671 855 33 26 sig
720 854 90 21 bekosta
826 854 27 20 de
869 854 47 20 med
928 854 70 21 denna

170 881 90 28 jernväg
278 882 102 21 förenade
395 882 152 21 hamnarbeten
564 883 35 21 vid
617 883 142 27 Mäntyluoto,
775 882 34 21 för
824 882 72 21 hvilka
912 882 86 21 kostna-

171 909 66 22 derna
260 910 132 22 beräknades
408 911 72 28 uppgå
494 911 32 21 till
542 911 74 21 inalles
633 911 109 26 1,670,000
759 911 59 20 mark
833 911 41 20 och
889 918 44 13 som
950 911 47 21 med

170 938 78 28 afdrag
270 939 23 20 af
314 942 81 18 statens
418 939 75 28 bidrag
512 940 96 21 åsamkat
624 940 75 21 staden
716 947 25 13 en
758 939 123 28 uppoffring
896 939 23 21 af
934 940 64 20 minst

172 967 110 27 1,110,000
299 968 64 21 mark.

241 996 32 21 Af
288 996 222 29 Jernvägsstyrelsens
526 997 162 21 årsberättelser
704 996 99 28 framgår,
814 999 31 18 att
857 996 68 21 banan
937 996 62 28 Björ-

170 1025 255 28 neborg—Tammerfors
440 1025 80 21 lemnat
536 1033 25 13 en
577 1026 166 20 netto-inkomst

386 1082 34 21 för
436 1084 54 20 1896
507 1083 23 21 af
545 1084 56 20 circa
618 1084 89 25 196,000
724 1083 59 20 mark

401 1120 9 11 »
436 1112 52 20 1897
515 1120 9 11 »
567 1120 9 11 >
616 1112 90 24 220,000
738 1120 9 10 >

400 1149 9 10 >
436 1141 54 20 1898
516 1150 8 9 >
568 1149 9 11 >
617 1141 89 25 345.000
739 1149 8 10 >

169 1196 152 21 Inkomsterna
344 1197 34 20 för
400 1197 24 20 år
442 1198 55 20 1899
513 1197 62 20 torde
591 1197 67 28 enligt
673 1197 86 28 uppgift
776 1197 46 20 visa
838 1204 26 13 en
880 1197 80 27 ökning
975 1197 24 20 af

169 1225 58 20 circa
250 1225 76 26 60,000
349 1225 59 21 mark
432 1225 40 21 och
494 1225 90 21 sålunda
607 1225 72 28 uppgå
702 1226 31 20 till
750 1225 65 28 något
831 1225 61 21 öfver
907 1226 91 25 400,000

169 1253 65 21 mark.
266 1253 77 22 Denna
358 1254 165 21 netto-inkomst
539 1257 119 18 motsvarar
673 1254 64 21 redan
755 1261 28 13 nu
799 1253 90 28 ungefär
905 1255 10 19 3
926 1254 27 26 %/,
970 1253 27 29 på

169 1282 252 28 anlägeningskapitalet,
444 1283 40 20 och
508 1283 47 20 med
572 1283 63 20 säker
649 1283 155 27 förutsättning
820 1290 33 13 om
870 1282 128 21 inkomster-

169 1317 38 14 nas
230 1312 97 26 stegring
349 1311 24 20 är
395 1311 55 21 efter
473 1311 23 20 är
518 1313 23 18 är
564 1311 41 20 den
621 1311 102 28 tidpunkt
738 1314 59 17 snart
812 1311 56 25 inne,
883 1311 28 20 dä
927 1311 68 20 banan

168 1339 82 20 lemnar
273 1339 41 20 den
337 1341 61 19 ränta
420 1339 12 21 &
456 1339 250 28 anläggningskapitalet,
723 1347 46 14 som
785 1342 68 18 staten
869 1339 61 21 torde
946 1347 51 13 anse

168 1368 33 27 sig
217 1367 52 21 böra
286 1367 92 21 beräkna
394 1368 13 21 å
422 1369 46 20 sina
483 1369 118 26 jernvägar.

237 1396 36 21 Dä
288 1404 28 13 nu
332 1396 164 27 ifrägavarande
512 1397 80 27 bidrag,
607 1404 46 13 som
669 1396 46 21 äter
729 1396 49 21 frän
794 1396 40 21 och
849 1396 47 21 med
908 1396 23 21 är
943 1397 55 20 1904

168 1431 51 14 vore
235 1427 32 18 att
283 1425 101 27 erläggas,
404 1425 43 28 just
463 1426 5 20 i
485 1425 140 21 betraktande
641 1425 22 20 af
679 1425 26 21 de
721 1429 58 17 stora
794 1425 147 28 uppoffringar
955 1428 43 17 sta-

168 1452 41 21 den
226 1453 68 20 iklädt
310 1454 33 26 sig
358 1453 35 21 för
408 1453 136 28 Mäntyluoto
559 1454 70 25 hamn,
644 1453 87 21 hvilken
747 1453 64 21 hamn
828 1454 71 20 säkert
913 1453 85 21 medför

168 1482 68 20 större
251 1484 61 25 nytta
332 1482 35 20 för
382 1482 73 20 landet
471 1483 6 19 i
492 1482 49 21 dess
557 1482 72 20 helhet
644 1484 26 18 än
687 1482 33 20 för
735 1482 146 27 Björneborgs
897 1481 47 21 stad
961 1489 36 13 en-

168 1509 72 27 skildt,
256 1510 92 27 oskäligt
364 1510 84 21 komme
464 1513 31 18 att
511 1510 92 28 betunga
619 1510 87 21 stadens
722 1510 67 22 redan
803 1510 52 29 eljes
866 1510 130 27 ansträngda
