1081 1761
250 123 163 21 Inteckning.af
422 122 313 21 skogsafverkningskontrakt.
836 117 41 20 283

79 191 123 28 gavarande
217 191 134 28 bestämning
366 193 25 19 är
405 198 57 14 mera
478 191 23 21 af
516 190 84 22 formell
615 192 26 20 än
653 190 69 28 saklig
733 190 110 22 innebörd.
865 190 42 20 Det

80 220 68 28 ligger
169 221 6 20 i
198 220 77 20 sakens
298 223 62 18 natur
382 223 37 21 att,
435 227 34 13 om
485 220 66 21 ocksä
567 222 30 18 ett
613 219 69 29 dylikt
697 219 75 28 tillägg
787 218 48 22 icke
851 218 56 21 före-

79 249 84 21 funnes,
182 248 118 21 domstolen
320 248 36 22 vid
376 248 151 22 meddelandet
545 248 23 21 af
583 248 125 28 inteckning
724 248 23 21 af
762 250 31 18 ett
808 246 98 28 skogsaf-

80 277 219 28 verkuingskontrakt
321 277 54 28 egde
397 277 84 28 pröfva,
504 276 104 21 huruvida
624 276 75 21 aftalet
715 276 192 21 öfverenstämmer

80 305 46 21 med
151 305 35 28 lag
207 305 50 21 eller
273 305 53 22 icke.
356 305 44 21 Det
415 305 116 28 föreligger
546 305 118 21 emellertid
681 305 45 21 skäl
744 307 31 18 att
790 305 72 26 intaga
879 311 26 13 en

80 334 134 27 bestämning
236 334 6 21 i
265 333 60 22 detta
345 334 56 28 syfte
423 333 34 22 för
480 337 31 18 att
526 334 106 28 inskärpa,
648 337 31 17 att
694 341 27 13 en
737 333 169 21 öfverensstäm-

80 363 64 21 melse
168 362 47 21 med
238 362 230 28 skogslagstiftningen
484 363 6 20 i
506 362 103 21 afseende
625 362 13 21 &
653 362 125 21 kontraktet
796 361 54 21 skall
866 368 41 19 ega

79 399 52 14 rum.
161 391 65 21 Hvad
249 391 66 21 sedan
340 391 100 21 beträffar
463 391 212 28 afverkningstidens
694 390 72 28 längd,
782 389 72 22 kunde
870 389 37 21 det

78 421 22 27 ju
116 420 114 21 förefinnas
246 420 57 21 vissa
319 420 46 21 skäl
381 423 31 18 att
427 419 95 22 förkorta
538 419 129 26 densamma,
684 427 47 13 men
742 419 13 21 &
766 419 65 21 andra
845 418 61 21 sidan

80 450 38 19 bör
140 448 38 21 det
199 451 59 26 tagas
282 449 5 20 i
312 448 141 21 betraktande
474 451 31 18 att
521 448 184 27 skogsindustrins
721 449 105 20 intressen
842 453 64 22 synas

78 477 74 21 fordra
173 479 31 19 att
222 477 129 28 afverkning
370 477 67 21 under
453 477 72 28 längre
542 477 29 20 tid
589 477 40 20 kan
646 477 44 21 ske.
721 476 129 28 Derigenom
868 475 40 21 blir

79 506 161 27 skogsköparen
263 505 48 22 icke
333 506 24 21 sä
381 506 107 21 beroende
507 505 23 22 af
545 505 107 28 tillfälliga
667 505 198 28 prisfluktuationer
880 503 28 28 pä

80 535 130 20 marknaden
229 534 40 22 och
287 536 23 19 är
316 528 11 39 i
347 535 84 20 tillfälle
450 537 31 18 att
503 535 97 27 företaga
616 534 156 27 afverkningen
789 533 27 29 pä
832 540 25 13 en
874 532 34 21 för

80 563 78 21 honom
180 563 123 28 lämpligare
324 563 37 21 tid.
398 563 35 21 Då
455 563 65 21 äfven
545 563 161 21 vederbörande
730 561 178 29 fackmyndighet

80 591 97 21 förordat
201 599 26 13 en
251 591 66 21 sådan
340 591 181 27 tidsbestämning
535 599 46 13 som
597 592 34 26 &:n
648 590 124 27 innehåller,
788 590 69 22 skulle
873 590 35 27 jag

80 620 34 21 för
137 621 43 20 min
205 620 33 21 del
263 620 50 28 vilja
336 620 87 21 förorda
445 620 158 28 godkännande
619 620 23 20 af
658 619 145 22 betänkandet
820 618 87 22 ocksä
892 614 17 38 i

60 661 2 2 :
80 648 70 22 denna
166 648 40 22 del.

150 706 34 20 Hr
200 706 113 21 Linder:
330 706 42 21 Om
388 707 35 27 jag
440 714 27 13 nu
484 706 72 21 ställer
567 706 44 28 mig
622 706 26 28 pä
659 706 185 27 skogsköparenes
857 703 52 26 sida,

80 734 24 21 sä
121 736 24 19 är
160 734 37 21 det
215 734 78 25 derför,
308 738 31 17 att
353 735 36 27 jag
404 742 64 14 anser
483 734 58 22 detta
557 742 50 14 vara
623 735 35 21 för
673 734 58 21 säväl
748 734 160 27 skogsköparen

80 770 45 13 som
142 763 89 27 säljaren
249 763 153 28 förmänligast.
431 763 44 28 Jag
490 763 49 21 ville
556 763 82 28 påpeka
655 766 32 17 att
706 764 1 19 i
734 764 5 19 2
759 770 61 13 mom.
838 761 23 21 af
875 762 34 25 18

80 791 92 21 faktiskt
193 791 144 22 förekommer
351 799 26 13 en
393 792 83 27 ganska
491 795 45 18 stor
551 793 103 20 orättvisa
671 795 57 17 emot
742 791 168 27 skogsköparen,

81 820 109 27 nämligen
213 820 48 26 den,
284 823 31 18 att
334 827 25 14 en
376 828 28 20 ny
420 820 35 28 lag
471 821 41 20 kan
528 820 65 21 hafva
609 828 26 13 en
652 820 117 21 retroaktiv
786 819 79 21 verkan
882 817 28 29 pä

81 849 53 20 hans
149 850 47 19 rätt.
227 849 48 20 Den
293 849 40 20 kan
350 849 124 28 derigenom
490 849 147 21 ästadkomma
653 852 32 18 att
696 848 27 21 de
735 849 45 20 ofta
792 849 42 20 rätt
844 847 66 28 dryga

82 877 123 28 penningar,
227 884 45 14 som
295 877 94 28 köparen
413 878 44 27 lagt
480 881 23 17 ut
523 878 35 20 för
573 885 26 13 en
618 877 107 28 rättighet,
741 877 67 21 blifva
824 875 86 28 mycket

80 905 104 21 riskabelt
200 906 117 28 placerade.
336 906 33 28 Ty
385 913 33 13 om
430 914 26 13 en
468 914 27 20 ny
507 906 34 28 lag
552 914 115 19 emanerar,
679 913 45 14 som
737 904 126 22 inskränker
874 903 36 21 det

81 941 46 14 som
144 934 160 28 skogsköparen
321 934 47 22 från
385 935 74 28 början
475 935 66 21 afsett
556 937 31 18 att
603 934 23 21 få
641 935 62 27 köpa,
719 934 23 21 sä
758 934 38 20 har
808 934 42 20 han
862 932 48 21 fak-

81 963 53 21 tiskt
154 964 63 26 ingen
233 963 99 21 säkerhet
349 963 33 21 för
397 963 27 21 de
440 964 119 27 penningar
573 963 41 21 han
631 964 73 26 utlagt.
734 962 66 22 Hvad
816 961 46 21 äter
878 960 32 22 af-

82 992 63 20 talets
165 991 63 28 längd
245 992 51 20 eller
313 992 26 21 10
354 992 23 20 är
393 992 106 26 beträffar,
515 1000 62 13 anser
591 992 36 28 jag
642 995 32 17 att
689 992 37 20 det
741 993 23 19 är
780 991 36 20 det
832 990 77 20 minsta

81 1027 47 14 man
146 1020 41 20 kan
204 1020 109 28 medgifva
329 1020 33 21 för
377 1028 26 13 en
419 1021 146 27 skogsköpare
581 1020 40 22 och
637 1023 15 18 t.
668 1028 18 13 o.
703 1028 25 13 m.
744 1020 34 20 för
792 1027 26 13 en
832 1019 76 27 skogs-

81 1048 75 28 säljare
181 1050 23 20 är
226 1048 37 22 det
284 1050 5 20 i
313 1048 28 22 de
363 1049 60 21 flesta
440 1049 37 21 fall
493 1050 81 26 ganska
589 1049 60 21 svärt
670 1052 38 23 att,
723 1048 123 28 isynnerhet
862 1046 45 22 ifall

81 1078 78 27 partiet
174 1079 24 19 är
213 1077 132 28 någorlunda
360 1081 59 23 stort,
435 1078 88 28 försälja
539 1078 36 20 det
591 1078 28 28 pä
634 1078 82 20 mindre
732 1079 26 19 än
776 1078 26 20 10
818 1076 24 21 är
857 1075 52 21 eller

81 1106 53 20 allra
150 1106 64 21 minst
228 1106 28 28 pä
271 1106 24 21 sä
310 1106 49 21 kort
375 1106 37 26 tid,
427 1114 46 14 som
489 1108 12 19 5
517 1106 29 25 år,
565 1106 89 21 emedan
671 1106 36 21 det
722 1106 46 21 dels
783 1105 35 21 för
833 1104 76 28 skogs-

82 1134 94 28 köparen
194 1136 24 19 är
232 1134 60 22 svårt
307 1138 31 18 att
353 1135 90 21 afverka
458 1135 47 21 hela
521 1136 78 27 partiet
615 1135 27 28 pä
657 1135 70 21 denna
744 1134 60 21 korta
821 1133 30 21 tid
868 1132 40 22 och

81 1163 38 20 det
137 1163 47 20 dels
200 1163 41 21 kan
257 1164 67 20 finnas
339 1171 27 13 en
382 1164 34 20 hel
432 1171 70 14 massa
517 1164 183 27 omständigheter
715 1163 70 21 såsom
802 1161 107 28 konjunk-

82 1195 63 19 turer,
168 1191 46 28 krig
237 1191 40 22 och
299 1195 71 20 annat,
390 1199 45 14 som
456 1194 51 26 göra
523 1196 31 17 att
568 1192 28 21 all
614 1192 136 27 afverkning.
761 1190 65 22 under
842 1189 66 28 några

81 1220 25 21 år
128 1219 68 22 måste
219 1220 113 21 inhiberas.
362 1220 53 22 Fem
437 1221 25 20 år
479 1223 24 18 är
513 1220 94 21 sålunda
621 1221 68 27 enligt
704 1222 43 19 min
762 1219 65 21 tanke
843 1226 26 14 on
885 1218 25 21 sä

98 1255 35 15 ass
148 1248 48 21 kort
211 1249 37 25 tid,
263 1252 32 17 att
309 1256 26 14 en
352 1249 149 21 bestämmelse
516 1249 80 21 -derhän
608 1249 69 21 skulle
692 1249 2 20 i
707 1249 75 26 många
793 1248 38 21 fall
843 1247 67 28 omöj-

88 1277 76 27 liggöra
179 1277 34 21 för
228 1277 94 28 köparen
338 1277 41 22 och
394 1278 34 21 för
444 1278 89 28 säljaren
549 1281 32 18 att.
595 1279 101 27 upprätta.
712 1281 30 17 ett
759 1276 107 21 kontrakt.
880 1289 25 6 ;;.

134 1346 2 2 +
151 1333 63 22 Efter
237 1334 86 21 härmed
346 1334 94 22 afslutad
464 1321 123 36 -diskussion
603 1334 160 22 öfvorlemnade'
778 1333 34 22 Hr
828 1319 83 35 Ländt-

82 1362 142 26 marskalken,
245 1363 26 28 pä
292 1363 69 27 grund
384 1363 23 21 af
427 1363 27 22 de
468 1363 107 21 deriinder
590 1363 125 21 framstälda
730 1361 132 30 yrkandena,
879 1361 31 21 till

82 1391 26 21 R.
124 1398 18 14 0.
158 1392 40 20 A:s.
214 1391 132 22 besvarande
362 1391 95 28 följande
473 1393 81 20 tvänne
901 1400 4 9 :

301 1448 393 28 Omröstningspropositioner:

124 1523 7 2 +.
143 1494 51 31 d10..
221 1504 36 21 De
273 1504 73 22 hvilka
361 1504 116 28 godkänna
488 1495 215 37 Utskottets-förslag
715 1486 133 51 beträffande
859 1501 53 22 tidse

85 1533 161 28 bestämningen
263 1533 23 21 af
302 1534 26 20 10
343 1533 29 26 år,
388 1535 58 19 rösta
460 1533 30 28 ja;
