1081 1778
184 115 40 20 136
419 122 25 16 R.
459 127 17 11 o.
489 122 25 16 A.
527 122 62 17 1900.
614 122 24 17 16
651 122 62 16 Febr.

154 189 36 20 vid
205 191 23 18 är
243 189 75 21 afsedd
335 192 31 18 att
381 189 117 27 bedrifvas,
513 190 48 21 icke
577 190 55 21 blott
648 190 87 27 pröfvas
746 190 23 21 af
779 191 140 26 guvernören,
930 194 50 17 utan

153 219 134 26 guvernören
310 218 53 21 skall
386 218 111 21 hemställa
520 218 92 22 Senaten
636 219 37 21 sitt
696 219 76 26 utslag.
801 218 42 28 Jag
862 218 37 21 har
916 218 64 21 redan

153 246 120 27 medgifvit,
295 249 31 18 att
348 247 57 21 detta
421 247 41 21 kan
480 255 50 13 vara
546 247 128 21 motiveradt
691 247 47 21 med
754 247 103 21 afseende
873 247 11 20 ä
901 247 80 20 kredit-

154 275 115 21 väsendets
292 275 100 21 särskildt
415 276 80 27 vigtiga
519 275 154 24 beskaffenhet,
696 283 47 14 men
767 283 48 13 man
836 275 68 21 mäste
921 275 60 28 fräga

153 304 39 27 sig,
207 303 88 21 hvarför
310 303 103 22 Senatens
429 304 269 28 Ekonomiedepartement
713 305 46 21 icke
776 305 40 20 kan
833 304 28 28 pä
877 304 65 21 basen
958 304 23 20 af

153 332 37 21 det
205 332 117 21 hemstälda
331 333 91 26 utslaget
430 333 74 27 afgöra
518 341 26 13 en
552 333 66 21 sådan
629 333 66 27 fråga.
711 333 68 21 Söker
790 341 47 12 man
849 333 69 27 någon
931 339 49 14 ana-

153 360 42 28 logi
212 362 5 19 i
233 360 91 28 tidigare
346 361 150 27 författningar
517 362 34 20 för
566 365 30 17 ett
612 361 76 21 sädant
704 361 125 28 stadgande,
844 361 23 21 sä
883 361 34 21 fär
932 368 47 13 man

153 388 27 22 dä
196 388 70 22 vända
288 390 32 27 sig
335 390 31 20 till
384 390 52 21 1892
454 390 33 20 års
504 390 127 28 förordning
646 390 111 26 angående
774 390 100 26 Senaten,
891 389 38 21 der
944 389 37 21 det

153 418 5 20 i
182 418 27 20 98
234 418 17 25 $,
274 419 27 19 30
316 418 40 21 och
372 419 26 20 35
414 418 120 28 punkterna
550 420 23 19 är
589 418 105 28 stadgadt,
710 422 32 17 att
757 418 61 27 fräga
834 426 33 13 om
884 418 95 21 tillständ

152 449 32 17 att
199 446 88 21 insamla
303 446 67 22 medel
386 454 77 20 genom
479 448 80 20 kollekt
581 451 55 17 samt
651 447 61 28 fräga
726 455 34 13 om
772 447 95 21 tillständ
880 450 32 18 att
923 446 56 22 bilda

152 475 101 27 sällskap,
274 475 122 28 föreningar
418 476 41 21 och
481 476 110 25 stiftelser,
615 476 88 28 pröfvas
726 476 23 20 af
764 475 92 21 Senaten
873 476 6 20 i
896 476 83 20 samråd

153 503 47 21 med
224 503 233 29 Generalguvernören.
489 504 45 21 Här
556 504 116 28 föreligger
690 504 55 22 dock
762 504 41 21 den
819 504 114 26 olikheten,
949 507 31 18 att

152 532 27 21 de
194 532 150 28 ansökningar,
359 533 31 21 till
406 533 73 21 hvilka
496 533 36 21 det
548 541 50 20 nyss
615 533 89 21 berörda
720 532 143 28 stadgandet
857 528 13 37 i
877 534 54 20 1892
946 532 33 21 års

152 560 129 28 författning
303 561 77 21 hänför
400 562 38 28 sig,
462 562 47 21 icke
532 562 61 21 stöda
617 563 32 26 sig
671 562 28 27 på
713 562 124 28 speciallag,
853 570 44 13 som
914 561 64 21 redan

152 589 78 28 tydligt
244 590 69 21 skulle
329 591 92 26 angifva,
437 591 53 20 huru
507 591 123 21 beskaffade
646 591 161 27 föreningarnas
824 591 87 27 stadgar
927 590 51 21 böra

152 626 56 13 vara.
238 618 51 21 Men
313 620 5 19 i
342 619 67 21 likhet
425 619 46 21 med
489 619 128 28 stådgandet
633 621 4 19 i
656 621 53 20 1892
726 620 34 20 års
776 619 134 28 författning,
926 618 53 21 lider

152 647 37 20 det
211 655 28 12 nu
263 647 119 28 föreslagna
405 648 128 27 stadgandet
555 649 78 27 jemväl
652 649 23 20 af
690 656 25 13 en
732 648 107 27 väsentlig
855 647 123 29 otydlighet.

152 675 55 21 Huru
271 676 13 20 N
301 684 47 13 man
364 677 68 21 förstå
447 677 118 28 uttrycket:
587 678 17 19 »i
621 677 83 20 samråd
721 677 48 20 med
785 677 193 27 generalguvernö-

152 712 48 12 ren»
209 705 9 19 ?
273 706 18 19 ör
314 705 42 20 min
376 705 34 21 del
426 705 35 21 mä
475 706 36 27 jag
526 705 101 21 särskildt
643 705 118 24 framhålla,
778 709 31 17 att
823 706 35 26 jag
874 705 47 21 icke
938 705 39 20 kan

152 732 56 21 finna
230 736 66 18 annat
318 735 27 19 än
367 737 31 17 att
413 741 25 13 en
455 734 111 20 samrädan
584 734 75 20 mellan
676 734 93 21 Senaten
785 733 41 21 och
841 734 50 20 dess
907 733 72 21 ordfö-

151 761 65 21 rande
233 762 6 20 i
255 761 27 21 de
298 762 60 20 flesta
373 762 73 28 frägor
462 770 50 13 vore
528 762 135 28 synnerligen
680 762 115 25 önskvärd,
811 770 46 13 men
922 762 57 20 afser

152 790 86 20 härmed
259 798 25 12 en
301 790 82 28 verklig
399 791 98 27 kollegial
514 791 119 25 samrädan,
649 791 67 21 under
731 791 87 21 hvilken
835 790 142 21 ordföranden

152 818 132 21 omedelbart
302 819 40 21 kan
359 820 74 28 utbyta
449 820 80 27 äsigter
544 820 47 20 med
609 820 145 20 ledamöterna
769 819 40 21 och
825 819 70 21 säsom
912 819 66 21 resul-

151 850 31 18 tat
204 847 24 21 af
246 847 86 21 hvilken
349 848 112 21 saumrädan
478 856 25 13 en
521 848 97 28 kollegial
635 849 133 27 omröstning
784 856 49 20 eger
848 856 52 14 rum,
916 848 63 20 hvar-

152 875 35 21 vid
204 875 155 22 ordförandens
376 880 71 18 votum
464 877 37 21 har
517 878 32 20 sin
565 878 6 20 i
587 877 61 27 lagen
665 876 105 28 stadgade
786 876 115 28 betydelse.
926 876 51 21 Men

151 912 28 13 nu
195 904 61 21 torde
272 905 160 28 tillämpningen
448 906 23 20 af
487 906 54 20 1892
558 906 33 20 års
608 906 129 26 författning
753 905 64 21 hafva
833 905 50 21 stält
905 906 32 26 sig
948 905 30 25 sä,

151 935 31 18 att
198 932 239 27 Generalguvernörens
453 934 102 27 ställning
568 934 31 21 till
611 934 142 28 nyssberörda
764 933 73 28 frägor
849 934 71 20 blifvit
937 933 40 21 den

152 961 22 21 af
188 969 24 13 en
229 962 90 20 särskild
336 962 125 28 myndighet
483 966 110 24 gentemot
608 962 100 26 Senaten,
724 962 88 21 hvilken
824 962 66 21 skildt
901 962 33 20 för
947 963 32 26 sig

151 990 55 21 först
221 991 5 20 i
243 990 65 21 saken
326 990 96 22 besluter.
453 991 50 21 Och
518 991 37 21 det
570 992 67 20 finnes
653 991 47 21 icke
717 991 144 27 nägonstädes
875 990 104 28 angifvet,

151 1018 53 21 huru
227 1019 111 27 rätteligen
363 1020 91 21 förfaras
475 1020 44 26 bör,
538 1021 5 19 i
560 1020 102 20 händelse
679 1020 240 27 Generalguvernörens
937 1027 42 13 me-

151 1048 51 26 ning
217 1049 23 19 är
256 1055 25 13 en
298 1055 68 13 annan
382 1050 26 18 än
425 1048 110 21 Senatens.
565 1048 11 21 I
594 1050 53 20 1892
663 1048 34 21 års
713 1048 129 24 författning
857 1048 66 20 finnes
936 1048 43 20 vis-

151 1076 90 26 serligen
266 1076 6 20 i
295 1077 11 26 $
325 1077 26 20 30
367 1076 106 28 stadgadt,
488 1080 31 18 att
534 1084 34 14 om
584 1076 230 28 Generalguvernören
830 1076 47 21 icke
894 1076 85 21 förenar

150 1105 33 27 sig
205 1104 48 21 med
278 1104 91 22 Senaten
392 1107 6 19 i
421 1106 72 27 frägor
516 1113 33 13 om
571 1106 100 27 tjensters
688 1105 131 25 besättande,
835 1105 24 21 sä
875 1105 60 21 skola
951 1105 26 21 de

151 1132 141 22 underställas
314 1133 62 21 Hans
400 1134 112 28 Majestäts
535 1142 54 20 egen
605 1134 55 28 höga
676 1134 107 28 pröfning.
814 1134 65 20 Detta
895 1135 24 19 är
933 1134 21 27 ju
971 1134 5 20 i

150 1162 32 20 sin
206 1161 98 27 ordning,
324 1162 28 20 dä
375 1164 206 26 utnämningsrätten
604 1164 23 19 är
650 1170 25 13 en
695 1162 67 22 sädan
779 1162 200 28 höghetsrättighet,

150 1190 63 21 hvars
229 1190 140 28 tillämpning,
385 1191 45 21 ifall
446 1191 27 21 de
489 1191 153 28 myndigheter,
658 1191 32 21 till
707 1191 73 21 hvilka
796 1190 41 22 den
851 1190 126 28 delegerats,

150 1218 47 21 ieke
220 1218 73 21 kunna
316 1219 66 21 blifva
406 1227 57 18 ense,
473 1216 72 24 måste
560 1220 74 27 återgå
649 1220 31 20 till
696 1220 29 20 H.
742 1220 29 20 M.
787 1219 54 28 sjelf.
872 1219 52 21 Men
940 1219 38 21 här

150 1248 23 19 är
195 1246 61 28 fråga
279 1254 33 14 om
329 1250 31 18 ett
378 1248 227 28 förvaltningsärende,
621 1256 45 13 som
682 1248 68 28 enligt
765 1249 32 19 sin
814 1251 62 17 natur
892 1247 38 21 hör
945 1248 30 20 till

150 1276 104 20 Senatens
278 1279 84 23 ressort,
384 1277 40 20 och
448 1284 47 14 man
520 1277 94 21 kommer
629 1277 141 27 ovilkorligen
787 1280 31 17 att
833 1276 96 28 aflägsna
945 1277 32 27 sig

150 1304 47 20 från
212 1304 42 20 den
271 1304 113 28 kollegiala
399 1305 125 28 ordningen,
535 1313 34 13 om
584 1305 228 27 Generalguvernören
823 1305 72 21 ställes
907 1304 70 22 såsom

150 1340 25 13 en
191 1332 55 21 skild
264 1332 124 29 myndighet
403 1334 141 20 koordinerad
561 1334 47 20 med
625 1334 99 26 Senaten,
741 1334 6 20 i
763 1334 72 20 stället
849 1333 34 21 för
894 1336 31 18 att
936 1333 41 21 han

150 1361 66 27 enligt
230 1361 100 27 gällande
346 1362 153 28 författningar
515 1362 38 21 bör
567 1362 70 21 säsom
653 1362 106 21 Senatens
775 1361 129 21 ordförande
920 1369 58 13 ome-

149 1389 85 21 delbart
248 1390 41 20 och
305 1390 135 28 personligen
459 1391 85 27 deltaga
560 1392 5 19 i
581 1391 81 21 sådana
677 1391 74 27 frågor
767 1390 51 21 eller
833 1390 40 21 ock
889 1390 88 21 alldeles

149 1418 47 20 icke
212 1418 49 20 med
276 1418 48 21 dem
340 1422 50 24 taga
406 1419 127 21 befattning.

218 1446 68 21 Detta
300 1447 118 27 stadgande
435 1449 6 19 i
458 1449 12 26 $
485 1449 14 19 8
515 1447 37 21 har
568 1447 41 21 fått
624 1455 25 13 en
667 1447 74 21 vidare
759 1448 134 27 konsegvens
905 1447 5 20 i
923 1447 12 26 $
947 1447 33 25 36,

148 1474 39 21 der
202 1474 37 21 det
255 1475 68 21 heter:
