1081 1795
267 132 92 20 Uppköp
372 132 24 16 af
405 132 151 20 skogsmarker
568 130 23 18 åt
603 132 137 16 statsverket.
848 124 39 22 367

93 207 39 14 var
154 208 41 13 van
218 202 31 19 att
270 203 49 25 taga
334 203 25 18 ut
373 200 25 21 så
413 200 86 21 mycket
514 207 45 14 som
575 200 83 28 möjligt
673 199 55 21 ifrån
745 200 32 20 sin
793 199 59 27 skog,
867 201 50 18 utan

93 231 32 19 att
139 228 38 22 det
191 229 94 27 ringaste
300 229 65 21 tänka
381 236 43 21 uppå
459 228 50 22 dess
524 228 105 21 återväxt.
653 228 34 21 Då
703 236 48 13 man
767 228 38 20 har
820 230 47 24 sagt
881 229 38 24 att,

94 264 34 14 om
144 258 112 26 meningen
273 257 47 21 med
336 257 63 21 dessa
415 257 144 28 statsskogars
575 257 66 28 inköp
657 256 69 22 skulle
742 264 51 14 vara
807 259 31 18 att
850 256 69 20 lemna

94 285 27 21 de
137 285 98 21 enskilda
251 286 156 27 skogsegarene
424 289 32 18 ett
470 285 110 21 föredöme
591 286 8 20 i
610 285 89 21 rationel
711 284 208 29 skogshushållning,

95 315 49 27 inga
160 313 66 29 inköp
241 314 24 21 af
279 322 41 13 nya
335 314 152 28 skogsmarker
502 314 69 21 skulle
586 314 35 21 för
636 314 59 21 detta
710 313 99 21 ändamål
820 320 50 14 vara
882 312 36 21 be-

94 342 84 28 höfliga,
201 350 34 13 om
256 346 76 18 endast
346 343 90 21 rationel
452 342 148 28 skogsskötsel
614 342 135 28 tillämpades
766 342 27 28 på
809 341 26 21 de
851 340 68 22 områ-

94 371 48 27 den,
165 378 45 14 som
233 370 64 22 redan
314 371 138 26 förvärfvats,
467 372 24 20 så
507 373 23 19 är
545 371 37 21 det
596 372 21 27 ju
634 371 55 21 klart
704 373 37 24 att,
757 370 28 22 då
800 370 64 28 några
880 369 39 28 dy-

95 400 43 20 lika
161 399 100 21 områden
284 400 56 21 inom
363 399 27 22 de
414 400 63 21 södra
496 400 86 20 delarne
598 400 23 20 af
636 399 74 21 landet
725 399 48 21 icke
789 399 72 21 blifvit
875 398 44 20 för-

96 428 109 25 värfvade,
228 428 51 21 slikt
297 428 111 22 föredöme
424 429 57 20 inom
497 428 63 21 dessa
576 428 60 21 delar
650 428 23 21 af
688 428 74 21 landet
777 428 47 21 icke
840 426 27 29 på
882 433 37 15 an-

95 456 48 29 tydt
165 458 43 19 sätt
231 456 40 21 kan
294 457 97 20 erhållas.
422 456 64 22 Hvad
507 456 46 21 åter
567 456 76 29 frågan
660 464 35 13 om
708 456 211 27 kommunalskogars

95 485 120 21 inrättande
239 485 105 25 beträffar,
367 485 24 21 så
414 485 38 21 har
474 486 36 27 jag
530 493 25 13 en
572 485 80 28 sorglig
668 485 122 21 erfarenhet
805 484 46 21 utaf
866 483 53 22 huru

96 513 60 22 svårt
177 513 38 22 det
235 515 23 20 är
280 517 31 18 att
325 513 37 22 vid
379 514 224 21 kommunalstämmor
619 514 85 21 komma
718 513 33 21 till
767 521 26 13 en
809 513 110 21 öfverens-

97 543 115 21 kommelse
235 542 89 21 rörande
347 542 81 21 sådana
450 543 90 28 skogars
562 542 128 25 inrättande,
705 543 51 20 enär
771 542 52 21 hvar
838 541 40 21 och
893 548 26 13 en

97 579 63 14 anser
174 572 33 27 sig
223 571 118 28 berättigad
357 574 32 18 att
403 571 29 28 på
446 573 44 19 sätt
504 571 41 21 han
562 571 34 21 för
610 571 53 28 godt
678 571 68 21 finner
760 570 48 21 från
822 571 31 20 sin
867 569 53 28 skog

98 604 50 24 taga
169 603 24 18 ut
208 599 24 22 så
247 599 86 29 mycket
347 607 46 14 som
409 600 89 28 möjligt,
513 598 55 23 samt
590 599 189 28 kommunalskogs
801 597 119 23 inrättande

97 628 58 21 afser
176 631 31 18 att
230 628 48 21 icke
297 628 44 21 förr
356 630 26 19 än
399 629 5 20 i
422 635 26 14 en
465 628 92 28 aflägsen
574 628 88 21 framtid
678 628 23 21 få
716 627 67 28 något
797 627 88 22 resultat
899 626 24 21 af

98 657 43 21 den
158 657 111 21 derstädes
285 657 98 21 bedrifna
398 657 113 21 rationella
525 657 169 28 skogsskötseln.
714 655 161 22 Instämmande
889 655 34 21 för

98 685 67 28 öfrigt
185 686 6 20 i
215 685 29 21 alt
262 685 56 21 hvad
343 685 34 21 Hr
391 685 75 21 Antell
482 693 50 20 nyss
547 685 92 28 yttrade,
655 685 38 22 ber
707 686 36 27 jag
758 685 77 21 endast
849 687 36 18 pe
895 683 28 50 på

98 714 37 21 det
150 714 142 28 allvarligaste
307 713 22 22 få
344 713 107 29 tillstyrka
467 714 130 28 antagandet
612 714 23 21 af
646 713 123 22 Utskottets
783 713 139 22 betänkande.

167 771 34 21 Hr
217 771 30 21 M.
262 779 41 13 von
320 771 180 21 Haartman:
530 771 52 21 Med
608 774 46 18 stor
676 771 187 21 tillfredsställelse
885 769 38 21 har

98 800 36 27 jag
155 800 135 27 naturligtvis
303 800 117 20 antecknat
434 799 38 21 det
486 799 124 28 understöd,
626 807 45 13 som
687 800 38 20 här
741 799 90 21 kommit
846 798 78 28 ifråga-

100 828 94 21 varande
209 828 193 28 petionsmemorial
419 828 32 21 till
467 828 40 21 del.
524 828 74 21 Annat
612 828 56 21 hade
683 829 35 27 jag
733 828 68 21 också
815 828 48 20 icke
872 827 53 21 kun-

100 860 36 18 nat
152 858 63 20 vänta
231 858 43 26 mig
289 856 28 29 på
331 856 59 22 detta
406 864 53 18 rum,
478 856 39 22 der
531 856 144 28 framsynthet
690 856 41 22 och
746 856 66 21 sundt
827 855 97 22 omdöme

100 892 33 13 om
156 885 161 21 förhållandena
341 885 24 21 så
389 886 46 20 ofta
450 886 56 27 gjort
522 886 32 27 sig
568 885 106 28 gällande.
705 885 102 21 Deremot
822 884 54 21 hade
891 884 35 27 jag

100 913 49 22 icke
174 915 73 19 väntat
269 915 43 26 mig
334 916 31 18 ett
383 913 77 21 sådant
476 913 116 27 uttalande,
604 921 46 14 som
666 913 34 21 Hr
715 913 93 28 Ramsay
824 920 49 21 nyss
888 912 39 28 gaf

101 949 35 14 oss
152 942 32 21 till
200 942 40 21 del.
270 942 51 21 Men
337 943 36 27 jag
389 942 38 21 har
442 942 48 21 icke
506 942 75 27 begärt
596 942 62 21 ordet
672 942 35 21 för
721 945 32 18 att
768 942 84 21 bemöta
867 941 59 21 detta

102 971 117 26 uttalande,
234 974 23 24 ty
272 971 35 28 jag
329 972 24 19 är
375 971 51 20 fullt
447 971 127 28 öfvertygad
598 974 32 18 att
652 970 107 29 utgången
783 970 53 21 skall
861 969 66 21 blifva

101 999 66 21 sådan
180 1007 45 13 som
238 1000 33 27 jag
279 999 76 21 önskat
367 999 48 21 den.
433 999 52 21 Men
498 999 64 21 dessa
572 999 140 28 skogsfrågor
722 999 83 21 komma
817 998 109 27 verkligen

101 1027 24 22 så
147 1028 66 21 sällan
251 1029 23 20 här
296 1028 32 21 till
351 1028 41 21 tals
414 1031 31 18 att
460 1028 114 21 frestelsen
590 1031 32 18 att
636 1035 26 14 en
678 1027 57 28 gång
751 1027 23 22 få
789 1027 43 22 tala
847 1030 24 17 ut
887 1026 40 21 och

102 1064 26 13 en
143 1056 57 28 gång
214 1056 23 21 få
252 1058 50 26 säga
318 1056 57 21 hvad
391 1064 49 13 man
456 1056 39 21 har
510 1057 27 28 på
552 1056 78 28 hjertat
644 1058 25 19 är
684 1057 33 20 för
731 1059 51 23 stor,
797 1056 34 21 för
846 1058 32 19 att
892 1055 35 28 jag

101 1085 48 22 icke
165 1085 69 21 skulle
250 1085 96 28 begagna
361 1085 44 28 mig
420 1085 24 20 af
458 1085 61 24 detta
533 1085 90 21 tillfälle.

170 1113 64 22 Först
256 1113 34 21 för
309 1113 86 29 knappa
419 1114 27 21 50
469 1113 24 21 år
511 1113 66 22 sedan
594 1113 88 22 väcktes
699 1113 120 28 Styrelsens
835 1112 40 22 och
891 1112 37 21 all-

102 1142 124 21 mänhetens
247 1142 189 28 uppmärksamhet
458 1142 28 28 på
508 1142 41 21 den
564 1145 58 18 stora
638 1141 110 29 betydelse
764 1142 40 21 och
820 1141 37 22 det
871 1144 57 18 stora

102 1170 71 27 värde,
188 1178 46 14 som
250 1171 91 21 kronans
358 1171 152 27 skogsmarker
525 1171 5 20 i
544 1171 74 20 landet
632 1171 55 20 hade
703 1170 41 21 och
757 1173 26 18 än
793 1177 57 14 mera
861 1169 67 21 måste

102 1199 83 21 komma
200 1203 31 17 att
246 1199 29 21 få.
305 1199 33 21 De
354 1201 56 24 män,
431 1207 46 13 som
492 1199 148 21 åstadkommo
656 1199 70 21 denna
742 1199 106 25 väckelse,
863 1197 66 22 hafva

102 1227 65 21 redan
189 1228 42 21 alla
253 1227 46 28 gått
320 1235 25 14 ur
367 1227 66 26 tiden,
455 1235 48 14 men
527 1228 81 21 minnet
626 1228 22 21 af
664 1227 40 22 och
720 1227 160 22 tacksamheten
897 1227 32 20 för

102 1256 63 21 dessa
181 1256 61 21 deras
257 1257 114 27 gerningar
385 1256 70 21 lefver
471 1256 41 21 och
528 1256 53 21 skall
597 1258 27 19 än
639 1256 82 21 klarare
732 1256 89 21 framstå
831 1257 6 20 i
848 1262 80 15 samma

103 1284 48 21 mån
175 1292 44 13 som
236 1285 178 28 privatskogarna
429 1285 6 20 i
452 1285 74 21 landet
541 1285 95 21 minskas
652 1285 40 21 och
708 1285 75 21 värdet
798 1285 23 21 af
836 1285 92 20 kronans

102 1313 123 28 derigenom
241 1313 58 22 ökas.

171 1341 53 21 Man
240 1345 37 24 tog
291 1343 33 27 sig
339 1342 29 20 då
383 1342 67 21 saken
465 1349 27 13 an
508 1342 48 21 med
573 1342 55 21 ifver
644 1342 41 21 och
698 1343 95 25 intresse,
805 1341 68 21 stälde
881 1341 48 20 kro-

103 1370 135 28 noskogarna
259 1370 68 22 under
349 1370 125 28 forstnärlig
496 1370 138 28 förvaltning,
657 1370 40 22 och
713 1369 112 22 efterhand
841 1376 45 14 som
902 1368 27 21 de

103 1398 74 22 blefvo
198 1400 111 27 uppmätta
331 1399 41 21 och
395 1399 107 25 afrösade,
524 1399 133 21 förklarades
681 1399 26 21 de
730 1398 34 21 för
779 1397 151 29 kronoparker,

103 1427 73 21 hvilka
199 1427 48 21 icke
268 1435 44 13 mer
327 1429 37 19 äro
379 1427 160 21 underkastade
555 1427 70 28 någon
640 1427 120 21 reduktion.
791 1427 65 21 Detta
871 1425 59 21 med-

102 1455 69 21 hanns
187 1455 56 21 dock
258 1457 73 26 tyvärr
345 1456 6 20 i
368 1455 65 22 altför
448 1456 61 27 ringa
525 1455 94 28 omfång,
631 1457 66 20 innan
707 1463 26 14 en
744 1455 97 21 reaktion
855 1455 6 20 i
873 1454 58 27 äsig-

103 1488 61 17 terna
179 1483 104 22 inträdde.
312 1483 62 22 Inom
398 1483 239 29 kronoskogsområden
660 1483 57 22 hade
735 1483 107 28 nämligen
859 1483 72 21 bosatt

103 1513 32 27 sig
151 1519 26 14 en
192 1512 78 28 mängd
286 1512 238 29 nybyggesaspiranter,
540 1520 44 13 som
601 1513 47 21 icke
664 1512 51 21 ville
731 1512 49 28 nöja
795 1513 34 26 sig
844 1510 48 23 med
903 1510 27 21 de
