1081 1770
285 129 101 16 Handeln
398 129 49 16 med
459 128 186 21 gödslingsämnen
657 133 26 11 m.
696 133 27 11 m.
846 122 40 20 345

159 197 173 22 Vidkommande
355 199 12 19 2
390 204 61 14 mom.
472 197 6 20 i
501 197 66 27 sagda
583 198 12 26 $
612 196 92 29 uppstod
720 195 95 28 följande
831 195 84 21 diskus-

89 227 55 20 sion:

157 283 33 21 Hr
212 283 27 20 N.
260 283 27 20 G.
307 283 30 20 M.
359 282 198 22 Grotenfelt:
589 282 42 21 Det
653 284 23 19 är
696 282 47 21 icke
760 285 50 18 utan
827 289 26 13 en
870 281 44 20 viss

90 311 114 28 förväning
218 312 36 27 jag
269 312 111 27 emottagit
395 311 59 21 detta
473 311 305 28 sammanjemkningsförslag.
803 309 111 22 Utskottet

90 341 62 26 säger
172 340 28 27 pä
222 347 47 21 pag.
291 341 12 20 2
327 340 64 21 bland
415 343 73 18 annat:
521 339 71 21 »Enär
614 339 90 21 sälunda
723 339 107 21 Ständens
847 338 68 21 beslut

90 368 62 28 skilja
173 369 33 27 sig
222 368 76 21 endast
313 369 48 20 med
377 368 102 21 afseende
496 368 13 21 å
523 368 109 21 storleken
648 368 23 21 af
686 368 27 21 de
729 368 137 27 varupartier,
882 367 33 20 för

90 397 71 21 hvilka
169 397 75 28 säljare
254 397 65 21 borde
327 397 113 21 ähvälfvas
449 397 135 28 skyldighet»
595 405 18 12 o.
622 404 15 13 s.
646 405 25 18 v.,
679 397 39 20 har
724 395 192 22 Ekonomiutskot-

90 428 31 18 tet
143 425 72 21 derför
237 426 112 27 föreslagit
368 426 161 27 bestämningen
547 427 26 19 10
590 425 103 27 kilogram
710 428 31 18 att
756 424 77 21 ändras
848 424 33 20 till
896 425 19 19 5.

90 454 161 21 Presteständet
266 454 38 21 har
319 454 105 28 nämligen
441 454 33 20 för
489 455 32 20 sin
538 454 35 20 del
588 454 82 27 antagit
686 454 160 26 bestämningen
858 454 12 19 5
884 452 31 21 ki-

90 483 87 27 logram,
200 482 75 22 medan
299 482 164 22 Bondeständet
486 482 106 22 förkastat
614 485 117 18 momentet
753 482 41 21 och
814 482 25 20 R.
855 488 18 14 o.
890 482 26 20 A.

90 511 96 28 godkänt
210 512 26 20 10
259 511 109 27 kilogräm.
398 511 44 21 För
465 512 42 20 min
531 511 35 21 del
589 512 42 20 kan
649 511 36 28 jag
707 518 27 13 nu
751 511 47 21 icke
813 510 57 20 finna
886 513 30 17 att

90 540 95 21 hvarken
202 541 12 20 5
230 540 51 21 eller
297 541 26 20 10
340 540 101 28 kilogram
459 542 23 19 är
497 540 23 20 af
536 540 69 27 nägon
625 540 109 28 synnerlig
750 538 116 29 betydelse,
882 538 34 21 sä-

90 576 46 14 som
158 569 36 27 jag
212 568 28 21 dä
262 568 75 28 frågan
353 572 72 18 senast
442 576 37 13 var
494 568 47 21 före
563 568 55 21 hade
634 570 50 19 iran
701 570 82 19 nämna.
813 567 43 27 Jag
870 566 46 22 häl-

91 598 31 20 ler
143 597 34 21 för
195 598 43 20 min
256 597 34 21 del
305 597 55 21 dock
376 598 46 20 förc
438 600 37 22 att,
491 597 28 21 dä
534 605 26 13 en
573 597 57 28 gäng
647 598 26 20 10
689 596 102 28 kilogram
808 603 38 13 var
860 596 55 20 före-

91 626 69 28 slaget
175 627 5 19 i
197 626 158 28 propositionen
375 626 40 21 och
432 625 181 29 Borgareständet
628 625 110 21 dessutom
747 624 116 22 behandlat
872 624 44 21 frä-

92 662 40 20 gan
156 654 68 21 under
239 654 70 22 denna
325 655 60 25 form,
401 654 24 22 sä
440 654 55 22 hade
511 654 38 21 det
564 655 55 20 varit
634 654 101 28 riktigare
751 657 31 17 att
798 653 66 21 ocksä
879 652 38 21 här

92 683 93 21 vidhålla
202 683 160 27 bestämningen
378 691 34 13 om
430 684 25 20 10
472 683 109 27 kilogram.
611 682 42 28 Jag
669 682 86 28 medger
768 683 54 20 visst
834 685 31 17 att
878 681 38 22 Ut-

91 712 81 20 skottet
186 712 86 21 formelt
287 712 48 21 icke
351 712 76 21 saknat
443 712 46 21 skäl
505 712 34 20 för
553 712 38 20 sitt
607 711 85 27 förslag.
708 711 43 21 För
767 712 42 26 mig
822 712 23 19 är
860 710 56 21 dock

91 740 207 28 vigtbestämningen
316 740 23 21 af
354 740 82 21 mindre
452 741 51 27 vigt.

160 769 52 21 Men
235 769 56 21 hvad
315 776 45 14 som
377 769 36 21 för
431 770 43 26 mig
490 769 37 21 har
542 776 26 14 en
585 768 161 28 öfvervägande
761 768 111 28 betydelse
888 770 31 23 är,

92 797 69 22 säsom
184 798 36 28 jag
235 797 64 21 redan
316 798 55 20 hade
389 800 50 18 äran
455 797 113 21 framhälla
584 798 36 20 vid
637 797 37 21 det
689 797 86 28 plenum
797 796 29 21 dä
840 796 75 28 frägan

91 826 91 27 tidigare
198 834 38 13 var
250 826 53 26 före,
318 826 145 21 uteslutandet
479 826 22 21 af
517 826 65 21 orden
601 826 40 21 salt
657 826 22 21 af
695 833 80 13 samma
790 825 67 28 slag».
874 825 44 27 Jag

92 854 95 22 försökte
203 855 28 21 dä
246 855 97 27 klargöra
358 855 139 27 hvarigenom
514 854 159 22 bibehällandet
688 854 23 21 af
726 854 63 21 dessa
801 854 38 20 ord
847 854 71 20 skulle

93 884 5 20 i
115 883 42 28 hög
172 883 52 28 grad
240 884 121 27 paralysera
376 884 157 27 författningen
549 884 39 20 och
604 884 26 20 R.
646 891 18 13 o.
681 883 25 20 A.
722 883 33 20 för
771 884 32 19 sin
820 882 34 21 del
870 885 46 18 ute-

92 911 42 22 slöt
149 911 63 22 dessa
227 912 49 27 fyra
291 911 45 27 ord,
353 919 47 14 men
417 915 66 24 antog
497 913 6 20 i
519 911 66 28 öfrigt
601 914 121 19 momentet.
751 910 165 22 Bonudeständet

92 940 34 21 för
152 941 32 20 sin
209 940 34 21 del
266 941 79 20 uteslöt
367 940 48 21 hela
437 943 123 24 momentet,
581 940 163 21 Presteständet
764 939 94 22 bibehöll
874 939 42 21 det.

92 969 62 21 Altså
174 969 67 21 hafva
259 969 37 21 två
311 969 62 21 stånd
390 969 97 21 uteslutit
502 969 66 21 orden
587 969 42 20 »alt
645 969 22 21 af
681 976 79 13 samma
777 969 58 26 slag»
853 968 41 21 och
909 969 6 19 i

92 998 160 27 propositionen
268 998 88 27 ingingo
371 997 27 21 de
414 997 47 22 icke
477 998 72 21 heller.
579 997 34 22 De
631 999 36 20 äro
683 997 89 21 tillsatta
787 997 22 21 af
827 996 91 22 Utskot-

91 1029 37 18 tet.
156 1026 42 27 Jag
220 1026 67 21 håller
309 1026 46 21 före
376 1029 33 18 att
428 1026 112 21 Utskottet
556 1026 27 28 på
598 1030 47 17 rent
660 1026 149 21 matematiska
823 1025 94 28 grunder

92 1055 48 20 icke
164 1055 48 20 bort
234 1055 71 20 kunna
332 1055 84 21 komma
435 1055 32 20 till
483 1059 65 16 annat
563 1055 90 21 resultat
667 1057 26 18 än
710 1057 31 18 att
756 1054 28 21 då
800 1054 38 21 två
853 1053 63 22 stånd

92 1083 97 21 uteslutit
204 1083 63 22 dessa
282 1084 48 27 fyra
345 1083 45 26 ord,
405 1091 46 14 som
465 1084 48 21 icke
528 1083 133 22 förekommo
673 1084 4 20 i
691 1083 47 21 nåd.
751 1091 65 20 prop.,
827 1082 24 21 sä
861 1082 55 21 hade

92 1112 58 21 detta
166 1112 48 21 bort
228 1113 75 26 utgöra
318 1112 97 27 grunden
431 1112 34 21 för
481 1112 238 28 sammanjemkningen.
749 1112 44 21 Det
808 1111 111 21 förefaller

91 1141 43 27 mig
156 1140 35 21 för
206 1141 71 27 öfrigt,
293 1148 45 13 som
354 1148 34 13 om
405 1140 132 21 beträffande
553 1141 64 20 dessa
629 1140 47 29 fyra
692 1140 37 21 ord
747 1141 70 27 någon
834 1139 82 21 mindre

92 1169 111 21 välsinnad
219 1169 21 21 fé
256 1169 68 21 skulle
340 1169 66 21 hafva
421 1172 55 25 styrt
491 1169 124 22 Utskottets
630 1169 163 28 handlingssätt,
809 1170 5 19 i
829 1168 37 21 det
876 1167 44 22 Ut-

92 1198 80 21 skottet
187 1199 7 20 i
209 1199 37 20 sitt
261 1198 67 21 första
345 1198 142 25 betänkande,
503 1205 47 20 pag.
567 1199 33 24 10,
615 1205 34 14 om
665 1197 63 22 dessa
743 1197 38 21 ord
796 1200 74 25 yttrar,
886 1199 32 18 att

91 1226 27 21 de
142 1228 76 25 utgöra
241 1226 76 21 endast
339 1229 32 18 ett
391 1226 166 29 förtydligande,
573 1226 27 21 då
615 1226 27 21 de
655 1226 56 21 dock
727 1227 6 20 i
749 1226 77 28 sjelfva
842 1225 74 22 verket

92 1256 74 26 utgöra
182 1263 26 12 en
224 1255 86 28 mycket
325 1256 68 26 vigtig
408 1255 69 27 saklig
495 1255 129 27 förändring,
653 1255 12 20 I
680 1255 37 21 det
728 1253 123 22 nuvarande
862 1261 54 14 sam-

91 1283 273 28 manjemkningsförslaget
386 1285 62 26 säger
473 1283 111 22 Utskottet
605 1284 105 27 återigen:
738 1283 71 21 »Enär
827 1281 91 22 sålunda

91 1311 107 21 Ståndens
221 1312 70 20 beslut
311 1312 78 20 endast
411 1312 63 28 skilja
498 1313 33 26 sig
554 1313 5 19 i
583 1312 102 20 afseende
701 1312 12 20 å
728 1312 107 20 storleken
852 1311 23 20 af
890 1310 28 21 de

92 1341 143 27 varupartier«
260 1343 46 23 ete.;
329 1340 41 21 och
392 1340 85 21 likvisst
500 1342 23 19 är
545 1340 69 21 denna
630 1340 84 21 skilnad
731 1340 22 21 af
768 1340 52 21 vida
836 1338 85 22 mindre

92 1368 109 28 betydelse
224 1370 26 20 än
273 1369 43 27 just
340 1368 160 22 bibehällandet
522 1369 52 21 eller
594 1368 145 22 afskaffandet
755 1369 24 20 af
793 1368 64 21 dessa
872 1367 49 21 ord.

91 1396 31 22 Pä
138 1396 41 22 den
194 1397 69 27 grund
279 1401 32 17 att
325 1397 38 21 tvä
378 1397 62 21 ständ
458 1398 97 20 uteslutit
570 1397 66 21 orden
653 1398 6 20 i
675 1397 60 27 fräga
744 1397 41 21 och
799 1396 77 22 endast
886 1398 36 18 ett.

92 1425 97 21 vidhällit
211 1426 55 24 dem,
291 1426 34 20 får
346 1426 36 28 jag
404 1426 81 20 föreslå
507 1429 32 18 att
558 1426 27 21 R.
601 1433 18 13 6.
635 1426 26 20 A.
676 1426 66 20 måtte
757 1425 108 21 vidblifva
880 1425 38 20 sitt

91 1454 56 20 förra
164 1454 69 21 beslut
248 1454 41 21 och
304 1454 93 21 utesluta
412 1454 63 21 dessa
490 1454 48 28 fyra
553 1454 38 21 ord
607 1457 56 18 samt
677 1454 155 21 återremittera
844 1454 77 20 betän-

76 1485 5 4 *
90 1482 81 21 kandet
186 1482 34 21 för
235 1486 31 18 att
281 1483 6 20 i
303 1482 77 22 sädant
395 1482 56 28 syfte
467 1482 150 28 omredigeras.
