1081 1767
197 120 27 20 88
436 126 26 16 R.
475 130 18 12 o.
505 126 26 16 A.
543 126 62 17 1900.
627 126 26 16 10
665 126 62 16 Febr.

238 194 41 25 2:0)
295 192 123 22 diskontera
433 194 95 27 delaktig
544 194 139 21 associations
700 194 81 26 vexlar;

238 222 41 24 3:0)
295 221 34 21 för
344 222 95 28 delaktig
455 223 129 20 association
600 224 71 26 öppna
687 222 244 28 kontokuranträkning;

237 251 42 25 4:0)
295 250 23 21 af
332 250 95 28 delaktig
442 252 129 20 association
587 254 94 25 mottaga
697 252 119 27 penningar
831 250 28 29 på
868 250 129 28 deposition,

169 278 205 28 sparkasseräkning
388 279 41 21 och
445 279 92 27 löpande
553 279 98 28 räkning.

238 307 116 21 Dessutom
370 309 23 19 är
408 308 105 21 anstalten
535 308 119 27 berättigad
670 311 31 18 att
716 308 28 28 på
759 308 121 28 deposition
896 308 51 21 eller
962 307 34 21 så-

169 343 45 14 som
230 336 36 20 lån
282 339 94 25 mottaga
392 337 118 27 penningar
525 336 24 22 af
564 340 70 18 staten
650 337 52 21 eller
717 337 106 21 kommun.

241 364 270 22 Centralkreditanstalten
526 365 95 28 grundas
637 365 71 21 såsom
724 368 31 18 ett
770 365 122 27 aktiebolag
904 364 48 22 med
965 367 32 18 ett

169 393 163 28 minimikapital
355 393 23 21 af
400 394 89 26 100,000
512 394 67 26 mark,
600 394 84 21 hvilket
703 401 76 21 genom
801 394 100 21 emission
917 393 22 21 af
955 400 41 21 nya

169 421 69 21 aktier
254 422 66 27 enligt
335 422 176 28 bolagsstämmas
529 422 70 22 beslut
613 422 41 21 och
670 425 51 18 utan
737 422 90 28 ändring
839 422 23 21 af
873 421 124 29 bolagsord-

169 450 78 28 ningen
265 450 42 21 kan
322 450 52 21 ökas
390 450 56 22 ända
461 451 31 20 till
509 452 111 25 2,000,000
636 451 65 21 mark.

238 478 106 22 Aktierna
359 479 82 21 indelas
457 480 7 20 i
480 479 37 21 två
533 480 67 21 serier
615 480 107 27 nämligen
739 480 152 20 stiftareaktier
906 479 41 21 och
959 486 38 14 an-

169 506 123 22 delsaktier.

239 536 201 28 Stiftareaktierna,
461 544 45 14 som
527 536 50 29 lyda
591 536 14 22 å
621 538 40 20 500
678 537 59 21 mark
753 536 40 22 och
809 536 94 27 utgifvas
919 536 32 21 till
967 539 31 18 ett

170 564 130 28 begränsadt
315 565 57 21 antal
388 565 22 21 af
426 566 41 21 200
483 569 31 22 st.,
526 566 57 20 bilda
599 566 117 20 anstaltens
729 565 155 29 grundkapital,
895 565 41 21 och
948 572 50 20 eger

169 593 106 21 anstalten
291 593 61 21 träda
367 594 6 20 i
390 594 141 26 verksamhet,
547 594 24 21 så
587 597 58 18 snart
661 594 58 21 detta
738 594 80 28 kapital
849 601 60 14 genom
926 595 70 27 öppen

168 622 104 28 teckning
288 622 126 28 förskjutits.
445 623 68 21 Dessa
529 623 69 21 aktier
613 622 23 21 få
651 623 48 21 icke
714 622 33 21 till
762 602 85 42 enskild
861 630 77 20 person
952 622 44 20 för-

168 653 68 25 yttras
252 652 64 19 innan
333 650 26 21 de
375 651 129 21 hembjudits
520 651 139 28 andelslagen
674 652 33 20 till
722 651 89 21 inlösen.

238 676 190 35 Andelsaktierna,
438 660 93 48 lydande
547 680 12 20 å
575 681 41 20 100
633 680 65 26 mark,
717 680 95 27 utgifvas
829 679 34 21 vid
880 679 117 21 anstaltens

169 707 105 21 stiftande
289 708 33 20 till
337 708 37 21 det
390 708 84 29 belopp,
489 716 46 14 som
551 708 28 21 då
595 709 41 20 kan
652 709 95 25 tecknas,
763 711 56 18 samt
833 708 120 21 sedermera
964 708 32 20 till

170 735 36 21 det
221 736 58 21 antal
295 736 171 28 bolagsstämma,
481 737 55 21 efter
551 737 102 28 pröfning
669 737 22 21 af
704 737 136 28 möjligheten
851 737 32 21 till
895 736 103 28 teckning

169 764 23 21 af
207 764 81 22 sådana
303 765 74 26 aktier,
393 766 42 20 kan
452 766 88 20 besluta.
571 765 141 21 Andelsaktie
730 765 34 21 får
779 766 88 20 tecknas
883 765 76 21 endast
974 765 23 21 af

169 793 111 28 andelslag
303 794 51 20 eller
374 802 70 13 annan
467 795 136 26 association,
625 794 34 21 för
673 794 64 21 hvars
753 794 137 21 kreditbehof
905 794 92 21 central-

170 822 106 20 anstalten
292 824 126 26 upprättats.

238 850 166 28 Kapitalreserv
424 851 67 21 bildas
511 852 66 27 enligt
596 852 131 27 banklagens
742 851 112 21 föreskrift
869 850 80 22 medels
965 850 33 21 af-

169 880 95 26 sättning
284 879 23 21 af
323 880 61 26 109,
400 880 23 20 af
438 880 126 21 ärsvinsten.
595 880 31 20 Af
638 880 41 20 den
695 880 135 21 återstående
846 879 151 27 behållningen

169 907 35 21 mä
226 907 56 21 ända
302 908 32 20 till
352 910 12 19 6
376 909 28 26 %/,
422 908 13 21 &
453 909 162 28 aktiekapitalet
635 908 82 22 utdelas
736 909 5 20 i
758 908 109 26 dividend,
887 908 110 20 hvarefter

169 938 70 18 resten
257 936 89 22 afsättes
362 937 32 21 till
409 937 123 28 ytterligare
547 938 140 26 reservering.

238 964 76 22 Såsom
328 965 23 21 af
366 965 59 21 detta
440 973 97 20 program
553 965 100 28 framgår,
669 966 84 20 komme
765 964 232 22 centralkreditanstal-

168 996 48 18 tens
231 993 80 21 rörelse
327 996 31 18 att
373 994 120 21 utsträckas
508 994 32 21 till
557 1002 25 13 en
599 994 48 21 med
663 994 102 21 afseende
771 989 10 37 ä
798 994 79 20 antalet
888 993 48 21 icke
947 1000 49 21 syn-

169 1022 95 27 nerligen
286 1022 131 21 omfattande
434 1022 124 26 kundkrets,
573 1023 139 27 hvarigenom
728 1022 42 21 den
786 1022 107 28 egentliga
907 1022 91 20 förvalt-

168 1050 80 27 ningen
265 1050 83 21 komme
364 1054 32 18 att
411 1051 66 21 blifva
493 1051 156 28 jämförelsevis
665 1051 62 21 enkel
743 1051 41 21 och
799 1051 66 27 billig.
895 1050 103 21 Däremot

168 1078 98 28 päkallar
285 1082 59 18 arten
364 1079 22 21 af
406 1079 26 21 de
455 1080 99 25 krediter,
575 1087 45 13 som
640 1080 84 20 komma
740 1082 31 18 att
787 1079 95 28 beviljas,
899 1081 30 18 ett
944 1086 54 20 nog-

168 1110 64 24 grant
254 1107 133 22 bedömande
406 1108 23 20 af
446 1108 27 21 de
489 1108 70 21 lokala
574 1108 163 28 föreningarnas
753 1108 150 27 organisation,
918 1107 80 21 ekono-

168 1136 70 20 miska
260 1135 131 29 betingelser
411 1136 41 21 och
474 1136 178 28 vederhäftighet.
685 1136 132 28 Härigenom
839 1136 107 20 erfordras
966 1139 32 17 att

168 1164 137 28 andelslagen
323 1164 23 21 af
360 1165 260 21 centralkreditanstalten
637 1165 140 21 underkastas
793 1172 26 13 en
835 1164 106 28 ingående
956 1164 41 21 och

168 1192 123 28 sakkunnig
310 1193 98 26 kontroll,
427 1201 76 20 genom
521 1194 88 20 hvilken
629 1201 25 13 en
674 1194 80 20 inblick
774 1194 75 20 vinnes
865 1194 30 19 uti
911 1192 27 21 de
953 1192 45 21 för-

168 1220 122 27 hållanden,
305 1229 45 13 som
367 1222 116 21 bestämma
503 1222 157 28 betingelserna
676 1222 33 20 för
723 1222 41 21 och
780 1222 135 28 möjligheten
933 1221 22 21 af
970 1228 26 14 en

168 1249 83 21 önskad
268 1250 75 20 kredit.
364 1250 137 22 Utöfvandet
516 1251 23 20 af
554 1250 71 21 denna
640 1250 138 28 nödvändiga
793 1250 92 21 kontroll
902 1250 96 20 kommer

168 1278 119 20 emellertid
306 1281 32 18 att
356 1278 90 28 pålägga
466 1279 260 21 centralkreditanstalten
749 1286 26 14 en
798 1278 121 28 betydande
938 1278 60 21 kost-

167 1306 49 27 nad,
235 1306 25 21 så
278 1307 86 27 mycket
381 1314 57 14 mera
459 1307 141 28 betungande,
619 1315 46 13 som
684 1307 122 21 densamma
822 1306 127 22 framförallt
965 1314 33 14 er-

167 1334 86 22 fordras
272 1334 68 22 under
358 1335 41 21 den
418 1336 67 21 första
504 1336 66 25 tiden,
589 1336 54 20 intill
659 1336 49 21 dess
723 1336 149 27 andelslagens
888 1336 109 26 organisa-

167 1363 45 21 tion
232 1363 41 21 och
292 1363 132 29 förvaltning
442 1365 77 20 vunnit
534 1364 89 28 behörig
637 1364 82 28 stadga.
748 1364 44 21 För
807 1364 191 21 centralkreditan-

167 1392 78 20 stalten
268 1392 100 21 framstår
390 1392 74 22 därför
484 1393 70 21 såsom
577 1396 31 18 ett
629 1392 167 28 önskningsmål,
817 1396 32 17 att
869 1392 128 21 härutinnan

167 1420 87 21 komma
269 1421 6 20 i
291 1420 125 28 åtnjutande
432 1422 24 20 af
471 1424 30 18 ett
511 1422 118 20 understöd
640 1429 25 13 ur
675 1421 106 21 allmänna
792 1421 79 26 medel;
881 1420 41 21 och
933 1428 63 20 synes

168 1451 31 18 ett
214 1448 79 22 sådant
308 1450 72 20 kunna
396 1450 114 21 motiveras
526 1450 64 20 äfven
607 1450 87 20 dermed
710 1452 31 18 att
757 1449 40 21 den
813 1456 77 21 genom
905 1448 93 22 central-

167 1477 107 21 anstalten
291 1477 123 21 anordnade
430 1478 120 21 kontrollen
567 1478 91 28 mäktigt
673 1478 54 21 skall
742 1478 88 28 bidraga
840 1478 32 21 till
883 1485 26 13 en
920 1480 77 25 genast
