1081 1792
198 106 42 21 410
338 138 2 2 |
434 113 24 17 R.
473 117 17 12 o.
504 113 24 16 A.
541 112 62 18 1900.
628 112 28 16 24
668 112 67 20 April

238 180 71 22 Bland
327 180 101 22 Ständets
444 180 140 22 medlemmar
599 180 55 21 hade
670 180 92 20 utdelats
779 178 40 22 och
835 178 114 22 bordlades
965 178 30 20 till

165 210 65 20 nästa
245 209 86 29 plenum

240 272 224 22 Ekonomiutskottets
489 272 67 21 andra
581 272 82 27 förslag
687 272 32 20 till
744 270 206 28 sammanjemkning
974 270 22 20 af

166 300 114 22 'Ständens
296 301 121 28 skiljaktiga
432 301 71 21 beslut
519 301 36 21 vid
573 300 157 28 behandlingen
746 300 23 20 af
785 299 123 22 Utskottets
924 299 72 21 betän-

170 329 71 21 kande
257 330 42 21 N:o
310 331 12 20 3
333 330 7 20 i
354 330 117 27 anledning
486 330 24 20 af
525 329 49 22 nåd.
589 337 60 21 prop.
664 328 42 22 N:o
722 330 12 20 2
750 328 47 21 med
814 328 82 28 förslag
910 327 33 21 till
953 327 43 21 för-

166 358 97 28 "ordning
286 358 109 28 angående
411 358 78 22 handel
506 358 46 21 med
570 357 139 29 konstgjorda
725 357 215 28 gödslingsämnen
956 355 40 23 och

167 387 97 21 beredda
280 387 131 21 fodermedel
427 390 55 18 samt
495 387 157 21 utsädesvaror.
824 394 3 4 :

309 541 127 23 Publikation
455 541 26 23 af
493 541 75 27 utdrag
585 547 25 16 ur
625 541 21 22 R.
663 547 18 16 o.
697 541 35 22 A:s
748 539 111 29 protokoll.

239 609 43 21 Till
297 610 25 21 R.
338 618 18 13 o.
372 611 26 21 A.
413 611 55 21 hade
484 611 112 21 inlemnats
613 610 95 30 följande
723 611 79 21 tvänne
818 609 153 29 ansökningar:

335 696 42 22 Till
393 696 113 29 höglofliga
522 697 159 29 Ridderskapet
696 698 41 21 och
753 697 75 21 Adeln.

239 764 48 22 Hos
309 765 158 29 Ridderskapet
490 766 40 21 och
552 766 70 22 Adeln
638 766 34 21 fär
686 767 35 27 jag
736 766 120 21 härmedels
872 765 122 21 ödmjukast

170 792 85 22 anhålla
279 801 33 13 om
335 793 102 23 Ständets
460 795 128 28 uttryckliga
612 795 95 21 tillstånd
731 794 34 22 för
788 796 42 26 mig
845 795 53 21 att
893 788 13 40 i
930 802 25 13 den
972 794 22 21 af

168 822 44 27 mig
227 822 124 28 redigerade
366 823 111 28 tidningen
494 824 146 28 Aftonposten
656 824 55 21 efter
725 823 153 29 godtfinnande
893 823 22 21 få
926 823 68 28 publi-

168 857 49 14 cera
232 850 78 29 utdrag
325 859 25 13 ur
364 852 97 22 ständets
477 852 107 28 protokoll
600 852 35 22 vid
652 852 144 22 innevarande
813 852 107 28 landtdag.

239 907 138 30 Helsingfors
393 910 27 21 20
436 909 54 29 april
507 911 60 20 1900.

734 967 69 22 Ernst
820 967 102 23 Gråsten.

323 1075 211 23 Korkea-arvoiselle
550 1077 131 22 Ritaristolle
696 1078 20 28 ja
732 1077 107 22 Aatelille.

232 1144 91 29 Pyydän
339 1147 144 27 nöyrimmästi
500 1146 63 29 lupaa
578 1146 65 21 saada
658 1147 65 20 Porin
735 1146 145 29 kaupungissa
890 1147 101 20 toimitta-

164 1174 94 20 massani
274 1173 241 23 Satakunta-nimisessä
530 1175 187 22 sanomalehdessä
732 1175 101 28 julkaista
848 1176 75 20 otteita
933 1175 58 21 Kor-

164 1201 151 22 kea-arvoisen
331 1202 119 22 Ritariston
465 1204 21 27 ja
501 1203 87 22 Aatelin
601 1207 38 24 nyt
651 1204 77 21 koossa
739 1203 86 22 olevilla
836 1203 154 29 valtiopäivillä

162 1230 164 28 tapahtuneissa
349 1231 169 22 keskusteluissa
542 1233 133 28 syntyneistä
690 1232 164 29 pöytäkirjoista
868 1233 22 27 ja
902 1232 88 28 päätök-

163 1259 59 26 sistä,
241 1259 81 22 milloin
338 1260 68 21 siihen
422 1260 80 22 aihetta
517 1263 86 26 näyttää
618 1261 82 26 olevan,
717 1261 48 21 eikä
781 1240 65 49 Sääty
862 1261 48 21 siitä
925 1262 64 20 toisin

163 1287 33 21 ole
211 1289 117 28 päättänyt.
354 1299 6 7 »

231 1350 87 22 Porissa
333 1351 120 22 huhtikuun
470 1353 25 20 21
512 1354 49 27 p:nä
578 1353 60 21 1900.

528 1415 125 18 »Satakunta»
667 1415 66 18 lehden
746 1415 119 18 toimituksen
877 1415 83 23 puolesta

648 1467 26 21 E.
690 1467 20 22 J.
728 1467 123 21 Tammelin

647 1515 89 16 vastaava
748 1512 102 23 toimittaja.
