1081 1764
438 115 141 32 Utskottsval.
856 115 39 20 171

245 223 147 34 Fredagen
411 223 54 26 den
486 223 17 26 2
522 223 76 27 Mars
616 223 39 26 kl.
674 224 15 25 7
708 231 22 19 e;
748 231 35 18 m.

165 303 162 28 Tillkännagafs
350 306 31 18 att
403 303 67 22 sedan
494 303 178 28 nästföregående
695 304 85 27 plenum
796 304 41 21 den
853 304 73 21 förän-

96 332 65 28 dring
176 334 57 19 inom
249 332 25 21 R.
289 340 19 13 o.
324 333 38 20 A:s
371 333 192 27 sammansättning
579 335 36 25 egt
630 340 52 19 rum,
691 336 32 17 att
748 333 60 21 pollett
818 332 107 21 äterstälts

94 361 36 21 för
145 361 81 28 Adliga
237 363 59 19 ätten
311 361 42 21 N:o
369 362 47 20 213.
432 368 48 14 von
496 361 103 26 Wendt,
612 361 22 21 af
649 361 68 21 fullm.
757 369 33 14 Herr
804 361 51 21 Ivar
870 361 55 21 Axel

94 389 125 28 Wahren,
231 389 111 28 Ingeniör,
351 389 132 28 Godsegare.

443 533 138 23 Utskottsval.

167 590 52 21 Med
243 590 102 21 afseende
369 590 50 21 derä
444 593 32 18 att
499 590 33 21 Hr
554 590 94 21 Wahren
670 597 38 14 var
724 590 75 21 utsedd
815 590 32 21 till
863 598 26 13 en
905 590 22 21 af

96 619 104 22 Ständets
223 619 138 28 suppleanter
381 620 7 19 i
410 618 213 29 Jernvägsutskottet
646 619 40 21 och
703 619 65 21 sedan
785 619 119 21 ledamoten
920 619 6 20 i

96 648 61 21 detta
180 648 81 21 utskott
284 647 34 21 Hr
339 648 87 27 August
448 647 91 22 Fredrik
564 647 123 22 Granfelt
705 647 73 22 härvid
803 647 78 22 anmält
897 649 30 19 att

98 677 67 21 behof
187 677 64 21 äfven
275 677 22 20 af
319 683 26 14 en
368 675 68 29 tredje
456 676 113 28 suppleant
585 677 6 20 i
609 676 112 22 Utskottet
744 679 58 26 yppat
816 677 39 27 sig,
869 676 59 21 hem-

96 705 71 22 stälde
189 705 34 21 Hr
247 705 214 26 Landtmarskalken,
476 705 106 21 huruvida
604 705 92 21 Ständet
715 685 48 41 ville
780 705 100 21 förordna
895 705 32 20 till

98 733 104 22 utseende
218 733 23 22 af
256 735 79 20 tvänne
346 733 139 29 suppleanter
496 734 6 20 i
512 733 221 28 Jernvägsutskottet,
745 733 84 22 hvartill
840 733 25 22 R.
875 741 18 14 o.
902 733 25 21 A.

96 763 133 28 samtyckte;
246 762 41 21 och
302 762 136 29 uppmanade
453 762 35 21 Hr
503 762 207 21 Landtmarskalken
727 762 101 21 Ständets
844 762 83 21 valmän

96 794 33 18 att
144 791 108 28 möjligast
267 794 58 18 snart
340 787 58 36 skrida
416 791 43 20 :till
476 791 67 28 sagda
559 791 41 21 val.

169 935 64 21 Efter
255 935 36 20 det
313 935 35 20 Hr
370 935 143 28 Stjernvall
529 935 79 21 anmält
624 937 31 19 att
671 934 64 22 äfven
753 935 7 20 i
776 934 150 28 Tagutskottet

95 959 104 58 vppstått
221 963 66 22 behof
308 963 23 21 af
354 971 25 13 en
403 963 69 29 tredje
490 963 114 29 suppleant
626 963 48 21 från
698 963 25 21 R.
745 971 18 13 o.
785 964 27 20 A.
835 962 40 21 och
894 961 34 22 Hr

122 992 139 29 uruhjelm
277 992 12 21 å
304 992 57 28 Lag-
376 999 19 14 o.
411 992 224 21 Ekonomiutskottets
651 994 82 26 vägnar
747 993 56 27 gjort
818 990 109 22 enahanda

99 1021 106 26 anmälan,
219 1021 69 21 beslöt
302 1021 26 21 R.
344 1028 18 13 0.
370 1021 27 21 A.
413 1021 27 28 pä
456 1021 34 21 Hr
499 1021 220 21 Landtmarskalkens
731 1020 156 27 framställning
897 1022 30 18 att

100 1049 33 22 till
157 1049 105 22 hvardera
285 1049 22 22 af
330 1049 62 22 dessa
415 1049 84 22 utskott
521 1049 69 22 skulle
611 1052 58 19 utses
686 1057 25 13 en
727 1049 67 28 tredje
809 1048 119 29 suppleant,

99 1078 89 21 hvarom
204 1077 101 22 Ständets
322 1078 83 21 valmän
422 1078 130 21 anmodades
569 1078 87 28 vidtaga
672 1077 79 29 ätgärd.

170 1222 200 28 Protokollsutdrag
392 1222 63 21 öfver
480 1222 22 21 R.
525 1229 18 14 o.
566 1223 38 20 A:s
626 1221 36 21 vid
679 1221 84 29 plenum
780 1221 41 21 den
837 1222 26 20 27
880 1221 49 20 sist-

99 1250 60 21 lidne
175 1251 101 21 Februari
292 1251 81 21 fattade
385 1251 71 20 beslut
469 1250 109 29 upplästes
589 1250 31 21 till
631 1251 104 27 justering
746 1249 40 22 och
797 1249 132 28 godkändes.

385 1392 266 29 Rättegängsfulimäktige.

170 1450 57 21 Frän
250 1450 304 29 Ekonomiedepartementets
576 1451 68 20 kansli
668 1451 6 20 i
696 1451 121 27 Kejserliga
835 1449 94 22 Senaten

100 1478 56 22 hade
171 1479 70 28 ingätt
257 1486 25 14 en
298 1479 113 21 skrifvelse
426 1479 64 28 jemte
507 1482 30 18 ett
551 1479 139 21 rättelseblad
705 1459 32 41 til
754 1479 48 21 näd.
818 1485 59 21 prop.
888 1477 42 22 N:o

102 1508 33 26 14,
152 1507 110 28 angående
285 1507 260 28 rättegängsfullmäktige
569 1507 41 22 och
632 1507 235 27 sakförareföreningar
889 1506 41 21 och
