1084 1786
200 130 100 16 Handeln
312 130 49 16 med
372 129 139 21 konstgjorda
522 129 188 21 gödslingsämnen
722 133 26 12 m.
761 133 27 12 m.
835 122 41 21 245

79 198 96 20 likadant
190 198 33 20 frö
239 198 134 27 importerats
389 197 40 21 och
445 200 31 18 att
491 198 29 20 alt
535 197 73 21 blifvit
623 197 57 21 såldt
695 197 40 21 och
749 196 59 22 detta
817 195 89 22 oaktadt

80 227 54 20 intet
156 226 144 21 amerikanskt
323 226 32 21 frö
379 226 72 21 blifvit
467 226 103 28 utbjudet.
599 226 77 22 Under
691 226 83 20 hvilket
789 232 62 14 namn
867 224 38 21 det

79 254 52 28 gått,
154 255 82 20 känner
258 255 34 27 jag
314 255 54 26 icke,
391 262 46 13 men
462 254 37 21 har
521 255 30 21 alt
572 255 45 21 skäl
639 258 31 17 att
686 254 98 21 förmoda
800 257 30 17 att
845 253 60 21 detta

80 283 149 20 amerikanska
245 284 116 27 timotejfrö
377 283 37 20 har
430 283 71 20 blifvit
516 283 58 20 såldt
589 283 67 20 under
672 290 63 13 namn
752 282 23 21 af
790 282 63 20 finskt
867 282 38 20 frö.

80 311 84 22 Vidare
181 311 110 21 framhålla
306 314 161 19 reservanterne
483 311 99 21 hurusom
600 311 26 21 de
642 311 82 20 mindre
739 310 167 29 jordbrukarene

80 339 56 22 ändå
152 340 47 21 icke
221 347 50 14 vore
295 340 110 28 skyddade
421 347 76 20 genom
514 340 70 21 denna
600 340 45 27 lags
662 340 163 27 bestämningar.
855 338 51 21 Som

81 369 80 20 bekant
176 372 104 25 upptager
301 369 105 27 nämligen
429 369 153 27 förordningen
597 369 151 26 försäljningar
763 375 34 14 om
810 369 25 19 25
853 367 53 21 kilo-

80 405 59 20 gram
155 397 188 28 gödslingsämnen
359 397 52 21 eller
430 397 131 21 fodermedel
578 400 54 18 samt
649 398 25 20 10
691 397 103 27 kilogram
810 395 96 22 utsädes-

81 433 51 14 vara
148 426 70 20 såsom
226 426 137 27 undantagna
371 426 48 21 från
429 426 72 27 lagens
511 426 170 28 bestämningar;
698 425 39 22 och
747 428 159 18 reservanterne

81 458 57 24 yttra
154 455 72 20 härom
243 458 30 17 att
291 455 102 27 »mången
411 454 80 21 mindre
507 455 139 28 jordbrukare
663 455 5 20 i
685 454 73 21 landet
773 454 46 21 icke
836 453 27 28 pä
878 460 26 13 en

81 483 57 28 gång
161 483 122 21 tillhandlar
305 484 32 26 sig
359 483 73 28 dylika
455 491 62 13 varor
539 483 31 21 till
592 485 68 19 större
684 483 100 28 bolopp>.
813 481 41 28 Jag
870 481 37 22 ber

82 513 96 20 häremot
201 511 23 21 få
246 512 111 21 framhålla
380 515 32 18 att
433 512 57 21 hvad
514 512 132 21 fodermedel
670 511 109 27 beträffar,
802 510 23 21 så
840 512 23 19 är
879 511 26 20 25

82 541 103 27 kilogram
202 540 23 21 så
241 541 51 25 litet,
309 544 30 17 att
355 541 34 20 väl
405 542 63 26 ingen
484 541 139 27 jordbrukare
640 541 66 26 köper
722 540 40 21 och
776 541 62 26 ingen
855 539 53 28 köp-

82 577 47 12 man
146 569 64 28 säljer
224 572 31 17 ett
270 569 23 21 så
309 569 46 21 litet
370 570 60 27 parti.
461 569 44 21 Det
520 570 76 20 minsta
612 577 26 13 en
654 569 139 28 jordbrukare
810 568 65 28 köper
885 567 23 21 af

82 597 94 21 hvetekli
201 599 23 19 är
246 605 24 13 en
294 598 51 20 säck
361 598 40 20 och
418 606 24 12 en
459 598 52 20 säck
527 600 65 25 väger
607 598 27 20 42
650 597 49 21 kilo.
730 596 65 22 Hvad
811 596 94 27 återigen

82 626 188 28 gödslingsämnen
296 626 108 23 beträffar,
427 626 62 21 faller
511 626 37 21 det
568 626 22 21 af
606 628 32 26 sig
654 626 58 28 sjelft
728 628 30 18 att
774 628 30 18 ett
819 624 24 22 så
860 625 45 20 litet

82 656 55 26 parti
153 655 48 21 icke
218 655 71 27 köpes.
320 654 64 22 Hvad
401 655 45 21 åter
463 656 25 20 10
505 655 103 27 kilogram
619 654 139 21 utsädesvara
770 654 138 24 vidkommer,

82 683 24 21 så
122 685 23 19 är
160 684 64 20 äfven
241 684 57 20 detta
314 684 54 28 parti
383 687 78 24 ytterst
477 684 51 21 litet.
552 684 61 20 Huru
630 684 76 26 många
723 690 100 21 personer
838 684 23 18 är
872 681 37 21 det

83 719 45 13 som
152 712 55 28 köpa
222 712 24 20 så
262 712 62 21 litet?
354 712 47 21 Den
418 713 77 19 minsta
511 712 172 28 hemmansegare
697 712 65 27 köper
779 718 61 17 mera,
857 718 48 13 men

83 740 34 21 för
132 748 25 13 en
174 740 242 28 trädgårdsanläggning
427 741 71 21 kunna
509 741 63 21 dessa
582 740 46 22 små
638 741 80 27 partier
729 741 82 20 komma
823 740 5 20 i
840 738 66 28 fråga.

82 769 67 27 Ingen
166 769 41 21 kan
223 769 55 21 dock
295 770 33 20 väl
345 769 61 28 påstå
421 772 31 18 att
467 777 77 20 genom
561 769 58 21 detta
635 769 109 27 undantag
760 768 68 28 någon
842 767 67 21 skada

84 798 5 20 i
106 798 76 28 sjelfva
199 798 74 20 verket
296 798 68 20 skulle
381 798 43 21 ske.
455 798 242 28 Landtbruksstyrelsen
714 797 54 21 hade
784 797 47 21 icke
847 797 5 20 i
869 797 38 20 sitt

83 826 67 21 första
166 826 81 28 förslag
263 828 96 26 upptagit
381 827 58 20 detta
460 826 116 28 undantag,
592 834 47 13 men
656 834 80 18 scnare,
756 826 28 20 då
800 825 109 29 praktiska

83 855 46 21 skäl
145 855 101 21 anfördes
262 855 33 21 för
313 855 189 28 nödvändigheten
521 856 23 20 af
564 859 31 17 att
610 855 68 21 införa
694 862 25 13 en
736 854 66 21 sådan
819 854 90 20 minimi-

84 883 140 28 bestämning,
240 884 62 27 böjde
318 884 33 27 sig
366 884 242 27 Landtbruksstyrelsen
625 884 35 20 för
674 883 59 21 detta
749 884 72 23 motiv,
834 883 5 19 i
852 882 57 21 med-

83 911 103 22 vetandet
202 913 22 20 af
239 915 30 18 att
285 912 58 21 detta
360 913 47 20 icke
423 913 69 20 skulle
509 912 66 21 skada
591 912 40 21 den
649 911 81 21 mindre
746 911 163 24 konsumenten,

84 940 40 21 den
141 940 81 21 mindre
244 941 160 28 jordbrukaren.
433 941 42 26 Jag
501 941 37 20 ber
560 941 23 20 få
606 943 76 19 nämna
704 944 32 17 att
750 940 65 21 redan
831 939 78 28 sjelfva

84 969 147 21 kännedomen
247 969 23 20 af
285 969 69 21 denna
370 969 45 28 lags
433 969 131 28 befintlighet
579 969 54 22 skall
649 970 65 20 verka
732 969 42 26 det,
796 971 31 18 att
846 969 62 26 ingen

84 997 161 22 landthandlare
262 998 52 21 skall
332 998 69 21 kunna
419 998 65 21 hafva
499 999 5 20 i
521 999 58 27 lager
594 999 70 27 någon
680 996 157 22 okontrollerad
851 1004 57 13 vara.

83 1026 33 28 Ty
132 1026 28 21 då
182 1026 40 21 han
246 1027 47 20 icke
316 1026 33 21 får
364 1027 52 28 sälja
432 1027 168 20 okontrolleradt
616 1027 82 20 mindre
714 1028 26 19 än
757 1027 25 20 10
799 1025 110 27 kilogram,

84 1055 24 21 så
122 1056 87 26 tvingar
230 1055 37 21 det
282 1055 76 21 honom
379 1059 32 17 att
427 1055 64 21 hafva
507 1056 29 21 alt
551 1063 45 14 som
612 1055 42 21 han
670 1055 62 28 säljer
748 1054 159 25 kontrolleradt,

83 1087 23 24 ty
129 1083 41 21 han
194 1083 41 21 kan
259 1084 46 21 icke
328 1084 51 27 sälja
400 1084 56 21 skild
481 1092 49 13 vara
553 1085 32 20 till
604 1084 26 21 de
646 1084 45 21 små
707 1083 39 21 och
762 1083 56 21 skild
834 1082 31 21 till
882 1081 26 22 de

84 1115 57 18 stora
167 1112 184 21 konsumenterna.
395 1114 40 19 Att
467 1113 163 28 ifrågavarande
661 1113 133 26 bestämning
819 1110 90 22 sålunda

84 1141 68 20 skulle
168 1141 60 27 gifva
250 1141 65 28 något
335 1141 47 20 stöd
405 1141 34 21 för
453 1145 173 17 reservanternes
641 1141 96 28 yrkande
752 1144 32 17 att
799 1139 111 28 lagförsla-

84 1173 37 23 got
137 1169 65 21 borde
220 1169 44 21 helt
279 1169 40 22 och
334 1169 65 21 hållet
415 1169 91 28 förfalla,
522 1170 41 21 kan
579 1171 35 27 jag
630 1170 72 21 derför
717 1170 46 20 icke
779 1170 52 19 inse.

153 1198 93 20 Komma
262 1199 21 19 vi
299 1198 24 20 så
343 1198 31 20 till
390 1198 39 21 sid.
448 1200 24 20 18
489 1198 40 21 och
544 1198 32 21 till
592 1198 56 21 hvad
665 1200 160 19 reservanterne
841 1196 68 21 uttala

84 1226 111 27 angående
211 1226 137 25 fodermedel,
364 1227 101 20 särskildt
481 1227 100 20 hvetekli.
613 1226 82 21 Härvid
716 1226 110 21 framhålla
842 1232 68 13 reser-

84 1258 103 17 vanterne
203 1258 32 17 att
250 1255 91 20 handeln
358 1255 47 20 med
421 1255 102 25 hvetekli,
538 1263 45 13 som
599 1255 107 28 försiggår
716 1253 135 22 uteslutande
862 1253 48 21 från

84 1283 150 28 kejsardömet,
253 1283 106 28 försiggär
375 1283 26 28 pä
418 1283 77 22 börsen
512 1285 5 19 i
534 1284 130 27 Petersburg
680 1284 51 20 eller
745 1290 77 21 genom
838 1281 71 22 direkt

84 1311 52 21 aftal
153 1319 33 13 om
209 1314 67 19 större
299 1312 120 21 leveranser
438 1312 47 21 med
501 1312 202 28 gvarnverksegare.
732 1311 42 28 Jag
790 1311 37 21 har
842 1310 67 21 ocksä

84 1341 43 27 mig
150 1341 79 20 bekant
252 1341 52 20 huru
328 1340 36 21 det
385 1342 38 26 gär
446 1341 37 25 till,
505 1349 47 12 men
569 1341 37 20 har
620 1341 36 27 jag
671 1341 49 20 hört
735 1343 31 18 att
780 1340 64 27 köpet
861 1339 50 20 sker

84 1369 54 20 efter
154 1369 54 28 prof.
238 1369 41 28 Jag
299 1369 80 21 förstär
393 1369 28 21 dä
436 1369 49 21 icke
500 1373 31 17 att
542 1369 48 22 ieke
605 1369 62 21 dessa
683 1369 49 28 prof
747 1368 71 21 kunde
834 1367 78 22 under-

84 1397 72 21 kastas
172 1397 161 28 undersökning
348 1397 41 22 och
404 1401 44 18 tror
463 1398 34 21 för
508 1398 66 27 öfrigt
586 1397 66 22 också
662 1401 32 18 att
706 1397 37 21 det
753 1397 47 21 icke
811 1398 24 19 är
845 1396 66 27 omöj-

84 1426 39 27 ligt
138 1429 32 18 att
185 1426 23 21 få
224 1426 70 21 införd
310 1433 26 14 en
352 1434 69 13 annan
437 1430 100 17 coutume
553 1427 33 20 vis
601 1428 13 19 a
629 1427 32 20 vis
677 1426 91 21 handeln
786 1425 47 21 med
845 1425 66 28 Ryss-

84 1454 56 26 land,
156 1454 28 21 dä
200 1454 69 21 denna
286 1458 99 17 coutume
400 1457 24 18 är
439 1462 25 13 en
481 1463 70 12 annan
567 1455 48 21 med
631 1455 63 20 dessa
709 1462 80 13 samma
805 1461 62 14 varor
882 1453 29 20 dä

84 1483 37 20 det
136 1483 67 27 gäller
225 1483 103 21 utlandet.
357 1483 42 27 Jag
415 1483 37 21 ber
467 1484 6 19 i
490 1483 58 21 detta
564 1483 101 21 afseende
680 1483 100 21 särskildt
796 1483 112 20 omnämna

84 1514 31 18 ett
130 1511 44 21 fall.
205 1511 43 21 För
264 1511 64 27 några
344 1511 23 21 är
382 1512 65 20 sedan
465 1511 66 21 erhöll
547 1511 243 28 Landtbruksstyrelsen
806 1510 47 21 från
871 1510 41 20 do-
