1081 1761
205 115 101 16 Handeln
317 115 49 16 med
377 115 141 20 konstgjorda
528 115 187 21 gödslingsämnen
726 121 27 11 m.
766 121 27 11 m.
848 110 41 20 239

90 183 82 27 ningar,
187 182 73 21 hvilka
275 190 25 13 ur
315 183 76 21 allmän
407 183 111 28 synpunkt
534 183 51 21 böra
598 183 107 28 tillämpas
717 183 36 21 vid
765 191 25 13 en
802 183 34 21 del
848 184 69 20 närin-

90 218 43 21 gar,
155 219 48 13 men
225 212 56 19 inom
300 219 72 13 ramen
389 212 23 20 af
427 211 63 22 dessa
506 212 190 27 reglementariska
711 212 136 21 föreskrifter
861 219 56 21 rym-

91 247 43 13 mes
157 240 47 21 icke
226 239 163 28 ifrågavarande
412 240 122 28 lagförslag.
564 240 44 21 Det
629 248 64 20 synes
710 242 43 26 mig
768 240 82 21 således
867 248 50 13 vara

90 268 134 27 nödvändigt
239 271 36 24 att,
294 269 2 20 i
313 268 101 21 händelse
430 269 140 27 lagförslaget
584 269 133 27 godkännes,
729 277 26 13 en
767 269 150 21 motsvarande

90 296 91 28 ändring
197 297 5 20 i
219 296 147 28 näringslagen
382 297 142 27 ovilkorligen
537 298 39 20 bör
587 297 104 28 vidtagas.
711 298 51 20 Men
775 299 23 19 är
808 297 37 21 det
855 297 62 21 verk-

90 325 57 27 ligen
172 324 133 28 nödvändigt
320 328 31 18 att
367 326 72 20 skrida
455 326 31 20 till
503 334 26 12 en
545 326 66 20 sådan
627 326 157 27 inskränkning
799 327 5 19 i
821 327 96 26 närings-

90 353 108 21 friheten?
227 353 43 21 För
294 354 42 20 min
363 354 34 21 del
423 354 69 21 skulle
516 355 36 27 jag
578 354 50 28 vilja
651 354 90 21 besvara
765 355 70 20 denna
857 354 60 28 fråga

90 382 105 20 nekande.
221 382 32 20 På
267 382 27 21 de
310 382 51 26 skäl,
377 390 46 14 som
439 383 31 21 uti
485 384 160 20 reservationen
661 383 42 21 N:o
718 384 10 20 1
743 383 67 21 finnas
821 383 95 26 anförda,

91 418 63 20 synes
177 410 37 21 det
236 411 43 27 mig
301 418 50 13 vara
375 411 62 26 klart,
460 414 32 17 att
507 412 65 27 något
588 412 93 27 verkligt
697 412 66 20 behof
779 412 22 20 af
816 419 26 13 en
857 411 60 28 dylik

90 438 137 28 lagstiftning
249 446 45 14 som
317 439 69 22 denna
409 440 48 21 icke
478 441 56 27 gjort
554 441 33 26 sig
608 439 105 28 gällande.
742 440 43 28 Jag
800 440 67 21 skulle
883 440 34 20 för

90 468 43 19 min
159 467 34 21 del
216 467 50 28 vilja
290 468 95 21 betrakta
408 468 42 21 den
474 469 70 20 såsom
568 471 31 18 ett
621 469 86 28 uttryck
723 469 34 20 för
773 469 41 20 den
829 469 87 20 altmera

92 496 62 27 kring
173 497 32 26 sig
220 497 102 27 gripande
339 497 93 28 böjelsen
450 500 30 17 att
495 505 76 19 genom
588 497 189 27 reglementariska
793 497 40 21 och
849 498 68 20 minu-

90 525 56 20 tiösa
162 524 157 29 bestämningar
334 525 116 21 inskränka
465 525 41 21 den
522 525 170 28 medborgerliga
703 525 92 22 friheten
807 526 41 21 och
859 525 57 28 sjelf-

91 553 163 21 verksamheten
276 554 27 27 på
323 554 40 21 alla
379 554 108 27 områden,
503 562 25 13 en
545 554 103 26 sträfvan,
663 561 46 14 som
725 555 48 20 icke
789 555 40 20 kan
845 554 72 28 undgå

91 585 31 17 att
138 583 5 19 i
161 581 91 27 längden
269 582 64 21 verka
349 583 143 27 försvagande
508 583 41 21 och
564 583 153 28 förslappande
733 583 27 28 på
773 583 37 21 det
821 583 95 21 enskilda

90 610 121 27 initiativet.

160 638 73 22 Afven
255 642 56 18 emot
327 646 25 14 en
368 647 70 13 annan
454 640 83 28 princip
553 640 77 21 strider
646 640 59 21 detta
720 640 122 28 lagförslag,
857 642 59 18 näm-

89 667 58 27 ligen
171 670 56 18 emot
247 667 141 27 grundsatsen
411 676 34 13 om
468 668 52 21 allas
543 668 67 21 likhet
632 669 57 20 inför
707 668 68 28 lagen.
806 668 72 28 Lagen
893 670 23 19 är

90 696 106 27 nämligen
223 696 77 21 afsedd
325 699 31 18 att
380 697 56 27 gälla
460 697 76 21 endast
559 697 34 21 för
617 697 55 26 dem,
696 704 45 14 som
763 697 153 28 yrkesmässigt

90 724 72 21 drifva
182 724 41 21 den
239 724 84 27 handel,
337 725 88 21 hvarom
441 725 39 21 här
494 727 24 19 är
532 726 67 27 fräga.
629 726 65 20 Hvad
711 733 72 13 menas
799 725 117 21 emellertid

89 752 48 21 med
161 753 153 28 yrkesmässigt
336 754 86 20 drifven
443 754 93 21 handel?
558 754 42 28 Jag
619 757 45 18 tror
679 757 32 18 att
726 754 37 21 det
778 754 53 21 skall
849 754 66 21 blifva

89 782 60 20 svärt
164 784 31 18 att
210 782 6 20 i
232 782 73 28 hvarje
321 782 37 20 fall
374 784 57 26 säga,
447 784 39 19 när
501 790 25 14 en
543 782 67 22 sädan
625 783 79 21 handel
720 782 107 22 bedrifves
842 783 74 27 yrkes-

88 810 90 27 mässigt
193 810 40 21 och
249 812 38 19 när
302 810 40 21 den
359 812 22 19 är
397 810 23 22 af
434 811 95 28 tillfällig
544 814 67 18 natur.
642 812 49 20 Och
711 811 88 21 hvarför
809 812 53 20 skall
874 811 41 21 den

88 838 157 28 yrkesmässiga
268 839 92 21 handeln
384 839 101 21 bedömas
507 842 110 26 strängare
638 842 26 19 än
681 840 48 26 den,
745 847 45 14 som
807 840 108 21 bedrifves

88 867 110 27 tillfälligt,
221 868 65 20 ehuru
309 868 5 20 i
337 868 36 20 det
388 875 75 13 senare
479 868 61 27 fallet
555 869 55 20 mala
626 868 52 21 fides
694 869 7 20 i
717 868 50 21 vida
782 868 65 28 högre
863 868 51 27 grad

88 895 42 21 kan
147 895 131 21 förekomma
293 897 27 19 än
336 897 5 19 i
353 896 36 21 det
404 896 64 21 förra.
497 897 73 21 Äfven
587 905 63 20 synes
666 898 43 26 mig
724 897 62 27 lagen
796 898 5 19 i
811 896 104 21 särskilda

88 924 93 27 punkter
196 924 43 21 lida
255 925 23 20 af
292 928 45 17 stor
352 925 102 24 oklarhet,
470 933 26 13 en
507 925 103 26 oklarhet,
624 933 45 13 som
683 925 160 28 otvifvelaktigt
856 925 59 21 kom-

88 960 44 13 mer
148 955 31 18 att
195 953 48 20 leda
259 953 32 20 till
305 953 74 28 mänga
396 953 41 22 och
452 953 106 22 svärlösta
574 954 136 27 rättegängar
726 954 41 21 och
777 954 138 21 trakasserier

88 981 23 20 af
132 981 144 28 hvarjehanda
297 982 53 27 slag.
379 981 123 22 Föremälet
516 983 35 20 för
566 983 163 27 lagstiftningen
745 985 63 25 utgör
823 982 91 21 handeln

87 1009 47 21 med
153 1009 137 28 konstgjorda
305 1011 195 27 gödslingsämnen,
516 1011 94 21 beredda
624 1011 132 21 fodermedel
767 1011 40 21 och
819 1011 96 20 utsädes-

87 1045 68 14 varor.
186 1038 124 21 Emellertid
331 1041 61 25 säger
408 1039 112 21 Utskottet
536 1040 59 27 sjelft
610 1041 6 19 i
632 1041 33 20 sin
681 1041 134 26 motivering,
830 1043 31 17 att
877 1047 38 13 un-

87 1067 39 20 der
147 1067 118 28 begreppet
286 1067 139 28 konstgjorda
440 1068 188 28 gödslingsämnen
646 1068 38 21 bör
699 1069 122 27 inbegripas
836 1068 78 28 jemväl

87 1095 81 21 sådana
183 1096 194 27 gödslingsämnen,
393 1096 28 28 pä
436 1097 73 20 hvilka
524 1097 67 27 något
606 1097 72 21 arbete
695 1097 51 21 eller
759 1105 69 12 annan
841 1096 73 21 bered-

86 1124 53 27 ning
154 1124 48 21 icke
218 1124 72 21 blifvit
305 1124 90 27 nedlagd
412 1127 26 18 än
451 1125 62 21 deras
524 1125 113 21 förseende
649 1125 48 21 med
709 1126 122 27 emballage.
852 1125 62 21 Huru

86 1154 24 24 är
131 1160 48 13 man
203 1152 118 28 berättigad
343 1156 32 18 att
394 1153 56 21 kalla
466 1153 73 28 dylika
555 1153 189 28 gödslingsämnen
762 1153 153 28 konstgjorda?

85 1180 75 21 Afven
184 1181 107 27 uttrycket
313 1182 139 20 utsädesvara
475 1190 63 19 synes
560 1183 44 27 mig
627 1182 110 28 lätteligen
759 1183 72 20 kunna
854 1182 60 27 gifva

86 1208 117 28 anledning
222 1210 32 20 till
275 1210 57 20 olika
355 1210 103 28 tolkning.
488 1210 46 21 När
557 1212 23 19 är
595 1214 31 18 ett
641 1211 111 27 sädesslag
768 1210 145 24 utsädesvara,

85 1239 39 19 när
139 1238 62 20 icke?
222 1238 51 21 Med
289 1241 30 18 ett
335 1238 37 21 ord
389 1240 43 26 mig
446 1247 64 20 synes
524 1242 31 18 att
566 1240 62 26 lagen
640 1241 24 19 är
675 1240 84 27 onödig,
771 1240 90 20 orättvis
873 1239 41 21 och

86 1266 60 20 oklar
161 1266 40 21 och
217 1266 73 21 derför
304 1267 47 21 icke
367 1267 66 21 heller
448 1268 100 27 antaglig.
575 1268 48 20 Den
636 1268 161 28 angelägenhet,
808 1275 45 13 som
865 1275 48 13 man

85 1294 58 21 afser
164 1297 31 18 att
211 1295 72 26 ordna,
298 1298 44 18 tror
357 1296 35 27 jag
408 1296 50 21 vida
474 1296 76 21 lättare
566 1296 71 21 kunde
655 1296 85 28 bringas
756 1297 32 20 till
804 1299 31 18 ett
850 1296 64 21 önsk-

86 1322 62 22 värdt
163 1323 94 26 resultat,
273 1331 34 13 om
323 1327 31 18 ett
368 1324 126 28 tillräckligt
503 1325 57 21 antal
572 1325 102 21 anstalter
686 1325 34 21 för
732 1325 181 27 kontrolleringen

85 1351 23 21 af
122 1351 156 27 utsädesvaror,
293 1352 187 28 gödslingsämnen
497 1353 40 21 och
554 1353 72 28 dylika
638 1354 87 20 artiklar
735 1355 90 19 inrättas
835 1360 78 20 genom

84 1382 82 19 statens
187 1380 92 28 försorg,
301 1381 137 28 hvarigenom
457 1382 74 27 hvarje
547 1382 83 20 enskild
647 1382 108 21 afnämare
772 1382 49 20 med
838 1382 75 20 lätthet

85 1408 40 21 kan
142 1408 23 21 fä
181 1416 64 14 varan
262 1410 150 20 kontrollerad.
442 1410 45 20 Det
502 1412 23 19 är
540 1410 151 21 hufvudsaken
704 1414 31 17 att
746 1410 78 21 bereda
834 1410 79 21 honom

84 1436 24 21 sä
123 1437 40 20 lätt
179 1437 40 21 och
235 1437 68 28 billigt
319 1438 83 20 tillfälle
418 1446 46 13 som
480 1439 84 27 möjligt
578 1442 32 18 att
622 1439 23 21 få
656 1440 33 20 sin
702 1447 49 13 vara
761 1438 151 22 kontrollerad.

84 1465 32 20 Pä
132 1466 41 20 alla
189 1465 62 21 dessa
267 1466 46 21 skäl
329 1466 85 21 förenar
428 1467 35 28 jag
479 1468 44 26 mig
538 1475 34 13 om
587 1468 160 21 reservationen
762 1467 42 21 N:o
821 1468 17 20 1.
