1084 1764
181 107 40 20 184
423 113 25 16 R.
461 118 18 11 o.
493 113 25 17 A.
531 113 63 17 1900.
618 113 14 16 6
644 113 65 17 Mars.

153 188 38 14 ver
206 181 36 28 jag
257 181 105 28 knappast
377 181 74 21 vidare
467 184 49 25 taga
532 181 32 21 till
580 181 66 21 ordet.
674 181 43 21 För
732 181 44 27 mig
791 181 67 27 ligger
874 181 105 27 nämligen

150 209 161 28 hufvudvigten
334 210 27 28 pä
380 213 30 17 att
432 211 130 27 petitionens
583 209 57 29 syfte
660 209 110 21 erkännes.
799 209 42 28 Jag
861 209 59 21 hari
937 209 42 21 min

151 239 91 28 petition
267 238 47 21 med
336 238 65 28 afsigt
421 238 48 21 icke
485 238 70 28 ingätt
570 239 6 20 i
592 238 66 28 nägot
674 238 141 28 pedagogiskt
830 240 151 19 resonnement

151 266 111 28 angäende
284 266 52 22 huru
358 266 69 22 denna
446 267 79 21 reform
546 267 68 21 skulle
634 266 143 28 genomföras,
793 266 108 21 hvarifrän
917 266 64 21 dessa

151 296 85 20 timmar
256 295 68 21 skulle
345 298 59 25 tagas
426 303 18 13 o.
461 303 16 13 s.
493 303 20 13 v.
544 295 51 21 Men
616 295 28 21 dä
664 296 36 26 jag
716 302 28 14 nu
760 295 71 26 finner,
847 298 31 18 att
893 294 64 22 äfven
973 296 7 19 i

152 324 59 21 detta
233 324 67 21 Ständ
319 325 157 20 reservationen
500 325 77 20 vunnit
596 323 98 26 medhäll,
710 323 38 21 ber
762 324 36 28 jag
812 326 31 18 att
859 324 23 20 fä
898 331 24 13 ur
937 324 42 20 min

152 352 110 28 synpunkt
280 352 65 21 uttala
366 352 64 28 nägra
445 352 46 21 ord.
520 352 34 21 Hr
570 352 92 28 Ramsay
678 352 38 21 har
731 351 123 25 framhällit,
871 354 31 18 att
917 352 64 21 Stän-

152 381 66 21 derna
237 382 47 20 icke
303 381 51 21 böra
369 381 65 21 inläta
449 382 32 26 sig
497 381 28 28 pä
540 380 146 28 detaljfrägor,
701 380 38 22 der
754 380 27 21 de
797 381 18 27 ej
832 388 39 20 ega
888 381 90 27 kompe-

152 412 54 18 tens.
236 409 42 28 Jag
298 411 23 19 är
336 409 87 21 alldeles
439 410 22 20 af
476 417 80 13 samma
572 409 62 28 äsigt,
650 416 47 14 men
714 409 37 21 vill
767 409 35 21 för
817 410 41 20 min
875 408 35 22 del
927 409 56 21 blott

152 438 67 27 fråga,
239 445 34 13 om
295 438 47 21 icke
363 438 119 21 Ständerna
503 446 39 20 ega
565 438 125 28 kompetens
711 438 31 20 uti
765 437 79 28 frågor,
859 445 46 13 som
925 437 56 28 gälla

153 467 109 27 principer
276 466 35 21 för
325 466 48 21 hela
389 466 82 22 landets
488 466 260 28 undervisningsväsende
765 466 41 21 och
817 466 99 21 ungdom.
938 466 43 20 Det

153 496 23 20 är
198 494 38 22 här
258 495 47 21 icke
328 495 60 27 fråga
403 503 33 13 om
453 495 53 21 hurn
523 495 77 27 många
615 496 85 19 timmar
716 494 66 22 borde
798 495 70 21 anslås
884 494 31 21 hit
931 494 52 21 eller

153 523 39 27 dit,
208 523 38 21 det
266 524 67 27 gäller
348 527 107 24 systemet.
485 524 49 21 Och
551 531 33 13 om
601 523 77 28 någon,
694 525 22 19 är
732 523 36 21 det
784 523 83 21 landets
884 523 97 21 medbor-

152 559 50 21 gare
226 552 41 21 och
290 552 83 21 landets
396 552 114 28 Regering,
526 560 46 13 som
593 552 65 20 hafva
673 555 31 17 att
718 552 61 27 gifva
797 552 90 28 stämpel
903 552 22 20 åt
941 551 40 21 och

155 581 116 27 bestämma
287 580 120 28 riktningen
423 581 24 21 af
461 581 37 21 det
513 584 87 24 system,
616 588 45 14 som
677 580 35 21 vid
729 580 83 21 landets
828 580 98 21 läroverk
943 580 39 20 bör

153 609 69 28 följas.
253 609 39 21 Om
308 616 47 14 man
371 609 28 21 då
414 609 71 26 finner,
501 612 31 18 att
547 616 48 14 man
610 609 67 27 glömt
692 612 30 18 ett
737 608 25 22 så
774 610 77 26 vigtigt
863 608 118 28 bildnings-

153 639 62 19 ämne
244 645 45 13 som
313 638 191 26 naturalhistorien,
527 645 63 13 anser
615 638 33 27 jag
670 641 31 17 att
723 637 120 21 Ständerna
866 639 37 19 äro
927 637 55 21 både

154 666 90 28 pligtiga
266 666 40 21 och
328 667 136 28 kompetenta
487 670 32 18 att
540 666 111 21 framhälla
674 666 64 21 detta.
773 666 34 21 Hr
829 666 93 28 Ramsay
945 666 40 21 har

155 695 73 20 vidare
244 695 103 20 förklarat
363 699 31 17 att
407 695 36 21 det
454 695 71 21 tillhör
535 695 120 21 Ständerna
667 698 31 17 att
708 695 81 25 anvisa,
800 695 108 20 hvarifrän
919 695 64 20 dessa

155 724 84 20 timmar
254 723 60 21 skola
329 727 66 24 tagas.
415 723 64 22 Detta
495 731 63 14 anser
572 724 36 28 jag
622 723 39 21 alls
674 723 48 21 icke
734 731 50 13 vara
796 723 130 21 Ständernas
937 723 46 21 sak.

156 751 121 22 Ständerna
299 752 66 21 uttala
387 753 33 27 sig
443 752 55 21 blott
519 760 34 13 om
576 752 122 27 riktningen
722 751 40 22 och
778 751 36 21 det
829 753 24 19 är
868 752 115 27 Styrelsen,

155 787 45 14 som
221 780 106 21 inhemtar
346 781 143 28 pedagogiska
509 780 124 21 utlätanden
650 780 39 21 och
705 781 66 20 sedan
789 781 126 20 bestämmer
930 780 54 21 hvar

156 809 54 28 plats
234 809 54 20 skall
310 810 85 20 anvisas
417 809 22 20 ät
462 809 63 22 dessa
544 811 82 19 ämnen.
656 809 171 21 Reservanterna
846 809 65 21 uttala
928 809 4 20 i
949 810 32 19 sin

156 838 133 20 reservation
306 837 63 21 bland
386 841 69 23 annat,
468 841 32 18 att
515 838 63 21 dessa
594 839 75 19 ämnen
686 837 106 28 knappast
808 837 71 21 kunna
894 837 23 20 fä
928 837 55 28 plats

155 865 36 21 vid
214 866 131 21 läroverkets
369 866 75 27 högsta
466 866 86 25 klasser,
568 866 88 21 emedan
680 873 48 14 man
752 865 38 21 der
812 866 57 20 velat
889 873 53 20 egna
959 865 24 22 sä

156 894 74 27 mänga
254 895 83 20 timmar
359 902 44 13 som
427 895 81 28 möjligt
531 895 23 21 ät
572 894 26 21 de
614 896 82 25 ämnen,
712 894 72 21 hvilka
800 894 84 21 komma
900 895 5 20 i
921 894 62 27 fräga

156 922 35 21 vid
208 922 42 21 den
266 923 33 20 för
314 923 120 28 ungdomen
449 923 24 21 sä
488 923 118 28 afgörande
617 923 182 21 studentexamen.
820 922 45 21 Det
879 924 24 19 är
915 923 68 20 första

155 951 84 49 gängen
262 953 35 26 jag
317 952 6 19 i
345 955 31 17 ett
398 951 112 28 aktstycke
531 952 23 21 af
570 953 40 19 den
627 952 51 27 vigt,
694 959 45 13 som
756 954 31 17 ett
802 951 181 21 ständerutskotts

172 979 127 26 etänkande,
315 987 33 14 ser
371 979 36 22 det
427 981 92 20 uttaladt
542 983 30 18 att
596 979 36 21 det
655 981 23 19 är
693 979 33 21 för
741 979 177 21 studentexamen
935 987 47 13 man

156 1007 57 22 läser
228 1009 6 20 i
251 1008 51 21 våra
317 1008 78 21 skolor.

224 1036 52 21 Som
295 1037 68 27 sagdt,
381 1038 36 27 jag
436 1037 38 21 har
492 1037 47 21 icke
556 1038 6 19 i
579 1038 42 19 min
638 1037 89 28 petition
743 1036 58 21 velat
817 1036 64 21 inlåta
898 1037 43 26 mig
956 1036 28 28 på

155 1065 150 28 detaljfrågor;
329 1065 36 21 det
388 1067 23 19 är
433 1065 76 22 endast
533 1073 34 14 om
590 1069 102 24 systemet
710 1066 35 27 jag
760 1065 39 20 har
814 1065 57 20 talat.
902 1065 44 20 Det
961 1066 24 19 är

156 1093 76 21 endast
248 1093 34 21 för
297 1097 32 18 att
343 1094 32 21 till
391 1093 48 27 håll,
450 1102 45 14 som
512 1094 112 26 vederbör,
635 1094 23 21 få
673 1093 54 21 fram
743 1101 26 13 en
783 1093 86 21 fordran
881 1096 31 18 att
923 1096 61 18 natu-

156 1122 137 21 ralhistorien
309 1122 66 21 måtte
391 1123 92 21 skänkas
498 1125 68 19 större
584 1122 109 28 betydelse
709 1123 5 20 i
731 1122 170 28 lektionsplanen
918 1122 5 20 i
940 1122 44 20 lan-

157 1150 48 21 dets
229 1151 99 21 läroverk
351 1153 26 19 än
401 1159 27 13 nu
451 1153 24 19 är
495 1152 67 25 fallet,
577 1159 46 13 som
643 1152 35 27 jag
694 1152 53 26 tagit
762 1151 31 20 till
810 1150 67 26 ordet,
894 1150 40 21 och
949 1151 35 27 jag

156 1178 83 29 hoppas
260 1182 31 18 att
312 1179 36 21 det
366 1179 123 29 Höglofliga
505 1180 91 21 Ståndet
612 1188 34 18 nu,
662 1180 75 20 liksom
753 1179 64 25 förut,
833 1179 53 21 skall
902 1178 83 22 skänka

156 1208 43 20 min
216 1208 90 28 petition
322 1208 38 20 sitt
376 1208 121 21 understöd.

227 1264 35 21 Hr
276 1264 73 22 Rein:
380 1264 70 22 Sedan
467 1266 159 20 reservationen
643 1265 23 21 af
680 1267 78 19 tvänne
770 1264 64 22 ärade
851 1263 134 22 ständsmed-

156 1293 89 21 lemmar
261 1294 77 20 vunnit
353 1293 123 27 understöd,
492 1294 37 20 ber
544 1294 35 27 jag
594 1296 57 18 ännu
667 1293 22 21 få
705 1294 47 20 med
769 1293 115 27 anledning
899 1293 23 20 af
932 1292 53 21 den-

156 1328 82 14 samma
252 1324 58 26 yttra
330 1321 65 28 några
412 1322 44 20 ord.
486 1322 43 21 Det
545 1324 23 18 är
583 1322 37 21 två
636 1323 72 23 motiv,
724 1329 45 14 som
786 1322 23 20 af
824 1324 162 18 reservanterne

156 1349 89 21 anförts.
277 1350 69 21 Dessa
362 1350 68 28 bägge
446 1351 66 20 motiv
535 1358 64 20 synas
615 1351 43 27 mig
673 1358 50 13 vara
738 1350 23 21 af
776 1350 82 28 ganska
873 1351 59 25 ringa
949 1349 37 21 be-

154 1377 90 29 tydelse.
275 1378 44 21 Det
341 1378 69 22 första
432 1378 65 28 lyder,
521 1382 33 18 att
571 1386 48 13 man
636 1379 77 20 önskat
728 1378 12 21 å
755 1378 88 21 skolans
858 1378 43 20 fem
917 1378 69 26 lägsta

155 1406 84 22 klasser
254 1406 99 22 meddela
375 1407 107 21 afslutade
505 1408 75 20 kurser
596 1408 4 20 i
618 1407 186 27 naturkunnighet.
835 1406 44 21 Det
889 1408 22 18 är
919 1406 66 20 äfven

155 1438 48 17 sant
218 1438 32 18 att
265 1443 49 13 man
330 1434 37 22 vid
383 1437 27 19 de
423 1436 57 20 reala
491 1436 125 20 läroverken
629 1436 109 27 verkligen
754 1434 109 22 meddelat
878 1434 108 21 afslutade

154 1462 82 22 kurser.
267 1463 49 21 Och
333 1463 36 21 det
385 1464 42 20 kan
450 1471 50 14 vara
520 1464 76 27 riktigt
610 1464 40 21 och
666 1464 67 20 finnas
749 1464 46 20 skäl
811 1467 31 17 att
859 1464 4 19 i
881 1463 39 21 och
937 1462 48 21 med

155 1490 65 22 femte
246 1492 85 21 klassen
347 1492 6 20 i
369 1491 64 22 dessa
452 1492 97 21 läroverk
570 1492 180 28 undervisningen
774 1494 24 18 är
819 1492 27 28 på
862 1492 65 27 något
943 1492 46 20 sätt
