1081 1800
203 121 52 37 :820
461 133 57 17 R..0;
534 123 22 37 A.
561 134 70 17 '2900.
649 133 26 17 :8'
680 133 68 21 April

174 198 118 22 "dessutom
304 200 68 21 «leder
393 200 41 22 den
456 201 46 21 icke
513 200 84 22 :direkt
615 201 38 21 still
668 200 79 22 ;mälet.*
774 200 44 22 Det
826 200 49 22 kan
888 200 121 29 emellertid

180 227 144 28 ifrågasättas,
346 228 104 22 huruvida
463 230 56 20 icke
535 230 29 20 uti
581 235 26 16 en
617 229 67 28 fråga
694 229 67 23 af:så
775 232 46 18 stor
836 228 173 23 betydelse:söm

175 256 78 26 denna
268 264 26 14 en
304 252 76 38 :direkt
392 252 159 38 framställning
562 258 48 21 från.
625 257 188 23 Ständernas:sida
825 257 31 21 till
891 264 38 15 Hans
941 258 69 21 Majé-

180 286 45 20 stät
248 292 52 14 vore
322 286 118 28 påkallad:
438 282 16 37 :.
458 286 43 28 Jag
524 287 37 21 vill
583 286 48 22 icke
654 288 6 20 i
683 286 58 22 detta
763 286 105 22 afseende
890 286 90 22 framstäl

180 313 68 28 något
270 315 89 27 positivt
381 314 86 29 förslag,
489 323 48 13 men
559 316 36 28 jag
610 323 52 13 vore
676 315 103 26 tacksam,
792 322 28 14 om
836 314 64 22 -ifrän
916 314 94 22 Statsut-

180 342 94 21 skottets
297 342 46 22 sida
364 343 71 21 kunde
454 344 109 21 meddelas
579 344 155 28 upplysningar
750 344 79 25 derom,
843 343 107 22 huruvida
966 343 44 21 frå-

174 378 50 20 -gan
231 371 36 21 till
286 371 60 22 denna
357 372 37 21 del
406 373 55 21 varit
471 372 90 22 föremål
571 372 35 22 för
615 372 212 28 öfvervägande:hos
836 372 174 22 Statsutskottet.

251 399 13 21 1
274 407 84 14 samma
380 400 158 28 framställning
558 401 23 21 af
600 401 181 27 Statsutskottet,
803 400 88 22 'hvarom
917 400 38 22 här
981 407 28 14 nu

180 429 26 19 är
228 428 68 27 fråga,
314 436 70 21 synes'
394 430 65 21 också
472 430 40 20 det
526 430 56 27 höga
599 430 78 27 -belopp
692 430 23 20 af
729 429 218 28 dispositionsmedel,
960 434 49 15 som

173 455 48 22 -har
240 457 64 21 stälts
326 457 32 21 till
381 457 240 28 Generalguvernörens
643 457 135 29 förfogande,
795 457 84 29 påkalla
895 451 115 39 uppmärk-

176 485 96 21 :samhet.
301 485 11 22 I
327 485 59 22 detta
408 486 103 21 afseende
534 487 144 21 förekommer
698 486 117 21 emellertid
831 487 49 21 icke
895 486 67 28 något
976 489 35 18 ut-

175 513 93 22 -talande
284 514 47 21 från
348 514 174 22 Statsutskottets
537 515 53 21 sida.
619 515 42 28 Jag
676 523 51 14 vore
742 515 71 21 såsom
829 515 63 28 sagdt
907 515 102 26 tacksam,

181 548 36 15 om
234 542 70 28 någon
321 543 112 28 belysning
448 543 48 22 från
513 543 176 22 Statsuiskottets
704 543 47 22 sida
762 543 71 22 kunde
844 545 6 20 i
862 543 63 22 dessa
940 543 70 29 punk-

181 573 34 18 ter
230 571 115 22 meddelas.

253 656 34 22 Hr
301 657 29 21 K.
345 658 103 21 Antell:
471 658 36 21 Då
527 658 28 22 de
576 658 129 28 föregående
725 658 65 21 ärade
805 658 94 22 talarene
915 658 95 22 hufvud-

180 684 106 29 sakligast
308 686 118 28 uppehållit
448 687 34 27 sig
505 687 36 21 vid
564 687 42 21 den
625 694 75 14 senare
716 686 62 22 delen
794 687 23 21 af
833 686 175 22 Statsutskottets

181 713 167 29 ifrågavarande
368 716 164 27 framställning,
547 716 62 21 utber
623 716 36 28 jag
675 716 43 27 mig
733 718 32 18 att
779 715 23 21 få
816 718 57 26 yttra
889 715 65 28 några
970 716 38 20 ord

181 742 94 22 rörande
298 743 40 21 den
361 744 57 21 förra
434 744 63 21 delen
513 744 24 21 af
551 744 124 26 detsamma,
691 744 106 28 nämligen
813 743 91 22 rörande
920 744 37 21 det
971 752 38 13 an-

178 770 56 28 slag,
254 778 46 14 som
315 772 75 28 gifvits
405 772 32 22 till
454 772 240 28 Generalguvernörens
709 772 134 28 förfogande.
864 772 145 23 'Bestämnin-

179 806 45 21 gen
246 800 80 26 derom,
348 804 32 18 att
398 801 34 21 för
450 801 60 21 detta
525 802 32 20 till
573 801 240 27 Generalguvernörens
829 801 128 28 förfogande
972 808 38 15 an-

179 828 79 27 slagna
274 828 76 29 belopp
366 830 24 20 af
404 830 76 26 80,000
496 830 60 21 mark
572 830 54 21 skall
639 830 111 21 redovisas
761 830 132 21 omedelbart
903 830 32 20 till
946 830 62 21 Hans

181 856 110 29 Majestät,
304 859 39 26 gör
358 858 37 21 det
409 858 168 28 uppenbarligen
594 866 28 14 nu
637 858 41 22 och
693 858 70 22 likasä
777 858 121 26 framdeles,
908 859 24 20 sä
948 858 62 28 länge

180 888 33 18 ett
236 885 77 22 sådant
334 886 129 28 förfogande
484 887 55 21 skall
563 887 84 21 komma
669 890 32 18 att
725 886 111 26 fortbestä,
858 887 95 28 omöjligt
975 887 35 21 för

180 913 168 23 Statsutskottet
370 919 31 17 att
423 915 49 21 med
495 916 116 27 anledning
631 916 24 20 af
675 915 164 29 ifrågavarande
861 916 75 27 anslag
957 917 53 26 göra

181 942 72 28 någon
277 942 162 30 framställning,
462 952 50 13 vare
535 945 34 27 sig
583 945 7 20 i
606 945 42 20 den
670 952 40 13 ena
733 944 52 21 eller
799 944 66 21 andra
881 944 129 28 riktningen.

180 970 51 22 Och
255 972 33 20 för
309 972 120 22 Ständerna
452 972 68 22 mäste
540 972 37 22 det
592 972 90 22 sälunda
698 972 68 22 blifva
781 972 132 28 förborgadt,
928 972 83 22 hvilket

180 999 102 22 ändamål
304 1000 76 22 afsetts
402 1004 32 18 att
457 1001 48 21 med
528 1001 59 21 detta
610 1002 74 27 anslag
699 1001 110 28 befrämja.
839 1000 171 27 Statsutskottet,

173 1034 54 15 -som
244 1028 67 28 enligt
327 1030 26 20 36
370 1030 12 26 8
397 1030 6 20 i
419 1029 25 22 L.
460 1030 27 21 O.
503 1037 50 21 eger
568 1033 31 18 att
614 1030 23 21 fä
652 1030 33 21 del
697 1030 24 21 af
730 1030 41 21 alla
781 1030 143 21 statsverkets
934 1030 76 22 räken-

180 1056 81 28 skaper
268 1057 40 21 och
320 1057 131 29 handlingar,
462 1058 150 28 undandrages
620 1058 117 22 emellertid
747 1059 6 20 i
762 1058 59 21 detta
829 1058 39 21 fall
875 1058 75 28 hvarje
958 1059 52 27 möj-

180 1084 69 28 lighet
262 1088 32 18 att
312 1086 88 22 bedöma
412 1086 27 22 de
451 1087 127 26 statsbehof,
592 1087 73 21 hvilka
673 1094 77 20 genom
762 1086 163 28 ifrågavarande
936 1087 74 28 anslag

178 1113 65 21 skola
266 1114 124 28 tillgodoses
408 1115 40 21 och
467 1115 85 21 hvilkas
571 1116 89 21 relativa
675 1115 108 22 företräde
800 1115 105 21 måhända
920 1115 90 21 framför

177 1142 72 21 andra
264 1143 104 28 vigtigare
384 1144 99 21 ändamål
498 1144 90 21 sålunda
603 1144 65 22 redan
684 1144 28 28 på
723 1144 91 21 förhand
826 1144 108 21 bestämts.
960 1144 50 22 Och

179 1170 130 27 Ständerna,
324 1172 12 20 å
350 1172 74 22 hvilka
434 1172 38 22 det
481 1172 184 29 grundlagsenligt
675 1173 126 21 ankommer
811 1175 31 18 att
854 1174 75 20 anvisa
941 1172 68 22 medel

180 1199 34 21 till
237 1199 95 29 fyllande
354 1200 24 22 af
400 1201 83 22 landets
507 1201 71 27 behof,
599 1201 24 22 så
645 1201 47 22 vidt
711 1201 19 28 ej
746 1201 141 22 statsverkets
903 1200 106 23 ordinarie

179 1227 117 29 tillgångar
310 1229 71 21 dertill
397 1229 72 26 förslå,
484 1230 61 21 skola
563 1230 100 28 slutligen
679 1237 23 14 se
718 1230 33 27 sig
766 1231 6 20 i
785 1229 106 22 afsaknad
902 1230 22 21 af
935 1229 75 29 nödigt

178 1256 108 29 underlag
308 1257 34 21 för
365 1258 146 21 beräknandet
533 1259 24 21 af
579 1258 57 22 hvad
657 1266 45 14 som
719 1259 5 20 i
741 1258 77 29 sjelfva
833 1258 76 21 verket
923 1258 87 22 utöfver

179 1284 66 22 dessa
268 1285 106 22 ordinarie
396 1287 114 28 tillgångar
531 1287 49 22 med
605 1287 162 21 nödvändighet
788 1287 55 21 skall
859 1287 67 21 blifva
942 1287 68 21 erfor-

178 1313 83 28 derligt
282 1315 40 20 och
344 1315 58 21 hvad
424 1321 46 16 som
491 1315 91 22 sålunda
600 1315 48 22 med
662 1315 205 28 -bevillningsmedel
887 1315 54 22 skall
956 1315 54 29 hop-

180 1341 94 29 bringas.
306 1342 44 22 Vid
373 1343 78 21 sådant
472 1344 135 21 förhållande
630 1344 41 21 och
693 1344 28 21 då
741 1343 120 22 Ständerna
879 1351 28 13 nu
923 1344 48 21 icke
981 1351 29 14 se

178 1370 36 27 sig
230 1371 6 20 i
252 1370 83 22 tillfälle
358 1375 32 18 att
411 1375 57 25 yttra
490 1373 33 27 sig
545 1380 34 14 om
602 1372 59 22 detta
679 1372 81 28 anslag,
775 1372 64 21 hvars
854 1372 99 21 ändamål
968 1372 41 22 och

178 1399 143 29 användning
343 1400 48 21 icke
408 1400 79 22 blifvit
507 1400 28 29 på
550 1401 91 21 förhand
657 1401 23 21 af
695 1401 62 21 Hans
768 1400 107 28 Majestät
889 1400 121 26 fastetälda,

178 1426 71 22 finner
270 1428 42 28 jag,
334 1431 32 19 att
379 1429 26 21 R.
421 1437 19 13 0.
451 1430 32 20 :A.
497 1436 29 14 nu
547 1430 67 21 äfven
638 1429 81 28 nödgas
742 1429 116 21 inskränka
879 1430 34 26 sig
930 1429 32 21 till
977 1432 33 18 att

179 1454 61 22 detta
256 1457 6 20 i
278 1456 86 22 korthet
379 1457 110 29 päpekats,
504 1458 41 21 och
561 1458 38 21 ber
613 1458 36 28 jag
660 1461 35 18 att
710 1458 103 28 derjemte
827 1457 23 21 fä
860 1458 150 28 tillstyrka
974 1450 39 41 att

178 1483 28 22 R:
222 1491 19 14 o.
256 1485 26 21 A.
291 1485 93 22 förenar
405 1487 34 27 sig
461 1494 35 14 om
519 1486 176 22 Statsutskottets
718 1486 141 21 förenämnda
878 1486 81 28 förslag
977 1486 32 21 till

179 1512 112 22 uttalande
302 1514 115 28 angående
432 1515 69 21 första
515 1515 154 22 hufvudtiteln.
