1081 1792
435 124 129 29 Banklagen.
847 122 39 20 175

88 196 172 28 betänkligheter
275 195 54 21 hade
345 196 32 20 till
393 196 83 28 päföljd
492 198 30 19 att
538 196 41 21 den
595 204 42 20 nya
652 196 96 28 lydelsen
764 196 34 21 för
814 197 11 26 $
841 197 13 21 8
867 196 48 22 icke

86 224 132 28 godkändes.
243 224 34 20 En
293 224 98 28 tolkning
407 224 23 21 af
446 224 201 28 kompetensfrägan
663 225 92 21 rörande
771 224 144 29 bankinspek-

86 254 74 20 tionen
183 252 62 28 ingär
266 253 47 21 icke
334 254 7 20 i
361 256 85 18 senaste
469 253 103 21 Ständers
588 253 181 21 svarsskrifvelse.
799 253 32 21 Pä
845 253 68 28 grund

87 281 62 21 häraf
165 282 40 21 och
221 281 27 21 dä
263 281 148 28 föreliggande
428 281 48 22 nåd.
491 289 60 21 prop.
566 282 118 21 innehåller
695 285 32 18 att
737 284 13 20 8
763 283 18 27 &,
793 290 44 13 som
849 282 66 27 enligt

88 310 105 22 Senatens
209 311 6 20 i
231 310 242 21 utskottsbetänkandet
488 310 28 29 pä
530 310 40 22 sid.
585 312 13 20 4
613 310 119 22 relaterade
745 310 137 29 uppfattning
892 312 25 19 är

88 338 87 22 affattad
192 340 7 20 i
217 338 131 22 »sväfvande
372 338 108 28 ordalago,
496 339 68 21 skulle
580 340 35 27 jag
630 339 34 21 för
680 340 43 20 min
739 340 35 20 del
790 339 79 21 föreslå
884 342 31 18 att

89 367 144 21 betänkandet
254 368 6 20 i
283 367 69 21 denna
372 367 34 21 del
428 368 66 20 mätte
516 368 149 21 underkännas
682 368 51 21 eller
748 370 78 19 rättare
842 371 32 18 att
889 368 26 20 de

88 396 28 28 pä
136 396 55 21 sidd.
213 397 55 20 2—5
290 396 40 22 och
352 404 56 20 uppe
425 396 27 28 pä
468 396 38 22 sid.
523 398 12 20 6
550 396 106 28 ingäende
672 397 139 21 uttalandena
825 396 92 22 rörande

89 426 12 26 $
117 426 19 24 8,
155 425 52 21 eller
227 426 78 20 rättare
326 424 37 22 det
383 425 41 21 öde
440 425 126 29 paragrafen
582 425 52 26 haft,
649 426 67 20 måtte
731 434 25 12 ur
772 425 144 21 betänkandet

89 453 56 28 utgå.
175 453 39 21 Ett
235 454 142 28 qvarstående
399 454 23 20 af
440 454 59 21 detta
519 454 109 21 uttalande
650 454 69 21 skulle
734 454 91 22 faktiskt
841 454 75 21 fastslå

88 490 26 13 en
130 482 98 28 tolkning
243 482 23 21 af
281 490 26 13 en
322 482 69 28 fråga,
406 482 87 21 hvilken
510 482 119 22 Ständerna
642 490 28 14 nu
681 483 48 21 icke
740 483 65 21 hafva
817 484 32 26 sig
860 482 55 21 före-

88 510 50 28 lagd
163 511 39 21 och
225 512 6 19 i
254 511 87 21 hvilken
363 511 120 21 Ständerna
507 512 47 21 icke
577 512 66 20 heller
661 512 36 21 vid
714 514 84 19 senaste
814 511 102 28 landtdag

89 539 94 21 uttalade
199 540 37 27 sig.

158 596 34 21 Hr
207 604 41 13 von
265 596 213 22 Christierson:
495 597 179 21 Bankutskottets
692 597 134 21 betänkande
841 597 42 21 N:o
899 598 18 24 1,

89 633 45 13 som
155 625 115 28 föreligger
292 626 31 20 till
339 625 137 28 behandling,
491 626 38 21 har
545 626 71 21 blifvit
632 626 99 21 utdeladt
745 626 31 21 till
793 626 122 28 Höglofliga

90 654 92 21 Ståndet
201 655 6 19 i
223 654 37 21 två
275 654 114 28 exemplar.
418 654 42 28 Jag
476 654 38 22 ber
528 658 32 17 att
574 654 13 21 å
602 655 179 21 Bankutskottets
799 656 80 26 vägnar
894 654 22 21 få

90 683 83 21 anmäla
191 690 34 14 om
246 683 89 21 orsaken
351 682 77 28 härtill,
444 683 42 21 den
502 683 105 28 nämligen
624 686 31 18 att
671 684 36 20 vid
723 684 68 21 första
807 683 110 29 trycknin-

89 719 41 19 gen
147 711 23 21 af
185 711 144 21 betänkandet
345 712 6 20 i
367 712 52 28 följd
437 712 23 20 af
475 712 177 28 ombrytningsfel
664 712 65 28 några
740 720 63 14 namn
816 712 100 21 bortföllo

90 740 46 20 från
151 741 52 20 sista
218 740 85 28 stycket
318 741 6 20 i
342 740 150 26 betänkandet,
503 740 38 21 der
552 740 27 22 de
591 748 101 21 personer
703 741 128 28 uppräknas,
843 740 72 21 hvilka

90 768 90 28 deltagit
195 770 4 19 i
221 768 99 22 ärendets
337 769 135 27 behandling.
504 769 83 21 Genom
604 770 149 28 omtryckning
769 771 23 19 är
807 770 52 20 felet
874 770 42 20 rät-

90 797 52 26 tadt,
158 797 39 21 och
220 797 35 21 det
277 799 23 19 är
319 797 36 21 det
375 805 75 13 senare
465 798 101 21 utdelade
582 799 131 28 exemplaret
727 798 23 21 af
767 798 150 25 betänkandet,

90 833 45 13 som
151 826 71 28 gäller.

161 883 32 21 Hr
209 883 170 28 Stjernvall:
402 884 42 27 Jag
465 884 37 21 ber
518 887 31 18 att
563 885 6 19 i
586 884 41 21 allo
643 884 23 20 få
681 884 74 21 förena
772 885 43 26 mig
830 891 33 13 om
880 883 37 21 det

90 911 117 26 uttalande,
225 919 45 14 som
289 912 38 21 här
349 912 22 21 af
390 912 34 21 Hr
445 913 92 28 Ramsay
555 913 71 20 blifvit
640 912 77 29 gjordt.
748 913 43 20 Det
807 912 110 21 förefaller

90 940 65 21 äfven
172 941 43 27 mig
230 948 45 13 som
291 948 33 13 om
341 941 40 20 den
398 941 145 28 uppfattning,
559 941 168 21 Bankutskottet
742 949 64 20 synes
819 941 52 28 hysa
882 948 33 13 om

91 969 131 21 innebörden
243 969 22 21 af
283 969 131 22 Ständernas
437 970 182 27 svarsskrifvelse,
638 970 48 21 icke
708 977 50 14 vore
780 970 69 27 riktig,
866 972 50 18 utan

92 1000 30 18 att
141 998 195 25 svarsskrifvelsen,
357 998 28 27 på
403 1000 43 19 sätt
465 998 35 21 Hr
518 999 94 28 Ramsay
631 999 77 27 anfört,
727 999 76 20 endast
818 998 99 21 framhöll

92 1026 26 21 de
139 1026 175 28 betänkligheter,
328 1027 73 21 hvilka
421 1027 39 21 hos
480 1027 119 21 Ständerna
616 1027 74 28 gjorde
709 1028 36 27 sig:
759 1026 99 29 gällande
874 1030 43 17 mot

92 1055 131 27 antagandet
235 1055 23 21 af
273 1055 37 21 det
325 1055 80 28 förslag
421 1056 31 20 till
468 1055 91 28 ändring
574 1055 22 22 af
611 1057 13 20 8
640 1057 12 26 &
668 1057 6 20 i
688 1056 125 28 banklagen,
825 1063 44 14 som
881 1055 35 21 vid

92 1087 84 18 senaste
195 1084 102 27 landtdag
315 1084 107 21 förelades
442 1084 126 27 Ständerna,
585 1092 47 13 men
650 1085 115 27 ingalunda
781 1084 66 28 nägot
861 1087 57 18 utta-

92 1112 62 21 lande
170 1112 110 27 angäende
296 1113 132 20 innebörden
444 1113 23 21 af
483 1114 13 20 8
512 1114 12 26 &
540 1113 66 21 sädan
622 1113 41 21 den
680 1121 27 13 nu
719 1115 22 19 är
750 1113 105 28 gällande.
876 1112 42 27 Jag

93 1141 37 20 ber
146 1141 83 21 säledes
245 1144 32 18 att
291 1141 23 21 fä
329 1141 75 22 förena
421 1143 42 26 mig
479 1149 33 14 om
529 1142 34 21 Hr
577 1141 104 29 Ramsays
697 1142 82 27 förslag
793 1145 32 17 att
840 1141 79 28 ifräga-

93 1169 93 21 varande
202 1169 109 22 uttalande
326 1170 91 21 rörande
432 1171 13 20 8
462 1171 12 26 $
490 1170 65 21 mätte
571 1170 22 21 af
608 1170 26 22 R.
650 1178 18 13 o.
685 1171 25 20 A.
726 1171 109 21 uteslutas.

161 1227 34 21 Hr
210 1235 41 13 von
268 1227 221 22 Christierson:
514 1228 44 21 Det
576 1235 62 21 synes
659 1229 43 26 mig
717 1235 45 14 som
779 1235 33 13 om
829 1227 41 21 den
886 1230 33 17 ut-

93 1256 101 27 läggning
213 1256 46 21 utaf
277 1256 41 21 den
334 1256 149 28 föreliggande
499 1256 82 28 frägan,
596 1256 86 21 hvilken
699 1256 168 21 Bankutskottet
882 1255 38 21 har

92 1285 71 26 gifvit,
183 1286 22 19 är
225 1285 82 27 ganska
327 1285 96 28 objektiv
445 1285 41 21 och
507 1285 73 21 derför
595 1285 38 20 bör
646 1285 35 21 väl
696 1285 97 21 försvara
809 1285 31 20 sin
857 1284 62 28 plats.

92 1313 42 28 Jag
156 1313 41 21 kan
215 1314 48 20 icke
283 1313 73 27 förstä,
371 1313 87 22 hvilken
478 1313 115 28 anledning
616 1314 68 21 skulle
699 1314 67 21 finnas
782 1316 31 18 att
828 1313 91 21 utesluta

93 1341 70 22 denna
178 1342 125 27 utläggning
318 1342 23 21 af
356 1342 88 27 frägans
460 1342 136 27 behandling,
612 1342 65 21 sädan
692 1342 113 22 Utskottet
815 1342 38 21 har
863 1342 57 27 gjort

94 1370 40 21 den
154 1371 6 20 i
180 1371 36 20 sitt
233 1370 140 26 betänkande,
389 1371 27 20 dä
432 1370 37 21 det
484 1371 116 26 uttalande,
616 1378 44 14 som
676 1371 72 27 ingick
765 1372 5 19 i
787 1370 133 21 Ständernas

94 1399 181 25 svarsskrifvelse,
285 1399 126 21 föranledde
422 1399 110 28 Styrelsen
548 1402 32 18 att
595 1399 47 21 icke
658 1399 113 28 godkänna
786 1399 37 21 det
834 1398 87 21 författ-

94 1427 149 28 ningsförslag,
258 1427 82 22 hvilket
355 1431 73 18 senast
443 1428 55 21 hade
514 1428 72 21 blifvit
602 1428 22 21 af
640 1427 119 22 Ständerna
775 1430 92 25 antaget.

163 1484 57 21 Frih.
235 1492 42 13 von
293 1485 94 20 Troil:
410 1485 42 27 Jag
468 1485 38 20 ber
521 1488 31 17 att
567 1485 34 20 för
615 1485 43 20 min
674 1485 35 21 del
725 1485 22 20 få
761 1485 114 21 instämma
890 1484 31 20 uti

94 1512 37 22 det
151 1513 114 25 uttalande,
281 1521 45 13 som
347 1513 22 20 af
384 1513 35 21 Hr
434 1521 42 13 von
493 1513 142 22 Christierson
654 1513 71 22 blifvit
746 1513 99 28 afgifvet,
861 1520 61 13 anse-
