1081 1764
297 125 132 17 Subvention
447 125 33 17 för
496 125 85 20 privata
590 125 121 20 jernvägar.
860 119 26 20 95

90 193 87 50 kudset
201 193 66 28 vägar
288 193 162 22 undertecknad
473 193 87 21 härmed
584 193 110 21 vördsamt
716 192 80 22 föreslä
814 192 36 21 det
866 192 51 21 ville

90 221 159 28 Ridderskapet
265 221 40 22 och
321 221 70 22 Adeln
408 221 137 29 understödja
561 229 26 14 en
603 223 91 27 petition
710 223 6 20 i
732 222 57 28 syfte

364 281 33 19 att
411 279 93 27 frikalla
519 279 76 21 staden
611 279 134 28 Björneborg
760 279 54 27 från
826 279 90 27 fortsatt

297 308 129 27 erläggande
448 307 29 28 af
495 308 35 21 det
552 308 76 27 bidrag
651 307 29 28 af
700 308 88 27 25,000
802 307 64 21 mark
880 314 36 14 om

296 337 52 26 året,
369 343 46 14 som
438 336 37 28 för
496 336 313 28 Björneborg—Tammerfors
824 336 92 27 jernväg

297 365 28 28 af
335 365 78 21 staden
427 365 88 28 utfästs.

159 422 144 28 Helsingfors,
318 422 42 21 den
376 423 12 20 9
404 422 102 21 Februari
524 423 61 20 1900.

683 479 29 22 H.
728 479 120 22 Rosenlew.

158 543 32 20 Pä
221 543 136 21 petitionärens
373 542 99 21 anhällan
489 542 44 21 blef
549 542 59 22 detta
623 542 184 29 petitionsförslag
821 542 96 21 remitte-

90 571 48 21 radt
153 572 32 20 till
217 571 153 22 Statsutskottet.

299 731 126 23 Subvention
440 731 36 22 för
492 731 83 28 privata
588 732 120 27 jernvägar.

159 788 59 22 Herr
227 789 86 27 August
328 788 129 29 Ramsay
473 789 98 28 uppläste
583 791 31 19 ett
624 788 183 28 petitionsförslag
817 795 34 14 om
862 795 54 20 upp-

90 817 92 28 tagande
202 818 6 20 i
227 817 107 28 budgeten
351 817 22 21 af
389 820 30 18 ett
434 818 75 27 anslag
523 817 32 21 till
571 816 208 22 subventionerande
794 816 23 21 af
832 817 84 27 privata

90 846 260 28 jernvägsanläggningar,
366 846 24 21 sä
405 846 101 28 lydande:

253 932 42 20 Till
310 932 124 28 Höglofliga
449 931 160 29 Ridderskapet
623 931 41 21 och
680 930 75 22 Adeln.

160 989 71 21 Sedan
250 989 37 21 det
304 989 69 21 finska
390 990 161 27 jernvägsnätet
569 996 86 13 numera
674 988 46 21 nätt
734 988 42 21 den
792 987 125 28 utveckling

91 1020 31 19 att
144 1018 27 20 de
194 1018 151 27 väsentligaste
368 1017 151 21 stambanorna
538 1017 65 21 redan
623 1017 83 25 utförts,
724 1016 128 21 framträder
868 1016 47 21 med

92 1046 95 28 ständigt
202 1046 97 21 växande
315 1046 73 28 styrka
405 1046 102 21 behofvet
521 1046 23 20 af
560 1046 154 27 bansystemets
730 1044 128 28 utvidgning
874 1052 42 14 me-

91 1075 46 20 dels
159 1075 168 21 tillförselbanor
349 1074 90 22 afsedda
457 1074 34 21 för
510 1074 41 21 den
570 1074 70 21 lokala
656 1074 148 27 anslutningen
820 1073 33 21 till
868 1072 49 22 huf-

91 1103 140 29 vudlinjerna.
261 1103 12 21 I
289 1103 40 21 den
346 1103 48 21 män
411 1103 58 21 detta
485 1103 67 21 behof
567 1103 41 21 kan
623 1102 131 28 tillgodoses,
771 1102 53 21 skall
838 1105 79 24 gagnet

91 1132 23 20 af
135 1132 180 21 hufvudbanorna
337 1132 88 20 tillfullo
443 1132 117 20 framträda
579 1132 63 26 jämte
658 1131 36 21 det
709 1131 61 21 deras
786 1130 132 21 räntabilitet

91 1160 54 21 skall
162 1163 87 25 stegras.
274 1160 43 21 För
333 1163 69 18 staten
419 1161 5 20 i
442 1160 108 28 egenskap
566 1160 23 21 af
603 1160 161 20 stambanornas
775 1166 63 20 egare
849 1158 67 22 mäste

92 1188 72 22 derför
186 1189 73 28 hvarje
278 1188 81 28 ätgärd,
377 1196 46 14 som
442 1189 57 21 afser
515 1196 26 13 en
557 1188 128 28 utvidgning
699 1188 22 21 af
735 1189 161 27 jernvägsnätet
910 1188 7 20 i

91 1217 81 28 antydd
191 1218 100 27 riktning,
309 1225 52 13 vara
376 1217 23 21 af
413 1217 77 28 högsta
506 1217 116 28 betydelse,
637 1217 88 21 hvarför
740 1216 64 21 äfven
820 1224 26 13 en
862 1215 54 21 sund

90 1246 177 28 jernvägspolitik
291 1246 48 20 med
362 1246 162 28 nödvändighet
547 1246 38 20 bör
607 1253 54 20 egna
685 1244 188 29 uppmärksamhet
895 1244 23 21 ät

91 1274 75 28 frägan
190 1274 110 28 angäende
323 1274 26 21 de
369 1275 76 26 medel,
464 1282 77 20 genom
560 1274 73 21 hvilka
649 1274 141 28 uppkomsten
808 1273 23 21 af
846 1273 71 21 lokala

91 1303 167 21 tillförselbanor
273 1303 72 21 kunde
360 1303 93 28 främjas.

160 1332 84 20 Härvid
269 1331 98 28 erbjuder
389 1332 33 27 sig
441 1339 25 13 en
485 1332 92 27 naturlig
593 1332 114 26 anvisning
722 1331 43 27 just
780 1331 30 20 uti
827 1329 89 22 berörda

92 1360 130 27 utveckling,
241 1368 77 19 genom
334 1360 88 21 hvilken
438 1361 101 20 intresset
553 1360 36 20 för
604 1359 73 22 vidare
691 1358 227 29 jernvägsbyggnader

92 1390 6 19 i
120 1389 66 27 högre
206 1389 52 27 grad
275 1390 26 19 än
317 1388 104 21 härintills
437 1388 42 21 kan
496 1388 80 27 frigöra
591 1389 34 26 sig
640 1387 47 21 frän
703 1387 27 21 de
745 1387 107 21 allmänna
868 1394 50 20 syn-

92 1417 98 28 punkter,
206 1425 46 13 som
267 1417 56 21 varit
339 1417 160 20 bestämmande
515 1417 34 20 för
564 1417 160 20 stambanornas
735 1416 131 26 sträckning,
876 1415 41 20 och

92 1446 66 21 samla
179 1446 33 27 sig
234 1446 62 27 kring
313 1445 80 28 tydligt
407 1445 160 21 framträdande
583 1445 41 21 och
639 1445 64 20 exakt
718 1444 114 28 pävisbara
847 1443 71 21 lokala

93 1474 70 21 behof.
186 1474 131 28 Härigenom
333 1474 38 21 har
387 1477 31 18 ett
433 1473 120 22 vidsträckt
567 1473 40 21 fält
622 1475 90 26 öppnats
724 1473 32 20 för
767 1473 41 20 den
820 1471 97 22 enskilda

92 1503 201 27 företagsamheten,
307 1502 89 22 hvilken
411 1502 65 22 äfven
493 1502 28 29 pä
536 1505 84 18 senaste
636 1501 37 28 tid,
684 1501 47 21 med
742 1501 88 21 raskhet
840 1499 78 22 skridit
