1084 1786
204 128 40 21 140
442 135 25 16 R.
481 139 17 12 o.
512 135 25 16 A.
551 135 62 16 1900.
638 135 23 16 16
674 134 61 16 Febr.

175 201 39 28 18
237 203 12 19 6
272 202 65 21 äfven
357 203 81 26 intages
460 210 25 13 en
503 203 136 27 bestämning
654 210 33 13 om
704 202 126 27 utgifvandc
848 202 23 21 af
886 203 118 26 ersättning

174 230 34 21 för
224 230 80 21 sädana
320 231 47 28 djur
379 231 40 21 och
431 231 63 21 torde
505 231 70 21 denna
587 232 118 27 ersättning
715 231 78 28 jemväl
804 231 115 28 lämpligen
931 231 72 20 kunna

175 259 51 28 utgä
241 259 48 21 med
305 263 32 17 tre
352 259 129 29 fjerdedelar
496 260 23 21 af
534 259 81 28 djurets
632 259 71 22 värde.

243 287 44 21 För
309 288 48 20 häst
380 288 101 21 behäftad
504 289 49 19 med
574 291 44 18 rots
635 290 22 18 är
673 289 144 26 ersättningen
835 287 120 27 föreslagen
971 290 32 18 att

175 317 50 27 utgå
249 316 47 21 med
321 316 75 21 endast
418 316 74 22 halfva
515 316 248 28 uppskattningsvärdet.
794 316 170 26 Otvifvelaktigt
980 318 24 18 är

175 353 26 13 en
224 345 67 21 sådan
315 346 116 27 ersättning
454 345 50 21 fullt
523 345 115 27 tillräcklig
654 345 35 21 för
704 345 53 28 djur,
772 345 38 21 hos
827 344 72 22 hvilka
915 344 88 28 sjukdo-

175 381 47 13 men
246 376 44 18 rots
313 374 63 20 redan
400 374 134 21 framskridit
555 374 23 20 sä
594 374 65 27 längt,
674 377 31 17 att
720 374 40 20 den
777 374 42 20 kan
835 373 167 27 diagnostiseras

175 402 27 28 pä
227 402 69 28 grund
318 402 22 21 af
359 406 55 24 yttre
436 406 107 24 symptom
568 405 49 18 utan
635 402 108 21 anlitande
758 402 23 21 af
797 402 66 28 nägra
877 402 65 20 finare
958 401 45 21 dia-

174 432 112 26 gnostiska
303 431 131 28 hjelpmedel.
465 431 10 21 I
492 431 84 21 mallein
593 431 65 21 hafva
674 432 21 20 vi
711 430 116 22 emellertid
845 430 66 28 enligt
927 430 27 28 pä
970 438 33 13 se-

176 463 60 17 naste
257 460 30 20 tid
305 467 83 13 vunnen
406 460 121 20 erfarenhet
543 460 84 20 erhällit
643 463 29 17 ett
689 460 74 25 medel,
779 459 126 21 förmedelst
920 459 83 21 hvilket

175 488 127 28 sjukdomen
325 492 43 17 rots
390 488 46 21 med
461 489 31 20 till
509 489 82 20 visshet
609 488 120 28 gränsande
749 488 136 21 sannolikhet
901 488 41 20 kan
959 488 45 20 dia-

174 518 132 26 gnostiseras
322 517 64 21 redan
402 518 6 20 i
424 518 49 20 dess
489 517 102 27 tidigaste
607 517 84 21 stadier.
713 517 77 21 Denna
801 516 202 28 diagnostiserings-

176 546 71 20 metod
271 546 75 28 tyckes
368 546 124 26 emellertid,
516 549 32 17 att
570 546 63 20 döma
656 546 22 20 af
700 546 187 24 bestämningarna
903 546 5 20 i
925 546 12 26 $
954 546 48 20 18
991 542 15 36 i

176 574 104 27 förslaget
300 574 31 21 till
353 574 133 27 kungörelse,
509 574 36 21 vid
569 574 146 28 uppgörandet
743 574 22 21 af
784 574 59 20 detta
859 574 80 27 förslag
955 574 48 20 icke

176 603 65 20 hafva
265 603 71 20 blifvit
352 603 98 20 beaktad.
481 603 55 20 Dei
553 604 12 24 $
583 604 26 19 18
626 603 104 27 ingående
746 603 187 26 bestämningarna
949 604 54 18 mot-

176 639 62 13 svara
260 631 104 28 nämligen
381 631 37 21 det
432 631 131 23 förfarande,
577 639 44 13 som
638 632 87 20 allmänt
740 631 77 28 följdes
834 631 72 20 förrän
923 630 81 21 mallei-

176 663 47 18 nets
246 659 146 28 diagnostiska
416 660 109 28 betydelse
548 668 37 13 var
601 660 63 21 känd.
694 660 93 21 Numera
803 659 61 21 torde
881 663 30 17 ett
927 659 76 21 sädant

176 688 162 28 förfaringssätt
352 689 126 28 näppeligen
496 689 145 27 nägonstädes
657 689 70 21 insläs.
758 689 10 20 I
784 688 79 28 sjelfva
879 688 75 21 verket
966 688 38 20 har

176 717 118 21 detsamma
317 717 65 21 heller
404 717 48 22 icke
474 717 38 21 här
527 719 6 19 i
550 717 73 21 landet
645 717 26 28 pä
687 717 76 28 många
779 717 24 20 är
817 717 122 28 tillämpats.
970 716 33 21 Då

177 753 27 13 nu
220 746 34 20 för
270 746 58 21 tiden
349 747 55 20 inom
421 746 65 27 något
502 746 48 21 stall
566 750 43 17 rots
626 746 111 27 iakttages.
749 745 132 21 undersökas
897 745 106 28 nämligen

176 775 99 26 samtliga
291 774 71 21 hästar
377 775 5 20 i
399 775 117 20 detsamma
533 775 47 20 med
598 775 91 25 mallein,
704 774 109 21 hvarefter
824 774 33 26 de,
871 781 44 14 som
930 781 73 20 reage-

176 806 38 22 rat,
230 803 24 20 så
270 806 58 17 snart
344 811 44 13 som
405 804 81 27 möjligt
501 803 84 21 aflifvas
601 803 70 21 såsom
689 803 67 21 starkt
773 803 126 20 misstänkta
910 806 32 17 att
953 809 50 14 vara

177 831 116 21 behäftade
316 831 47 22 med
385 836 50 21 rots,
458 832 111 21 hvaremot
589 832 26 21 de
631 832 68 27 öfriga
715 832 80 20 lemnas
812 831 31 20 till
859 838 88 20 egarens
963 831 41 20 fria

176 860 135 28 disposition.
336 860 31 21 På
383 861 58 20 detta
457 862 43 19 sätt
515 864 98 24 utageras
630 861 47 20 hela
693 861 79 20 aftären
788 861 57 20 inom
862 859 65 28 några
938 859 67 28 dagar

176 889 41 20 och
233 888 70 28 någon
320 889 110 27 långvarig
446 889 136 28 afspärrning
598 889 104 21 behöfver
714 889 48 21 icke
774 889 38 20 alls
825 889 83 19 komma
920 889 5 19 i
936 888 68 27 fråga.

177 916 85 22 Genom
286 920 30 18 ett
338 917 76 21 sådant
437 917 160 27 förfaringssätt
613 918 75 20 vinnes
705 916 117 22 emellertid
839 916 48 22 icke
903 916 54 21 blott
972 916 31 20 tid

177 950 49 16 utan
244 946 117 21 detsamma
380 946 131 21 underiättar
527 946 90 20 framför
633 946 29 20 alt
681 947 1 19 i
699 946 86 27 mycket
800 945 43 27 hög
857 945 52 27 grad
927 948 77 18 motar-

177 974 103 21 betandet
295 974 22 21 af
332 975 137 27 sjukdomens
485 974 118 29 spridning,
619 974 88 21 emedan
723 974 129 27 förefintliga
867 972 138 22 smitthärdar

177 1002 27 28 på
227 1002 59 21 detta
309 1005 43 19 sätt
375 1003 46 21 med
445 1003 77 21 lätthet
545 1003 70 21 kunna
639 1003 110 27 aflägsnas.
780 1002 43 21 För
839 1002 125 28 hästegaren
981 1004 24 18 är

176 1031 118 21 emellertid
318 1032 57 20 detta
397 1032 159 27 förfaringssätt
579 1032 44 20 ofta
640 1032 84 27 mycket
741 1030 142 28 betungande,
899 1032 5 19 i
921 1030 36 21 det
972 1034 32 17 att

176 1060 41 20 han
238 1067 77 20 genom
336 1060 118 21 detsamma
470 1060 41 21 kan
528 1060 100 21 beröfvas
644 1060 76 24 hästar,
736 1060 73 21 hvilka
826 1060 124 26 visserligen
967 1061 37 19 äro

178 1088 114 21 behäftade
316 1088 47 21 med
386 1093 50 22 rots,
459 1096 46 14 men
530 1088 73 22 hvilka
623 1089 55 21 dock
695 1088 27 29 på
737 1088 68 28 grund
823 1088 22 20 af
861 1088 70 20 denna
945 1088 59 27 sjuk-

176 1116 61 22 doms
259 1117 122 27 långvariga
400 1118 85 27 förlopp
500 1119 57 19 ännu
573 1125 25 13 en
617 1118 48 26 lång
681 1117 36 26 tid,
734 1117 91 26 mången
841 1116 57 28 gång
913 1120 15 17 t.
943 1124 18 13 o.
978 1124 26 13 m.

176 1145 50 21 flere
242 1145 24 21 år
281 1146 68 20 skulle
364 1145 66 22 hafva
446 1147 55 20 varit
516 1146 50 21 fullt
581 1146 165 28 arbetsdugliga.
777 1145 92 27 Obilligt
884 1152 63 21 synes
961 1145 44 27 mig

176 1174 72 20 derför
265 1174 46 20 icke
327 1178 31 17 att
374 1182 76 19 egaren
466 1175 34 20 för
516 1174 80 21 sådana
612 1174 71 21 hästar
697 1174 69 21 skulle
777 1176 90 18 ersättas
879 1173 46 20 med
941 1174 63 19 minst

176 1206 32 17 tre
224 1202 129 27 fjerdedelar
368 1203 22 20 af
406 1203 80 28 djurets
502 1203 72 20 värde.
602 1203 50 20 Med
669 1203 48 20 stöd
733 1203 23 20 af
771 1201 57 22 hvad
844 1203 35 26 jag
895 1201 47 21 haft
953 1203 50 19 äran

177 1231 116 25 framhålla,
316 1231 65 28 vågar
405 1232 33 27 jag
461 1231 117 25 hemställa,
599 1239 34 13 om
650 1232 46 20 icke
713 1231 118 27 ersättning
846 1231 34 20 för
895 1230 48 21 med
959 1233 46 18 rots

177 1259 115 20 behäftade
307 1259 72 22 hästar
395 1260 71 21 kunde
482 1260 51 27 utgå
549 1260 48 21 med
613 1260 56 21 olika
685 1263 44 18 stor
744 1259 34 21 del
795 1259 23 20 af
829 1259 176 28 uppskattnings-

176 1287 82 25 värdet,
282 1287 106 22 beroende
411 1288 27 27 på
461 1288 53 21 huru
538 1289 59 27 långt
619 1288 125 28 sjukdomen
761 1287 138 21 framskridit.
929 1287 76 28 Enligt

176 1317 42 20 min
240 1316 56 27 äsigt
319 1316 65 21 borde
406 1325 78 20 egaren
507 1319 90 19 ersättas
621 1317 47 21 med
692 1320 31 17 tre
739 1316 130 28 fjerdedelar
884 1316 23 21 af
923 1315 82 28 djurets

177 1344 65 21 värde
264 1345 34 20 för
316 1345 80 21 sådana
411 1345 78 26 hästar,
503 1345 40 21 hos
558 1345 73 21 hvilka
647 1345 125 28 sjukdomen
789 1345 83 20 kunnat
887 1344 118 27 diagnosti-

176 1381 58 13 seras
250 1373 77 21 endast
343 1374 47 21 med
406 1374 90 28 tillhjelp
514 1374 22 21 af
553 1374 83 21 mallein
653 1374 50 21 eller
719 1373 68 21 andra
803 1373 73 28 dylika
887 1373 118 27 diagnosti-

176 1401 39 21 ska
230 1401 134 28 hjelpmedel,
380 1410 47 13 men
443 1403 95 20 deremot
554 1403 47 20 med
618 1403 74 20 halfva
708 1401 75 22 värdet
795 1402 35 20 för
841 1401 78 26 hästar,
931 1401 73 21 hvilka

176 1430 90 21 företett
280 1431 82 27 tydliga
377 1431 224 28 sjukdomssymptom.
631 1431 137 28 Afgörandet
783 1430 23 21 af
821 1430 32 21 till
869 1429 83 21 hvilket
968 1430 38 19 be-

177 1459 50 28 lopp
251 1461 144 26 ersättningen
419 1461 5 19 i
448 1459 73 28 hvarje
544 1459 101 21 särskildt
667 1459 37 21 fall
728 1458 67 21 borde
816 1458 51 28 utgå
882 1457 71 22 kunde
969 1458 36 21 väl

176 1487 123 28 lämpligast
322 1488 143 20 öfverlemnas
488 1488 21 20 ät
530 1488 48 20 dei
594 1488 94 28 enlighet
703 1487 48 21 med
768 1488 12 26 &
796 1488 28 20 28
839 1488 7 19 i
862 1486 143 28 kungörelsen
