1081 1767
197 120 26 20 96
433 126 25 16 RB.
471 130 18 12 o.
502 126 25 16 A.
540 125 61 17 1900.
626 124 25 17 10
663 124 62 16 Febr.

167 194 32 20 till
222 193 174 28 förverkligande
419 193 23 21 af
464 193 105 21 särskilda
592 193 218 29 privatbaneprojekt.
840 192 35 22 Dä
893 194 31 18 ett
945 192 52 20 fort-

168 221 84 28 gäende
268 222 27 28 pä
310 221 41 22 den
368 221 90 22 sälunda
473 221 103 21 beträdda
593 223 76 26 vägen,
684 222 70 21 säsom
771 222 64 21 ofvan
852 220 111 29 päpekats,
973 221 24 19 är

170 250 31 21 till
224 250 137 28 obestridligt
382 257 56 21 gagn
462 250 34 21 för
516 250 37 21 det
576 250 112 25 allmänna,
703 259 48 13 men
767 251 13 20 &
795 250 42 21 den
853 249 65 21 andra
935 248 61 21 sidan

168 279 140 21 ekonomiska
331 279 133 27 svärigheter
486 279 61 20 skola
569 280 57 19 möta
644 279 153 22 realiserandet
812 279 23 20 af
851 277 86 28 mänget
952 277 45 21 väl-

170 307 102 28 behöfligt
286 307 191 29 jernvägsföretag,
493 307 51 21 böra
560 307 63 21 dessa
639 307 72 22 sävidt
726 308 81 28 möjligt
822 314 77 20 genom
915 308 81 19 statens

168 336 152 21 mellankomst
338 336 151 28 undanrödjas.
519 336 44 21 Det
581 337 24 20 är
620 335 55 22 altsä
689 337 31 20 uti
737 344 25 13 en
778 336 79 27 kraftig
873 334 124 22 subventio-

169 365 76 28 nering
266 365 22 20 af
304 364 96 21 enskilda
416 365 113 28 jernvägar
543 365 36 28 jag
595 365 37 20 vill
647 372 23 13 se
686 369 31 17 ett
731 365 23 21 af
769 365 84 20 medlen
869 364 34 20 för
918 363 79 27 fullgö-

169 393 75 21 randet
261 393 23 21 af
299 393 38 21 vär
351 393 190 28 jernvägspolitiks
556 393 83 28 tydliga
654 401 105 20 program.

238 422 11 21 I
271 422 70 21 denna
360 422 95 27 riktning
470 421 94 22 uttalade
581 423 32 26 sig
629 422 65 21 äfven
711 422 119 21 Ständerna
846 421 36 21 vid
898 419 99 22 landtda-

168 458 43 20 gen
227 451 24 20 är
268 451 60 25 1897,
344 450 28 21 dä
388 450 26 21 de
430 451 33 20 för
477 451 209 21 subventionerande
702 451 23 20 af
736 452 82 27 privata
829 449 169 29 jernvägsbygg-

170 479 65 21 nader
251 479 102 21 anvisade
369 486 25 14 en
411 487 82 13 summa
509 479 22 20 af
547 480 110 25 2,000,000
674 480 65 25 mark,
750 479 89 21 hvilken
850 478 65 21 ocksä
926 478 72 21 seder-

170 515 58 13 mera
248 508 88 20 tillfullo
351 509 65 26 tagits
435 509 2 19 i
455 507 98 28 anspråk.
583 507 141 22 Hänvisande
740 508 69 21 härtill
826 507 41 21 och
883 507 47 20 med
947 506 51 21 hän-

170 536 44 21 sikt
235 537 33 20 till
291 536 37 21 det
349 536 23 21 af
393 544 25 13 en
434 537 99 27 stigande
549 536 125 21 ekonomisk
690 537 40 21 och
746 536 111 21 industriel
874 535 124 27 utveckling

171 565 82 20 hastigt
268 565 98 20 växande
383 565 104 21 behofvet
501 565 23 20 af
540 573 25 12 en
582 573 50 13 snar
647 565 129 28 förbättring
787 565 22 20 af
819 565 27 20 de
857 564 70 21 lokala
938 564 60 20 kom-

171 572 309 42 munikationsförhällandena
503 595 56 19 inom
582 593 51 21 flere
655 594 59 21 invid
738 594 39 21 och
797 593 90 21 emellan
905 592 93 21 stamba-

172 629 66 14 norna
255 622 99 27 liggande
371 622 100 21 omräden
487 622 61 21 torde
565 630 25 13 en
607 623 136 27 anslagspost
757 623 36 20 för
807 629 80 14 samma
900 621 97 20 ändamäl

172 651 64 20 äfven
254 659 28 12 nu
298 651 4 19 i
320 650 130 21 Ständernas
467 651 72 27 kalkyl
554 651 23 20 af
592 651 143 21 kostnaderna
751 651 34 20 för
801 651 73 20 vidare
889 651 108 27 jernvägs-

173 678 124 28 byggnader
320 679 50 21 böra
393 679 126 21 observeras
541 679 47 21 med
611 683 30 17 ett
663 680 67 20 ökadt
746 679 83 28 belopp,
845 679 24 21 sä
884 681 54 18 stort
953 685 45 13 om-

171 707 175 28 ständigheterna
362 708 54 20 blott
432 708 115 27 medgifva.
569 708 43 20 Till
628 708 47 21 stöd
692 708 34 20 för
737 711 30 17 ett
777 707 84 21 ökande
873 707 22 21 af
906 706 92 21 nämnda

171 744 83 12 summa
269 736 54 20 talar
338 736 64 21 äfven
418 736 38 21 det
471 736 140 27 förhällande,
627 740 32 17 att
673 736 189 28 anslagsperioden
879 736 34 20 för
928 736 70 20 denna

170 764 58 28 gång
243 765 121 21 utsträckes
380 765 62 20 öfver
457 772 25 13 en
498 765 73 27 längre
587 765 73 28 period
677 767 26 19 än
719 768 78 18 senast.

242 793 52 21 Med
311 793 59 21 detta
386 794 48 20 mitt
448 793 81 28 förslag
545 794 58 20 afser
617 794 35 28 jag
667 794 48 21 icke
731 797 29 17 att
777 793 88 21 influera
880 792 27 29 pä
922 792 77 28 utgän-

171 828 41 20 gen
236 822 24 20 af
283 822 26 20 de
332 822 165 28 anslagsfrägor,
520 830 45 13 som
587 823 30 20 uti
637 822 104 21 särskilda
758 822 35 21 vid
809 822 71 20 denna
895 821 103 28 landtdag

172 850 84 27 ingifna
279 851 114 27 petitioner
414 851 31 20 till
468 850 83 21 förmän
566 851 35 21 för
616 852 58 20 vissa
689 851 65 21 redan
771 850 115 29 planerade
902 850 96 21 enskilda

172 878 67 21 banor
255 879 82 25 väckts,
352 879 41 21 och
408 879 85 21 hvilkas
509 879 109 21 definitiva
635 880 129 26 behandling
783 879 22 21 af
821 878 119 22 Ständerna
956 879 41 20 kan

171 907 115 28 företagas,
307 911 51 17 utan
380 907 38 21 har
434 908 36 28 jag
484 908 62 20 tänkt
561 909 44 27 mig
620 911 31 18 att
666 908 41 21 den
723 909 22 20 af
760 908 42 28 mig
818 907 114 21 förordade
948 907 50 21 sub-

172 936 177 28 ventionsposten
368 936 68 21 skulle
455 937 85 20 anvisas
559 936 86 22 utöfver
660 937 27 21 de
702 936 101 28 speciella
819 936 80 27 anslag,
914 943 45 13 som
975 936 23 20 af

172 964 121 21 Ständerna
310 964 83 21 komma
409 968 31 17 att
455 965 132 27 godkännas.

241 993 11 21 I
274 993 47 21 stöd
338 993 22 20 af
376 993 56 21 hvad
448 993 90 21 sälunda
554 994 82 20 anförts
652 994 34 20 fär
700 994 35 28 jag
751 993 110 21 vördsamt
876 992 79 21 föreslä
971 1000 26 13 en

170 1021 136 28 underdänig
321 1022 89 27 petition
426 1022 6 20 i
448 1022 57 28 syfte

448 1076 33 18 att
495 1074 144 27 erforderliga
654 1074 79 27 anslag
748 1074 71 20 under
833 1074 65 20 nästa
908 1072 88 28 finans-

377 1102 76 27 period
469 1102 65 21 mätte
550 1102 70 27 blifva
638 1102 29 27 af
678 1103 117 20 allmänna
810 1102 69 20 medel
893 1101 105 20 anvisade

379 1131 36 20 till
429 1131 212 20 subventionerande
656 1131 29 27 af
693 1131 92 27 privata
794 1130 203 27 järnvägsanlägg-

379 1166 94 21 ningar;

170 1209 42 21 och
232 1209 63 21 torde
317 1209 41 22 den
378 1211 96 20 närmare
490 1209 146 28 beredningen
652 1210 23 21 af
689 1209 59 22 detta
764 1209 79 22 ärende
859 1209 112 20 ankomma
986 1208 14 21 å

170 1237 168 22 Statsutskottet
360 1239 6 20 i
390 1238 153 28 sammanhang
565 1238 48 21 med
635 1238 150 29 uppgörandet
803 1237 22 22 af
843 1237 105 28 budgeten
965 1237 34 21 för

170 1266 284 22 kommunikationsfonden.

239 1311 146 29 Helsingfors,
401 1312 41 21 den
459 1313 26 21 10
501 1312 102 21 Februari
620 1313 61 21 1900.

721 1359 88 27 August
823 1357 104 28 Ramsay.

239 1414 34 21 På
289 1415 92 28 begäran
398 1415 109 21 lemnades
522 1415 52 21 härå
589 1415 62 21 ordet
665 1415 22 21 åt

239 1471 35 21 Hr
297 1471 24 22 L.
346 1468 171 30 Mechelin,
532 1479 45 14 som
589 1472 94 28 yttrade:
713 1472 49 21 Den
777 1471 65 22 ärade
857 1472 142 27 petitionären

171 1507 70 20 synes,
258 1507 34 14 om
307 1501 38 27 jag
359 1502 43 19 rätt
416 1500 110 29 uppfattat
540 1501 137 26 memorialet,
693 1501 46 20 afse
755 1508 25 13 en
792 1500 75 28 åtgärd
878 1500 47 21 från
937 1500 63 21 Stän-
