1081 1767
266 118 159 17 Kreditanstalt
435 118 34 16 för
480 117 83 17 mindre
573 117 149 20 jordbrukare.
848 111 26 21 85

145 186 33 21 På
192 187 143 20 motionärens
351 186 98 21 anhållan
466 185 40 22 och
521 185 28 29 på
564 185 158 27 framställning
737 185 23 21 af
774 185 34 21 Hr
823 184 81 21 Landt-

77 214 135 22 marskalken
229 215 68 21 beslöt
311 214 26 22 R.
353 222 18 14 o.
387 216 26 20 A.
428 215 107 21 remittera
551 213 60 21 detta
622 214 173 27 motionsförslag
805 213 32 21 till
848 212 56 28 Lag-

78 243 40 21 och
133 243 219 21 Ekonomiutskottet.

181 392 152 22 Kreditanstalt
347 391 36 23 för
399 392 25 21 de
440 392 79 21 mindre
533 391 180 28 jordbrukarenes
731 390 69 22 behof.

146 449 58 21 Frih.
220 449 27 21 O.
261 450 27 20 A.
304 449 99 21 Wrede
418 449 102 27 föredrog
535 451 32 18 ett
582 449 23 20 af
621 449 77 20 honom
714 448 41 21 och
770 448 34 21 Hr
818 448 86 27 August

78 478 92 27 Ramsay
192 477 117 22 inlemnadt
327 477 210 28 petitionsmemorial
561 477 112 28 angående
696 476 208 22 subventionerande

78 507 22 20 af
118 514 26 13 en
166 507 81 20 central
268 506 149 21 kreditanstalt
435 506 35 21 för
485 505 130 29 främjandet
629 506 23 21 af
667 505 27 21 de
710 505 82 22 mindre
807 505 96 28 jordbru-

78 535 90 21 karenes
184 535 71 26 behof,
271 535 95 21 varande
382 534 59 22 detta
457 535 108 20 memorial
580 534 23 21 af
618 534 94 29 följande
728 534 90 28 lydelse:

237 620 42 21 Till
295 620 124 28 Höglofliga
434 620 161 29 Ridderskapet
610 621 41 20 och
667 620 78 21 Adeln.

147 677 76 22 Säsom
246 677 67 21 kändt
335 677 38 21 har
393 677 109 28 Styrelsen
523 677 68 21 under
611 685 74 13 senare
705 677 56 21 tider
783 677 65 21 riktat
870 677 33 21 sin

78 706 189 28 uppmärksamhet
286 706 28 27 pä
332 705 41 22 den
394 706 113 21 obesuttna
528 706 166 28 befolkningens
709 707 6 20 i
732 706 72 21 landet
824 706 80 21 ekono-

78 735 68 20 miska
166 735 101 27 ställning
285 735 40 20 och
345 734 65 21 äfven
428 735 66 20 redan
510 735 92 27 vidtagit
617 742 26 13 en
660 735 33 20 del
710 734 99 28 ätgärder
824 734 34 21 för
872 737 32 18 att

78 763 121 21 underlätta
214 763 150 21 anskaffandet
379 763 22 21 af
415 771 53 18 egen
484 763 46 28 jord
541 763 22 21 åt
574 763 71 21 denna
656 763 126 28 befolkning
795 763 27 28 pä
833 762 71 22 lands-

79 791 84 28 bygden
185 791 41 22 och
246 791 89 22 sälunda
356 791 88 28 bidraga
464 795 31 18 att
509 793 51 26 göra
577 791 123 22 densamma
716 792 104 21 besutten.
851 791 52 21 Med

78 820 50 21 fullt
150 820 136 21 erkännande
306 820 23 21 af
347 820 41 21 den
411 823 57 18 stora
483 821 79 20 sociala
579 820 123 29 betydelsen
720 820 22 21 af
757 820 62 21 dessa
835 819 70 28 ätgär-

78 849 44 27 der,
143 849 90 21 säframt
252 849 26 20 de
298 849 98 27 vidtagas
418 849 67 27 enligt
507 852 30 18 ett
556 849 101 21 rationelt
672 849 40 21 och
728 848 177 27 ändamälsenligt

78 881 86 24 system,
179 877 56 28 väga
251 877 174 21 undertecknade
440 878 65 21 likväl
522 877 56 21 fästa
593 877 215 28 uppmärksamheten
825 877 33 28 pä,
874 880 31 17 att

78 906 66 27 enligt
166 907 139 26 enstämmiga
325 906 124 21 uttalanden
473 906 22 21 af
510 906 135 27 sakkunnige
661 906 46 21 frän
724 905 69 22 skilda
808 905 60 22 delar
882 905 23 20 af

78 934 78 26 landet,
174 934 42 21 den
237 935 114 20 obesuttna
369 935 154 28 befolkningen
543 935 69 20 under
630 938 84 17 senaste
736 935 56 20 tider
806 934 53 21 stätt
873 934 33 27 sig

78 963 157 28 jämförelsevis
257 963 35 21 väl
315 964 6 19 i
345 963 136 21 ekonomiskt
501 963 128 26 hänseende,
649 963 28 28 pä
691 963 77 28 mänga
783 966 57 18 orter
855 962 50 21 vida

79 992 69 20 bättre
169 993 27 19 än
218 991 41 21 den
279 991 106 26 besuttne,
405 992 102 21 särskildt
526 992 27 21 de
569 991 46 22 smä
629 992 143 28 jordegarene.
802 991 103 21 Deremot

78 1020 66 21 hafva
159 1020 183 21 lefnadsvilkoren
359 1020 34 21 för
408 1021 62 20 desse
486 1028 73 13 senare
575 1021 68 20 under
659 1020 139 21 sistförflutna
808 1019 97 22 ärtionde

80 1049 72 20 blifvit
174 1052 77 25 ytterst
274 1049 70 25 svära,
367 1049 181 28 hufvudsakligen
564 1049 32 21 till
612 1049 54 28 följd
682 1049 60 21 deraf
757 1051 31 18 att
804 1048 41 21 den
861 1055 44 14 mo-

80 1077 66 21 derna
163 1077 223 28 landthushällningen
403 1077 64 21 äfven
483 1077 38 22 hos
537 1085 36 14 oss
589 1078 38 21 allt
639 1085 57 14 mera
706 1077 132 22 förvandlats
850 1076 55 21 ifrän

80 1105 219 28 naturalhushällning
315 1106 31 20 till
363 1106 249 28 penningehushällning,
631 1110 54 17 samt
700 1109 32 18 att
746 1106 27 21 de
788 1105 46 22 smä
848 1105 58 28 jord-

79 1141 90 20 egarene
184 1136 38 19 äro
237 1135 5 20 i
259 1134 24 21 sä
297 1134 54 27 godt
366 1142 44 13 som
427 1135 53 20 total
496 1135 104 21 afsaknad
617 1135 22 20 af
655 1143 25 12 en
696 1135 34 20 för
744 1135 48 20 dem
808 1134 97 28 lämpligt

78 1163 138 28 organiserad
236 1163 129 20 driftkredit.
395 1163 51 21 Men
468 1167 31 17 ett
517 1163 100 21 rationelt
633 1163 40 21 och
689 1163 97 21 intensift
802 1162 102 21 jordbruk

79 1194 50 18 utan
145 1191 88 28 lämplig
249 1191 124 21 driftkredit
387 1193 24 19 är
426 1193 5 19 i
448 1191 52 22 vära
515 1192 66 27 dagar
597 1192 119 21 otänkbart.
741 1191 44 21 Det
815 1199 26 13 kan
858 1190 47 21 icke

77 1221 6 19 i
98 1220 92 27 längden
212 1220 90 21 uthärda
324 1220 133 21 konkurrens
474 1220 47 21 med
538 1221 6 20 i
560 1220 59 21 detta
635 1220 101 21 afseende
752 1220 68 21 bättre
836 1219 69 21 stälda

76 1248 108 28 jordbruk.

146 1277 86 21 Bristen
254 1277 27 28 pä
302 1277 161 28 rörelsekapital
480 1277 41 22 och
537 1277 133 22 afsaknaden
687 1277 21 21 af
724 1277 181 25 kreditanstalter,

77 1312 45 15 som
146 1305 47 21 med
216 1305 128 28 förmänliga
364 1306 176 28 amorteringslän
562 1306 72 21 kunde
654 1307 108 27 bispringa
780 1305 26 21 de
822 1305 82 21 mindre

76 1334 168 28 jordbrukarene
261 1335 5 20 i
283 1334 73 21 landet
371 1335 40 21 och
427 1335 49 28 höja
493 1335 61 21 deras
570 1335 138 21 ekonomiska
724 1334 181 28 utvecklingsför-

77 1362 67 28 mäga,
163 1363 44 26 har,
226 1366 58 18 utom
304 1366 32 18 att
354 1362 37 22 det
406 1363 94 21 hämmat
515 1364 37 20 det
567 1363 82 21 mindre
663 1363 136 28 jordbrukets
815 1362 91 22 utveck-

79 1391 50 27 ling,
150 1391 64 21 äfven
231 1392 5 20 i
253 1392 76 26 många
345 1392 60 20 delar
419 1392 24 20 af
457 1392 74 21 landet
545 1392 66 20 redan
627 1392 44 21 ledt
686 1392 31 20 till
732 1392 37 20 det
785 1391 121 27 beklagliga

79 1420 193 26 missförhällande,
287 1423 31 17 att
333 1427 26 13 en
376 1420 33 21 del
426 1420 22 21 af
463 1420 71 21 denna
550 1420 127 28 befolkning
691 1420 71 21 funnit
776 1420 37 21 det
828 1420 34 20 för
872 1420 34 26 sig

80 1448 136 21 ekonomiskt
231 1448 167 28 fördelaktigare
413 1452 32 18 att
460 1449 91 27 öfvergä
565 1449 33 21 till
613 1449 42 21 den
671 1456 16 14 s.
698 1449 18 21 k.
728 1448 112 22 obesuttna
850 1448 56 20 folk-

77 1476 85 22 klassen
181 1476 41 22 och
238 1477 51 20 ökat
307 1476 82 22 dennes
405 1478 63 20 antal.
499 1478 43 20 Det
557 1479 24 19 är
595 1478 40 20 lätt
650 1480 31 18 att
696 1477 68 21 förstä
780 1477 22 21 af
816 1476 88 22 hvilken

76 1505 114 28 ödesdiger
206 1504 110 29 betydelse
331 1505 36 21 för
383 1505 47 22 vårt
445 1506 80 21 sociala
540 1506 25 20 lif
581 1513 26 13 en
618 1506 7 20 i
636 1506 69 21 denna
716 1506 95 27 riktning
821 1504 84 29 gående
