1081 1795
346 134 204 17 Domareembetens
561 133 133 18 besättande.
863 127 39 20 197

173 203 165 28 Propositionen
361 202 45 21 blef
421 202 23 21 af
459 202 25 21 R.
500 209 18 14 o.
534 203 26 20 A.
576 201 105 22 besvarad
705 201 48 22 med
773 200 158 28 öfvervägande

106 233 26 27 ja,
156 232 33 21 till
211 230 53 29 följd
287 231 77 22 hvaraf
378 231 26 21 R.
428 238 19 14 o.
469 231 27 20 A.
511 230 55 21 hade
589 230 99 28 godkänt
709 229 222 22 Ekonomiutskottets

105 259 143 22 förevarande
263 259 141 22 betänkande.

343 403 201 22 Domareembetens
565 402 134 23 besättande.

177 459 121 28 Föredrogs
321 459 165 28 Lagutskottets
508 459 136 22 betänkande
666 459 43 21 N:o
733 459 10 21 1
760 459 6 20 i
782 458 115 27 anledning
912 457 22 22 af

108 488 50 21 nåd.
197 495 44 21 prop.
263 487 42 22 N:o
328 489 19 25 3,
362 488 112 28 angående
497 488 106 21 särskilda
626 488 159 27 bestämningar
799 487 6 20 i
821 487 61 28 fråga
899 493 34 14 om

107 517 58 21 vissa
193 516 181 22 domareembetens
386 517 133 21 besättande.

177 573 58 22 Frih.
257 573 26 22 R.
307 574 26 21 A.
349 573 93 22 Wrede
462 574 41 21 bad
519 576 31 19 att
565 573 23 21 få
603 573 57 22 fästa
676 572 216 30 uppmärksamheten
907 571 28 30 pä

108 605 32 18 att
157 605 30 18 ett
202 601 137 22 rättelseblad
362 602 31 21 till
418 602 145 21 betänkandet
585 602 73 22 blifvit
680 602 64 21 bland
760 601 101 22 Ständets
877 600 57 22 med-

108 631 89 22 lemmar
211 630 102 21 utdeladt.

178 687 35 22 Då
229 689 62 26 ingen
308 688 71 21 anhöll
395 695 35 14 om
446 687 61 22 ordet
522 687 34 22 för
571 690 32 19 att
616 691 58 25 yttra
689 688 34 27 sig
737 695 34 14 om
791 686 144 23 betänkandet

109 717 6 22 i
132 716 49 21 dess
197 716 77 27 helhet,
289 716 123 28 öfvergicks
436 716 132 21 omedelbart
591 717 32 20 till
645 717 133 27 granskning
793 716 22 21 af
831 715 36 22 det
889 715 45 21 deri

108 744 107 29 ingäende
230 745 103 27 förslaget
348 745 33 21 till
397 745 132 29 förordning.

178 801 84 22 Härvid
285 801 74 22 blefvo
381 803 27 26 88
432 803 11 20 1
467 802 41 21 och
529 803 13 20 2
562 801 23 22 af
607 801 25 22 R.
655 809 19 14 o.
697 802 26 21 A.
746 804 51 19 utan
813 801 120 21 diskussion

109 829 120 29 godkända.

181 887 45 21 Vid
241 887 12 27 $
269 889 13 19 3
297 887 48 27 gafs
360 887 62 21 ordet
436 887 23 21 ät

179 944 34 21 Hr
235 944 24 21 L.
281 944 144 26 Mechelin,
446 952 46 14 som
514 944 96 28 yttrade:
640 945 8 21 1
666 945 15 26 &
697 946 12 19 3
725 944 38 21 har
783 942 152 30 Lagutskottet

110 972 112 28 föreslagit
244 980 26 14 en
293 973 125 27 förändring
433 972 23 22 af
472 973 138 28 paragrafens
633 973 82 28 lydelse
730 974 6 20 i
751 972 49 22 nåd.
818 979 66 21 prop.,
899 978 36 14 an-

110 1001 83 28 gående
208 1001 87 21 hvilken
311 1001 126 28 förändring
452 1001 38 21 det
504 1002 67 27 enligt
586 1002 42 20 min
652 1002 139 28 uppfattning
807 1008 50 14 vore
873 1000 63 21 önsk-

111 1030 40 28 ligt
165 1032 32 18 att
212 1030 23 20 få
249 1037 26 13 en
291 1030 119 28 förklaring
432 1030 48 20 från
504 1030 125 21 Utskottets
654 1031 53 20 sida.
737 1030 10 21 I
763 1030 48 20 nåd.
826 1036 59 21 prop.
898 1036 38 13 var

111 1058 37 21 det
162 1058 72 28 sagdt:
252 1058 46 21 »mä
313 1058 94 22 ledamot
422 1059 7 20 i
444 1058 87 26 hofrätt,
548 1059 5 20 i
563 1058 87 22 hvilken
668 1058 67 22 sådan
750 1058 125 27 befattning,
890 1064 48 14 som

111 1086 42 22 den
168 1087 23 21 af
205 1087 78 21 honom
298 1087 122 26 innehafda,
436 1088 6 20 i
458 1087 54 28 följd
528 1087 62 21 häraf
605 1087 119 28 indrages,»
741 1094 18 14 o.
775 1094 16 14 s.
807 1094 18 14 v.
856 1086 80 27 Lagut-

111 1116 81 20 skottet
207 1115 38 21 har
259 1115 124 21 formulerat
403 1115 126 29 paragrafen
550 1115 100 22 sålunda:
683 1115 24 21 »I
722 1115 101 21 händelse
839 1122 40 20 nya
896 1121 39 13 un-

111 1144 110 26 derrätter,
236 1144 115 21 bestående
367 1144 23 21 af
404 1144 51 21 flere
471 1144 96 28 lagfarne
578 1144 124 26 ledamöter,
712 1144 66 21 varda
788 1150 76 21 genom
876 1142 59 22 dom-

111 1172 159 22 stolsreformen
293 1172 106 21 inrättade
419 1176 56 17 samt
490 1173 81 20 antalet
586 1172 117 22 ledamöter
717 1174 7 19 i
739 1172 82 21 hofrätt
835 1170 48 22 med
899 1178 37 14 an-

111 1200 88 28 ledning
221 1201 23 21 af
264 1201 106 21 reformen
393 1201 101 25 minskas,
510 1200 34 22 må
559 1201 24 21 af
597 1201 120 21 hofrättens
741 1200 122 22 dåvarande
879 1199 57 21 leda-

111 1231 68 19 möter
194 1229 24 21 så
233 1229 76 28 många
324 1237 45 13 som
385 1230 81 20 antalet
482 1230 104 26 embeten,
601 1230 73 20 hvilka
690 1229 38 21 der
743 1229 105 28 indragas,
863 1228 72 21 kunna

126 1258 13 21 å
153 1258 28 21 de
196 1259 6 20 i
219 1259 10 20 1
247 1259 12 26 &
274 1258 35 21 för
323 1258 169 27 häradshöfding
508 1258 104 28 stadgade
627 1258 70 21 vilkor
713 1258 119 21 öfverföras
843 1257 31 21 till
887 1256 48 21 ord-

121 1286 80 21 örande
217 1287 6 20 i
238 1286 65 22 sådan
326 1286 128 21 underrätt.»>
486 1286 44 21 Det
552 1286 39 21 har
613 1286 28 29 pä
660 1287 44 27 mig
719 1287 56 27 gjort
790 1286 84 28 intryck
890 1284 47 22 utaf

110 1317 33 19 att
157 1315 108 27 lagtexten
281 1314 89 22 sålunda
392 1315 48 21 icke
463 1315 69 21 skulle
554 1315 86 21 komma
655 1318 32 18 att
702 1315 65 21 exakt
789 1314 99 28 uttrycka
901 1313 36 21 det

110 1343 133 21 förhållande
265 1351 48 13 man
337 1343 64 21 afser.
431 1343 75 21 Såsom
528 1344 126 27 paragrafen
670 1351 29 13 nu
715 1343 72 21 blifvit
801 1341 136 25 formulerad,

111 1371 67 22 måste
202 1379 48 14 man
273 1372 64 20 tänka
359 1372 38 27 sig,
416 1374 32 18 att
464 1371 38 21 det
517 1371 63 22 beror
594 1371 28 28 på
638 1371 71 28 någon
725 1370 163 28 omständighet,
903 1377 32 14 om

111 1400 88 21 hvilken
215 1400 62 28 lagen
292 1401 62 26 tiger,
370 1399 88 22 hvilken
474 1400 94 21 ledamot
583 1401 6 20 i
603 1400 108 21 hofrätten
725 1400 52 21 skall
789 1400 71 21 kunna
871 1398 66 21 blifva

112 1428 90 21 föremål
218 1429 35 20 för
267 1428 134 28 öfverföring
416 1429 32 20 till
464 1428 187 29 ordförandeplats
666 1429 6 20 i
689 1428 115 26 underrätt,
819 1427 72 21 derest
901 1434 36 13 an-

110 1457 53 20 talet
178 1457 185 28 ledamotsplatser
379 1457 6 20 i
401 1457 108 20 hofrätten
526 1457 100 21 minskas.
656 1457 52 21 Men
724 1457 37 20 det
776 1457 66 20 måste
855 1455 34 21 väl
899 1455 38 20 fin-

110 1493 39 13 nas
165 1485 36 28 lag
216 1485 64 21 äfven
296 1485 35 21 för
346 1485 82 21 sådant.
459 1485 195 28 Lagstadgandena
676 1485 91 21 rörande
790 1483 109 30 påföljden
915 1483 23 21 af

111 1513 132 28 indragning
257 1513 23 22 af
295 1514 98 21 embeten
410 1513 66 22 borde
492 1514 34 21 väl
542 1514 6 20 i
564 1514 74 29 hvarje
654 1513 37 22 fall
708 1521 50 14 vara
773 1513 86 25 sådana,
869 1514 32 19 att
911 1511 26 22 de
