1081 1775
286 123 185 20 'Terminsafgiften
482 124 7 15 i
502 123 255 17 fruntimmersskolorna.
859 116 39 20 389

104 190 40 21 den
161 191 99 27 riktning,
276 198 45 14 som
337 190 57 22 Frih.
415 191 80 21 Wrede
517 191 101 21 förordat.
649 190 158 22 Hufvudsaken
824 192 23 18 är
861 190 21 27 ju
898 192 31 18 att

106 219 90 28 afgiften
215 220 29 20 uti
261 220 234 21 fruntimmerskolorna
511 220 96 20 kommer
622 223 31 17 att
669 219 48 27 utgå
735 219 46 21 med
798 226 78 14 samma
893 218 35 20 be-

104 248 50 28 lopp
173 255 44 14 som
239 249 5 19 i
261 248 146 26 gosskolorna,
430 248 137 28 hvarigenom
591 248 41 21 den
656 256 27 12 nu
700 248 127 27 förefintliga
844 250 84 18 onatur-

104 276 42 28 liga
169 276 111 21 skilnaden
304 278 5 19 i
326 284 54 20 resp.
403 277 178 26 terminsafgifter
595 277 124 21 försvunne.
748 276 51 21 Ifall
815 284 47 12 man
876 275 53 21 altså

104 306 78 20 önskar
201 305 26 21 nå
243 305 58 21 detta
318 305 47 26 mål,
380 313 62 13 anser
457 306 35 27 jag
507 309 32 17 att
557 314 47 12 man
620 305 89 21 handlar
725 305 91 25 klokast,
831 312 33 13 om
881 312 46 12 man

104 334 94 20 ansluter
220 334 33 27 sig
276 334 31 21 till.
329 334 246 24 utskottsbetänkandet,
599 334 95 23 emedan,
714 334 70 20 såsom
807 334 35 28 jag
864 332 63 21 redan

104 362 58 25 sade,
176 363 36 27 jag
225 364 23 19 är
263 362 127 28 öfvertygad
408 370 32 14 om
457 366 32 18 att
504 366 31 18 ett
550 363 80 27 förslag
646 364 30 19 uti
692 370 70 13 annan
776 362 94 27 riktning
880 361 47 21 icke

105 390 68 22 skulle
190 391 70 21 kunna
278 392 63 20 vinna
357 391 66 28 nödig
439 392 201 28 ständerpluralitet.

175 448 56 20 Frih.
248 448 137 28 Carpelan:
416 448 70 21 Jemte
502 448 37 21 det
553 449 35 27 jag
603 449 6 20 i
625 448 30 21 alt
666 448 115 26 väsentligt
791 448 85 20 förenar
886 447 42 27 mig

106 476 47 21 med
170 476 34 21 Hr
218 476 115 24 Mechelin,
350 478 37 20 ber
401 478 36 27 jag
452 481 31 17 att
498 477 23 21 få
537 477 84 21 förorda
636 477 120 21 återremiss
769 477 31 20 till
813 476 115 25 Utskottet,

105 505 6 20 i
132 504 36 22 det
190 506 62 26 syfte,
275 509 30 17 att
325 506 178 28 terminsafgiften
525 506 34 20 för
580 506 75 20 flickor
675 506 4 20 i
697 509 80 17 statens
793 505 71 21 skolor
880 504 46 21 icke

106 533 68 21 skulle
190 534 66 21 hållas
272 534 64 27 högre
353 536 25 19 än
395 534 179 27 terminsafgiften
591 534 33 21 för
639 541 79 20 gossar,
734 534 89 21 sålunda
839 534 5 20 i
858 533 70 20 öfver-

106 563 158 20 ensstämmelse
287 563 46 21 med
357 563 34 21 Hr
412 563 119 21 Mechelins
552 563 116 25 uttalande,
690 562 65 21 ehuru
773 562 32 21 Hr
821 562 106 20 Mechelin

105 591 47 21 icke
169 591 57 22 velat
242 592 115 21 framställa
373 592 103 28 förslaget
492 593 4 20 i
514 592 54 21 form
585 592 22 21 af
623 596 30 17 ett
668 591 102 29 yrkande.

174 649 56 21 Frih.
247 657 47 13 von
310 649 80 21 Troil:
423 649 33 21 Då
475 650 114 21 Allmänna
608 649 199 21 Besvärsutskottet
824 648 104 21 betraktat

105 677 76 28 frågan
198 685 32 14 om
246 678 215 28 terminsafgifternas
475 678 134 21 likställande
620 679 29 20 uti
663 677 212 22 elementarläroverk
887 676 40 21 och

105 706 217 21 fruntimmersskolor
341 707 134 20 uteslutande
497 715 26 13 ur
542 707 124 21 ekonomisk
683 707 114 27 synpunkt,
813 705 65 22 håller
893 706 35 27 jag

105 735 52 25 före,
176 739 29 16 att
224 735 112 22 Utskottet
354 735 69 21 skulle
443 736 46 21 haft
505 736 115 26 anledning
635 739 31 17 att
681 740 50 23 taga
746 736 5 19 i
768 733 159 28 öfvervägande

105 763 83 21 hvilket
208 764 116 27 inflytande
345 764 40 21 den
407 765 45 20 utaf
474 764 112 22 Utskottet
604 764 120 27 föreslagna
741 763 162 27 nedsättningen
920 763 5 20 i

105 791 62 22 dessa
182 793 88 26 afgifter
286 793 82 20 komme
390 796 31 17 att
440 793 65 21 hafva
521 793 58 28 uppå
595 793 174 28 privatskolorna,
785 792 72 21 hvilka
871 791 55 21 dock

106 821 66 20 måste
192 821 103 21 erkännas
314 822 70 27 intaga
401 829 26 13 en
443 822 86 27 mycket
545 821 143 21 framstående
705 821 54 27 plats
776 822 4 19 i
797 819 101 22 afseende
915 819 13 21 å

105 849 191 28 undervisningens
319 850 140 21 meddelande
482 851 5 20 i
511 850 46 21 vårt
577 850 55 21 land.
661 850 79 21 Tillika
759 857 62 13 anser
839 849 41 28 jag,
895 851 31 18 att

105 877 112 23 Utskottet
237 879 54 20 hade
310 879 65 27 något
391 881 95 19 närmare
503 879 46 21 bort
563 882 49 24 taga
629 880 5 20 i
652 878 139 22 betraktande
807 877 121 21 ändamålet

106 906 46 22 med
162 908 159 25 statsskolorna,
328 908 40 20 och
377 908 105 20 huruvida
491 908 46 21 icke
551 906 246 22 fruntimmersskolorna
807 906 27 29 på
846 909 80 18 statens

106 935 118 21 bekostnad
245 936 98 28 möjligen
363 936 45 21 helt
427 936 40 22 och
487 936 66 21 hållet
574 937 68 20 skulle
663 936 72 20 kunna
753 936 107 26 indragas.
889 934 39 22 Uti

105 964 65 21 andra
186 964 78 26 länder,
281 965 68 21 såsom
365 966 130 27 exempelvis
511 965 95 27 Sverige,
621 968 44 18 tror
679 966 35 26 jag
730 964 46 22 icke
792 968 32 17 att
838 963 38 21 det
890 963 37 21 fin-

105 1000 37 14 nes
158 992 64 28 några
239 994 216 20 fruntimmersskolor
469 994 28 28 på
513 997 79 17 statens
606 993 130 26 bekostnad;
749 993 129 21 åtminstone
890 992 36 20 har

106 1022 36 27 jag
160 1022 43 27 mig
220 1022 77 21 bekant
316 1026 31 17 att
361 1022 180 28 terminsafgiften
558 1022 109 21 derstädes
683 1024 62 25 utgör
765 1022 34 21 för
814 1028 74 21 gossar
905 1021 24 20 15

107 1052 13 18 å
141 1051 26 20 20
190 1050 76 22 kronor
288 1051 40 21 och
349 1051 33 21 för
403 1051 75 21 flickor
499 1052 40 20 120
560 1051 83 21 kronor.
673 1050 29 22 Så
721 1054 44 17 stor
780 1052 23 18 är
818 1049 111 22 skilnaden

108 1079 88 21 emellan
213 1079 160 28 skolafgifterna
389 1080 34 20 för
437 1087 75 20 gossar
527 1080 40 20 och
583 1080 74 20 flickor
672 1080 29 20 uti
718 1079 57 21 detta
792 1079 48 21 vårt
854 1086 76 19 grann-

107 1107 56 21 land.
192 1108 42 28 Jag
249 1108 38 20 har
302 1108 75 21 endast
393 1109 69 20 såsom
480 1108 75 21 brister
566 1110 29 19 uti
606 1107 241 22 utskottsbetänkandet
858 1110 69 17 ansett

108 1136 43 27 mig
173 1136 49 21 böra
243 1138 51 26 göra
315 1136 62 22 dessa
394 1138 164 26 anmärkningar
576 1137 40 21 och
632 1137 85 20 förenar
732 1138 42 26 mig
789 1136 57 21 hvad
863 1135 65 26 angår

107 1164 77 29 sjelfva
200 1165 66 21 saken
283 1165 46 21 med
345 1165 57 22 Frih.
418 1165 87 22 Wrede.

176 1223 34 20 Hr
230 1223 55 21 Uno
305 1223 132 21 Lindelöf:
467 1223 42 27 Jag
529 1223 94 21 anhåller
643 1223 54 20 blott
717 1223 23 20 få
759 1229 109 14 reservera
887 1222 41 27 mig

108 1255 44 17 mot
174 1251 56 22 Frib.
246 1259 41 14 von
309 1251 70 21 Troils
400 1252 122 27 påstående,
543 1256 30 17 att
595 1251 113 22 Utskottet
729 1251 114 21 behandlat
858 1250 70 21 denna

108 1280 60 27 fräga
184 1281 76 20 endast
275 1288 24 13 ur
315 1281 124 20 ekonomisk
455 1281 114 28 synpunkt.
596 1280 30 21 Pä
641 1280 27 21 de
683 1283 32 18 tre
731 1280 50 20 eller
797 1280 47 27 fyra
860 1279 68 20 första

108 1309 86 21 sidorna
215 1309 22 20 af
259 1309 239 20 utskottsbetänkandet
520 1309 115 20 behandlas
657 1309 64 20 saken
743 1308 44 21 helt
808 1308 40 21 och
865 1307 65 21 hållet

108 1338 126 27 principielt.
264 1338 40 20 Att
326 1341 95 24 upptaga
440 1338 74 27 frägan
531 1345 34 13 om
581 1345 25 13 en
623 1337 71 28 möjlig
707 1337 126 27 indragning
849 1336 22 21 af
887 1339 43 17 sta-

108 1369 46 18 tens
174 1366 217 21 fruntimmersskolor
407 1367 4 19 i
429 1366 59 21 detta
503 1366 158 27 sammanhang,
677 1365 69 21 dertill
762 1365 66 28 ansäg
843 1365 33 27 sig
892 1364 40 21 Ut-

108 1395 81 20 skottet
204 1395 47 20 icke
267 1395 64 21 hafva
348 1396 65 26 nägot
428 1395 52 20 skäl.

176 1452 34 21 Hr
230 1451 24 22 L.
270 1451 137 22 Mechelin:
439 1451 34 21 Då
493 1451 61 28 fråga
573 1451 88 28 uppstår
681 1459 33 13 om
731 1451 105 27 sänkning
852 1450 23 21 af
890 1453 41 18 ter-

108 1481 170 27 minsafgifterna
298 1481 5 20 i
323 1483 81 18 statens
420 1480 79 26 skolor,
514 1480 58 21 ledes
588 1481 78 20 tanken
683 1480 62 20 osökt
760 1479 31 21 till
807 1479 36 21 det
859 1480 71 26 spörs-

107 1509 49 26 mål,
174 1517 44 13 som
237 1510 43 27 just
298 1509 46 20 utaf
363 1509 55 20 Frih.
435 1516 41 13 von
492 1509 59 20 Troil
569 1508 105 26 berördes,
690 1508 105 27 nämligen
812 1507 120 29 privatsko-
