1081 1789
317 134 161 21 Undervisning
489 135 8 16 i
508 135 181 17 naturalhistoria.
843 127 42 22 203

158 203 113 21 Allmänna
282 203 211 22 Besvärsutskottets
508 203 102 21 likaledes
625 203 34 21 till
674 203 61 21 detta
749 203 85 28 plenum
851 201 62 22 bord-

88 231 63 28 lagda
167 231 135 22 betänkande
317 232 42 21 N:o
375 233 12 20 5
403 233 6 20 i
426 231 115 28 anledning
555 231 22 22 af
594 235 30 18 ett
635 232 6 20 i
652 231 182 28 Borgareständet
849 229 65 22 väckt

90 260 183 28 petitionsförslag
295 267 34 14 om
353 262 42 19 rätt
407 260 35 21 för
457 261 91 27 qvinna
563 262 37 24 att,
615 263 51 18 utan
683 259 77 22 hinder
775 259 22 22 af
812 260 37 21 sitt.
867 259 48 26 kön,

88 289 77 20 utöfva
181 289 212 28 apotekareyrket,
411 289 125 28 godkändes
552 292 52 18 utan
620 288 129 22 diskussion.

316 483 148 27 Undervisning
481 483 4 22 i
502 483 179 22 naturalhistoria.

157 551 120 28 Föredrogs
293 551 95 28 följande
403 551 48 21 från
470 552 113 20 Allmänna
597 551 200 22 Besvärsutskottet
807 550 107 22 ankomna

86 580 117 21 skrifvelse
219 580 22 21 af
256 580 40 21 den
313 581 12 20 8
341 580 91 21 dennes:

247 666 41 20 Till
305 666 122 27 Höglofliga
443 665 160 29 Ridderskapet
618 665 40 21 och
673 665 78 21 Adeln.

158 722 114 21 Allmänna
294 722 200 22 Besvärsutskottet
512 722 34 22 får
560 722 87 22 härmed
663 724 50 19 äran
727 722 88 26 anmäla,
831 724 31 18 att
877 728 37 14 en-

88 750 40 28 ligt
145 750 112 22 Utskottet
271 751 183 21 tillhandakomna
476 751 196 29 protokollsutdrag
688 751 48 21 från
752 750 95 22 Stånden
864 749 49 21 dess

89 779 135 21 betänkande
247 780 41 20 N:o
311 781 19 25 3,
346 780 5 20 i
367 780 116 28 anledning
506 780 22 20 af
544 783 30 18 ett
590 780 6 20 i
612 780 159 28 Ridderskapet
786 778 41 22 och
841 778 72 21 Adeln

87 808 66 20 väckt
166 808 182 28 petitionsförslag
369 816 35 13 om
423 808 157 21 förbättrandet
595 808 23 21 af
634 808 180 28 undervisningen
830 808 6 20 i
853 809 61 19 natu-

87 836 121 21 ralhistoria
223 836 36 21 vid
275 836 83 22 landets
374 837 77 27 lyceer,
462 837 73 21 blifvit
545 837 23 21 af
583 836 182 28 Borgareständet
775 834 139 23 oförändradt

87 864 113 28 godkändt
215 865 40 21 och
271 865 22 21 af
307 865 160 29 Ridderskapet
482 866 40 20 och
538 865 70 21 Adeln
628 864 179 22 äterremitteradt
821 864 34 21 för
870 871 44 13 om-

87 893 113 28 arbetning
222 894 6 21 i
251 894 222 21 öfverensstämmelse
498 894 48 21 med
573 894 215 28 petitionsförslagets
812 892 102 29 yrkande,

87 921 112 22 hvaremot
214 922 169 26 Bondeständet,
399 922 49 22 med
457 922 140 22 förkastande
606 923 21 21 af
635 922 124 22 Utskottets
771 920 142 27 betänkande,

87 951 83 27 antagit
185 950 41 22 den
243 951 31 21 till
290 951 146 21 betänkandet
451 951 79 28 fogade
546 952 161 20 reservationen
723 951 40 21 och
778 949 136 23 Prestestän-

87 978 37 21 det
139 980 78 27 jämväl
233 980 81 27 antagit
329 980 71 20 denna
416 980 138 25 reservation,
570 987 47 13 men
633 979 48 21 med
697 978 135 22 uteslutande
847 978 24 21 af
881 985 32 14 or-

87 1006 41 22 den
146 1007 150 22 »erkännande
311 1007 37 22 det
363 1008 133 28 berättigade
512 1009 7 20 i
534 1008 142 21 förevarande
713 1006 194 23 petitionsmemorial

87 1035 78 21 likväl»
190 1037 7 20 i
219 1037 170 21 reservationens
413 1037 145 28 slutyrkande.
588 1036 36 21 Då
646 1036 84 21 således
753 1039 78 19 tvenne
849 1022 65 34 stånd

86 1067 72 18 ansett
180 1065 205 28 petitionsförslaget
408 1065 51 21 böra
481 1065 81 21 lemnas
584 1067 51 19 utan
654 1065 110 26 afseende,
779 1065 38 20 har
831 1063 83 28 frågan,

84 1092 84 27 jämlikt
183 1093 25 21 L.
224 1093 39 22 O:s
279 1094 11 27 $
306 1095 33 26 73,
355 1094 34 21 för
403 1093 71 22 denna
489 1093 103 28 landtdag
607 1093 96 22 förfallit.

361 1151 32 20 Pä
408 1150 126 22 Utskottets
547 1152 89 27 vägnar:

427 1208 27 21 A.
472 1207 110 22 Auvinen.

623 1264 69 28 Georg
709 1264 134 21 Schauman.
