<?xml version="1.0" encoding="UTF-8"?>
<alto xmlns="http://www.loc.gov/standards/alto/ns-v3#" xmlns:xlink="http://www.w3.org/1999/xlink" xmlns:xsi="http://www.w3.org/2001/XMLSchema-instance" xsi:schemaLocation="http://www.loc.gov/standards/alto/ns-v3# http://www.loc.gov/alto/v3/alto-3-0.xsd">
	<Description>
		<MeasurementUnit>pixel</MeasurementUnit>
		<sourceImageInformation>
			<fileName>/tmp/tess_ei_a2fk1_input.PNG</fileName>
		</sourceImageInformation>
		<OCRProcessing ID="OCR_0">
			<ocrProcessingStep>
				<processingSoftware>
					<softwareName>tesseract 5.3.4</softwareName>
				</processingSoftware>
			</ocrProcessingStep>
		</OCRProcessing>
	</Description>
	<Layout>
		<Page WIDTH="1084" HEIGHT="1786" PHYSICAL_IMG_NR="0" ID="page_0">
			<PrintSpace HPOS="0" VPOS="0" WIDTH="1084" HEIGHT="1786">
				<ComposedBlock ID="cblock_0" HPOS="211" VPOS="123" WIDTH="530" HEIGHT="28">
					<TextBlock ID="block_0" HPOS="211" VPOS="123" WIDTH="530" HEIGHT="28">
						<TextLine ID="line_0" HPOS="211" VPOS="123" WIDTH="530" HEIGHT="28">
							<String ID="string_0" HPOS="211" VPOS="123" WIDTH="42" HEIGHT="21" WC="0.96" CONTENT="338"/><SP WIDTH="201" VPOS="123" HPOS="253"/>
							<String ID="string_1" HPOS="454" VPOS="131" WIDTH="26" HEIGHT="17" WC="0.95" CONTENT="R."/><SP WIDTH="13" VPOS="131" HPOS="480"/>
							<String ID="string_2" HPOS="493" VPOS="136" WIDTH="18" HEIGHT="11" WC="0.92" CONTENT="o."/><SP WIDTH="13" VPOS="136" HPOS="511"/>
							<String ID="string_3" HPOS="524" VPOS="131" WIDTH="26" HEIGHT="17" WC="0.96" CONTENT="A."/><SP WIDTH="13" VPOS="131" HPOS="550"/>
							<String ID="string_4" HPOS="563" VPOS="131" WIDTH="61" HEIGHT="17" WC="0.95" CONTENT="1900."/><SP WIDTH="25" VPOS="131" HPOS="624"/>
							<String ID="string_5" HPOS="649" VPOS="131" WIDTH="13" HEIGHT="17" WC="0.95" CONTENT="6"/><SP WIDTH="11" VPOS="131" HPOS="662"/>
							<String ID="string_6" HPOS="673" VPOS="131" WIDTH="68" HEIGHT="20" WC="0.92" CONTENT="April"/>
						</TextLine>
					</TextBlock>
				</ComposedBlock>
				<GraphicalElement ID="cblock_1" HPOS="190" VPOS="150" WIDTH="820" HEIGHT="21"></GraphicalElement >
				<ComposedBlock ID="cblock_2" HPOS="172" VPOS="197" WIDTH="838" HEIGHT="910">
					<TextBlock ID="block_1" HPOS="172" VPOS="197" WIDTH="838" HEIGHT="910">
						<TextLine ID="line_1" HPOS="182" VPOS="197" WIDTH="827" HEIGHT="30">
							<String ID="string_7" HPOS="182" VPOS="197" WIDTH="107" HEIGHT="28" WC="0.63" CONTENT="Arsafgift,"/><SP WIDTH="15" VPOS="197" HPOS="289"/>
							<String ID="string_8" HPOS="304" VPOS="198" WIDTH="46" HEIGHT="21" WC="0.94" CONTENT="ifall"/><SP WIDTH="16" VPOS="198" HPOS="350"/>
							<String ID="string_9" HPOS="366" VPOS="199" WIDTH="62" HEIGHT="21" WC="0.93" CONTENT="dessa"/><SP WIDTH="15" VPOS="199" HPOS="428"/>
							<String ID="string_10" HPOS="443" VPOS="199" WIDTH="255" HEIGHT="28" WC="0.93" CONTENT="fortbildningsläroverk"/><SP WIDTH="17" VPOS="199" HPOS="698"/>
							<String ID="string_11" HPOS="715" VPOS="199" WIDTH="61" HEIGHT="22" WC="0.97" CONTENT="skola"/><SP WIDTH="15" VPOS="199" HPOS="776"/>
							<String ID="string_12" HPOS="791" VPOS="199" WIDTH="72" HEIGHT="21" WC="0.93" CONTENT="kunna"/><SP WIDTH="11" VPOS="199" HPOS="863"/>
							<String ID="string_13" HPOS="874" VPOS="199" WIDTH="92" HEIGHT="28" WC="0.96" CONTENT="fullgöra"/><SP WIDTH="11" VPOS="199" HPOS="966"/>
							<String ID="string_14" HPOS="977" VPOS="200" WIDTH="32" HEIGHT="21" WC="0.96" CONTENT="sin"/>
						</TextLine>
						<TextLine ID="line_2" HPOS="182" VPOS="227" WIDTH="827" HEIGHT="29">
							<String ID="string_15" HPOS="182" VPOS="227" WIDTH="86" HEIGHT="28" WC="0.90" CONTENT="uppgift"/><SP WIDTH="20" VPOS="227" HPOS="268"/>
							<String ID="string_16" HPOS="288" VPOS="229" WIDTH="32" HEIGHT="19" WC="0.93" CONTENT="att"/><SP WIDTH="18" VPOS="229" HPOS="320"/>
							<String ID="string_17" HPOS="338" VPOS="227" WIDTH="69" HEIGHT="22" WC="0.91" CONTENT="lemna"/><SP WIDTH="22" VPOS="227" HPOS="407"/>
							<String ID="string_18" HPOS="429" VPOS="228" WIDTH="156" HEIGHT="28" WC="0.96" CONTENT="undervisning"/><SP WIDTH="22" VPOS="228" HPOS="585"/>
							<String ID="string_19" HPOS="607" VPOS="228" WIDTH="22" HEIGHT="21" WC="0.96" CONTENT="ät"/><SP WIDTH="15" VPOS="228" HPOS="629"/>
							<String ID="string_20" HPOS="644" VPOS="228" WIDTH="55" HEIGHT="26" WC="0.96" CONTENT="dem,"/><SP WIDTH="15" VPOS="228" HPOS="699"/>
							<String ID="string_21" HPOS="714" VPOS="235" WIDTH="45" HEIGHT="14" WC="0.93" CONTENT="som"/><SP WIDTH="17" VPOS="235" HPOS="759"/>
							<String ID="string_22" HPOS="776" VPOS="228" WIDTH="67" HEIGHT="21" WC="0.91" CONTENT="önska"/><SP WIDTH="16" VPOS="228" HPOS="843"/>
							<String ID="string_23" HPOS="859" VPOS="227" WIDTH="73" HEIGHT="22" WC="0.92" CONTENT="sädan."/><SP WIDTH="30" VPOS="227" HPOS="932"/>
							<String ID="string_24" HPOS="962" VPOS="228" WIDTH="47" HEIGHT="21" WC="0.96" CONTENT="Hos"/>
						</TextLine>
						<TextLine ID="line_3" HPOS="181" VPOS="255" WIDTH="828" HEIGHT="30">
							<String ID="string_25" HPOS="181" VPOS="262" WIDTH="35" HEIGHT="14" WC="0.96" CONTENT="oss"/><SP WIDTH="16" VPOS="262" HPOS="216"/>
							<String ID="string_26" HPOS="232" VPOS="257" WIDTH="24" HEIGHT="19" WC="0.96" CONTENT="är"/><SP WIDTH="15" VPOS="257" HPOS="256"/>
							<String ID="string_27" HPOS="271" VPOS="255" WIDTH="37" HEIGHT="22" WC="0.93" CONTENT="det"/><SP WIDTH="16" VPOS="255" HPOS="308"/>
							<String ID="string_28" HPOS="324" VPOS="256" WIDTH="47" HEIGHT="21" WC="0.96" CONTENT="icke"/><SP WIDTH="16" VPOS="256" HPOS="371"/>
							<String ID="string_29" HPOS="387" VPOS="257" WIDTH="81" HEIGHT="27" WC="0.92" CONTENT="vanligt"/><SP WIDTH="15" VPOS="257" HPOS="468"/>
							<String ID="string_30" HPOS="483" VPOS="260" WIDTH="33" HEIGHT="18" WC="0.93" CONTENT="att"/><SP WIDTH="16" VPOS="260" HPOS="516"/>
							<String ID="string_31" HPOS="532" VPOS="257" WIDTH="55" HEIGHT="21" WC="0.96" CONTENT="blott"/><SP WIDTH="16" VPOS="257" HPOS="587"/>
							<String ID="string_32" HPOS="603" VPOS="257" WIDTH="27" HEIGHT="28" WC="0.96" CONTENT="pä"/><SP WIDTH="14" VPOS="257" HPOS="630"/>
							<String ID="string_33" HPOS="644" VPOS="257" WIDTH="69" HEIGHT="28" WC="0.93" CONTENT="grund"/><SP WIDTH="16" VPOS="257" HPOS="713"/>
							<String ID="string_34" HPOS="729" VPOS="256" WIDTH="68" HEIGHT="27" WC="0.96" CONTENT="deraf,"/><SP WIDTH="15" VPOS="256" HPOS="797"/>
							<String ID="string_35" HPOS="812" VPOS="259" WIDTH="32" HEIGHT="18" WC="0.96" CONTENT="att"/><SP WIDTH="15" VPOS="259" HPOS="844"/>
							<String ID="string_36" HPOS="859" VPOS="264" WIDTH="26" HEIGHT="13" WC="0.97" CONTENT="en"/><SP WIDTH="17" VPOS="264" HPOS="885"/>
							<String ID="string_37" HPOS="902" VPOS="264" WIDTH="76" HEIGHT="21" WC="0.93" CONTENT="person"/><SP WIDTH="12" VPOS="264" HPOS="978"/>
							<String ID="string_38" HPOS="990" VPOS="257" WIDTH="19" HEIGHT="28" WC="0.96" CONTENT="ej"/>
						</TextLine>
						<TextLine ID="line_4" HPOS="180" VPOS="284" WIDTH="829" HEIGHT="28">
							<String ID="string_39" HPOS="180" VPOS="285" WIDTH="24" HEIGHT="19" WC="0.95" CONTENT="är"/><SP WIDTH="20" VPOS="285" HPOS="204"/>
							<String ID="string_40" HPOS="224" VPOS="284" WIDTH="125" HEIGHT="28" WC="0.92" CONTENT="tillräckligt"/><SP WIDTH="23" VPOS="284" HPOS="349"/>
							<String ID="string_41" HPOS="372" VPOS="285" WIDTH="118" HEIGHT="26" WC="0.86" CONTENT="bemedlad,"/><SP WIDTH="23" VPOS="285" HPOS="490"/>
							<String ID="string_42" HPOS="513" VPOS="285" WIDTH="78" HEIGHT="21" WC="0.96" CONTENT="hindra"/><SP WIDTH="21" VPOS="285" HPOS="591"/>
							<String ID="string_43" HPOS="612" VPOS="285" WIDTH="79" HEIGHT="21" WC="0.91" CONTENT="honom"/><SP WIDTH="24" VPOS="285" HPOS="691"/>
							<String ID="string_44" HPOS="715" VPOS="285" WIDTH="48" HEIGHT="21" WC="0.95" CONTENT="från"/><SP WIDTH="24" VPOS="285" HPOS="763"/>
							<String ID="string_45" HPOS="787" VPOS="288" WIDTH="32" HEIGHT="18" WC="0.96" CONTENT="att"/><SP WIDTH="18" VPOS="288" HPOS="819"/>
							<String ID="string_46" HPOS="837" VPOS="285" WIDTH="52" HEIGHT="21" WC="0.92" CONTENT="söka"/><SP WIDTH="19" VPOS="285" HPOS="889"/>
							<String ID="string_47" HPOS="908" VPOS="285" WIDTH="101" HEIGHT="27" WC="0.96" CONTENT="bildning."/>
						</TextLine>
						<TextLine ID="line_5" HPOS="180" VPOS="311" WIDTH="830" HEIGHT="29">
							<String ID="string_48" HPOS="180" VPOS="311" WIDTH="82" HEIGHT="22" WC="0.92" CONTENT="Finnes"/><SP WIDTH="24" VPOS="311" HPOS="262"/>
							<String ID="string_49" HPOS="286" VPOS="312" WIDTH="28" HEIGHT="21" WC="0.96" CONTENT="dä"/><SP WIDTH="22" VPOS="312" HPOS="314"/>
							<String ID="string_50" HPOS="336" VPOS="314" WIDTH="6" HEIGHT="19" WC="0.96" CONTENT="i"/><SP WIDTH="18" VPOS="314" HPOS="342"/>
							<String ID="string_51" HPOS="360" VPOS="316" WIDTH="32" HEIGHT="18" WC="0.93" CONTENT="ett"/><SP WIDTH="18" VPOS="316" HPOS="392"/>
							<String ID="string_52" HPOS="410" VPOS="313" WIDTH="78" HEIGHT="22" WC="0.93" CONTENT="sädant"/><SP WIDTH="14" VPOS="313" HPOS="488"/>
							<String ID="string_53" HPOS="502" VPOS="314" WIDTH="100" HEIGHT="21" WC="0.92" CONTENT="läroverk"/><SP WIDTH="16" VPOS="314" HPOS="602"/>
							<String ID="string_54" HPOS="618" VPOS="315" WIDTH="27" HEIGHT="20" WC="0.93" CONTENT="30"/><SP WIDTH="16" VPOS="315" HPOS="645"/>
							<String ID="string_55" HPOS="661" VPOS="314" WIDTH="78" HEIGHT="26" WC="0.91" CONTENT="elever,"/><SP WIDTH="15" VPOS="314" HPOS="739"/>
							<String ID="string_56" HPOS="754" VPOS="314" WIDTH="84" HEIGHT="21" WC="0.92" CONTENT="hvilket"/><SP WIDTH="15" VPOS="314" HPOS="838"/>
							<String ID="string_57" HPOS="853" VPOS="313" WIDTH="106" HEIGHT="21" WC="0.93" CONTENT="erfordras"/><SP WIDTH="16" VPOS="313" HPOS="959"/>
							<String ID="string_58" HPOS="975" VPOS="314" WIDTH="35" HEIGHT="20" WC="0.96" CONTENT="för"/>
						</TextLine>
						<TextLine ID="line_6" HPOS="180" VPOS="340" WIDTH="829" HEIGHT="31">
							<String ID="string_59" HPOS="180" VPOS="343" WIDTH="32" HEIGHT="18" WC="0.92" CONTENT="att"/><SP WIDTH="21" VPOS="343" HPOS="212"/>
							<String ID="string_60" HPOS="233" VPOS="340" WIDTH="24" HEIGHT="22" WC="0.91" CONTENT="fä"/><SP WIDTH="15" VPOS="340" HPOS="257"/>
							<String ID="string_61" HPOS="272" VPOS="341" WIDTH="176" HEIGHT="27" WC="0.96" CONTENT="statsunderstöd,"/><SP WIDTH="20" VPOS="341" HPOS="448"/>
							<String ID="string_62" HPOS="468" VPOS="342" WIDTH="52" HEIGHT="21" WC="0.96" CONTENT="eller"/><SP WIDTH="16" VPOS="342" HPOS="520"/>
							<String ID="string_63" HPOS="536" VPOS="344" WIDTH="27" HEIGHT="20" WC="0.93" CONTENT="10"/><SP WIDTH="16" VPOS="344" HPOS="563"/>
							<String ID="string_64" HPOS="579" VPOS="342" WIDTH="72" HEIGHT="22" WC="0.92" CONTENT="elever"/><SP WIDTH="15" VPOS="342" HPOS="651"/>
							<String ID="string_65" HPOS="666" VPOS="350" WIDTH="38" HEIGHT="21" WC="0.92" CONTENT="per"/><SP WIDTH="15" VPOS="350" HPOS="704"/>
							<String ID="string_66" HPOS="719" VPOS="342" WIDTH="63" HEIGHT="26" WC="0.92" CONTENT="klass,"/><SP WIDTH="17" VPOS="342" HPOS="782"/>
							<String ID="string_67" HPOS="799" VPOS="342" WIDTH="24" HEIGHT="21" WC="0.93" CONTENT="sä"/><SP WIDTH="14" VPOS="342" HPOS="823"/>
							<String ID="string_68" HPOS="837" VPOS="342" WIDTH="68" HEIGHT="21" WC="0.93" CONTENT="mäste"/><SP WIDTH="15" VPOS="342" HPOS="905"/>
							<String ID="string_69" HPOS="920" VPOS="345" WIDTH="89" HEIGHT="25" WC="0.92" CONTENT="antagas"/>
						</TextLine>
						<TextLine ID="line_7" HPOS="180" VPOS="369" WIDTH="829" HEIGHT="29">
							<String ID="string_70" HPOS="180" VPOS="372" WIDTH="32" HEIGHT="18" WC="0.85" CONTENT="att"/><SP WIDTH="19" VPOS="372" HPOS="212"/>
							<String ID="string_71" HPOS="231" VPOS="369" WIDTH="88" HEIGHT="29" WC="0.90" CONTENT="vidpass"/><SP WIDTH="22" VPOS="369" HPOS="319"/>
							<String ID="string_72" HPOS="341" VPOS="370" WIDTH="67" HEIGHT="28" WC="0.93" CONTENT="tredje"/><SP WIDTH="19" VPOS="370" HPOS="408"/>
							<String ID="string_73" HPOS="427" VPOS="370" WIDTH="62" HEIGHT="22" WC="0.96" CONTENT="delen"/><SP WIDTH="20" VPOS="370" HPOS="489"/>
							<String ID="string_74" HPOS="509" VPOS="371" WIDTH="53" HEIGHT="21" WC="0.95" CONTENT="eller"/><SP WIDTH="16" VPOS="371" HPOS="562"/>
							<String ID="string_75" HPOS="578" VPOS="372" WIDTH="27" HEIGHT="20" WC="0.93" CONTENT="10"/><SP WIDTH="15" VPOS="372" HPOS="605"/>
							<String ID="string_76" HPOS="620" VPOS="373" WIDTH="37" HEIGHT="19" WC="0.91" CONTENT="äro"/><SP WIDTH="16" VPOS="373" HPOS="657"/>
							<String ID="string_77" HPOS="673" VPOS="371" WIDTH="106" HEIGHT="21" WC="0.91" CONTENT="frielever."/><SP WIDTH="31" VPOS="371" HPOS="779"/>
							<String ID="string_78" HPOS="810" VPOS="371" WIDTH="34" HEIGHT="21" WC="0.93" CONTENT="En"/><SP WIDTH="15" VPOS="371" HPOS="844"/>
							<String ID="string_79" HPOS="859" VPOS="370" WIDTH="100" HEIGHT="28" WC="0.92" CONTENT="ärsafgift"/><SP WIDTH="15" VPOS="370" HPOS="959"/>
							<String ID="string_80" HPOS="974" VPOS="370" WIDTH="35" HEIGHT="21" WC="0.97" CONTENT="för"/>
						</TextLine>
						<TextLine ID="line_8" HPOS="180" VPOS="398" WIDTH="826" HEIGHT="29">
							<String ID="string_81" HPOS="180" VPOS="398" WIDTH="27" HEIGHT="21" WC="0.87" CONTENT="20"/><SP WIDTH="23" VPOS="398" HPOS="207"/>
							<String ID="string_82" HPOS="230" VPOS="398" WIDTH="72" HEIGHT="21" WC="0.94" CONTENT="elever"/><SP WIDTH="18" VPOS="398" HPOS="302"/>
							<String ID="string_83" HPOS="320" VPOS="398" WIDTH="22" HEIGHT="22" WC="0.96" CONTENT="af"/><SP WIDTH="20" VPOS="398" HPOS="342"/>
							<String ID="string_84" HPOS="362" VPOS="400" WIDTH="40" HEIGHT="20" WC="0.96" CONTENT="200"/><SP WIDTH="16" VPOS="400" HPOS="402"/>
							<String ID="string_85" HPOS="418" VPOS="400" WIDTH="60" HEIGHT="20" WC="0.96" CONTENT="mark"/><SP WIDTH="15" VPOS="400" HPOS="478"/>
							<String ID="string_86" HPOS="493" VPOS="401" WIDTH="40" HEIGHT="26" WC="0.96" CONTENT="gör"/><SP WIDTH="15" VPOS="401" HPOS="533"/>
							<String ID="string_87" HPOS="548" VPOS="401" WIDTH="63" HEIGHT="26" WC="0.96" CONTENT="4,000"/><SP WIDTH="16" VPOS="401" HPOS="611"/>
							<String ID="string_88" HPOS="627" VPOS="400" WIDTH="66" HEIGHT="20" WC="0.96" CONTENT="mark."/><SP WIDTH="30" VPOS="400" HPOS="693"/>
							<String ID="string_89" HPOS="723" VPOS="399" WIDTH="66" HEIGHT="22" WC="0.96" CONTENT="Detta"/><SP WIDTH="16" VPOS="399" HPOS="789"/>
							<String ID="string_90" HPOS="805" VPOS="400" WIDTH="138" HEIGHT="20" WC="0.93" CONTENT="tillsammans"/><SP WIDTH="17" VPOS="400" HPOS="943"/>
							<String ID="string_91" HPOS="960" VPOS="399" WIDTH="46" HEIGHT="21" WC="0.96" CONTENT="med"/>
						</TextLine>
						<TextLine ID="line_9" HPOS="179" VPOS="427" WIDTH="829" HEIGHT="29">
							<String ID="string_92" HPOS="179" VPOS="427" WIDTH="153" HEIGHT="27" WC="0.90" CONTENT="statsanslaget"/><SP WIDTH="22" VPOS="427" HPOS="332"/>
							<String ID="string_93" HPOS="354" VPOS="435" WIDTH="34" HEIGHT="13" WC="0.95" CONTENT="om"/><SP WIDTH="23" VPOS="435" HPOS="388"/>
							<String ID="string_94" HPOS="411" VPOS="429" WIDTH="62" HEIGHT="25" WC="0.96" CONTENT="6,000"/><SP WIDTH="22" VPOS="429" HPOS="473"/>
							<String ID="string_95" HPOS="495" VPOS="428" WIDTH="60" HEIGHT="22" WC="0.96" CONTENT="mark"/><SP WIDTH="20" VPOS="428" HPOS="555"/>
							<String ID="string_96" HPOS="575" VPOS="430" WIDTH="64" HEIGHT="26" WC="0.93" CONTENT="utgör"/><SP WIDTH="16" VPOS="430" HPOS="639"/>
							<String ID="string_97" HPOS="655" VPOS="429" WIDTH="76" HEIGHT="25" WC="0.93" CONTENT="10,000"/><SP WIDTH="16" VPOS="429" HPOS="731"/>
							<String ID="string_98" HPOS="747" VPOS="428" WIDTH="66" HEIGHT="21" WC="0.92" CONTENT="mark."/><SP WIDTH="30" VPOS="428" HPOS="813"/>
							<String ID="string_99" HPOS="843" VPOS="428" WIDTH="94" HEIGHT="21" WC="0.91" CONTENT="Sälunda"/><SP WIDTH="15" VPOS="428" HPOS="937"/>
							<String ID="string_100" HPOS="952" VPOS="428" WIDTH="56" HEIGHT="20" WC="0.92" CONTENT="äter-"/>
						</TextLine>
						<TextLine ID="line_10" HPOS="179" VPOS="455" WIDTH="829" HEIGHT="30">
							<String ID="string_101" HPOS="179" VPOS="455" WIDTH="45" HEIGHT="21" WC="0.91" CONTENT="stär"/><SP WIDTH="14" VPOS="455" HPOS="224"/>
							<String ID="string_102" HPOS="238" VPOS="455" WIDTH="30" HEIGHT="21" WC="0.96" CONTENT="dä"/><SP WIDTH="15" VPOS="455" HPOS="268"/>
							<String ID="string_103" HPOS="283" VPOS="456" WIDTH="61" HEIGHT="26" WC="0.96" CONTENT="3,000"/><SP WIDTH="14" VPOS="456" HPOS="344"/>
							<String ID="string_104" HPOS="358" VPOS="456" WIDTH="64" HEIGHT="27" WC="0.93" CONTENT="mark,"/><SP WIDTH="15" VPOS="456" HPOS="422"/>
							<String ID="string_105" HPOS="437" VPOS="456" WIDTH="74" HEIGHT="22" WC="0.93" CONTENT="hvilka"/><SP WIDTH="16" VPOS="456" HPOS="511"/>
							<String ID="string_106" HPOS="527" VPOS="457" WIDTH="28" HEIGHT="28" WC="0.96" CONTENT="pä"/><SP WIDTH="15" VPOS="457" HPOS="555"/>
							<String ID="string_107" HPOS="570" VPOS="460" WIDTH="65" HEIGHT="18" WC="0.96" CONTENT="annat"/><SP WIDTH="15" VPOS="460" HPOS="635"/>
							<String ID="string_108" HPOS="650" VPOS="458" WIDTH="44" HEIGHT="20" WC="0.93" CONTENT="sätt"/><SP WIDTH="15" VPOS="458" HPOS="694"/>
							<String ID="string_109" HPOS="709" VPOS="457" WIDTH="68" HEIGHT="21" WC="0.92" CONTENT="mäste"/><SP WIDTH="9" VPOS="457" HPOS="777"/>
							<String ID="string_110" HPOS="786" VPOS="456" WIDTH="162" HEIGHT="28" WC="0.91" CONTENT="ävägabringas,"/><SP WIDTH="9" VPOS="456" HPOS="948"/>
							<String ID="string_111" HPOS="957" VPOS="456" WIDTH="51" HEIGHT="21" WC="0.96" CONTENT="eller"/>
						</TextLine>
						<TextLine ID="line_11" HPOS="178" VPOS="484" WIDTH="829" HEIGHT="30">
							<String ID="string_112" HPOS="178" VPOS="484" WIDTH="44" HEIGHT="28" WC="0.96" CONTENT="just"/><SP WIDTH="15" VPOS="484" HPOS="222"/>
							<String ID="string_113" HPOS="237" VPOS="492" WIDTH="81" HEIGHT="14" WC="0.96" CONTENT="samma"/><SP WIDTH="15" VPOS="492" HPOS="318"/>
							<String ID="string_114" HPOS="333" VPOS="492" WIDTH="81" HEIGHT="14" WC="0.96" CONTENT="summa"/><SP WIDTH="16" VPOS="492" HPOS="414"/>
							<String ID="string_115" HPOS="430" VPOS="493" WIDTH="45" HEIGHT="13" WC="0.93" CONTENT="som"/><SP WIDTH="17" VPOS="493" HPOS="475"/>
							<String ID="string_116" HPOS="492" VPOS="486" WIDTH="142" HEIGHT="28" WC="0.93" CONTENT="petitionären"/><SP WIDTH="15" VPOS="486" HPOS="634"/>
							<String ID="string_117" HPOS="649" VPOS="486" WIDTH="96" HEIGHT="20" WC="0.93" CONTENT="anhäller"/><SP WIDTH="14" VPOS="486" HPOS="745"/>
							<String ID="string_118" HPOS="759" VPOS="489" WIDTH="36" HEIGHT="17" WC="0.89" CONTENT="att"/><SP WIDTH="16" VPOS="489" HPOS="795"/>
							<String ID="string_119" HPOS="811" VPOS="485" WIDTH="71" HEIGHT="21" WC="0.92" CONTENT="blefve"/><SP WIDTH="23" VPOS="485" HPOS="882"/>
							<String ID="string_120" HPOS="905" VPOS="493" WIDTH="24" HEIGHT="13" WC="0.93" CONTENT="ur"/><SP WIDTH="15" VPOS="493" HPOS="929"/>
							<String ID="string_121" HPOS="944" VPOS="488" WIDTH="63" HEIGHT="18" WC="0.93" CONTENT="stats-"/>
						</TextLine>
						<TextLine ID="line_12" HPOS="178" VPOS="512" WIDTH="828" HEIGHT="30">
							<String ID="string_122" HPOS="178" VPOS="512" WIDTH="70" HEIGHT="22" WC="0.88" CONTENT="medel"/><SP WIDTH="25" VPOS="512" HPOS="248"/>
							<String ID="string_123" HPOS="273" VPOS="513" WIDTH="94" HEIGHT="21" WC="0.88" CONTENT="anvisad."/><SP WIDTH="31" VPOS="513" HPOS="367"/>
							<String ID="string_124" HPOS="398" VPOS="514" WIDTH="42" HEIGHT="21" WC="0.96" CONTENT="Det"/><SP WIDTH="24" VPOS="514" HPOS="440"/>
							<String ID="string_125" HPOS="464" VPOS="516" WIDTH="23" HEIGHT="19" WC="0.96" CONTENT="är"/><SP WIDTH="21" VPOS="516" HPOS="487"/>
							<String ID="string_126" HPOS="508" VPOS="514" WIDTH="83" HEIGHT="28" WC="0.93" CONTENT="ganska"/><SP WIDTH="23" VPOS="514" HPOS="591"/>
							<String ID="string_127" HPOS="614" VPOS="514" WIDTH="59" HEIGHT="22" WC="0.93" CONTENT="svärt"/><SP WIDTH="20" VPOS="514" HPOS="673"/>
							<String ID="string_128" HPOS="693" VPOS="517" WIDTH="31" HEIGHT="18" WC="0.96" CONTENT="att"/><SP WIDTH="15" VPOS="517" HPOS="724"/>
							<String ID="string_129" HPOS="739" VPOS="514" WIDTH="24" HEIGHT="21" WC="0.96" CONTENT="är"/><SP WIDTH="16" VPOS="514" HPOS="763"/>
							<String ID="string_130" HPOS="779" VPOS="514" WIDTH="55" HEIGHT="21" WC="0.96" CONTENT="efter"/><SP WIDTH="15" VPOS="514" HPOS="834"/>
							<String ID="string_131" HPOS="849" VPOS="514" WIDTH="23" HEIGHT="21" WC="0.89" CONTENT="är"/><SP WIDTH="16" VPOS="514" HPOS="872"/>
							<String ID="string_132" HPOS="888" VPOS="514" WIDTH="118" HEIGHT="28" WC="0.93" CONTENT="hopbringa"/>
						</TextLine>
						<TextLine ID="line_13" HPOS="178" VPOS="542" WIDTH="828" HEIGHT="28">
							<String ID="string_133" HPOS="178" VPOS="542" WIDTH="64" HEIGHT="26" WC="0.96" CONTENT="3,000"/><SP WIDTH="22" VPOS="542" HPOS="242"/>
							<String ID="string_134" HPOS="264" VPOS="542" WIDTH="59" HEIGHT="21" WC="0.96" CONTENT="mark"/><SP WIDTH="23" VPOS="542" HPOS="323"/>
							<String ID="string_135" HPOS="346" VPOS="542" WIDTH="40" HEIGHT="22" WC="0.96" CONTENT="och"/><SP WIDTH="18" VPOS="542" HPOS="386"/>
							<String ID="string_136" HPOS="404" VPOS="543" WIDTH="35" HEIGHT="27" WC="0.93" CONTENT="jag"/><SP WIDTH="15" VPOS="543" HPOS="439"/>
							<String ID="string_137" HPOS="454" VPOS="545" WIDTH="45" HEIGHT="19" WC="0.93" CONTENT="tror"/><SP WIDTH="15" VPOS="545" HPOS="499"/>
							<String ID="string_138" HPOS="514" VPOS="546" WIDTH="38" HEIGHT="23" WC="0.96" CONTENT="att,"/><SP WIDTH="15" VPOS="546" HPOS="552"/>
							<String ID="string_139" HPOS="567" VPOS="550" WIDTH="34" HEIGHT="14" WC="0.96" CONTENT="om"/><SP WIDTH="17" VPOS="550" HPOS="601"/>
							<String ID="string_140" HPOS="618" VPOS="543" WIDTH="64" HEIGHT="21" WC="0.96" CONTENT="bland"/><SP WIDTH="16" VPOS="543" HPOS="682"/>
							<String ID="string_141" HPOS="698" VPOS="543" WIDTH="115" HEIGHT="21" WC="0.93" CONTENT="Allmänna"/><SP WIDTH="16" VPOS="543" HPOS="813"/>
							<String ID="string_142" HPOS="829" VPOS="542" WIDTH="177" HEIGHT="22" WC="0.92" CONTENT="Besvärsutskot-"/>
						</TextLine>
						<TextLine ID="line_14" HPOS="177" VPOS="570" WIDTH="829" HEIGHT="26">
							<String ID="string_143" HPOS="177" VPOS="572" WIDTH="42" HEIGHT="19" WC="0.85" CONTENT="tets"/><SP WIDTH="22" VPOS="572" HPOS="219"/>
							<String ID="string_144" HPOS="241" VPOS="570" WIDTH="65" HEIGHT="21" WC="0.96" CONTENT="ärade"/><SP WIDTH="22" VPOS="570" HPOS="306"/>
							<String ID="string_145" HPOS="328" VPOS="570" WIDTH="116" HEIGHT="22" WC="0.96" CONTENT="ledamöter"/><SP WIDTH="23" VPOS="570" HPOS="444"/>
							<String ID="string_146" HPOS="467" VPOS="571" WIDTH="56" HEIGHT="22" WC="0.90" CONTENT="hade"/><SP WIDTH="22" VPOS="571" HPOS="523"/>
							<String ID="string_147" HPOS="545" VPOS="572" WIDTH="83" HEIGHT="21" WC="0.96" CONTENT="funnits"/><SP WIDTH="20" VPOS="572" HPOS="628"/>
							<String ID="string_148" HPOS="648" VPOS="572" WIDTH="57" HEIGHT="24" WC="0.96" CONTENT="flere,"/><SP WIDTH="18" VPOS="572" HPOS="705"/>
							<String ID="string_149" HPOS="723" VPOS="579" WIDTH="44" HEIGHT="13" WC="0.96" CONTENT="som"/><SP WIDTH="18" VPOS="579" HPOS="767"/>
							<String ID="string_150" HPOS="785" VPOS="572" WIDTH="55" HEIGHT="20" WC="0.95" CONTENT="varit"/><SP WIDTH="14" VPOS="572" HPOS="840"/>
							<String ID="string_151" HPOS="854" VPOS="572" WIDTH="6" HEIGHT="20" WC="0.93" CONTENT="i"/><SP WIDTH="16" VPOS="572" HPOS="860"/>
							<String ID="string_152" HPOS="876" VPOS="571" WIDTH="83" HEIGHT="21" WC="0.96" CONTENT="tillfälle"/><SP WIDTH="16" VPOS="571" HPOS="959"/>
							<String ID="string_153" HPOS="975" VPOS="575" WIDTH="31" HEIGHT="17" WC="0.95" CONTENT="att"/>
						</TextLine>
						<TextLine ID="line_15" HPOS="177" VPOS="597" WIDTH="827" HEIGHT="31">
							<String ID="string_154" HPOS="177" VPOS="597" WIDTH="89" HEIGHT="22" WC="0.92" CONTENT="försöka"/><SP WIDTH="22" VPOS="597" HPOS="266"/>
							<String ID="string_155" HPOS="288" VPOS="599" WIDTH="64" HEIGHT="26" WC="0.96" CONTENT="detta,"/><SP WIDTH="19" VPOS="599" HPOS="352"/>
							<String ID="string_156" HPOS="371" VPOS="599" WIDTH="69" HEIGHT="22" WC="0.93" CONTENT="denna"/><SP WIDTH="16" VPOS="599" HPOS="440"/>
							<String ID="string_157" HPOS="456" VPOS="601" WIDTH="92" HEIGHT="27" WC="0.93" CONTENT="petition"/><SP WIDTH="16" VPOS="601" HPOS="548"/>
							<String ID="string_158" HPOS="564" VPOS="600" WIDTH="66" HEIGHT="21" WC="0.91" CONTENT="ocksä"/><SP WIDTH="15" VPOS="600" HPOS="630"/>
							<String ID="string_159" HPOS="645" VPOS="600" WIDTH="55" HEIGHT="21" WC="0.93" CONTENT="hade"/><SP WIDTH="17" VPOS="600" HPOS="700"/>
							<String ID="string_160" HPOS="717" VPOS="600" WIDTH="84" HEIGHT="21" WC="0.91" CONTENT="erhällit"/><SP WIDTH="16" VPOS="600" HPOS="801"/>
							<String ID="string_161" HPOS="817" VPOS="607" WIDTH="56" HEIGHT="14" WC="0.97" CONTENT="mera"/><SP WIDTH="16" VPOS="607" HPOS="873"/>
							<String ID="string_162" HPOS="889" VPOS="599" WIDTH="115" HEIGHT="22" WC="0.96" CONTENT="understöd"/>
						</TextLine>
						<TextLine ID="line_16" HPOS="177" VPOS="627" WIDTH="828" HEIGHT="29">
							<String ID="string_163" HPOS="177" VPOS="628" WIDTH="27" HEIGHT="19" WC="0.92" CONTENT="än"/><SP WIDTH="20" VPOS="628" HPOS="204"/>
							<String ID="string_164" HPOS="224" VPOS="627" WIDTH="59" HEIGHT="22" WC="0.96" CONTENT="hvad"/><SP WIDTH="17" VPOS="627" HPOS="283"/>
							<String ID="string_165" HPOS="300" VPOS="627" WIDTH="122" HEIGHT="22" WC="0.96" CONTENT="densamma"/><SP WIDTH="15" VPOS="627" HPOS="422"/>
							<String ID="string_166" HPOS="437" VPOS="636" WIDTH="28" HEIGHT="13" WC="0.96" CONTENT="nu"/><SP WIDTH="17" VPOS="636" HPOS="465"/>
							<String ID="string_167" HPOS="482" VPOS="629" WIDTH="91" HEIGHT="21" WC="0.96" CONTENT="kommit"/><SP WIDTH="14" VPOS="629" HPOS="573"/>
							<String ID="string_168" HPOS="587" VPOS="629" WIDTH="32" HEIGHT="20" WC="0.96" CONTENT="till"/><SP WIDTH="16" VPOS="629" HPOS="619"/>
							<String ID="string_169" HPOS="635" VPOS="629" WIDTH="41" HEIGHT="21" WC="0.92" CONTENT="del."/><SP WIDTH="30" VPOS="629" HPOS="676"/>
							<String ID="string_170" HPOS="706" VPOS="629" WIDTH="31" HEIGHT="22" WC="0.93" CONTENT="Vi"/><SP WIDTH="18" VPOS="629" HPOS="737"/>
							<String ID="string_171" HPOS="755" VPOS="630" WIDTH="50" HEIGHT="19" WC="0.96" CONTENT="böra"/><SP WIDTH="16" VPOS="630" HPOS="805"/>
							<String ID="string_172" HPOS="821" VPOS="629" WIDTH="107" HEIGHT="20" WC="0.93" CONTENT="dessutom"/><SP WIDTH="17" VPOS="629" HPOS="928"/>
							<String ID="string_173" HPOS="945" VPOS="628" WIDTH="60" HEIGHT="28" WC="0.81" CONTENT="ihäg-"/>
						</TextLine>
						<TextLine ID="line_17" HPOS="177" VPOS="655" WIDTH="828" HEIGHT="27">
							<String ID="string_174" HPOS="177" VPOS="655" WIDTH="92" HEIGHT="27" WC="0.96" CONTENT="komma,"/><SP WIDTH="15" VPOS="655" HPOS="269"/>
							<String ID="string_175" HPOS="284" VPOS="659" WIDTH="31" HEIGHT="18" WC="0.96" CONTENT="att"/><SP WIDTH="15" VPOS="659" HPOS="315"/>
							<String ID="string_176" HPOS="330" VPOS="656" WIDTH="37" HEIGHT="21" WC="0.96" CONTENT="det"/><SP WIDTH="15" VPOS="656" HPOS="367"/>
							<String ID="string_177" HPOS="382" VPOS="657" WIDTH="38" HEIGHT="21" WC="0.96" CONTENT="hos"/><SP WIDTH="16" VPOS="657" HPOS="420"/>
							<String ID="string_178" HPOS="436" VPOS="665" WIDTH="35" HEIGHT="13" WC="0.93" CONTENT="oss"/><SP WIDTH="16" VPOS="665" HPOS="471"/>
							<String ID="string_179" HPOS="487" VPOS="657" WIDTH="68" HEIGHT="22" WC="0.93" CONTENT="finnes"/><SP WIDTH="16" VPOS="657" HPOS="555"/>
							<String ID="string_180" HPOS="571" VPOS="657" WIDTH="64" HEIGHT="22" WC="0.93" CONTENT="äfven"/><SP WIDTH="14" VPOS="657" HPOS="635"/>
							<String ID="string_181" HPOS="649" VPOS="657" WIDTH="66" HEIGHT="22" WC="0.93" CONTENT="andra"/><SP WIDTH="16" VPOS="657" HPOS="715"/>
							<String ID="string_182" HPOS="731" VPOS="657" WIDTH="153" HEIGHT="25" WC="0.91" CONTENT="läroanstalter,"/><SP WIDTH="16" VPOS="657" HPOS="884"/>
							<String ID="string_183" HPOS="900" VPOS="665" WIDTH="44" HEIGHT="13" WC="0.97" CONTENT="som"/><SP WIDTH="16" VPOS="665" HPOS="944"/>
							<String ID="string_184" HPOS="960" VPOS="657" WIDTH="45" HEIGHT="21" WC="0.96" CONTENT="helt"/>
						</TextLine>
						<TextLine ID="line_18" HPOS="177" VPOS="684" WIDTH="829" HEIGHT="30">
							<String ID="string_185" HPOS="177" VPOS="684" WIDTH="40" HEIGHT="21" WC="0.93" CONTENT="och"/><SP WIDTH="16" VPOS="684" HPOS="217"/>
							<String ID="string_186" HPOS="233" VPOS="684" WIDTH="67" HEIGHT="21" WC="0.95" CONTENT="hållet"/><SP WIDTH="14" VPOS="684" HPOS="300"/>
							<String ID="string_187" HPOS="314" VPOS="692" WIDTH="76" HEIGHT="21" WC="0.96" CONTENT="genom"/><SP WIDTH="17" VPOS="692" HPOS="390"/>
							<String ID="string_188" HPOS="407" VPOS="687" WIDTH="83" HEIGHT="27" WC="0.93" CONTENT="privata"/><SP WIDTH="16" VPOS="687" HPOS="490"/>
							<String ID="string_189" HPOS="506" VPOS="686" WIDTH="148" HEIGHT="28" WC="0.96" CONTENT="uppoffringar"/><SP WIDTH="15" VPOS="686" HPOS="654"/>
							<String ID="string_190" HPOS="669" VPOS="686" WIDTH="142" HEIGHT="25" WC="0.96" CONTENT="underhållas,"/><SP WIDTH="16" VPOS="686" HPOS="811"/>
							<String ID="string_191" HPOS="827" VPOS="686" WIDTH="106" HEIGHT="27" WC="0.93" CONTENT="nämligen"/><SP WIDTH="17" VPOS="686" HPOS="933"/>
							<String ID="string_192" HPOS="950" VPOS="685" WIDTH="56" HEIGHT="22" WC="0.93" CONTENT="folk-"/>
						</TextLine>
						<TextLine ID="line_19" HPOS="176" VPOS="713" WIDTH="829" HEIGHT="30">
							<String ID="string_193" HPOS="176" VPOS="713" WIDTH="151" HEIGHT="28" WC="0.96" CONTENT="högskolorna,"/><SP WIDTH="15" VPOS="713" HPOS="327"/>
							<String ID="string_194" HPOS="342" VPOS="713" WIDTH="73" HEIGHT="22" WC="0.96" CONTENT="hvilka"/><SP WIDTH="17" VPOS="713" HPOS="415"/>
							<String ID="string_195" HPOS="432" VPOS="715" WIDTH="80" HEIGHT="28" WC="0.95" CONTENT="årligen"/><SP WIDTH="17" VPOS="715" HPOS="512"/>
							<String ID="string_196" HPOS="529" VPOS="715" WIDTH="66" HEIGHT="28" WC="0.96" CONTENT="draga"/><SP WIDTH="20" VPOS="715" HPOS="595"/>
							<String ID="string_197" HPOS="615" VPOS="715" WIDTH="82" HEIGHT="28" WC="0.96" CONTENT="ganska"/><SP WIDTH="17" VPOS="715" HPOS="697"/>
							<String ID="string_198" HPOS="714" VPOS="714" WIDTH="121" HEIGHT="29" WC="0.93" CONTENT="betydande"/><SP WIDTH="14" VPOS="714" HPOS="835"/>
							<String ID="string_199" HPOS="849" VPOS="715" WIDTH="83" HEIGHT="28" WC="0.95" CONTENT="belopp."/><SP WIDTH="29" VPOS="715" HPOS="932"/>
							<String ID="string_200" HPOS="961" VPOS="714" WIDTH="44" HEIGHT="21" WC="0.96" CONTENT="Det"/>
						</TextLine>
						<TextLine ID="line_20" HPOS="177" VPOS="741" WIDTH="828" HEIGHT="30">
							<String ID="string_201" HPOS="177" VPOS="749" WIDTH="51" HEIGHT="14" WC="0.96" CONTENT="vore"/><SP WIDTH="24" VPOS="749" HPOS="228"/>
							<String ID="string_202" HPOS="252" VPOS="741" WIDTH="72" HEIGHT="22" WC="0.96" CONTENT="derför"/><SP WIDTH="23" VPOS="741" HPOS="324"/>
							<String ID="string_203" HPOS="347" VPOS="743" WIDTH="30" HEIGHT="20" WC="0.96" CONTENT="alt"/><SP WIDTH="15" VPOS="743" HPOS="377"/>
							<String ID="string_204" HPOS="392" VPOS="743" WIDTH="46" HEIGHT="21" WC="0.96" CONTENT="skäl"/><SP WIDTH="16" VPOS="743" HPOS="438"/>
							<String ID="string_205" HPOS="454" VPOS="747" WIDTH="32" HEIGHT="17" WC="0.96" CONTENT="att"/><SP WIDTH="15" VPOS="747" HPOS="486"/>
							<String ID="string_206" HPOS="501" VPOS="743" WIDTH="49" HEIGHT="21" WC="0.93" CONTENT="med"/><SP WIDTH="17" VPOS="743" HPOS="550"/>
							<String ID="string_207" HPOS="567" VPOS="743" WIDTH="124" HEIGHT="22" WC="0.92" CONTENT="statsmedel"/><SP WIDTH="16" VPOS="743" HPOS="691"/>
							<String ID="string_208" HPOS="707" VPOS="745" WIDTH="6" HEIGHT="19" WC="0.96" CONTENT="i"/><SP WIDTH="16" VPOS="745" HPOS="713"/>
							<String ID="string_209" HPOS="729" VPOS="743" WIDTH="115" HEIGHT="27" WC="0.96" CONTENT="tillräcklig"/><SP WIDTH="15" VPOS="743" HPOS="844"/>
							<String ID="string_210" HPOS="859" VPOS="743" WIDTH="52" HEIGHT="28" WC="0.93" CONTENT="grad"/><SP WIDTH="16" VPOS="743" HPOS="911"/>
							<String ID="string_211" HPOS="927" VPOS="743" WIDTH="78" HEIGHT="21" WC="0.92" CONTENT="under-"/>
						</TextLine>
						<TextLine ID="line_21" HPOS="176" VPOS="770" WIDTH="828" HEIGHT="30">
							<String ID="string_212" HPOS="176" VPOS="770" WIDTH="62" HEIGHT="22" WC="0.96" CONTENT="stöda"/><SP WIDTH="24" VPOS="770" HPOS="238"/>
							<String ID="string_213" HPOS="262" VPOS="770" WIDTH="62" HEIGHT="22" WC="0.93" CONTENT="dessa"/><SP WIDTH="21" VPOS="770" HPOS="324"/>
							<String ID="string_214" HPOS="345" VPOS="771" WIDTH="254" HEIGHT="29" WC="0.92" CONTENT="fortbildningsläroverk"/><SP WIDTH="22" VPOS="771" HPOS="599"/>
							<String ID="string_215" HPOS="621" VPOS="772" WIDTH="34" HEIGHT="22" WC="0.96" CONTENT="för"/><SP WIDTH="16" VPOS="772" HPOS="655"/>
							<String ID="string_216" HPOS="671" VPOS="775" WIDTH="30" HEIGHT="18" WC="0.96" CONTENT="att"/><SP WIDTH="16" VPOS="775" HPOS="701"/>
							<String ID="string_217" HPOS="717" VPOS="771" WIDTH="142" HEIGHT="22" WC="0.96" CONTENT="allmänheten"/><SP WIDTH="17" VPOS="771" HPOS="859"/>
							<String ID="string_218" HPOS="876" VPOS="771" WIDTH="47" HEIGHT="22" WC="0.96" CONTENT="icke"/><SP WIDTH="16" VPOS="771" HPOS="923"/>
							<String ID="string_219" HPOS="939" VPOS="771" WIDTH="65" HEIGHT="21" WC="0.96" CONTENT="måtte"/>
						</TextLine>
						<TextLine ID="line_22" HPOS="176" VPOS="799" WIDTH="828" HEIGHT="30">
							<String ID="string_220" HPOS="176" VPOS="799" WIDTH="46" HEIGHT="21" WC="0.93" CONTENT="med"/><SP WIDTH="28" VPOS="799" HPOS="222"/>
							<String ID="string_221" HPOS="250" VPOS="799" WIDTH="62" HEIGHT="22" WC="0.91" CONTENT="deras"/><SP WIDTH="23" VPOS="799" HPOS="312"/>
							<String ID="string_222" HPOS="335" VPOS="800" WIDTH="110" HEIGHT="22" WC="0.87" CONTENT="underhåll"/><SP WIDTH="23" VPOS="800" HPOS="445"/>
							<String ID="string_223" HPOS="468" VPOS="801" WIDTH="35" HEIGHT="21" WC="0.96" CONTENT="för"/><SP WIDTH="23" VPOS="801" HPOS="503"/>
							<String ID="string_224" HPOS="526" VPOS="801" WIDTH="87" HEIGHT="28" WC="0.93" CONTENT="mycket"/><SP WIDTH="21" VPOS="801" HPOS="613"/>
							<String ID="string_225" HPOS="634" VPOS="801" WIDTH="110" HEIGHT="27" WC="0.91" CONTENT="betungas."/><SP WIDTH="30" VPOS="801" HPOS="744"/>
							<String ID="string_226" HPOS="774" VPOS="801" WIDTH="42" HEIGHT="27" WC="0.96" CONTENT="Jag"/><SP WIDTH="18" VPOS="801" HPOS="816"/>
							<String ID="string_227" HPOS="834" VPOS="802" WIDTH="23" HEIGHT="19" WC="0.96" CONTENT="är"/><SP WIDTH="15" VPOS="802" HPOS="857"/>
							<String ID="string_228" HPOS="872" VPOS="800" WIDTH="66" HEIGHT="22" WC="0.96" CONTENT="också"/><SP WIDTH="15" VPOS="800" HPOS="938"/>
							<String ID="string_229" HPOS="953" VPOS="808" WIDTH="51" HEIGHT="13" WC="0.95" CONTENT="ense"/>
						</TextLine>
						<TextLine ID="line_23" HPOS="175" VPOS="827" WIDTH="828" HEIGHT="30">
							<String ID="string_230" HPOS="175" VPOS="827" WIDTH="48" HEIGHT="21" WC="0.96" CONTENT="med"/><SP WIDTH="23" VPOS="827" HPOS="223"/>
							<String ID="string_231" HPOS="246" VPOS="828" WIDTH="125" HEIGHT="22" WC="0.96" CONTENT="Utskottets"/><SP WIDTH="19" VPOS="828" HPOS="371"/>
							<String ID="string_232" HPOS="390" VPOS="830" WIDTH="108" HEIGHT="20" WC="0.96" CONTENT="minoritet"/><SP WIDTH="19" VPOS="830" HPOS="498"/>
							<String ID="string_233" HPOS="517" VPOS="830" WIDTH="80" HEIGHT="27" WC="0.96" CONTENT="derom,"/><SP WIDTH="16" VPOS="830" HPOS="597"/>
							<String ID="string_234" HPOS="613" VPOS="833" WIDTH="31" HEIGHT="17" WC="0.96" CONTENT="att"/><SP WIDTH="16" VPOS="833" HPOS="644"/>
							<String ID="string_235" HPOS="660" VPOS="830" WIDTH="63" HEIGHT="21" WC="0.96" CONTENT="dessa"/><SP WIDTH="15" VPOS="830" HPOS="723"/>
							<String ID="string_236" HPOS="738" VPOS="830" WIDTH="156" HEIGHT="25" WC="0.96" CONTENT="läroanstalter,"/><SP WIDTH="15" VPOS="830" HPOS="894"/>
							<String ID="string_237" HPOS="909" VPOS="836" WIDTH="45" HEIGHT="14" WC="0.93" CONTENT="som"/><SP WIDTH="15" VPOS="836" HPOS="954"/>
							<String ID="string_238" HPOS="969" VPOS="832" WIDTH="34" HEIGHT="18" WC="0.91" CONTENT="ut-"/>
						</TextLine>
						<TextLine ID="line_24" HPOS="175" VPOS="856" WIDTH="829" HEIGHT="30">
							<String ID="string_239" HPOS="175" VPOS="858" WIDTH="51" HEIGHT="26" WC="0.96" CONTENT="göra"/><SP WIDTH="25" VPOS="858" HPOS="226"/>
							<String ID="string_240" HPOS="251" VPOS="856" WIDTH="55" HEIGHT="22" WC="0.95" CONTENT="blott"/><SP WIDTH="16" VPOS="856" HPOS="306"/>
							<String ID="string_241" HPOS="322" VPOS="864" WIDTH="24" HEIGHT="14" WC="0.95" CONTENT="en"/><SP WIDTH="17" VPOS="864" HPOS="346"/>
							<String ID="string_242" HPOS="363" VPOS="857" WIDTH="141" HEIGHT="29" WC="0.96" CONTENT="fortsättning"/><SP WIDTH="15" VPOS="857" HPOS="504"/>
							<String ID="string_243" HPOS="519" VPOS="858" WIDTH="33" HEIGHT="21" WC="0.93" CONTENT="till"/><SP WIDTH="15" VPOS="858" HPOS="552"/>
							<String ID="string_244" HPOS="567" VPOS="858" WIDTH="254" HEIGHT="25" WC="0.90" CONTENT="fruntimmersskolorna,"/><SP WIDTH="21" VPOS="858" HPOS="821"/>
							<String ID="string_245" HPOS="842" VPOS="858" WIDTH="66" HEIGHT="20" WC="0.96" CONTENT="redan"/><SP WIDTH="23" VPOS="858" HPOS="908"/>
							<String ID="string_246" HPOS="931" VPOS="857" WIDTH="73" HEIGHT="21" WC="0.94" CONTENT="derför"/>
						</TextLine>
						<TextLine ID="line_25" HPOS="176" VPOS="884" WIDTH="827" HEIGHT="31">
							<String ID="string_247" HPOS="176" VPOS="884" WIDTH="67" HEIGHT="21" WC="0.96" CONTENT="borde"/><SP WIDTH="25" VPOS="884" HPOS="243"/>
							<String ID="string_248" HPOS="268" VPOS="885" WIDTH="176" HEIGHT="22" WC="0.96" CONTENT="subventioneras"/><SP WIDTH="24" VPOS="885" HPOS="444"/>
							<String ID="string_249" HPOS="468" VPOS="887" WIDTH="68" HEIGHT="27" WC="0.96" CONTENT="enligt"/><SP WIDTH="15" VPOS="887" HPOS="536"/>
							<String ID="string_250" HPOS="551" VPOS="894" WIDTH="80" HEIGHT="13" WC="0.96" CONTENT="samma"/><SP WIDTH="16" VPOS="894" HPOS="631"/>
							<String ID="string_251" HPOS="647" VPOS="888" WIDTH="84" HEIGHT="27" WC="0.95" CONTENT="princip"/><SP WIDTH="16" VPOS="888" HPOS="731"/>
							<String ID="string_252" HPOS="747" VPOS="894" WIDTH="44" HEIGHT="13" WC="0.93" CONTENT="som"/><SP WIDTH="17" VPOS="894" HPOS="791"/>
							<String ID="string_253" HPOS="808" VPOS="886" WIDTH="195" HEIGHT="21" WC="0.91" CONTENT="fruntimmerssko-"/>
						</TextLine>
						<TextLine ID="line_26" HPOS="174" VPOS="913" WIDTH="828" HEIGHT="28">
							<String ID="string_254" HPOS="174" VPOS="913" WIDTH="74" HEIGHT="21" WC="0.92" CONTENT="lornas"/><SP WIDTH="16" VPOS="913" HPOS="248"/>
							<String ID="string_255" HPOS="264" VPOS="913" WIDTH="64" HEIGHT="28" WC="0.96" CONTENT="högre"/><SP WIDTH="16" VPOS="913" HPOS="328"/>
							<String ID="string_256" HPOS="344" VPOS="914" WIDTH="87" HEIGHT="26" WC="0.93" CONTENT="klasser,"/><SP WIDTH="16" VPOS="914" HPOS="431"/>
							<String ID="string_257" HPOS="447" VPOS="915" WIDTH="21" HEIGHT="21" WC="0.89" CONTENT="d."/><SP WIDTH="15" VPOS="915" HPOS="468"/>
							<String ID="string_258" HPOS="483" VPOS="923" WIDTH="19" HEIGHT="13" WC="0.89" CONTENT="v."/><SP WIDTH="16" VPOS="923" HPOS="502"/>
							<String ID="string_259" HPOS="518" VPOS="922" WIDTH="16" HEIGHT="14" WC="0.92" CONTENT="s."/><SP WIDTH="17" VPOS="922" HPOS="534"/>
							<String ID="string_260" HPOS="551" VPOS="915" WIDTH="48" HEIGHT="21" WC="0.92" CONTENT="med"/><SP WIDTH="16" VPOS="915" HPOS="599"/>
							<String ID="string_261" HPOS="615" VPOS="916" WIDTH="61" HEIGHT="25" WC="0.92" CONTENT="3,000"/><SP WIDTH="17" VPOS="916" HPOS="676"/>
							<String ID="string_262" HPOS="693" VPOS="915" WIDTH="64" HEIGHT="21" WC="0.95" CONTENT="mark."/><SP WIDTH="31" VPOS="915" HPOS="757"/>
							<String ID="string_263" HPOS="788" VPOS="915" WIDTH="34" HEIGHT="21" WC="0.96" CONTENT="Då"/><SP WIDTH="15" VPOS="915" HPOS="822"/>
							<String ID="string_264" HPOS="837" VPOS="915" WIDTH="33" HEIGHT="20" WC="0.91" CONTENT="till"/><SP WIDTH="16" VPOS="915" HPOS="870"/>
							<String ID="string_265" HPOS="886" VPOS="914" WIDTH="116" HEIGHT="21" WC="0.91" CONTENT="betänkan-"/>
						</TextLine>
						<TextLine ID="line_27" HPOS="174" VPOS="941" WIDTH="829" HEIGHT="30">
							<String ID="string_266" HPOS="174" VPOS="941" WIDTH="37" HEIGHT="21" WC="0.96" CONTENT="det"/><SP WIDTH="23" VPOS="941" HPOS="211"/>
							<String ID="string_267" HPOS="234" VPOS="942" WIDTH="50" HEIGHT="21" WC="0.96" CONTENT="icke"/><SP WIDTH="22" VPOS="942" HPOS="284"/>
							<String ID="string_268" HPOS="306" VPOS="943" WIDTH="71" HEIGHT="27" WC="0.96" CONTENT="fogats"/><SP WIDTH="23" VPOS="943" HPOS="377"/>
							<String ID="string_269" HPOS="400" VPOS="943" WIDTH="70" HEIGHT="28" WC="0.95" CONTENT="någon"/><SP WIDTH="21" VPOS="943" HPOS="470"/>
							<String ID="string_270" HPOS="491" VPOS="945" WIDTH="139" HEIGHT="24" WC="0.93" CONTENT="reservation,"/><SP WIDTH="15" VPOS="945" HPOS="630"/>
							<String ID="string_271" HPOS="645" VPOS="944" WIDTH="115" HEIGHT="21" WC="0.92" CONTENT="förefinnes"/><SP WIDTH="16" VPOS="944" HPOS="760"/>
							<String ID="string_272" HPOS="776" VPOS="943" WIDTH="50" HEIGHT="28" WC="0.93" CONTENT="föga"/><SP WIDTH="16" VPOS="943" HPOS="826"/>
							<String ID="string_273" HPOS="842" VPOS="944" WIDTH="66" HEIGHT="27" WC="0.91" CONTENT="utsigt"/><SP WIDTH="15" VPOS="944" HPOS="908"/>
							<String ID="string_274" HPOS="923" VPOS="943" WIDTH="33" HEIGHT="20" WC="0.96" CONTENT="för"/><SP WIDTH="15" VPOS="943" HPOS="956"/>
							<String ID="string_275" HPOS="971" VPOS="947" WIDTH="32" HEIGHT="17" WC="0.96" CONTENT="att"/>
						</TextLine>
						<TextLine ID="line_28" HPOS="174" VPOS="970" WIDTH="829" HEIGHT="29">
							<String ID="string_276" HPOS="174" VPOS="970" WIDTH="178" HEIGHT="29" WC="0.91" CONTENT="ständerpetition"/><SP WIDTH="24" VPOS="970" HPOS="352"/>
							<String ID="string_277" HPOS="376" VPOS="971" WIDTH="53" HEIGHT="22" WC="0.92" CONTENT="skall"/><SP WIDTH="24" VPOS="971" HPOS="429"/>
							<String ID="string_278" HPOS="453" VPOS="973" WIDTH="85" HEIGHT="20" WC="0.94" CONTENT="komma"/><SP WIDTH="23" VPOS="973" HPOS="538"/>
							<String ID="string_279" HPOS="561" VPOS="972" WIDTH="32" HEIGHT="21" WC="0.96" CONTENT="till"/><SP WIDTH="20" VPOS="972" HPOS="593"/>
							<String ID="string_280" HPOS="613" VPOS="972" WIDTH="70" HEIGHT="21" WC="0.96" CONTENT="stånd."/><SP WIDTH="30" VPOS="972" HPOS="683"/>
							<String ID="string_281" HPOS="713" VPOS="972" WIDTH="53" HEIGHT="21" WC="0.96" CONTENT="Men"/><SP WIDTH="16" VPOS="972" HPOS="766"/>
							<String ID="string_282" HPOS="782" VPOS="971" WIDTH="117" HEIGHT="22" WC="0.95" CONTENT="emellertid"/><SP WIDTH="16" VPOS="971" HPOS="899"/>
							<String ID="string_283" HPOS="915" VPOS="971" WIDTH="38" HEIGHT="22" WC="0.96" CONTENT="har"/><SP WIDTH="14" VPOS="971" HPOS="953"/>
							<String ID="string_284" HPOS="967" VPOS="972" WIDTH="36" HEIGHT="27" WC="0.96" CONTENT="jag"/>
						</TextLine>
						<TextLine ID="line_29" HPOS="174" VPOS="999" WIDTH="827" HEIGHT="29">
							<String ID="string_285" HPOS="174" VPOS="999" WIDTH="57" HEIGHT="21" WC="0.96" CONTENT="velat"/><SP WIDTH="24" VPOS="999" HPOS="231"/>
							<String ID="string_286" HPOS="255" VPOS="999" WIDTH="66" HEIGHT="22" WC="0.96" CONTENT="uttala"/><SP WIDTH="23" VPOS="999" HPOS="321"/>
							<String ID="string_287" HPOS="344" VPOS="1000" WIDTH="43" HEIGHT="21" WC="0.95" CONTENT="min"/><SP WIDTH="23" VPOS="1000" HPOS="387"/>
							<String ID="string_288" HPOS="410" VPOS="1001" WIDTH="87" HEIGHT="27" WC="0.96" CONTENT="mening"/><SP WIDTH="22" VPOS="1001" HPOS="497"/>
							<String ID="string_289" HPOS="519" VPOS="1002" WIDTH="6" HEIGHT="19" WC="0.96" CONTENT="i"/><SP WIDTH="22" VPOS="1002" HPOS="525"/>
							<String ID="string_290" HPOS="547" VPOS="1001" WIDTH="66" HEIGHT="20" WC="0.96" CONTENT="saken"/><SP WIDTH="17" VPOS="1001" HPOS="613"/>
							<String ID="string_291" HPOS="630" VPOS="1001" WIDTH="40" HEIGHT="21" WC="0.96" CONTENT="och"/><SP WIDTH="16" VPOS="1001" HPOS="670"/>
							<String ID="string_292" HPOS="686" VPOS="1001" WIDTH="43" HEIGHT="26" WC="0.96" CONTENT="ber,"/><SP WIDTH="16" VPOS="1001" HPOS="729"/>
							<String ID="string_293" HPOS="745" VPOS="1001" WIDTH="35" HEIGHT="20" WC="0.96" CONTENT="för"/><SP WIDTH="15" VPOS="1001" HPOS="780"/>
							<String ID="string_294" HPOS="795" VPOS="1000" WIDTH="40" HEIGHT="21" WC="0.96" CONTENT="den"/><SP WIDTH="18" VPOS="1000" HPOS="835"/>
							<String ID="string_295" HPOS="853" VPOS="1000" WIDTH="102" HEIGHT="21" WC="0.96" CONTENT="händelse"/><SP WIDTH="15" VPOS="1000" HPOS="955"/>
							<String ID="string_296" HPOS="970" VPOS="1004" WIDTH="31" HEIGHT="17" WC="0.96" CONTENT="att"/>
						</TextLine>
						<TextLine ID="line_30" HPOS="172" VPOS="1028" WIDTH="827" HEIGHT="29">
							<String ID="string_297" HPOS="172" VPOS="1028" WIDTH="37" HEIGHT="27" WC="0.93" CONTENT="jag"/><SP WIDTH="23" VPOS="1028" HPOS="209"/>
							<String ID="string_298" HPOS="232" VPOS="1035" WIDTH="72" HEIGHT="14" WC="0.92" CONTENT="vunne"/><SP WIDTH="23" VPOS="1035" HPOS="304"/>
							<String ID="string_299" HPOS="327" VPOS="1028" WIDTH="117" HEIGHT="22" WC="0.96" CONTENT="understöd"/><SP WIDTH="23" VPOS="1028" HPOS="444"/>
							<String ID="string_300" HPOS="467" VPOS="1029" WIDTH="39" HEIGHT="21" WC="0.96" CONTENT="hos"/><SP WIDTH="20" VPOS="1029" HPOS="506"/>
							<String ID="string_301" HPOS="526" VPOS="1029" WIDTH="27" HEIGHT="22" WC="0.96" CONTENT="R."/><SP WIDTH="16" VPOS="1029" HPOS="553"/>
							<String ID="string_302" HPOS="569" VPOS="1037" WIDTH="18" HEIGHT="14" WC="0.93" CONTENT="o."/><SP WIDTH="16" VPOS="1037" HPOS="587"/>
							<String ID="string_303" HPOS="603" VPOS="1030" WIDTH="32" HEIGHT="26" WC="0.89" CONTENT="A.,"/><SP WIDTH="16" VPOS="1030" HPOS="635"/>
							<String ID="string_304" HPOS="651" VPOS="1029" WIDTH="23" HEIGHT="21" WC="0.96" CONTENT="få"/><SP WIDTH="15" VPOS="1029" HPOS="674"/>
							<String ID="string_305" HPOS="689" VPOS="1029" WIDTH="86" HEIGHT="27" WC="0.96" CONTENT="föreslå,"/><SP WIDTH="16" VPOS="1029" HPOS="775"/>
							<String ID="string_306" HPOS="791" VPOS="1032" WIDTH="31" HEIGHT="18" WC="0.96" CONTENT="att"/><SP WIDTH="15" VPOS="1032" HPOS="822"/>
							<String ID="string_307" HPOS="837" VPOS="1029" WIDTH="74" HEIGHT="28" WC="0.93" CONTENT="frågan"/><SP WIDTH="17" VPOS="1029" HPOS="911"/>
							<String ID="string_308" HPOS="928" VPOS="1029" WIDTH="71" HEIGHT="21" WC="0.92" CONTENT="blefve"/>
						</TextLine>
						<TextLine ID="line_31" HPOS="172" VPOS="1055" WIDTH="828" HEIGHT="30">
							<String ID="string_309" HPOS="172" VPOS="1055" WIDTH="169" HEIGHT="23" WC="0.91" CONTENT="återremitterad"/><SP WIDTH="20" VPOS="1055" HPOS="341"/>
							<String ID="string_310" HPOS="361" VPOS="1057" WIDTH="32" HEIGHT="21" WC="0.96" CONTENT="till"/><SP WIDTH="23" VPOS="1057" HPOS="393"/>
							<String ID="string_311" HPOS="416" VPOS="1057" WIDTH="111" HEIGHT="22" WC="0.96" CONTENT="Utskottet"/><SP WIDTH="15" VPOS="1057" HPOS="527"/>
							<String ID="string_312" HPOS="542" VPOS="1058" WIDTH="35" HEIGHT="21" WC="0.96" CONTENT="för"/><SP WIDTH="14" VPOS="1058" HPOS="577"/>
							<String ID="string_313" HPOS="591" VPOS="1061" WIDTH="32" HEIGHT="18" WC="0.96" CONTENT="att"/><SP WIDTH="15" VPOS="1061" HPOS="623"/>
							<String ID="string_314" HPOS="638" VPOS="1058" WIDTH="120" HEIGHT="21" WC="0.96" CONTENT="omarbetas"/><SP WIDTH="16" VPOS="1058" HPOS="758"/>
							<String ID="string_315" HPOS="774" VPOS="1059" WIDTH="6" HEIGHT="20" WC="0.96" CONTENT="i"/><SP WIDTH="17" VPOS="1059" HPOS="780"/>
							<String ID="string_316" HPOS="797" VPOS="1057" WIDTH="40" HEIGHT="22" WC="0.96" CONTENT="den"/><SP WIDTH="16" VPOS="1057" HPOS="837"/>
							<String ID="string_317" HPOS="853" VPOS="1058" WIDTH="96" HEIGHT="27" WC="0.93" CONTENT="riktning"/><SP WIDTH="14" VPOS="1058" HPOS="949"/>
							<String ID="string_318" HPOS="963" VPOS="1065" WIDTH="37" HEIGHT="20" WC="0.92" CONTENT="pe-"/>
						</TextLine>
						<TextLine ID="line_32" HPOS="172" VPOS="1085" WIDTH="170" HEIGHT="22">
							<String ID="string_319" HPOS="172" VPOS="1085" WIDTH="91" HEIGHT="21" WC="0.91" CONTENT="litionen"/><SP WIDTH="17" VPOS="1085" HPOS="263"/>
							<String ID="string_320" HPOS="280" VPOS="1085" WIDTH="62" HEIGHT="22" WC="0.92" CONTENT="afser."/>
						</TextLine>
					</TextBlock>
				</ComposedBlock>
				<ComposedBlock ID="cblock_3" HPOS="169" VPOS="1153" WIDTH="831" HEIGHT="143">
					<TextBlock ID="block_2" HPOS="169" VPOS="1153" WIDTH="831" HEIGHT="143">
						<TextLine ID="line_33" HPOS="241" VPOS="1153" WIDTH="759" HEIGHT="30">
							<String ID="string_321" HPOS="241" VPOS="1153" WIDTH="35" HEIGHT="21" WC="0.95" CONTENT="Då"/><SP WIDTH="23" VPOS="1153" HPOS="276"/>
							<String ID="string_322" HPOS="299" VPOS="1155" WIDTH="62" HEIGHT="27" WC="0.95" CONTENT="ingen"/><SP WIDTH="21" VPOS="1155" HPOS="361"/>
							<String ID="string_323" HPOS="382" VPOS="1162" WIDTH="71" HEIGHT="13" WC="0.96" CONTENT="annan"/><SP WIDTH="21" VPOS="1162" HPOS="453"/>
							<String ID="string_324" HPOS="474" VPOS="1155" WIDTH="23" HEIGHT="20" WC="0.93" CONTENT="af"/><SP WIDTH="15" VPOS="1155" HPOS="497"/>
							<String ID="string_325" HPOS="512" VPOS="1155" WIDTH="103" HEIGHT="21" WC="0.92" CONTENT="Ständets"/><SP WIDTH="16" VPOS="1155" HPOS="615"/>
							<String ID="string_326" HPOS="631" VPOS="1155" WIDTH="138" HEIGHT="21" WC="0.93" CONTENT="medlemmar"/><SP WIDTH="15" VPOS="1155" HPOS="769"/>
							<String ID="string_327" HPOS="784" VPOS="1155" WIDTH="95" HEIGHT="21" WC="0.96" CONTENT="önskade"/><SP WIDTH="15" VPOS="1155" HPOS="879"/>
							<String ID="string_328" HPOS="894" VPOS="1157" WIDTH="57" HEIGHT="26" WC="0.96" CONTENT="yttra"/><SP WIDTH="15" VPOS="1157" HPOS="951"/>
							<String ID="string_329" HPOS="966" VPOS="1156" WIDTH="34" HEIGHT="27" WC="0.96" CONTENT="sig"/>
						</TextLine>
						<TextLine ID="line_34" HPOS="171" VPOS="1181" WIDTH="828" HEIGHT="30">
							<String ID="string_330" HPOS="171" VPOS="1181" WIDTH="42" HEIGHT="21" WC="0.92" CONTENT="och"/><SP WIDTH="23" VPOS="1181" HPOS="213"/>
							<String ID="string_331" HPOS="236" VPOS="1182" WIDTH="59" HEIGHT="21" WC="0.91" CONTENT="Frih."/><SP WIDTH="23" VPOS="1182" HPOS="295"/>
							<String ID="string_332" HPOS="318" VPOS="1190" WIDTH="42" HEIGHT="13" WC="0.93" CONTENT="von"/><SP WIDTH="22" VPOS="1190" HPOS="360"/>
							<String ID="string_333" HPOS="382" VPOS="1183" WIDTH="97" HEIGHT="21" WC="0.91" CONTENT="Hellens&#39;"/><SP WIDTH="17" VPOS="1183" HPOS="479"/>
							<String ID="string_334" HPOS="496" VPOS="1183" WIDTH="101" HEIGHT="28" WC="0.96" CONTENT="yttrande"/><SP WIDTH="16" VPOS="1183" HPOS="597"/>
							<String ID="string_335" HPOS="613" VPOS="1183" WIDTH="90" HEIGHT="21" WC="0.96" CONTENT="sålunda"/><SP WIDTH="16" VPOS="1183" HPOS="703"/>
							<String ID="string_336" HPOS="719" VPOS="1184" WIDTH="48" HEIGHT="20" WC="0.96" CONTENT="icke"/><SP WIDTH="16" VPOS="1184" HPOS="767"/>
							<String ID="string_337" HPOS="783" VPOS="1184" WIDTH="77" HEIGHT="20" WC="0.96" CONTENT="vunnit"/><SP WIDTH="15" VPOS="1184" HPOS="860"/>
							<String ID="string_338" HPOS="875" VPOS="1183" WIDTH="124" HEIGHT="27" WC="0.96" CONTENT="understöd,"/>
						</TextLine>
						<TextLine ID="line_35" HPOS="170" VPOS="1209" WIDTH="829" HEIGHT="30">
							<String ID="string_339" HPOS="170" VPOS="1209" WIDTH="120" HEIGHT="23" WC="0.92" CONTENT="hemstälde"/><SP WIDTH="22" VPOS="1209" HPOS="290"/>
							<String ID="string_340" HPOS="312" VPOS="1210" WIDTH="34" HEIGHT="22" WC="0.93" CONTENT="Hr"/><SP WIDTH="23" VPOS="1210" HPOS="346"/>
							<String ID="string_341" HPOS="369" VPOS="1211" WIDTH="207" HEIGHT="21" WC="0.92" CONTENT="Landtmarskalken"/><SP WIDTH="20" VPOS="1211" HPOS="576"/>
							<String ID="string_342" HPOS="596" VPOS="1212" WIDTH="76" HEIGHT="21" WC="0.96" CONTENT="endast"/><SP WIDTH="20" VPOS="1212" HPOS="672"/>
							<String ID="string_343" HPOS="692" VPOS="1219" WIDTH="33" HEIGHT="13" WC="0.93" CONTENT="om"/><SP WIDTH="16" VPOS="1219" HPOS="725"/>
							<String ID="string_344" HPOS="741" VPOS="1211" WIDTH="158" HEIGHT="28" WC="0.91" CONTENT="godkännande"/><SP WIDTH="16" VPOS="1211" HPOS="899"/>
							<String ID="string_345" HPOS="915" VPOS="1212" WIDTH="22" HEIGHT="21" WC="0.93" CONTENT="af"/><SP WIDTH="15" VPOS="1212" HPOS="937"/>
							<String ID="string_346" HPOS="952" VPOS="1212" WIDTH="47" HEIGHT="21" WC="0.92" CONTENT="All-"/>
						</TextLine>
						<TextLine ID="line_36" HPOS="170" VPOS="1239" WIDTH="827" HEIGHT="29">
							<String ID="string_347" HPOS="170" VPOS="1240" WIDTH="79" HEIGHT="20" WC="0.90" CONTENT="männa"/><SP WIDTH="12" VPOS="1240" HPOS="249"/>
							<String ID="string_348" HPOS="261" VPOS="1239" WIDTH="210" HEIGHT="22" WC="0.87" CONTENT="Besvärsutskottets"/><SP WIDTH="11" VPOS="1239" HPOS="471"/>
							<String ID="string_349" HPOS="482" VPOS="1240" WIDTH="165" HEIGHT="28" WC="0.95" CONTENT="ifrågavarande"/><SP WIDTH="12" VPOS="1240" HPOS="647"/>
							<String ID="string_350" HPOS="659" VPOS="1240" WIDTH="142" HEIGHT="26" WC="0.93" CONTENT="betänkande,"/><SP WIDTH="12" VPOS="1240" HPOS="801"/>
							<String ID="string_351" HPOS="813" VPOS="1240" WIDTH="86" HEIGHT="21" WC="0.90" CONTENT="hvartill"/><SP WIDTH="10" VPOS="1240" HPOS="899"/>
							<String ID="string_352" HPOS="909" VPOS="1240" WIDTH="25" HEIGHT="21" WC="0.96" CONTENT="R."/><SP WIDTH="10" VPOS="1240" HPOS="934"/>
							<String ID="string_353" HPOS="944" VPOS="1248" WIDTH="18" HEIGHT="14" WC="0.96" CONTENT="o."/><SP WIDTH="8" VPOS="1248" HPOS="962"/>
							<String ID="string_354" HPOS="970" VPOS="1241" WIDTH="27" HEIGHT="21" WC="0.96" CONTENT="A."/>
						</TextLine>
						<TextLine ID="line_37" HPOS="169" VPOS="1268" WIDTH="127" HEIGHT="28">
							<String ID="string_355" HPOS="169" VPOS="1268" WIDTH="127" HEIGHT="28" WC="0.89" CONTENT="samtyckte."/>
						</TextLine>
					</TextBlock>
				</ComposedBlock>
				<ComposedBlock ID="cblock_4" HPOS="165" VPOS="1432" WIDTH="829" HEIGHT="116">
					<TextBlock ID="block_3" HPOS="165" VPOS="1432" WIDTH="829" HEIGHT="116">
						<TextLine ID="line_38" HPOS="235" VPOS="1432" WIDTH="759" HEIGHT="31">
							<String ID="string_356" HPOS="235" VPOS="1432" WIDTH="36" HEIGHT="22" WC="0.92" CONTENT="Hr"/><SP WIDTH="15" VPOS="1432" HPOS="271"/>
							<String ID="string_357" HPOS="286" VPOS="1432" WIDTH="29" HEIGHT="22" WC="0.91" CONTENT="V."/><SP WIDTH="16" VPOS="1432" HPOS="315"/>
							<String ID="string_358" HPOS="331" VPOS="1441" WIDTH="41" HEIGHT="13" WC="0.96" CONTENT="von"/><SP WIDTH="21" VPOS="1441" HPOS="372"/>
							<String ID="string_359" HPOS="393" VPOS="1434" WIDTH="123" HEIGHT="29" WC="0.92" CONTENT="Wright"/><SP WIDTH="15" VPOS="1434" HPOS="516"/>
							<String ID="string_360" HPOS="531" VPOS="1434" WIDTH="98" HEIGHT="21" WC="0.93" CONTENT="anmälde"/><SP WIDTH="16" VPOS="1434" HPOS="629"/>
							<String ID="string_361" HPOS="645" VPOS="1434" WIDTH="12" HEIGHT="21" WC="0.92" CONTENT="å"/><SP WIDTH="15" VPOS="1434" HPOS="657"/>
							<String ID="string_362" HPOS="672" VPOS="1434" WIDTH="225" HEIGHT="21" WC="0.50" CONTENT="Fkonomiutskottets"/><SP WIDTH="16" VPOS="1434" HPOS="897"/>
							<String ID="string_363" HPOS="913" VPOS="1435" WIDTH="81" HEIGHT="26" WC="0.96" CONTENT="vägnar"/>
						</TextLine>
						<TextLine ID="line_39" HPOS="166" VPOS="1462" WIDTH="827" HEIGHT="29">
							<String ID="string_364" HPOS="166" VPOS="1464" WIDTH="32" HEIGHT="18" WC="0.94" CONTENT="att"/><SP WIDTH="14" VPOS="1464" HPOS="198"/>
							<String ID="string_365" HPOS="212" VPOS="1462" WIDTH="59" HEIGHT="21" WC="0.92" CONTENT="inom"/><SP WIDTH="19" VPOS="1462" HPOS="271"/>
							<String ID="string_366" HPOS="290" VPOS="1462" WIDTH="110" HEIGHT="22" WC="0.91" CONTENT="Utskottet"/><SP WIDTH="15" VPOS="1462" HPOS="400"/>
							<String ID="string_367" HPOS="415" VPOS="1463" WIDTH="67" HEIGHT="21" WC="0.92" CONTENT="behof"/><SP WIDTH="21" VPOS="1463" HPOS="482"/>
							<String ID="string_368" HPOS="503" VPOS="1463" WIDTH="98" HEIGHT="28" WC="0.92" CONTENT="uppstätt"/><SP WIDTH="24" VPOS="1463" HPOS="601"/>
							<String ID="string_369" HPOS="625" VPOS="1463" WIDTH="22" HEIGHT="21" WC="0.96" CONTENT="af"/><SP WIDTH="22" VPOS="1463" HPOS="647"/>
							<String ID="string_370" HPOS="669" VPOS="1471" WIDTH="26" HEIGHT="13" WC="0.92" CONTENT="en"/><SP WIDTH="25" VPOS="1471" HPOS="695"/>
							<String ID="string_371" HPOS="720" VPOS="1463" WIDTH="68" HEIGHT="28" WC="0.92" CONTENT="tredje"/><SP WIDTH="23" VPOS="1463" HPOS="788"/>
							<String ID="string_372" HPOS="811" VPOS="1463" WIDTH="113" HEIGHT="28" WC="0.91" CONTENT="suppleant"/><SP WIDTH="22" VPOS="1463" HPOS="924"/>
							<String ID="string_373" HPOS="946" VPOS="1462" WIDTH="47" HEIGHT="21" WC="0.91" CONTENT="frän"/>
						</TextLine>
						<TextLine ID="line_40" HPOS="165" VPOS="1489" WIDTH="829" HEIGHT="31">
							<String ID="string_374" HPOS="165" VPOS="1489" WIDTH="53" HEIGHT="22" WC="0.0" CONTENT="R."/><SP WIDTH="-22" VPOS="1489" HPOS="218"/>
							<String ID="string_375" HPOS="196" VPOS="1485" WIDTH="27" HEIGHT="39" WC="0.0" CONTENT="o."/><SP WIDTH="5" VPOS="1485" HPOS="223"/>
							<String ID="string_376" HPOS="228" VPOS="1490" WIDTH="34" HEIGHT="26" WC="0.71" CONTENT="A.,"/><SP WIDTH="10" VPOS="1490" HPOS="262"/>
							<String ID="string_377" HPOS="272" VPOS="1490" WIDTH="41" HEIGHT="21" WC="0.96" CONTENT="och"/><SP WIDTH="15" VPOS="1490" HPOS="313"/>
							<String ID="string_378" HPOS="328" VPOS="1490" WIDTH="66" HEIGHT="22" WC="0.96" CONTENT="sedan"/><SP WIDTH="16" VPOS="1490" HPOS="394"/>
							<String ID="string_379" HPOS="410" VPOS="1491" WIDTH="26" HEIGHT="21" WC="0.34" CONTENT="R."/><SP WIDTH="9" VPOS="1491" HPOS="436"/>
							<String ID="string_380" HPOS="445" VPOS="1499" WIDTH="18" HEIGHT="13" WC="0.34" CONTENT="o."/><SP WIDTH="9" VPOS="1499" HPOS="463"/>
							<String ID="string_381" HPOS="472" VPOS="1492" WIDTH="34" HEIGHT="26" WC="0.90" CONTENT="A.,"/><SP WIDTH="19" VPOS="1492" HPOS="506"/>
							<String ID="string_382" HPOS="525" VPOS="1491" WIDTH="28" HEIGHT="29" WC="0.97" CONTENT="pä"/><SP WIDTH="14" VPOS="1491" HPOS="553"/>
							<String ID="string_383" HPOS="567" VPOS="1491" WIDTH="158" HEIGHT="28" WC="0.96" CONTENT="framställning"/><SP WIDTH="15" VPOS="1491" HPOS="725"/>
							<String ID="string_384" HPOS="740" VPOS="1491" WIDTH="23" HEIGHT="21" WC="0.97" CONTENT="af"/><SP WIDTH="16" VPOS="1491" HPOS="763"/>
							<String ID="string_385" HPOS="779" VPOS="1491" WIDTH="33" HEIGHT="21" WC="0.93" CONTENT="Hr"/><SP WIDTH="8" VPOS="1491" HPOS="812"/>
							<String ID="string_386" HPOS="820" VPOS="1490" WIDTH="174" HEIGHT="22" WC="0.92" CONTENT="Landtmarskal-"/>
						</TextLine>
						<TextLine ID="line_41" HPOS="165" VPOS="1518" WIDTH="828" HEIGHT="30">
							<String ID="string_387" HPOS="165" VPOS="1518" WIDTH="49" HEIGHT="26" WC="0.93" CONTENT="ken,"/><SP WIDTH="22" VPOS="1518" HPOS="214"/>
							<String ID="string_388" HPOS="236" VPOS="1518" WIDTH="78" HEIGHT="22" WC="0.91" CONTENT="bifallit"/><SP WIDTH="15" VPOS="1518" HPOS="314"/>
							<String ID="string_389" HPOS="329" VPOS="1519" WIDTH="32" HEIGHT="21" WC="0.93" CONTENT="till"/><SP WIDTH="17" VPOS="1519" HPOS="361"/>
							<String ID="string_390" HPOS="378" VPOS="1520" WIDTH="103" HEIGHT="21" WC="0.93" CONTENT="utseende"/><SP WIDTH="15" VPOS="1520" HPOS="481"/>
							<String ID="string_391" HPOS="496" VPOS="1520" WIDTH="24" HEIGHT="21" WC="0.96" CONTENT="af"/><SP WIDTH="15" VPOS="1520" HPOS="520"/>
							<String ID="string_392" HPOS="535" VPOS="1527" WIDTH="27" HEIGHT="14" WC="0.93" CONTENT="en"/><SP WIDTH="15" VPOS="1527" HPOS="562"/>
							<String ID="string_393" HPOS="577" VPOS="1520" WIDTH="74" HEIGHT="26" WC="0.91" CONTENT="sädan,"/><SP WIDTH="15" VPOS="1520" HPOS="651"/>
							<String ID="string_394" HPOS="666" VPOS="1520" WIDTH="135" HEIGHT="28" WC="0.91" CONTENT="uppmanade"/><SP WIDTH="16" VPOS="1520" HPOS="801"/>
							<String ID="string_395" HPOS="817" VPOS="1520" WIDTH="34" HEIGHT="20" WC="0.93" CONTENT="Hr"/><SP WIDTH="15" VPOS="1520" HPOS="851"/>
							<String ID="string_396" HPOS="866" VPOS="1519" WIDTH="127" HEIGHT="22" WC="0.91" CONTENT="Landtmar-"/>
						</TextLine>
					</TextBlock>
				</ComposedBlock>
			</PrintSpace>
		</Page>
	</Layout>
</alto>
