1081 1786
397 131 196 21 Postsparbanken.
853 123 26 21 73

399 226 191 29 Postsparbanken.

149 285 35 20 Hr
194 284 206 21 Landtmarskalken
410 284 99 27 föredrog
520 291 24 13 en
556 284 46 20 frän
613 284 62 21 Hans
686 283 112 21 Excellens
807 282 102 21 General-

81 315 130 26 guvernören
235 313 76 21 anländ
334 312 118 27 skrifvelse,
474 319 44 14 som
542 313 7 20 i
572 312 76 21 svensk
665 312 154 27 öfversättning
834 318 37 14 var
887 310 22 21 af

82 342 93 28 följande
191 341 90 29 lydelse:

383 421 8 4 x
764 399 146 26 Öfversättning.

132 427 320 24 GENERALGUVERNOREN

286 474 8 15 I

238 507 108 20 FINLAND.

261 541 63 6 =
510 547 42 22 Till
569 547 57 21 Herr
641 546 206 22 Landtmarskalken
862 545 34 22 för

175 557 84 57 HELS
262 557 146 56 INGFORS.
555 575 160 29 Ridderskapet
729 575 40 22 och
785 575 75 21 Adeln.

223 599 24 17 25
261 600 84 16 Januari

171 616 40 17 Den
224 624 25 1 <<
293 624 56 1 =
370 616 55 17 1900.

237 628 10 16 6
255 624 100 21 Februari.

250 685 26 17 Jå
290 685 38 17 146.

152 736 111 28 Härjemte
286 736 33 21 fär
340 736 35 28 jag
397 736 33 21 till
452 736 57 21 Herr
524 736 103 28 Verklige
643 735 120 22 Statsrädet
779 734 132 26 öfversända,

84 765 34 21 för
137 768 32 18 att
184 764 158 29 Ridderskapet
356 764 40 22 och
412 764 70 22 Adeln
498 764 114 26 meddelas,
629 768 31 18 ett
674 764 71 28 tryckt
761 763 108 28 exemplar
899 762 12 22 pä

84 793 91 22 svenska
197 794 39 21 och
253 793 70 21 finska
338 793 90 28 spräken
444 793 22 21 af
481 794 115 20 relationen
612 800 33 14 om
660 792 194 29 postsparbankens
869 791 41 21 till-

84 822 72 26 ständ;
172 822 40 21 och
228 822 33 21 fär
275 822 34 28 jag
323 822 94 28 tillägga,
432 824 32 19 att
479 825 31 18 ett
525 822 134 28 erforderligt
674 822 56 20 antal
743 821 85 28 tryckta
841 827 69 14 exem-

83 851 47 28 plar
145 850 22 22 af
182 850 66 28 sagda
262 850 87 22 relation
366 850 94 22 kommer
475 851 7 20 i
498 851 66 20 sinom
579 850 31 21 tid
627 854 32 17 att
673 850 106 21 tillställas
794 850 34 20 för
843 848 68 22 utdel-

84 880 49 27 ning
149 879 65 21 bland
230 879 143 21 ledamöterna
388 879 23 20 af
426 878 158 29 Ridderskapet
599 878 38 22 och
655 878 75 21 Adeln.

154 936 90 21 Undert:
276 935 189 29 Generaladjutant
481 936 120 27 Bobrikoff.

152 993 141 28 Kontrasign:
323 996 15 18 t.
360 993 14 21 f.
390 993 172 21 Kanslidirektor
578 993 26 20 A.
621 1000 41 14 von
679 993 124 20 Minkiilz.

153 1045 112 26 Öfversatt
279 1050 33 21 af:
343 1050 26 21 A.
388 1050 114 28 Cajander.

154 1135 70 22 Sedan
240 1135 37 21 här
293 1136 125 21 antecknats
434 1138 32 19 att
481 1135 89 22 berörda
586 1135 87 21 relation
690 1135 71 21 blifvit
771 1135 65 22 bland
849 1134 62 22 Stän-

82 1164 47 21 dets
145 1164 137 21 medlemmar
297 1164 91 28 utdelad,
403 1164 109 21 lemnades
527 1163 28 29 pä
571 1163 89 29 begäran
676 1164 61 21 ordet
751 1163 22 22 ät

152 1220 34 21 Hr
201 1220 30 22 M.
247 1220 145 24 Schulman,
403 1228 44 14 som
458 1220 94 28 yttrade:
568 1220 48 21 Den
628 1222 77 19 största
716 1220 85 28 möjliga
811 1221 57 20 vinst
879 1220 34 20 för

82 1248 84 21 banken
182 1251 23 18 är
215 1249 122 28 visserligen
346 1249 47 21 icke
404 1249 38 20 det
451 1249 165 27 hufvudsakliga
626 1248 120 21 ändamälet
758 1249 33 20 för
804 1251 108 26 postspar-

82 1277 95 21 bankens
185 1277 141 25 verksamhet,
337 1285 47 13 men
400 1285 41 20 nog
456 1279 23 19 är
494 1277 36 21 det
545 1278 21 27 ju
582 1277 117 21 önskvärdt
709 1280 32 18 att
748 1277 83 21 banken
841 1276 72 21 sävidt

82 1305 83 28 möjligt
180 1305 67 22 skulle
263 1306 50 21 bära
323 1307 38 26 sig.
384 1306 41 21 Att
436 1306 22 21 så
467 1305 65 22 likväl
543 1305 47 22 icke
601 1305 76 22 hittills
687 1305 62 25 skett,
760 1305 60 22 torde
831 1305 33 21 till
875 1307 36 19 vä-

82 1334 77 28 sentlig
181 1334 35 21 del
234 1334 65 21 hafva
315 1335 70 20 berott
398 1334 29 28 pä
442 1334 41 21 den
499 1334 47 28 läga
561 1336 65 23 ränta,
642 1342 44 13 som
702 1334 93 21 erhällits
811 1334 34 20 för
860 1333 52 22 ban-

82 1362 51 21 kens
149 1362 33 21 till
198 1363 42 20 fast
255 1363 108 28 placering
377 1363 87 28 möjliga
480 1363 86 28 kapital.
595 1363 90 20 Jemlikt
701 1363 11 27 $
730 1364 25 19 15
771 1363 7 20 i
790 1362 122 28 Kejserliga

82 1391 150 28 förordningen
251 1391 22 21 af
288 1391 41 21 den
345 1393 27 19 24
388 1391 44 28 Maj
451 1392 55 20 1886
522 1391 80 28 äligger
617 1391 37 21 det
669 1391 243 28 postsparbanksstyrel-

82 1427 35 13 sen
142 1422 31 18 att
197 1419 130 22 öfverlemna
345 1419 59 22 detta
420 1419 82 29 kapital
516 1420 33 21 till
565 1420 152 21 statskontoret
731 1419 33 21 för
779 1419 110 28 placering
904 1419 7 20 i

82 1448 60 21 säkra
159 1448 153 21 räntebärande
327 1448 144 28 obligationer.
502 1448 75 28 Nägon
593 1456 67 13 annan
676 1450 65 25 utväg
755 1448 32 21 till
803 1447 109 22 fördelak-

81 1477 31 25 tig
135 1476 109 28 placering
260 1479 23 18 är
298 1477 17 20 ej
332 1477 88 25 tilläten,
436 1477 98 25 förutom,
543 1477 55 20 efter
613 1477 37 20 det
664 1476 101 21 särskildt
779 1476 74 27 nädigt
868 1475 46 21 till-

82 1504 61 22 stånd
160 1504 70 22 dertill
248 1485 113 46 utvérkats,
377 1504 95 29 utlåning
487 1505 32 21 till
536 1505 122 21 kommuner
672 1504 34 21 för
721 1504 155 28 befrämjandet
889 1504 23 20 af
