1081 1756
205 120 95 20 Gvinnas
313 120 44 17 rätt
369 121 32 16 att
412 120 122 17 handhafva
546 120 137 17 kommunala
695 120 102 20 uppdrag.
847 113 40 21 217

90 188 173 21 betraktelsesätt
285 196 63 20 synes
371 189 44 27 mig
437 188 66 28 något
524 188 133 21 främmande
676 188 35 21 för
726 187 37 22 det
778 189 42 20 sätt
835 191 31 18 att
881 187 36 21 be-

90 217 63 20 döma
169 217 169 27 samhällslifvet,
353 224 46 14 som
415 224 88 14 numera
519 216 66 22 borde
601 224 51 14 vara
667 216 38 21 det
719 216 88 21 allmänt
817 215 101 22 rädande.

90 245 73 21 Nekas
179 245 42 21 kan
238 245 105 28 nämligen
359 245 48 22 icke
423 248 31 18 att
470 245 283 28 kommunalförvaltningen
768 245 100 21 omfattar
881 252 36 13 an-

90 273 157 28 gelägenheter,
268 281 45 14 som
329 275 50 20 nära
397 274 75 21 beröra
486 274 81 27 ganska
584 273 57 22 olika
656 273 69 22 sfärer
740 273 47 22 utaf
801 273 117 21 samhället.

92 302 105 21 Stundom
220 302 38 21 har
273 309 47 14 man
337 305 32 18 att
383 304 53 26 göra
451 302 48 21 med
515 302 79 28 frägor,
610 309 46 14 som
672 302 123 28 antagligen
811 302 60 21 skola
886 302 31 21 in-

90 334 92 18 tressera
205 338 89 14 mannen
316 338 45 14 mer
379 333 26 18 än
423 332 101 27 gvinnan,
539 338 47 13 men
603 338 45 13 som
665 330 48 21 med
731 331 27 20 all
774 330 81 21 visshet
870 330 47 21 icke

90 359 66 21 heller
171 360 115 21 intressera
301 359 40 21 alla
357 361 55 26 män,
427 362 50 18 utan
494 359 77 21 endast
582 359 67 28 nägra
661 359 64 21 bland
737 359 54 21 dem.
813 359 104 21 Stundom

90 388 38 21 har
144 395 48 14 man
208 387 46 22 äter
269 391 31 18 att
314 389 53 27 göra
383 388 47 21 med
447 387 80 22 sädana
543 388 79 27 frägor,
637 395 46 14 som
699 387 52 22 höra
764 388 32 20 till
807 387 111 21 undervis-

90 416 174 28 ningsväsendet,
286 416 151 28 fattigvärden,
459 416 112 27 utdelning
592 417 24 20 af
638 416 155 21 subventioner
811 416 35 21 för
861 416 56 21 olika

90 445 124 27 föreningar
229 453 26 13 m.
271 453 25 13 m.
311 445 75 28 dylikt,
401 445 39 21 der
455 445 162 28 otvifvelaktigt
632 445 95 28 gvinliga
743 445 137 20 medlemmar
895 444 23 21 af

90 473 194 28 stadsfullmäktige
308 473 66 22 borde
395 474 72 21 kunna
491 473 28 29 pä
541 473 69 28 grund
632 474 24 20 af
670 481 55 20 egen
741 473 121 21 erfarenhet
877 473 40 21 och

91 502 80 21 inblick
188 502 76 27 pröfva
279 502 75 28 frägan
371 503 64 20 minst
450 502 44 21 lika
510 502 108 28 skickligt,
634 509 34 14 om
684 502 48 21 icke
747 501 128 28 skickligare
891 503 26 19 än

90 538 98 17 mannen,
203 531 86 20 hvilken
305 531 46 21 ofta
367 531 40 21 kan
422 538 51 14 vara
484 531 130 20 främmande
626 531 34 20 för
670 530 127 21 hithörande
808 530 110 21 samhälls-

92 559 71 21 behof.
192 559 44 21 Det
258 559 53 21 läter
332 561 33 26 sig
385 559 48 22 icke
454 561 52 26 göra
522 562 31 18 att
568 567 50 13 vare
634 560 33 27 sig
682 559 113 21 teoretiskt
810 559 51 21 eller
876 566 41 13 me-

91 588 45 21 dels
160 588 135 27 åberopande
318 588 23 21 af
364 588 110 28 praktiska
494 588 93 27 grunder
603 588 110 28 uppdraga
729 588 66 27 några
809 587 108 22 bestämda

90 617 127 27 gränslinier
239 617 34 20 för
295 619 30 18 att
349 617 85 20 utstaka
456 616 53 21 hvar
524 616 41 21 den
582 624 39 13 ena
637 616 41 21 och
694 616 41 21 den
751 616 66 21 andra
833 615 85 22 bildade

91 645 262 21 kommunalmedlemmen
377 645 41 21 kan
441 653 50 13 vara
510 646 108 27 nyttigast.
648 645 85 21 Endast
747 653 76 20 genom
840 646 77 19 största

91 673 86 29 möjliga
193 673 53 21 mätt
261 673 23 22 af
298 674 65 21 frihet
378 675 6 20 i
401 674 35 21 val
452 674 23 21 af
490 681 102 21 personer
607 674 42 21 kan
665 673 59 21 detta
740 673 91 29 gestalta
843 675 32 26 sig
888 673 29 26 sä,

91 705 31 18 att
144 702 41 21 alla
209 702 80 22 krafter
311 703 85 21 komma
419 702 28 29 pä
462 704 33 20 sin
511 704 55 19 rätta
582 703 61 27 plats.
673 702 96 21 Hvarför
785 704 21 19 vi
822 702 97 21 nödvän-

91 731 80 27 digtvis
193 731 65 21 borde
280 731 94 21 vidhålla
393 731 139 28 stadganden,
548 738 45 14 som
609 731 48 21 icke
673 731 51 21 fullt
739 731 93 21 erkänna
848 730 69 22 denna

90 760 72 26 frihet,
176 760 39 20 har
229 760 35 28 jag
279 759 23 21 sä
318 760 85 28 mycket
419 760 86 21 svärare
520 763 32 17 att
566 760 75 25 förstä,
656 767 47 14 som
720 760 61 27 ingen
798 760 41 20 kan
855 759 62 29 pästä

90 790 32 18 att
138 789 70 27 nägon
223 788 56 28 slags
297 788 54 21 väda
366 788 35 21 för
416 788 37 21 det
468 788 106 21 allmänna
590 788 71 21 kunde
675 788 78 28 uppstä
762 795 77 21 genom
850 788 67 21 refor-

91 824 54 14 men.
176 816 51 22 Man
247 816 38 22 har
299 820 66 25 yttrat
380 819 31 19 att
427 816 36 22 det
479 817 42 21 kan
537 817 96 21 medföra
649 824 26 14 en
692 818 49 20 svär
755 820 66 24 tunga
836 816 35 21 för
886 816 32 21 ät-

91 845 86 28 skilliga
191 846 96 27 gvinnor.
309 845 45 21 Det
369 847 24 19 är
407 846 22 27 ju
446 846 82 27 vänligt
543 845 40 21 och
598 846 147 20 sentimentalt
759 848 32 18 att
806 845 24 21 sä
845 852 73 14 reson-

91 881 57 19 nera,
164 881 48 14 men
228 874 37 20 det
279 876 23 19 är
317 874 47 20 frän
381 874 77 21 allmän
475 874 109 28 synpunkt
599 882 47 13 man
658 874 55 21 skall
723 877 50 25 taga
783 874 72 21 saken.
876 873 42 28 Jag

91 902 92 21 förbiser
198 902 48 21 icke
261 905 37 23 att,
313 910 33 13 om
363 902 113 21 valbarhet
490 903 139 21 tillerkännes
648 903 42 21 alla
706 902 100 28 myndiga
821 903 97 27 gvinnor,

91 931 66 21 ocksä
173 931 66 21 enkor
254 930 47 22 med
318 931 65 28 familj
400 931 72 21 kunna
490 931 66 21 blifva
572 931 159 21 underkastade
747 931 40 21 val.
818 931 51 21 Man
880 930 38 22 har

92 959 115 21 betecknat
229 959 59 21 detta
309 960 70 20 såsom
403 967 26 13 en
446 959 23 21 sä
484 960 50 21 svår
549 963 71 24 tunga,
636 963 32 17 att
682 967 48 13 man
746 959 65 21 redan
827 960 34 20 för
876 959 41 21 den

91 988 56 20 skull
163 988 47 21 icke
227 988 65 21 borde
307 991 50 25 taga
372 991 23 18 ut
411 988 59 21 detta
486 991 52 25 steg.
562 988 42 28 Jag
619 992 45 17 tror
679 989 34 20 för
728 989 42 20 min
787 988 35 21 del
837 990 31 18 att
883 995 35 13 om

92 1024 25 13 en
140 1017 61 26 enka,
223 1024 44 13 som
290 1016 44 21 helt
357 1016 41 22 och
421 1016 66 22 hållet
502 1020 64 24 egnat
581 1018 32 26 sig
629 1017 23 21 åt
666 1018 47 20 sina
730 1017 63 21 barns
809 1016 52 21 vård
878 1016 40 22 och

91 1045 134 28 uppfostran,
248 1045 140 28 ovilkorligen
413 1045 103 21 behöfves
539 1046 33 20 för
595 1045 59 21 detta
674 1045 105 26 ändamäl,
794 1045 41 21 hon
852 1044 66 22 ocksä

91 1073 67 21 håller
183 1074 34 27 sig
231 1074 24 20 sä
270 1074 78 28 fjärran
365 1074 47 20 från
429 1074 37 20 det
481 1074 134 20 kommunala
631 1074 64 21 lifvet
709 1077 31 18 att
755 1074 42 21 hon
813 1074 47 21 icke
876 1074 41 20 kan

92 1102 68 21 blifva
176 1102 99 28 uppstäld
291 1102 70 21 såsom
377 1102 104 21 kandidat
496 1102 34 21 för
546 1102 136 21 kommunala
698 1103 40 21 val.
769 1102 51 21 Men
835 1103 36 27 jag
881 1102 37 21 vä-

90 1138 40 19 gar
144 1131 69 21 tillika
228 1130 62 29 pästä
304 1134 32 18 att
351 1131 41 21 den
408 1131 64 21 svära
487 1134 72 24 tunga,
574 1131 88 21 hvarom
676 1139 47 13 man
734 1131 60 27 talar,
803 1130 56 22 dock
870 1130 48 21 icke

91 1161 23 18 är
136 1159 24 21 sä
183 1159 87 21 alldeles
293 1159 54 26 svär,
370 1162 23 25 ty
416 1160 63 27 eljest
501 1167 51 13 vore
573 1159 37 21 det
624 1160 22 28 ju
662 1160 48 20 icke
725 1160 84 28 möjligt
823 1162 32 18 att
869 1158 50 22 med

91 1188 132 20 kommunalt
247 1188 71 21 arbete
343 1188 81 21 belasta
442 1188 24 21 sä
482 1188 76 28 mänga
574 1188 245 26 samhällsmedlemmar,
834 1187 84 21 hvilkas

91 1216 102 28 speciella
215 1216 72 21 arbete
310 1217 5 19 i
333 1216 158 28 vetenskapens
506 1217 71 27 tjenst,
592 1218 7 19 i
614 1216 88 28 ledning
717 1216 23 21 af
754 1216 77 21 affärer
846 1216 51 21 eller
912 1217 6 19 i

91 1244 66 21 andra
179 1244 116 22 afseenden
319 1246 23 20 är
363 1245 24 21 af
409 1245 68 21 sädan
501 1245 115 28 betydelse,
632 1248 31 18 att
679 1245 72 28 hvarje
767 1244 63 22 stund
847 1246 23 19 är
884 1244 35 21 för

92 1272 117 22 detsamma
225 1273 84 28 dyrbar,
324 1281 48 13 men
388 1273 56 22 ändä
460 1274 38 21 har
513 1281 47 14 man
576 1274 47 21 icke
634 1274 75 21 tvekat
719 1277 31 18 att
758 1274 63 27 lägga
832 1274 27 27 pä
870 1273 47 21 dem

92 1301 169 28 medborgerliga
277 1302 147 28 skyldigheter
440 1303 5 20 i
462 1302 134 21 kommunen.
622 1303 70 20 Dessa
707 1304 36 19 äro
759 1303 48 20 icke
823 1310 25 13 en
865 1302 54 21 fort-

91 1330 93 28 löpande
208 1331 140 25 verksamhet,
371 1331 27 20 de
414 1331 86 28 päkalla
516 1331 75 21 endast
606 1334 32 17 ett
652 1331 123 28 sporadiskt
790 1330 129 28 deltagande

91 1359 5 20 i
113 1359 186 28 öfverläggningar
314 1359 41 21 och
372 1359 74 21 beslut.

160 1387 41 28 Jag
225 1387 80 28 hoppas
329 1387 122 28 härigenom
473 1388 78 28 tydligt
566 1388 65 21 hafva
646 1387 120 28 ådagalagt,
781 1387 88 22 hvarför
882 1388 41 27 jag

92 1415 67 21 måste
175 1423 23 14 se
214 1415 27 28 pä
257 1416 62 21 dessa
335 1416 73 27 frågor
424 1416 132 21 annorlunda
572 1418 26 19 än
614 1416 57 21 Frih.
686 1417 26 21 R.
729 1418 24 19 A.
772 1416 83 21 Wrede.

161 1472 34 21 Hr
217 1472 25 21 af
265 1472 156 22 Forselies:
451 1473 53 21 Med
527 1473 102 21 afseende
649 1473 13 21 å
677 1473 37 21 det
737 1474 32 27 jag
791 1475 73 18 ämnat
886 1475 33 18 ut-

91 1501 43 20 tala
157 1501 38 20 har
215 1501 36 28 jag
274 1501 71 21 blifvit
370 1502 3 19 i
397 1501 86 28 mycket
506 1501 145 21 förekommen
676 1501 23 21 af
720 1501 57 21 Frih.
803 1500 84 27 Wrede,
912 1501 6 20 i
