1084 1792
211 121 26 20 16
451 127 24 16 R.
488 132 18 11 o.
519 128 25 16 A.
558 127 63 17 1900.
646 128 28 16 26
686 128 48 17 Jan.

182 194 123 22 valtaisesta
327 196 115 27 tasajaosta
465 196 57 20 eivät
545 196 33 21 ole
601 196 66 21 täällä
689 199 87 19 saaneet
799 196 115 28 jalansijaa.
949 196 61 21 Kan-

180 230 80 14 samme
275 226 60 18 terve
350 224 54 28 järki
420 232 27 13 on
463 227 155 19 sammuttanut
634 232 42 14 nuo
693 224 121 26 virvatulet,
825 232 27 14 on
864 224 147 22 karkoittanut

182 258 26 14 ne
223 251 69 22 siihen
307 252 92 29 pahojen
417 253 143 21 tarkoitusten
577 254 131 28 pimentoon,
723 254 56 28 josta
795 261 26 13 ne
837 256 51 19 ovat
904 253 106 21 liikkeelle

182 280 113 21 lähteneet.

249 309 121 22 Terveiden
385 310 209 28 yhteiskuntaolojen
611 310 194 28 luotettavimpana
820 310 190 21 tunnusmerkkinä

180 344 27 14 on
231 338 48 21 aina
301 338 54 21 ollut
378 346 23 14 se
420 339 81 26 seikka,
519 341 44 19 että
580 339 131 21 kansalaiset
727 338 185 29 vapaaehtoisesta
928 338 81 22 harras-

179 366 98 21 tuksesta
293 368 133 27 tarjoutuvat
436 368 93 28 yhteistä
540 368 71 28 hyvää
628 368 154 28 palvelemaan.
806 367 118 21 Sellaisella
933 374 78 21 vapaa-

181 394 110 22 ehtoisella
320 396 172 28 kansalaistyöllä
524 404 28 13 on
581 396 116 21 Suomessa
724 396 80 21 vanhat
830 396 180 21 traditsiooninsa.

182 423 235 29 Kehityshistoriamme
434 426 143 20 kauneimmat
592 425 74 21 lehdet
682 426 99 20 kertovat
796 426 49 20 siitä
860 426 76 27 työstä.
958 424 52 22 Rin-

181 452 93 21 nakkain
290 454 70 20 tämän
377 454 71 20 ilmiön
465 454 79 20 kanssa
560 461 27 13 on
604 454 136 20 kansaamme
757 454 110 27 juurtunut
883 454 59 21 selvä
954 454 55 20 käsi-

182 484 34 22 tys
238 480 138 22 humaanisen
401 482 166 21 lainsäädännön
596 482 74 21 kautta
693 483 125 27 järjestetyn
843 482 166 25 kokoontumis-,

182 509 66 28 puhe-
262 510 21 28 ja
298 510 178 29 painovapauden
496 511 254 28 välttämättömyydestä.
781 511 68 21 Missä
863 511 94 21 sellaista
973 518 36 14 va-

182 541 74 25 pautta
278 540 18 19 ei
319 539 32 21 ole
375 540 110 24 olemassa,
507 540 54 20 siinä
584 543 88 17 taantuu
693 539 210 29 yhteiskunnallinen
919 539 90 28 kehitys,

181 567 54 20 siinä
258 574 95 14 sammuu
370 568 215 21 kansalaisharrastus
601 569 21 27 ja
637 568 125 21 siveellinen
779 568 37 21 tila
832 568 79 21 alenee.
941 568 68 20 Julki-

180 602 41 14 nen
244 595 145 22 diskussiooni
412 604 27 14 on
462 597 103 21 totuuden
590 604 63 21 paras
676 598 112 25 asetoveri,
817 597 191 27 väärinkäsitysten

180 624 117 21 tehokkain
313 625 103 28 oikaisija.
694 641 2 2 :

249 652 238 23 Vastustamattomalla
509 654 100 21 voimalla
633 654 82 21 tulevat
738 656 62 19 nämä
823 655 96 20 mietteet
941 653 68 28 nyky-

180 681 93 21 hetkenä
289 682 95 21 mieleen.
414 683 142 28 Pappissääty
580 690 28 14 on
627 684 48 20 aina
698 684 86 27 pitänyt
799 682 210 21 Korkean-arvoisaa

179 710 118 21 Ritaristoa
319 711 21 27 ja
363 712 86 20 Aatelia
465 711 76 21 näiden
558 712 110 20 aatteiden
683 712 71 28 jalona
769 712 21 27 ja
806 712 135 20 innokkaana
957 711 52 21 kan-

180 739 114 28 nattajana.
324 739 142 29 Pappissääty
481 740 75 21 tahtoo
572 740 75 21 lausua
663 747 105 14 maamme
784 740 163 21 ensimmäiselle
962 741 46 19 sää-

179 766 57 29 dylle
252 770 67 26 syvän
336 768 192 22 kunnioituksensa
544 769 48 20 siitä
610 769 160 21 tarmokkaasta
785 772 90 22 tavasta,
887 768 57 21 millä
952 770 56 18 tämä

180 797 59 27 sääty
263 797 48 20 aina
326 804 27 13 on
370 798 99 20 esi-isiltä
483 798 91 28 perittyä
589 798 316 28 yhteiskuutajärjestystämme
922 797 86 28 puolus-

179 827 67 18 tanut.
275 824 27 22 Ja
317 825 142 29 Pappissääty
483 827 78 27 pyytää
584 826 113 21 sulkeutua
718 826 213 21 Korkean-arvoisan
947 825 61 21 Rita-

179 853 67 21 riston
262 854 20 27 ja
297 854 86 21 Aatelin
399 855 151 27 ystävälliseen
568 856 120 20 suosioon.»

250 939 33 21 Hr
305 940 207 21 Landtmarskalken
536 941 118 20 besvarade
677 941 13 20 å
711 941 26 20 R.
756 947 18 14 o.
791 940 37 21 A:s
845 942 79 25 vägnar
939 939 70 22 denna

179 967 99 29 helsning
293 968 47 21 med
357 969 95 28 följande
468 969 41 21 tal:

249 1026 20 20 A
290 1026 25 21 R.
339 1033 18 14 o.
381 1027 38 20 A:s
441 1028 80 26 vägnar
541 1027 35 20 får
590 1027 36 27 jag
642 1027 120 28 uppriktigt
777 1026 63 21 tacka
856 1026 152 28 deputationen

179 1053 35 21 för
236 1054 41 21 den
302 1062 27 13 nu
353 1055 118 21 framförda
495 1055 126 28 helsningen
646 1055 41 21 och
702 1055 27 21 de
746 1055 74 20 dervid
837 1055 84 28 yttrade
938 1061 71 14 varma

179 1082 41 21 och
236 1083 127 28 högstämda
385 1083 71 22 orden.
487 1083 12 21 I
514 1083 56 22 hvad
587 1083 155 29 deputationen
758 1083 95 27 anförde,
870 1084 5 19 i
892 1083 26 20 de
933 1083 76 20 allvar-

179 1111 43 27 liga
244 1111 77 21 tankar
344 1111 41 22 och
402 1112 91 27 känslor,
509 1119 44 14 som
570 1112 46 21 deri
632 1113 56 27 fingo
705 1112 93 28 uttryck,
812 1119 35 14 ser
861 1112 26 21 R.
903 1119 18 13 o.
937 1113 26 19 A.
979 1114 29 18 ett

178 1143 101 24 gynsamt
299 1140 92 21 förebud
415 1141 34 20 för
469 1144 30 17 ett
514 1141 53 28 godt
582 1141 121 21 samarbete
720 1141 36 20 vid
773 1141 36 20 det
824 1148 29 13 nu
869 1139 140 29 begynnande

179 1168 160 21 ständermötet.
377 1169 66 21 Olika
465 1169 84 28 äsigter,
572 1169 172 28 skiljaktigheter
768 1170 6 19 i
799 1169 163 28 uppfattningen
987 1169 22 20 af

180 1197 57 20 vissa
254 1197 205 28 samhällsspörsmä]
475 1198 60 21 skola
551 1202 51 17 utan
618 1198 78 21 tvifvel
712 1205 28 14 nu
757 1197 71 22 såsom
844 1197 45 21 ofta
902 1197 106 20 tillförene

179 1225 117 21 framträda
311 1226 78 21 mellan
411 1227 26 20 de
453 1226 69 21 skilda
538 1226 98 26 ständen,
653 1226 107 21 beroende
777 1226 68 21 delvis
862 1225 28 28 pä
905 1225 56 21 olika
977 1228 32 18 art

179 1254 22 20 af
224 1253 158 28 medborgerlig
404 1255 137 21 verksamhet
557 1255 41 21 och
614 1255 107 21 derunder
737 1262 86 13 vunnen
840 1254 169 25 lifserfarenhet;

180 1289 47 14 men
252 1290 33 13 om
310 1283 67 21 ocksä
399 1283 118 21 ärendenas
533 1283 133 28 behandling
681 1283 125 28 derigenom
822 1282 128 28 nägongäng
965 1283 44 20 för-

179 1311 78 28 dröjes,
278 1311 25 21 sä
323 1312 42 20 kan
389 1313 110 20 resultatet
522 1313 78 20 endast
618 1314 66 19 vinna
699 1312 28 28 pä
742 1312 42 21 den
801 1311 155 28 mängsidigare
973 1311 36 20 be-

179 1339 87 28 lysning
281 1340 40 21 och
337 1347 148 21 noggrannare
500 1341 108 28 pröfniog,
624 1348 46 13 som
686 1340 62 21 deraf
764 1340 129 21 föranledes.
914 1340 11 20 I
935 1339 73 28 hvarje

179 1367 38 21 fall
241 1369 67 25 skola,
331 1368 73 21 derom
420 1371 36 19 äro
472 1370 20 20 vi
509 1369 149 28 öfvertygade,
674 1369 27 21 de
717 1368 230 28 meningsbrytningar,
963 1375 45 14 som

179 1396 144 29 tilläfventyrs
343 1397 133 22 förekomma
493 1399 5 19 i
515 1405 26 14 en
558 1398 52 21 eller
625 1392 75 37 annans
706 1397 73 28 fråga,
794 1397 48 21 icke
857 1396 70 21 förmå
941 1396 68 21 rubba

180 1424 40 21 den
245 1425 87 28 enighet
355 1427 5 19 i
385 1426 152 21 fosterlandets
562 1427 116 27 vigtigaste
699 1425 186 28 angelägenheter,
900 1432 45 14 som
961 1425 48 20 här-

179 1453 100 22 förinnan
303 1454 27 28 på
353 1457 31 18 ett
407 1455 24 20 så
446 1455 135 28 oförtydbart
596 1457 44 18 sätt
654 1455 66 28 gifvit
736 1455 34 27 sig
785 1454 103 21 tillkänna
904 1455 57 19 inom
976 1461 32 12 re-

180 1483 173 26 presentationen
376 1484 6 19 i
399 1483 48 21 dess
463 1483 71 21 helhet
556 1483 41 21 och
623 1491 45 13 som
687 1485 63 26 utgör
766 1483 49 20 dess
831 1483 78 27 styrka.
939 1481 11 21 I
965 1481 44 21 för-

179 1510 81 21 litande
271 1511 67 28 härpå
353 1511 96 22 anhåller
467 1512 25 21 R.
508 1520 18 13 v.
541 1513 27 20 A.
584 1515 32 18 att
631 1512 154 28 deputationen
802 1511 49 21 ville
867 1511 32 20 till
908 1510 100 28 Högvör-
