1081 1792
309 128 175 19 Missriktningar
499 128 8 16 i
518 128 165 20 förvaltningen.

840 121 39 20 111

79 196 38 20 har
139 195 75 21 härvid
231 195 110 21 befunnits
365 203 50 13 vara
431 195 41 21 den
495 195 134 29 lämpligaste
653 196 90 25 formen,
758 195 41 21 och
814 195 93 27 mången

80 224 102 22 väckelse
205 226 31 19 att
258 224 53 21 söka
333 224 74 21 vidare
423 224 102 27 framsteg
541 225 6 19 i
565 224 80 21 bildning
676 224 39 21 har
729 224 123 27 härigenom
866 223 43 28 gif-

80 253 48 21 vits.
158 253 34 21 De
216 252 111 21 tillernade
351 252 126 28 åtgärderna
499 252 35 21 för
556 255 32 18 att
605 252 76 21 hindra
698 255 31 19 ett
743 252 77 22 sådant
836 253 72 20 arbete

80 281 61 21 skola
163 281 120 27 säkerligen
305 282 49 19 icke
377 281 72 20 kunna
472 281 23 20 af
517 281 152 28 befolkningen
685 281 66 21 fattas
767 281 70 21 såsom
852 281 57 20 före-

80 309 100 22 stafvade
196 309 22 21 af
234 309 108 28 välvilliga
357 310 95 26 afsigter.

149 339 52 20 Man
218 337 54 22 skall
287 339 92 20 tvärtom
395 335 46 24 däri
457 345 22 14 se
495 341 32 18 ett
542 338 85 27 uttryck
643 338 24 21 af
681 345 81 14 samma
773 342 79 25 system
863 345 45 14 som

79 367 66 21 redan
166 367 8 20 i
197 366 37 21 det
254 366 131 28 föregående
403 366 104 29 påpekats
523 367 41 21 och
580 366 83 22 hvilket
677 366 43 21 fått
735 367 31 21 sin
783 370 55 18 mest
852 366 56 21 radi-

81 395 48 22 kala
152 395 135 28 tillämpning
303 396 6 19 i
325 395 133 28 förföljelsen
474 398 45 18 mot
534 395 83 21 landets
633 395 164 28 tidningspress,
812 395 96 28 hvarige-

81 431 48 14 nom
145 423 48 22 icke
209 403 55 42 blott
279 431 99 20 pressens
394 423 73 22 arbete
483 424 6 20 i
505 423 152 22 fosterlandets
673 424 82 28 tjenst
749 419 12 37 i
768 424 75 28 högsta
856 423 52 28 grad

80 452 124 27 försvårats,
231 455 51 18 utan
308 452 41 21 ock
376 452 154 21 allmänhetens
558 452 132 28 berättigade
713 453 104 21 intressen
841 452 67 21 trädts

80 481 34 20 för
129 482 43 20 när.

149 509 84 22 Endast
248 510 7 20 i
270 509 61 21 korta
347 509 53 28 drag
415 509 65 21 hafva
496 511 21 20 vi
533 510 38 21 här
585 510 89 21 tecknat
695 510 40 21 den
756 509 152 29 systemförän-

80 538 63 28 dring
152 545 44 14 som
213 538 49 21 sökt
276 540 51 26 göra
343 539 33 27 sig
390 538 100 27 gällande
505 539 6 20 i
528 539 81 27 vigtiga
625 538 59 21 delar
699 539 23 20 af
738 538 168 28 förvaltningens

81 567 115 28 uppgifter.
234 567 30 21 Vi
290 567 88 28 utbedja
403 574 35 14 oss
465 567 109 21 vördsamt
597 567 23 21 få
639 567 80 21 föreslå
739 570 31 18 att
789 567 119 21 Ständerna

80 591 70 58 mätte
162 595 38 22 hos
216 595 62 22 Hans
295 595 120 28 Kejserliga
431 595 102 28 Majestät
547 603 78 20 genom
637 603 26 14 en
675 595 133 28 underdånig
818 595 89 29 petition

80 631 85 14 anhålla

355 665 35 20 det
408 665 79 21 täcktes
503 665 64 21 Hans
583 665 122 27 Kejserliga
721 665 104 27 Majestät
840 664 9 21 i
864 664 42 21 nå-

287 693 38 21 der
348 693 89 28 vidtaga
461 693 85 22 sådana
561 693 108 28 åtgärder,
684 700 47 14 som
745 693 113 27 erfordras
872 693 38 27 för

287 724 33 19 att
343 721 111 22 Finlands
473 723 50 20 inre
543 722 139 27 förvaltning
697 722 20 27 ej
731 722 38 21 må
785 722 58 21 ledas
858 721 9 21 i
882 728 26 14 en

287 751 101 27 riktning
411 751 88 21 stående
521 751 10 20 i
553 751 57 20 strid
631 751 50 20 med
696 751 83 20 landets
793 751 63 26 lagar
870 750 39 21 och

288 779 47 21 med
350 779 25 21 de
389 780 144 27 grundsatser
547 779 75 21 hvilka
633 779 151 27 härförinnan
795 779 59 21 varit
862 779 47 27 gäl-

289 808 63 21 lande
367 809 10 19 i
389 808 102 27 afseende
505 809 15 20 å
534 808 243 27 samhällsordningens
789 807 121 28 tryggande

288 837 37 20 och
342 837 166 27 medborgarnes
523 837 175 27 allmännyttiga
713 836 141 21 verksamhet.

151 893 138 27 Helsingfors
305 893 41 21 den
363 894 11 20 7
390 893 105 21 Februari
511 894 61 20 1900.

84 950 25 21 G.
128 950 38 21 Ph.
185 950 84 22 Creutz.
411 950 48 21 Otto
482 951 76 21 Wrede.
646 951 56 20 Axel
720 950 145 22 Cedercreutz.

84 978 20 21 C.
122 978 117 22 Cronstedt.
407 979 30 21 H.
456 979 116 21 Rosenlew.
646 979 21 21 C.
683 979 26 21 G.
727 979 179 27 Standertskjöld.

81 1007 37 27 Hj.
137 1007 90 22 Schildt.
406 1008 27 21 E.
451 1015 18 13 v.
486 1008 133 21 Haartman.
645 1008 25 20 L.
685 1008 115 21 Mechelin.

405 1036 21 21 J.
443 1037 30 27 af
484 1036 115 28 Lindfors.

149 1087 63 21 Efter
227 1087 142 29 uppläsandet
384 1088 62 20 häraf
461 1088 74 20 tillade

150 1138 33 22 Hr
198 1138 24 22 L.
238 1139 140 21 Mechelin:
409 1139 44 21 Det
477 1139 71 21 kunde
572 1146 62 14 anses
656 1139 71 28 äligga
743 1140 166 27 petitionärerna

80 1170 32 18 att
132 1167 77 28 sjelfva
232 1169 52 26 göra
305 1168 82 27 förslag
408 1167 111 28 angående
542 1167 36 21 det
601 1168 88 27 utskott,
705 1168 31 21 till
752 1168 83 21 hvilket
850 1167 59 21 detta

81 1196 109 21 memorial
206 1196 65 21 borde
287 1197 124 20 remitteras.
443 1196 35 21 Dä
493 1196 118 21 emellertid
628 1196 36 21 vid
681 1199 84 19 senaste
781 1196 85 28 plenum
878 1198 31 18 ett

80 1227 66 18 annat
168 1225 115 25 memorial,
304 1224 36 22 det
356 1224 112 28 angäende
485 1226 160 26 pressregimen,
662 1225 70 21 blifvit
748 1225 114 27 bordlagdt
877 1224 31 21 till

80 1253 67 21 första
163 1254 85 27 plenum
264 1255 60 19 nästa
341 1254 68 20 vecka
425 1253 102 21 särskildt
542 1254 6 20 i
564 1253 104 26 ändamål,
684 1256 32 18 att
731 1261 47 13 man
794 1253 67 21 måtte
876 1252 33 21 till

80 1281 50 21 dess
153 1281 72 21 kunna
247 1282 121 28 öfverväga,
391 1282 88 21 hvilken
503 1282 118 28 beredning
638 1282 65 21 borde
719 1282 95 26 föresläs,
830 1281 80 21 tilläter

79 1310 36 28 jag
137 1311 44 27 mig
201 1310 116 26 hemställa,
339 1318 34 13 om
389 1310 37 21 det
441 1310 49 22 icke
505 1318 52 14 vore
572 1310 135 28 följdriktigt,
723 1314 30 18 att
769 1311 65 21 äfven
850 1310 59 21 detta

80 1339 108 21 memorial
204 1339 72 21 blefve
292 1338 115 28 bordlagdt
421 1339 32 21 till
469 1339 68 21 första
552 1339 86 28 plenum
654 1340 7 20 i
676 1341 61 19 nästa
753 1339 73 22 vecka.

148 1390 211 28 Petitionsförslaget
374 1390 115 22 bordlades
504 1391 31 20 till
552 1392 60 20 nästa
627 1391 92 28 plenum.

148 1487 43 21 Till
214 1495 80 13 samma
317 1488 85 27 plenum
427 1488 114 21 bordlades
564 1490 31 19 ett
617 1488 22 21 af
661 1488 44 21 Hrr
720 1489 68 20 Aatos
804 1487 106 22 Schildt

80 1516 40 21 och
136 1515 56 22 Emil
208 1515 22 22 af
245 1515 146 22 Hällström
407 1515 94 28 ingifvet
515 1516 184 28 petitionsförslag
712 1517 6 20 i
729 1515 111 22 enahanda
851 1515 58 29 syfte
