1084 1800
203 130 41 21 318
443 138 24 17 R.
481 143 17 13 o:
511 139 22 16 A.
546 139 63 17 1900.
633 139 14 17 3
658 139 68 20 April.

173 207 33 18 ter
228 203 41 22 och
293 200 113 58 uppgifter.
433 206 71 22 Dessa
527 206 162 29 konseqvenser
712 207 40 21 och
774 207 28 21 de
823 206 119 30 yrkanden,
957 214 46 14 som

173 231 68 29 derpå
262 236 109 24 grundats,
394 234 65 22 hafva:
483 235 60 21 alltid
558 236 48 27 gått
620 238 25 19 ut
659 236 29 28 på
703 236 42 21 den
761 236 66 26 läran;
841 238 33 19 att
889 235 38 21 det
940 235 64 22 råder

174 268 26 14 en
224 260 96 23 bestämd
343 262 91 22 konflikt
448 263 53 21 eller
515 264 115 28 stridighet
648 264 90 22 emellan
761 264 120 29 Rysslands
898 265 104 21 intressen

173 289 41 22 och
236 289 105 23 Finlands
363 292 48 26 rätt,
430 299 26 14 en
480 293 95 27 opinion,
597 293 88 21 hvilken
709 296 99 25 nogsamt
830 292 72 22 funnit
914 293 90 21 reflexer

173 318 64 21 äfven
252 319 7 20 i
276 318 99 22 officiella
397 320 133 28 handlingar,
552 324 14 18 t.
583 328 33 15 ex.
634 322 3 20 i
653 321 56 27 dem,
732 322 74 21 hvilka
828 321 71 22 såsom
921 321 83 28 bilagor

172 346 91 29 åtföljde
286 347 27 21 de
335 348 77 28 nådiga
430 350 185 27 propositionerna
631 350 31 21 till
680 351 55 21 1899
751 350 34 21 års
801 351 77 20 urtima
894 350 109 28 landtdag,

173 375 68 21 ehuru.
263 375 38 22 der
321 376 48 22 icke
391 377 102 22 särskildt
509 386 39 13 var
562 378 62 28 fråga
640 386 34 14 om
690 378 313 29 generalguvernörsembetets

172 404 66 21 civila
255 405 114 28 uppgifter.

241 433 41 21 Att
297 441 26 13 en
339 434 90 21 konflikt
442 435 78 21 mellan
536 435 105 22 Finlands
657 438 42 19 rätt
714 436 40 21 och
771 436 120 28 Rysslands
904 436 97 27 verkliga

171 461 106 22 intressen
300 462 48 21 icke
371 463 6 20 i
395 463 98 27 grunden
516 464 122 26 förefinnes,
660 463 60 22 detta
742 466 24 19 är
789 464 66 28 något
876 471 45 14 som
945 464 58 21 väl
988 457 18 39 i

171 490 70 21 sinom
266 489 30 22 tid
320 490 54 22 skall
395 491 47 22 med
465 493 131 27 sanningens
620 500 53 21 egen
696 493 61 21 makt
778 494 52 27 göra
849 493 34 28 sig
897 492 105 29 gällande.

171 517 127 23 Emellertid
321 520 56 28 röjer
399 521 32 27 sig
453 521 32 21 uti
501 521 37 21 det
553 521 88 22 alldeles
657 521 101 29 speciella
774 521 44 26 fall,
833 521 89 22 hvarom
937 522 6 20 i
959 521 44 28 dag

172 548 24 20 är
217 547 68 28 fråga,
308 555 25 14 en
357 552 88 18 motsatt
467 549 127 29 åskådning.
624 550 52 21 Man
693 550 38 21 har
746 550 96 29 tydligen
858 550 58 21 velat
931 549 28 29 på
973 549 28 21 de

171 575 50 27 håll,
236 575 49 22 från
300 576 73 22 hvilka
388 577 103 29 åtgärden
507 578 124 29 upprepade
646 579 82 28 gånger
743 579 143 26 solliciterats,
902 579 64 21 vinna
979 578 25 21 åt

172 604 241 29 Generalguvernörens
434 607 102 28 ställning
559 607 39 21 här
616 607 70 29 någon
702 615 71 13 annan
790 607 110 29 betydelse
915 609 27 19 än
958 606 42 22 den

171 633 114 28 rätteligen
308 634 43 22 har.
381 634 52 22 Man
456 635 38 21 har
516 636 58 21 velat
596 638 52 26 göra
669 636 77 22 honom
762 636 33 21 till
810 643 27 14 en
852 638 150 26 representant

171 661 35 22 för
221 661 43 22 den
280 670 41 20 nya
336 663 102 28 politiska
452 664 102 28 riktning,
564 672 46 14 som
626 664 48 22 med
692 665 65 28 ovilja
772 664 110 22 betraktar
896 664 103 22 Finlands

170 690 46 22 inre
232 691 178 29 sjelfständighet.

239 719 46 22 Det
307 720 66 22 borde
393 720 56 22 dock
465 721 34 21 för
514 721 74 29 hvarje
604 722 96 28 objektiv
716 722 119 28 iakttagare
851 729 51 14 vara
918 729 82 14 uppen-

170 746 54 28 bart,
247 750 33 19 att
299 749 22 28 ju
339 749 67 22 bättre
422 750 230 28 Generalguvernören
668 750 66 22 fattar
749 750 41 22 och
806 750 100 28 bidrager
921 750 23 21 till
968 753 32 18 att

168 776 72 28 stödja
262 776 103 23 Finlands
387 780 42 19 rätt
452 778 41 22 och
515 780 50 20 dess
588 779 116 21 nationella
723 779 147 27 sträfvanden,
894 779 19 21 ju
930 778 69 22 bättre

168 804 43 22 han
232 805 80 21 förstår
331 809 32 18 att
377 807 6 21 i
399 807 27 21 all
448 808 33 20 sin
501 808 143 25 verksamhet,
658 808 48 21 sina
721 807 125 21 utlåtanden
863 814 25 14 och
919 807 81 28 förslag

169 833 132 29 ådagalägga
317 834 41 22 den
374 835 71 27 oväld,
459 836 125 28 högsinthet
599 836 41 22 och
655 836 94 28 välvilja,
764 843 45 14 som
825 836 40 21 hör
880 836 32 21 till
923 836 76 28 styrel-

168 862 123 22 semaktens
314 864 100 26 väsende,
435 865 22 27 ju
479 872 45 14 mer
542 865 42 21 han
600 864 90 22 sålunda
706 865 109 21 tillvinner
829 865 34 27 sig
879 864 36 22 det
930 864 68 22 finska

169 890 81 22 folkets
265 891 133 29 högaktning
413 893 40 21 och
469 893 120 26 förtoende,
604 894 6 20 i
626 893 62 21 desto
704 894 66 27 högre
785 893 54 28 grad
853 893 88 28 främjar
955 893 42 21 han

169 919 67 21 också
250 919 120 29 Rysslands
386 922 110 21 intressen.
521 922 11 21 I
548 922 41 21 den
605 923 114 27 meningen
735 924 23 18 är
770 921 228 29 Generalguvernören

170 948 126 28 visserligen
317 949 65 21 äfven
402 953 31 18 ett
449 958 65 20 organ
530 950 35 22 för
580 950 41 22 den
637 951 65 28 ryska
717 950 154 22 statsmaktens
887 951 111 25 intressen,

168 979 32 18 ett
221 984 66 20 organ
309 977 36 21 för
363 978 144 22 befordrande
522 979 23 21 af
560 979 96 21 harmoni
676 979 77 21 mellan
776 978 165 29 Kejsaredömet
956 978 41 22 och

168 1004 214 24 Storfurstendömet.
418 1007 50 22 Och
490 1008 34 20 för
548 1008 58 21 visso
634 1010 37 19 äro
698 1008 64 21 äfven
787 1007 27 21 de
837 1007 70 28 öfriga
929 1007 69 21 finska

167 1034 267 28 styrelsemyndigheterna
450 1036 63 21 öfver
524 1036 84 22 hufvud
620 1039 59 25 taget
694 1036 73 21 städse
782 1036 118 28 angelägna
916 1043 34 13 om
966 1038 33 19 att

168 1062 6 20 i
190 1062 31 21 alt
242 1063 37 21 sitt
299 1062 159 30 handlingssätt
477 1068 49 24 taga
543 1064 41 22 den
600 1064 87 22 fullaste
703 1064 83 28 hänsyn
802 1064 65 22 äfven
882 1064 33 21 till
929 1064 68 28 Ryss-

168 1090 61 22 lands
245 1091 112 22 intressen.

236 1119 41 21 Att
295 1127 77 21 genom
389 1124 30 18 ett
434 1121 128 22 förändradt
576 1122 150 28 aflöningssätt
742 1121 53 21 söka
810 1121 75 28 bringa
899 1122 98 27 general-

166 1149 215 26 guvernörsembetet
403 1150 31 21 uti
455 1158 25 14 en
496 1158 70 14 annan
582 1150 103 28 ställning
699 1150 33 21 till
747 1150 208 21 Storfurstendömet
969 1151 26 19 än

167 1176 60 21 detta
250 1177 83 21 embete
357 1178 67 28 enligt
447 1178 34 29 lag
503 1179 42 22 och
568 1179 154 28 författningar
736 1178 95 27 innehar,
847 1178 62 21 beror
924 1178 73 22 derför

166 1204 98 29 tydligen
287 1206 27 28 på
336 1209 31 18 ett
387 1205 193 29 missförhällande,
596 1211 31 18 ett
642 1207 137 22 förbiseende
794 1207 24 22 af
833 1207 57 21 hvad
905 1207 28 21 de
948 1214 48 14 ver-

166 1233 72 22 kande
253 1235 94 21 motiven
363 1235 35 21 för
413 1235 41 22 och
469 1236 27 21 de
512 1238 55 19 rätta
582 1236 138 29 uppgifterna
732 1235 37 22 vid
780 1239 31 18 ett
825 1235 77 22 sådant
913 1235 83 22 embete

166 1263 37 20 äro
218 1262 42 21 och
275 1263 52 21 böra
342 1271 57 14 vara.
429 1264 164 22 Statsutskottet
608 1265 38 21 har
661 1266 7 20 i
684 1265 86 21 korthet
786 1267 53 25 sagt,
855 1267 31 18 att
898 1264 98 28 general-

165 1291 214 28 guvernörsembetet
400 1294 24 20 är
445 1296 30 18 ett
497 1293 65 22 finskt
584 1294 89 21 embete.
703 1293 11 21 I
730 1293 78 28 sjelfva
827 1293 76 20 verket
921 1294 23 19 är
959 1293 37 21 det

166 1319 30 26 så,
218 1322 33 19 att
273 1319 241 29 Generalguvernörens
537 1322 126 28 rättigheter
685 1322 41 21 och
752 1321 79 29 pligter
855 1322 36 20 äro
919 1321 78 22 endast

165 1344 78 56 genom
262 1348 54 21 finsk
331 1349 36 27 lag
382 1350 119 21 faststälda.
531 1350 12 21 I
559 1350 27 21 de
601 1350 64 28 ryska
681 1350 142 27 statslagarna
838 1350 24 20 är
877 1356 34 14 om
927 1349 68 21 finska

188 1376 206 28 eneralguvernören
411 1378 63 28 sagdt
488 1381 32 19 att
535 1378 41 22 han
593 1386 50 20 eger
658 1378 39 22 hos
713 1378 191 22 ministerkomitén
921 1379 6 20 i
941 1378 54 28 Kej-

165 1404 122 22 saredömet
301 1405 80 22 föreslå
395 1406 142 29 rådplägning
552 1406 112 29 angående
680 1407 81 21 sådana
772 1406 101 26 ärenden,
885 1414 46 14 som
943 1408 52 19 nära

165 1432 75 22 beröra
264 1433 55 22 båda
341 1434 114 23 ländernas
477 1436 91 28 styrelse
590 1436 41 21 och
654 1436 86 28 påkalla
759 1436 102 28 pröfning
876 1434 55 22 både
946 1434 49 22 från

165 1460 42 22 den
226 1469 40 14 ena
281 1462 41 22 och
337 1463 42 21 den
395 1464 66 21 andra
477 1464 67 22 sidan.
560 1456 14 41 .
574 1464 80 22 Denna
668 1464 144 28 rådplägning
827 1463 42 21 kan
886 1464 54 21 blott
955 1470 40 21 ega

164 1496 46 22 rum
233 1490 69 22 under
324 1492 120 28 personligt
466 1492 128 28 deltagande
617 1493 23 21 af
664 1492 230 29 Generalguvernören
915 1492 42 22 och
971 1493 24 19 är

161 1518 123 28 begränsad
304 1520 33 20 till
355 1520 80 28 frågor,
451 1528 45 14 som
512 1521 72 22 kunna
600 1521 56 22 lösas
671 1524 52 19 utan
739 1521 91 28 ändring
845 1521 24 21 af
883 1521 54 22 finsk
953 1521 41 27 lag.
