1081 1764
213 119 264 21 Rättegångsfullmäktige
490 120 39 17 och
542 120 237 21 sakförareföreningar.
838 115 41 20 225

81 189 5 20 i
104 188 107 22 särskilda
227 188 59 21 delar
300 188 31 21 till
347 188 41 21 den
405 189 137 25 reservation,
564 196 44 13 som
632 188 90 28 åtföljde
745 188 162 28 Lagutskottets

80 218 7 20 i
103 217 92 21 ärendet
209 217 82 27 afgifna
309 217 140 23 betänkande,
464 218 30 20 uti
510 217 87 21 hvilken
613 217 106 21 uttalades
731 216 129 22 tvifvelsmäl
872 217 36 20 be-

80 245 107 21 träffande
211 245 150 28 lämpligheten
378 246 23 20 af
416 245 27 21 de
458 245 121 28 föreslagna
594 246 137 21 reformerna.
762 245 33 21 Då
809 246 36 27 jag
860 245 47 21 icke

80 274 68 20 heller
169 282 28 12 nu
214 274 82 21 känner
311 275 42 25 mig
369 274 128 28 öfvertygad
513 282 34 13 om
563 274 187 28 nödvändigheten
768 274 50 21 eller
833 277 74 25 nyttan

81 302 23 21 af
119 306 32 17 att
169 302 110 21 bildandet
293 302 23 21 af
331 302 80 22 sådana
434 302 234 28 sakförareföreningar
691 303 138 27 lagförslaget
851 302 57 21 afser

81 330 135 22 omedelbart
232 331 38 21 hos
287 338 34 14 oss
338 331 110 28 påbjudes,
464 331 40 21 och
520 331 28 21 då
562 332 35 27 jag
613 332 5 20 i
632 332 71 20 denna
713 331 125 28 församling
847 330 61 22 torde

81 366 51 14 vara
153 361 51 19 nära
220 367 43 20 nog
278 359 41 21 den
336 359 53 21 ende
405 363 175 25 representanten
596 360 35 20 för
646 360 41 20 den
704 360 144 28 korporation,
863 366 44 14 som

81 388 23 20 af
120 388 41 20 den
179 388 107 21 tilltänkta
303 388 60 28 lagen
385 390 95 19 närmast
503 388 90 26 beröres,
608 396 63 13 anser
686 389 35 29 jag
736 389 43 26 mig
794 388 47 21 icke
858 388 50 20 böra

81 416 112 21 underlåta
217 420 31 17 att
269 418 5 19 i
297 416 72 29 hvarje
390 417 40 21 fall
450 417 66 21 uttala
531 418 43 19 min
589 416 47 22 från
655 417 121 21 Utskottets
792 416 115 22 afvikande

81 444 61 28 åsigt.

150 474 42 27 Jag
213 477 45 17 tror
273 474 34 20 för
323 474 41 20 min
381 474 35 20 del
432 477 31 17 att
479 474 63 20 bland
559 474 26 21 de
601 474 188 28 omständigheter,
804 482 44 13 som
864 473 44 21 för-

82 502 53 21 mått
146 502 90 28 mången
246 505 31 18 att
285 502 56 28 välja
348 502 163 29 advokatyrket,
520 510 24 13 en
555 503 63 21 bland
628 502 26 22 de
662 503 89 21 främsta
760 504 23 20 är
789 502 36 22 det
833 502 75 21 obero-

82 531 54 21 ende
161 531 40 21 och
225 531 41 21 den
289 531 179 28 sjelfständighet,
484 539 44 13 som
544 532 94 21 utmärkt
654 531 133 22 advokatens
803 531 105 27 ställning.

82 559 10 21 I
108 560 85 20 tillfälle
217 563 32 18 att
271 560 54 21 efter
349 563 49 24 eget
421 560 34 21 val
476 560 61 27 åtaga
553 560 51 21 eller
618 561 75 25 afsäga
709 562 33 25 sig
758 560 26 21 de
800 560 48 25 mål,
863 567 45 13 som

82 588 101 28 erbjudas
200 589 84 26 honom,
299 590 23 19 är
338 589 39 20 han
394 589 34 20 för
443 590 38 19 sitt
496 589 93 27 görande
606 589 40 21 och
662 589 85 20 låtande
763 589 100 27 ansvarig
873 595 35 14 en-

82 617 49 20 dast
152 617 35 20 för
202 618 31 20 sin
250 617 132 21 hufvudman
400 617 41 21 och
457 617 75 21 liksom
549 617 72 28 hvarje
637 625 69 13 annan
723 617 138 28 medborgare
877 616 32 21 di-

82 645 48 21 rekt
145 645 35 21 för
196 646 99 25 domstol,
310 645 71 22 derest
396 646 41 21 han
454 647 7 20 i
476 646 126 27 utöfningen
618 646 23 21 af
656 647 33 20 sin
705 646 136 21 verksamhet
856 645 53 21 låter

82 673 67 28 några
173 674 115 21 förseelser
311 674 83 21 komma
417 675 32 27 sig
465 675 32 20 till
512 675 46 20 last.
587 675 50 21 Just
652 675 70 20 denna
739 674 170 29 sjelfständigare

83 703 106 27 ställning,
213 703 101 20 särskildt
329 703 35 20 vid
380 703 121 28 jemförelse
518 703 46 21 med
586 704 188 27 tjenstemannens,
789 703 53 21 skall
859 706 50 17 utan

82 731 79 21 tvifvel
177 731 72 21 städse
262 732 23 20 af
296 731 41 21 den
351 731 142 22 intresserade
506 733 87 27 juristen
607 732 82 21 skattas
702 731 70 22 såsom
785 739 26 13 en
826 733 84 19 väsent-

83 759 30 28 lig
128 760 90 21 förmån.

154 788 44 21 Det
214 789 40 20 kan
271 789 33 20 väl
321 789 107 27 knappast
451 789 104 20 bestridas
572 791 30 18 att
618 789 69 20 denna
703 789 133 20 advokatens
853 788 58 21 ställ-

84 817 58 27 ning,
157 818 6 19 i
180 817 101 21 händelse
297 817 147 28 föreliggande
460 817 80 28 förslag
560 817 39 21 blir
614 817 39 28 lag,
669 818 6 20 i
692 817 96 28 betydlig
803 817 52 28 grad
869 817 42 20 för-

84 845 85 22 ändras.
199 845 74 28 Enligt
295 846 70 20 denna
389 846 34 27 lag
445 847 85 26 tvingas
553 846 124 21 sakföraren
701 849 31 18 att
749 845 62 22 träda
826 846 20 20 in
862 846 7 19 i
885 852 26 13 en

84 873 106 28 förening,
206 875 63 20 hvars
283 874 137 21 medlemmar
432 876 36 19 äro
480 874 156 21 underkastade
648 882 25 13 en
685 874 78 28 mängd
777 873 134 29 detaljerade,

84 903 198 27 reglementerande
308 903 132 27 stadganden
465 903 40 21 och
528 903 140 21 föreskrifter.
703 903 50 20 Han
777 903 44 20 står
843 901 68 22 under

85 932 89 27 uppsigt
193 931 22 21 af
241 935 30 17 ett
293 931 143 25 sakförarråd,
457 931 23 22 af
502 932 82 21 hvilket
606 932 40 20 han
663 932 42 20 kan
718 931 87 21 ådömas
822 931 89 26 varning

86 960 52 20 eller
153 961 135 27 suspension;
304 960 78 21 honom
395 960 113 21 ähvälfves
525 960 148 28 skyldigheten
689 964 32 17 att
735 960 118 21 öfvervaka
865 960 46 20 sina

85 988 183 28 yrkeskamraters
293 989 136 21 verksamhet
452 989 40 21 och
516 990 108 20 eventuelt
648 992 44 18 mot
713 989 48 21 dem
777 990 50 26 göra
843 988 69 27 angif-

87 1017 58 21 velse
169 1017 41 21 och
231 1018 50 20 sitta
296 1018 32 20 till
344 1017 60 21 doms
420 1018 62 20 öfver
495 1018 53 26 dem,
564 1018 20 28 ja
599 1018 41 20 den
656 1018 107 27 rättighet,
779 1025 45 13 som
840 1017 72 27 hvarje

86 1053 71 13 annan
174 1046 87 28 myndig
277 1046 140 27 medborgare
441 1046 98 28 åtnjuter,
555 1049 30 18 att
601 1046 106 28 nämligen
724 1046 46 20 fritt
785 1045 61 21 träffa
862 1044 50 22 aftal

87 1081 34 13 om
145 1075 63 20 lönen
231 1075 35 20 för
289 1074 36 21 det
344 1075 73 21 arbete
433 1074 41 22 han
490 1075 73 27 ätager
578 1076 33 26 sig
626 1076 23 19 är
664 1074 249 27 sakförareföreningens

87 1102 138 22 medlemmar
248 1103 125 27 förvägrad;
395 1116 28 3 —
445 1104 53 20 hans
520 1103 107 21 arbetslön
651 1104 126 20 bestämmes
793 1104 30 19 uti
839 1110 26 13 en
881 1102 32 20 öf-

88 1131 133 27 verhetligen
237 1132 99 20 faststäld
353 1136 56 17 taxa.
424 1132 42 28 Jag
482 1132 40 21 kan
539 1132 47 21 icke
605 1132 90 20 förneka
711 1135 32 17 att
754 1131 27 21 de
794 1130 119 22 förändrin-

88 1167 38 20 gar
141 1161 6 19 i
164 1160 137 21 sakförarens
323 1160 107 28 ställning,
454 1168 44 13 som
515 1160 41 21 den
572 1168 40 20 nya
629 1161 61 27 lagen
705 1162 24 19 är
744 1160 76 20 afsedd
836 1162 31 18 att
883 1160 31 19 in-

88 1189 51 21 föra,
161 1190 37 19 äro
223 1189 34 20 för
279 1189 42 27 mig
337 1189 50 27 föga
403 1189 119 21 tilltalande
538 1189 40 21 och
593 1190 35 27 jag
646 1193 45 17 tror
705 1192 32 18 att
751 1188 62 28 lagen
829 1194 85 14 snarare

89 1217 53 20 skall
160 1224 50 14 vara
227 1217 67 27 egnad
318 1220 31 18 att
365 1218 79 20 afhälla
460 1220 26 18 än
502 1221 32 17 att
549 1218 61 20 locka
626 1217 142 21 intresserade
783 1217 86 28 jurister
884 1218 31 18 att

89 1245 90 21 beträda
194 1246 186 20 sakförarebanan.

159 1274 75 28 Enligt
255 1275 6 26 &
278 1276 11 19 6
305 1275 6 19 i
328 1274 103 28 förslaget
446 1274 38 22 har
499 1274 209 27 sakförareförening
719 1274 30 20 till
758 1273 99 21 ändamål
869 1272 46 22 dels

89 1305 32 18 att
143 1302 119 22 Ofvervaka
287 1304 46 20 sina
357 1303 149 21 medlemmars
529 1303 141 26 verksamhet,
693 1302 45 22 dels
761 1305 32 18 att
813 1302 103 27 befrämja

90 1330 209 22 sakförareständets
315 1332 129 27 utveckling.

160 1359 138 21 Beträffande
314 1360 41 20 den
371 1360 68 21 första
455 1360 112 28 uppgiften
584 1360 50 20 eller
650 1359 171 22 öfvervakandet
835 1358 23 21 af
874 1359 42 19 för-

91 1388 252 27 eningsmedlemmarnas
361 1389 135 21 verksamhet
512 1388 23 22 sä
550 1388 38 22 har
602 1390 35 27 jag
652 1388 65 21 redan
729 1388 74 28 antydt
816 1390 31 18 att
858 1386 59 21 detta

90 1417 169 26 öfvervakande,
275 1417 66 28 enligt
355 1418 43 20 min
415 1417 71 26 tanke,
498 1417 71 21 blefve
582 1418 42 20 lika
637 1417 137 27 öfverflödigt
784 1424 46 13 som
841 1415 76 21 odiöst.

91 1444 142 22 Sakförarens
250 1445 134 22 verksamhet
405 1446 129 21 öfvervakas
557 1446 65 21 redan
638 1453 28 14 nu
682 1445 13 21 &
710 1453 39 13 ena
765 1445 60 21 sidan
841 1444 24 21 af
880 1443 37 21 all-

91 1473 114 21 mänheten
228 1474 12 20 &
262 1474 41 21 den
326 1474 66 21 andra
408 1475 23 20 af
447 1474 125 21 domstolen.
601 1474 42 27 Jag
665 1478 45 17 tror
729 1475 33 19 för
778 1475 43 19 min
837 1472 34 21 del
887 1474 31 19 att

91 1501 71 22 denna
187 1502 80 21 dubbla
288 1503 93 20 kontroll
401 1503 67 21 redan
492 1505 23 18 är
536 1503 96 28 tillfylles
655 1503 40 20 och
711 1505 31 18 att
757 1502 70 27 någon
844 1501 74 21 vidare

160 1543 41 16 N:o
213 1543 17 17 7.
827 1541 22 17 15
