1081 1786
188 119 40 20 222
442 125 25 16 R.
480 129 18 12 o.
511 125 25 16 A.
549 125 63 16 1900.
637 124 24 17 16
673 124 66 16 Mars.

230 192 116 29 Upplästes
369 200 25 14 en
417 193 116 21 skrifvelse
553 192 48 21 från
617 191 220 26 Ekonomiutskottet,
853 191 60 21 hvari
929 191 60 21 med-

160 221 87 22 delades
270 224 30 18 att
318 221 97 28 samtliga
430 221 63 22 ständ
509 221 97 28 godkänt
621 221 124 21 Utskottets
765 219 136 22 betänkande
915 220 43 21 N:o
974 221 13 20 2

160 251 6 20 i
188 249 116 29 anledning
325 250 23 21 af
369 249 47 22 nåd.
438 257 60 21 prop.
521 250 41 21 N:o
578 251 19 25 9,
613 249 110 28 angående
738 248 42 21 den
796 249 74 27 skatt,
885 256 46 14 som
946 248 42 23 för

159 279 163 27 tillverkning
344 279 25 21 at
391 279 105 21 bränvin
518 278 54 21 skall
595 278 103 28 erläggas,
715 280 55 19 samt
785 285 35 13 om
835 277 68 28 sagda
918 277 70 21 skatts

160 306 142 22 användande
317 307 40 21 och
372 307 129 28 fördelning,
511 306 89 22 hvarom
612 306 147 28 vederbörligt
769 305 141 22 meddelande
921 305 66 21 äfven

160 335 72 21 blifvit
247 335 71 29 gjordt
332 336 32 20 till
380 335 171 22 Statsutskottet.

230 438 58 22 Frän
310 438 113 22 Allmänna
439 438 201 22 Besvärsutskottet
654 438 55 21 hade
725 437 90 22 anländt
830 445 25 14 en
871 437 117 23 skrifvelse

161 466 47 22 med
225 467 97 21 anmälan
338 470 31 18 att
386 467 122 22 Utskottets
524 466 136 22 betänkande
675 466 42 22 N:o
730 467 36 25 4,i
783 466 116 29 anledning
911 467 23 21 af
944 468 44 20 sär-

160 495 70 21 skilda
246 496 7 20 i
268 496 162 21 Bondeständet
445 496 78 21 väckta
538 495 184 29 petitionsförslag
737 502 34 14 om
782 494 169 22 föranstaltande
963 495 27 21 af

161 524 184 28 undersökningar
364 524 91 22 rörande
471 524 26 22 de
513 524 68 21 under
596 524 24 20 är
635 524 112 21 1898—99
763 524 6 20 i
785 524 73 21 landet
873 524 115 21 inträffade

161 552 258 29 öfversvämningarna
442 553 40 21 och
505 560 34 14 om
563 552 130 28 vidtagande
714 552 23 21 af
752 553 6 20 i
774 552 103 22 samband
899 552 87 22 dermed

161 581 89 21 stäende
266 581 103 28 ätgärder,
386 582 70 21 blifvit
472 581 23 21 af
509 582 26 20 R.
551 589 18 13 o.
584 582 27 19 A.
627 584 54 17 samt
694 580 163 22 Bondeständet
868 580 120 29 godkändt,

161 617 47 14 men
228 610 23 21 af
271 610 84 21 Preste-
371 610 39 21 och
425 609 194 29 Borgareständen,
635 609 74 21 hvilka
725 609 88 22 beslutit
828 612 32 18 att
875 610 115 28 petitions-

161 638 108 28 förslagen
290 639 46 20 icke
352 639 65 21 mätte
432 639 33 20 till
481 639 70 27 nägon
568 637 75 28 ätgärd
658 637 118 26 föranleda,
791 638 132 26 förkastadt;
939 638 47 21 med

161 667 117 28 anledning
299 667 82 26 hvaraf,
403 667 27 21 dä
453 667 88 22 sälunda
565 668 78 20 tvänne
666 666 62 21 ständ
752 669 88 18 motsatt
859 667 34 27 sig
908 667 41 21 den
965 666 25 21 af

160 695 114 22 Utskottet
289 695 121 29 föreslagna
426 695 213 29 ständerpetitionen,
654 695 75 28 frägan
746 695 96 21 förfallit.

230 805 70 21 Bland
317 805 25 21 R.
358 812 18 14 0.
391 806 39 20 A:s
446 804 137 22 medlemmar
599 804 54 21 hade
669 804 92 21 utdelats
777 804 41 21 och
831 804 114 21 bordlades
956 804 32 21 till

161 835 61 19 nästa
237 834 95 28 plenum:

230 890 163 28 Lagutskottets
417 890 134 21 betänkande
573 890 42 21 N:o
637 891 12 20 6
671 890 5 20 i
695 889 116 28 anledning
827 889 23 21 af
865 889 48 21 nåd.
929 897 59 20 prop.

161 919 41 21 N:o
220 920 32 24 14,
264 919 110 28 angående
384 918 300 28 rättegängsfullmäktige
695 918 40 21 och
747 917 244 28 sakförareföreningar;

230 976 175 21 Statsutskottets
428 975 135 22 betänkande
585 975 42 22 N:o
650 976 11 20 1
677 976 5 20 i
699 975 116 28 anledning
836 975 23 20 af
874 975 112 28 Postspar-

160 1005 186 27 banksstyrelsens
367 1005 33 20 till
419 1004 122 21 Ständerna
563 1004 83 27 afgifna
661 1004 89 21 relation
767 1011 34 13 om
816 1004 173 27 postsparban-

162 1033 59 22 kens
236 1033 97 21 tillstånd
349 1033 40 21 och
405 1033 132 28 förvaltning
553 1033 67 20 under
631 1032 22 21 år
665 1033 60 26 1896,
737 1033 55 20 1897
804 1032 41 21 och
858 1033 64 25 1898;
933 1035 54 18 samt

231 1090 148 28 Bestyrelsens
395 1090 35 21 för
444 1090 115 21 utförande
574 1089 23 22 af
613 1089 192 28 gafvelgruppen
822 1089 41 22 till
879 1089 110 22 ständer-

161 1119 72 22 huset
248 1119 89 21 relation
353 1119 32 20 till
400 1118 126 22 Ständerna.

231 1216 34 20 Hr
280 1215 206 22 Landtmarskalken
502 1214 125 22 meddelade
643 1217 31 19 att
689 1214 66 28 enligt
767 1214 223 21 öfverenskommelse

161 1245 6 19 i
190 1244 246 21 Talmanskonferensen
473 1244 48 20 plena
544 1243 67 21 under
633 1243 124 28 påföljande
773 1243 68 21 vecka
857 1242 84 21 komme
956 1245 32 19 att

162 1280 39 20 ega
216 1280 47 14 rum
278 1272 71 28 tisdag
365 1272 40 22 och
420 1272 76 28 fredag
512 1272 27 21 kl.
555 1273 11 20 7
583 1279 18 14 e.
615 1279 27 13 m.

230 1370 90 21 Plenum
336 1369 119 22 afslutades
467 1369 28 21 kl.
511 1370 59 26 1/,10
586 1376 17 14 €.
619 1376 26 14 m.

779 1426 21 17 In
812 1425 60 18 fidem:

733 1461 50 21 Clas
797 1468 20 14 v.
837 1460 84 22 Collan.
