1084 1784
178 122 52 17 Rätt
242 122 33 16 för
287 123 79 19 qvinna
379 124 31 15 att
423 122 102 17 anställas
537 128 46 11 som
595 123 222 17 folkskolelärarinna.
845 118 40 20 333

88 192 44 19 että
155 198 23 13 se
201 190 82 26 oikeus,
304 191 49 27 joka
377 195 37 23 nyt
437 191 60 21 esillä
520 191 98 21 olevassa
634 191 245 22 anomusehdotuksessa
893 192 20 28 ja

92 219 150 21 Valiokunnan
260 220 138 20 mietinnössä
423 219 128 21 ehdotetaan
576 220 150 21 annettavaksi
757 220 62 21 näille
845 220 69 28 jatko-

89 248 83 27 opiston
198 248 83 20 kurssin
305 248 160 24 suorittaneille,
489 249 18 20 ei
527 248 103 21 suinkaan
648 248 40 26 ole,
703 250 43 19 että
763 249 62 20 ilman
843 252 70 18 muuta

89 277 116 26 pääsisivät
235 276 161 21 kansakouluun
420 277 186 28 opettajattariksi,
629 285 55 13 vaan
707 279 58 19 tässä
787 277 126 21 ehdotetaan

89 304 63 21 heille
176 306 122 19 ainoastaan
323 312 57 14 sama
401 305 80 27 oikeus,
498 306 50 20 kuin
565 313 27 13 on
608 307 126 27 myönnetty
750 306 79 20 valtion
845 306 68 28 jatko-

89 334 84 26 opiston
190 333 114 28 oppilaille.
334 334 66 20 Tämä
417 334 74 20 oikeus
507 342 27 12 on
554 335 125 20 ainoastaan
696 342 29 18 se,
741 336 43 19 että
800 334 32 25 he,
847 335 66 20 suori-

88 365 96 17 tettuaan
201 362 147 21 seminaarissa
364 362 166 28 käytännölliset
546 362 78 21 kokeet
639 364 20 27 ja
676 366 86 18 muuten
780 363 133 21 asetuksessa

88 391 126 20 tarkemmin
240 392 106 26 määrätyn
369 391 121 26 tutkinnon,
511 394 51 18 ovat
577 392 164 27 hakukelpoiset
758 392 155 20 kansakoulun-

89 420 172 26 opettajattarien
282 419 111 21 virkoihin.
422 420 62 20 Juuri
508 421 149 20 seminaarissa
676 420 26 20 he
718 424 76 17 saavat
808 420 105 28 tarpeelli-

90 454 38 14 sen
144 447 144 21 kokemuksen
305 448 147 21 nimenomaan
470 448 266 29 kansakouluopetukseen
753 449 90 21 nähden.
863 449 50 21 Että

90 477 134 20 ruvettaisiin
241 477 64 20 näiltä
320 477 115 27 oppilailta,
451 477 59 28 jotka
525 478 21 26 jo
562 479 116 19 ennestään
695 478 114 20 omistavat
824 477 88 28 tarpeel-

89 504 54 22 lisen
159 506 144 26 tietomäärän,
319 506 126 25 vaatimaan,
462 507 42 19 että
521 506 26 20 he
564 506 54 20 vielä
629 506 131 28 rupeaisivat
771 506 74 21 turhan
856 506 57 20 takia

90 533 102 28 käymään
210 534 78 20 koulua
303 537 72 17 monta
391 537 81 23 vuotta,
487 542 23 13 se
525 542 28 13 on
569 536 62 19 aivan
648 535 150 27 sopimatonta.
818 535 94 21 Minusta

89 563 19 19 ei
130 562 119 21 sentähden
266 562 107 28 Säädyillä
395 563 34 20 ole
451 564 79 20 mitään
554 566 60 25 syytä
637 567 110 17 vastustaa
763 567 37 25 nyt
815 564 97 27 esitettyä

88 590 210 27 anomusehdotusta,
321 591 107 28 olkoonpa
452 593 43 19 että
518 599 38 13 sen
580 592 82 28 laajuus
684 592 18 20 ei
720 592 32 21 ole
769 592 64 21 kovin
849 592 64 26 suuri,

89 623 66 17 mutta
173 620 41 20 kun
232 620 44 20 asia
336 620 74 20 kerran
427 620 68 22 oikea,
511 621 44 20 niin
572 628 22 13 se
610 624 124 17 nostettuna
749 621 106 21 ansaitsee
865 625 47 16 tun-

88 649 132 19 nustamista.
241 644 7 37 —
254 648 71 21 Näillä
349 648 61 28 syillä
437 649 56 20 minä
518 649 85 28 pyydän
628 650 115 20 kannattaa
760 649 151 22 Valiokunnan

88 677 115 20 mietintöä.

159 733 34 21 Hr
208 734 51 21 Uno
275 734 158 21 Lindelöf:
465 734 34 22 Dä
521 736 35 27 jag
575 735 73 21 tillhör
667 735 41 21 den
724 736 106 28 majoritet
845 736 5 20 i
867 735 46 21 All-

90 764 76 19 männa
182 762 203 28 Besvärsutskottet,
401 771 44 13 som
462 763 98 21 förordat
579 763 122 22 Utskottets
718 764 62 24 kläm,
795 764 21 21 sä
826 758 36 38 vill
871 764 40 28 jag,

90 790 101 22 eftersom
212 792 157 20 reservationen
391 792 72 20 blifvit
478 792 140 27 understödd,
633 792 47 21 med
697 792 66 28 nägra
779 792 23 21 fä
816 792 37 21 ord
870 793 41 20 för-

88 826 63 14 svara
172 819 123 21 Utskottets
315 820 100 28 hällning,
436 820 65 21 ehuru
518 822 36 26 jag
570 821 74 21 dervid
660 821 52 27 föga
727 822 38 20 har
780 825 31 17 att
825 822 86 26 tillägga

88 848 31 20 till
144 848 55 21 hvad
222 848 57 21 Frih.
298 848 178 28 Yrjö-Koskinen
493 850 40 20 och
550 850 34 20 Hr
599 849 124 21 Grutenfelt
737 854 71 24 yttrat.
837 850 74 20 Afven

88 876 113 22 Utskottet
222 879 66 26 ansåg
303 877 75 28 frågan
394 878 115 27 ingalunda
526 886 50 13 vara
592 878 23 21 af
630 878 70 28 någon
717 879 134 28 synnerligen
867 883 44 16 stor

89 905 116 28 betydelse,
222 913 46 14 men
290 906 27 21 då
338 906 41 21 den
399 914 28 13 nu
443 907 85 27 engång
544 907 129 28 hänskjutits
688 907 32 21 till
739 907 120 22 Utskottets
876 907 35 21 be-

88 933 109 29 handling,
219 935 66 27 ansåg
304 943 47 12 man
371 936 32 27 sig
418 935 48 21 icke
483 936 71 20 kunna
570 935 95 28 afstyrka
682 936 129 25 densamma,
827 936 27 21 då
869 935 42 22 den

88 962 56 21 dock
167 963 38 20 har
224 971 25 12 en
269 964 43 20 viss
328 964 119 27 principiell
465 964 115 28 betydelse.
611 965 48 20 Den
676 966 28 24 är,
720 972 33 13 om
770 965 65 21 också
851 965 6 20 i
873 965 38 20 mi-

88 992 75 27 niatyr,
179 999 25 13 en
220 992 121 27 rättsfråga.
370 992 42 28 Jag
429 993 36 20 ber
481 996 32 17 att
527 993 23 20 få
566 993 98 28 klargöra
680 993 59 21 detta
754 1001 75 20 genom
846 993 64 28 några

88 1019 44 21 ord.
164 1019 44 22 Vid
232 1020 37 21 det
292 1021 122 20 nuvarande
437 1021 97 28 sakläget
552 1022 56 27 gälla
628 1022 34 21 för
677 1029 107 20 personer,
799 1029 45 14 som
859 1021 52 28 utgå

88 1047 47 22 från
159 1049 132 28 väsentligen
314 1049 104 21 likartade
439 1050 105 25 läroverk,
566 1050 85 21 likvisst
671 1051 57 20 olika
744 1051 69 20 vilkor
829 1050 34 21 vid
880 1051 31 20 in-

87 1077 60 20 träde
163 1077 27 28 på
205 1077 291 22 folkskolelärarinnebanan.
526 1079 75 20 Såsom
618 1079 154 28 förordningen
789 1079 22 21 af
825 1079 42 20 den
883 1080 26 20 21

86 1105 44 21 Juli
148 1107 54 20 1898
218 1107 78 20 tolkats
312 1107 39 20 och
368 1107 67 21 måste
451 1107 76 25 tolkas,
543 1107 45 21 står
602 1107 38 21 det
654 1115 26 13 en
697 1108 47 20 elev
754 1108 48 21 från
814 1108 97 21 fullstän-

87 1133 36 28 dig
146 1135 105 20 samskola
275 1135 47 20 fritt
344 1138 37 24 att,
404 1139 50 17 utan
477 1136 126 27 afläggande
619 1136 23 21 af
657 1136 184 27 studentexamen,
857 1137 54 20 efter

87 1162 110 21 dimission
221 1163 48 21 från
293 1164 70 21 denna
382 1164 107 21 samskola
505 1165 83 20 inträda
604 1165 7 20 i
627 1166 135 19 seminarium
779 1165 34 20 för
828 1168 31 17 att
873 1165 38 20 der

87 1191 96 28 undergå
206 1191 26 22 de
256 1192 183 27 kompletterande
461 1193 74 20 förhör
558 1193 40 21 och
618 1193 110 28 praktiska
745 1194 53 27 prof,
814 1201 44 13 som
875 1195 35 19 äro

87 1219 137 29 nödvändiga
240 1221 33 20 för
289 1224 31 17 att
335 1221 70 21 kunna
421 1223 113 20 utnämnas
546 1222 31 20 till
589 1222 221 21 folkskolelärarinna.
825 1223 86 20 Annor-

86 1247 65 22 lunda
170 1251 23 18 är
212 1249 141 21 förbållandet
368 1249 48 21 med
433 1250 26 21 de
476 1251 78 24 elever,
568 1258 46 13 som
631 1251 151 20 utdimitterats
797 1251 47 20 från
860 1258 27 13 nu
904 1251 5 20 i

86 1275 61 28 fråga
173 1277 93 22 varande
289 1279 82 27 privata
393 1278 259 28 fortbildningsläroverk,
673 1279 81 25 hvilka,
772 1280 36 27 jag
826 1279 36 21 vill
878 1282 33 17 ut-

86 1305 118 27 tryckligen
229 1306 111 21 framhålla
358 1307 42 23 det,
423 1307 48 21 icke
495 1307 65 21 borde
580 1308 102 27 jemföras
698 1308 47 21 med
762 1312 80 17 statens
858 1308 53 20 fort-

87 1333 214 29 bildningsläroverk,
324 1339 50 17 utan
398 1336 90 20 fastmer
507 1336 49 21 med
573 1336 137 28 fullständiga
727 1337 118 20 samskolor
860 1337 51 20 eller

86 1361 128 29 flicklyceer.
244 1363 85 24 Elever,
350 1371 45 14 som
412 1364 83 21 komma
511 1365 47 20 från
575 1365 63 20 dessa
653 1361 257 36 fortbildningsläroverk,

86 1390 82 29 åtnjuta
191 1392 67 27 enligt
277 1392 162 27 förordningens
461 1393 87 21 bokstaf
570 1393 47 21 icke
633 1393 66 21 sådan
715 1395 102 26 rättighet
831 1393 31 21 till
879 1394 31 19 in-

86 1419 60 21 träde
169 1421 5 19 i
198 1421 141 26 seminarium,
354 1425 50 17 utan
423 1423 36 19 äro
475 1425 96 24 tvungna
588 1425 31 18 att
634 1422 54 21 först
704 1422 95 27 undergå
815 1422 95 21 student-

86 1455 88 14 examen
200 1449 34 20 för
255 1452 31 17 att
309 1449 124 28 derigenom
455 1450 72 21 kunna
546 1451 77 20 räknas
642 1451 32 20 till
690 1451 40 20 den
748 1451 102 27 kategori,
865 1457 44 14 som

86 1475 153 30 förordningen
256 1478 115 21 benämner
388 1485 121 20 »personer,
529 1486 45 13 som
590 1479 124 27 genomgått
730 1479 135 27 fullständigt
880 1480 31 26 ly-

86 1511 87 20 ceum«;
197 1507 108 27 uttrycket
328 1508 23 19 är
371 1507 6 20 i
395 1507 141 28 förbigående
556 1508 62 27 sagdt
634 1508 122 27 oegentligt,
772 1509 30 26 ity
817 1511 32 17 att
864 1507 47 21 der-
