1081 1773
194 126 42 20 346
430 133 24 16 R.
469 137 16 12 o.
499 132 25 17 A.
537 132 62 17 1900.
623 132 26 17 10
661 132 68 20 April

234 200 36 21 Hr
289 200 24 21 L.
333 200 170 22 Mechelin:
541 200 34 21 Då
601 200 142 21 förevarande
764 199 226 29 lagstiftningsärende

167 228 145 22 behandlades
333 228 39 22 hos
389 229 24 21 R.
429 236 18 14 o.
463 230 32 26 A.,
511 229 68 27 ansåg
593 230 36 27 jag
644 230 43 26 mig
703 229 50 21 böra
770 230 57 20 rösta
843 231 57 18 emot
915 235 26 13 en
956 228 35 28 lag

166 257 23 21 af
209 257 59 21 detta
286 258 52 27 slag,
352 258 66 20 ehuru
433 258 36 28 jag
485 258 48 20 icke
549 257 102 21 särskildt
666 257 120 29 uppträdde
802 260 45 18 mot
861 256 130 22 densamma.

166 286 35 20 Dä
224 294 28 13 nu
276 286 122 26 emellertid,
421 286 28 29 pä
471 286 69 28 grund
563 286 22 21 af
605 289 32 18 tre
653 286 74 21 ständs
745 286 75 26 beslut,
835 285 155 28 författningen

167 314 37 22 bör
228 315 84 21 komma
335 315 33 21 till
388 315 70 27 ständ,
474 315 24 21 sä
513 322 63 14 anser
590 316 35 26 jag
638 315 37 21 det
690 315 58 27 ligga
763 315 46 27 vigt
824 314 58 28 uppä
897 317 32 18 att
943 314 47 21 icke

165 345 52 26 göra
232 343 64 21 dessa
311 344 160 28 bestämningar
489 345 57 19 ännu
562 344 87 21 svärare
664 344 35 20 för
714 344 94 20 rörelsen
824 344 26 20 än
867 343 124 28 oundgäng-

166 372 56 28 ligen
245 372 74 28 nödigt
342 380 50 13 vara
415 372 33 21 mä
472 372 48 21 från
543 372 41 21 den
607 372 134 28 ståndpunkt
760 372 62 28 lagen
839 372 82 20 intagit.
949 371 42 27 Jag

166 400 69 21 skulle
258 400 73 22 derför
350 401 34 21 för
399 402 42 20 min
458 400 34 22 del
509 400 66 22 också
591 408 58 17 anse,
664 404 31 18 att
710 400 47 22 skäl
774 408 51 13 vore
840 400 35 21 för
883 379 31 43 R.
930 408 18 13 o.
965 400 26 20 A.

166 432 32 18 att
212 429 94 21 vidhälla
322 430 37 20 sitt
374 430 91 28 tidigare
477 430 71 20 beslut
563 430 112 27 angäende
691 431 12 19 2
719 437 62 13 mom.

234 486 58 21 Frih.
315 486 25 22 R.
362 487 26 21 A.
411 486 120 22 Wrede:
561 487 42 27 Jag
626 488 23 20 är
670 486 131 28 fullkomligt
823 494 50 14 ense
894 487 47 21 med
957 486 34 22 Hr

166 514 130 26 Grotenfelt,
319 515 53 26 Nils,
396 516 40 20 och
460 523 67 18 anser,
550 518 32 18 att
599 515 322 28 sammanjemkningsförslaget
935 516 54 20 hade

166 543 48 21 bort
229 545 107 27 uppgöras
368 544 12 21 pä
395 544 69 28 grund
480 544 24 21 af
518 544 26 22 R.
560 552 18 14 o.
594 545 38 21 A:s
648 545 5 20 i
670 544 65 21 saken
752 544 83 21 fattade
850 544 76 21 beslut.
947 544 43 22 Det

166 574 23 18 är
204 572 48 21 med
269 572 101 22 afseende
386 572 12 22 å
414 573 63 21 dessa
493 573 97 21 formella
605 572 184 29 omständigheter
807 580 46 14 som
875 573 37 21 det
927 580 62 21 synes

165 601 43 27 mig
231 601 67 21 finnas
320 601 60 21 desto
402 604 67 18 större
485 602 47 20 skäl
548 602 33 20 för
597 602 24 21 R.
637 610 18 12 o.
671 602 26 20 A.
713 604 31 18 att
759 601 106 21 vidblifva
880 602 37 21 sitt
933 603 57 19 förut

165 630 5 20 i
188 629 66 21 saken
271 629 81 22 fattade
368 630 74 21 beslut.

234 686 35 21 Hr
284 687 60 21 Alex.
388 688 119 26 Amin'off:
539 687 116 21 Gentemot
677 687 27 21 de
727 690 32 19 tre
780 690 84 19 senaste
879 687 64 21 ärade
958 690 31 18 ta-

165 715 72 21 larene
262 716 37 20 ber
319 716 35 27 jag
375 719 31 18 att
425 717 24 21 fä
471 717 35 20 för
520 718 43 19 min
579 717 60 27 ringa
655 716 35 21 del
706 716 107 28 tillstyrka
828 716 161 28 sammanjemk-

166 744 166 28 ningsförslaget
355 745 5 20 i
380 744 70 22 denna
467 745 40 21 del.
536 744 41 28 Jag
593 745 37 21 ber
645 744 28 22 dä
688 744 55 22 först
758 748 45 18 mot
818 745 33 21 Hr
867 744 122 22 Grotenfelt

164 772 24 20 få
211 772 117 26 framhålla,
352 776 31 18 att
404 774 36 28 jag
455 774 34 21 för
504 774 42 20 min
563 774 34 21 del
613 774 97 28 omöjligt
725 774 42 21 kan
782 774 116 27 godkänna
913 776 30 18 ett
955 773 34 21 sä-

164 800 54 21 dant
232 805 151 18 resonnement
406 810 45 14 som
468 802 34 21 Hr
517 802 136 22 Grotenfelts
669 802 134 25 derutinnan,
819 805 36 23 att,
871 803 69 20 säsom
955 802 34 21 Hr

164 829 125 22 Grotenfelt
310 832 68 26 säger,
400 831 182 28 Borgareständet
604 831 69 21 skulle
693 831 66 21 hafva
776 830 114 22 behandlat
905 831 84 21 föreva-

164 858 66 20 rande
255 858 59 29 fråga
338 859 67 21 under
428 860 154 28 förutsättning
604 863 32 17 att
658 859 36 21 det
709 860 69 20 skulle
793 861 45 26 gält
853 867 26 13 en
896 860 39 27 lag,
951 859 38 21 der

164 886 66 28 enligt
256 887 122 22 Utskottets
402 889 149 28 ursprungliga
566 889 82 27 förslag
663 888 40 21 den
720 888 91 21 afsedda
826 889 98 27 garantin
941 889 47 20 icke

164 915 69 21 skulle
250 916 106 21 erfordras
373 917 34 21 för
422 920 31 18 ett
468 918 54 27 parti
539 917 103 26 frövaror,
657 917 166 27 understigande
841 918 25 20 10
879 917 108 27 kilogram,

163 944 31 21 alt
208 944 24 21 af
247 952 79 14 samma
342 945 52 28 slag.
424 946 192 27 Borgareständets
631 945 116 29 afböjande
765 946 68 21 beslut
846 946 41 20 kan
899 946 33 20 väl
942 945 46 22 icke

162 979 66 21 gerna
252 981 62 13 anses
337 974 106 21 innefatta
467 975 64 27 nägot
547 977 66 18 annat
627 976 26 19 än
670 974 56 21 hvad
744 974 123 21 Utskottets
884 981 104 14 samman-

162 1002 32 48 jo
218 1001 148 29 ningsförelag
388 1003 38 21 här
448 1007 111 24 upptager,
582 1003 106 28 nämligen
712 1006 37 23 att,
764 1003 29 20 då
808 1003 181 27 Borgareståndet

178 1029 29 21 elt
222 1030 41 21 och
279 1030 65 21 hållet
359 1031 68 29 afböjt
442 1039 27 14 en
485 1032 34 27 lag
535 1031 47 22 med
599 1031 164 28 ifrågavarande
775 1031 101 28 syftning,
887 1031 101 21 Ståndets

164 1058 70 21 beslut
257 1059 161 28 otvifvelaktigt
442 1060 67 21 måste
532 1067 62 14 anses
614 1061 106 26 innebära,
737 1063 32 18 att
784 1059 203 28 Borgareståndet
976 1054 15 37 i

163 1086 73 28 hvarje
260 1087 37 21 fall
321 1088 38 21 har
382 1089 58 20 velat
463 1089 60 20 ställa
547 1089 72 20 denna
633 1089 78 20 handel
727 1089 69 20 under
811 1090 77 19 minsta
904 1089 84 27 möjliga

162 1114 94 22 kontroll
280 1116 39 21 och
340 1120 32 17 att
396 1117 181 28 Borgareståndet
598 1117 89 21 sålunda
708 1117 58 21 velat
781 1116 123 28 undantaga
920 1120 30 17 ett
965 1116 23 22 så

162 1146 54 18 stort
240 1144 78 29 belopp
342 1152 44 14 som
410 1146 83 28 möjligt
515 1146 66 20 sådan
602 1146 92 20 kontroll
710 1146 41 20 och
766 1146 83 27 garanti
865 1152 44 14 som
926 1145 61 28 lagen

162 1172 63 20 afser.
256 1172 34 22 Hr
312 1173 124 22 Grotenfelt
458 1174 38 21 har
518 1174 74 21 vidare
608 1174 122 26 framhällit,
745 1178 32 17 att
792 1174 112 22 Utskottet
921 1174 67 20 skulle

162 1200 65 21 hafva
243 1202 107 28 misstagit
364 1203 34 27 sig
413 1203 134 25 derutinnan,
562 1206 31 18 att
609 1202 36 22 det
661 1203 76 21 endast
745 1204 56 20 varit
813 1210 25 13 en
852 1202 84 21 formell
951 1204 37 19 än-

161 1228 63 28 dring
240 1229 113 23 Utskottet
369 1231 54 21 hade
439 1232 57 28 gjort
507 1232 5 20 i
524 1232 164 27 ifrågavarande
697 1231 111 29 paragrafs
816 1232 69 20 första
895 1234 94 18 moment

161 1257 24 21 af
200 1258 41 20 den
259 1258 76 28 nådiga
351 1261 168 27 propositionen.
548 1260 42 28 Jag
606 1261 37 20 ber
659 1261 5 19 i
681 1260 40 21 alla
739 1260 38 21 fall
793 1260 22 20 få
831 1259 116 26 framhålla,
957 1263 32 18 att

161 1286 59 21 detta
237 1288 55 20 varit
310 1287 121 23 Utskottets
447 1288 139 29 uppfattning
602 1288 41 22 och
659 1292 30 17 att
705 1296 26 13 en
747 1291 88 18 motsatt
851 1288 137 28 uppfattning

160 1314 88 22 häfdats
273 1316 6 20 i
304 1316 41 21 den
372 1317 145 21 betänkandet
544 1317 117 28 vidfogade
683 1317 69 28 tredje
776 1318 166 24 reservationen,
961 1317 27 27 på

160 1343 69 27 grund
253 1344 23 20 af
298 1344 86 22 hvilken
408 1346 26 20 R.
453 1353 18 13 o.
486 1346 26 20 A.
528 1346 33 20 för
577 1346 32 20 sin
626 1346 34 21 del
676 1345 88 21 afböjde
782 1345 122 21 Utskottets
921 1345 64 21 första

160 1371 88 29 förslag.
278 1372 104 29 Slutligen
399 1374 80 21 tillåter
493 1375 35 27 jag
540 1375 43 27 mig
598 1377 44 18 mot
657 1374 34 21 Hr
707 1374 109 21 Mechelin
832 1374 24 20 få
871 1374 117 25 framhålla,

160 1403 32 17 att
212 1400 226 24 Ekonomiutskottets
457 1403 296 28 sammanjemkningsförslag
772 1402 34 21 väl
823 1402 165 21 öfverensstäm-

160 1436 45 13 mer
213 1429 49 21 med
271 1430 37 20 det
318 1430 76 25 beslut,
405 1431 90 21 hvarvid
506 1431 162 21 Presteständet
680 1434 94 23 stannat,
784 1431 41 21 och
834 1434 31 18 att
876 1430 37 22 det
923 1430 64 22 otvif-

160 1457 106 29 velaktigt
280 1459 44 27 just
338 1466 77 20 genom
432 1460 41 20 den
489 1460 81 28 lydelse
586 1460 129 28 stadgandet
731 1460 38 20 här
784 1460 41 20 fätt
840 1460 93 25 innebär,
951 1462 37 18 att,

160 1486 77 21 endast
253 1494 33 14 om
299 1487 37 21 det
348 1488 94 21 försälda
448 1490 79 26 partiet
537 1488 139 22 utsädesvara
688 1490 23 20 är
721 1488 30 21 alt
767 1488 23 21 af
801 1496 80 13 samma
891 1488 46 28 slag
947 1488 40 21 och

156 1514 86 22 mindre
265 1517 26 19 än
315 1517 11 19 5
352 1516 110 28 kilogram,
485 1517 36 21 det
545 1517 46 21 icke
610 1519 24 19 är
652 1517 156 21 underkastadt
823 1516 164 28 förordningens
