1084 1789
209 126 24 17 R.
244 131 18 11 o.
275 126 36 16 A:s
323 125 238 21 helsningsdeputation
573 125 33 16 till
619 123 146 18 medständen.
846 118 27 21 13

73 201 41 14 vau
138 196 31 18 att
193 193 78 21 bevara
293 193 37 21 det
352 193 151 21 fäderneärfda
526 193 124 28 lagbundna
672 192 168 26 samhällsskick,
855 199 46 14 som

72 222 76 21 hittills
165 222 97 28 betingat
277 221 79 22 folkets
372 221 112 22 förkofran
501 221 40 22 och
557 221 69 28 lycka.

143 250 100 21 Likasom
266 250 25 21 R.
312 257 17 14 0.
353 251 26 20 A.
401 251 37 20 äro
459 250 95 21 förvisso
578 250 27 21 de
627 249 67 22 andra
709 249 91 22 stånden
815 257 87 20 genom-

73 279 91 28 trängda
185 279 23 21 af
228 279 128 27 riktigheten
372 278 23 21 af
409 279 63 21 dessa
489 279 139 28 synpunkter,
643 279 74 20 hvilka
732 291 28 3 —
776 277 34 22 mä
825 278 35 28 jag
879 277 23 21 fä

74 308 66 21 uttala
164 307 70 22 denna
260 307 145 29 förhoppning
421 320 27 3 —
464 307 62 21 skola
548 307 89 28 bidraga
659 307 33 21 till
708 310 31 18 att
753 308 52 26 göra
820 306 83 21 arbetet

74 336 36 21 vid
126 336 70 21 denna
212 335 103 28 landtdag
329 336 109 21 fruktbart
458 336 41 21 och
515 335 255 28 välsignelsebringande.
800 335 26 21 R.
841 342 19 13 o.
876 335 26 20 A.

73 365 83 28 hoppas
172 364 101 21 särskildt
288 365 23 20 af
326 364 183 28 Borgareständet
523 367 31 18 ett
568 364 54 28 godt
638 364 120 21 samarbete
774 364 34 21 för
823 364 79 20 lösnin-

73 401 42 20 gen
130 394 22 20 af
167 393 142 21 förevarande
325 393 189 28 maktpäliggande
535 393 111 28 spörsmål,
664 396 30 18 ett
709 393 53 28 godt
777 392 126 25 samarbete,

74 429 45 14 som
135 422 39 21 har
188 422 34 21 sin
237 421 68 28 grund
321 423 31 19 uti
375 421 42 22 den
440 422 37 21 vid
500 421 78 28 många
600 422 100 21 tillfällen
724 421 101 21 bevisade
847 428 56 13 sam-

74 450 162 28 stämmigheten
253 451 7 19 i
275 450 86 28 äsigter,
375 450 71 21 denna
462 450 47 21 åter
524 450 90 21 baserad
631 450 28 28 pä
672 450 91 20 likartad
776 450 126 27 uppfostran

74 479 42 21 och
130 478 126 28 utveckling
271 482 54 18 samt
340 478 91 22 likartad
448 479 142 21 verksamhet.

143 508 27 20 R.
185 514 18 14 o.
219 508 27 20 A.
261 507 61 21 utber
337 508 33 27 sig
385 510 32 18 att
432 507 135 21 fortfarande
582 507 24 21 fä
622 514 52 14 vara
685 507 120 21 innesluten
821 507 5 20 i
838 506 65 26 Eder,

75 536 57 21 Herr
146 536 96 27 Talman,
258 536 39 21 och
317 536 36 21 det
370 535 117 29 Vällofiliga
502 536 103 21 Ständets
622 536 87 28 välvilja
725 536 41 20 och
774 534 129 22 förtroende.

143 622 35 20 Hr
196 622 109 27 Ramsay
328 621 126 21 meddelade
478 624 31 18 att
532 622 42 20 han
590 622 55 20 hade
662 622 34 20 för
711 621 66 28 afsigt
792 624 31 18 att
838 620 64 22 fram-

75 650 47 21 föra
137 650 126 28 helsningen
278 650 32 21 till
326 650 163 21 Bondeständet
505 650 28 28 pä
548 650 68 21 finska
640 650 87 28 spräket
748 650 41 21 och
805 650 97 28 uppläste

76 686 28 14 nu
121 678 123 22 densamma
260 679 6 20 i
282 679 78 21 svensk
376 679 165 27 öfversättning,
556 678 24 22 sä
592 678 104 28 lydande:

182 735 175 28 Välförständige
372 735 97 27 Talman,
489 735 143 22 Hedervärda
648 735 151 21 Bondeständ!

144 792 104 22 Finlands
263 793 26 21 R.
304 800 19 14 o.
338 794 27 20 A.
381 793 62 21 utber
459 794 33 26 sig
507 796 32 18 att
554 800 77 20 genom
648 800 41 20 oss,
705 793 49 21 dess
766 792 137 29 deputerade,

76 821 23 21 fä
114 821 32 21 till
162 821 141 21 Hedervärda
325 821 165 22 Bondeständet
509 822 106 21 frambära
637 822 33 20 sin
694 821 153 28 aktningsfulla
863 820 40 22 och

76 850 85 28 vänliga
176 850 211 28 välkomsthelsning.

144 878 120 28 Allvarliga
279 878 40 22 och
335 879 178 28 bekymmerfulla
528 882 37 18 äro
580 880 7 20 i
603 880 92 26 sanning
708 879 26 21 de
748 878 155 26 förhällanden,

76 907 68 21 under
159 907 73 21 hvilka
247 907 78 21 folkets
341 911 173 25 representanter
529 908 71 20 denna
615 907 59 28 gäng
689 909 75 19 mötas.
794 907 43 21 Det
852 907 50 27 lugn

77 937 6 19 i
98 935 48 21 värt
161 936 86 28 statliga
269 936 53 28 läge,
345 944 44 13 som
413 937 81 27 utgjort
513 936 42 21 den
572 936 64 21 säkra
650 936 133 27 grundvalen
799 936 34 20 för
849 943 54 13 sam-

76 964 76 21 hällets
172 964 117 26 förkofran,
311 964 38 21 hgr
372 964 58 29 bytts
453 966 6 19 i
483 972 38 13 oro
544 965 41 20 och
607 964 102 21 ovisshet.
740 964 125 21 Sväfvande
881 966 23 18 är

77 994 57 19 ännu
156 992 42 21 den
218 992 61 29 djupt
293 993 126 28 ingripande
435 993 68 28 fräga,
519 1001 46 13 som
581 993 35 21 för
631 996 31 18 ett
677 993 23 21 är
715 993 66 21 sedan
797 992 106 21 förelades

77 1021 120 21 Ständerna
219 1021 37 21 vid
279 1022 76 21 urtima
379 1022 114 27 landtdag;
509 1025 54 18 stort
578 1023 24 20 är
617 1021 77 22 mättet
709 1022 23 20 af
747 1021 27 22 de
787 1021 53 22 offer
855 1021 50 21 dess

77 1049 85 28 lösning
184 1050 54 21 skall
255 1050 74 21 kräfva
345 1050 23 21 af
382 1050 105 21 Finlands
503 1051 53 20 folk.
586 1050 116 28 Samtidigt
717 1050 48 21 med
781 1049 27 22 de
823 1049 82 28 svärig-

76 1078 66 26 heter,
158 1085 45 14 som
219 1079 86 20 härmed
321 1079 135 27 sammanstä,
472 1079 66 21 hafva
554 1079 163 21 förhäliandena
733 1079 27 28 pä
776 1079 35 20 det
827 1079 78 20 ekono-

77 1107 69 20 miska
161 1107 73 21 lifvets
250 1107 91 26 omräde,
356 1107 67 22 under
439 1107 127 29 inflytandet
582 1108 22 21 af
620 1107 37 21 det
672 1108 106 20 allmänna
789 1108 116 27 penninge-

77 1135 63 28 läget,
162 1135 130 22 försämrats.
321 1135 80 22 Härtill
424 1136 85 21 komma
531 1138 56 19 ännu
604 1136 26 21 de
646 1136 101 21 störande
762 1136 105 28 följderna
883 1135 22 21 af

78 1167 86 18 senaste
185 1164 34 21 ärs
242 1165 6 20 i
269 1164 50 21 flere
338 1164 123 22 landsdelar
477 1165 71 28 däliga
564 1165 72 26 skörd,
651 1165 147 21 förödelserna
813 1165 22 20 af
849 1163 57 22 vidt-

78 1193 133 20 omfattande
226 1193 199 28 öfversvämningar
440 1193 41 22 och
497 1193 129 22 förlusterna
642 1194 42 20 ien
693 1193 67 26 redan
768 1193 58 21 förut
833 1193 73 28 knapp

79 1221 268 22 landtmannaarbetskraft
369 1229 78 20 genom
471 1230 26 13 en
514 1223 6 20 i
536 1222 94 21 oroande
645 1222 53 27 grad
713 1221 126 29 tilltagande
855 1222 51 20 emi-

78 1250 90 27 gration.
191 1250 66 21 Detta
272 1250 97 28 sakläges
385 1251 118 28 inflytande
515 1251 28 28 pä
552 1251 27 20 de
593 1251 93 20 ärenden
699 1251 23 20 af
732 1250 96 21 finansiel
838 1253 69 22 natur,

78 1285 46 14 som
140 1278 106 28 föreligga
268 1279 125 26 Ständerna,
409 1279 40 21 och
465 1279 89 22 alldeles
570 1279 103 21 särskildt
687 1279 29 28 pä
731 1279 26 22 de
773 1279 34 21 för
822 1278 84 21 landets

79 1307 117 21 materiella
210 1307 111 21 förkofran
337 1307 168 28 betydelsefulla
519 1308 210 28 jernvägsfrägorna,
742 1308 88 27 skärpes
840 1310 67 25 ytter-

79 1335 65 28 ligare
163 1335 67 26 deraf,
246 1339 31 18 att
292 1335 131 22 Ständernas
439 1337 98 28 kalkyler
552 1344 28 13 nu
596 1336 61 21 skola
672 1336 89 21 omfatta
777 1344 25 13 en
817 1336 32 21 till
859 1335 48 28 fyra

78 1364 24 20 år
114 1363 98 29 förlängd
229 1365 80 28 period.

150 1392 74 22 Under
245 1393 79 21 sådana
339 1393 150 22 förhållanden
506 1394 73 21 ställas
595 1393 71 22 denna
681 1394 57 27 gång
753 1393 94 22 förvisso
863 1400 44 13 mer

79 1423 27 19 än
122 1421 82 28 vanligt
228 1424 56 19 stora
299 1421 92 28 anspråk
407 1422 28 28 på
450 1423 210 27 representationens
677 1423 71 26 insigt,
764 1421 143 22 förtänksam-

79 1450 36 21 het
138 1450 41 21 och
201 1450 94 21 klokhet.
324 1451 53 20 Men
393 1451 91 20 framför
499 1451 30 20 alt
545 1450 108 21 erfordras
668 1451 42 20 den
726 1450 113 28 frimodiga
855 1450 52 21 fast-

79 1478 42 27 het,
144 1485 45 15 som
212 1478 38 21 har
275 1479 32 20 sin
322 1482 34 17 rot
371 1480 7 19 i
393 1479 42 21 den
451 1481 78 26 öppna,
544 1479 178 21 förtroendefulla
738 1479 126 21 samverkan
880 1478 27 21 de

79 1507 70 21 skilda
171 1507 91 21 stånden
285 1507 95 26 emellan,
402 1507 41 22 och
467 1507 42 21 den
530 1507 116 21 tillitsfulla
661 1507 117 21 förtröstan
794 1515 34 13 om
843 1507 64 20 fram-
