1081 1789
323 129 153 20 Vintersjöfart
487 129 60 17 öfver
558 129 145 21 vintervägar.
854 122 40 21 267

166 197 34 22 Hr
217 197 35 21 W.
266 197 69 21 Ram
346 205 51 20 say
413 197 71 21 anhöll
500 197 76 21 härvid
592 204 34 14 om
642 197 63 21 ordet
719 197 42 22 och
775 196 94 29 yttrade:
892 195 32 22 På

96 226 61 21 sidan
179 227 13 20 9
214 227 30 20 uti
267 225 124 22 Utskottets
410 225 136 22 betänkande
561 225 109 22 meddelas
687 228 32 18 att
735 225 126 22 »Utskottet
875 225 48 21 icke

97 255 81 20 kunnat
196 253 71 29 undgå
286 257 31 18 att
335 254 78 21 beakta
428 254 101 21 hurusom
546 262 25 13 en
588 254 136 28 lagstiftning
738 254 90 21 rörande
844 254 79 21 vinter-

95 283 103 28 sjöfarten
214 283 7 20 i
236 283 98 26 farleder,
349 283 63 21 öfver
426 283 73 21 hvilka
515 283 137 28 vintervägar
662 283 37 20 äro
709 282 98 29 anlagda,
818 282 104 21 delvis

95 311 78 21 hänför
188 312 32 27 sig
235 311 32 21 till
286 311 304 28 vattenrättslagstiftningens
606 311 93 26 område,
715 311 64 21 hvars
794 311 93 21 revision
900 312 23 19 är

96 340 89 21 föremäl
201 340 34 21 för
250 347 25 14 en
292 340 65 28 nädig
371 341 134 27 proposition
522 339 35 22 vid
569 339 146 22 innevarande
726 335 121 58 landtdag>
860 339 61 21 Inom

95 368 114 22 Utskottet
230 369 136 20 framstäldes
389 369 67 21 också
478 368 96 29 yrkande
595 368 29 29 på
638 371 32 18 att
685 368 59 21 detta
760 370 78 19 ärende
853 367 68 22 skulle

94 397 125 28 hänskjutas
238 397 30 21 till
284 397 250 27 Vattenrättsutskottet,
550 405 48 13 men
614 397 116 21 Allmänna
745 396 176 22 Besvärsutskot-

94 429 42 17 tets
151 425 68 21 flertal
235 425 66 28 ansåg
315 427 33 26 sig
363 425 149 21 oförhindradt
528 428 31 18 att
574 433 53 20 egna
643 425 67 21 saken
726 426 32 20 sin
774 425 106 28 pröfning.

165 454 156 21 Medgifvande
337 457 31 18 att
383 454 117 21 Allmänna
512 454 202 21 Besvärsutskottet
726 455 55 20 varit
793 452 128 29 berättigadt

94 485 32 18 att
149 462 104 42 behandla
272 483 117 27 petitionen
406 482 48 22 med
472 482 83 29 hänsyn
572 482 70 22 dertill
658 485 32 19 att
705 482 27 22 de
747 483 32 20 uti
794 482 41 21 den
851 482 70 21 öfver-

95 511 91 28 klagade
202 511 214 21 missförhållandena
432 512 76 20 endast
523 512 32 20 till
574 519 26 13 en
614 514 79 25 ytterst
707 512 62 27 ringa
784 511 35 21 del
835 511 85 21 beröras

94 540 24 20 af
140 540 103 28 förslaget
265 540 32 20 till
319 540 36 28 lag
377 547 35 14 om
436 540 138 21 vattenrätt
571 536 14 36 i
598 540 48 21 dess
663 540 124 21 nuvarande
803 540 117 27 affattning,

94 568 65 22 hafva
184 568 116 21 emellertid
324 568 33 25 de,
379 576 47 14 som
448 569 96 21 önskade
566 576 26 14 en
609 576 70 14 annan
695 568 58 28 gång
769 568 36 22 vid
821 567 98 22 ärendets

93 597 138 27 granskning,
247 597 74 21 altmer
344 597 90 21 kommit
448 598 33 20 till
497 597 41 21 den
554 597 160 28 öfvertygelsen
731 600 31 18 att
777 597 70 21 denna
857 596 61 28 fråga

93 633 33 13 om
144 626 146 28 vintersjöfart
305 626 40 21 och
361 628 42 19 rätt
418 626 32 21 till
467 628 65 26 vägar
548 626 27 28 på
591 626 45 21 isen
652 626 42 20 kan
711 626 100 20 hänföras
826 625 32 21 till
873 632 45 14 om-

93 654 62 21 rådet
175 654 34 21 för
225 654 292 28 vattenrättslagstiftningen
533 656 41 20 och
590 654 72 21 säkert
677 654 69 21 skulle
763 656 65 19 vinna
844 653 27 29 på
887 656 30 18 att

94 682 116 22 behandlas
226 684 6 20 i
248 683 101 21 samband
367 683 48 21 med
431 683 41 21 den
490 683 76 28 nådiga
582 684 141 27 proposition,
734 690 46 14 som
791 684 62 26 utgör
861 682 56 21 före-

94 711 40 21 mål
150 711 35 21 för
201 711 253 22 Vattenrättsutskottets
470 712 78 21 arbete.

163 740 43 21 Det
228 742 23 19 är
274 740 123 28 visserligen
414 744 48 17 sant
478 743 31 18 att
524 742 83 26 strängt
622 743 59 25 taget
697 740 77 21 endast
790 741 10 20 1
818 740 47 28 kap.
882 739 34 27 18

93 769 30 20 uti
147 768 102 28 förslaget
271 768 32 21 till
324 769 35 27 lag
381 776 34 14 om
439 771 121 23 vattenrätt,
576 769 38 21 der
629 768 37 22 det
681 769 54 21 talas
751 776 33 14 om
801 771 31 18 att
847 768 68 21 farled

93 797 40 21 och
160 797 122 28 kungsådra
297 797 61 21 skola
377 797 81 21 lemnas
474 800 78 26 öppna,
568 798 62 20 berör
646 797 41 21 den
704 797 151 26 rättskonflikt,
870 804 45 14 som

94 826 133 28 uppkommit
249 826 76 20 mellan
349 826 89 21 idkaren
462 826 23 21 af
501 826 164 28 vintersjötrafik
688 826 40 21 och
744 826 55 27 dem,
815 833 45 13 som
876 832 39 20 ega

92 856 42 18 rätt
147 854 32 21 till
189 856 66 26 vägar
265 854 27 28 på
303 855 52 25 isen,
365 862 47 13 men
426 854 65 22 äfven
502 854 67 22 andra
580 854 125 29 paragrafer
715 862 64 20 synas
790 855 43 27 mig
844 854 71 20 kunna

93 882 86 28 bringas
198 884 6 20 i
227 883 90 21 kontakt
339 883 47 21 med
408 883 70 21 denna
493 884 68 27 fråga,
577 883 107 28 nämligen
700 884 12 26 &
728 884 27 20 25
772 884 10 20 1
800 883 54 28 kap.,
869 890 45 13 som

91 910 90 22 handlar
209 919 32 13 om
272 911 85 26 »skada,
383 919 46 14 som
455 912 133 21 omedelbart
611 919 78 21 genom
715 911 137 28 vattendrags
879 911 35 21 be-

92 940 88 21 farande
202 940 86 21 orsakas
311 940 13 20 å
346 948 82 13 annans
451 941 59 21 mark
526 941 51 21 eller
592 940 93 28 lagligen
701 940 112 22 tillkomna
827 940 87 27 anlägg-

92 969 63 27 ning»
173 968 40 21 och
229 970 10 26 $
249 970 34 25 27,
297 976 46 13 som
358 969 91 21 handlar
464 976 34 14 om
513 971 43 19 rätt
570 972 32 17 att
617 969 90 28 anlägga
725 969 37 21 bro
773 969 62 20 öfver
845 968 68 21 farled

91 997 41 20 och
148 997 127 28 kungsådra.

161 1026 40 20 Att
229 1026 41 21 den
301 1026 48 21 nåd.
378 1034 60 21 prop.
468 1025 146 22 öfverhufvud
643 1025 49 22 icke
717 1025 117 22 innehåller
856 1025 58 21 stad-

91 1053 92 28 ganden,
205 1061 44 14 som
273 1054 70 22 direkt
357 1055 101 28 hänsyfta
482 1055 28 28 på
531 1062 27 13 nu
578 1054 149 28 föreliggande
742 1054 44 26 fall,
802 1054 62 21 beror
880 1053 34 22 väl

92 1082 67 29 derpå
186 1086 31 17 att
239 1083 117 21 detsamma
378 1085 24 19 är
423 1084 24 21 så
470 1086 47 25 nytt
540 1083 41 21 och
604 1083 127 26 oförutsedt,
746 1086 31 18 att
791 1082 80 21 tanken
887 1082 28 28 på

92 1111 147 28 vintersjöfart
261 1113 6 19 i
283 1112 130 27 skärgården
430 1112 41 21 och
487 1112 49 21 dess
552 1111 78 29 följder
645 1111 35 21 för
695 1111 89 22 trafiken
802 1111 27 28 på
844 1112 71 20 isarna

91 1139 34 21 för
148 1139 41 22 den
212 1140 85 25 komité,
315 1148 45 13 som
382 1141 103 28 uppgjort
500 1141 104 27 förslaget
619 1140 32 21 till
667 1142 124 25 vattenrätt,
807 1139 108 22 förblifvit

91 1168 43 21 lika
150 1169 133 20 främmande
304 1176 45 14 som
366 1169 41 21 den
424 1170 57 20 varit
495 1169 35 21 för
544 1169 41 21 den
602 1169 58 20 äldre
677 1169 169 27 lagstiftningen.
871 1168 44 21 Det

91 1197 42 20 kan
154 1198 18 27 ej
189 1197 50 21 bero
255 1197 66 28 derpå
336 1201 32 18 att
383 1198 71 21 denna
469 1197 61 28 fråga
546 1199 6 20 i
568 1198 32 20 sin
616 1197 73 22 helhet
704 1197 69 21 skulle
788 1197 53 21 falla
855 1200 59 17 utom

91 1225 97 22 området
210 1225 34 22 för
267 1226 298 28 vattenrättslagstiftningen.
594 1226 34 28 Ty
650 1233 35 14 em
707 1226 36 28 jag
765 1227 44 20 rätt
829 1225 86 21 förstått

90 1255 113 26 meningen
227 1254 48 21 med
295 1254 129 27 densamma,
440 1257 24 18 är
482 1255 41 20 den
540 1255 64 20 bland
620 1257 65 18 annat
701 1254 66 21 också
781 1254 133 21 tillkommen

90 1282 34 21 för
139 1285 32 18 att
185 1283 61 28 skipa
261 1284 88 20 rättvisa
365 1284 77 21 mellan
458 1283 27 21 de
500 1283 90 28 stridiga
602 1283 112 26 intressen,
724 1290 45 14 som
782 1283 71 20 kunna
861 1289 54 21 upp-

90 1311 85 21 komma
190 1311 77 22 mellan
282 1311 13 21 &
311 1319 39 14 ena
365 1312 62 21 sidan
444 1312 33 27 de,
488 1319 45 14 som
550 1312 68 28 bygga
634 1311 41 22 och
691 1311 27 22 bo
734 1312 27 27 på
771 1311 105 22 hvardera
887 1311 28 20 si-

89 1339 42 21 dan
155 1347 34 14 om
212 1343 31 18 ett
265 1340 132 28 vattendrag,
419 1341 39 20 der
480 1340 68 21 farled
565 1340 40 21 och
621 1340 123 28 kungsådra
758 1340 35 21 för
807 1339 108 26 trafikens,

89 1367 128 29 flötningens
240 1369 40 20 och
302 1369 67 21 andra
391 1369 193 27 omständigheters
600 1369 56 21 skull
672 1369 55 20 skall
742 1369 80 21 lemnas
837 1369 77 27 öppen,

89 1400 56 17 samt
167 1397 13 20 å
202 1397 65 21 andra
290 1397 60 21 sidan
373 1397 32 27 de,
428 1405 46 14 som
491 1397 97 28 begagna
600 1397 33 28 sig
648 1397 23 21 af
687 1397 62 22 dessa
765 1396 94 22 farleder
874 1396 40 21 och

91 1425 128 28 kungsädra.

157 1453 132 22 Fördelarna
311 1454 22 21 af
356 1457 30 18 att
407 1454 71 21 denna
494 1455 61 27 fräga
571 1461 34 14 om
621 1454 165 28 vintersjötrafik
802 1453 41 22 och
858 1454 57 20 isvä-

88 1489 38 20 gar
148 1482 65 21 redan
236 1482 36 21 vid
288 1483 144 21 innevarande
454 1483 104 28 landtdag
573 1483 116 21 behandlas
705 1483 23 20 af
743 1482 172 23 Vattenrättsut-

88 1510 82 21 skottet
185 1511 67 27 ligger
267 1511 34 21 för
315 1513 71 26 öppen
402 1511 48 28 dag.
