1081 1792
198 122 26 20 98
441 129 25 16 R.
480 134 17 11 o.
510 129 25 16 A.
549 129 63 17 1900.
637 129 25 16 10
672 129 62 16 Febr.

169 196 49 28 diga
234 196 41 21 och
291 198 75 26 utgöra
380 196 97 28 grunden
493 197 35 21 för
542 197 29 21 all
587 197 137 21 verksamhet
738 198 59 20 inom
813 205 25 13 en
855 197 35 21 del
905 198 95 21 lefnads-

169 224 72 22 banor.
272 225 40 21 Att
334 225 47 21 icke
404 227 77 19 nämna
502 228 14 18 t.
535 233 33 13 ex.
584 226 228 28 läkarevetenskapen,
828 226 24 21 sä
868 226 37 22 vill
920 227 35 27 jag
971 234 27 13 nu

168 253 77 21 endast
267 254 55 20 fästa
342 254 216 28 uppmärksamheten
575 254 35 21 vid
627 254 134 22 naturlärans
777 254 161 28 öfvervägande
954 256 45 26 vigt

168 282 34 20 för
224 282 43 21 alla
289 282 54 27 dem,
366 282 73 22 hvilka
462 290 54 20 egna
535 283 33 27 sig
587 282 23 22 ät
625 282 27 22 de
668 290 17 14 s.
700 283 19 21 k.
736 283 111 28 praktiska
861 283 82 29 yrkena
958 284 41 20 och

168 310 34 21 mä
220 311 36 27 jag
276 318 24 14 ur
315 311 41 21 den
372 311 113 29 synvinkel
500 312 36 28 jag
552 312 77 21 främst
645 312 109 20 betraktar
770 312 75 28 frägan
863 312 84 28 päpeka
962 320 37 12 na-

167 339 218 22 turvetenskapernas
401 340 110 28 betydelse
527 340 71 21 säsom
614 340 70 28 grund
699 340 35 21 för
748 340 29 21 all
793 340 154 29 undervisning
958 340 40 22 och

168 368 99 28 kunskap
285 369 7 20 i
303 344 147 56 landtbruket.

237 396 47 22 Allt
299 396 59 22 detta
373 397 67 21 måste
455 398 35 27 jag
504 398 118 20 förutsätta
637 397 70 21 såsom
723 398 89 20 allmänt
827 398 96 21 erkändt.

238 425 55 21 Lika
309 426 135 28 enstämmigt
459 426 124 21 framhålles
603 426 37 21 det
656 426 118 21 emellertid
791 426 65 21 också
871 426 28 28 på
914 427 41 21 alla
971 426 27 22 de

168 453 49 27 håll,
239 453 40 22 der
301 462 48 13 man
372 455 55 20 varit
442 456 7 19 i
464 455 84 21 tillfälle
572 458 32 18 att
626 456 96 20 närmare
738 456 56 20 sätta
809 456 33 27 sig
857 456 21 20 in
894 456 6 20 i
917 456 26 20 de
958 456 39 20 hos

168 490 35 13 oss
219 483 28 27 på
259 482 60 22 detta
333 483 60 27 gebit
407 483 95 21 rådande
518 483 170 26 förhållandena,
704 486 31 18 att
750 486 59 18 stora
825 484 77 21 brister
912 484 85 21 härvid-

168 511 35 27 lag
217 511 54 21 råda
286 512 6 20 i
309 511 47 21 vårt
371 512 49 20 land
437 512 40 21 och
492 515 32 18 att
540 512 41 21 den
598 512 98 28 djupaste
712 512 97 28 grunden
826 512 71 21 härtill
912 512 44 22 står
966 516 32 18 att

168 540 63 21 sökas
247 540 7 21 i
271 540 36 21 det
322 540 122 28 obetydliga
459 548 45 14 rum
520 540 184 28 undervisningen
719 542 6 20 i
742 541 187 21 naturalhistorien
942 542 55 20 inta-

167 576 38 20 ger
220 568 28 28 på
264 568 51 22 våra
331 569 199 21 elementarskolors
546 569 152 29 läroprogram.
720 570 44 27 Jag
779 570 38 20 har
831 570 64 21 äfven
909 570 34 20 för
953 571 42 19 min

168 597 34 21 del
218 597 66 21 redan
300 597 116 22 framhållit
431 598 60 21 detta
507 599 6 20 i
529 598 41 21 den
587 599 97 27 petition,
694 606 46 13 som
756 598 24 21 af
790 599 43 27 mig
848 599 5 20 i
871 598 58 21 detta
939 598 57 28 syfte

167 626 89 21 väcktes
280 626 36 20 vid
334 629 84 18 senaste
436 626 88 28 lagtima
542 626 109 28 landtdag,
670 627 41 21 och
726 626 96 22 anhåller
836 628 35 27 jag
887 630 31 18 att
933 627 64 21 vörd-

168 657 55 18 samt
238 654 24 21 få
277 654 90 22 hänvisa
381 655 32 21 till
429 655 125 21 densamma
570 655 40 21 och
626 656 38 20 det
679 655 102 22 deröfver
796 656 82 27 afgifna
894 656 103 21 utskotts-

167 683 153 27 betänkandet,
342 691 46 13 som
410 684 81 21 lemnar
510 684 76 28 många
606 684 43 21 lika
666 684 119 25 värdefulla
801 692 44 13 som
862 684 134 28 upplysande

167 712 115 28 uppgifter.

235 740 173 22 Förhållandena
431 741 28 28 på
481 741 59 21 detta
559 741 87 21 område
662 741 66 21 hafva
744 741 118 21 emellertid
878 741 27 28 på
921 749 74 13 senare

166 769 24 21 år
213 769 116 28 ingalunda
351 770 132 27 förbättrats,
499 773 50 18 utan
566 777 86 14 snarare
668 770 129 26 försämrats,
814 770 45 28 ithy
874 773 32 17 att
921 778 72 13 exem-

166 798 69 28 pelvis
259 798 156 28 verkningarne
439 798 23 21 af
483 798 43 21 den
548 802 87 17 senaste
654 798 173 28 förskjutningen
846 798 23 21 af
885 798 110 22 undervis-

166 827 177 27 ningstimmarne
359 828 6 20 i
381 827 173 21 naturalhistoria
570 828 56 20 inom
644 827 243 21 elementarläroverken
903 827 54 21 först
968 827 27 28 på

166 854 26 22 de
216 858 85 18 senaste
324 855 51 21 åren
391 856 56 21 visat
463 856 45 21 sina
524 856 131 27 verkningar
670 855 28 27 på
713 855 27 21 de
756 856 113 27 lärjungar,
885 863 46 13 som
946 856 50 20 sökt

165 883 84 21 inträde
265 884 7 20 i
288 884 26 21 de
333 884 65 27 högre
417 884 298 27 undervisningsanstalterna
730 884 35 21 för
781 884 95 27 praktisk
893 884 102 27 bildning.

234 912 102 21 Närmast
358 913 23 20 af
403 913 59 20 detta
484 913 46 21 skäl
553 913 41 21 och
617 912 35 21 för
674 913 42 20 min
736 912 36 21 del
791 912 106 21 förvissad
914 920 33 13 om
963 916 32 17 att

165 941 71 20 denna
252 941 35 20 för
302 941 48 21 vårt
365 941 61 21 lands
442 941 140 21 ekonomiska
597 941 198 21 framåtskridande
807 941 24 20 så
842 941 81 27 vigtiga
934 941 61 27 fråga

165 972 59 18 snart
247 969 68 21 måste
337 969 63 26 lösas,
423 977 34 14 om
480 971 21 20 vi
524 969 147 22 öfverhufvud
690 969 60 21 skola
766 969 72 21 kunna
853 969 57 21 hålla
924 970 71 27 jemna

164 1001 48 24 steg
235 998 49 21 med
307 998 153 28 utvecklingen
482 999 58 20 inom
559 998 67 21 andra
644 998 25 21 så
684 999 6 20 i
706 998 104 21 afseende
825 997 13 22 å
853 997 85 22 klimat-
954 998 40 21 och

164 1026 215 21 naturförhållanden
402 1034 45 14 som
470 1027 50 21 med
537 1027 83 28 hänsyn
636 1027 32 20 till
684 1026 165 21 skolväsendets
865 1027 129 28 anpassning

164 1055 58 20 efter
245 1055 70 21 tidens
338 1055 49 21 kraf
410 1056 116 27 lyckligare
545 1055 81 21 lottade
642 1055 80 26 länder,
738 1055 67 28 vågar
819 1055 41 28 jag,
874 1055 121 28 upprepadt

165 1083 106 28 vädjande
294 1084 33 21 till
349 1084 56 21 hvad
428 1092 46 13 som
493 1084 36 21 vid
547 1085 54 20 1897
618 1084 34 21 års
668 1083 105 28 landtdag
787 1083 102 21 anfördes
904 1084 32 20 till
951 1083 43 22 för-

164 1112 49 21 mån
229 1112 35 21 för
279 1119 26 14 en
321 1112 79 21 reform
416 1113 7 20 i
438 1113 59 20 detta
513 1113 61 28 syfte,
590 1112 110 21 vördsamt
716 1112 82 21 föreslå

440 1172 33 19 att
496 1170 126 21 Ständerna
645 1170 51 21 ville
719 1170 39 21 hos
782 1169 65 21 Hans
871 1169 122 28 Kejserliga

372 1199 104 27 Majestät
498 1199 161 27 underdånigst
681 1199 94 20 anhålla
797 1205 36 14 om
850 1198 79 27 åtgärd
943 1198 48 21 der-

370 1227 52 27 hän,
433 1229 34 19 att
476 1227 24 21 åt
510 1227 190 28 undervisningen
710 1227 10 20 i
729 1227 188 21 naturalhistoria
926 1227 67 20 måtte

373 1256 88 21 beredas
476 1263 28 14 en
518 1256 126 27 förbättrad
658 1255 110 28 ställning
783 1255 10 21 i
807 1255 85 21 landets
902 1255 92 21 elemen-

371 1285 141 20 tarläroverk.

231 1341 139 28 Helsingfors
386 1341 42 21 den
445 1343 26 20 10
486 1341 103 21 Februari
606 1342 62 21 1900.

722 1392 53 21 Nils
794 1392 127 27 Grotenfelt.

230 1450 12 21 I
258 1451 95 27 enlighet
368 1450 48 21 med
433 1451 153 27 petitionärens
602 1449 100 22 anhållan
717 1448 148 23 remitterades
881 1448 58 21 detta
955 1456 37 20 pe-

160 1479 157 28 titionsförslag
331 1479 33 21 till
379 1479 114 21 Allmänna
509 1479 207 21 Besvärsutskottet.
