1084 1764
185 121 41 21 220
421 127 24 16 R.
460 131 17 12 o.
489 127 25 16 A.
527 127 62 17 1900.
607 127 24 16 16
643 127 65 16 Mars.

157 195 176 21 luottamustoimi
355 195 104 21 uskotaan
480 195 95 27 naiselle,
590 195 48 21 eikä
653 195 116 28 myöskään
785 195 34 21 ole
835 195 55 21 siinä
905 195 80 21 kuinka

158 224 54 28 laaja
227 224 75 21 naisen
318 226 98 19 osanotto
427 224 144 21 kunnallisten
582 224 109 21 tehtävien
702 225 172 20 suorittamiseen
885 231 34 18 on,
930 231 55 14 vaan

157 253 59 25 siinä,
233 254 45 19 että
293 259 23 14 se
331 252 83 27 kehitys
430 253 83 20 naisten
527 252 126 21 oikeuksien
664 252 187 29 laajentamiseksi,
861 253 44 27 jota
917 259 69 14 emme

157 281 36 20 voi
208 281 21 28 ja
244 281 44 28 jota
304 288 67 14 emme
386 281 65 21 tahdo
467 284 116 24 vastustaa,
600 281 77 21 kulkee
693 281 90 21 oikeaan
799 283 111 19 suuntaan.
939 281 48 28 Nyt

157 310 86 27 esitetty
260 309 90 22 ehdotus
366 309 119 27 sellaisena,
495 309 52 22 kuin
558 317 23 14 se
591 309 156 22 Valiokunnan
758 310 138 21 mietinnössä
907 309 80 28 löytyy,

157 339 19 20 ei
192 338 43 28 jätä
251 338 93 22 leskelle,
358 338 51 28 jolla
424 345 27 14 on
467 338 66 28 perhe
548 338 188 26 hoidettavanaan,
749 341 91 26 vapaata
851 338 71 21 valtaa
933 338 53 21 kiel-

157 368 73 27 täytyä
246 367 118 20 sellaisesta
380 367 222 26 luottamustoimesta,
617 367 64 28 johon
696 367 197 28 kaupunkikunnan
903 367 82 28 jäsenet

158 396 74 20 voivat
254 395 65 21 hänet
342 396 83 20 vastoin
448 395 69 21 hänen
540 395 101 21 tahtoaan
658 395 70 21 valita.
758 395 140 21 Ensimäinen
915 397 72 18 vasta-

158 423 116 22 lausekaan
297 425 19 20 ei
340 427 34 18 ota
397 425 45 20 tätä
464 424 88 22 seikkaa
574 424 140 21 huomioonsa
737 425 54 20 siinä
812 425 107 20 määrässä
933 423 52 21 kuin

159 453 56 20 minä
239 452 120 29 puolestani
382 452 61 21 olisin
460 453 105 21 toivonut.
595 452 69 21 Perhe
680 452 41 29 käy
737 459 68 14 ennen
822 452 86 21 kuntaa.
930 451 56 22 Kat-

158 488 51 13 soen
234 482 38 20 siis
292 481 66 21 siihen
382 483 43 19 että
448 481 80 28 samoja
544 482 83 25 asioita,
641 481 52 28 joita
708 481 65 28 pidän
793 481 192 28 periaatteellisesti

158 509 109 26 tärkeänä,
288 509 109 22 kuitenkin
420 511 50 19 tänä
486 509 65 22 iltana
567 517 27 14 on
610 510 129 27 lämpimästi
755 510 139 27 puolustettu,
909 509 76 21 rohke-

158 545 40 14 nen
220 537 102 22 ehdottaa
338 540 43 19 että
399 537 151 22 Valiokunnan
567 539 96 20 mietintö
679 538 168 28 palautettaisiin
867 537 120 22 Valiokun-

158 570 48 17 taan
223 566 118 21 uudestaan
357 567 208 21 muodostettavaksi
581 567 68 21 siihen
665 569 105 19 suuntaan
787 569 44 19 että
842 566 143 29 perheellinen

159 595 77 21 nainen
258 596 19 20 ei
298 595 33 21 ole
351 596 83 20 vastoin
455 595 112 22 tahtoansa
583 595 156 22 vaalinalainen
755 595 138 22 kunnallisiin
909 595 78 21 luotta-

159 624 137 21 mustoimiin.

227 681 35 21 Hr
278 681 24 21 L.
317 681 156 22 Mechelin:
496 681 42 28 Jag
554 682 134 21 konstaterar
704 681 81 24 endast,
801 684 32 18 att
848 681 34 21 Hr
892 681 94 28 Ramsay

159 709 66 28 nägot
241 709 117 22 modifierat
374 711 32 20 sin
421 711 68 20 första
504 710 134 29 ständpunkt
652 717 77 21 genom
745 713 32 18 att
792 717 28 14 nu
835 709 104 22 beteckna
949 709 36 22 det

160 738 71 26 behof,
254 746 46 13 som
323 739 37 20 här
382 740 24 19 är
427 739 61 28 fråga
504 746 41 19 om,
561 739 70 21 såsom
647 739 45 21 icke
707 739 140 27 synnerligen
862 738 125 28 trängande.

159 767 34 20 Hr
208 767 94 28 Ramsay
318 767 38 21 har
370 767 68 22 tillika
454 767 82 26 uttalat,
551 771 32 17 att
598 775 47 13 man
661 767 69 21 skulle
746 767 56 21 finna
818 767 61 21 bevis
894 770 44 18 mot
949 767 36 20 be-

158 795 131 28 höfligheten
309 796 22 21 af
352 797 106 26 gvinnans
474 795 111 22 valbarhet
599 796 69 21 deruti
684 799 32 18 att
730 799 15 18 t.
761 803 32 14 ex.
809 795 178 22 stadsfullmäkti-

158 831 38 20 ges
212 824 84 21 utskott
311 825 47 20 icke
373 825 89 20 inkallat
477 825 92 28 gvinnor
584 825 31 20 till
631 825 147 28 rädplägning,
789 824 66 21 ehuru
867 824 26 21 de
904 824 82 21 kunnat

158 854 52 26 göra
233 853 43 20 det.
304 852 42 29 Jag
366 856 44 18 tror
431 853 34 20 för
480 854 42 20 min
538 853 35 21 del
589 853 59 21 detta
663 854 66 20 motiv
745 853 48 21 icke
809 860 52 14 vara
876 853 28 28 pä
919 852 69 21 allvar

159 881 93 21 menadt.
282 881 33 28 'Ty
331 881 24 22 sä
370 881 62 28 länge
448 881 279 28 kommunalförfattningen
744 881 73 22 ställer
826 882 119 27 gvinnorna
957 881 29 28 pä

159 909 41 21 den
216 909 139 28 ständpunkt,
371 913 31 18 att
417 910 27 21 de
460 910 54 21 blott
528 910 67 21 hafva
611 910 188 28 skattskyldighet,
814 917 48 14 men
878 909 47 22 icke
941 909 45 21 del-

158 938 98 27 aktighet
272 939 5 20 i
294 939 86 20 stadens
396 939 95 28 styrelse,
506 939 24 20 sä
546 939 76 27 bjuder
637 939 33 21 väl
686 938 196 29 grannlagenheten
896 941 32 18 att
938 937 49 22 icke

159 967 78 20 inkalla
261 966 48 21 dem
332 968 6 19 i
361 967 83 21 utskott
464 967 34 21 för
518 967 163 22 underlättande
697 967 23 21 af
735 967 26 21 de
778 967 92 27 manliga
885 966 101 21 medlem-

159 1002 83 14 marnas
261 995 103 28 uppdrag.

227 1023 66 21 Hvad
316 1024 45 21 äter
377 1024 132 21 vidkommer
524 1024 37 21 det
577 1024 22 21 af
614 1024 34 21 Hr
663 1024 23 21 af
702 1024 117 21 Hällström
835 1023 90 22 anförda
942 1031 44 14 mo-

158 1053 59 25 tivet,
241 1055 45 18 tror
305 1053 35 27 jag
362 1054 43 26 mig
427 1053 66 21 hafva
514 1053 81 20 bemött
610 1053 117 21 detsamma
742 1053 6 20 i
764 1054 49 19 mitt
827 1052 99 28 yttrande
942 1056 44 17 mot

157 1080 59 21 Frih.
235 1080 77 21 Wrede
328 1081 40 21 och
386 1083 23 19 är
424 1081 129 28 öfvertygad
569 1089 34 13 om
619 1084 32 18 att
665 1081 70 28 någon
752 1081 55 21 väda
824 1081 34 20 för
873 1084 32 17 att
920 1081 69 20 enkor

158 1109 68 20 under
248 1109 112 21 ömmande
384 1110 148 21 förhållanden
556 1110 69 21 skulle
644 1110 66 21 blifva
725 1110 34 20 för
775 1109 86 28 mycket
877 1109 110 21 belastade

158 1137 48 21 med
223 1138 135 21 kommunala
374 1138 98 28 uppdrag
486 1139 48 20 icke
552 1139 40 20 kan
608 1138 84 29 uppstå,
707 1138 65 21 äfven
788 1145 34 14 om
839 1145 48 14 man
899 1138 18 27 ej
929 1137 58 21 inför

158 1165 72 22 derom
247 1166 108 21 klausuler
370 1167 5 20 i
392 1167 69 27 lagen.

226 1223 59 21 Frih.
306 1223 28 21 O.
356 1224 26 20 A.
402 1223 110 22 Wrede:
543 1223 57 22 Frih.
623 1223 104 28 Carpelan
752 1223 95 21 uttalade
862 1226 32 18 att
908 1223 79 21 under-

157 1251 129 22 tecknarene
310 1251 22 21 af
354 1252 68 21 första
445 1253 159 20 reservaiionen
620 1259 77 20 genom
713 1253 38 20 sitt
765 1251 97 28 yrkande
877 1254 32 18 att
924 1251 62 21 verk-

157 1279 193 22 samhetsomrädet
372 1280 34 21 för
429 1282 93 27 gvinnan
542 1282 7 19 i
570 1281 134 20 kommunala
720 1281 48 20 värf
784 1280 66 21 borde
866 1280 71 21 kunna
954 1284 32 17 ut-

157 1310 97 19 sträckas
277 1309 91 20 faktiskt
389 1309 69 21 skulle
474 1309 89 28 pälägga
579 1310 94 27 gvinnan
689 1317 26 13 en
731 1310 68 20 större
814 1313 66 23 tunga
896 1310 27 19 än
938 1308 50 27 den,

157 1344 45 13 som
220 1338 108 20 motionen
344 1337 68 21 skulle
428 1337 76 29 äsyfta.
527 1338 42 27 Jag
585 1338 38 20 ber
639 1337 28 21 dä
681 1337 97 21 häremot
793 1337 23 21 fä
826 1337 161 28 uppmärksam-

156 1367 52 25 göra
231 1365 29 28 pä
282 1368 32 18 att
335 1369 162 18 reservanterne
520 1366 143 28 uttryckligen
685 1368 60 26 säga:
778 1365 72 22 >Utan
869 1368 32 18 att
916 1365 71 21 dertill

156 1394 73 20 kunna
252 1397 58 18 emot
332 1395 33 20 sin
388 1395 52 27 vilja
462 1395 113 28 förpliktas
598 1395 65 20 borde
678 1395 93 28 gvinna>
789 1401 18 14 o.
823 1401 16 14 s.
855 1401 20 14 v.
905 1393 44 21 Det
964 1395 24 19 är

156 1421 92 22 sälunda
264 1423 48 20 icke
327 1422 70 28 nägon
413 1425 67 19 större
496 1426 73 25 tunga,
586 1426 50 18 utan
647 1425 92 19 tvärtom
751 1430 25 14 en
789 1422 106 28 betydligt
905 1421 82 22 mindre

156 1450 68 21 sädan
240 1458 46 13 som
302 1458 76 20 genom
394 1451 60 21 detta
468 1451 97 28 yrkande
581 1451 68 22 skulle
664 1451 113 21 ähvälfvas
788 1452 101 27 gvinnan.
911 1450 78 21 Säsom

156 1479 172 21 undertecknare
350 1479 23 21 af
396 1480 68 21 första
487 1481 160 20 reservationen
671 1480 36 21 ber
729 1481 36 27 jag
787 1479 48 21 med
858 1479 129 27 hänvisning

156 1507 33 20 till
205 1509 155 26 motiveringen
377 1509 6 20 i
399 1509 159 21 reservationen
575 1508 40 21 och
625 1508 48 21 med
685 1509 123 26 anslutning
819 1508 32 21 till
861 1507 57 22 hvad
929 1507 60 21 Frih.
