1081 1773
204 126 41 20 156
442 132 25 16 R.
480 136 18 12 o.
510 132 25 16 A.
548 132 62 16 1900.
634 132 29 17 20
675 132 61 16 Febr.

286 233 140 35 Tisdagen
444 234 56 26 den
520 234 38 26 20
576 234 139 26 Februari
733 233 39 27 kl.
791 234 15 26 7
825 240 21 20 e.
865 241 35 18 m.

245 296 71 22 Sedan
331 297 130 27 föregäende
477 297 86 28 plenum
579 297 55 21 hade
651 297 75 28 pollett
741 297 90 27 uttagits
846 296 35 21 för

244 354 95 28 Adliga
360 356 71 20 ätten
446 354 41 21 N:o
505 355 46 21 101.
568 354 173 28 Stjernschantz,
758 353 23 22 af
795 354 68 21 fullm.
877 353 57 21 Herr
949 352 53 22 Karl

175 383 88 27 August
278 382 91 28 Magnus
385 382 83 22 Henrik
488 383 109 27 Granfelt,
614 382 148 22 Bandirektör.

245 520 199 28 Protokollsutdrag
459 521 63 21 öfver
536 521 26 21 R.
578 528 18 13 o.
613 521 37 20 A:s
667 520 36 21 vid
718 521 87 28 plenum
821 520 41 21 den
880 521 25 20 16
922 519 83 22 dennes

176 548 83 21 fattade
275 549 69 20 beslut
359 549 108 28 upplästes
482 549 32 21 till
530 550 104 27 justering
649 549 40 22 och
704 549 131 28 godkändes.

245 685 35 22 Hr
299 685 205 22 Landtmarskalken
520 686 143 28 tillkännagaf
678 689 31 18 att
723 686 50 21 från
788 686 26 21 R.
830 693 18 14 o.
863 687 39 20 A:s
919 686 84 21 valmän

175 714 114 21 inkommit
311 717 30 18 ett
363 715 112 28 protokoll,
495 715 114 22 utvisande
629 717 32 19 att
676 715 127 20 valmännen
819 715 32 20 till
867 715 114 28 suppleant
995 715 7 20 i

175 742 57 28 Lag-
255 743 41 21 och
319 743 212 22 Ekonomiutskottet
555 745 6 19 i
584 743 72 21 stället
678 743 34 21 för
732 743 59 21 Herr
805 743 23 21 af
843 743 162 26 Frosterus,

175 771 89 22 hvilken
280 771 46 22 frän
342 772 91 21 nämnda
449 772 97 29 uppdrag
562 772 96 26 befriats,
673 775 65 18 utsett
754 771 33 22 Hr
803 772 55 21 Axel
873 772 132 21 Wahren.

314 915 119 28 Aflöningar
447 915 36 23 för
498 914 102 24 Ständets
616 916 66 22 kansli
698 915 40 23 och
755 915 111 28 betjening.

244 971 121 29 Föredrogs
382 972 93 28 följande
492 972 47 21 frän
555 972 165 22 Statsutskottet
735 972 32 21 till
783 972 34 21 Hr
827 972 176 21 Landtmarskal-

176 1000 41 20 ken
235 1000 92 21 anlända
342 1000 123 22 skrifvelse:

258 1085 115 20 FINLANDS
386 1083 120 23 STÄNDERS

196 1126 372 26 STATSUTSKOTT.

327 1177 78 6 TT
590 1189 43 21 Till
644 1189 58 21 Herr
711 1188 207 22 Landtmarskalken,
933 1188 73 22 Verk-

296 1207 178 16 TS
606 1218 42 28 lige
664 1217 121 22 Statsrädet
796 1217 83 21 Lorenz
895 1204 99 34 Leonard

257 1246 33 16 den
307 1246 21 16 19
343 1246 92 17 Februari
449 1246 57 17 1900.
744 1246 107 21 Lindelöf.

346 1285 33 17 N:o
391 1286 27 17 23.

245 1399 96 21 Härmed
360 1400 39 21 har
414 1400 164 21 Statsutskottet
593 1402 50 19 äran
660 1400 98 21 meddela
774 1402 31 19 att
820 1399 119 27 Utskottet,
949 1400 8 20 i
968 1406 37 14 en-

175 1427 68 28 lighet
270 1428 47 21 med
346 1428 240 22 Riddarhusutskottets
608 1436 77 20 genom
712 1428 59 21 Herr
798 1427 207 22 Landimarskalken

174 1456 33 20 till
229 1456 165 22 Statsutskottet
417 1457 161 21 öfverlämnade
593 1457 82 28 förslag
689 1458 7 20 i
712 1457 96 26 ärendet,
823 1456 35 21 för
872 1456 133 21 Ridderska-

174 1487 48 25 pets
238 1485 42 21 och
287 1485 82 21 Adelns
378 1485 169 29 kanslipersonal
559 1486 41 21 och
612 1486 108 28 betjäning
732 1485 36 21 vid
780 1484 144 22 innevarande
935 1484 72 22 landt-

174 1512 43 28 dag
233 1513 94 21 faststält
343 1514 95 28 följande
454 1514 112 28 aflönigar,
581 1514 118 28 nämligen:
