1084 1778
399 112 205 35 Bränvinsskatten.
851 113 40 21 195

92 189 38 20 har
145 188 75 22 dessas
236 188 56 21 antal
308 187 24 22 år
348 189 53 20 1897
425 188 90 27 nedgätt
537 188 32 21 till
587 189 68 24 1,026.
685 187 69 22 Dessa
771 187 70 21 siffror
855 193 64 22 synas

92 218 44 27 mig
150 217 28 28 på
193 219 31 18 ett
240 216 156 28 öfvertygande
412 218 43 19 sätt
469 216 60 28 gifva
545 216 36 21 vid
597 216 92 26 handen,
704 219 32 18 att
750 215 70 28 någon
834 215 46 21 fara
891 222 28 14 nu

92 253 78 20 genom
193 245 41 21 den
255 245 129 28 föreslagna,
405 245 101 28 temligen
532 245 91 27 lindriga
637 245 152 27 förhöjningen
811 243 23 22 af
857 243 62 22 brän-

92 273 284 28 vinstillverkningsskatten
399 274 48 21 icke
471 281 50 13 vore
537 277 31 17 att
584 273 105 21 förvänta.
719 273 42 28 Jag
783 272 79 21 tillåter
876 273 43 26 mig

92 302 28 28 pä
135 302 63 21 dessa
222 302 46 21 skäl
290 302 90 26 anhålla,
402 305 32 18 att
455 302 124 21 Utskottets
601 302 82 27 förslag
701 301 67 21 måtte
781 301 22 21 af
817 301 26 21 R.
859 308 18 13 o.
893 302 26 19 A.

92 334 95 24 antagas.

162 387 34 21 Hr
211 387 24 21 L.
250 387 142 21 Mechelin:
423 387 43 21 Om
486 387 37 21 det
542 386 63 28 gälde
620 390 31 18 att
667 386 91 22 bedöma
773 386 42 21 den
831 386 88 28 förelig-

92 415 70 28 gande
181 415 74 28 frågan
277 423 24 13 ur
318 421 47 15 rent
380 416 104 20 finansiell
500 416 115 28 synpunkt,
630 415 24 21 sä
670 415 66 22 borde
751 415 38 21 det
803 414 68 22 första
884 422 35 20 yr-

93 444 80 21 kandet
189 444 33 21 väl
238 444 28 28 gä
281 447 23 17 ut
320 444 27 28 pä
362 445 75 20 remiss
458 444 32 21 till
523 444 155 26 Statsutskottet,
693 447 23 25 ty
731 444 38 21 det
783 450 51 14 vore
848 443 49 21 icke
912 444 6 20 i

93 473 32 21 sin
141 472 92 28 ordning
248 475 32 18 att
295 475 48 19 utan
361 472 115 28 utredning
495 472 48 22 frän
559 472 176 22 Statsutskottets
751 472 47 21 sida
813 472 54 20 fatta
883 472 36 20 be-

93 502 43 20 slut
151 508 33 14 om
201 508 26 14 en
244 501 198 28 skatteförhöjning.
474 501 50 21 Men
536 501 37 21 det
583 502 38 20 har
631 501 66 21 sedan
713 501 101 27 gammalt
824 500 95 21 förhällit

93 531 34 27 sig
141 530 49 20 med
208 529 186 22 bränvinsskatten
410 530 30 26 sä,
455 533 33 18 att
502 538 48 13 man
567 530 89 21 oaktadt
673 530 50 20 dess
741 532 57 18 stora
810 528 109 22 betydelse

93 558 64 22 äfven
174 559 6 20 i
195 558 106 21 finansielt
315 558 122 22 hänseende
453 558 56 22 dock
525 559 87 28 pröfvat
631 558 77 28 frägan
724 566 34 13 om
774 558 145 28 skattebelop-

93 590 37 25 pet
144 594 26 14 ur
185 586 67 22 andra
267 588 26 20 än
308 587 118 21 finansiella
447 587 140 28 synpunkter,
607 587 77 21 främst
699 594 25 14 ur
739 586 26 21 de
781 586 22 21 af
818 586 42 21 den
875 586 44 20 för-

95 618 33 18 sta
144 615 64 21 ärade
224 615 80 21 talaren
320 615 118 29 päpekade,
457 616 107 27 nämligen
579 615 28 21 de
622 616 79 27 sedligt
716 615 79 21 sociala
810 614 109 29 synpunk-

94 647 66 18 terna.
190 644 45 20 Det
257 651 50 14 vore
329 644 86 28 mycket
436 644 109 28 vanskligt
567 647 32 18 att
612 646 53 26 göra
680 652 26 13 en
723 644 117 27 beräkning
855 643 64 21 huru-

94 672 50 21 vida
160 672 41 21 den
218 670 126 30 förhöjning,
360 680 44 14 som
420 680 29 14 nu
464 674 25 20 är
503 673 128 27 föreslagen,
653 672 110 28 verkligen
779 672 95 21 kommer
888 674 31 18 att

94 701 97 20 medföra
214 708 26 13 en
263 701 81 27 ökning
365 701 24 20 af
410 701 42 21 den
476 702 100 25 inkomst,
598 708 44 13 som
666 708 77 13 annars
766 700 68 21 under
849 700 70 21 denna

93 729 144 28 finansperiod
260 729 68 22 skulle
352 730 82 21 kunnat
448 729 23 22 af
486 729 189 21 bränvinsskatten
697 729 111 28 päräknas.
837 728 44 21 Det
895 729 24 20 är

95 758 87 27 mycket
197 759 88 28 möjligt,
300 761 30 18 att
346 765 25 14 en
388 758 199 28 skatteförhöjning,
602 765 35 14 om
651 758 43 21 den
709 757 38 22 har
762 757 42 21 den
820 757 80 21 verkan
912 758 7 19 i

94 786 77 21 socialt
191 786 109 28 afseende,
322 793 45 14 som
390 794 48 13 man
460 787 87 27 äsyftat,
569 787 41 20 kan
633 786 97 21 medföra
752 793 27 14 en
797 785 122 50 minskning

94 822 86 13 snarare
195 817 27 18 än
238 823 26 13 en
279 816 95 27 stegring
397 815 23 21 af
442 815 211 21 inkomstresultatet.
683 815 48 28 Mig
751 822 64 21 synes
837 817 32 18 att
891 821 14 20 pi

94 843 69 27 grund
180 843 22 21 af
217 843 57 22 hvad
290 843 58 21 förut
362 844 6 19 i
384 843 62 22 dessa
471 843 73 28 frågor
563 847 35 24 egt
618 851 47 14 rum
683 843 42 22 och
740 843 77 21 sakens
833 842 86 22 beskaf-

92 871 76 21 fenhet
183 871 67 22 sådan
266 874 42 19 den
323 880 28 13 nu
368 872 122 28 föreligger,
512 872 70 28 någon
605 872 62 28 giltig
688 871 116 28 anledning
819 874 31 18 att
864 871 55 21 först

92 901 108 20 remittera
224 901 76 21 frågan
320 901 33 20 till
376 901 167 21 Statsutskottet
561 900 47 21 icke
623 901 122 27 föreligger,
759 903 52 18 utan
827 902 32 19 att
870 907 49 14 man

94 929 38 20 bör
154 929 78 28 pröfva
253 908 41 42 den
317 929 27 28 på
367 929 66 21 basen
449 929 23 21 af
488 929 40 21 den
544 929 121 28 utredning,
680 937 46 13 som
741 929 23 21 af
779 929 140 20 Ekonomiut-

93 957 81 21 skottet
189 957 91 22 lemnats
296 957 40 22 och
352 957 48 22 med
415 958 83 28 hänsyn
513 957 33 22 till
561 957 27 22 de
603 957 79 29 syften,
697 965 45 14 som
758 957 113 22 Utskottet
883 964 36 14 ve-

94 985 30 21 lat
138 993 78 20 genom
232 987 37 20 sitt
284 986 81 28 förslag
379 986 110 28 befrämja.

163 1014 43 21 Det
228 1015 94 28 yttrades
340 1015 38 20 här
400 1017 32 19 att
453 1022 49 14 man
518 1015 69 28 aldrig
602 1015 55 22 skall
673 1014 98 22 använda
787 1014 132 21 beskattnin-

92 1050 48 20 gen,
161 1043 87 21 hvilken
272 1043 58 21 alltid
347 1044 6 20 i
369 1043 71 28 någon
463 1043 49 21 mån
535 1045 24 19 är
578 1046 31 18 ett
627 1043 58 26 ondt,
705 1043 34 21 för
753 1041 129 29 främjandet
897 1042 22 21 af

93 1070 65 28 något
173 1071 79 28 sedligt
267 1072 104 20 ändamål.
401 1072 44 20 Det
461 1072 72 21 kunde
548 1072 67 20 också
629 1073 69 27 sägas,
713 1074 32 18 att
759 1079 49 13 man
822 1070 48 22 icke
881 1070 38 21 bör

93 1099 98 21 använda
208 1107 26 14 en
250 1102 73 26 sträng
337 1100 179 28 reglementering
531 1101 5 20 i
553 1100 169 28 lagstiftningen,
737 1100 48 21 med
801 1099 117 21 restriktio-

93 1135 38 14 ner
146 1129 24 20 af
184 1129 144 28 hvarjehanda
344 1129 52 28 slag,
411 1129 35 21 för
460 1129 78 21 sådant
550 1129 105 21 ändamål.
684 1128 126 22 Emellertid
821 1128 38 21 har
871 1135 48 14 man

93 1156 55 22 dock
164 1157 72 21 funnit
251 1157 37 21 det
302 1157 134 28 nödvändigt
451 1160 32 19 att
498 1157 129 21 underkasta
643 1157 165 28 tillverkningen
824 1156 41 21 och
875 1156 44 21 för-

93 1185 120 28 säljningen
237 1186 23 21 af
281 1186 146 29 spritdrycker
450 1194 26 13 en
499 1187 54 20 serie
575 1186 208 29 reglementeringar,
798 1185 73 21 hvilka
885 1185 34 20 för

93 1213 42 21 alla
151 1214 67 21 andra
233 1215 47 27 slag
294 1215 23 20 af
332 1222 62 13 varor
416 1216 37 19 äro
469 1214 139 21 främmande.
638 1215 95 27 Mången
749 1215 38 20 har
801 1217 51 18 utan
868 1213 51 21 tvif-

92 1242 35 21 vel
142 1243 76 20 tvekat
233 1246 31 17 att
279 1243 52 28 följa
346 1243 49 21 med
410 1243 28 28 på
453 1243 71 21 denna
540 1245 48 26 väg,
603 1251 48 13 men
662 1243 37 21 det
709 1243 61 21 torde
780 1243 57 21 dock
848 1242 71 21 kunna

92 1270 28 29 på
140 1271 69 27 grund
231 1272 23 20 af
276 1271 122 22 erfarenhet
418 1272 114 26 vitsordas,
555 1275 31 18 att
605 1271 42 22 den
662 1270 197 29 reglementerande
874 1271 45 27 lag-

92 1299 100 28 stiftning
206 1300 36 27 jag
257 1300 93 28 påpekat
365 1301 6 20 i
387 1300 70 28 någon
480 1300 49 21 mån
549 1300 46 21 haft
615 1300 41 21 den
677 1300 81 21 verkan
774 1301 6 20 i
793 1299 79 28 sedligt
887 1299 32 21 af-

92 1327 86 27 seende,
201 1336 45 13 som
270 1337 48 12 man
341 1329 62 20 deraf
429 1329 79 27 begärt.
538 1329 42 27 Jag
595 1331 44 18 tror
654 1329 55 21 visst
723 1329 35 20 för
773 1329 43 20 min
832 1327 41 27 del,
888 1329 32 19 att

92 1356 73 28 dylika
183 1357 69 20 medel
271 1359 36 19 äro
323 1357 86 28 mycket
430 1365 67 20 svaga
512 1358 7 20 i
534 1357 121 28 jemförelse
671 1357 48 21 med
735 1357 37 21 det
787 1356 55 22 enda
857 1355 62 22 verk-

92 1385 39 28 ligt
146 1385 103 21 eftektiva
271 1385 85 26 medlet,
373 1386 107 27 nämligen
504 1385 136 28 bildningens
659 1393 61 20 seger
734 1393 77 20 genom
827 1385 92 21 kampen

92 1416 58 18 emot
168 1413 61 21 råhet
244 1414 41 20 och
300 1414 125 27 osedlighet.
455 1414 53 21 Men
529 1414 66 21 sedan
610 1414 117 28 tillgången
743 1413 28 29 på
785 1413 135 28 rusdrycker,

92 1442 101 21 särskildt
209 1442 95 26 bränvin,
320 1442 28 28 på
363 1442 174 28 landsbygderna
557 1442 46 21 dels
625 1442 118 22 försvårats
758 1442 47 21 dels
821 1441 99 29 upphört,

92 1470 38 21 har
145 1470 35 21 för
194 1470 42 22 alla
251 1478 67 20 svaga
333 1471 123 21 karaktärer
472 1471 123 28 derigenom
609 1470 139 22 frestelserna
758 1470 111 26 minskats,
878 1468 41 22 och

92 1498 38 21 det
152 1500 24 20 är
195 1498 93 22 faktiskt
308 1502 32 18 att
361 1499 51 21 vida
433 1499 83 22 mindre
539 1499 70 28 fylleri
632 1506 87 14 numera
734 1499 143 21 förekommer
891 1497 29 29 på
