1059 1739
341 149 24 16 R.
378 153 17 13 0.
404 149 22 17 A.
438 149 58 17 1888.
519 149 26 17 26
557 149 48 21 Maj.
803 143 53 22 1577

68 233 34 22 för
117 233 152 27 högförräderi.
299 233 62 21 Hvad
376 234 65 21 sedan
456 234 103 21 beträffar
573 233 83 22 straffet
670 234 33 21 för
717 234 168 27 majestätsbrott

70 261 40 22 och
125 261 35 22 för
174 262 66 26 mord,
257 262 38 21 der
310 263 23 20 är
348 262 83 21 straffet
445 262 128 22 fakultativt.
599 263 49 20 Man
663 263 40 20 har
717 263 34 20 vid
766 263 119 26 majestäts-

69 291 59 21 brott
142 292 33 20 att
189 291 56 26 välja
260 291 90 21 emellan
365 291 122 25 dödsstraff,
502 291 89 21 tukthus
605 291 28 26 pä
647 291 72 26 lifstid,
735 291 52 21 eller
796 291 88 22 tukthus

68 319 47 22 från
137 320 13 20 8
174 319 32 21 tiil
230 320 26 20 10
271 319 30 21 är.
331 319 137 22 Beträffande
486 319 47 22 åter
547 319 84 21 straffet
646 319 33 21 för
694 319 61 21 mord
769 319 115 22 innehåller

68 348 42 21 den
126 347 47 21 nåd.
189 353 75 21 prop:n
279 347 70 22 såsom
365 348 113 21 alternativ
492 348 75 21 endast
585 347 89 22 tukthus
689 347 27 27 på
730 347 72 22 lifstid.
827 347 58 22 Stor-

68 376 83 22 fursten
166 376 39 21 har
219 376 83 21 således
317 375 48 27 sjelf
381 376 3 21 i
400 376 36 21 det
451 378 77 25 system
543 376 42 21 han
600 377 7 20 i
621 382 60 21 prop.
704 376 101 26 uppstält,
828 377 56 20 utta-

69 405 32 21 lat
116 411 45 15 som
176 405 32 20 sin
223 404 54 27 åsigt
292 406 33 19 att
339 404 169 27 majestätsbrott
522 405 8 20 i
545 405 55 20 vissa
614 404 37 21 fall
669 404 42 21 kan
725 404 97 21 försonas
837 404 48 21 med

68 433 115 27 lindrigare
205 433 64 21 straff
289 435 26 19 än
337 433 68 21 mord.
435 433 50 21 Deri
506 433 65 27 ligger
587 433 82 21 således
684 439 25 15 en
724 432 160 28 inkonsegvens,

66 468 29 15 en
116 462 106 26 rubbning
244 462 23 20 af
287 463 100 25 systemet
409 463 33 20 att
462 462 113 26 godkänna
590 461 117 21 dödsstraff
725 461 33 21 för
773 463 31 19 ett
818 462 65 25 brott,

71 496 46 15 som
132 490 42 21 kan
189 489 114 23 bestraffas
318 490 120 26 lindrigare,
453 496 48 15 men
516 496 50 15 anse
581 490 32 26 sig
627 490 45 21 icke
688 490 71 20 kunna
773 491 53 25 göra
841 490 44 20 det-

67 525 82 15 samma
170 519 33 22 för
225 520 31 20 ett
278 519 65 25 brott,
366 525 45 15 som
435 519 64 25 enligt
515 519 40 21 den
570 518 48 21 nåd.
633 524 60 20 prop.
709 518 39 21 bör
763 518 71 22 kunna
849 518 36 21 be-

65 547 89 22 straffas
170 547 92 21 svårare.
287 547 74 21 Denna
376 547 45 21 lilla
435 547 154 27 inkonseqvens
605 547 80 21 lemnar
699 546 36 27 jag
749 552 29 15 nu
793 546 90 25 derhän;

66 576 43 21 den
124 576 40 21 har
178 576 7 21 i
201 576 68 21 denna
284 576 79 26 vigtiga
377 576 60 26 fråga
452 576 19 26 ej
486 576 84 26 mycket
585 576 32 20 att
632 575 85 27 betyda,
735 581 48 15 men
795 575 38 27 jag
848 575 37 21 ber

68 606 57 20 ännu
141 610 26 16 en
181 604 56 28 gång
250 604 22 22 få
287 604 75 26 uttala,
377 606 33 20 att
424 604 25 22 R.
465 610 18 15 o.
497 605 25 21 A.
539 604 47 21 med
601 604 52 27 godt
663 605 92 20 samvete
766 604 39 20 bör
815 604 70 21 kunna

69 635 79 25 antaga
164 633 137 21 dödsstraffet
317 633 70 21 såsom
402 633 63 21 straff
477 632 34 22 för
525 633 68 25 mord,
608 632 27 21 då
650 632 25 21 R.
691 638 18 15 o.
725 632 26 21 A.
762 632 122 27 obetingadt

66 662 85 26 antagit
166 662 118 21 detsamma
299 668 45 14 som
359 661 63 22 straff
429 661 34 21 för
473 661 175 27 majestätsbrott.

136 719 32 21 Hr
190 719 21 21 P.
236 719 24 21 E.
283 719 23 21 af
325 718 147 22 Forselles:
506 718 43 22 För
571 718 43 21 min
636 718 35 21 del
692 718 39 20 har
751 717 37 27 jag
809 717 34 21 vid
859 723 25 15 en

67 747 130 27 föregående
211 748 108 26 landtdag,
335 748 76 21 liksom
425 747 35 21 vid
475 747 75 26 denna,
561 746 82 27 afgifvit
657 746 44 21 min
716 747 45 20 röst
775 746 33 21 för
823 746 62 21 döds-

69 776 95 22 straffets
187 776 138 21 afskaffande.
354 776 41 27 Jag
416 776 39 21 har
473 776 47 21 icke
534 775 57 27 gjort
605 775 36 21 det
656 774 27 27 på
698 774 68 27 grund
781 774 22 21 af
817 774 67 22 öfver-

68 805 81 27 tygelse
172 811 34 15 om
229 807 32 19 att
283 804 113 22 samhället
417 810 50 16 vore
487 804 144 26 oberättigadt
645 804 39 25 att,
699 803 7 21 i
721 803 101 21 händelse
838 803 46 21 dess

69 833 82 21 välfärd
174 833 75 21 sådant
271 833 91 27 fordrar,
383 835 50 25 taga
449 839 25 15 en
489 833 48 21 dess
551 832 102 22 medlems
668 831 32 27 lif;
716 833 92 19 tvärtom
823 831 63 27 hyser

67 862 38 28 jag
120 862 154 27 öfvertygelsen
289 864 32 19 att
337 862 111 21 samhället
463 864 24 19 är
501 862 72 21 dertill
587 860 140 28 berättigadt;
743 866 48 15 men
799 860 37 27 jag
846 860 39 21 har

66 892 73 20 ansett
161 891 39 21 och
223 897 62 15 anser
302 891 131 21 fortfarande
448 892 33 19 att
496 890 112 21 samhället
623 890 46 20 icke
684 889 39 21 har
738 889 65 21 behof
816 889 23 21 af
852 890 32 20 att

68 920 74 20 utöfva
164 926 25 15 en
212 919 65 21 sådan
292 919 112 27 rättighet;
420 920 36 20 det
470 919 41 21 blir
525 918 34 22 för
573 918 42 26 mig
631 918 70 21 derför
716 917 19 27 ej
751 917 64 27 något
830 924 54 14 sam-

68 948 118 26 vetstvång,
209 949 38 23 att,
263 948 56 21 stäld
333 947 56 21 inför
404 948 40 20 den
459 947 109 27 allvarliga
583 946 107 26 situation,
705 946 88 20 hvarom
808 946 39 20 här
861 948 24 19 är

66 976 68 27 fråga,
150 976 105 27 nämligen
271 978 31 19 ett
317 976 81 26 möjligt
413 976 158 26 uppskjutande
585 975 33 21 till
633 981 26 15 en
675 974 110 22 obestämd
799 974 86 21 framtid

67 1005 25 21 af
112 1005 36 21 det
170 1011 41 21 nya
233 1004 219 28 strafflagsförslagets
475 1004 125 28 antagande,
616 1003 75 28 frångå
705 1003 36 22 det
756 1004 79 25 votum,
848 1002 37 30 jag

67 1034 107 21 tillförene
196 1033 88 27 afgifvit.
314 1033 74 28 Såsom
410 1034 65 21 saken
496 1040 29 14 nu
546 1034 103 26 gestaltar
664 1034 38 26 sig,
717 1039 62 15 anser
793 1033 36 27 jag
843 1034 42 27 mig

65 1064 95 20 tvärtom
175 1062 76 21 manad
267 1062 77 21 dertill.
374 1062 94 22 Arendet
483 1062 39 22 har
537 1062 27 27 på
578 1062 49 22 fullt
641 1062 91 27 lagenlig
746 1064 40 25 väg
796 1062 88 22 kommit

65 1091 9 20 i
90 1091 36 21 det
148 1091 98 25 stadium,
269 1091 37 21 der
328 1091 37 21 det
386 1098 29 14 nu
437 1091 96 21 befinner
547 1091 41 27 sig;
607 1090 217 27 Strafflagsutskottet
839 1092 44 25 har,

67 1119 70 21 såsom
160 1120 41 26 mig
223 1125 68 21 synes,
309 1120 48 20 fullt
373 1120 73 26 riktigt
463 1120 100 26 uppgjort
577 1120 36 21 sitt
629 1120 256 26 sammanjemkningsför-

64 1148 54 26 slag,
128 1148 39 21 och
182 1154 34 15 om
236 1148 35 21 det
286 1150 27 18 än
328 1148 43 21 kan
386 1148 81 22 kännas
482 1154 46 15 mer
543 1148 51 21 eller
609 1148 81 21 mindre
705 1148 132 27 påkostande
852 1148 33 22 för

66 1176 26 21 R.
108 1182 18 15 o.
142 1176 26 21 A.
184 1178 32 19 att
237 1176 74 26 frångå
334 1178 31 19 ett
387 1177 90 26 tidigare
499 1177 79 21 fattadt
593 1176 76 26 beslut,
685 1176 24 21 sä
723 1182 62 16 anser
798 1176 36 28 jag
849 1177 36 21 det

64 1204 92 22 oaktadt
171 1206 31 20 ett
217 1204 76 22 sädant
307 1204 128 28 frängäende
451 1205 18 27 ej
485 1205 56 21 blott
560 1204 48 22 fuilt
623 1205 130 27 berättigadt
768 1206 52 20 utan
834 1207 15 20 t.
866 1212 18 15 o.

65 1239 28 15 m.
119 1240 29 14 nu
170 1233 107 26 allvarligt
298 1233 117 27 päkalladt.
445 1234 44 25 Att,
511 1233 28 27 pä
561 1235 43 19 sätt
626 1234 32 20 Hr
677 1233 78 21 Munck
769 1233 115 28 föreslagit,

68 1262 113 26 ajournera
209 1261 191 27 öfverläggningen,
416 1262 32 21 till
471 1262 47 22 dess
540 1262 106 27 utgången
668 1261 23 22 af
711 1262 146 22 diskussionen
878 1262 7 22 i

70 1290 85 21 Preste-
178 1290 39 21 och
235 1290 162 22 Bondeständen
412 1290 68 22 blifvit
495 1291 63 24 känd,
574 1296 62 16 anser
649 1291 41 26 jag,
705 1290 24 21 af
742 1290 76 28 många
833 1291 51 26 skäl,

69 1319 117 27 olämpligt.
208 1319 40 27 Jag
263 1319 38 21 ber
316 1319 83 21 säledes
413 1321 33 19 att
460 1319 22 21 fä
497 1319 86 21 förorda
598 1319 288 27 sammanjemkningsförsla-

64 1348 50 26 gets
129 1347 126 27 antagande.

136 1404 32 22 Hr
189 1404 167 27 Furuhjelm:
387 1405 57 21 Frih.
467 1405 77 22 Wrede
566 1405 39 21 har
621 1406 73 20 nämnt
709 1406 38 24 att,
762 1404 8 22 i
785 1404 99 23 händelse

67 1432 37 22 tvä
124 1432 62 21 ständ
202 1433 68 21 skulle
285 1435 102 19 motsätta
402 1434 31 26 sig
448 1433 191 27 Borgareständets
654 1433 124 27 inbjudning
793 1440 34 14 om
843 1434 42 20 till-

67 1461 109 21 sättandet
198 1461 23 21 af
241 1463 31 19 ett
294 1461 103 21 förstärkt
413 1461 194 27 strafflagsutskott,
623 1462 24 20 R.
664 1468 18 14 o.
698 1462 25 20 A.
739 1461 68 21 skulle
822 1461 63 22 hafva

63 1489 44 21 den
128 1491 92 25 utvägen
243 1491 67 25 öppen
332 1490 33 21 för
388 1490 37 26 sig,
448 1491 32 20 att
499 1490 99 27 slutligen
613 1490 113 26 godkänna
741 1489 143 27 Strafflagsut-

64 1518 93 21 skottets
179 1518 294 27 sammanjemkningsförslag
487 1519 7 20 i
509 1518 60 27 fråga
591 1524 33 16 om
648 1518 141 22 dödsstraffet.
820 1519 65 21 Detta

64 1546 64 22 torde
150 1546 54 22 dock
225 1546 47 22 icke
288 1547 71 21 kunna
379 1547 59 21 skei
453 1547 65 27 nägot
533 1549 65 19 annat
613 1547 38 21 fall
665 1548 34 26 än,
714 1547 70 21 derest
800 1547 85 22 Preste-
