1061 1756
172 136 54 21 1606
431 143 24 16 R.
468 147 17 12 o.
503 135 22 34 A.
529 135 55 34 1888.
602 143 26 16 26
640 142 48 21 Maj.

142 227 36 22 Uti
203 228 58 21 detta
282 228 37 22 sitt
337 229 115 27 påstående
467 231 40 25 gör
521 229 31 27 sig
568 229 32 22 Hr
614 235 41 15 von
671 229 106 27 Knorring
792 227 83 28 skyldig
889 227 32 22 till
937 229 34 20 ett

143 260 118 25 uppenpart
283 258 92 27 misstag.
411 258 58 21 Hvar
486 258 39 21 och
541 265 33 20 en,
596 265 45 15 som
657 258 80 21 känner
752 257 33 22 till
800 257 169 26 förhållandena,

142 289 36 18 vet
200 289 32 18 att
247 286 46 22 från
309 287 97 27 Wiborgs
422 287 137 27 länestyrelse
574 288 68 20 måste
657 287 89 21 skrifvas
762 287 26 20 41
806 286 46 21 bref
866 286 31 21 till
914 286 25 21 de
955 287 14 19 9

142 315 176 26 kronofogdarne,
333 315 44 22 ifall
393 316 17 26 ej
427 316 33 21 Hr
475 322 40 15 von
530 315 108 26 Knorring
653 315 35 21 vill
704 315 67 21 införa
782 321 26 15 en
819 321 33 20 ny,
864 314 105 21 härintills

143 343 68 27 aldrig
221 344 82 21 använd
319 344 94 27 ordning,
429 344 105 26 nämligen
550 347 32 18 att
596 344 78 21 skrifva
690 350 33 15 om
739 350 26 14 en
780 343 77 27 mängd
879 343 92 21 ärender

142 372 31 21 uti
189 375 30 18 ett
235 372 39 21 och
289 379 80 15 samma
384 373 52 25 bref,
452 373 85 21 hvilken
552 373 72 21 metod
640 372 54 21 dock
709 372 104 26 svårligen
824 372 61 21 torde
896 372 73 21 kunna

142 401 113 26 tillämpas,
271 401 26 21 då
313 401 34 21 vid
362 401 151 27 länestyrelsen
529 407 33 15 om
578 401 72 26 hvarje
661 401 84 25 ärende,
757 401 35 20 det
801 401 33 20 må
845 407 28 14 nu
883 400 86 21 komma

142 429 21 21 in
179 429 6 20 i
201 429 48 21 bref
261 429 52 21 eller
327 429 130 27 supplikväg,
473 430 67 21 bildas
555 429 55 22 skild
626 429 43 24 akt,
685 435 44 16 som
745 429 119 26 antecknas,
874 429 7 21 i
891 429 80 22 diarier

143 457 40 22 och
206 457 95 26 register.
331 457 69 22 Sedan
416 458 46 21 frän
478 459 59 20 äldre
552 459 55 20 tider
622 458 89 21 tillbaka
726 458 62 20 hafva
804 459 46 20 åter
865 458 42 21 alla
921 458 48 21 från

142 485 153 27 länestyrelsen
318 487 106 25 utgående
446 486 144 27 kungörelser,
614 487 99 25 cirkulär,
745 486 163 26 förpassningar,
934 489 34 18 ut-

144 514 51 26 drag
217 514 7 20 i
247 516 74 19 nästan
344 514 42 21 alla
404 515 212 26 skuldfordringsmål
632 521 27 14 m.
676 521 26 14 m.
719 514 68 27 dylikt
801 514 69 21 blifvit
885 515 84 26 tryckta

144 541 51 22 eller
209 541 182 28 hektograferade.

213 570 109 27 Opartiskt
345 571 106 25 bedömdt,
476 571 54 22 skall
554 572 35 21 det
610 571 65 22 blifva
697 571 60 27 tutal,
781 578 34 15 om
836 571 83 22 arbetet
935 571 35 22 vid

144 599 151 26 länestyrelsen
318 599 38 22 alls
380 600 50 21 ökas
454 600 128 26 derigenom,
606 602 32 19 att
660 600 156 26 brefvexlingen
836 600 48 21 sker
900 600 72 21 direkt

143 627 49 21 med
215 627 136 22 länsmännen
374 628 6 21 i
403 628 71 21 stället
497 629 32 20 för
551 628 175 27 kronofogdarne,
748 629 71 20 hvilka
835 628 66 21 sällan
917 630 53 25 göra

144 657 65 20 annat
224 658 26 19 än
261 656 78 21 skrifva
350 657 81 20 vehikel
442 657 31 20 till
485 657 147 21 Guvernörens
644 657 46 20 bref
699 657 38 20 och
748 657 66 21 sända
826 657 35 20 det
872 657 30 20 till
914 657 57 21 läns-

143 686 97 23 männen,
252 684 38 21 och
306 685 27 26 på
349 685 109 22 enahanda
474 687 43 20 sätt
531 685 85 26 förfara,
633 685 27 21 då
675 688 70 18 svaret
761 685 53 22 skall
830 686 27 26 gå
873 685 97 26 tillbaka,

143 712 136 27 hvarigenom
301 713 123 28 tillskyndas
447 716 31 19 ett
494 714 60 27 länge
570 714 48 21 med
633 713 36 28 fog
684 714 146 26 öfverklagadt
845 713 124 28 mångskrif-

144 741 43 20 veri
210 741 39 21 och
272 741 55 22 hvad
346 744 27 19 än
388 745 60 19 värre
464 745 30 22 är,
511 743 99 26 dröjsmål
626 743 48 21 med
690 743 127 21 ärendernas
833 743 136 26 behandling.

143 769 78 27 Många
243 770 143 27 kronofogdar
402 772 61 21 torde
479 771 39 22 ock
533 771 73 24 finnas,
623 778 45 15 som
684 771 63 21 insett
763 771 169 27 obehöfligheten
948 771 25 22 af

144 798 69 21 denna
228 798 133 27 mellanlänk,
377 800 85 21 hvilken
478 800 37 21 allt
529 800 85 21 klarare
630 801 58 20 trädt
702 800 7 20 i
725 800 74 26 dagen,
814 800 23 27 ju
845 801 126 26 kompeten-

143 829 46 19 tare
205 833 101 21 personer
321 828 34 21 vid
370 828 224 27 länsmanstjensterna
609 829 81 21 kunnat
705 828 70 22 fästas.

212 856 49 21 Men
277 862 34 15 om
326 863 28 15 nu
370 857 63 21 också
449 857 36 21 det
500 857 70 21 kunde
586 857 60 25 visas,
662 859 32 19 att
710 857 83 22 arbetet
809 858 27 26 på
846 856 124 28 länestyrel-

143 889 38 16 sen
203 890 76 20 genom
301 885 257 27 kronofogdetjensternas
573 886 125 27 indragning
713 886 6 21 i
736 887 69 26 någon
821 886 83 26 ringare
920 886 49 21 mån

143 912 67 22 skulle
227 914 57 24 ökas,
300 915 23 21 så
339 914 61 22 torde
416 915 40 21 den
472 915 64 21 saken
551 915 71 21 kunna
638 914 103 28 afhjelpas
753 915 91 26 dermed,
856 916 32 20 att
898 915 71 21 såsom

141 941 36 27 jag
199 942 98 27 påpekat,
321 943 35 21 vid
372 944 151 26 länestyrelsen
538 944 108 21 anstäldes
662 950 25 14 en
703 944 127 26 tjensteman
846 943 37 21 till.
915 943 52 21 Här-

143 970 49 21 med
207 971 61 21 torde
283 972 32 21 Hr
330 978 40 15 von
386 972 117 27 Knorrings
519 972 116 27 obefogade
651 974 134 25 argumenter
801 979 50 15 vara
866 972 6 21 i
883 972 32 21 sin
925 972 44 21 hel-

143 999 37 21 het
195 999 133 28 vederlagda.

211 1028 136 24 Beträffande
368 1030 65 21 sedan
456 1030 58 20 Frih.
538 1036 39 15 von
600 1029 97 22 Alfthans
712 1029 116 21 anförande
842 1030 34 20 vid
892 1029 78 21 omför-

143 1057 71 21 mälda
237 1058 88 27 tillfälle,
348 1059 23 20 så
391 1058 96 26 påkallar
510 1058 60 21 äfven
590 1058 36 21 det
642 1060 31 19 ett
688 1058 134 21 bemötande.
853 1058 56 20 Frih.
927 1064 42 14 von

142 1084 88 22 Alfthan
252 1086 112 26 förmenar,
389 1086 63 22 bland
476 1090 70 20 annat,
570 1088 32 20 att
624 1088 70 24 någon
717 1086 91 26 egentlig
824 1086 145 26 förändring
956 1080 17 37 i

143 1114 148 22 länsmännens
314 1115 106 27 ställning,
443 1115 56 21 hvad
514 1115 101 21 beträffar
630 1115 62 21 deras
707 1114 132 27 afsättlighet
854 1117 50 19 utan
920 1120 49 15 ran-

143 1143 90 27 sakning
255 1144 38 21 och
317 1145 55 25 dom,
395 1144 46 22 icke
457 1144 68 21 skulle
541 1146 35 25 egt
591 1150 47 14 rum
653 1150 76 20 genom
745 1144 39 20 den
800 1144 24 20 af
837 1144 42 26 mig
894 1143 77 21 åbero-

143 1172 54 26 pade
213 1172 149 28 förordningen
378 1174 21 21 af
413 1173 40 21 den
469 1173 28 20 24
512 1172 86 22 Januari
616 1173 61 26 1831,
694 1174 50 19 enär
756 1178 75 20 genom
843 1172 127 26 lagbestäm-

144 1202 74 26 ningar
241 1202 45 22 från
308 1203 126 27 föregående
457 1202 58 22 sekel
537 1202 137 21 länsmännen
698 1201 6 20 i
720 1201 58 21 äldre
794 1201 56 20 tider
865 1200 54 21 varit
935 1206 35 25 om

144 1230 65 22 också
223 1232 47 21 icke
286 1232 25 22 de
325 1232 47 27 jure
387 1232 23 21 så
425 1232 128 21 åtminstone
569 1231 25 21 de
610 1230 56 21 facto
682 1229 113 27 afsättliga.
828 1229 39 21 Om
883 1228 64 22 också
962 1234 7 14 i

144 1259 52 22 Klas
218 1261 128 26 Flemmings
366 1261 55 21 tider
444 1260 39 21 och
507 1259 105 21 måhända
630 1265 80 17 senare,
727 1259 69 20 såsom
812 1257 101 21 historien
929 1257 42 31 för-

144 1289 72 25 mäler,
240 1290 27 20 då
289 1290 101 26 fogdarne
415 1288 39 22 och
476 1288 108 22 sannolikt
606 1287 61 21 deras
690 1287 96 21 biträden
802 1286 144 25 länsmännen,
962 1292 8 14 i

143 1318 92 21 Finland
257 1318 49 22 farit
328 1318 52 21 fram
400 1318 47 20 med
462 1317 50 21 våld
527 1316 39 22 och
582 1315 177 27 egenmäktighet,
776 1315 25 21 de
817 1315 22 20 af
855 1314 56 21 Frih.
928 1320 42 14 von

144 1346 87 22 Alfthan
247 1347 127 21 omnämnda
388 1345 219 27 lagbestämningarne
622 1344 68 21 skulle
705 1344 78 20 funnits
800 1343 83 26 nödiga,
899 1343 24 21 så
933 1342 36 21 be-

143 1376 56 21 visas
221 1376 86 21 dermed
329 1376 45 21 icke
397 1377 32 19 att
452 1380 49 15 man
524 1380 86 15 numera
632 1372 38 22 bör
692 1372 79 22 sträfva
785 1373 23 20 åt
823 1378 80 15 samma
918 1370 53 26 håll,

144 1405 28 21 då
186 1405 126 21 förändrade
327 1403 147 23 förhållanden
491 1402 39 22 och
546 1408 25 16 en
586 1408 27 21 ny
628 1402 99 21 tidsanda
742 1401 86 25 inträdt,
840 1400 71 21 hvilka
922 1400 47 26 tyd-

143 1433 57 27 ligen
215 1433 130 28 ådagalägga
360 1432 174 26 förkastligheten
550 1431 22 21 af
586 1431 70 27 dylika
672 1430 83 27 lagbud.
786 1430 42 21 Det
843 1431 24 20 är
887 1428 85 34 derföre

144 1463 64 20 minst
218 1463 62 26 sagdt
290 1461 101 22 oväntadt
402 1461 39 21 och
451 1460 128 21 förvånande
590 1461 32 20 att
629 1459 58 21 Frih.
699 1465 40 14 von
750 1458 87 21 Alfthan
848 1458 63 32 söker
921 1457 49 21 stöd

144 1491 33 21 för
192 1491 45 21 sina
252 1490 79 27 äsigter
345 1489 31 22 uti
391 1489 71 27 dylika
477 1488 120 22 föråldrade
612 1487 199 27 lagbestämningar,
826 1486 71 21 hvilka
911 1485 59 26 långt

144 1519 33 21 för
202 1519 59 21 detta
279 1519 79 27 sjunkit
373 1518 7 21 i
395 1517 109 22 seklernas
519 1516 51 27 graf.
601 1516 49 21 Men
666 1518 47 19 rent
729 1515 22 20 af
765 1514 206 31 häpnadsväckande

145 1549 24 20 är
190 1547 57 22 Frib.
271 1554 41 15 von
334 1547 98 22 Alfthans
454 1545 115 28 påstående
584 1547 39 24 att,
639 1545 6 20 i
661 1543 100 22 händelse
776 1543 137 22 länsmännen
929 1542 42 21 till-
