1064 1753
192 139 54 21 1490
447 146 25 17 R.
484 150 18 13 o.
514 146 23 17 A.
551 147 58 16 1888.
625 147 27 16 23
664 147 48 21 Maj.

161 229 129 28 Derigenom
315 231 69 22 skulle
405 231 49 22 hela
477 232 70 21 denna
568 233 117 26 kusttrakt
709 239 46 15 som
778 232 7 21 i
808 232 54 28 följd
877 232 24 22 af
915 232 75 28 dylika

160 258 77 21 hinder
260 259 28 26 (d.
306 265 15 15 s.
337 266 19 15 v.
373 260 59 27 längt
446 261 139 27 utskjutande
600 261 78 28 uddar)
701 261 47 22 icke
771 261 42 21 kan
829 262 110 26 uppalstra
955 260 34 22 sin

160 287 328 28 kustängbätskommunikation
511 290 7 21 i
539 290 111 27 jemnhöjd
673 291 48 20 med
744 290 37 21 det
804 290 71 27 öfriga
897 290 92 25 landets,

159 315 66 22 vinna
246 317 95 21 särdeles
363 319 90 26 mycket,
478 318 39 21 och
541 319 28 21 dä
592 319 36 21 det
646 319 68 27 gäller
729 325 26 14 en
772 319 65 26 trakt,
861 325 44 15 som
921 319 69 21 under

160 344 113 22 decennier
288 345 71 21 blifvit
379 347 108 21 förbisedd
510 347 33 21 för
566 348 68 20 andra
657 348 83 20 trakter
764 347 7 21 i
793 347 82 26 landet,
897 347 24 21 sä
943 349 48 25 tyc-

159 372 39 22 ker
211 373 37 27 jag
263 374 105 22 rättvisan
384 375 68 21 skulle
468 375 74 22 fordra
557 378 39 24 att,
614 376 27 21 dä
656 376 24 21 sä
694 376 49 21 litet
758 376 91 27 begäres
865 382 44 15 som
921 376 66 25 detta,

159 408 50 14 man
225 402 70 21 skulle
310 403 86 21 villfara
410 404 154 26 petitionärens
588 405 89 21 önskan.
707 405 42 27 Jag
764 404 69 22 skulle
849 404 73 22 derför
936 404 53 27 vilja

159 430 131 22 understöda
305 432 41 20 den
362 432 24 21 af
399 433 32 21 Hr
445 433 100 27 Räbergh
562 433 121 21 inlemnade
704 433 119 27 petitionen
839 433 41 21 och
895 434 44 20 låta
954 435 37 19 ut-

159 459 92 21 skottets
266 460 113 27 kortsynta
394 462 39 20 och
448 462 146 21 omotiverade
610 462 135 21 betänkande
761 462 93 21 förfalla.

228 511 33 21 Hr
283 511 101 23 Taube:
414 513 112 22 Utskottet
547 516 71 24 yttrar
640 516 32 19 att
697 514 121 27 segelleden
844 514 90 20 emellan
960 512 30 22 de

158 538 86 28 platser,
262 546 45 16 som
323 541 58 27 ligga
395 542 28 26 pä
437 542 105 21 hvardera
550 543 62 21 sidan
626 549 34 15 om
671 544 62 20 näset
743 542 36 21 vid
789 542 111 21 Bromarfs
910 542 79 27 kyrka,

158 568 69 21 skulle
242 575 76 21 genom
335 570 40 21 den
391 570 163 28 ifrägavarande
569 572 92 20 kanalen
677 571 106 27 betydligt
799 571 114 26 förkortas,
937 577 50 15 men

158 596 7 21 i
181 596 43 22 alla
239 597 113 23 händelser
367 601 24 19 är
406 600 123 26 betydelsen
545 600 24 21 af
583 600 69 21 denna
667 600 64 21 kanal
747 603 22 17 at
780 600 83 27 ganska
873 600 114 20 inskränkt

158 625 58 22 lokal
231 628 69 20 natur.
331 628 43 21 Det
388 630 24 19 är
428 628 131 28 fullkomligt
578 629 68 28 enligt
667 630 49 20 med
732 629 45 21 min
792 628 139 28 uppfattning
945 628 41 21 och

158 654 125 22 instämmer
291 656 37 27 jag
343 657 6 20 i
366 657 115 22 utskottets
497 657 140 28 afstyrkande
647 658 143 21 betänkande.
814 658 46 21 Här
871 657 39 21 har
921 657 65 21 fram-

157 683 74 21 hällits
254 686 32 19 att
309 685 143 22 kostnaderna
472 688 50 19 vöre
537 687 68 27 ringa,
628 687 124 27 antagligen
765 686 156 27 jemförelsevis
937 685 50 21 med

159 712 25 20 de
200 714 59 19 stora
274 719 100 21 summor,
391 720 46 15 som
453 715 115 21 ständerna
583 716 35 20 vid
635 716 68 20 denna
720 715 103 27 landtdag
845 715 88 27 beviljat
952 714 36 21 för

156 740 216 28 kommunikationer,
388 749 47 15 men
452 744 7 20 i
475 744 43 20 alla
533 744 39 21 fall
588 744 56 27 stiga
660 744 62 21 dessa
737 744 117 20 kostnader
864 744 33 20 till
908 743 82 21 ätmin-

160 771 61 19 stone
239 771 90 25 150,000
349 772 66 26 mark,
439 772 82 21 hvilket
534 773 37 27 jag
586 779 63 15 anser
664 779 51 15 vara
730 773 92 26 mycket,
846 772 27 21 dä
889 772 98 21 fördelen

156 799 25 19 är
202 798 82 22 kanske
306 799 70 27 ingen,
400 800 130 22 åtminstone
547 802 83 26 ganska
644 802 67 27 ringa,
735 801 37 21 vid
787 808 25 14 en
829 801 66 21 sådan
910 800 77 22 kanal-

156 826 142 28 anläggning;
314 828 40 21 och
369 829 37 21 vill
419 830 37 26 jag
472 830 102 21 särskildt
591 830 90 27 påpeka,
704 832 34 19 att
753 830 40 21 den
809 830 66 20 ärade
898 829 91 27 petitio-

155 856 66 20 nären
237 856 47 21 icke
300 856 38 22 har
353 857 66 28 riktig
434 858 120 22 kännedom
570 865 34 15 om
620 859 26 21 de
662 861 68 19 orters
753 858 136 28 belägenhet,
911 858 78 21 hvilka.

155 883 42 21 han
213 884 7 20 i
236 885 237 26 petitionsmemorialet
488 889 116 19 omnämnt.
628 888 49 20 Han
692 890 63 24 säger
771 890 32 18 att
817 893 78 21 genom
909 886 76 22 kanal-

155 912 157 28 anläggningen
328 914 68 22 skulle
411 916 96 27 seglaren
522 916 73 21 kunna
610 916 94 21 undvika
720 916 41 21 den
777 918 71 24 öppna
858 916 76 21 Bolax-
943 914 41 22 och

155 941 77 27 Hangö
248 942 168 28 Vesterfjärden.
445 944 63 21 Hvad
528 944 162 27 Bolax-fjärden
712 944 109 27 beträffar,
845 946 24 19 är
889 944 35 21 det
939 944 49 21 rik-

155 969 47 27 tigt,
226 977 48 15 men
297 974 71 19 vestra
391 972 75 28 Hangö
489 973 83 27 fjärden
595 976 24 18 är
632 974 45 26 just
692 974 41 20 den
749 973 63 27 fjärd,
835 973 64 21 hvars
914 972 73 28 böljor

155 998 69 27 skölja
247 1000 117 27 tulludden,
388 1001 52 21 eller
462 1002 40 21 den
524 1004 93 25 yttersta
637 1002 69 21 udden
724 1002 24 21 af
761 1002 77 26 Hangö
855 1002 72 20 landet
943 1000 41 22 och

154 1026 53 22 hvar
223 1028 39 21 och
278 1035 32 20 en,
327 1035 46 15 som
388 1032 70 19 vester
473 1030 55 22 ifrän
544 1031 38 20 vill
598 1031 87 21 komma
700 1031 34 21 till
750 1031 77 26 Hangö
843 1030 54 26 stad,
914 1030 71 21 mäste

154 1055 104 22 dubblera
272 1056 120 23 Tulludden
408 1059 38 20 och
462 1059 83 21 säledes
560 1065 88 20 passera
659 1059 77 27 Hangö
747 1058 168 27 Vesterfjärden.
939 1059 45 20 Det

154 1085 25 19 är
193 1084 55 22 visst
262 1087 49 20 sant
326 1089 33 18 att
374 1087 106 27 seglatsen
496 1088 28 26 pä
539 1088 67 21 Bolax
622 1088 83 27 fjärden
729 1087 69 21 skulle
820 1087 73 21 kunna
907 1086 80 22 undvi-

153 1112 39 21 kas
215 1120 76 20 genom
315 1117 33 19 att
370 1122 88 20 passera
479 1117 99 24 kanalen,
602 1123 34 14 om
660 1117 35 20 det
718 1116 109 27 nämligen
843 1118 25 19 är
882 1122 26 15 en
924 1115 63 27 dälig

153 1141 89 27 seglare,
259 1149 49 14 men
323 1150 42 21 nog
381 1144 63 21 hafva
460 1145 26 21 de
504 1145 71 21 bättre
598 1145 82 27 seglare
696 1145 39 21 der
749 1145 8 20 i
773 1145 77 20 skären
866 1146 27 19 än
908 1147 33 19 att
957 1144 27 21 de

153 1170 71 21 skulle
246 1171 74 22 frukta
342 1175 32 18 att
396 1179 87 20 passera
502 1174 69 21 denna
587 1173 61 28 fjärd,
672 1174 40 21 och
728 1173 77 27 Hangö
821 1173 164 27 Vesterfjärden

153 1198 62 21 skola
230 1199 26 21 de
272 1201 82 20 ändock
370 1202 141 27 ovilkorligen
527 1203 59 26 segla
609 1202 60 21 öfver
684 1202 33 21 för
733 1204 34 19 att
780 1202 87 21 komma
882 1201 47 22 frän
944 1202 40 21 ka-

152 1227 64 21 nalen
239 1228 34 21 till
296 1229 76 28 Hangö
396 1231 53 20 stad.
480 1231 42 27 Jag
544 1237 63 14 anser
630 1231 72 21 derför
725 1233 33 19 att
773 1231 172 26 kanaliseringen
961 1229 28 22 af

151 1257 62 20 näset
229 1257 35 20 vid
279 1257 101 22 Bromarf
393 1259 69 27 kyrka
476 1260 40 20 har
532 1259 64 28 ingen
612 1260 116 27 betydelse,
745 1259 7 20 i
768 1259 102 21 händelse
885 1259 41 21 den
934 1259 50 21 icke

151 1284 70 21 skulle
236 1285 75 22 ställas
330 1287 3 20 i
349 1288 154 27 sammanhang
523 1289 49 20 med
587 1290 32 19 ett
634 1288 45 21 helt
701 1290 81 25 system
797 1287 24 22 af
835 1288 88 21 kanaler
945 1287 39 21 vid

150 1313 100 27 Lappvik
265 1315 27 26 pä
308 1315 76 28 Hangö
400 1316 73 21 landet
484 1317 39 21 och
538 1317 36 21 vid
590 1317 113 26 Porkkala,
721 1323 49 14 men
781 1316 48 21 från
839 1317 80 20 sådana
927 1316 58 21 före-

150 1344 38 25 tag
203 1343 37 20 äro
256 1343 21 20 vi
293 1343 60 28 längt
364 1344 100 28 aflägsna.

221 1388 50 21 Som
287 1389 32 21 Hr
334 1390 79 26 Späres
428 1390 80 28 förslag
523 1391 47 21 icke
585 1391 75 21 vunnit
675 1391 124 25 understöd,
815 1390 120 21 hemstälde
949 1390 34 20 Hr

148 1415 213 24 Landtmarskalken
376 1419 76 22 endast
468 1426 34 15 om
517 1419 157 27 godkännande
689 1419 23 22 af
726 1419 119 21 utskottets
863 1418 123 25 uttalande,

148 1444 90 21 hvilken
255 1445 160 30 framställning
430 1448 24 21 af
468 1448 84 21 ständet
565 1449 94 26 jakande
674 1448 135 21 besvarades.

219 1490 137 23 Beträffande
378 1493 118 22 utskottets
520 1493 138 27 afstyrkande
681 1493 24 21 af
723 1492 208 28 petitionsförslaget
947 1498 37 15 om

145 1518 105 27 åtgärder
266 1519 34 22 för
315 1520 143 22 befordrande
475 1522 23 21 af
512 1529 27 14 en
554 1522 113 21 oafbruten
679 1521 220 28 sjöfartsförbindelse
915 1521 69 21 emel-

145 1553 36 14 «an
199 1547 93 22 Finland
308 1549 40 21 och
364 1550 98 21 utlandet
476 1551 69 20 under
559 1551 90 26 vintern,
665 1551 87 27 yttrade
