1070 1745
200 141 54 21 1332
461 148 24 17 R.
499 153 17 12 0.
525 148 22 17 A.
558 148 58 17 1888.
636 148 24 17 18
668 148 47 21 Maj.

238 232 78 22 Vidare
334 233 122 27 godkändes
479 233 53 22 efter
555 233 119 22 hvarandra
696 234 24 26 $$
745 233 61 23 7—9,
830 232 65 21 sedan
917 231 32 22 Hr
971 232 24 21 A.

172 260 125 26 Grotenfelt,
312 261 48 22 med
377 261 97 22 afseende
489 263 14 20 &
517 262 26 21 R.
559 269 19 14 o.
594 262 36 21 A:s
652 261 70 22 beslut
744 260 132 23 beträffande
899 260 25 22 de
946 260 53 21 före-

170 289 82 26 gående
274 290 59 26 SS:na
348 290 74 21 afstäti
437 290 45 21 från
499 293 32 18 att
553 291 53 27 yrka
628 291 27 26 pä
678 290 119 27 antagande
819 289 22 22 af
863 289 61 22 dessa
946 290 23 25 SS
992 289 7 20 i

172 317 217 24 Ofverensstämmelse
404 319 48 22 med
467 319 53 22 hans
535 319 137 22 reservation.

240 373 170 24 Vidkommande
426 376 26 21 10
467 377 12 25 $
495 375 88 22 anförde

240 415 34 21 Hr
288 415 24 21 A.
329 411 166 26 Grotenfelt:
511 415 136 22 Beträffande
662 416 70 21 denna
748 416 11 25 $
776 415 67 21 måste
856 415 37 26 jag
907 413 92 22 vidhålla

171 442 43 22 min
230 442 139 28 anmärkning
385 443 101 27 deremot,
502 446 33 19 att
549 443 62 27 fänge
626 443 68 22 skulle
713 450 39 21 ega
775 445 44 20 rätt
841 445 32 20 att
895 442 104 22 förbättra

171 471 32 22 sin
218 471 55 22 kost.
302 471 10 22 I
326 471 103 28 fängelset
444 473 38 21 har
496 473 42 21 han
554 472 46 21 fritt
615 472 118 27 uppehälle,
751 472 39 21 och
805 472 43 21 han
863 471 40 22 bör
917 471 46 22 icke
979 470 20 22 få

172 499 48 22 med
235 499 118 22 inkomsten
370 500 21 22 af
405 501 36 21 det
456 501 79 27 arbete,
551 501 42 22 han
608 501 107 27 förrättar,
732 500 102 22 förskaffa
855 501 32 26 sig
909 499 90 28 njutnin-

172 534 39 21 gar
226 528 52 21 eller
300 529 151 27 förbättringar
465 530 6 21 i
487 530 83 21 kosten.
599 530 41 27 Jag
662 531 68 20 måste
753 529 82 22 således
857 528 85 23 anhålla
965 534 33 15 om

173 558 33 20 att
221 557 69 21 denna
305 558 11 25 3
332 558 66 21 måtte
412 559 168 21 återremitteras
595 558 32 21 till
643 558 112 26 utskottet,
771 557 33 22 för
815 560 32 19 att
857 557 142 27 omredigeras

171 585 7 21 i
194 585 216 23 öfverensstämmelse
426 587 48 22 med
489 588 49 20 mitt
556 587 84 27 förslag,
656 587 6 21 i
678 587 54 28 syfte
756 589 32 19 att
811 586 145 22 förbättrande
979 585 22 21 af

171 613 76 22 kosten
262 614 47 22 icke
324 615 54 27 finge
393 615 78 22 tillåtas
486 615 68 28 fånge,
571 622 45 15 som
632 615 106 28 undergår
752 613 160 30 fängelsestraff.

241 671 49 22 Med
305 672 113 27 anledning
434 673 59 22 deraf
507 675 42 19 att'
563 673 28 22 Hr
612 673 130 22 Grotenfelts
765 672 78 27 förslag
866 672 72 21 vunnit
961 677 37 15 un-

172 699 86 22 derstöd
273 701 67 21 under
356 701 40 21 den
404 701 127 27 föregående
546 702 152 25 diskussionen,
709 701 156 22 öfverlemnade
877 700 32 22 Hr
920 700 79 22 Landt-

172 728 135 23 marskalken
323 729 32 21 till
370 729 131 22 besvarande
517 730 92 27 följande
624 730 207 27 omröstningsprop:

240 786 54 32 Den,
310 793 44 15 som
370 787 123 27 godkänner
508 788 11 25 $
538 788 25 21 10
579 787 65 27 enligt
658 787 117 22 utskottets
791 786 84 27 förslag,
890 787 69 20 röstar
967 786 31 27 ja;

241 820 73 16 vinner
329 815 40 27 nej,
386 815 38 22 har
438 816 24 21 R.
480 822 18 15 o.
515 816 24 21 A.
557 815 98 22 omfattat
677 815 150 22 motsvarande
849 816 12 25 $
877 816 12 20 9
906 815 29 21 uti
959 814 40 21 den

172 842 23 22 af
208 843 32 21 Hr
256 843 117 22 Grotenfelt
389 843 77 28 afgifna
481 845 163 21 reservationen.

241 899 63 28 Prop.
321 900 125 22 besvarades
462 901 48 21 med
531 901 153 27 öfvervägande
699 901 41 27 nej,
764 900 39 22 och
819 907 36 15 var
871 900 81 22 säledes
968 899 32 22 Hr

173 927 129 23 Grotenfelts
317 930 130 21 reservation
463 930 30 21 uti
509 930 69 21 denna
593 930 34 22 del
642 932 98 25 antagen.

241 986 26 26 $$
285 987 82 21 11—13
383 986 122 28 godkändes
521 989 51 20 utan
589 987 126 22 diskussion.

394 1028 6 10 4

242 1042 77 22 Likaså
334 1043 122 27 godkändes
471 1046 52 20 utan
546 1044 138 27 anmärkning
700 1045 12 21 5
730 1043 39 23 och
785 1045 13 21 6
813 1043 54 28 Kap.
891 1042 6 22 i
920 1042 80 22 föreva-

172 1070 67 22 rande
254 1070 219 30 författningsförslag.

242 1134 25 22 R.
284 1141 20 15 o.
319 1134 24 22 A.
361 1135 106 27 öfvergick
481 1135 53 23 härä
549 1136 32 21 till
603 1136 129 27 granskning
746 1135 23 22 af
782 1134 101 28 förslaget
905 1134 31 22 till
953 1134 48 22 .för-

174 1162 90 32 ordning
280 1169 33 15 om
329 1163 110 23 införande
454 1164 22 22 af
489 1170 27 21 ny
531 1164 78 22 allmän
624 1164 96 27 strafflag
743 1164 32 22 för
798 1163 203 22 Storfurstendömet

173 1190 92 23 Finland
282 1192 38 21 och
335 1192 57 22 hvad
406 1193 6 20 i
428 1192 98 23 afseende
541 1193 51 21 derä
607 1192 53 22 skall
675 1193 113 27 iakttagas.

242 1248 116 28 Angäende
374 1250 58 21 detta
448 1250 79 27 förslag
542 1249 84 29 yttrade

241 1288 33 22 Hr
289 1288 167 28 Furuhjelm:
480 1290 40 21 Om
544 1290 36 21 det
601 1291 25 20 är
640 1289 43 27 mig
698 1289 79 22 tillätet
793 1290 32 21 att
839 1288 68 22 uttala
924 1294 26 16 en
965 1294 38 15 an-

172 1316 114 27 märkning
301 1323 35 16 om
350 1317 237 28 författningsförslaget
601 1318 8 21 i
624 1317 47 22 dess
686 1317 79 26 helhet,
789 1318 24 21 sä
835 1317 43 22 kan
899 1317 35 26 jag
956 1315 48 22 icke

172 1345 143 27 undertrycka
331 1352 26 15 en
372 1346 74 27 sädan,
465 1346 105 27 nämligen
589 1346 40 22 den
644 1348 32 20 att
698 1347 7 20 i
728 1347 118 21 detsamma
868 1345 39 22 har
929 1344 74 22 införts

173 1379 27 16 en
214 1373 36 22 hel
266 1374 77 27 mängd
359 1375 138 27 stadganden,
513 1381 45 15 som
574 1375 119 26 egentligen
708 1374 48 22 icke
771 1374 72 21 kunna
858 1379 61 16 anses
941 1372 64 23 hafva

173 1401 119 28 någonting
306 1403 48 21 med
370 1409 26 16 en
411 1403 292 28 promulgationsförordning
722 1404 34 21 att
777 1402 74 27 skaffa,
874 1403 24 20 sä
913 1403 15 20 t.
944 1407 31 16 ex.
992 1402 11 25 $

173 1431 20 26 8,
209 1436 46 15 som
271 1431 91 22 handlar
378 1437 34 16 om
428 1431 140 28 medikolegal
586 1431 125 28 besigtning,
737 1432 3 26 $
763 1432 5 21 9
785 1431 40 22 och
848 1431 27 21 10
898 1437 34 15 om
954 1429 51 28 fynd

172 1458 40 21 och
227 1458 115 28 hittegods,
365 1461 5 25 S
387 1461 24 20 11
430 1467 34 15 om
480 1460 90 22 klander
585 1460 22 21 af
620 1460 64 22 stulet
699 1460 54 27 gods
768 1466 27 15 m.
811 1466 29 15 m.
865 1458 139 27 Naturligtvis

171 1486 44 23 kan
230 1487 38 22 det
283 1487 46 22 icke
344 1487 50 23 falla
409 1489 44 27 mig
467 1489 22 22 in
504 1491 33 20 att
551 1489 69 21 uttala
634 1489 66 27 något
714 1488 91 22 klander
813 1487 97 23 deröfver
925 1489 32 20 att
972 1489 31 19 ut-

172 1515 82 22 skottet
268 1516 47 22 icke
337 1517 101 27 företagit
459 1517 32 28 sig
513 1519 32 20 att
567 1517 133 27 omredigera
722 1517 161 27 propositionen
905 1516 7 21 i
936 1515 69 22 denna

172 1543 39 22 del.
243 1544 25 27 Ej
286 1544 68 23 heller
368 1545 42 22 kan
423 1546 38 27 jag
476 1545 90 23 tillmäta
582 1545 42 28 mig
639 1548 33 19 att
686 1545 119 23 framställa
821 1546 66 27 något
904 1544 79 27 förslag
997 1544 7 21 i
