1070 1745
190 130 53 21 1258
445 137 23 17 R.
482 142 16 13 o.
507 138 23 16 A.
540 138 58 17 1888.
623 139 23 16 16
659 139 49 20 Maj.

159 222 100 29 religion,
271 223 32 20 sin
319 222 146 28 öfvertygelse.
496 224 47 21 Den
559 225 110 26 ortodoxe,
686 231 46 15 som
747 226 46 20 tror
808 225 28 26 pä
852 227 31 19 ett
898 225 25 21 lif
930 225 55 21 efter

160 251 65 26 detta,
249 251 61 20 äfven
332 251 48 26 han,
398 252 66 21 ehuru
479 253 42 20 han
537 259 63 15 anser
615 253 60 22 lifvet
690 253 40 21 här
746 260 51 14 vara
813 260 26 14 en
851 253 133 27 jemmerdal,

160 279 42 21 han
225 279 68 21 häller
312 280 42 21 fast
377 281 34 20 vid
435 281 45 26 det;
503 282 35 21 för
556 282 78 21 honom
650 284 24 19 är
690 283 36 20 det
739 282 24 27 ju
779 289 25 14 en
819 282 99 27 grymhet
933 285 52 18 utan

159 307 49 26 like,
225 309 32 20 att
273 307 87 22 beröfva
376 309 76 22 honom
468 310 138 27 möjligheten
622 313 32 19 att
669 311 64 21 ställa
748 311 60 21 detta
824 311 25 21 lif
862 311 30 26 sä,
907 312 31 19 att
949 311 37 20 det

159 336 42 21 blir
217 342 25 15 en
266 336 65 22 sädan
354 337 115 27 beredelse,
493 345 46 15 som
558 339 43 21 han
617 340 84 25 önskar,
717 339 32 22 till
765 339 36 22 det
817 339 95 27 verkliga
926 339 59 20 lifvet

159 365 85 21 bortom
260 365 93 27 grafven.
384 367 42 20 För
442 367 46 27 den,
505 374 45 15 som
561 368 47 21 icke
619 368 65 27 vägar
695 369 39 20 lita
742 369 32 26 sig
784 369 32 20 till
828 369 69 20 denna
907 367 78 21 vackra

160 393 111 27 hypothes,
295 394 33 21 för
351 395 47 26 den,
421 402 44 15 som
487 396 47 21 icke
552 397 37 20 vill
605 399 50 24 taga
670 397 37 21 det
723 397 78 21 osäkra
815 397 33 21 för
864 397 36 20 det
915 396 69 24 säkra,

160 422 33 20 för
216 422 40 21 den
273 425 24 18 är
312 423 36 21 det
362 424 23 26 ju
404 424 88 22 alldeles
507 425 128 27 uppenbart,
651 428 32 18 att
699 426 59 20 lifvet
773 425 40 21 här
828 427 24 19 är
867 425 47 25 allt,
929 425 7 20 i
952 431 32 14 or-

161 451 47 21 dets
223 450 52 22 fulla
295 452 89 27 mening.
416 453 44 21 Allt
482 454 55 20 hvad
560 454 42 20 han
625 454 55 21 skall
696 454 29 21 bli
741 460 45 15 som
802 454 61 25 ande,
880 454 35 20 det
930 453 55 21 skall

161 479 41 21 han
219 479 29 21 bli
264 480 45 20 här.
340 481 42 21 Det
397 483 23 19 är
436 482 6 20 i
458 482 60 21 detta
533 482 65 26 lifvet,
615 482 41 21 han
673 482 54 22 skall
743 483 108 21 fullborda
861 482 32 21 sin
903 482 82 26 lifsger-

161 508 49 26 ning
233 507 33 21 för
282 508 23 21 sä
320 509 44 21 vidt
380 510 35 21 det
430 510 28 26 pä
471 510 78 22 honom
566 511 68 26 beror,
657 511 40 21 och
713 511 37 21 det
765 513 25 19 är
805 512 66 25 detta,
888 517 44 15 som
948 510 38 21 ho-

161 542 50 15 nom
227 536 105 26 beröfvas,
350 538 111 28 oskyldigt,
477 542 53 19 utan
540 540 151 21 förberedelse.
714 540 11 21 I
741 540 113 26 jembredd
872 540 47 20 med
930 539 56 21 hvad

161 564 42 22 han
219 566 80 26 mister,
322 573 62 21 synes
407 567 35 21 det
464 568 43 27 mig
522 575 52 14 vara
590 569 102 26 omöjligt,
709 570 33 20 att
756 568 66 22 tänka
837 568 32 27 sig
884 568 34 21 för
932 568 53 26 dräp

161 596 66 19 annat
250 596 27 19 än
301 595 119 22 dödsstraff.
450 596 49 22 Men
523 597 27 21 dä
568 604 48 14 man
633 598 48 21 med
696 598 40 20 allt
751 598 47 20 skäl
813 598 35 20 vid
863 597 42 21 alla
920 596 65 26 brott,

162 622 39 21 och
224 623 82 21 säledes
327 624 61 22 äfven
403 626 34 20 vid
453 625 58 27 dräp,
528 626 68 21 mäste
611 628 50 25 taga
677 626 81 26 hänsyn
774 626 6 21 i
795 626 47 21 icke
858 626 60 26 ringa
932 625 54 27 grad

161 651 34 21 till
211 651 25 21 de
259 652 120 26 subjektiva
402 658 127 22 momenten,
552 655 24 21 sä
599 655 33 21 mä
655 655 37 21 det
712 655 112 25 erkännas,
841 656 32 20 att
888 660 47 16 man
951 654 35 20 mä

162 680 63 20 ställa
247 681 67 21 andra
338 682 142 27 strafigrader,
504 690 45 14 som
572 684 72 20 kunna
666 684 112 26 tillgodose
801 684 68 20 dessa.
902 683 84 21 Brottet

163 709 60 21 mord
246 710 83 26 intager
344 710 7 21 i
365 711 69 21 denna
455 711 97 28 strafflag
574 718 26 15 en
616 714 88 25 säregen
721 712 106 27 ställning,
843 711 143 22 karaktärise-

163 737 48 21 radt
225 738 7 20 i
249 738 71 27 detalj,
337 739 69 21 säsom
422 740 66 27 knapt
503 740 65 28 nägot
583 743 65 19 annat
663 741 65 21 brott.
759 741 50 21 Man
827 740 37 21 har
879 740 33 22 för
927 740 60 21 detta

163 766 59 21 brott
244 766 46 22 icke
312 768 58 20 velat
393 768 39 21 och
450 769 46 21 icke
511 769 83 21 kunnat
609 770 80 21 bereda
704 770 41 21 den
760 769 67 21 breda
842 769 83 25 latitud,
941 775 45 14 som

163 794 171 22 karaktäriserar
356 796 141 22 straflmätten
512 799 7 20 i
540 798 69 27 öfrigt.
639 798 86 22 Brottet
741 798 112 21 definieras
868 798 119 21 fullständi-

163 829 50 20 gare
237 826 26 18 än
286 824 65 27 något
374 829 74 18 annat:
473 827 57 24 ,den,
547 833 45 15 som
608 827 7 21 i
630 827 78 27 uppsåt
726 829 34 19 att
776 827 56 21 döda
848 826 47 22 med
911 826 76 21 berädt

163 852 50 20 mod
236 852 99 22 beröfvar
358 860 69 15 annan
450 855 78 25 lifvet;*
553 862 25 14 en
598 856 129 26 precisering
742 856 7 20 i
765 856 60 20 detta
840 855 37 21 fall
893 855 57 20 såväl
965 854 24 21 af

164 880 40 21 den
228 881 107 26 objektiva
358 889 44 14 som
426 883 39 21 den
480 883 120 27 subjektiva
615 884 67 21 sidan.
701 896 24 3 —
742 884 41 21 Det
799 885 26 20 är
839 883 34 21 väl
889 885 31 19 att
935 883 53 26 hop-

163 915 46 20 pas,
225 912 32 18 att
273 916 25 15 en
315 910 58 26 hvar,
390 917 44 16 som
451 914 73 19 ämnar
539 913 7 20 i
561 913 69 21 denna
645 913 60 26 fräga
721 915 59 18 rösta
796 913 40 20 och
851 912 7 21 i
872 911 116 22 allmänhet

165 938 85 27 deltaga
265 939 7 20 i
287 939 156 28 behandlingen
465 941 23 20 af
506 941 59 22 detta
581 942 78 26 vigtiga
674 941 121 27 lagförslag,
811 941 42 21 läst
869 941 118 21 detsamma

164 966 32 21 till
213 967 48 20 slut.
292 967 48 21 Han
363 968 39 21 har
424 969 27 21 dä
474 969 70 22 funnit
557 971 31 20 uti
604 971 11 25 $
633 970 25 21 13
674 971 23 20 af
710 970 151 26 förordningen
878 976 34 14 om
927 969 61 21 verk-

164 995 109 26 ställighet
295 995 24 21 af
333 997 65 26 straff,
419 997 27 27 pä
461 999 38 20 sid.
516 999 26 20 96
558 999 7 21 i
581 999 116 21 utskottets
712 999 142 24 betänkande,
871 1005 26 14 en
911 999 78 26 ytterst

165 1024 65 26 vigtig
246 1024 140 28 bestämning,
403 1027 39 20 den
458 1033 34 15 om
508 1027 41 21 den
565 1034 15 14 s.
597 1027 19 21 k.
633 1027 112 27 vilkorliga
760 1027 142 27 frigifningen.
929 1043 4 9 ,
936 1026 53 25 Har

165 1052 47 26 den,
236 1059 45 15 som
305 1053 69 22 blifvit
397 1055 63 21 dömd
482 1056 33 20 till
530 1056 139 21 frihetsstraff
681 1056 7 21 i
704 1059 33 18 tre
754 1055 23 22 år
793 1056 52 21 eller
860 1055 128 25 derutöfver,

165 1081 78 21 utstätt
265 1084 33 19 tre
317 1082 129 27 fjerdedelar
462 1085 66 26 deraf,
545 1085 52 21 eller
612 1091 34 15 om
662 1085 42 21 han
719 1085 70 21 blifvit
804 1084 65 21 dömd
884 1084 32 21 till
931 1083 59 21 tukt-

165 1110 39 20 hus
220 1110 27 26 pä
270 1111 73 25 lifstid,
367 1113 63 21 minst
454 1114 24 20 12
499 1113 25 21 är
546 1114 22 20 af
586 1113 132 22 strafftiden"
742 1120 18 14 o.
777 1120 15 14 s.
809 1120 27 19 v.,
852 1113 23 21 sä
890 1113 42 21 kan
948 1112 42 21 han

165 1138 68 21 under
255 1140 57 20 vissa
333 1140 148 23 förhällanden
503 1142 103 26 frigifvas.
636 1143 45 20 Här
703 1144 30 23 är,
758 1142 23 21 sä
799 1142 45 21 vidt
857 1142 37 26 jag
909 1141 81 21 kunnat

165 1166 63 27 finna,
245 1168 53 21 intet
313 1169 108 27 undantag
436 1170 33 21 för
484 1171 36 20 det
535 1171 172 25 lifstidstukthus,
724 1177 45 15 som
781 1170 87 21 ädömes
878 1170 33 21 för
921 1169 68 21 mord.

165 1195 89 27 Följden
277 1196 41 22 blir
340 1197 90 26 säledes,
453 1201 31 19 att
508 1206 25 14 en
554 1200 99 21 mördare
668 1200 43 20 kan
727 1206 34 14 om
778 1200 26 20 12
820 1199 24 21 är
859 1199 85 21 komma
959 1200 33 18 att

165 1224 102 26 frigifvas.
297 1226 41 20 Vid
360 1227 26 20 18
402 1227 24 21 är
440 1229 24 19 är
478 1228 7 20 i
500 1228 74 27 hvarje
596 1228 37 21 fall
649 1234 26 15 en
690 1234 77 21 person
782 1228 99 26 ansvarig
897 1227 33 21 för
946 1227 46 20 sina

166 1253 127 27 handlingar
316 1255 39 21 och
378 1256 43 20 kan
436 1256 33 21 för
484 1258 61 20 mord
562 1256 86 22 ädömas
664 1256 49 22 fullt
729 1256 71 25 straff;
817 1256 34 21 vid
867 1256 27 21 30
909 1256 25 21 är
949 1255 43 21 kan

165 1282 43 20 han
231 1282 95 27 frigifvas
350 1284 39 21 och
412 1285 42 21 kan
476 1285 26 26 gå
518 1288 32 18 att
565 1285 74 21 mörda
655 1291 25 15 en
696 1285 56 26 gång
768 1285 39 21 till.
837 1285 42 21 Det
895 1286 23 19 är
934 1284 58 21 dess-

165 1312 61 19 utom
242 1311 88 21 alldeles
347 1313 125 26 uppenbart,
490 1315 32 19 att
537 1313 51 22 flere
604 1313 59 22 mord
679 1313 79 24 kunna,
774 1313 63 21 hvart
853 1313 39 21 och
908 1315 31 18 ett
954 1317 38 15 un-

166 1339 38 27 der
220 1340 134 27 synnerligen
377 1340 138 23 försvärande
531 1342 188 27 omständigheter,
735 1341 95 22 föröfvas
845 1341 28 26 pä
889 1347 25 15 en
929 1340 62 27 gäng.

165 1367 69 22 Afven
251 1368 59 21 detta
326 1369 88 22 hindrar
429 1371 45 20 icke
490 1373 32 18 att
538 1371 41 20 han
596 1377 33 14 om
646 1371 25 20 12
689 1371 23 20 år
728 1371 101 26 frigifves,
847 1382 25 3 —
887 1370 29 26 ja,
932 1368 61 22 mord

166 1395 110 22 föröfvadt
289 1397 7 21 i
311 1397 94 27 fängelse
429 1399 67 21 under
519 1399 148 21 tukthustiden
682 1405 58 19 vore,
756 1399 46 21 icke
818 1399 68 21 heller
901 1398 43 26 det,
961 1397 32 20 ät-

166 1425 105 21 minstone
287 1426 47 21 icke
350 1427 85 21 absolut
451 1430 30 19 ett
497 1427 80 22 hinder.
608 1428 41 21 Det
664 1429 24 20 är
703 1427 186 27 hufvudsakligast
899 1427 92 20 bestäm-

166 1453 107 21 melserna
295 1461 34 14 om
352 1455 41 21 den
409 1456 111 27 vilkorliga
536 1456 141 27 frigifningen,
694 1458 45 19 mot
754 1456 86 21 hvilken
853 1456 37 27 jag
905 1455 6 21 i
928 1454 64 27 öfrigt

166 1481 47 21 icke
229 1482 40 21 har
283 1483 65 26 nägot
364 1486 32 19 att
412 1485 108 24 anmärka,
537 1491 45 15 som
597 1487 58 24 göra,
671 1487 32 19 att
719 1485 37 21 det
771 1491 62 20 synes
849 1484 96 27 omöjligt
960 1484 33 21 att

166 1511 67 20 tänka
256 1511 31 27 sig
303 1519 25 13 en
345 1519 69 14 annan
437 1513 83 27 lösning
535 1513 27 27 pä
578 1513 69 21 denna
668 1513 68 27 fräga,
752 1515 28 19 än
795 1513 41 21 den
851 1513 24 21 af
888 1513 106 21 utskottet

166 1538 128 29 föreslagna,
310 1541 40 20 och
366 1541 36 22 det
418 1543 24 20 är
457 1542 84 27 mycket
556 1548 48 21 nog,
619 1542 27 21 dä
661 1548 50 15 man
726 1542 41 21 här
781 1542 67 21 infört
862 1541 90 22 tukthus
966 1541 27 27 pä
