1075 1739
198 122 55 21 1184
464 130 24 16 R.
501 134 18 12 o.
532 130 22 17 A.
563 129 56 17 1888.
638 130 23 17 15
673 129 48 21 Maj.

172 216 31 19 ett
219 214 58 27 sjukt
292 215 62 21 ställe
370 216 6 20 i
393 215 46 21 vårt
455 217 155 24 rättsväsende,
622 216 108 27 nämligen
746 215 38 21 vår
797 216 71 25 gamla
879 215 122 22 brottmåls-

171 243 35 26 lag
228 243 48 21 från
300 244 61 26 1734,
379 250 43 15 som
439 245 48 20 stod
503 245 24 20 så
542 245 60 26 långt
617 245 55 20 efter
688 245 67 20 andra
771 245 86 20 länders
872 245 129 26 strafflagar,

173 271 39 21 och
229 271 45 21 icke
291 279 59 14 mera
366 273 66 21 heller
448 274 82 20 stämde
547 274 48 20 med
612 273 207 21 rättsmedvetandet
830 273 33 21 för
873 273 65 21 tiden.
960 273 41 21 Det

171 300 80 21 kändes
267 301 65 20 redan
348 301 27 21 då
391 301 69 22 såsom
476 309 25 14 en
519 302 142 27 beklämning,
679 302 39 21 och
734 302 62 21 hvem
813 302 54 21 hade
879 302 46 21 icke
936 308 65 20 gerna

171 329 57 20 velat
251 329 52 21 råda
326 330 37 21 bot
379 331 32 20 för
428 333 30 18 ett
474 330 77 21 sådant
566 331 150 21 förhållande?
747 331 49 20 Men
813 330 188 26 rättsutveckligen

171 357 48 21 stod
242 358 58 20 stilla
322 358 28 27 på
373 359 40 21 den
436 359 75 27 punkt,
535 360 38 21 der
596 360 40 21 den
658 360 69 21 under
743 359 118 26 förgångna
876 359 55 21 tider
947 359 54 20 hade

171 388 93 19 stannat.
294 387 42 20 Det
358 387 69 21 finska
449 388 114 21 samhället
585 388 35 27 låg
643 388 76 21 liksom
736 388 6 21 i
759 394 26 15 en
808 388 103 26 letargisk
933 389 67 23 sömn,

171 420 45 15 som
239 415 48 21 icke
307 415 40 22 fick
364 418 75 19 störas.
470 417 33 20 Då
519 417 103 21 skänktes
638 423 34 15 oss
688 417 77 26 Kejsar
781 417 120 20 Alexander
916 416 27 25 II,
960 416 41 21 den

171 443 34 21 för
221 450 35 14 oss
271 444 87 22 käraste
374 445 64 21 bland
454 445 87 27 furstar,
558 445 48 22 med
622 446 41 21 den
679 445 33 21 för
729 446 32 20 sin
777 445 31 21 tid
825 447 70 25 öppna
910 445 89 21 blicken.

171 472 49 21 Han
244 472 55 22 hade
322 473 26 21 de
364 475 57 20 rätta
436 474 162 27 lösningsorden
614 475 6 20 i
637 475 31 21 sin
684 474 67 26 makt,
767 474 40 21 och
823 474 52 21 hvar
891 474 41 21 den
947 474 54 20 folk-

171 500 52 21 käre
238 501 82 21 fursten
336 502 47 21 lade
398 502 56 22 hand
470 504 35 20 vid
520 503 108 27 frågorna,
644 504 39 20 der
698 503 92 27 spirade,
806 503 68 21 under
889 504 31 20 ett
935 502 66 21 friare

172 529 167 27 samhällsskick,
363 531 134 22 förbättrade
520 532 61 26 lagar
596 532 40 21 och
652 533 32 20 ett
698 532 87 27 upplyst
801 531 162 21 handhafvande
979 530 24 22 af

172 558 196 27 regeringsmakten
383 560 54 21 fram
452 561 7 21 i
474 560 53 22 hans
544 560 54 28 spår.
630 561 42 21 Det
687 567 38 14 var
740 561 7 21 i
763 567 53 20 egen
831 566 78 21 person
924 560 77 26 Kejsar

172 586 120 22 Alexander
307 588 21 21 II
344 588 101 22 hemtade
468 596 34 14 oss
525 590 40 20 den
589 596 41 20 nya
652 590 81 26 dagens
751 589 47 27 ljus,
815 589 39 21 och
870 588 46 22 från
932 589 70 21 denna

172 615 37 24 tid,
225 615 34 21 för
275 617 26 20 25
318 616 24 22 år
364 618 96 25 tillbaka,
483 618 39 21 har
541 618 76 26 frågan
640 624 35 15 om
691 618 79 22 reform
785 618 6 20 i
808 618 124 26 strafflagen
948 617 53 22 stått

170 644 27 26 på
222 644 165 28 dagordningen.
418 647 111 21 Komitéer
551 646 64 22 hafva
637 646 63 22 aflöst
723 646 127 26 hvarandra,
866 646 135 27 fängelserna

170 672 64 22 hafva
257 674 67 21 under
340 681 25 14 en
381 674 49 28 lång
445 675 52 27 följd
513 676 22 21 af
550 675 24 21 år
589 676 62 20 stälts
666 676 7 20 i
689 676 91 26 ordning
796 674 33 22 för
845 675 55 21 hvad
915 675 86 21 komma

170 701 76 25 skulle,
262 702 40 21 och
317 709 28 14 nu
361 705 24 19 är
401 704 39 21 den
456 704 27 21 då
498 704 47 25 här,
561 704 41 21 den
612 711 43 20 nya
665 704 41 27 lag,
717 710 47 16 som
775 706 72 19 senast
857 704 70 21 blifvit
936 710 65 20 gran-

170 730 53 21 skad
239 730 7 21 i
262 730 102 23 Finlands
379 733 98 21 ständers
485 732 204 28 Strafflagsutskott.
711 733 44 21 Det
770 733 40 21 har
825 732 55 21 varit
895 734 32 20 ett
941 732 59 27 lång-

170 759 70 27 varigt
262 759 225 23 förberedelsearbete.
518 762 93 26 Mången
633 762 68 26 redlig
723 761 107 26 arbetare,
851 767 45 15 som
912 760 89 22 framför

170 788 68 21 andra
261 788 103 22 reformer
386 790 55 22 hade
464 791 40 21 den
528 790 92 22 rörande
643 790 180 26 brottmålslagen
839 790 45 26 kär,
900 790 39 21 har
953 789 47 27 gått

170 816 55 26 bort,
234 816 73 22 förrän
323 818 43 21 han
381 818 42 22 fått
437 818 68 22 skåda
519 818 97 22 arbetets
631 819 91 24 frukter,
737 819 66 21 innan
819 819 115 21 ständerna
945 824 54 15 sam-

170 846 110 20 manträdt
296 846 32 21 till
344 846 69 22 denna
428 848 109 26 landtdag.
558 848 42 26 Jag
615 848 103 21 behöfvér
733 848 57 20 blott
805 849 78 19 nämna
898 853 101 15 namnen:

170 873 113 27 Bergbom,
300 881 40 15 von
356 876 113 27 Knorring,
485 876 120 26 Ehrström,
621 877 94 21 Brunou.
747 876 46 21 Och
809 876 47 21 med
867 876 134 21 tacksamhet

169 902 37 21 vill
227 902 37 27 jag
280 903 6 21 i
302 904 42 26 dag
366 904 69 22 erinra
451 905 42 27 mig
509 905 63 21 deras
587 912 75 14 varma
677 905 42 27 håg
734 906 33 19 att
781 911 70 20 gagna
866 904 41 22 den
922 905 79 27 vigtiga

170 930 68 22 saken
254 932 38 21 och
310 932 36 21 det
361 934 76 26 trogna
452 934 81 24 arbete,
550 934 26 21 de
592 934 27 26 på
640 934 124 21 densamma
779 934 93 26 nedlagt.

239 960 49 21 Men
304 967 34 15 om
344 961 37 27 jag
392 962 47 21 med
447 962 70 27 glädje
528 962 71 22 helsar
610 962 59 22 tiden
680 962 34 21 för
725 962 137 27 strafflagens
873 962 126 26 antagande,

170 987 23 21 så
209 988 89 22 innebär
313 990 60 21 detta
388 990 65 22 likväl
467 991 47 22 icke
530 993 33 19 att
571 991 38 27 jag
624 991 47 21 icke
687 990 68 22 skulle
772 997 39 21 ega
822 992 31 20 ett
865 992 65 25 öppet
940 990 59 21 sinne

170 1015 33 22 för
219 1017 36 21 det
271 1017 144 28 föreliggande
431 1020 221 26 strafflagsförslagets
669 1020 84 21 brister.
776 1019 41 27 Jag
833 1019 39 21 har
882 1020 71 20 ansett
963 1019 37 21 det

170 1044 33 21 för
213 1046 43 20 min
268 1046 53 26 pligt
336 1048 33 20 att
383 1048 8 20 i
401 1048 66 26 några
477 1048 73 27 frågor
560 1048 86 27 inlägga
657 1048 132 22 reservation
801 1050 57 19 emot
869 1048 25 21 de
905 1048 76 22 beslut,
992 1047 7 21 i

170 1073 72 22 hvilka
254 1074 219 28 Strafflagsutskottet
480 1077 34 21 vid
524 1076 112 28 frågornas
647 1077 118 27 afgörande
776 1076 39 21 har
826 1078 91 20 stannat.
939 1076 28 21 Så
975 1077 25 19 är

170 1102 76 22 fallet
239 1098 13 39 i
257 1103 61 27 fråga
333 1110 34 16 om
379 1105 138 27 bestraffning
527 1106 34 20 för
572 1106 150 26 minderåriga,
735 1112 34 14 om
781 1104 138 22 dödsstraffet
929 1105 70 21 såsom

170 1131 64 21 straff
255 1131 33 21 för
311 1133 67 25 mord,
395 1140 34 15 om
445 1134 84 21 hvilken
546 1134 93 21 domstol
654 1134 35 21 må
704 1140 53 15 vara
772 1134 90 26 behörig
877 1135 32 19 att
924 1133 75 27 pröfva

170 1159 84 22 kraften
278 1160 22 21 af
324 1161 113 28 bevisning,
461 1162 113 22 framstäld
589 1163 33 21 till
637 1163 115 26 utredning
767 1162 24 22 af
804 1162 114 26 brottsliga
933 1162 66 21 hand-

169 1188 75 26 lingar,
260 1195 46 15 som
321 1190 98 22 tillvitais
435 1198 76 18 annan,
528 1191 39 21 och
583 1192 100 26 slutligen
694 1192 6 20 i
711 1191 63 26 fråga
789 1197 34 15 om
839 1190 161 27 verkställighet

169 1216 23 22 af
205 1217 37 21 det
257 1218 114 26 lindrigare
387 1219 22 21 af
424 1220 25 20 de
465 1220 66 26 begge
547 1220 166 21 frihetsstraffen
729 1220 8 20 i
752 1220 103 26 förslaget
871 1219 52 21 eller
939 1219 60 25 ,fän-

168 1245 162 27 gelsestraffet*.

237 1275 10 20 I
262 1275 44 21 alla
328 1276 62 21 dessa
412 1276 38 21 fall
472 1276 39 21 har
531 1277 37 26 jag
590 1276 70 22 funnit
675 1277 68 21 andra
759 1276 125 27 lämpligare
899 1276 100 26 stadgan-

168 1302 41 21 den
232 1303 79 27 kunna,
334 1306 53 19 utan
407 1304 108 28 rubbning
537 1305 24 21 af
581 1305 139 27 lagförslaget
735 1305 7 21 i
758 1305 49 21 dess
831 1305 78 25 helhet,
931 1305 68 20 sättas

167 1331 7 21 i
195 1330 26 22 de
244 1331 24 21 af
288 1332 107 22 utskottet
417 1334 131 26 föreslagnas
570 1334 69 21 ställe.
670 1334 10 21 I
702 1334 61 26 fråga
786 1340 35 15 om
846 1333 109 26 bevisning
977 1332 24 22 af

168 1360 162 22 ärekränkande
353 1361 100 22 tillmäles
476 1363 95 26 sanning,
593 1362 40 21 har
652 1362 38 27 jag
713 1362 34 22 till
770 1362 45 21 alla
829 1362 61 21 delar
903 1361 97 27 godkänt

168 1388 41 21 den
233 1388 115 28 kejserliga
375 1396 60 21 prop.
473 1391 34 21 Nu
531 1390 69 22 finnes
624 1391 37 22 det
686 1391 121 21 emellertid
833 1390 63 22 äfven
925 1390 74 21 ätskil-

167 1416 43 27 liga
233 1418 67 20 andra
318 1418 112 27 spörsmäl,
445 1419 49 21 med
509 1419 83 27 hänsyn
607 1419 33 21 till
655 1420 73 20 hvilka
741 1420 38 26 jag
794 1419 23 21 ät
833 1420 26 20 de
874 1420 7 20 i
896 1418 103 27 förslaget

167 1447 111 25 upptagna
300 1446 187 28 bestämningarna
509 1448 69 22 skulle
598 1448 64 21 hafva
678 1448 78 22 önskat
772 1454 27 15 en
814 1454 69 15 annan
899 1447 100 21 formule-

167 1474 47 26 ring
229 1476 27 19 än
273 1475 40 21 den
328 1475 103 27 förslaget
446 1476 105 27 upptagit.
572 1476 50 22 Men
638 1483 44 15 som
699 1483 26 15 en
736 1477 126 26 förändring
872 1476 23 21 af
904 1475 95 27 antydda

167 1503 133 26 stadganden
323 1504 68 21 skulle
410 1504 64 22 hafva
489 1505 79 21 rubbat
583 1505 222 27 straffrättssystemet
821 1505 39 21 och
875 1510 76 22 genom
967 1505 32 20 att

167 1531 176 27 nödvändiggöra
365 1538 26 16 en
415 1533 149 27 omarbetning
578 1534 24 21 af
615 1534 49 21 hela
678 1534 64 27 lagen
757 1534 52 21 stält
824 1533 138 27 möjligheten
977 1532 23 22 af
