1061 1756
360 131 24 18 R.
396 135 18 14 o.
426 131 23 18 A.
461 132 61 17 1888.
540 132 28 17 28
580 131 49 22 Maj.
830 127 54 22 1637

83 215 104 26 tutionen,
204 222 34 15 om
254 216 119 26 dödsstraff,
390 217 153 28 bälebränning
559 217 39 22 och
614 218 73 27 dylikt.
718 218 49 21 Men
783 218 61 22 äfven
859 219 7 21 i
881 225 31 16 se-

84 250 51 15 nare
151 243 55 22 tider
221 244 62 22 hafva
299 245 71 26 dylika
384 245 98 28 rörelser,
499 252 45 15 som
560 246 39 21 den
616 247 127 26 nuvarande,
761 247 34 22 vid
810 247 50 22 flere
870 247 42 22 till-

82 272 65 22 fällen
164 273 117 21 framträdt.
312 274 42 21 Det
369 274 62 21 torde
446 281 51 20 vara
513 274 79 22 bekant
608 275 32 21 för
656 275 53 26 dem,
725 281 46 15 som
794 275 48 27 följt
864 277 48 20 med

83 301 70 22 denna
175 301 65 27 fråga,
264 304 32 19 att
319 304 14 19 t.
357 309 31 15 ex.
414 303 6 20 i
443 303 109 21 Österrike
574 303 7 21 i
596 303 79 21 midten
691 303 22 21 af
725 303 57 22 förra
798 303 68 22 seklet
881 306 31 19 ett

81 332 80 25 ytterst
176 331 107 25 energiskt
298 331 39 20 och
353 331 130 26 konsegvent
499 331 71 21 försök
585 332 67 26 gjorts
667 332 6 20 i
689 332 93 26 riktning
793 334 31 19 att
835 333 76 20 under-

82 358 75 27 trycka
180 358 170 27 prostitutionen.
381 359 32 21 De
435 359 156 27 prostituerade
612 360 86 21 dömdes
714 359 31 22 till
761 360 99 27 fängelse,
876 361 35 21 sä-

81 393 47 16 som
144 393 47 15 man
208 387 6 20 i
230 388 51 20 våra
296 387 65 27 dagar
376 387 35 21 vill
426 388 124 27 genomföra
565 387 61 22 äfven
642 388 6 21 i
663 389 37 20 vår
715 388 137 27 lagstiftning.
879 389 31 21 De

82 415 152 27 deporterades
259 415 32 21 till
315 416 104 21 särskilda
442 416 60 21 delar
524 417 22 20 af
566 416 62 25 riket,
647 417 39 20 och
702 423 48 14 man
765 416 85 22 inskred
866 419 44 19 mot

82 444 51 21 dem
157 444 48 21 med
220 444 40 21 den
276 446 78 19 största
369 444 116 27 stränghet.
517 444 44 22 Och
577 444 71 21 hvilka
664 451 49 14 voro
729 445 132 21 resultaten?
876 445 33 26 Jo,

84 474 33 20 att
139 472 67 21 lasten
229 474 59 19 snart
310 473 6 20 i
340 473 87 20 förökad
450 473 54 21 form
527 473 135 28 framträdde.
686 473 39 21 och
745 475 32 18 att
792 473 42 21 alla
849 473 60 21 dessa

80 502 88 25 stränga
183 501 100 25 åtgärder
298 501 67 21 måste
380 501 122 27 upphäfvas.
528 502 62 21 Annu
606 507 80 20 senare,
703 501 6 21 i
724 501 71 21 Berlin
806 502 28 26 på
846 502 63 21 1840-

81 529 59 27 talet,
158 529 97 27 lyckades
281 529 36 22 det
334 529 32 21 för
380 536 26 15 en
422 529 85 27 religiös
523 529 79 22 rörelse
617 531 32 19 att
664 529 143 27 genomdrifva
823 529 86 22 alldeles

80 557 101 22 liknande
203 557 71 28 påbud
297 560 108 25 gentemot
427 558 170 27 prostitutionen.
628 558 118 21 Resultatet
769 558 72 21 visade
856 558 53 27 sig
899 553 15 37 i

81 593 27 15 en
123 587 95 26 stegring
233 587 27 26 på
275 587 69 21 denna
359 589 33 19 ort
408 586 22 22 af
444 587 25 21 de
485 587 64 21 oäkta
564 587 92 20 barnens
671 586 57 21 antal
743 586 7 21 i
761 586 146 22 förhållandet:

83 615 41 22 100
140 615 32 22 till
188 616 47 26 150,
252 615 37 21 och
307 615 35 21 det
358 615 76 21 varade
449 615 46 21 icke
506 615 68 26 länge,
585 615 64 27 innan
660 615 174 27 myndigheterna
844 614 64 22 funno

80 645 33 20 att
136 644 26 21 de
184 645 86 25 stränga
285 643 99 28 päbuden
399 644 67 21 måste
482 643 122 28 upphäfvas.
635 644 63 21 Äunu
712 649 76 16 senare
803 643 63 21 hafva
888 643 21 21 vi

80 673 47 21 från
151 674 30 20 ett
205 675 64 19 annat
291 672 56 26 land,
370 678 46 16 som
439 672 32 22 till
494 672 31 21 sin
545 671 80 22 storlek
641 674 97 19 närmare
753 671 41 22 kan
808 672 100 27 jemföras

81 702 49 21 med
154 702 45 20 vårt
223 703 54 25 eget,
293 701 105 27 nämligen
414 701 89 27 Bayern,
519 700 86 22 slående
621 701 56 25 data,
693 706 45 16 som
754 700 80 22 anförts
849 700 7 21 i
872 700 35 22 det

79 730 34 22 för
135 730 90 26 mången
248 730 80 21 kanske
350 729 93 22 bekanta
463 729 116 26 utlåtande,
595 735 45 15 som
656 728 67 22 blifvit
739 728 31 22 till
786 728 121 22 läkaresäll-

79 759 77 27 skapet
172 758 121 22 meddeladt
309 758 38 21 och
363 758 86 21 hvarom
463 758 36 26 jag
515 758 38 21 bör
568 758 76 24 erinra,
661 758 88 20 emedan
765 758 26 21 de
807 760 37 18 äro
858 764 50 20 gan-

79 787 40 22 ska
135 787 97 21 lärorika.
263 787 46 21 Den
333 787 103 27 bayerska
456 786 122 22 kammaren
594 786 81 21 införde
691 786 6 20 i
712 786 160 26 kriminallagen
888 786 20 21 at

82 817 52 21 1861
161 816 163 26 bestämningar,
345 816 27 26 på
387 815 69 27 grund
471 815 75 21 hvaraf
560 814 88 22 otukten
664 814 85 22 belades
765 814 48 22 med
828 814 80 27 ganska

79 846 88 25 stränga
177 844 71 26 straff;
261 844 253 27 ,,polismyndigheternas
524 843 100 27 åtgärder
635 844 67 20 måste
713 842 70 22 derför
793 843 114 21 inskränka

79 874 33 25 sig
127 873 32 21 till
175 875 32 19 att
222 872 99 22 befordra
337 873 45 25 den,
398 878 45 15 som
460 872 69 21 kunde
544 872 55 20 inför
615 871 91 21 domstol
722 871 140 21 öfverbevisas
873 878 34 14 om

80 904 33 20 att
128 901 63 21 hafva
206 900 82 22 utöfvat
303 900 87 27 olagligt
405 900 165 26 könsumgänge,
585 900 32 21 till
632 902 69 24 näpst.
731 900 43 20 För
789 902 32 18 att
837 900 70 21 kunna

79 930 51 22 fälla
152 930 69 26 någon
245 929 32 21 till
292 935 76 15 ansvar
383 929 32 21 för
430 928 95 27 otuktigt
540 928 24 21 lif
578 928 110 22 fordrades
703 928 88 21 sålunda
807 928 37 21 full
860 928 47 26 laga

79 958 115 27 bevisning.
224 952 19 27 Å
259 958 66 21 andra
340 958 60 21 sidan
415 958 72 20 kunde
502 956 229 28 polismyndigheterna
746 956 105 27 sjelffallet
861 956 46 21 icke

79 987 66 21 införa
170 986 125 27 någonslags
317 986 171 26 ordningsregler
506 985 32 21 för
553 985 26 22 de
594 984 163 28 prostituerade,
773 984 52 22 eller
840 984 66 22 öfver-

78 1016 56 21 vaka
156 1015 61 21 deras
239 1014 205 22 sundhetstillstånd.
476 1013 73 22 Under
571 1014 79 21 sådana
670 1013 180 27 omständigheter
864 1013 42 21 kan

78 1050 49 15 man
150 1044 45 20 icke
215 1043 87 22 förvåna
317 1043 32 27 sig
364 1042 64 27 öfver,
444 1045 31 19 att
492 1042 25 22 de
532 1042 92 26 hemliga
640 1042 135 21 bordellerna
791 1042 39 21 och
846 1044 60 25 gatu-

77 1072 167 28 prostitutionen
267 1072 6 21 i
288 1072 108 27 betänklig
412 1072 52 26 grad
479 1073 50 26 togo
546 1071 121 25 öfverhand,
684 1071 38 22 och
738 1074 31 20 att
786 1071 40 23 den
842 1070 63 30 syfili-

77 1101 56 22 tiska
148 1101 86 22 smittan
250 1101 98 22 alltmera
362 1101 104 22 utbredde
481 1101 37 27 sig,
536 1100 33 22 till
584 1100 40 23 och
640 1101 47 22 med
703 1102 26 27 på
739 1101 165 28 landsbygden".

77 1130 121 22 Resultatet
221 1130 21 21 af
257 1130 59 21 detta
335 1130 71 21 försök
421 1130 43 22 blef
479 1132 32 19 att
527 1130 40 21 den
583 1130 103 25 bayerska
701 1130 123 22 kammaren
840 1131 65 21 modi-

76 1158 81 22 fierade
172 1158 32 22 sin
219 1158 137 27 lagstiftning,
372 1158 81 22 hvilket
468 1158 80 22 skedde
562 1159 51 21 åren
631 1159 53 21 1868
701 1159 38 21 och
757 1160 61 26 1871,
834 1160 6 20 i
851 1160 54 26 syfte

75 1189 34 19 att
131 1186 124 28 möjliggöra
277 1188 32 20 ett
329 1187 154 21 öfvervakande
498 1186 23 22 af
534 1187 169 27 prostitutionen,
718 1187 47 22 icke
779 1188 7 21 i
801 1188 54 27 syfte
874 1190 31 20 att

75 1222 77 20 genom
168 1218 86 24 stränga
269 1215 78 27 lagbud
362 1216 52 21 söka
429 1218 73 19 utrota
517 1216 46 21 den.

144 1244 152 21 Erfarenheten
319 1244 39 21 har
379 1244 83 21 således
484 1244 103 27 tillfyllest
610 1244 54 21 visat
687 1246 31 20 att
739 1245 111 26 stränghet
865 1245 39 21 och

75 1272 115 27 förföljelse
205 1272 55 22 blott
275 1272 105 22 föranledt
396 1275 32 19 att
443 1272 164 27 prostitutionen
623 1273 63 21 söker
701 1280 40 21 nya
757 1273 91 27 hemliga
863 1274 41 21 for-

76 1307 52 21 mer,
145 1301 101 22 utbreder
267 1301 32 27 sig
318 1301 39 22 och
372 1301 104 22 innästlar
491 1301 32 27 sig
537 1302 68 21 under
620 1301 112 22 allehanda
747 1302 156 22 förklädnader.

76 1329 11 22 I
108 1329 110 22 moraliskt
241 1329 98 22 afseende
361 1330 39 21 har
415 1331 27 26 på
457 1330 77 21 sådant
549 1332 43 19 sätt
608 1330 108 27 ingenting
732 1331 68 20 blifvit
816 1334 86 23 vunnet;

76 1360 32 20 ett
129 1358 63 27 ytligt
214 1358 52 21 sken
285 1365 37 14 var
336 1359 97 25 räddadt,
450 1365 47 14 men
513 1359 27 26 på
556 1359 72 26 djupet
644 1365 37 14 var
696 1359 35 21 det
747 1359 157 22 samhällsonda

75 1387 45 21 lika
139 1387 63 21 svårt.
234 1387 50 21 Man
300 1387 70 21 kunde
386 1387 65 26 derpä
466 1387 96 27 tillämpa
578 1387 36 21 det
629 1387 70 21 kända
713 1388 118 26 ytträndet:
849 1388 55 25 ,,An-

76 1415 149 26 ständigheten
248 1415 56 24 kom,
328 1415 38 21 och
386 1415 90 21 sederna
491 1415 137 21 försvunno*.
658 1415 33 21 Dä
706 1422 25 15 en
747 1418 110 19 reservant
872 1417 32 20 till

75 1443 118 22 utskottets
215 1443 43 22 bet.
281 1443 108 27 beklagar,
408 1445 32 19 att
454 1443 47 22 icke
516 1445 110 24 strängare
640 1444 101 26 ätgärder
756 1444 100 27 vidtagits
872 1445 31 21 för

75 1471 191 28 tillintetgörandet
281 1472 22 21 af
317 1472 39 21 den
372 1471 155 28 yrkesmässiga
542 1472 94 26 otukten,
653 1473 23 20 sä
692 1474 23 19 är
731 1472 58 21 detta
808 1475 31 18 ett
850 1475 53 19 tomt

75 1500 46 26 ord,
144 1507 46 14 som
213 1500 81 22 utvisar
316 1502 32 19 att
369 1500 42 22 han
434 1500 48 27 föga
505 1500 63 21 fästat
583 1500 98 21 afseende
697 1501 33 20 vid
745 1500 158 23 erfarenhetens

75 1528 134 23 vittnesbörd
231 1529 7 20 i
254 1529 68 22 denna
337 1529 64 26 fråga.
433 1529 51 21 Man
499 1528 38 22 har
553 1529 84 27 mycket
652 1529 54 22 talat
721 1536 34 15 om
771 1530 132 27 prostitutio-

804 1569 32 17 104
