1073 1742
211 124 55 21 1218
468 130 24 17 R.
505 134 18 13 o.
535 131 24 17 A.
568 131 63 17 1888.
647 131 22 17 15
682 131 48 21 Maj.

181 215 70 22 skilda
272 216 25 26 88
321 216 23 21 af
365 216 172 27 dissenterlagen.
568 216 49 22 Men
641 216 67 22 ehuru
730 216 26 22 R.
773 223 17 15 o.
806 216 30 21 A:
848 216 82 27 antagit
946 217 26 21 18
988 216 25 22 år

180 244 70 21 såsom
266 244 133 28 åldersgräns
414 245 7 21 i
437 245 174 27 dissenterlagen,
627 245 24 21 så
665 246 62 20 torde
739 245 36 21 det
785 251 89 15 numera
883 245 47 22 icke
939 245 73 21 kunna

180 273 87 21 komma
281 273 8 21 i
303 273 66 27 fråga,
393 274 64 21 sedan
477 276 33 19 tre
526 274 63 21 stånd
604 274 64 21 hafva
683 274 83 26 antagit
781 274 25 20 21
823 274 31 26 år,
870 274 39 21 och
924 274 65 22 saken
1004 274 8 20 i

181 301 41 21 den
237 301 62 21 delen
314 302 128 22 sålunda:är
456 308 76 21 genom
549 302 159 22 ständerbeslut
717 302 91 27 afgjord,
819 304 33 20 att
861 308 29 16 nu
900 302 32 22 uti
943 302 70 22 denna

180 330 12 27 &
207 330 100 21 nedsätta
322 330 166 28 åldersgränsen.
519 331 42 27 Jag
576 337 63 15 anser
649 332 38 20 det
696 331 69 21 under
775 331 82 22 sådana
864 331 148 21 förhållanden

179 358 106 27 riktigast,
309 361 32 19 att
363 359 40 21 här
417 359 107 22 bibehålla
539 360 26 21 21
583 360 30 21 år.
644 360 63 21 Hvad
721 360 102 21 beträffar
838 360 26 21 de
880 360 22 21 af
915 359 32 21 Hr
961 359 49 27 Pip-

179 387 114 27 pingsköld
316 388 101 22 uttalade.
433 388 156 22 tvifvelsmålen
611 394 41 20 'om,
668 388 56 22 huru
747 388 38 22 det
798 388 7 21 i
820 388 57 22 vissa
891 388 37 22 fall
942 388 70 21 skulle

179 416 103 22 förhällas
305 417 48 21 med
375 417 64 21 barns
461 417 97 27 religion,
583 417 28 21 dä
633 418 26 21 de
682 418 73 26 döpas,
771 417 24 21 sä
809 419 24 19 är
848 419 32 19 ett
894 416 118 28 stadgande

179 444 76 22 härom
269 445 48 22 icke
331 445 102 28 behöfligt
448 446 39 21 och
502 446 48 21 icke
565 452 38 16 ens
617 446 98 27 lämpligt
729 446 8 20 i
752 446 69 21 denna
837 447 17 25 8,
871 448 51 19 enär
932 446 80 21 sådana

180 474 133 26 stadganden
335 474 131 22 förekomma
480 474 44 22 med
536 470 101 36 -behöflig
652 474 106 28 tydlighet
773 474 39 22 och
826 474 163 28 fullständighet
1003 474 8 21 i

180 502 102 28 förslaget
303 503 34 21 till
359 503 145 27 dissenterlag,
528 504 41 21 och
591 503 68 22 skulle
678 504 60 21 detta
752 503 116 27 lagförslag
882 503 89 27 förfalla,
988 503 24 21 sä

180 530 56 28 gälla
251 532 27 20 de
292 532 138 27 stadganden,
446 538 46 15 som
507 532 34 21 för
555 532 133 22 närvarande
703 532 69 22 finnas
787 532 8 21 i
810 532 56 22 1812
881 532 35 21 års
928 532 83 21 förord-

179 559 56 28 ning.
266 560 72 27 Något
360 560 75 28 tillägg
449 561 39 21 här
503 562 25 20 är
543 561 48 21 icke
605 560 108 28 hehöfligt.
743 560 42 28 Jag
799 560 38 22 ber
851 560 34 22 för
900 561 40 21 den
955 560 56 22 skull

179 590 32 20 att
225 588 22 22 få
261 588 88 22 förorda
363 590 118 26 antagande
496 589 24 21 af
533 590 34 27 &n
582 590 67 27 enligt
662 589 118 22 utskottets
796 589 142 22 betänkande.

251 646 58 21 Frih.
325 652 42 16 von
381 646 78 22 Born:
474 647 42 27 Jag
531 647 106 21 erkänner
651 646 124 28 visserligen
791 647 36 21 det
841 646 110 28 vanskliga
960 647 8 21 i
978 648 33 20 att

179 674 36 22 vid
237 674 156 28 behandlingen
415 675 23 22 af
459 677 68 20 denna
545 676 15 27 &
575 678 53 25 göra
642 676 66 26 något
723 675 93 21 enskildt
830 675 180 27 ändringsförslag

179 703 52 22 eller
246 704 154 27 amendement,
415 710 48 16 men
476 704 37 27 jag
528 704 43 28 kan
586 704 47 22 icke
648 704 113 22 underlåta
776 706 32 19 att
823 704 131 22 understöda
962 706 48 19 tan-

178 732 42 22 ken
235 732 32 22 uti
283 732 32 22 Hr
329 732 72 28 Boijes
422 733 85 27 förslag.
538 733 69 21 Äfven
622 733 43 27 mig
679 733 40 21 har
735 733 36 21 det
785 734 59 26 synts
859 739 52 15 vara
925 734 85 26 oegent-

178 760 46 28 ligt,
247 762 33 20 att
295 761 7 21 i
324 762 6 20 5
345 762 15 26 &
375 762 98 21 använda
494 762 116 26 uttrycket,
633 761 102 27 ,öfvergä
757 761 33 21 till
812 768 70 15 annan
901 761 107 22 troslära*.

178 789 43 21 Det
235 791 25 19 är
275 790 34 21 väl
325 790 119 27 egentligen
465 790 47 22 icke
535 791 60 21 detta
616 790 148 27 öfvergående,
783 796 46 15 som
844 792 25 19 är
883 790 126 26 hufvudsak,

177 819 53 20 utan
246 818 37 22 det
297 820 24 20 är
336 819 96 21 utträdet
446 826 27 14 ur
488 819 36 21 det
539 819 109 27 samfund
662 825 51 15 man
729 818 79 27 tillhör,
825 825 46 15 som
886 821 24 19 är
919 818 91 22 hufvud-

177 846 81 27 frågan.
289 847 113 21 Dessutom
425 850 24 19 är
471 847 108 27 uttrycket
597 848 92 21 troslära
703 848 151 25 vilseledande,
870 848 88 21 emedan
974 848 36 21 det

177 875 71 22 skulle
262 875 29 27 på
305 877 44 20 sätt
365 875 39 22 och
419 876 32 21 vis
465 876 66 21 binda
545 875 164 26 tankefriheten,
726 875 41 22 och
783 876 35 21 det
832 876 43 21 kan
890 876 63 27 ingen
968 875 42 22 för-

177 903 62 27 neka,
255 906 33 19 att
303 904 54 21 dock
371 905 138 21 medlemmar
524 904 23 21 af
560 905 111 21 lutherska
685 904 83 27 kyrkan
783 904 63 21 hafva
860 905 102 24 rättigbet
977 906 33 19 att

177 932 67 22 tänka
266 932 53 27 fritt,
342 935 53 19 utan
417 935 32 20 att
469 933 25 22 de
510 933 73 22 derför
597 933 92 22 behöfva
703 933 89 21 utträda
805 939 27 15 ur
847 933 36 22 det
900 933 110 22 lutherska

177 960 196 27 kyrkosamfundet.
403 961 46 28 Mig
470 968 62 21 synes
555 962 36 21 det
611 968 52 15 vara
677 962 86 27 mycket
777 961 136 28 egentligare,
930 963 32 20 att
977 968 32 15 er-

177 991 58 20 sätta
257 990 62 21 dessa
338 991 39 20 ord
393 992 46 23 ,att
454 990 87 27 öfvergå
555 991 34 20 till
605 996 69 15 annan
689 990 106 21 troslära*
810 991 49 21 med
875 1007 7 9 ,
889 991 32 20 att
935 996 26 15 ur
976 990 34 21 så-

177 1018 53 21 dant
244 1019 99 21 samfund
357 1019 104 22 utträda”.
491 1019 43 22 Det
549 1019 108 21 förefaller
665 1019 45 27 mig
719 1025 47 15 som
777 1025 34 15 om
821 1019 33 21 Hr
863 1019 71 27 Boijes
944 1019 66 21 tanke

176 1046 63 23 äfven
261 1047 69 22 skulle
352 1047 47 28 gått
417 1048 4 21 i
436 1054 81 15 samma
536 1048 102 27 riktning,
653 1047 68 22 ehuru
736 1047 43 22 han
795 1047 116 27 applicerat
926 1047 41 22 den
981 1047 29 27 på

177 1077 32 20 ett
223 1081 77 16 senare
314 1076 87 27 uttryck
415 1077 7 20 i
438 1077 40 26 8:n,
494 1076 38 21 der
544 1076 39 27 jag
597 1082 62 16 anser
675 1076 36 21 det
725 1082 53 15 vara
792 1076 83 21 mindre
889 1076 85 27 nödigt;
986 1078 24 25 ty

177 1104 28 21 då
219 1104 38 21 der
280 1104 45 22 står
347 1105 48 25 ,till
415 1105 133 27 upptagning
567 1105 8 21 i
589 1111 70 15 annan
674 1105 67 26 lära”,
757 1107 26 18 är
797 1105 37 21 det
847 1105 36 22 väl
896 1105 64 23 klart,
976 1106 34 20 att

176 1132 37 22 det
227 1133 68 26 gäller
310 1134 133 27 upptagning
457 1133 8 22 i
479 1133 105 26 samfund,
600 1135 51 20 enär
665 1139 50 16 man
730 1133 48 22 icke
787 1136 104 25 upptages
900 1133 9 22 i
919 1139 26 16 en
955 1133 53 27 lära,

175 1162 53 21 utan
242 1161 8 22 i
266 1163 31 20 ett
311 1161 105 22 samfund.
446 1162 11 21 I
472 1162 69 22 denna
563 1162 95 27 riktning
673 1162 70 21 skulle
755 1162 38 27 jag
806 1162 131 21 understöda
952 1162 56 22 åter-

175 1190 76 21 remiss
265 1190 8 21 i
288 1190 40 22 och
342 1190 34 21 för
392 1190 95 22 definitiv
502 1191 145 27 formulering.

246 1247 33 21 Hr
293 1247 203 28 Pippingsköld:
519 1248 42 27 Jag
583 1247 76 28 tviflar,
683 1247 68 22 ehuru
763 1248 38 27 jag
815 1247 48 22 icke
878 1247 49 22 ville
942 1247 67 22 strida

174 1275 51 22 med
239 1281 27 16 en
281 1276 24 21 sä
319 1276 96 27 lagfaren
437 1283 55 20 man,
516 1283 46 15 som
581 1277 58 21 Frih.
655 1276 84 26 Wrede,
757 1278 32 19 att
805 1277 55 21 1812
875 1276 35 21 års
925 1276 84 21 författ-

174 1303 52 28 ning
247 1304 70 21 skulle
339 1305 48 21 häri
405 1307 81 20 ersätta
501 1305 36 22 det
552 1305 132 22 närvarande
700 1305 254 26 dissenterlagsförslaget
968 1304 41 21 lik-

174 1338 47 15 som
236 1334 33 20 att
283 1333 146 27 föreliggande
444 1334 80 27 förslag
539 1334 70 21 skulle
624 1333 124 22 observerat
759 1334 60 21 detta
830 1333 45 22 fall.
890 1333 43 22 Det
942 1333 68 27 gäller

174 1361 107 27 nämligen
304 1362 85 27 gvinna,
404 1369 45 15 som
466 1369 49 20 eger
530 1363 104 26 rättighet
649 1364 32 20 att
697 1362 66 27 enligt
778 1362 35 27 lag
828 1362 40 21 och
884 1362 36 21 sed
935 1361 22 22 få
972 1361 39 22 sitt

173 1389 55 22 barn
249 1390 58 27 döpt,
331 1392 52 19 utan
405 1393 34 20 att
453 1391 102 27 uppgifva
575 1391 67 27 några
656 1397 71 20 namn,
744 1391 39 21 sitt
797 1391 52 21 eller
864 1390 94 26 fadrens;
975 1396 35 15 om

173 1418 68 22 sådan
256 1419 79 26 qvinna
349 1419 68 22 finnes
431 1420 112 27 ingenting
558 1419 108 22 bestämdt
680 1420 7 21 i
704 1420 55 21 1812
775 1419 35 21 års
820 1419 132 26 författning.
971 1418 38 22 Sä-

173 1447 56 22 dana
251 1447 72 28 frågor
345 1447 64 22 hafva
433 1449 55 21 dock
509 1448 48 21 icke
579 1448 88 22 alldeles
685 1448 69 21 sällan
768 1447 136 22 förekommit
919 1447 41 22 och
974 1447 36 22 be-

172 1475 115 27 handlats
281 1471 12 37 ;
303 1478 31 19 ett
349 1477 77 21 sådant
441 1477 37 21 fall
493 1477 40 21 har
548 1477 76 21 endast
638 1477 29 27 på
681 1476 140 22 förnuftsskäl
836 1476 70 21 blifvit
916 1475 95 28 afgjordt

172 1504 43 21 och
231 1505 37 21 det
283 1511 76 20 genom
376 1505 77 22 aflidne
468 1505 80 27 Biskop
569 1505 130 22 Schaumans
714 1505 124 27 inflytande.
867 1505 93 26 Döpelse
975 1511 35 15 ne-

172 1533 68 22 kades
263 1533 106 27 nämligen
385 1534 7 21 i
409 1535 69 21 denna
501 1534 49 21 stad
572 1534 23 21 af
615 1534 166 27 presterskapet,
804 1533 48 22 från
866 1535 74 26 pastor
956 1533 56 22 ända
