1059 1756
335 152 24 17 R.
372 156 18 13 o.
401 152 22 16 A.
436 152 59 16 1888.
515 152 26 16 26
553 152 48 21 Maj.
801 147 53 21 1573

64 237 80 26 landet,
168 243 25 15 en
208 239 77 25 ytterst
299 237 68 27 vigtig
389 238 44 25 sak,
457 239 32 19 att
503 237 21 21 vi
543 238 24 20 sä
582 237 43 22 fort
640 244 45 15 som
699 238 84 27 möjligt
797 238 87 22 komma

64 266 46 22 frän
126 266 68 21 denna
209 266 33 21 för
256 266 144 21 rättskänslan
411 266 39 22 och
464 266 122 21 vördnaden
597 266 33 22 för
640 266 36 28 lag
686 266 77 28 farliga
773 266 108 23 situation.

134 295 41 27 Jag
197 295 37 21 vill
256 295 47 21 icke
325 294 104 22 öfvertala
448 295 75 27 nägon.
554 295 59 21 Hvar
628 295 39 21 och
683 302 26 14 en
723 295 91 21 handlar
829 296 54 21 efter

66 323 38 21 sitt
118 325 94 19 samvete
226 324 7 20 i
249 324 70 20 denna
333 324 44 25 sak,
401 330 48 14 men
472 323 33 21 för
527 330 53 20 egen
603 324 34 20 del
652 326 23 18 är
687 324 38 26 jag
740 324 96 21 besluten
851 327 32 19 att

63 353 60 20 rösta
138 352 33 20 för
186 351 319 27 sammanjemkningsförslaget
525 352 29 26 pä
575 352 62 20 dessa
656 352 53 21 skäl.
739 352 41 26 Jag
794 354 35 19 vet
844 352 39 21 och

63 382 45 20 tror
123 380 44 28 mig
181 380 72 21 kunna
268 381 83 26 antaga,
368 382 32 19 att
414 380 21 21 vi
449 379 105 22 inskrifva
569 381 31 20 ett
615 380 65 26 straff,
701 386 45 16 som
761 380 48 21 icke
823 380 60 22 kom-

63 415 46 15 mer
124 410 32 20 att
171 408 106 28 praktiskt
291 408 68 22 blifva
373 408 24 21 af
409 408 70 28 nägon
502 409 107 27 synnerlig
631 409 114 27 betydelse.
775 409 42 27 Jag
832 409 52 27 god-

65 438 81 21 känner
160 437 53 21 visst
227 437 47 21 icke
289 437 65 26 detta,
368 437 37 27 jag
420 437 116 21 betecknar
551 437 36 21 det
603 443 45 15 som
663 443 26 15 en
705 437 119 27 olägenhet,
845 437 38 28 jag

64 466 69 21 skulle
155 466 47 21 icke
223 465 52 28 vilja
296 465 65 21 hafva
376 465 7 21 i
398 465 37 21 vär
457 465 96 27 strafflag
568 472 27 14 en
611 465 140 27 bestämning,
775 471 45 16 som
835 465 47 22 icke

64 494 128 21 efterlefdes.
215 494 50 21 Men
280 494 24 21 sä
318 494 97 21 kommer
429 494 8 20 i
452 494 26 21 de
493 493 61 22 flesta
564 493 39 22 fall
613 495 32 20 att
655 493 67 22 blifva
732 494 149 21 förhällandet.

64 523 118 22 Domarens
196 522 107 28 pröfning,
319 523 58 20 Hans
393 522 112 27 Majestäts
522 522 177 28 benädningsrätt
713 523 55 21 skall
783 525 52 24 göra
850 524 32 20 att

64 552 75 21 endast
154 552 7 21 i
175 553 92 26 yttersta
281 551 82 21 nödfall
378 551 62 28 lagen
455 551 96 21 kommer
565 553 33 19 att
608 551 115 27 tillämpas.
745 551 56 27 Men,
813 551 70 22 säsom

64 581 68 27 sagdt,
149 581 36 21 det
199 582 24 19 är
237 580 48 22 icke
299 580 28 27 pä
342 580 69 21 denna
425 580 158 27 omständighet
595 580 38 27 jag
648 580 71 21 stöder
741 580 49 21 mitt
812 580 71 27 tillgö-

64 610 66 21 rande
144 609 8 22 i
167 610 71 26 saken,
254 611 52 20 utan
321 609 28 27 pä
363 609 156 27 öfvertygelsen
534 615 35 15 om
584 610 32 20 att
632 609 35 21 det
682 609 67 27 gäller
759 608 123 28 afgörande,

64 645 35 15 om
113 639 22 21 vi
150 645 28 14 nu
193 639 72 20 säkert
280 638 60 21 skola
355 638 22 21 fä
391 644 26 14 en
432 644 28 21 ny
475 637 134 28 lagstiftning
619 637 28 27 pä
657 638 59 21 detta
727 637 92 27 omräde,
831 638 52 21 eller

63 667 54 22 icke.
147 667 31 21 Fä
192 667 21 21 vi
228 667 68 27 lagen,
318 673 34 14 om
367 667 40 20 ock
421 666 49 21 med
485 666 123 21 alternativt
623 665 117 22 dödsstraff
759 665 34 22 för
813 666 68 26 mord,

64 703 34 14 ser
110 696 38 27 jag
163 696 54 21 dock
233 695 114 22 framtiden
362 695 34 21 till
411 697 68 19 mötes
494 695 49 20 med
557 695 57 26 hopp
629 696 33 19 att
677 701 25 14 en
722 694 123 28 förändring
860 695 24 20 af

64 725 62 27 lagen
141 725 55 20 skall
210 725 73 20 kunna
297 723 166 26 ästadkommas,
480 723 65 21 sedan
560 723 36 21 det
611 723 107 21 allmänna
733 723 149 22 tänkesättet
874 719 13 37 i

63 755 72 20 ämnet
149 766 28 2 —
191 753 82 21 kanske
295 752 97 27 tidigare,
415 754 27 19 än
463 758 50 15 man
528 754 46 19 tror
588 764 29 3 —
631 751 111 22 förändrat
761 752 32 27 sig
808 752 33 21 till
856 758 26 15 en

64 783 84 21 klarare
163 781 137 28 uppfattning
315 781 24 21 af
351 781 162 27 ifrägavarande
528 780 71 22 straffs
613 781 96 27 verkliga
723 782 69 20 natur.

131 839 58 22 Frih.
204 839 25 21 R.
245 839 24 21 A.
286 839 104 21 Wrede:
420 838 113 21 Gentemot
549 838 40 21 den
605 839 53 20 sista
672 838 118 27 högtärade
800 839 82 21 talaren

62 869 68 21 mäste
150 868 37 27 jag
208 867 73 27 tillstä,
304 869 33 19 att
356 867 37 26 jag
407 867 47 21 icke
469 867 88 21 förmätt
571 866 52 27 följa
637 867 48 21 med
701 867 52 21 hans
768 867 114 22 framställ-

62 898 51 25 ning
134 896 31 26 sä,
185 899 32 18 att
229 897 37 26 jag
281 896 54 21 hade
351 896 81 21 kunnat
447 895 54 21 fatta
517 896 25 21 de
557 895 72 25 vädor,
646 902 45 14 som
707 895 67 22 skulle
789 895 92 26 inträffa,

62 927 7 20 i
84 925 101 22 händelse
200 925 25 21 R.
241 931 18 15 o.
276 925 25 21 A.
316 924 105 21 vidblefve
444 925 37 20 sitt
505 924 70 21 beslut
591 924 39 21 och
645 923 90 22 sälunda
749 924 43 21 läte
807 923 75 28 frägan

63 961 34 15 om
120 953 137 22 dödsstraffet
272 953 85 21 komma
372 953 33 21 till
419 952 104 21 förstärkt
538 953 89 20 utskott.
658 952 39 21 Om
713 953 36 21 det
763 952 118 21 förstärkta

62 982 112 24 utskottet,
197 982 69 21 säsom
289 981 32 21 Hr
343 981 147 27 Montgomery
505 981 83 27 tycktes
603 986 50 16 ause
669 981 112 26 sannolikt,
797 980 84 22 komme

63 1013 32 19 att
109 1012 76 20 votera
199 1010 33 21 för
247 1009 144 27 dödsstraffet,
403 1010 30 26 ja,
449 1009 27 21 dä
491 1009 44 21 stär
548 1009 24 27 ju
588 1009 65 21 saken
667 1009 28 27 pä
711 1015 81 16 samma
806 1009 74 27 punkt,

63 1046 45 15 som
130 1046 34 15 om
187 1040 24 20 R.
235 1045 18 15 o.
276 1039 25 21 A.
324 1045 29 15 nu
368 1038 68 22 skulle
451 1038 49 28 ingå
515 1038 28 28 pä
557 1038 322 28 sammanjemkningsförslaget.

62 1068 73 22 Skulle
158 1068 45 22 åter
225 1069 98 21 rösterna
337 1068 7 21 i
360 1068 36 21 det
417 1067 117 23 förstärkta
548 1068 106 22 utskottet
669 1068 75 22 utfalla
758 1070 45 20 mot
819 1068 62 22 döds-

62 1097 88 25 straffet,
173 1097 24 21 sä
218 1097 57 21 inser
295 1097 36 26 jag
346 1097 67 21 heller
428 1096 53 26 icke,
496 1097 73 21 hvilka
583 1097 66 21 vädor
665 1098 61 20 deraf
739 1098 68 21 skulle
822 1098 58 27 följa.

61 1126 128 26 Visserligen
211 1126 76 21 trodde
309 1126 32 20 Hr
363 1125 147 27 Montgomery
533 1127 32 20 att
583 1132 48 15 man
645 1126 8 21 i
668 1126 75 21 sädant
758 1126 37 22 fall
809 1126 72 22 kunde

62 1154 110 27 äfventyra
186 1154 98 22 sanktion
300 1153 23 22 af
336 1154 130 26 strafflagen.
496 1154 40 27 Jag
550 1154 43 21 kan
607 1155 75 21 härvid
701 1155 46 21 icke
762 1155 67 21 inläta
839 1155 42 27 mig

61 1183 28 27 pä
112 1182 67 28 nägra
201 1182 288 27 sannolikhetsberäkningar
511 1183 39 21 och
573 1183 79 21 tilltror
676 1184 43 26 mig
740 1184 46 21 icke
811 1183 70 28 nägon

61 1212 124 27 kompetens
207 1212 32 20 att
253 1212 8 20 i
276 1212 59 20 detta
353 1211 100 21 afseende
468 1212 64 20 tvista
547 1212 48 21 med
611 1212 31 21 Hr
656 1212 154 27 Montgomery.
840 1213 42 26 Jag

62 1240 38 22 ber
122 1240 55 22 dock
198 1240 21 22 fä
241 1240 84 27 päpeka
340 1241 31 20 ett
386 1246 39 20 par
440 1240 187 27 omständigheter,
643 1247 46 15 som
704 1241 35 21 mä
753 1241 57 27 gälla
825 1241 56 21 hvad

62 1269 26 21 de
103 1269 78 21 kunna.
211 1269 42 21 För
269 1268 36 22 det
319 1268 69 22 första
402 1268 69 22 finner
483 1268 38 28 jag
535 1269 53 27 icke,
604 1269 86 21 hvarför
707 1270 60 20 Hans
781 1269 100 27 Majestät

63 1298 67 20 skulle
152 1297 56 21 fästa
223 1297 24 21 sä
261 1297 85 27 mycket
361 1299 68 19 större
444 1298 45 26 vigt
503 1298 35 20 vid
552 1298 84 21 Preste-
651 1298 40 21 och
705 1298 176 22 Bondeständens

63 1326 85 27 äsigter,
164 1328 27 19 än
205 1326 35 21 vid
255 1326 25 21 R.
296 1332 18 15 o.
332 1326 36 21 A:s
383 1326 39 21 och
437 1326 197 26 Borgareständets,
645 1328 32 20 att
688 1326 41 22 han
741 1326 67 22 skulle
818 1327 63 21 sank-

62 1355 82 21 tionera
166 1356 31 19 ett
219 1354 163 26 ständerbeslut,
405 1360 45 15 som
473 1354 26 21 de
521 1354 58 21 förra
598 1354 89 22 ständen
702 1354 63 22 hafva
781 1355 99 27 dikterat,

62 1389 49 15 men
133 1382 46 22 icke
201 1384 38 25 ett,
258 1388 45 16 som
319 1382 104 22 dikterats
438 1382 23 22 af
475 1383 25 21 de
515 1382 36 22 två
567 1383 130 21 sistnämnda
713 1383 95 22 stånden.
838 1384 43 21 För

64 1412 35 20 det
114 1411 67 21 andra
195 1411 39 21 ber
247 1411 36 27 jag
297 1410 22 22 fä
333 1411 90 27 päpeka,
439 1413 32 19 att
484 1410 38 22 vär
537 1412 94 25 monark,
647 1412 123 26 visserligen
785 1412 46 21 icke
840 1412 40 22 den

62 1440 21 20 vi
104 1446 30 14 nu
155 1439 70 26 hafva,
241 1445 48 15 men
304 1439 53 21 hans
374 1440 139 26 företrädare,
528 1440 41 21 har
584 1440 145 21 sanktionerat
744 1446 27 15 en
785 1440 40 27 lag,
842 1440 37 22 der

64 1468 136 21 dödsstraffet
214 1468 34 21 för
263 1468 61 21 mord
339 1474 38 14 var
386 1467 119 27 afskaffadt,
516 1468 107 27 nämligen
634 1468 247 27 öfvergängsstrafflagen

64 1496 22 21 af
99 1495 25 22 är
140 1496 61 26 1867,
216 1496 85 21 hvilken
317 1498 24 19 är
355 1496 24 21 af
391 1496 116 21 ständerna
521 1499 92 24 antagen
628 1496 39 21 och
678 1497 23 21 af
709 1497 27 21 H.
748 1497 27 21 M.
787 1497 94 22 sanktio-

63 1524 73 26 nerad,
144 1530 48 16 men
207 1524 46 22 icke
267 1524 156 27 promulgerad.
444 1524 109 28 Slutligen,
569 1525 67 22 ehuru
649 1525 37 27 jag
701 1525 101 22 tillmäter
813 1526 68 21 denna

64 1553 156 27 omständighet
242 1553 81 22 mindre
345 1554 50 26 vigt,
418 1553 36 22 vill
474 1553 37 27 jag
525 1553 89 28 päpeka,
630 1555 32 20 att
677 1554 40 21 den
733 1554 63 27 ryska
811 1555 69 20 strafi-

780 1595 33 16 100
