1059 1756
359 135 25 17 R.
393 139 18 13 o.
419 136 22 16 A.
453 136 58 16 1888.
531 135 26 17 29
566 135 49 22 Maj.
828 130 55 22 1653

83 220 141 22 nästnämnda
246 220 89 22 bibanas
354 220 113 22 utförande
482 220 63 22 hafva
559 220 87 22 förfallit
662 220 39 22 och
717 221 132 23 innefattade
864 222 48 22 der-

82 247 35 23 för
132 248 18 28 ej
167 248 68 22 denna
251 248 78 22 bibana
343 248 31 22 uti
389 248 38 22 sitt
440 248 81 27 förslag
535 255 35 15 om
585 249 74 27 anslag
674 250 23 21 af
710 250 128 26 11,000,000
853 250 60 22 mark

83 276 33 23 för
131 277 41 22 den
187 276 99 23 karelska
293 277 123 27 jernvägen.
442 276 125 23 Emellertid
577 277 63 22 hafva
651 284 88 16 numera
749 278 27 22 de
787 280 33 20 tre
835 278 77 22 ofrälse

82 306 92 22 stånden
198 305 93 25 beslutit,
315 308 32 20 att
368 305 101 22 Wärtsilä
492 305 78 23 bibana
592 306 54 22 skall
661 306 34 22 för
709 306 140 23 statsverkets
863 308 49 21 räk-

83 334 51 27 ning
157 334 86 26 utföras,
266 334 69 22 under
356 334 105 22 förbehåll
475 336 33 19 att
523 340 78 21 egaren
616 334 23 22 af
652 335 101 21 Wärtsilä
769 335 54 21 bruk
842 336 70 21 dertill

83 362 101 27 bidrager
206 362 49 22 med
277 368 26 16 en
318 362 103 27 tredjedel
437 362 22 21 af
472 362 150 22 kostnaderna.
652 363 34 21 Då
701 362 69 22 denna
784 362 78 23 bibana
873 363 40 22 lik-

85 390 35 22 väl
135 390 47 22 icke
196 391 7 21 i
218 391 70 27 någon
304 390 101 22 händelse
420 390 62 22 torde
496 390 86 22 komma
597 393 32 19 att
644 391 68 21 under
722 391 103 27 ingående
835 391 77 23 finans-

83 419 76 27 period
173 419 100 27 beläggas
288 420 49 21 med
352 419 79 26 arbete,
447 418 40 22 har
501 418 112 22 Utskottet
627 419 19 26 ej
662 421 71 20 ansett
747 419 47 22 skäl
811 420 101 27 föreligga

83 449 35 20 att
139 447 32 22 till
194 447 94 22 Stånden
303 447 108 22 inkomma
425 447 48 22 med
488 446 79 27 förslag
582 453 35 16 om
632 447 90 28 ändring
736 447 23 22 af
771 447 53 22 eller
838 447 74 28 tillägg

82 475 34 22 till
138 475 130 23 Ständernas
291 475 70 22 beslut
381 482 35 15 om
439 475 73 27 anslag
535 475 32 22 för
589 475 323 27 Wiborg-Sordavala-Joensuu

79 504 97 27 jernväg,
199 506 51 19 utan
265 504 40 21 har
319 503 112 23 Utskottet
445 503 88 22 härmed
549 503 74 22 endast
639 504 56 21 velat
710 504 103 24 meddela,
829 506 32 20 att
876 504 36 22 det

82 533 35 22 för
137 533 104 26 ingående
262 532 143 28 finansperiod
427 532 104 27 beviljade
553 532 96 27 anslaget
664 532 23 21 af
701 533 128 26 11,000,000
844 533 66 26 mark,

85 561 66 28 enligt
172 561 122 22 Utskottets
317 561 139 28 uppfattning,
480 561 17 27 ej
522 560 101 22 omfattar
644 561 91 21 bibanan
757 561 33 21 till
805 561 106 25 Wärtsilä,

83 589 89 23 hvarom
187 596 26 15 en
228 590 92 27 antydan
335 590 7 21 i
357 589 131 22 Ständernas
502 589 144 27 underdåniga
661 589 168 22 svarsskrifvelse
839 590 13 21 å
862 596 49 21 pro-

84 618 119 28 positionen
218 618 41 22 N:o
275 619 26 21 35
317 618 62 22 torde
394 618 53 21 böra
462 618 55 27 ingå.
883 629 7 11 +

333 675 32 22 Pä
380 675 175 22 Statsutskottets
571 677 87 24 vägnar:

373 732 65 21 Hans
455 732 89 27 Gustaf
554 731 71 28 Boije.

623 789 76 22 Gustaf
713 788 129 23 Sucksdorfi.

154 847 45 22 Och
214 847 50 22 fann
274 848 25 21 R.
311 854 19 15 o.
341 848 24 21 A.
377 847 53 28 godt
441 847 32 22 till
484 847 174 22 Statsutskottets
669 846 154 27 framställning
833 845 77 23 bifalla.

153 962 128 27 Ytterligare
288 962 109 27 upplästes
405 961 156 22 nedanstäende
570 961 109 21 skrifvelse
687 961 46 21 frän
741 960 170 22 Statsutskottet.

254 1018 40 22 Till
309 1018 121 28 Höglofliga
444 1018 157 27 Ridderskapet
616 1017 39 22 och
671 1016 74 22 Adeln.

153 1075 164 23 Statsutskottet
338 1076 33 21 fär
393 1076 122 26 härigenom
539 1075 108 22 vördsamt
669 1074 117 28 hemställa,
809 1074 103 24 huruvida

83 1104 47 22 icke
152 1104 155 28 Ridderskapet
330 1104 39 22 och
392 1104 68 22 Adeln
475 1104 55 27 ville,
546 1105 27 27 pä
588 1106 43 20 sätt
647 1104 52 22 efter
715 1106 84 20 senaste
814 1104 98 22 landtda-

83 1139 39 21 gar
145 1133 55 21 varit
221 1132 66 28 fallet,
317 1133 129 22 öfverlemna
468 1134 23 20 ät
513 1132 130 22 Ständernes
666 1132 192 28 Bankfullmäktige
881 1136 31 19 att

83 1161 63 22 hafva
161 1161 72 28 tillsyn
248 1161 58 22 öfver
321 1162 129 22 Ständernas
466 1162 98 21 Ekonom
579 1162 7 20 i
601 1162 53 21 hans
669 1161 134 22 verksamhet
818 1162 39 21 och
868 1162 44 22 ifall

83 1190 24 22 af
126 1190 54 22 hans
203 1190 76 27 afgäng
294 1196 69 16 annan
378 1196 78 22 person
470 1190 7 21 i
492 1190 53 22 hans
561 1190 62 22 ställe
638 1192 88 24 antaga;
743 1190 40 22 och
797 1190 32 22 fär
845 1190 66 22 Stats-

84 1218 105 22 utskottet
211 1218 70 22 tillika
303 1218 89 27 anmäla,
415 1221 32 19 att
467 1218 111 22 Utskottet
601 1218 117 22 emellertid
735 1218 6 22 i
757 1218 65 27 sagda
837 1218 75 22 befatt-

84 1247 51 26 ning
158 1246 110 22 bibehållit
289 1247 188 21 Juriskandidaten
499 1246 26 22 N.
547 1247 23 21 B.
588 1246 125 27 Grotenfelt,
730 1249 44 19 mot
789 1247 123 27 åtnjutande

83 1274 24 23 af
128 1277 32 20 ett
176 1275 63 27 årligt
255 1276 77 21 arvode
348 1276 22 21 af
383 1278 83 19 ettusen
482 1275 66 22 mark.
579 1275 169 21 Vidkommande
764 1275 118 22 ordnandet
892 1275 22 22 af

84 1303 68 28 öfriga
166 1304 7 20 i
188 1304 151 26 sammanhang
355 1304 48 21 med
418 1304 130 22 Ständernas
563 1304 157 21 sammanträde
735 1304 88 21 stående
833 1304 78 22 ekono-

86 1332 68 22 miska
176 1332 178 27 angelägenheter
373 1332 32 22 fär
427 1332 117 25 Utskottet,
560 1332 6 21 i
583 1332 216 22 öfverensstämmelse
814 1333 47 21 med
877 1333 36 21 det

86 1361 36 21 vid
144 1361 127 27 föregående
287 1361 126 27 landtdagar
427 1361 110 27 iakttagna
552 1360 135 27 förfarandet,
703 1360 108 22 vördsamt
826 1360 86 23 föreslå:

154 1391 32 20 att
207 1390 23 21 åt
245 1390 244 26 Expeditionsutskottet
505 1390 66 21 måtte
586 1390 127 26 uppdragas,
729 1391 32 19 att
776 1389 53 22 efter
844 1389 70 22 landt-

84 1418 82 27 dagens
187 1418 120 22 afslutande
329 1418 46 22 icke
398 1418 55 22 blott
475 1418 73 27 pröfva
572 1418 39 21 och
634 1417 105 22 fastställa
765 1418 25 21 de
819 1419 93 21 arvoden

85 1446 40 22 och
148 1446 92 27 utgifter,
263 1452 46 16 som
329 1446 22 22 af
372 1446 147 28 Expeditions-
541 1446 39 23 och
595 1446 242 27 Justeringsutskottens
852 1447 61 21 verk-

84 1474 85 22 samhet
192 1477 37 19 äro
245 1474 120 27 betingade,
381 1477 51 19 utan
448 1475 60 21 äfven
523 1475 92 26 granska
631 1474 40 22 och
686 1474 113 27 godkänna
814 1475 99 27 möjligen

86 1503 150 22 inkommande
258 1503 67 22 andra
347 1503 120 27 räkningar,
483 1509 45 16 som
546 1503 52 22 böra
614 1503 81 22 betalas
711 1503 22 22 af
747 1503 35 22 det
797 1503 32 22 till
845 1503 66 22 landt-

811 1571 32 18 105
