1075 1731
222 127 54 21 1126
484 133 25 17 R.
522 138 17 12 o.
552 134 23 16 A.
584 134 60 17 1888.
663 134 20 16 11
695 134 49 20 Maj.

261 219 75 22 vinner
358 219 41 27 nej,
422 219 39 22 har
484 220 25 21 R.
535 226 19 15 o.
578 220 24 21 A.
620 220 84 27 antagit
719 220 35 27 S:n
769 220 7 21 i
792 220 95 27 enlighet
903 220 48 21 med
965 220 59 21 Frih.

192 253 42 16 von
248 247 70 22 Borns
333 248 139 21 reservation.

260 304 64 27 Prop.
340 305 128 21 besvarades
484 305 49 22 med
549 305 157 28 öfvervägande
723 305 41 28 nej,
781 305 40 22 och
836 313 38 14 var
889 306 57 27 förty
956 311 69 16 reser-

192 333 100 21 vationen
308 334 100 27 godkänd
423 334 7 21 i
446 334 101 21 afseende
563 334 13 21 ä
591 335 11 27 $
619 336 33 19 32.

263 389 24 28 $$
304 392 26 20 33
346 391 40 22 och
402 392 27 21 34
444 392 124 27 godkändes
583 393 53 20 utan
651 391 255 28 meningsskiljaktiehet.

263 447 172 22 Vidkommande
450 449 11 27 $
477 449 26 21 35
520 449 98 21 erinrade
633 449 58 20 Frih.
707 455 43 15 von
766 449 69 21 Born
852 456 34 14 om
902 449 36 22 det
953 449 7 21 i
971 449 53 21 hans

192 476 132 22 reservation
346 477 105 27 ingäende
474 477 81 28 förslag
570 479 33 20 att
618 477 34 28 8:n
667 477 67 22 borde
750 484 26 15 ur
791 477 155 28 författningen
962 478 61 27 utgä;

193 505 40 21 och
249 505 65 21 sedan
329 506 33 21 Hr
377 506 146 27 Stjernvall
538 507 48 20 häri
602 507 127 20 understödt
745 507 58 20 Frih.
819 513 42 15 von
876 507 63 26 Born,
955 507 69 21 öfver-

192 533 109 22 lemnades
316 534 34 21 till
366 535 131 21 besvarande
513 535 94 27 följande
623 535 214 28 omröstningsprop.:

261 591 53 26 Den,
332 597 45 16 som
393 592 124 27 godkänner
532 592 11 27 $
560 593 26 20 35
602 592 68 27 enligt
685 593 118 20 utskottets
814 592 86 28 förslag,
911 594 70 20 röstar
989 592 34 27 ja;

260 619 74 22 vinner
357 621 40 26 nej,
420 621 39 21 har
477 621 25 21 R.
518 627 19 15 o.
553 621 27 21 A.
596 621 94 21 beslutat
705 623 33 19 att
753 621 34 27 8:n
804 621 55 21 skall
874 621 51 28 utgå
940 628 25 15 ur
980 621 43 21 för-

192 647 128 28 fattningen.

260 705 58 21 Enär
340 705 70 22 denna
431 713 59 20 prop.
513 707 130 21 besvarades
666 707 49 20 med
739 707 157 28 öfvervägande
911 707 40 27 nej,
968 707 55 20 hade

192 733 24 21 R.
234 740 18 15 0.
268 734 26 21 A.
310 734 95 21 beslutat
419 735 34 21 till
469 735 135 22 uteslutande
620 735 24 21 af
658 735 26 22 35
701 736 41 27 $:n.

260 791 12 28 8
288 793 26 20 36
330 792 125 27 godkändes
470 780 52 34 utan
537 793 149 27 anmärkning.

261 848 79 22 Likaså
355 849 123 27 godkändes
493 852 52 19 utan
561 849 141 28 anmärkning
719 843 150 34 lagförslagets
885 849 80 22 rubrik.

260 905 32 21 Hr
314 905 192 28 Pippingsköld
529 906 55 21 fäste
607 906 53 21 härå
682 906 219 27 uppmärksamheten
921 906 12 21 å
948 907 36 20 det
999 906 24 21 af

190 933 58 21 Frih.
272 940 41 15 von
335 935 58 21 Born
408 935 7 21 i
431 935 64 22 slutet
511 935 23 21 af
547 935 55 21 hans
617 935 132 21 reservation
765 934 123 28 föreslagna
903 935 117 26 uttalande,

191 961 82 22 hvilket
295 963 33 20 Hr
350 963 154 28 Pippingsköld
519 964 50 21 ville
585 963 65 22 hafva
664 964 83 27 intaget
764 963 31 21 uti
811 964 125 21 ständernas
951 970 70 15 svars-

190 990 118 22 skrifvelse.

258 1048 32 21 Hr
312 1049 136 21 Hackman
471 1049 67 22 utbad
560 1049 33 28 sig
615 1049 50 21 med
687 1049 118 27 anledning
827 1049 64 21 häraf
905 1049 60 22 ordet
980 1049 40 22 och

189 1077 95 26 yttrade:
310 1077 42 28 Jag
371 1077 66 22 hörde
452 1078 47 21 icke
514 1078 78 27 tydligt
607 1078 57 21 hvad
679 1078 32 21 Hr
726 1078 157 27 Pippingsköld
899 1078 56 26 sade,
971 1085 49 14 men

188 1105 77 21 trodde
280 1106 44 27 mig
339 1105 100 28 uppfatta
454 1109 32 19 att
500 1107 43 20 han
558 1107 145 21 understödde
719 1107 41 21 den
777 1107 108 26 slutkläm,
897 1113 44 14 som
952 1106 68 22 finnes

188 1133 7 21 i
218 1133 58 22 Frih.
293 1141 41 14 von
349 1135 68 21 Borns
432 1135 138 22 reservation.
600 1135 64 22 Dock
679 1135 69 21 skulle
761 1135 39 27 jag
815 1135 34 21 för
863 1135 44 21 min
923 1136 34 21 del
972 1136 48 21 icke

187 1162 74 21 kunna
282 1162 75 22 förena
379 1163 44 28 mig
445 1164 6 21 i
475 1165 129 25 densamma,
628 1164 90 21 emedan
735 1164 38 27 jag
788 1166 46 19 tror
849 1166 32 19 att
897 1166 30 19 ett
943 1165 76 20 sädant

188 1191 90 21 allmänt
293 1192 112 21 uttalande
421 1195 31 18 att
468 1193 106 27 nämligen
590 1193 47 27 ,vid
652 1192 101 28 pröfning
768 1192 25 21 af
807 1193 48 20 sökt
870 1192 97 22 tillstånd
985 1193 34 21 till

184 1220 102 28 jernvägs
308 1221 141 27 anläggande,
468 1222 88 21 befarad
572 1222 133 20 konkurrens
721 1222 49 20 med
787 1228 69 14 annan
872 1222 79 21 allmän
967 1222 52 21 eller

187 1249 85 21 enskild
292 1250 90 27 jernväg
404 1250 52 21 eller
478 1250 278 22 kommunikationsanstalt
777 1250 48 21 icke
841 1250 66 27 enligt
923 1250 96 22 ständer-

187 1283 39 15 nas
248 1278 139 28 uppfattning
409 1279 66 21 borde
489 1279 67 21 blifva
572 1279 179 27 bestämmande*,
766 1279 109 21 mähända
890 1285 51 15 vore
956 1279 63 21 skad-

187 1305 50 28 ligt;
253 1306 130 22 ätminstone
399 1308 70 20 kunde
485 1308 38 20 fall
538 1308 85 26 mycket
638 1308 35 21 väl
684 1308 83 25 tänkas,
781 1307 28 21 dä
820 1308 41 20 den
871 1309 68 19 större
950 1310 67 24 nytta,

187 1340 46 16 som
248 1341 26 15 en
290 1336 71 26 privat
370 1336 89 27 jernväg
470 1336 50 21 ledd
533 1336 91 21 emellan
638 1338 78 20 tvänne
729 1339 65 23 orter,
807 1342 45 15 som
864 1336 65 21 redan
941 1342 77 21 genom

185 1363 169 28 statsjernvägar
363 1366 36 20 äro
409 1364 125 28 förbundna,
545 1365 89 26 medför,
646 1365 47 21 icke
704 1371 37 15 ens
749 1364 141 22 närmelsevis
899 1367 119 19 motsvarar

185 1391 42 21 den
243 1392 73 26 skada,
333 1399 46 15 som
395 1394 139 21 statsverkets
549 1394 119 21 inkomster
682 1394 71 20 kunde
769 1393 46 21 lida
830 1400 76 20 genom
922 1400 25 14 en
959 1393 58 27 dylik

183 1420 143 22 konkurrens.
352 1421 42 21 Det
408 1422 71 21 kunde
491 1423 24 26 ju
531 1422 44 22 läta
590 1422 67 22 tänka
672 1422 38 27 sig,
727 1424 32 20 att
775 1429 26 14 en
818 1422 61 26 bana,
897 1428 45 15 som
953 1424 64 19 stats-

182 1449 77 21 verket
280 1450 50 20 med
352 1450 121 28 uppofiring
495 1450 24 22 af
538 1451 79 27 mänga
638 1451 107 21 millioner
768 1451 63 21 mark
853 1451 58 26 bygt,
935 1450 39 21 och
989 1451 28 26 pä

182 1477 89 22 hvilken
287 1479 130 21 statsverket
432 1480 155 26 tilleodonjutit
602 1486 26 14 en
644 1480 81 26 ganska
743 1480 54 20 liten
809 1481 68 24 ränta,
894 1479 68 21 skulle
977 1479 39 21 all-

184 1506 58 21 deles
258 1507 52 21 eller
332 1507 35 21 till
383 1510 79 19 största
477 1508 61 21 delen
549 1508 99 21 beröfvas
659 1508 33 21 sin
707 1508 163 21 trafikinkomst
885 1514 77 20 genom
973 1510 43 19 tra-

182 1533 58 23 fiken
264 1536 28 26 pä
315 1542 26 14 en
363 1536 70 26 privat
449 1537 62 26 bana,
527 1543 45 15 som
584 1536 47 22 icke
647 1538 24 20 är
685 1536 114 28 betydligt,
816 1542 49 15 men
881 1536 54 22 dock
951 1536 65 28 nägot
