1067 1745
345 153 24 17 R.
383 158 17 13 o.
412 154 23 16 A.
449 154 59 17 1888.
526 154 26 17 22
564 154 47 21 Maj.
817 148 54 21 1449

70 240 81 21 vudsak
160 240 61 26 gillar
229 240 128 27 petitionens
367 240 60 27 syfte,
436 240 21 22 fä
472 240 87 22 förorda
575 241 122 21 densamma
711 240 33 22 till
759 240 141 27 godkännade

71 268 23 22 af
107 268 36 22 det
158 268 114 28 höglofliga
287 269 89 21 ständet.

142 325 57 21 Frih.
215 332 41 15 von
273 326 79 20 Born:
383 326 41 26 Jag
439 326 50 21 ville
504 326 46 21 icke
566 326 64 26 ätaga
644 327 43 26 mig
702 328 32 19 att
749 326 110 26 gendrifva
874 326 26 21 de

70 354 77 27 många
157 354 81 27 ganska
253 354 170 22 beaktansvärda
438 354 131 27 synpunkter
584 354 7 22 i
607 355 36 21 det
661 360 49 22 nyss
718 354 100 27 upplästa
825 355 75 21 andra-

70 383 85 27 gandet,
171 389 48 15 men
234 383 34 21 för
286 383 42 21 min
345 383 34 21 del
394 385 24 19 är
431 383 38 27 jag
483 383 47 21 icke
545 383 125 27 öfvertygad
685 390 35 14 om
735 383 129 27 riktigheten
880 382 23 22 af

72 412 68 21 denna
163 412 22 20 af
202 412 33 20 Hr
250 412 92 20 Aminoff
357 418 28 14 nu
401 412 75 26 gjorda
491 412 130 27 tolkningen.
651 412 41 26 Jag
707 412 72 27 lägger
794 412 36 21 vid
845 412 55 21 tolk-

70 440 78 27 ningen
171 440 23 21 af
206 441 25 20 51
250 440 13 27 &
279 440 24 21 L.
320 440 23 21 O.
360 440 90 27 mycken
471 440 51 27 vigt,
546 441 39 21 och
603 447 46 14 som
664 441 43 26 mig
723 447 60 20 synes
799 441 49 20 med
862 440 39 21 allt

72 469 54 25 skäl,
142 469 27 26 pä
185 468 61 22 ordet
262 468 211 28 ,omedelbarligen*.
506 469 40 21 Om
561 469 46 21 icke
624 469 59 21 detta
699 469 38 21 ord
748 469 64 21 fattas
824 470 76 25 såsom,

71 498 23 21 sä
110 499 32 19 att
157 499 57 25 säga,
230 497 154 26 souslinieradt,
400 498 24 21 sä
439 497 70 22 kunde
525 504 49 15 man
589 498 86 21 komma
690 497 32 22 till
737 500 32 19 att
784 498 66 21 väcka
864 503 37 21 pe-

70 525 45 22 tion
130 525 8 22 i
153 526 77 26 frägor,
246 532 45 15 som
307 532 39 21 ega
361 526 75 21 endast
452 526 36 21 det
503 526 126 27 aflägsnaste
639 526 152 27 sammanhang
802 527 47 20 med
860 526 41 21 den

70 554 66 27 fråga,
152 554 6 21 i
166 554 92 21 hvilken
281 555 115 21 ständerna
418 554 63 22 fattat
504 555 70 21 beslut
596 555 52 21 eller
663 555 5 20 i
685 555 85 21 hvilken
785 555 116 21 händelsen

70 582 102 22 inträffar.
202 583 79 21 Vidare
303 583 81 21 tillåter
403 583 39 28 jag
461 584 43 27 mig
519 585 56 20 fästa
589 583 215 28 uppmärksamheten
819 584 35 21 vid
869 585 33 20 att

71 617 26 16 en
105 612 67 21 sådan
180 611 103 27 tolkning,
292 618 45 15 som
348 611 33 22 Hr
391 611 103 22 Aminoffs
510 612 69 21 skulle
590 619 50 14 vara
651 612 44 21 helt
706 612 40 21 och
757 612 65 22 hållet
832 612 69 27 egnad

71 642 33 20 att
126 640 89 21 illudera
237 640 25 21 L.
279 640 35 21 O:s
329 640 160 27 bestämningar
507 641 79 25 derom,
602 643 32 19 att
649 641 90 27 petition
755 641 51 21 eller
820 641 82 21 motion

72 668 40 22 bör
126 669 104 21 inlemnas
245 669 56 21 inom
319 670 26 19 14
361 671 64 24 dagar
441 669 54 21 efter
509 669 140 27 landtdagens
661 670 118 26 öppnande,
790 672 22 25 ty
822 669 80 27 följden

72 697 60 22 deraf
153 697 41 22 blir
217 697 134 27 naturligtvis
373 698 47 25 den,
443 699 33 20 att
496 704 25 15 en
538 698 168 27 landtdagsman,
722 704 45 15 som
783 698 119 21 inlemnade

72 732 25 15 en
119 725 55 22 både
190 725 32 22 till
236 725 93 22 innehåll
345 726 39 21 och
400 726 53 21 form
471 726 134 27 oacceptabel
621 726 89 27 petition
727 727 39 21 och
781 726 55 27 finge
852 727 50 20 den-

72 760 80 16 samma
174 754 116 24 förkastad,
313 755 64 21 sedan
400 755 69 21 skulle
489 755 48 21 med
552 755 114 27 anledning
681 755 22 21 af
717 755 69 21 denna
800 755 102 21 händelse

71 782 72 22 kunna
165 782 67 22 väcka
254 782 73 27 frågan
350 783 55 27 ånyo
420 783 7 21 i
443 783 47 21 litet
511 783 72 21 bättre
605 783 61 25 form,
682 786 15 18 t.
714 790 31 15 ex.
761 784 48 20 med
826 783 77 21 endast

70 810 83 22 formfel
175 811 108 22 behäftad,
305 812 24 20 så
350 810 22 22 få
387 812 40 21 den
443 812 48 21 åter
505 812 109 21 förkastad
630 812 40 21 och
685 812 66 27 derpå
765 814 55 24 ånyo
835 812 67 21 väcka

71 846 81 15 samma
174 840 65 26 fråga,
258 840 40 21 och
313 840 24 21 så
352 840 71 21 undan
438 840 33 21 för
486 840 77 22 undan.
594 841 42 21 Det
651 840 42 22 kan
708 841 47 21 icke
771 840 62 22 hafva
848 840 54 22 varit

71 868 117 26 meningen,
207 871 38 18 när
267 875 48 14 man
336 869 123 21 statuerade
475 869 62 21 dessa
555 870 26 19 14
600 869 71 26 dagar,
695 871 32 19 att
750 869 58 21 detta
833 868 69 22 skulle

72 903 50 14 vara
138 903 25 14 en
179 897 64 26 regel,
260 903 45 15 som
321 897 60 21 lefde.
398 898 24 20 så
437 899 32 19 a't
485 899 51 25 säga
552 898 27 26 på
593 897 47 22 sina
654 897 119 24 undantag;
795 899 50 20 utan
864 899 39 19 när

72 931 48 15 man
136 925 7 20 i
158 926 26 20 51
202 927 11 26 &
230 925 24 22 L.
271 925 24 22 O.
313 925 112 28 uppstälde
439 925 86 22 fordran
542 927 27 26 på
585 928 30 19 ett
626 926 161 26 omedelbarligt
797 931 105 16 samman-

72 953 57 27 hang
151 947 90 28 emellan
266 955 35 20 det
323 953 80 22 fattade
421 954 93 29 beslutet
530 954 51 21 eller
597 955 40 20 den
653 954 112 22 inträffade
781 954 121 26 händelsen,

72 981 40 22 och
135 983 35 20 det
192 982 85 27 förslag,
301 989 44 15 som
369 982 55 27 finge
445 983 28 27 på
479 978 76 32 grund
571 983 60 21 deraf
644 984 7 20 i
668 983 100 21 motions-
783 983 52 21 eller
850 967 53 47 peti-

73 1010 98 27 tionsväg
195 1011 84 26 väckas,
301 1012 23 20 så
346 1011 40 22 har
408 1018 49 15 man
473 1012 73 21 säkert
561 1011 46 22 icke
623 1011 63 22 afsett
701 1011 80 22 sådana
800 1011 37 22 fall
857 1017 46 15 som

73 1039 64 21 detta.
168 1039 40 27 Jag
231 1040 42 21 kan
291 1039 70 22 derför
377 1040 45 21 icke
438 1040 49 21 med
503 1040 61 21 bästa
579 1040 49 27 vilja
643 1040 85 21 komma
743 1040 32 21 till
791 1042 65 19 annat
870 1045 33 16 re-

72 1067 72 22 sultat.
168 1070 27 19 än
218 1070 32 19 att
273 1069 58 20 detta
353 1068 182 27 petitionsförslag
554 1069 39 21 bör
608 1069 73 26 läggas
696 1069 31 20 till
743 1069 159 26 handlingarna,

74 1096 38 21 och
136 1096 58 21 detta
216 1097 48 21 med
287 1097 28 21 all
330 1097 88 27 aktning
433 1097 34 21 för
482 1097 125 22 ständernas
622 1097 92 22 motions
741 1097 38 22 och
794 1097 110 27 petitions-

73 1126 49 25 rätt,
139 1125 47 21 dem
200 1125 36 27 jag
251 1125 68 22 skulle
334 1126 55 27 vilja,
406 1127 23 20 så
444 1125 60 28 långt
520 1126 81 27 möjligt
616 1128 30 24 är,
662 1126 78 21 bevara
755 1126 39 21 och
810 1125 92 27 utvidga.

142 1181 32 22 Hr
196 1182 105 21 Munck:
331 1182 40 27 Jag
395 1182 59 21 delar
475 1181 130 28 fullkomligt
626 1183 33 21 Hr
674 1183 108 21 Lindelöfs
798 1182 55 27 åsigt
868 1188 34 15 om

72 1210 26 21 de
113 1209 91 22 formela
219 1211 35 26 fel,
274 1217 44 15 som
334 1211 69 21 finnas
418 1211 7 20 i
441 1211 125 27 petitionen,
583 1211 38 21 och
638 1211 69 22 tillika
723 1211 58 22 delar
793 1211 37 27 jag
845 1211 57 21 Frih.

72 1245 40 14 von
135 1238 69 22 Borns
227 1240 56 26 åsigt
305 1245 33 15 om
362 1239 107 27 ogillande
491 1239 22 21 af
535 1240 38 21 den
590 1239 21 22 af
625 1239 32 22 Hr
673 1239 94 22 Aminoff
779 1239 125 22 framstälda

71 1266 144 33 förklaringen
231 1267 22 22 af
267 1268 24 21 L.
307 1268 24 21 O.
348 1268 40 21 och
410 1268 65 27 yrkar
499 1268 62 27 förty,
577 1270 32 19 att
624 1268 122 27 petitionen,
766 1269 27 27 pä
816 1267 89 22 formela

72 1295 52 27 skäl,
141 1295 17 27 ej
175 1297 35 20 mä
225 1296 32 21 till
273 1296 128 27 behandling
416 1299 112 24 upptagas.

143 1352 57 22 Frih.
218 1353 25 21 O.
259 1354 25 20 A.
301 1353 93 21 Wrede
409 1353 100 22 biträdde
526 1353 31 22 Hr
572 1354 103 22 Aminofis
690 1354 61 27 äsigt.

142 1409 32 21 Hr
197 1410 162 32 Furuhjelm:
385 1410 70 21 Jemte
480 1410 37 22 det
529 1411 36 26 jag
581 1411 96 22 anhäller
691 1413 32 20 att
737 1411 22 21 fä
773 1410 83 22 biträda
871 1410 35 21 Hr

72 1437 99 26 Aminoff,
195 1438 37 21 vill
245 1439 37 26 jag
297 1440 56 19 emot
368 1438 59 21 Frih.
443 1445 42 14 von
501 1439 58 21 Born
575 1440 107 26 anmärka,
698 1442 32 19 att
745 1439 32 22 Hr
792 1437 113 27 Hedbergs

72 1465 90 50 petition
182 1467 45 26 just
249 1467 132 22 omedelbart
403 1467 96 26 grundar
514 1468 31 27 sig
560 1469 28 26 pä
603 1470 31 19 ett
648 1468 57 22 inom
721 1468 89 21 ständen
826 1466 79 21 fattadt

87 1496 55 19 eslut
