1075 1736
190 127 55 22 1076
457 133 25 18 R.
495 138 18 13 o.
525 134 23 17 A.
557 134 59 17 1888.
640 134 9 17 8
662 133 49 22 Maj.

160 218 84 22 skilnad
267 219 114 28 föreligger
396 219 53 28 icke,
464 221 52 20 utan
532 220 78 21 endast
625 226 26 15 en
667 219 112 26 teoretisk,
795 219 41 21 och
851 219 57 21 hvad
923 219 70 22 denna

159 247 109 27 beträffar,
288 248 24 21 så
327 249 42 20 kan
386 255 50 15 man
449 249 24 27 ju
488 248 53 22 visst
556 249 8 21 i
579 249 69 21 likhet
663 249 50 20 med
728 248 33 21 Hr
776 247 150 28 Montgomery
941 254 51 15 anse

160 276 37 21 det
219 283 60 15 mera
298 277 122 27 principielt
435 280 32 18 att
482 277 65 21 ställa
562 277 42 21 den
619 277 47 21 lösa
681 277 134 27 egendomen
828 277 67 26 jemte
911 277 81 21 arbets-

160 304 129 28 förtjensten
304 305 28 27 på
346 312 41 15 ena
401 306 61 21 sidan
477 306 41 21 och
533 306 42 21 den
591 306 58 21 fasta
664 306 132 27 egendomen
807 305 29 27 på
846 305 68 21 andra
924 305 67 21 sidan.

159 333 47 28 Mig
226 334 111 21 förefaller
359 334 36 22 det
417 335 55 21 dock
494 341 46 15 som
564 341 35 15 om
622 334 221 28 indelningsgrunden
864 334 47 21 icke
925 334 66 20 borde

158 368 53 15 vara
233 363 75 26 denna,
331 364 52 20 utan
406 363 105 22 huruvida
533 363 133 28 egendomen
686 365 24 19 är
725 362 94 22 samfäld
834 362 53 22 eller
901 362 90 22 enskild.

159 390 208 29 Arbetsförtjensten
381 394 24 19 är
420 392 98 26 samfäld,
535 392 41 22 den
591 392 40 22 bör
646 392 91 22 hustrun
753 392 84 21 således
852 393 52 19 utan
919 390 73 22 vidare

160 419 22 21 få
202 419 99 28 förvalta,
317 420 56 22 helst
387 420 207 28 äktenskapsförord
610 421 74 21 derom
699 421 48 21 icke
763 420 33 22 får
811 426 41 22 ega
866 426 53 15 rum.
949 419 43 21 En-

159 448 57 22 skild
232 449 105 27 egendom
352 449 102 27 deremot,
471 450 54 21 både
541 450 42 21 den
598 449 58 22 fasta
670 450 41 21 och
721 450 54 26 lösa,
786 449 67 21 borde
863 449 42 21 hon
917 448 32 22 för
960 450 32 20 att

161 477 150 22 åstadkomma
333 478 41 22 den
395 478 79 22 minsta
495 479 89 27 möjliga
606 478 107 28 rubbning
728 478 33 21 uti
777 478 41 21 den
833 477 158 28 grundprincip,

159 506 82 27 hvarpå
256 512 28 16 nu
299 507 100 27 gällande
413 509 44 20 rätt
471 507 77 27 hvilar,
564 508 23 21 få
602 507 99 27 förvalta,
719 507 77 21 endast
811 506 7 22 i
834 506 101 22 händelse
949 506 43 21 hon

159 541 78 21 genom
260 535 73 22 förord
356 536 130 22 förbehåller
509 536 32 28 sig
564 538 45 20 rätt
631 536 79 21 dertill.
741 536 44 21 Det
800 541 63 21 synes
878 534 44 28 mig
936 537 56 19 mest

160 564 108 27 sakenligt
287 566 32 19 att
334 564 82 22 förfara
430 565 28 27 på
473 565 60 21 detta
547 567 44 19 sätt
606 565 40 21 och
662 564 85 21 medför
763 564 132 27 fullkomligt
911 569 81 15 samma

160 591 70 22 fördel
246 592 34 21 för
294 593 97 22 hustrun.
414 594 41 27 Jag
469 594 39 21 ber
523 593 74 22 derför
612 593 22 22 få
650 593 88 22 förorda
754 593 69 21 första
833 592 160 21 reservationen

161 621 134 22 beträffande
311 623 12 20 3
338 622 19 27 8.

228 678 59 22 Frih.
304 678 25 22 G.
345 679 135 22 Aminoff:
501 679 97 22 Oaktadt
613 679 43 21 alla
672 679 26 22 de
714 679 54 26 skäl,
785 685 46 15 som
847 678 66 27 några
928 677 24 22 af
966 677 26 22 de

159 707 65 21 ärade
247 707 96 22 talarene
365 707 77 28 anfört,
467 708 58 21 såväl
544 708 36 21 vid
596 708 41 21 den
652 708 111 21 allmänna
779 707 101 21 debatten
896 713 45 15 som
956 713 35 20 nu,

160 735 40 22 och
222 736 90 21 oaktadt
334 736 40 22 alit
393 737 36 21 det
443 737 191 27 behjertansvärda
650 737 31 21 uti
698 736 94 27 afsigten
807 736 37 21 vid
859 736 75 21 sakens
950 735 42 21 lös-

159 764 58 27 ning,
233 765 71 22 såsom
319 765 49 22 nåd.
383 772 61 21 prop.
461 765 131 22 framställer
608 766 46 26 den,
672 766 80 21 dristar
765 765 38 27 jag
819 765 54 21 dock
889 764 27 27 på
924 763 68 28 grund

160 793 24 21 af
198 793 26 21 de
238 794 74 27 motiv,
329 800 46 16 som
390 794 8 21 i
413 795 117 21 utskottets
546 795 137 21 betänkande
698 796 38 19 äro
748 793 97 26 anförda,
857 793 70 21 såsom
937 793 55 21 min-

160 822 38 21 dre
214 823 147 21 omstörtande
376 825 109 26 gentemot
499 829 29 15 nu
545 823 135 22 existerande
692 822 157 26 förhållanden,
862 821 87 22 förorda
959 823 32 20 att

159 850 97 28 lydelsen
277 851 25 21 af
322 851 68 21 första
416 852 96 26 punkten
534 851 7 21 i
565 852 13 20 3
601 852 11 27 $
635 852 7 20 i
666 853 11 19 2
698 852 57 26 Kap.
770 851 69 21 måtte
855 852 89 25 antagas
959 849 33 22 sä-

161 884 47 16 som
223 879 41 21 den
279 879 7 21 i
301 880 118 22 utskottets
433 880 137 22 betänkande
587 882 24 20 är
625 880 91 22 uttalad.
741 880 10 21 I
767 879 116 28 synnerhet
898 880 24 20 är
933 878 60 22 detta

160 908 79 28 vigtigt
262 914 62 16 anser
344 909 43 27 jag,
408 909 23 21 så
446 910 85 26 mycket
546 909 46 21 min
608 909 123 21 erfarenhet
746 908 63 26 visat,
825 908 32 21 uti
873 908 26 20 de
914 906 79 28 fattiga

159 936 121 28 familjerna
294 937 28 27 på
337 937 79 27 landet,
433 938 37 21 der
484 938 167 27 lösegendomen
666 940 64 25 utgör
743 937 24 21 så
783 938 33 20 att
827 938 51 26 säga
888 938 53 19 nära
950 942 43 20 nog

158 965 50 21 hela
223 965 183 28 förmögenheten,
423 966 52 22 eller
489 966 131 22 åtminstone
636 967 50 21 vida
702 965 146 23 öfverskrider
863 965 6 21 i
885 964 65 22 värde
961 964 31 22 fa-

159 996 35 19 sta
218 994 138 28 egendomen.
387 995 83 22 Genom
492 995 212 27 äktenskapsförord,
730 995 72 21 såsom
824 994 107 21 utskottet
953 993 40 21 har

158 1022 104 22 förutsatt
285 1023 42 27 det,
343 1024 82 26 uppnås
438 1024 24 27 ju
477 1030 83 15 samma
575 1024 107 26 ändamål,
699 1030 47 15 som
762 1023 59 21 såväl
837 1023 7 21 i
859 1022 48 21 nåd.
923 1028 68 21 prop.,

158 1057 47 15 som
226 1052 33 21 uti
282 1052 160 22 reservationen
464 1052 63 27 afses,
551 1059 49 15 men
620 1053 62 21 torde
698 1052 62 27 dock,
777 1058 35 15 om
827 1051 12 28 $
855 1053 88 25 antages
959 1050 33 22 sä-

160 1080 72 27 lunda,
258 1086 46 16 som
326 1081 107 21 utskottet
455 1081 101 22 förordar
571 1082 47 26 den,
634 1082 34 21 till
684 1088 27 14 en
726 1081 77 27 början
818 1080 56 21 blott
887 1080 7 20 i
910 1079 82 21 mindre

158 1108 53 28 grad
233 1109 77 21 tvister
332 1110 40 21 och
393 1110 132 27 svärigheter
540 1110 78 27 uppstä
634 1110 6 21 i
656 1110 26 22 de
698 1110 104 27 fattigare
817 1108 120 27 familjerna
952 1108 40 22 och

157 1137 85 21 mindre
264 1138 150 21 brädstörtade
436 1139 116 27 ändringar
574 1139 7 20 i
604 1138 147 22 förhällandet
773 1138 105 21 makarna
900 1137 91 21 emellan

158 1166 44 21 ske.
218 1166 42 27 Jag
276 1166 98 22 förordar
389 1167 82 21 således
489 1168 8 20 1
515 1167 97 27 punkten
628 1167 24 21 af
666 1169 12 20 3
694 1167 11 28 $
723 1169 11 19 2
751 1167 62 26 Kap.,
830 1165 66 22 sådan
911 1165 41 21 den
967 1167 25 19 är

158 1193 114 23 framstäld
287 1195 7 21 i
309 1196 117 21 utskottets
441 1196 144 21 betänkande.

226 1251 34 22 Hr
282 1252 110 22 Munck:
415 1253 41 27 Jag
478 1255 24 19 är
518 1259 50 15 ense
588 1253 49 21 med
651 1253 59 21 Frih.
728 1251 97 23 Aminoff
838 1250 40 22 och
893 1250 98 22 förordar

158 1279 70 22 likaså
246 1283 10 18 1
272 1287 64 15 mom.
352 1281 25 21 af
390 1283 11 19 3
418 1281 11 28 $
445 1281 67 28 enligt
522 1282 118 21 utskottets
651 1282 144 21 betänkande.
811 1280 11 21 I
833 1279 159 22 reservationen

158 1308 40 22 N:o
223 1309 10 20 1
258 1311 62 26 säges
342 1309 7 21 i
371 1310 128 21 motiverna:
519 1327 4 10 ,
527 1310 141 27 beträffande
683 1307 167 30 tolkningen
825 1303 26 38 af
864 1307 127 28 stadgandet

158 1337 40 21 och
214 1337 48 22 dess
277 1338 130 27 verkningar
422 1339 71 21 kunde
507 1339 36 21 väl
558 1339 7 21 i
581 1340 90 20 enstaka
687 1339 40 21 fall
743 1339 58 22 olika
816 1336 111 27 meningar
939 1339 53 25 göra

158 1366 33 27 sig
210 1367 101 26 gällande
326 1367 110 27 angäende
451 1367 56 22 hvad
523 1373 46 16 som
584 1368 34 21 till
633 1368 88 21 hustrus
737 1365 174 27 arbetsförtjenst
926 1367 65 20 rätte-

157 1394 58 27 ligen
238 1395 66 22 borde
325 1396 92 21 räknas"
440 1396 40 21 och
499 1396 37 21 det
552 1398 24 19 är
591 1397 111 27 verkligen
718 1396 68 21 fallet.
817 1394 27 22 Vi
859 1393 62 22 skola
935 1395 56 21 blott

158 1425 80 26 antaga
252 1426 33 19 att
301 1431 26 14 en
342 1424 77 22 hustru
434 1425 67 21 lefver
516 1425 142 21 tillsammans
674 1425 51 21 med
741 1425 33 21 sin
783 1431 57 19 man,
851 1423 40 20 bor
901 1422 90 23 tillsam-

157 1458 67 21 mans,
249 1454 47 20 äter
318 1453 47 21 sina
387 1453 106 26 mältider,
509 1453 131 22 ätminstone
663 1454 101 28 vanligen
780 1452 84 22 frukost
879 1450 40 22 och
935 1452 57 26 gväll

157 1480 41 21 och
218 1481 94 27 ätnjuter
328 1481 90 22 sälunda
432 1482 56 21 ifrän
504 1482 37 21 det
556 1489 160 21 gemensamma
733 1483 50 21 boet
799 1480 128 26 fördelarne,
943 1487 48 15 men

157 1508 43 22 hon
222 1516 52 15 vore
296 1510 122 28 berättigad
441 1512 33 20 att
492 1511 57 21 ändå
567 1511 145 28 tillgodogöra
729 1512 33 26 sig
778 1509 83 23 ensamt
876 1508 115 23 arbetsför-
