1064 1745
361 136 27 18 R.
399 140 19 13 0.
429 136 24 16 A.
465 136 60 17 1888.
543 136 27 17 22
577 135 49 21 Maj.
830 129 54 21 1455

154 222 32 21 Hr
203 221 25 22 B.
244 221 25 21 0.
284 221 149 22 Schauman
453 221 67 22 utbad
539 221 32 27 sig
589 221 76 22 härvid
686 222 61 21 ordet
764 221 39 22 och
818 221 95 28 yttrade:

83 252 42 26 Jag
140 250 39 21 ber
194 252 32 19 att
242 250 21 21 få
280 252 59 25 yttra
361 250 44 21 min
420 250 71 27 glädje
507 250 60 22 öfver
582 252 32 19 att
629 256 27 15 en
672 250 67 22 sådan
756 250 90 27 petition
869 255 45 16 som

84 280 41 21 den
150 285 30 15 nu
203 278 161 27 ifrågavarande
394 279 92 21 kommit
511 279 7 21 i
544 279 74 27 dagen,
649 280 24 26 ty
698 279 66 21 redan
789 279 61 27 länge
875 278 40 21 har

84 308 37 21 det
151 308 56 20 varit
231 307 91 21 ledsamt
349 308 33 20 att
412 314 23 14 se
461 308 42 20 den
532 314 40 15 ena
596 308 79 20 kartan
703 307 54 22 efter
782 307 40 22 den
847 307 68 21 andra

83 336 112 22 utkomma
216 336 40 20 här
280 336 8 21 i
312 336 80 26 landet,
423 336 86 21 lidande
533 336 24 21 af
583 342 82 15 samma
691 336 79 21 brister
794 336 40 21 och
858 336 57 21 blott

83 365 113 27 stödjande
222 364 31 27 sig
277 364 27 27 på
328 365 8 21 i
357 364 241 22 landtmäterikontoret
621 364 59 22 förut
702 364 110 27 befintliga
833 365 81 25 kartor,

83 393 131 22 framförallt
236 393 48 21 med
304 393 101 21 afseende
427 393 14 21 å
463 394 26 21 de
511 393 44 27 just
578 394 21 20 af
621 393 144 27 petitionären
787 392 129 22 framhållna

85 422 220 27 höjdförhållandena.
345 422 50 21 Men
425 422 62 21 äfven
514 423 8 20 i
551 423 68 20 andra
648 422 115 21 afseenden
787 422 67 26 gäller
879 421 37 21 det

84 451 108 26 åtskilliga
220 450 92 27 speciela
339 450 109 26 kartverk,
480 450 101 22 särskildt
609 451 26 20 de
661 450 92 21 rörande
782 449 134 27 Helsingfors

85 480 40 21 och
148 479 49 21 dess
220 479 147 26 omgifningar,
396 479 24 21 af
440 479 74 22 hvilka
536 481 32 19 ett
590 481 56 20 stort
669 479 59 21 antal
750 479 121 24 utkommit,
894 477 23 22 af

85 508 59 21 olika
159 507 135 28 kartografer
308 507 88 27 utgifna,
411 508 43 24 och
469 508 73 21 hvilka
557 508 43 21 alla
615 509 45 23 äro,
677 507 62 22 äfven
754 507 34 21 för
798 513 26 16 en
834 507 82 27 ganska

84 537 54 27 ytlig
152 537 95 20 kännare
262 536 24 21 af
298 536 80 26 landet,
394 536 117 22 behäftade
525 537 49 21 med
597 538 60 20 stora
672 537 40 21 och
727 536 139 21 traditionela
880 535 34 22 fel.

87 565 41 27 Jag
143 565 43 21 kan
200 565 48 21 icke
263 567 65 18 annat
344 567 27 18 än
386 565 71 21 uttala
473 565 41 22 den
530 565 82 21 önskan
627 567 32 19 att
674 565 7 20 i
697 565 73 21 landet
780 567 59 19 snart
849 564 67 21 måtte

87 593 78 28 uppstå
180 601 27 14 en
222 593 112 27 kartograf
348 594 48 21 med
412 600 82 15 samma
512 594 200 27 samvetsgrannhet
728 593 40 22 och
783 593 133 27 skicklighet,

88 629 46 15 som
150 629 26 15 en
191 623 33 21 för
239 623 63 26 tidigt
316 623 131 26 längesedan
462 622 140 27 bortgången,
618 623 36 20 vid
669 628 64 15 namn
748 623 25 20 A.
782 622 33 21 W.
824 621 92 26 Eklund,

85 652 65 21 hvars
165 651 63 22 karta
244 651 58 21 öfver
313 651 208 22 Storfurstendömet
531 651 96 26 Finland,
645 651 125 22 utkommen
783 651 61 26 1840,
859 652 58 19 ännu

86 682 64 25 utgör
166 682 30 19 ett
211 680 89 21 vackert
314 680 111 26 undantag
439 679 49 22 från
504 680 43 21 alla
562 680 26 21 de
604 680 94 21 derefter
713 679 83 27 utgifna
806 679 110 22 kartorna.

86 709 62 21 Hvad
164 715 29 14 nu
208 709 117 20 utskottets
340 708 43 21 bet.
400 709 110 25 beträffar,
527 709 24 20 så
566 709 73 26 skiljer
655 709 37 20 det
700 709 31 26 sig
741 708 47 21 från
799 708 118 27 petitionen

86 737 57 21 blott
166 737 51 23 deri,
240 739 32 19 att
296 736 26 22 då
338 737 6 20 i
360 737 119 26 petitionen
501 737 64 27 yrkas
584 737 27 26 på
627 739 32 19 att
675 737 100 26 åtgärder
789 737 7 20 i
811 737 60 20 detta
886 735 31 22 af-

87 765 77 22 seende
180 765 67 21 måtte
262 765 98 27 vidtagas
376 766 37 26 ,så
427 768 61 18 snart
503 772 46 14 som
564 766 100 26 möjligt",
682 766 36 21 det
728 766 32 20 uti
771 764 146 22 betänkandet

87 794 62 21 heter
164 796 32 19 att
212 794 42 25 ,,då
269 794 24 21 så
307 794 55 21 låter
378 794 32 27 sig
425 796 74 25 göra”,
516 794 39 21 och
571 794 36 21 det
623 794 42 21 kan
678 794 25 26 ju
713 794 86 21 komma
808 793 28 27 på
847 794 31 20 ett
886 794 30 25 ut,

87 829 49 15 men
150 822 36 27 jag
201 822 69 22 skulle
286 822 56 22 ändå
357 829 51 15 anse
431 823 118 26 petitionen
571 822 64 22 hafva
651 822 109 22 företräde
776 822 7 21 i
799 822 35 21 det
849 821 67 21 fallet.

156 880 33 21 Hr
204 879 121 28 Ramsay:
351 879 76 22 Ehuru
441 879 37 27 jag
493 880 46 21 icke
555 879 87 22 befarar
657 881 33 20 att
704 879 118 22 utskottets
837 878 81 27 förslag

87 908 55 21 skall
165 910 53 19 röna
241 908 65 27 något
328 908 110 22 motstånd
453 909 58 20 inom
527 908 92 26 ståndet,
643 911 60 24 tager
716 909 37 26 jag
768 908 42 26 mig
825 907 93 22 friheten

86 939 54 24 göra
162 937 67 26 några
250 937 75 26 tillägg
347 937 33 21 till
402 937 155 27 motiveringen
577 937 8 21 i
600 937 151 22 betänkandet.
782 936 31 21 På
827 936 39 21 sid.
885 937 10 20 5
910 936 9 21 i

87 965 147 22 betänkandet
249 967 122 20 omnämnes
386 965 57 22 hvad
457 965 48 22 från
521 966 60 27 ryskt
596 966 45 21 håll
656 966 68 21 blifvit
739 965 72 28 gjordt
825 965 35 21 för
874 965 45 20 lan-

89 994 47 21 dets
152 994 157 27 kartläggning,
325 994 39 21 och
381 994 61 21 detta
457 994 81 22 referat
553 997 24 18 är
593 995 23 20 så
632 995 33 20 till
681 995 49 20 vida
745 993 125 27 bristfälligt
886 995 32 20 att

88 1025 32 19 ett
135 1023 122 26 geodetiskt
271 1025 37 18 nät
324 1023 69 21 blifvit
408 1023 109 21 utsträckt
533 1023 58 21 öfver
606 1023 73 21 landet
694 1023 34 21 för
746 1022 89 28 ungefär
851 1023 27 20 20
894 1021 24 22 år

89 1052 66 21 sedan
170 1051 56 22 efter
240 1051 64 27 ryska
319 1051 136 27 topografers
471 1052 96 25 arbeten,
583 1052 56 21 ända
655 1052 33 21 till
704 1052 84 21 trakten
804 1051 23 20 af
835 1050 84 21 Torneå

89 1080 39 21 och
144 1080 90 27 Kajana.
264 1080 119 27 Belysande
399 1080 34 21 för
448 1080 38 21 det
501 1081 66 25 skick,
587 1081 7 21 i
609 1081 81 20 hvilket
712 1080 49 21 vårt
782 1079 62 22 lands
859 1079 60 21 kart-

88 1109 92 21 väsende
195 1109 95 21 befinner
305 1109 37 26 sig,
359 1111 24 18 är
398 1109 83 21 kanske
497 1109 40 21 den
553 1109 192 27 omständigheten,
765 1111 33 19 att
812 1107 107 22 utskottet

88 1137 48 22 icke
151 1137 90 27 tidigare
257 1139 27 19 än
299 1138 66 21 sedan
381 1137 148 22 betänkandet
543 1144 38 15 var
595 1138 72 27 tryckt
682 1137 41 22 fick
738 1138 56 21 notis
810 1143 34 15 om
859 1137 60 20 detta

89 1166 81 21 kanske
192 1166 113 27 vigtigaste
328 1166 118 27 åtgörande
461 1167 34 20 för
511 1167 82 21 landets
613 1167 156 26 kartläggning,
793 1165 69 22 ehuru
876 1165 44 21 för-

89 1194 76 27 frågan
187 1195 86 26 gjordes
296 1195 28 26 på
346 1195 110 26 åtskilliga
479 1195 141 21 embetsverk.
649 1195 67 21 Detta
738 1193 125 28 geodetiska
882 1195 38 20 nät

89 1223 67 21 borde
171 1223 116 27 behörigen
303 1223 91 22 beaktas
410 1224 41 21 och
466 1224 62 21 torde
544 1224 65 26 enligt
625 1224 26 21 de
667 1224 152 27 upplysningar
832 1222 37 27 jag
878 1222 42 21 fått

89 1252 43 26 mig
154 1252 126 21 meddelade
301 1254 52 19 utan
376 1253 136 26 synnerligen
535 1254 45 19 stor
603 1252 108 27 svårighet
733 1252 73 21 kunna
821 1251 99 26 utvidgas

89 1286 77 21 genom
181 1280 57 21 vissa
253 1281 67 26 linier,
337 1287 44 15 som
398 1281 70 21 skulle
484 1281 100 21 förbinda
598 1281 101 26 punkter,
722 1281 72 20 hvilka
809 1286 29 15 nu
853 1280 67 21 redan

89 1310 37 20 äro
149 1309 119 26 bestämda,
290 1315 48 15 men
360 1309 47 21 icke
430 1309 78 27 bragta
522 1310 7 20 i
545 1309 153 27 sammanhang
719 1309 49 21 med
790 1308 128 21 hvarandra.

89 1338 33 20 En
137 1337 67 27 vigtig
219 1337 76 27 åtgärd
310 1344 50 15 vore
375 1338 35 20 väl
426 1337 28 21 då
469 1340 34 19 att
518 1344 24 15 en
559 1338 86 26 lämplig
668 1344 78 20 person
768 1337 69 21 skulle
852 1337 68 20 sättas

89 1366 7 20 i
111 1366 85 21 tillfälle
211 1368 33 19 att
259 1366 67 21 samla
342 1367 32 25 sig
388 1366 91 27 insigter
494 1367 7 20 i
515 1367 86 26 geodesi
616 1366 34 21 för
670 1368 32 19 att
725 1366 65 21 sedan
806 1364 72 22 utföra
894 1364 26 22 de

89 1395 129 26 mätningar,
233 1400 45 15 som
294 1400 61 15 anses
371 1401 52 14 vara
438 1395 135 26 nödvändiga
587 1395 34 20 för
636 1397 32 18 att
684 1395 72 20 kunna
778 1394 67 26 draga
859 1394 62 25 nytta

90 1423 23 20 af
127 1422 81 22 sådana
223 1423 95 26 arbeten,
334 1429 45 15 som
396 1423 68 21 redan
480 1425 37 19 äro
533 1423 93 21 utförda.

160 1480 32 21 Hr
208 1480 28 21 H.
251 1480 26 21 A.
294 1480 145 21 Mechelin:
470 1480 46 22 Den
532 1487 28 14 nu
577 1480 146 27 föreliggande
746 1479 118 27 petitionen
879 1477 42 22 för-

93 1509 92 20 utsätter
200 1515 27 14 en
242 1515 110 20 noggrann
370 1509 122 26 geografisk
513 1509 140 26 uppmätning
669 1508 23 21 af
705 1508 47 21 vårt
767 1507 57 24 land,
847 1508 23 25 ty
886 1513 36 14 en-

92 1537 49 21 dast
156 1537 28 26 på
199 1543 27 15 en
240 1537 66 21 sådan
321 1537 70 27 grund
400 1537 45 21 kan
455 1539 33 20 ett
498 1537 198 22 tillfredsställande
707 1536 103 22 kartverk
820 1535 101 27 grundas.
