1070 1742
195 121 54 21 1242
451 128 24 16 R.
488 132 18 13 o.
519 128 22 17 A.
554 129 57 17 1888.
624 129 23 17 15
658 129 48 21 Maj.

165 212 47 21 icke
222 212 104 27 dagligen,
333 220 47 15 men
392 214 54 21 dock
454 214 76 22 ickesä
539 214 88 22 alldeles
635 215 74 26 sällan,
719 216 32 20 att
760 214 50 22 slikt
819 214 101 27 olyckligt
928 214 65 22 öfver-

166 240 89 22 förande
271 242 101 26 inträffat,
383 244 39 20 när
432 242 134 22 föräldrarne
579 243 70 21 såsom
665 244 81 26 vanligt
756 243 94 27 förtegat
861 243 131 26 sjukdomen,

166 269 41 21 och
229 271 32 19 att
284 271 31 21 till
339 271 39 21 och
394 272 47 20 med
457 272 89 21 läkaren
561 272 82 22 kunnat
658 272 111 24 viseledas,
785 272 90 21 emedan
890 271 42 21 han
946 272 47 20 icke

167 298 90 32 tidigare
281 299 123 22 observerat
425 300 149 27 förhållandet,
598 301 52 21 eller
669 301 88 21 emedan
773 302 159 25 symptomerna
947 300 45 21 icke

167 328 56 19 varit
238 333 42 21 nog
294 328 7 20 i
317 330 81 25 ögonen
413 328 93 22 fallande
521 329 34 21 för
570 332 33 19 att
617 329 73 21 kunna
705 329 48 22 med
769 329 101 21 säkerhet
885 329 108 21 bedömas.

167 354 86 23 Sådana
275 356 37 22 fall
333 357 133 21 förekomma
480 358 7 20 i
502 360 56 19 stort
580 358 30 22 tal
625 358 147 25 annorstädes,
787 364 50 15 men
852 358 80 21 mindre
948 357 45 24 här,

168 386 27 19 än
211 384 38 21 der
265 385 160 27 sjelfamningen
440 388 24 19 är
479 387 83 21 mindre
576 387 77 27 vanlig.
684 388 46 20 Här
745 387 7 21 i
767 386 74 22 landet
859 392 62 16 anser
935 387 59 19 näm-

167 412 57 27 ligen
246 415 57 20 ännu
327 414 72 26 hvarje
417 415 73 21 moder
505 416 37 20 det
556 416 34 21 för
604 422 27 15 en
647 418 39 18 ära
701 417 31 19 att
748 422 70 14 amma
833 415 54 27 sjelf,
903 421 33 15 om
952 414 41 20 hon

168 441 57 22 blott
240 442 49 26 kan,
306 449 47 15 men
368 444 7 20 i
391 444 79 26 länder,
487 444 38 21 der
540 445 86 26 amning
644 450 61 16 anses
721 450 52 15 vara
787 446 33 19 ett
836 443 158 22 underordnadt

167 472 53 25 göra
235 470 34 22 för
284 478 25 14 en
325 472 88 26 lyckligt
428 472 54 22 stäld
498 473 84 27 qvinna,
599 473 37 21 der
651 473 132 21 förekomma
797 472 66 22 fallen
879 472 49 22 ofta.
954 471 40 27 Jag

168 498 121 23 föreställer
304 501 48 26 mig,
368 502 32 20 att
415 501 56 21 Frih.
488 508 40 14 von
543 502 68 21 Borns
627 502 74 27 tillägg
714 502 71 21 kunde
795 501 46 21 afse
851 500 62 22 äfven
924 500 71 27 dylika

169 527 44 25 fall,
229 528 81 27 hvarpå
323 529 37 27 jag
375 536 29 14 nu
419 530 71 21 anfört
506 532 31 20 ett
552 531 23 21 af
589 531 25 21 de
630 530 96 22 svåraste
742 530 96 26 exempel
849 530 40 21 och
899 529 95 21 anhåller

169 556 56 27 förty
241 556 22 22 få
279 558 132 21 understöda
426 558 56 22 Frih.
498 565 42 15 von
555 559 69 21 Borns
639 559 101 27 yrkande.
771 559 41 26 Jag
827 558 39 22 ber
877 558 74 26 tillika,
962 559 33 20 att

169 585 93 27 ståndet,
279 592 33 16 om
328 586 36 22 det
380 588 57 20 ännu
452 589 24 19 är
490 588 89 26 möjligt,
595 588 49 21 ville
660 590 95 25 upptaga
770 587 69 27 tredje
854 593 62 15 mom.
928 587 7 21 i
948 586 46 27 10
982 581 15 38 $

170 614 33 20 till
227 614 120 22 diskussion
370 616 48 21 med
439 616 99 22 afseende
555 616 12 22 å
583 617 26 21 de
631 616 85 25 brister,
741 623 45 15 som
807 616 38 27 jag
860 616 78 21 tilltror
953 615 42 26 mig

170 642 73 22 kunna
265 644 57 21 finna
337 644 7 21 i
360 644 122 22 detsamma.
514 645 62 21 Hvad
598 645 99 27 slutligen
714 646 26 20 12
756 645 11 27 &
783 645 69 21 andra
874 651 62 15 mom.
959 644 37 21 be-

171 671 81 26 träffar,
275 674 52 25 ,gör
350 673 32 26 sig
404 674 68 26 någon
494 674 84 27 skyldig
601 674 33 21 till
656 674 81 26 tidelag
760 674 51 21 eller
829 673 74 21 försök
918 672 78 25 dertill,

171 700 84 22 straffes
270 702 48 20 med
332 701 94 30 fängelse
441 702 7 21 i
463 702 63 28 högst
542 702 36 22 två
594 702 45 25 år",
655 702 24 22 sä
689 704 25 20 är
729 702 37 22 det
781 702 40 26 väl,
838 704 33 19 att
886 702 36 21 det
936 702 60 20 heter

171 729 64 27 högst
257 730 36 21 två
316 730 29 22 år.
376 729 68 24 Äfven
466 731 85 27 tidelag,
575 738 44 15 som
643 731 66 21 oftast
730 732 35 20 väl
787 731 84 21 utöfvas
886 730 23 22 af
921 730 75 27 pojkar

171 759 57 19 ännu
243 758 7 21 i
259 760 94 20 växande
368 760 66 26 ålder,
450 760 104 27 förtjenar
569 760 46 22 icke
631 760 101 27 fängelse,
743 761 53 20 utan
812 759 55 22 blott
882 766 25 14 en
924 758 73 28 dugtig

171 786 100 22 risbastu.
303 788 45 21 Den
364 789 173 27 föreställningen
552 789 79 27 spökar
646 789 34 21 väl
698 791 64 23 ännu,
779 790 32 19 att
835 788 80 26 tidelag
929 787 67 21 skulle

172 815 72 21 kunna
267 816 63 22 hafva
353 818 31 21 till
408 818 89 21 resultat
520 824 25 15 en
568 818 141 25 Minotaurus,
731 823 49 15 men
803 817 40 21 den
859 816 83 22 kraften
958 816 39 20 har

171 844 103 27 tidelaget
295 846 115 27 bevisligen
432 846 45 21 icke
500 853 54 19 mer;
578 846 40 21 den
641 846 39 21 har
701 846 121 21 försvunnit
837 845 47 21 med
900 844 98 21 antikens

171 872 134 23 barnaålder.

241 931 51 21 Frih.
314 937 41 16 von
370 931 79 22 Born:
479 932 41 27 Jag
535 932 39 21 ber
589 934 32 19 att
636 932 75 21 främst
726 931 22 21 få
759 933 84 24 nämna,
853 932 32 20 att
897 930 36 27 jag
942 929 56 22 hade

173 959 89 21 alldeles
278 959 56 22 klart
350 960 33 21 för
398 961 49 26 mig,
462 963 32 18 att
510 961 36 21 det
561 961 37 20 fall
609 961 32 20 Hr
652 960 153 27 Pippingsköld
817 961 72 20 senast
899 959 98 26 antydde,

173 988 68 21 skulle
264 989 86 20 komma
372 989 67 21 under
454 989 35 21 det
505 989 23 21 af
541 990 43 26 mig
598 989 122 27 föreslagna
735 988 219 27 tilläggsstadgandet.
972 999 26 3 —

173 1016 50 21 Med
245 1017 115 27 anledning
375 1017 23 22 af
412 1018 31 21 Hr
458 1018 163 27 Pippingskölds
643 1018 100 27 yttrande
759 1017 134 21 beträffande
907 1016 92 21 införan-

173 1045 36 21 det
231 1045 26 25 af
274 1047 30 20 ett
328 1046 119 27 stadgande
468 1053 34 15 om
526 1045 325 28 skadeersättningsskyldighet,
875 1045 23 21 så
913 1045 38 20 ber
964 1044 35 27 jag

173 1074 78 21 endast
273 1074 22 21 få
316 1075 58 21 fästa
393 1075 52 21 hans
460 1075 40 22 och
516 1075 36 21 det
567 1075 65 21 ärade
649 1075 97 21 ståndets
762 1073 188 29 uppmärksamhet
965 1073 35 20 vid

174 1103 13 21 9
202 1103 55 26 Kap.
273 1103 7 21 i
296 1103 130 28 strafflagen,
443 1110 45 15 som
503 1104 65 21 redan
585 1104 68 21 blifvit
664 1103 109 28 godkändt
792 1103 40 21 och
843 1103 80 20 hvilket
933 1101 67 22 hand-

173 1131 33 22 lar
221 1137 34 16 om
272 1132 136 21 skadestånd.
439 1135 10 18 1
466 1137 29 20 &:s
512 1134 9 19 1
539 1139 71 19 mom.,
626 1132 150 21 innehållande
791 1133 34 19 att
848 1148 8 8 ,
862 1131 73 25 skada,
954 1136 46 15 som

173 1166 77 21 genom
267 1161 59 20 brott
341 1160 94 28 tillfogas
451 1161 75 27 någon,
543 1161 53 22 skall
613 1161 22 21 af
649 1162 40 20 den
706 1161 95 27 skyldige
817 1161 99 24 ersättas,
932 1159 68 21 ehvad

173 1189 84 21 brottet
271 1189 104 22 föröfvats
390 1190 133 27 uppsåtligen
539 1190 51 21 eller
606 1190 57 21 skett
678 1190 23 21 af
713 1189 120 26 vållande",
854 1188 39 21 och
907 1189 12 20 2
937 1193 63 16 mom.

173 1218 8 20 i
196 1223 82 16 samma
295 1220 17 23 &,
328 1218 39 21 der
382 1219 36 20 det
433 1219 65 25 heter,
516 1219 39 20 har
570 1219 47 26 den,
634 1225 45 14 som
692 1219 46 20 lidit
749 1218 89 25 skadan,
849 1217 93 26 bidragit
953 1217 47 20 der-

173 1246 33 21 till
227 1253 77 20 genom
319 1253 53 20 egen
388 1247 72 26 skuld;
483 1247 51 22 eller
549 1248 40 20 har
604 1253 70 15 annan
689 1247 71 26 orsak,
776 1253 45 14 som
838 1246 19 27 ej
873 1245 32 22 till
920 1245 81 21 brottet

174 1275 73 26 hörde,
263 1275 125 22 medverkat
404 1276 32 21 till
452 1276 87 27 skadan,
555 1276 40 21 bör
610 1275 130 22 skadestånd
756 1275 54 21 efter
825 1276 22 26 ty
863 1273 99 28 jemkas",
975 1284 25 3 —

174 1303 69 21 skulle
259 1304 5 21 i
281 1303 63 22 dessa
366 1304 37 21 fall
425 1304 107 22 måhända
547 1305 86 21 komma
647 1306 33 19 att
695 1304 114 27 tillämpas.
841 1303 42 22 Det
898 1303 41 21 kan
954 1301 46 22 icke

174 1332 114 26 bestridas,
312 1335 33 19 att
360 1333 40 21 den
419 1339 44 15 som
478 1333 48 24 lidit
541 1333 87 25 skadan,
645 1333 64 21 också
725 1333 39 20 har
778 1332 71 27 någon
864 1337 52 21 egen
932 1329 70 26 skuld,

173 1361 8 21 i
197 1361 26 20 de
239 1361 45 25 fall,
306 1367 46 16 som
375 1362 49 26 ingå
439 1362 31 21 uti
486 1362 116 21 utskottets
617 1361 92 27 förslag;
725 1362 6 20 i
747 1361 26 21 de
789 1361 23 21 af
826 1361 43 26 mig
885 1359 117 27 tilläggsvis

174 1389 95 27 antydda
291 1389 44 26 fall,
356 1388 28 23 är
406 1391 41 20 den
462 1390 94 21 skadade
572 1390 66 21 oftast
653 1392 51 19 utan
720 1390 29 21 all
765 1389 69 22 skuld.
851 1401 25 3 —
893 1389 63 20 Emot
971 1387 32 22 Hr

175 1417 121 22 Grotenfelt
318 1418 39 22 ber
376 1419 38 27 jag
436 1419 21 22 få
479 1421 83 22 nämna,
586 1421 31 19 att
635 1419 37 26 jag
688 1419 48 21 med
753 1419 62 20 bästa
830 1417 50 28 vilja
895 1417 7 21 i
916 1416 87 22 verlden

174 1446 48 21 icke
245 1447 42 21 kan
310 1447 58 21 finna
389 1447 161 28 ifrågavarande
573 1447 36 22 fall
633 1447 115 27 lämpligen
773 1447 72 21 kunna
867 1445 136 22 subsumeras

174 1475 69 22 under
259 1475 12 28 8
288 1476 25 21 16
328 1475 8 21 i
351 1476 28 21 34
395 1476 54 27 Kap.
478 1476 44 21 Der
538 1476 45 21 står
599 1475 72 27 ,hvar,
685 1482 45 15 som
746 1475 135 27 uppsåtligen
896 1473 108 27 utsprider

174 1503 69 22 farsot
267 1504 63 21 bland
351 1505 121 21 menniskor
488 1511 18 15 o.
523 1511 16 14 s.
555 1507 33 18 v.*
618 1504 43 21 Det
675 1505 24 21 af
712 1504 44 27 mig
770 1504 123 26 föreslagna
907 1502 97 27 tillägget

173 1532 66 25 gälde
255 1533 46 21 icke
317 1533 118 27 uppsätligt
458 1533 145 27 utspridande,
623 1533 40 21 och
677 1533 34 22 för
727 1533 65 26 öfrigt
807 1531 98 22 betviflar
918 1531 38 26 jag
970 1532 35 20 att
