1075 1734
202 113 54 21 1022
464 119 25 17 R.
502 124 17 12 o.
533 120 21 16 A.
564 120 58 16 1888.
647 120 12 16 5
672 120 48 20 Maj.

172 205 83 27 lämpas
270 205 28 27 på
313 206 79 25 vexlar,
409 211 45 15 som
471 207 37 19 äro
525 206 96 21 utstälda
636 206 64 20 innan
711 206 70 20 denna
791 204 125 27 förordning
926 205 73 21 träder

171 234 7 21 i
193 234 99 26 gällande
315 234 64 26 kraft,
402 234 39 22 och
464 234 37 22 det
523 240 51 16 vore
597 234 81 22 kanske
698 234 123 26 lämpligast
837 235 32 19 att
884 233 69 21 införa
969 235 30 20 ett

171 262 205 27 tilläggsstadgande
392 262 75 22 härom
482 263 7 21 i
505 264 12 20 6
533 269 71 19 mom.,
625 269 44 15 som
686 262 73 27 börjar
775 262 70 27 ,,hvad
860 268 45 15 som
921 262 40 21 här
975 264 24 19 är

171 291 102 27 stadgadt
289 298 34 15 om
339 298 19 14 o.
373 298 16 15 s.
405 298 19 14 v.

241 347 59 21 Frih.
315 354 41 15 von
371 348 76 22 Born:
471 348 67 22 Äfven
554 348 7 21 i
576 348 62 27 fråga
653 354 34 15 om
704 348 59 20 detta
778 347 91 27 förslags
878 348 123 26 principiela

170 377 48 21 sida
233 376 40 21 har
286 376 36 28 jag
337 377 110 22 förmänen
470 379 32 20 att
517 383 52 15 vara
588 377 24 21 af
625 383 82 16 samma
722 376 55 27 äsigt
793 383 45 15 som
855 377 31 21 Hr
901 377 99 26 Pipping-

170 405 69 22 sköld.
270 405 40 28 Jag
326 405 40 22 har
381 405 46 22 icke
443 405 69 22 blifvit
528 406 125 27 öfvertygad
669 412 34 15 om
719 407 33 20 att
767 405 123 22 införandet
901 405 23 22 af
933 405 68 21 vexel-

170 435 93 26 stämpel
278 441 51 14 vore
344 434 24 21 af
381 435 163 21 förhällandena
559 434 117 28 päkalladt.
706 434 43 21 Det
765 440 62 21 synes
847 435 42 26 mig
904 440 51 15 vara
970 435 31 20 ett

171 463 89 26 positivt
284 463 95 27 baksteg.
409 463 42 22 Det
473 463 111 27 påminner
606 463 66 27 något
695 469 35 15 om
746 463 41 21 den
809 463 129 26 längesedan
960 462 42 21 för-

170 491 86 28 gängna
272 492 36 26 tid,
325 491 27 22 dä
367 491 150 28 afhandlingar
539 492 98 21 enskilda
659 498 103 21 personer
782 492 91 21 emellan
888 491 46 22 icke
950 497 51 15 voro

171 520 81 27 giltiga,
276 520 73 21 sävida
371 521 26 21 de
420 521 46 21 icke
489 527 51 15 voro
563 521 81 21 skrifna
668 520 26 26 pä
712 521 117 26 stämpladt
845 526 86 21 papper.
961 519 40 22 Om

172 549 66 20 ocksä
253 549 108 27 päföljden
377 556 28 14 nu
420 549 47 22 icke
482 549 68 22 blefve
567 549 73 26 sädan,
656 549 24 21 sä
693 549 91 22 föresläs
807 549 39 21 här
861 549 64 21 likväl
941 548 61 21 böter

172 577 40 22 och
235 577 148 28 fiskalisering,
407 578 65 27 nägot
494 585 45 14 som
555 584 62 21 synes
633 578 42 26 mig
690 585 53 14 vara
758 578 81 27 ganska
855 578 76 21 odiöst.
961 577 41 26 Jag

172 606 108 21 erkänner
302 607 109 21 dessutom
434 609 71 25 öppet,
528 609 32 19 att
583 607 61 21 äfven
658 607 37 27 jag
710 607 66 20 fattat
791 607 61 21 detta
866 606 85 27 förslag,
975 605 28 27 pä

172 641 82 15 samma
270 637 42 19 sätt
328 642 45 15 som
390 636 31 21 Hr
436 635 160 28 Pippingsköld,
611 635 71 22 säsom
698 638 32 19 ett
746 636 137 26 experiment,
899 634 27 27 pä
933 634 70 27 grund

172 663 24 22 af
210 663 88 26 hvilket,
322 671 34 14 om
373 665 36 20 det
424 665 78 26 lyckas,
527 671 49 14 man
598 665 65 21 sedan
680 664 69 21 skulle
772 664 73 21 skrida
860 664 73 26 längre
947 663 55 21 fram

172 692 41 21 och
237 693 81 21 kanske
341 693 56 21 sluta
418 693 35 21 vid
477 694 25 20 de
525 693 93 27 dyrbara
632 693 55 21 arfs-
702 693 41 21 och
758 693 244 24 testamentsskatterna,

172 727 47 15 som
235 721 122 22 utomlands
373 723 37 20 äro
426 721 105 27 brukliga.
554 721 34 22 Då
600 722 38 27 jag
653 722 45 21 häri
716 721 75 27 spårar
799 723 32 20 ett
839 721 164 22 försök
920 717 13 37 i
941 721 62 22 denna

173 749 101 28 riktning,
291 749 23 22 sä
330 750 68 21 skulle
411 750 36 27 jag
463 750 64 21 också
543 751 56 21 helst
615 757 28 20 se,
660 752 32 20 att
707 750 51 21 hela
768 750 102 26 förslaget
881 749 46 22 icke
935 749 68 21 skulle

173 784 29 15 nu
224 779 130 26 godkännas.
387 779 47 21 Men
457 785 34 15 om
507 779 25 21 R.
549 785 17 15 o.
584 780 24 21 A.
625 779 96 22 besluter
745 779 31 26 sig
795 779 34 21 för
843 780 33 19 att
891 778 112 27 godkänna

173 806 111 27 förslaget,
300 807 69 22 skulle
383 809 36 26 jag
435 808 53 21 dock
504 807 27 22 be
546 810 33 19 att
594 808 22 21 fä
631 807 74 22 förena
721 808 43 25 mig
779 808 48 20 med
842 807 57 22 Frih.
911 807 20 21 K
948 807 55 20 Lan-

174 835 112 26 genskiöld
303 836 80 26 derom,
399 839 32 19 att
446 837 41 20 den
501 837 24 20 af
538 836 78 22 honom
624 837 113 27 påpekade
747 836 169 27 oegentligheten
926 834 78 23 beträf-

173 863 65 23 fande
254 864 137 28 karteringen
407 866 22 21 af
443 865 71 22 vexlar
530 865 66 22 borde
612 865 113 28 afhjelpas.
748 865 43 21 För
807 865 43 21 min
865 865 34 21 del
915 865 38 21 har
967 864 36 26 jag

174 892 47 22 icke
244 894 82 20 kunnat
349 900 51 15 vara
422 894 148 22 tillfredsstäld
593 894 48 22 med
661 894 41 22 den
717 894 120 26 förklaring
853 893 31 22 Hr
900 892 103 22 Mechelin

173 921 89 27 afgifvit.
294 922 43 27 Mig
352 929 62 20 synes
429 923 46 21 icke
491 923 103 27 omöjligt,
610 925 32 19 att
658 923 6 21 i
681 922 220 22 öfverensstämmelse
917 921 47 22 med
975 926 29 16 nu

172 950 101 27 gällande
295 951 241 28 karteringsskyldighet
559 952 82 27 stadga,
665 954 32 19 att
721 951 27 21 dä
764 952 72 20 vexlar
851 951 102 21 inlemnas
969 949 34 21 vid

172 979 94 21 domstol
281 980 7 20 i
304 980 39 21 och
358 980 33 21 för
407 980 114 27 utsökning
536 981 52 21 eller
603 983 65 19 annat
684 980 107 26 ändamäl,
815 980 40 21 den
879 980 38 20 bör
932 979 68 21 förses

173 1008 50 21 med
238 1009 172 27 stämpelpapper
425 1010 32 20 till
473 1009 24 21 sä
512 1010 84 26 mycket
612 1009 66 27 högre
694 1009 67 26 valör,
781 1010 33 20 att
829 1008 104 26 stämpeln
949 1009 57 19 mot-

174 1042 75 16 svarar
271 1037 57 21 hvad
350 1044 46 15 som
419 1038 34 21 för
473 1038 138 26 förskrifning
634 1040 24 18 är
680 1038 108 26 stadgadt.
818 1038 41 26 Jag
881 1037 38 21 ber
935 1038 31 19 att
981 1035 22 21 få

173 1064 102 27 påminna
290 1066 80 26 derom,
387 1068 31 20 att
433 1067 7 21 i
457 1068 10 25 $
486 1067 23 21 13
525 1067 67 21 finnes
607 1069 31 19 ett
653 1066 126 27 stadgande,
801 1072 46 15 som
862 1066 28 26 pä
905 1067 42 19 sätt
963 1064 40 22 och

173 1094 32 20 vis
220 1094 68 26 gifver
302 1095 115 27 anledning
431 1096 33 20 till
479 1097 32 20 ett
525 1096 77 20 sädant
617 1095 131 26 förfarande,
772 1101 34 15 om
821 1095 37 21 det
873 1094 46 25 ock,
942 1093 62 21 äfven

173 1123 68 26 enligt
257 1123 42 21 min
314 1124 142 27 uppfattning,
473 1126 24 19 är
512 1126 31 19 ett
558 1125 70 26 afsteg
643 1124 47 21 frän
706 1124 117 27 principen,
839 1125 32 20 att
881 1123 65 21 redan
955 1122 49 21 kar-

173 1151 73 21 teradt
262 1157 80 22 papper
357 1153 47 21 icke
420 1153 100 21 behöfver
535 1153 73 21 vidare
624 1153 105 21 karteras.
759 1153 44 20 Der
819 1152 60 21 heter
895 1152 35 21 det
945 1153 59 19 näm-

174 1179 62 27 ligen,
260 1183 33 19 att
316 1187 45 20 ,om
384 1181 96 22 enskilda
502 1188 108 20 personer,
634 1188 45 15 som
702 1181 33 27 sig
754 1181 90 21 emellan
860 1181 59 20 slutit
934 1179 70 27 någon

174 1208 222 26 Ofverenskommelse,
412 1210 7 21 i
434 1210 73 21 stället
522 1210 33 21 för
570 1213 32 18 att
618 1210 73 21 derom
702 1211 105 25 upprätta
817 1209 90 26 skriftlig
916 1208 89 21 afhand-

173 1237 51 26 ling,
240 1238 51 26 vilja
306 1238 44 21 läta
366 1239 37 21 sitt
418 1239 54 21 aftal
487 1239 7 21 i
510 1239 212 26 domstolsprotokoll
731 1238 123 26 antecknas,
870 1243 49 16 vare
928 1237 77 21 sädant

174 1265 49 22 dem
239 1266 47 21 icke
301 1267 128 26 förmenadt,
445 1267 38 22 der
499 1268 36 20 det
550 1267 62 27 eljest
626 1267 93 27 lagligen
734 1267 37 21 ske
787 1266 49 21 kan.
859 1267 11 20 I
885 1265 67 27 dylikt
967 1265 38 21 fall

174 1294 91 22 skrifves
287 1295 131 27 protokollet
438 1296 13 21 å
466 1297 41 20 den
521 1296 33 21 för
570 1296 130 21 domstolens
725 1295 146 27 expeditioner
894 1293 111 22 bestämda

173 1322 75 27 karta;
265 1329 47 16 men
328 1330 35 15 om
379 1326 31 20 ett
425 1325 76 21 sådant
517 1325 107 26 protokoll
640 1325 123 21 sedermera
777 1324 7 21 i
800 1323 99 22 afseende
912 1323 12 21 å
931 1322 74 21 utsök-

173 1351 51 27 ning
240 1353 53 21 eller
309 1353 6 20 i
330 1355 66 19 annat
411 1353 54 27 syfte
485 1353 55 21 inför
562 1353 70 27 någon
655 1353 125 26 myndighet
803 1354 82 25 upptes,
907 1351 98 22 karteras

173 1380 121 23 detsamma
310 1381 70 22 såsom
396 1382 6 21 i
419 1385 12 24 &
447 1383 13 20 6
475 1382 105 27 stadgas”.
604 1382 46 21 Här
665 1382 144 21 förekommer
823 1381 8 21 i
846 1380 75 27 sjelfva
931 1379 74 22 verket

174 1415 26 15 en
216 1409 197 28 tilläggskartering
428 1411 28 26 pä
472 1413 31 19 ett
518 1411 66 20 redan
600 1411 58 20 förut
680 1410 113 21 karteradt
809 1415 86 21 papper.
925 1409 40 26 Jag
981 1409 25 20 är

173 1444 51 15 ense
247 1439 49 21 med
318 1439 59 21 Frih.
393 1439 26 22 K.
435 1439 158 27 Langenskiöld
616 1439 45 21 deri
684 1442 32 17 att
739 1438 60 21 detta
821 1437 185 22 missförhällande

174 1466 134 23 beträffande
323 1468 74 21 vexlar
412 1468 40 21 bör
467 1467 73 22 ställas
555 1468 33 21 till
603 1469 58 20 rätta
684 1467 40 21 och
740 1467 33 26 $:n
789 1466 169 22 äterremitteras
973 1465 34 21 till

173 1496 115 21 utskottet.
318 1496 78 21 Tillika
411 1497 38 21 ber
462 1497 37 26 jag
514 1496 20 21 få
550 1496 108 21 eventuelt
674 1495 134 22 understöda
829 1495 62 21 äfven
906 1494 57 21 Frih.
979 1493 26 22 G.

174 1524 170 27 Langenskiölds
359 1525 103 27 yrkande.
