1067 1748
227 126 55 22 1400
495 134 25 17 R.
532 138 19 14 0.
563 134 23 17 A.
594 134 59 17 1888.
668 134 24 17 19
704 134 47 22 Maj.

268 218 32 21 Hr
315 218 129 22 Lindelöf
458 220 88 21 anförde
562 220 70 21 såsom
649 219 130 22 ordförande
791 220 8 21 i
810 220 217 26 Ekonomiutskottet,

198 249 32 19 att
244 247 106 21 utskottet
365 248 7 20 i
388 248 105 21 anseende
508 248 33 22 till
556 248 142 27 landtdagens
713 250 61 20 snart
783 248 135 22 förestående
928 250 43 21 slut
981 249 47 21 icke

197 282 51 14 vore
256 272 9 36 i
286 276 83 21 tillfälle
392 278 32 20 att
448 277 151 21 slutbehandla
621 277 99 27 samtliga
735 277 32 21 dit
785 277 129 27 hänskjutna
928 278 99 26 ärenden,

199 304 65 22 bland
287 304 71 22 hvilka
381 305 32 21 Hr
437 305 100 22 Lindelöf
550 312 29 14 nu
594 306 103 21 särskildt
711 305 101 22 framhöll
828 306 36 22 det
880 307 23 21 af
914 307 33 21 Hr
962 306 24 22 G.
1002 307 25 21 A.

198 333 121 27 Tigerstedt
340 334 77 21 väckta
441 334 206 27 petitionsförslaget
673 334 111 27 angående
807 334 92 29 åtgärder
923 335 29 24 för
976 335 52 24 häst-

198 361 70 25 afvelns
291 361 137 27 förbättrande,
460 363 34 21 för
521 363 41 21 den
586 363 102 21 händelse
711 363 24 21 R.
756 370 18 14 o
798 364 26 20 A.
847 364 49 21 ville
919 364 109 22 remittera

198 391 235 27 petitionsmemorialet
449 392 34 20 till
498 392 115 21 Allmänna
628 392 206 25 Besvärsutskottet,
850 392 28 28 på
894 394 42 20 sätt
943 393 85 27 petitio-

197 421 67 20 nären
279 420 34 21 vid
328 421 31 20 ett
374 420 128 27 föregående
517 421 86 26 plenum
618 420 118 28 föreslagit.

266 477 50 21 Med
330 477 113 27 anledning
458 477 24 21 af
495 478 32 21 Hr
542 478 221 22 Landtmarskalkens
785 478 116 27 förfrågan,
924 478 104 22 huruvida

197 505 25 21 R.
238 512 20 14 0.
273 506 25 20 A.
318 506 50 21 ville
390 507 110 21 remittera
523 513 28 14 nu
574 507 163 27 ifrågavarande
759 507 213 26 petitionsmemorial
994 507 33 21 till

198 534 114 22 Allmänna
326 535 204 27 Besvärsutskottet,
546 536 86 26 yttrade

266 575 58 21 Frih.
347 575 87 27 Boije,
458 576 36 21 det
516 575 43 21 han
582 575 34 21 för
638 576 33 21 sin
691 576 35 21 del
741 576 49 21 ville
807 576 96 27 afstyrka
918 582 26 15 en
960 576 66 21 sådan

198 604 81 25 remiss,
296 604 27 20 då
339 604 120 26 antagligen
475 604 114 21 Allmänna
604 604 200 21 Besvärsutskottet
818 604 47 21 icke
881 604 69 21 blefve
965 605 6 20 i
983 605 43 20 till-

200 631 50 22 fälle
266 634 32 19 att
314 633 86 26 vidtaga
415 633 67 26 några
498 633 100 26 åtgärder
614 633 34 20 för
664 633 48 21 dess
727 633 123 26 beredning.

266 689 32 21 Hr
313 689 23 20 P.
352 689 25 21 E.
392 689 24 22 af
429 690 140 21 Forselles
584 691 56 25 ville,
664 690 68 22 ehuru
756 696 50 15 ense
821 690 48 21 med
884 690 58 21 Frih.
958 689 66 27 Boije,

198 717 54 22 dock
267 718 7 21 i
290 718 93 27 enlighet
399 719 47 21 med
461 719 155 26 petitionärens
632 719 82 21 önskan
729 719 120 23 hemställa,
865 719 105 21 huruvida
979 719 47 21 icke

197 747 117 26 petitionen
330 746 70 22 kunde
416 749 121 20 remitteras
550 748 34 21 till
594 748 115 21 Allmänna
718 747 206 26 Besvärsutskottet,
936 747 32 26 då,
980 747 45 21 ifall

197 775 106 22 utskottet
318 775 46 21 icke
380 776 120 21 medhunne
516 777 47 20 dess
580 777 122 26 beredning,
718 777 37 20 det
770 776 84 21 komme
865 775 28 28 på
904 777 31 20 ett
944 778 32 23 ut,
992 782 34 15 om

198 804 118 26 petitionen
332 805 102 21 stannade
450 805 38 21 hos
504 805 114 21 Ekonomi-
634 805 52 22 eller
699 805 115 21 Allmänna
824 805 202 21 Besvärsutskottet.

266 861 32 21 Hr
313 861 111 28 Ramsay
447 864 102 20 motsatte
572 863 32 27 sig
627 862 75 22 remiss
725 862 32 21 till
773 862 115 21 Allmänna
902 861 124 23 Besvärsut-

198 890 88 24 skottet,
310 890 88 21 emedan
421 891 185 27 handläggningen
629 891 23 21 af
672 891 150 27 ifrågakomna
838 891 88 26 petition
942 891 84 22 komme

198 920 32 20 att
245 918 66 21 verka
326 919 100 21 störande
441 920 28 26 på
484 920 156 27 behandlingen
656 920 23 21 af
692 920 26 21 de
733 919 49 22 utaf
796 919 106 21 utskottet
912 921 56 20 ännu
978 920 47 21 icke

198 947 99 27 slutligen
312 946 96 29 afgjorda
423 948 99 22 ärenden.

264 1005 50 21 Med
329 1006 113 26 anledning
458 1006 23 22 af
494 1006 40 22 den
545 1006 251 27 meningsskiljaktighet,
813 1012 45 16 som
868 1006 91 25 sålunda
968 1005 58 27 gjort

195 1034 32 26 sig
249 1034 105 27 gällande,
379 1034 155 22 öfverlemnade
557 1036 31 20 Hr
608 1035 209 21 Landtmarskalken
840 1035 33 21 till
895 1034 131 22 besvarande

196 1062 94 28 följande
306 1064 212 26 omröstningsprop.:

265 1120 53 24 Den,
335 1126 45 16 som
395 1121 37 21 vill
447 1121 110 21 remittera
572 1121 32 21 Hr
615 1120 132 28 Tigerstedts
762 1120 216 27 petitionsmemorial
993 1120 33 21 till

196 1148 113 22 Allmänna
323 1149 204 27 Besvärsutskottet,
544 1151 71 20 röstar
628 1150 34 26 ja;

265 1178 74 20 vinner
354 1178 40 26 nej,
411 1178 95 21 förfaller
522 1178 75 27 frågan
613 1185 35 15 om
663 1178 74 22 vidare
752 1178 82 21 remiss.

264 1234 30 21 På
310 1234 73 22 derom
399 1235 71 27 gjordt
485 1236 95 26 yrkande
596 1236 108 21 anstäldes
720 1236 103 26 votering,
840 1236 40 20 och
895 1242 45 15 som
957 1236 69 20 denna

196 1262 62 22 utföll
274 1264 47 20 med
339 1264 26 20 10
378 1264 23 26 ja
417 1264 39 20 och
473 1264 24 21 31
514 1265 41 26 nej,
571 1264 55 22 hade
642 1264 75 27 frågan
734 1270 34 15 om
783 1264 75 22 remiss
869 1264 32 21 till
912 1264 114 21 Allmänna

194 1291 198 22 Besvärsutskottet
410 1292 95 22 förfallit.

394 1423 180 28 Sammanjemkning
590 1424 4 21 i
610 1423 216 29 dissenterlagsfrågan.

263 1480 120 27 Föredrogs
399 1481 163 26 Lagutskottets
577 1481 80 27 förslag
672 1481 33 22 till
720 1480 205 27 sammanjemkning
935 1479 24 22 af
967 1479 57 22 stån-

194 1509 52 20 dens
262 1509 123 26 skiljaktiga
400 1509 71 22 beslut
486 1510 35 21 vid
540 1509 156 28 behandlingen
712 1510 24 21 af
750 1509 117 22 utskottets
889 1508 135 21 betänkande

193 1537 41 21 N:o
250 1538 12 20 9
279 1538 6 20 i
301 1537 115 28 anledning
431 1538 23 21 af
466 1538 48 21 nåd.
530 1545 60 20 prop.
607 1539 39 20 N:o
664 1540 33 25 10,
714 1538 154 26 innefattande,
881 1539 59 20 utom
952 1539 72 24 annat,
