1075 1739
194 121 54 21 1178
457 129 25 17 R.
495 131 17 15 0.
521 130 23 16 A.
553 130 59 17 1888.
631 130 23 17 12
666 129 47 21 Maj.

164 213 63 22 äfven
249 213 70 22 denna
341 215 134 22 konkurrens
497 215 44 22 kan
564 216 47 21 icke
633 215 65 22 blifva
713 217 52 20 stor.
797 215 46 22 Den
859 216 68 26 gäller
941 216 56 27 isyn-

164 242 76 21 nerhet
261 242 67 27 några
350 244 91 21 resande
463 244 79 21 mellan
564 239 48 27 Åbo
628 245 40 21 och
683 244 141 27 Helsingfors,
841 244 72 21 hvilka
927 245 70 21 skulle

164 272 50 25 taga
230 271 70 21 denna
314 271 88 22 kortare
417 274 46 26 väg,
479 273 24 21 så
518 273 66 22 framt
595 273 41 22 den
646 273 42 21 blir
698 273 98 27 beqväm,
806 279 50 15 men
865 273 37 27 jag
912 273 85 22 fruktar

164 301 33 19 att
212 299 76 22 färden
303 300 70 22 blefve
388 301 95 27 långsam
499 308 42 21 nog
557 301 28 28 på
600 302 70 21 denna
684 303 48 25 väg.
763 301 115 22 Dessutom
894 301 55 22 skall
965 304 32 19 ett

165 328 53 21 eller
240 332 66 18 annat
327 330 57 25 parti
406 329 41 22 fisk
469 330 40 21 och
525 331 69 21 andra
608 331 137 26 födoämnen,
761 336 45 15 som
822 332 38 20 äro
877 330 97 27 billigare
990 331 7 20 i

164 351 48 27 Åbo
228 359 28 18 än
271 357 8 20 i
293 357 140 28 Helsingfors,
449 359 68 21 ehuru
533 359 47 22 icke
596 359 67 27 några
678 359 96 21 särdeles
789 361 59 19 stora
862 359 87 26 partier,
960 359 37 20 be-

164 385 60 21 farar
244 385 43 28 jag,
311 387 38 21 der
371 387 53 21 söka
442 388 32 27 sig
489 389 48 26 väg.
567 388 35 26 Jo,
618 394 34 15 om
667 388 57 21 vissa
740 394 41 20 nya
796 387 116 22 industrier
926 387 7 21 i
948 389 49 19 när-

164 414 65 21 heten
253 415 83 26 uppstå,
360 416 35 21 må
417 423 58 20 vara,
496 423 50 15 men
561 417 63 21 dessa
638 417 73 20 kunna
727 418 57 19 ännu
800 416 45 21 icke
861 418 62 25 tagas
937 416 7 21 i
959 415 38 22 be-

164 443 123 25 traktande,
310 443 27 23 då
360 445 20 21 vi
402 445 45 21 tala
469 452 34 15 om
526 445 170 23 förhållandena,
715 445 82 21 sådana
812 445 26 21 de
853 452 30 14 nu
898 445 97 22 existera.

165 472 41 27 Jag
228 474 47 19 tror
297 473 39 21 allt
358 474 61 21 detta
440 474 32 21 tal
495 481 34 15 om
550 475 42 21 den
608 476 59 20 stora
682 474 62 21 faran
759 474 24 21 af
795 474 162 21 konkurrensen
972 476 25 19 är

165 500 66 27 något
247 501 111 28 barnsligt.
388 503 73 21 Banan
484 503 49 21 från
548 503 64 21 Karis
628 502 22 22 åt
666 497 46 27 Åbo
729 502 33 22 till
778 502 68 22 måste
862 502 84 22 således
961 502 36 22 be-

165 529 84 21 traktas
265 536 46 16 som
327 536 26 16 en
369 531 57 21 lokal
442 532 62 21 bana.
535 532 51 21 Men
602 538 33 15 om
651 532 78 21 länken
745 531 49 21 från
809 531 84 26 Svartå,
909 538 46 15 som
965 531 32 21 äf-

165 564 41 16 ven
226 558 37 27 jag
279 558 73 22 tillåtit
374 560 43 27 mig
431 560 80 22 föreslå
527 560 33 22 till
576 560 203 27 anslutningspunkt
793 560 35 21 för
843 560 106 22 bandelen
963 560 33 22 till

165 586 135 28 Helsingfors
314 588 137 26 tillkommer,
464 589 28 21 då
507 589 34 21 får
555 590 72 20 banan
642 591 69 19 större
728 588 117 28 betydelse,
861 589 40 21 och
917 589 28 21 då
959 589 37 21 vill

164 615 37 27 jag
216 616 58 27 gifva
293 616 57 22 Frih.
373 624 41 14 von
429 618 58 21 Born
503 618 46 22 deri
565 620 51 24 rätt,
632 620 32 18 att
680 618 41 21 den
737 618 72 20 kunde
824 617 111 22 betraktas
950 624 46 15 som

166 650 27 16 en
208 645 149 27 integrerande
373 646 50 21 länk
438 646 7 22 i
461 647 180 25 stambanenätet,
657 646 104 22 förutsatt
777 647 32 21 att
819 646 42 22 den
871 647 7 21 i
889 646 106 27 egenskap

166 672 23 22 af
202 673 108 22 kustbana
332 674 119 27 fortsättes,
467 676 102 21 hvarmed
585 675 55 21 dock
655 675 62 21 torde
733 674 22 22 få
770 675 69 21 anstå.
855 687 28 3 —
898 676 38 20 Att
951 676 45 20 sta-

165 703 61 23 tens.
236 702 120 27 ingeniörer
375 704 46 21 icke
436 704 69 21 skulle
520 704 74 21 kunna
608 704 72 27 uppgå
696 704 67 21 linien
779 703 39 21 och
833 704 7 21 i
855 704 95 21 tekniskt
965 704 31 21 af-

166 731 78 21 seende
263 732 119 22 bestämma
397 733 40 21 den
453 733 133 27 lämpligaste
602 733 129 26 riktningen,
747 732 40 22 har
802 732 47 22 icke
862 732 37 28 jag
914 732 82 22 kunnat

165 759 113 22 föreställa
293 761 48 27 mig.
372 762 39 20 Att
425 762 26 21 de
467 768 51 16 vore
533 761 31 26 så,
582 761 36 21 må
631 761 36 27 jag
683 763 52 25 säga
750 760 157 28 byråkratiske,
921 763 33 19 att
969 762 26 20 de

165 788 54 25 icke,
242 788 28 22 då
292 790 36 20 det
344 790 67 26 gäller
431 796 26 16 en
473 792 45 20 stor
533 790 109 22 landsdels
658 789 99 22 enskilda
772 790 75 25 fördel,
863 790 67 21 skulle
945 790 51 26 vilja

166 816 70 22 lemna
259 818 37 21 sitt
319 818 90 27 biträde,
425 820 37 20 det
477 819 36 21 vill
526 819 38 27 jag
578 819 47 21 icke
640 818 83 27 knappt
738 820 41 20 tro.
809 818 42 27 Jag
866 820 45 20 tror
927 819 68 26 äfven,

166 847 33 19 att
214 846 103 26 styrelsen
340 853 67 21 gerna
429 854 40 20 ser,
488 850 33 19 att
536 848 74 26 hvarje
626 847 108 21 landsdels
750 847 35 21 väl
800 847 118 27 befordras,
934 847 62 21 äfven

166 880 34 15 om
217 874 41 22 den
274 875 55 27 linie,
346 882 45 15 som
408 876 47 22 dess
471 874 75 24 herrar
561 876 121 27 ingeniörer
696 876 73 26 uppgå
785 875 27 27 på
828 877 81 20 statens
923 876 73 25 konto,

166 903 69 21 skulle
250 904 7 20 i
273 910 26 15 en
320 904 88 22 framtid
430 905 101 27 beläggas
554 905 48 21 med
618 904 94 22 enskildt
728 904 81 22 arbete.
839 905 42 27 Jag
896 904 39 22 har
948 905 49 21 icke

166 931 76 27 begärt
264 934 33 20 att
319 933 26 21 de
367 934 68 21 skulle
449 936 98 25 uppgöra
562 933 185 27 kostnadsförslag
762 933 33 21 för
811 939 26 15 en
853 933 66 21 sådan
934 933 62 27 bana,

166 960 40 22 och
230 961 36 21 det
286 961 46 26 just
354 962 73 22 derför
449 965 32 19 att
503 962 128 22 förutsättas
651 962 42 20 kan
708 964 35 19 att
758 961 100 27 möjligen
874 962 123 22 densamma

166 989 85 22 komme
275 992 32 19 att
330 990 121 28 öfvertagas
466 992 24 20 af
503 991 94 22 enskildt
612 990 74 27 bolag;
700 992 39 25 jag
754 990 39 21 har
809 990 56 22 blott
879 990 118 28 föreslagit,

166 1019 32 20 att
214 1018 41 21 den
270 1019 100 21 tekniska
385 1020 161 26 bestämningen
561 1020 85 26 gjordes
655 1021 59 19 ötver
724 1018 135 28 lämpligaste
870 1020 128 26 riktningen,

166 1046 38 22 der
226 1047 71 21 banan
320 1048 57 21 helst
391 1048 69 22 skulle
476 1050 78 26 dragas
569 1048 61 21 fram.
661 1047 142 27 Naturligtvis
819 1048 68 21 skulle
903 1048 94 27 ingeniö-

166 1081 62 15 rerne
243 1075 61 22 äfven
320 1076 22 21 få
357 1077 34 21 del
407 1078 23 20 af
443 1078 26 20 de
485 1078 58 21 olika
558 1076 160 22 landsdelarnes
735 1076 129 27 önskningar
879 1077 40 21 och
933 1077 65 21 blifva

164 1104 8 20 i
188 1104 91 26 tillfälle,
302 1107 34 19 att
358 1108 50 24 taga
423 1106 62 22 dessa
501 1106 131 26 önskningar
647 1106 7 20 i
669 1105 150 26 betraktande,
835 1104 70 22 såvidt
919 1106 79 27 görligt

166 1134 24 19 är
212 1133 50 21 med
284 1133 100 23 afseende
403 1134 12 22 å
437 1135 41 21 den
492 1135 7 21 i
515 1134 77 28 många
614 1134 136 20 hänseenden
773 1133 104 27 vigtigare
899 1134 100 22 tekniska

167 1162 119 26 uppgiften.
316 1162 41 27 Jag
380 1163 63 21 utber
458 1164 43 26 mig
516 1165 33 19 att
564 1162 133 22 fortfarande
713 1162 22 21 få
750 1162 132 21 understöda
897 1162 102 28 förslaget

167 1191 33 19 att
222 1191 105 26 styrelsen
350 1192 76 21 månde
449 1192 91 22 bekosta
561 1198 25 15 en
602 1190 223 22 teknisk-ekonomisk
841 1191 158 27 undersökning

166 1218 34 21 för
216 1225 26 15 en
258 1219 56 21 bana
336 1220 80 27 dragen
438 1221 48 21 från
501 1220 135 27 Helsingfors
651 1221 58 19 emot
726 1218 77 22 Svartå
819 1219 40 21 och
874 1219 47 22 från
936 1220 64 21 Karis

168 1247 52 21 eller
235 1248 53 27 Pojo
303 1249 87 21 trakten
406 1250 33 21 till
454 1244 53 27 Åbo.

240 1305 34 21 Hr
296 1305 28 21 K.
348 1306 101 22 Antell:
473 1307 74 21 Ehuru
570 1305 152 21 diskussionen
737 1305 7 21 i
760 1305 70 21 denna
851 1305 61 27 fråga
934 1306 68 21 redan

168 1333 55 27 tagit
239 1333 24 21 så
278 1336 46 19 stor
346 1334 136 29 utbredning,
505 1336 39 20 ber
564 1336 37 26 jag
624 1333 55 21 dock
699 1335 34 19 att
748 1333 34 21 för
796 1334 44 21 min
856 1334 60 26 ringa
931 1334 34 21 del
981 1333 22 22 få

168 1362 177 22 rekommendera
368 1364 210 27 petitionsförslagen
600 1362 34 22 till
652 1363 70 20 större
738 1362 85 27 välvilja
839 1363 39 21 hos
893 1363 25 21 R.
934 1369 19 15 o.
969 1363 32 25 A.,

168 1392 27 19 än
212 1390 116 27 desamma,
344 1392 66 27 enligt
425 1394 43 20 min
484 1393 71 26 tanke,
572 1391 88 27 ätnjutit
675 1390 24 21 af
711 1390 213 28 Jernvägsutskottet
961 1391 42 23 Det

167 1418 41 22 har
222 1419 103 21 förefallit
340 1420 43 27 mig
398 1422 7 21 i
420 1422 70 27 någon
505 1421 50 21 mån
570 1419 153 28 besynnerligt,
740 1421 33 19 att
786 1420 39 21 den
838 1420 165 27 omständighet,

168 1449 34 20 att
224 1448 188 28 undersökningen
434 1450 69 22 skulle
526 1450 87 27 påkalla
636 1448 76 20 endast
735 1454 26 15 en
785 1448 60 28 ringa
868 1449 98 25 kostnad,
983 1448 23 21 af

173 1477 27 21 10
216 1476 12 21 å
245 1477 77 26 12,000
344 1479 69 23 mark,
436 1481 60 25 tages
519 1485 45 15 som
580 1476 64 25 orsak
660 1476 39 26 till,
715 1478 34 20 att
764 1477 124 22 densamma
903 1477 65 21 bordt
983 1476 24 22 af

169 1504 152 28 befolkningen
337 1506 29 26 på
381 1509 68 25 orten,
466 1514 45 15 som
524 1510 96 20 närmast
634 1505 89 21 beröres
734 1506 23 21 af
763 1507 122 27 jernvägen,
897 1506 108 22 bekostas.

164 1533 43 22 Det
230 1534 75 20 ställer
326 1534 33 28 sig
374 1536 89 22 sålunda
479 1539 111 25 ogynsamt
605 1537 36 22 för
662 1534 170 27 petitionärerne
847 1537 7 21 i
878 1534 74 28 hvarje
969 1534 37 22 fall
