1070 1748
190 125 56 22 1324
449 132 25 17 R.
487 136 17 14 o.
517 132 23 17 A.
549 132 59 18 1888.
627 132 21 18 17
660 133 48 22 Maj.

162 218 24 21 är
208 217 101 22 uteslutet
331 219 32 21 att
384 217 85 23 komma
491 220 25 20 ut
538 218 99 27 derifrän,
660 219 51 22 eller
730 219 81 21 Dantes
826 218 109 28 allvarliga
951 218 38 23 ord

162 245 100 26 vlasciate
278 246 47 27 ogni
340 249 122 25 speranza*.

230 303 50 22 Med
302 303 111 28 anledning
435 303 22 22 af
479 304 25 21 de
528 303 56 22 olika
607 304 116 27 yrkanden,
747 310 45 15 som
812 303 88 23 sälunda
915 304 73 27 gjorts,

161 331 123 22 framstälde
306 332 32 21 Hr
360 332 205 22 Landtmarskalken
588 333 32 21 till
643 333 131 22 besvarande
798 332 53 23 efter
870 333 118 22 hvarandra

160 359 93 28 töljande
268 361 223 28 omröstningsprop:r:

231 419 33 20 1:0
294 418 46 22 Den
363 424 44 16 som
426 418 124 27 godkänner
564 418 67 23 första
647 419 60 22 delen
723 419 22 22 af
759 419 116 22 utskottets
890 418 77 27 förslag
981 418 8 21 i

161 445 14 28 &
192 446 32 27 13,
240 447 71 21 röstar
325 447 33 26 ja;

230 474 74 23 vinner
326 475 40 27 nej,
389 475 38 22 har
449 475 25 22 R.
498 482 19 16 o.
540 477 24 20 A.
585 476 98 22 omfattat
698 476 59 22 Frih.
772 483 41 15 von
828 476 69 22 Borns
912 475 77 28 förslag

162 505 32 19 att
212 503 160 27 ifrågavarande
387 507 32 19 tre
434 504 127 27 fjerdedelar
576 505 59 22 skola
651 505 78 22 räknas
745 505 22 22 af
781 505 40 22 den
837 505 34 22 del
886 505 22 21 af
921 504 67 23 straff-

161 532 65 27 tiden,
242 538 46 15 som
304 533 137 27 öfverskjuter
457 535 31 20 tre
504 534 30 21 är.

230 589 84 23 hvilken
329 597 59 21 prop.
404 591 127 21 besvarades
547 591 48 22 med
611 591 154 27 öfvervägande
778 591 29 27 ja.

231 648 33 21 2:0
294 647 53 25 Den,
370 654 44 15 som
437 648 122 27 godkänner
584 648 38 21 den
646 648 22 22 af
681 648 106 22 utskottet
803 648 119 27 föreslagna
937 647 51 22 tids-

161 675 159 28 bestämningen
336 677 22 21 af
371 677 26 21 12
413 677 30 23 är,
458 679 71 19 röstar
541 677 33 26 ja;

230 704 74 22 vinner
318 705 41 27 nej,
374 705 39 22 har
427 705 25 22 R.
469 712 19 15 o.
505 705 25 21 A.
547 705 93 22 beslutat
655 708 32 19 att
703 705 66 22 orden
785 705 76 25 ,minst
876 705 40 21 tolf
929 705 24 22 är
968 705 21 22 af

161 732 132 23 strafftiden"
309 733 84 28 utbytas
410 736 43 19 mot
469 734 77 25 ,minst
561 733 79 22 femton
656 734 25 21 är
696 733 22 22 af
734 733 140 26 strafftiden”;

230 789 84 23 hvilken
336 797 60 22 prop.
419 791 34 21 vid
475 791 83 21 anstäld
574 791 130 27 omröstning
719 791 127 21 besvarades
863 791 48 21 med
926 791 27 21 20
966 791 21 26 ja

162 818 39 21 och
217 819 27 20 38
260 819 40 27 nej.

230 877 34 21 3:0
293 876 54 27 Den,
370 882 45 16 som
439 876 124 28 godkänner
586 877 115 21 utskottets
727 876 79 28 förslag
832 876 89 22 rörande
947 877 40 21 den

160 904 110 28 vilkorliga
286 905 137 27 frigifningen,
439 907 70 19 röstar
521 906 33 26 ja;

230 934 72 21 vinner
324 934 40 26 nej,
387 934 38 21 har
447 934 24 21 R.
496 940 18 15 o.
531 934 25 21 A.
573 934 99 21 omfattat
687 934 58 21 Frih.
762 940 42 15 von
819 933 69 22 Borns
903 933 84 28 förslag,

160 963 32 20 att
207 962 98 27 vilkorlig
319 962 106 27 frigifning
440 963 17 27 ej
474 969 50 21 eger
538 969 46 15 rum
600 962 33 22 för
649 962 105 22 mördare.

229 1019 51 21 Som
295 1020 34 21 vid
345 1020 82 21 anstäld
443 1020 131 27 omröstning
590 1020 67 21 denna
672 1026 60 21 prop.
750 1019 126 22 besvarades
892 1019 47 22 med
957 1020 28 21 26

157 1047 22 27 ja
195 1047 39 22 och
250 1048 25 21 21
292 1048 40 27 nej,
348 1048 55 22 hade
417 1048 24 22 R.
458 1054 18 16 o.
493 1049 24 21 A.
533 1054 76 21 genom
624 1048 134 22 förestående
769 1051 33 19 tre
813 1048 70 21 beslut
892 1048 95 27 godkänt

160 1076 27 22 13
210 1078 10 25 $
244 1079 52 19 utan
318 1082 69 17 annan
412 1077 89 27 ändring
516 1079 26 19 än
558 1079 32 19 att
605 1076 203 28 tidsbestämningen
825 1077 25 21 12
866 1077 24 21 är
905 1076 81 28 utbytts

159 1107 46 19 mot
221 1106 25 20 15
263 1106 29 21 är.

229 1162 69 22 Sedan
313 1162 24 21 R.
355 1168 18 16 o.
390 1162 24 22 A.
431 1162 91 22 derefter
536 1165 51 19 utan
603 1162 140 26 anmärkning
759 1162 95 27 godkänt
870 1162 24 28 $$
906 1163 79 21 14—21

161 1190 22 21 af
196 1196 80 16 samma
292 1191 12 21 2
315 1190 62 28 Kap.,
393 1190 106 22 äfvensom
508 1190 48 22 hela
567 1191 13 21 3
590 1190 61 28 Kap.,
663 1190 85 22 afbröts
759 1190 147 28 lagförslagets
916 1191 71 21 vidare

159 1218 129 29 behandling
302 1219 33 22 för
350 1221 32 20 att
397 1219 34 22 vid
447 1220 168 27 morgondagens
630 1219 85 28 plenum
731 1219 118 23 fortsättas.

228 1361 68 22 Bland
319 1362 95 22 ständets
437 1363 136 21 medlemmar
592 1362 54 21 hade
662 1362 93 22 utdelats
772 1361 39 22 och
827 1361 112 22 bordlades
954 1360 32 22 till

158 1389 125 28 Lördagens
298 1390 91 27 plenum.

228 1447 161 28 Lagutskottets
412 1448 134 21 betänkande
568 1447 39 22 N:o
631 1449 24 20 21
681 1448 6 20 i
709 1447 117 26 anledning
848 1447 22 21 af
884 1448 31 20 ett
929 1446 58 32 inom

158 1475 162 23 Bondeständet
342 1476 63 21 väckt
427 1476 178 27 petitionsförslag
629 1483 33 14 om
685 1476 96 21 besvärs-
804 1475 40 22 och
865 1475 122 21 vadetidens

158 1503 134 28 förlängning
307 1504 32 22 för
354 1498 79 28 Älands
450 1505 108 26 domsaga;
