<?xml version="1.0" encoding="UTF-8"?>
<alto xmlns="http://www.loc.gov/standards/alto/ns-v3#" xmlns:xlink="http://www.w3.org/1999/xlink" xmlns:xsi="http://www.w3.org/2001/XMLSchema-instance" xsi:schemaLocation="http://www.loc.gov/standards/alto/ns-v3# http://www.loc.gov/alto/v3/alto-3-0.xsd">
	<Description>
		<MeasurementUnit>pixel</MeasurementUnit>
		<sourceImageInformation>
			<fileName>/tmp/tess_lz5nbmgh_input.PNG</fileName>
		</sourceImageInformation>
		<OCRProcessing ID="OCR_0">
			<ocrProcessingStep>
				<processingSoftware>
					<softwareName>tesseract 5.3.4</softwareName>
				</processingSoftware>
			</ocrProcessingStep>
		</OCRProcessing>
	</Description>
	<Layout>
		<Page WIDTH="1067" HEIGHT="1753" PHYSICAL_IMG_NR="0" ID="page_0">
			<PrintSpace HPOS="0" VPOS="0" WIDTH="1067" HEIGHT="1753">
				<ComposedBlock ID="cblock_0" HPOS="179" VPOS="129" WIDTH="524" HEIGHT="25">
					<TextBlock ID="block_0" HPOS="179" VPOS="129" WIDTH="524" HEIGHT="25">
						<TextLine ID="line_0" HPOS="179" VPOS="129" WIDTH="524" HEIGHT="25">
							<String ID="string_0" HPOS="179" VPOS="129" WIDTH="55" HEIGHT="21" WC="0.96" CONTENT="1520"/><SP WIDTH="220" VPOS="129" HPOS="234"/>
							<String ID="string_1" HPOS="454" VPOS="133" WIDTH="25" HEIGHT="17" WC="0.96" CONTENT="R."/><SP WIDTH="13" VPOS="133" HPOS="479"/>
							<String ID="string_2" HPOS="492" VPOS="137" WIDTH="17" HEIGHT="13" WC="0.80" CONTENT="0."/><SP WIDTH="12" VPOS="137" HPOS="509"/>
							<String ID="string_3" HPOS="521" VPOS="133" WIDTH="23" HEIGHT="17" WC="0.78" CONTENT="A."/><SP WIDTH="7" VPOS="133" HPOS="544"/>
							<String ID="string_4" HPOS="551" VPOS="133" WIDTH="57" HEIGHT="17" WC="0.91" CONTENT="1888."/><SP WIDTH="13" VPOS="133" HPOS="608"/>
							<String ID="string_5" HPOS="621" VPOS="133" WIDTH="26" HEIGHT="17" WC="0.96" CONTENT="25"/><SP WIDTH="8" VPOS="133" HPOS="647"/>
							<String ID="string_6" HPOS="655" VPOS="133" WIDTH="48" HEIGHT="21" WC="0.96" CONTENT="Maj."/>
						</TextLine>
					</TextBlock>
				</ComposedBlock>
				<GraphicalElement ID="cblock_1" HPOS="160" VPOS="172" WIDTH="818" HEIGHT="5"></GraphicalElement >
				<ComposedBlock ID="cblock_2" HPOS="150" VPOS="218" WIDTH="827" HEIGHT="140">
					<TextBlock ID="block_1" HPOS="150" VPOS="218" WIDTH="827" HEIGHT="140">
						<TextLine ID="line_1" HPOS="218" VPOS="218" WIDTH="759" HEIGHT="27">
							<String ID="string_7" HPOS="218" VPOS="219" WIDTH="79" HEIGHT="21" WC="0.92" CONTENT="Vidare"/><SP WIDTH="17" VPOS="219" HPOS="297"/>
							<String ID="string_8" HPOS="314" VPOS="218" WIDTH="117" HEIGHT="21" WC="0.91" CONTENT="bordlades"/><SP WIDTH="16" VPOS="218" HPOS="431"/>
							<String ID="string_9" HPOS="447" VPOS="218" WIDTH="31" HEIGHT="21" WC="0.95" CONTENT="till"/><SP WIDTH="15" VPOS="218" HPOS="478"/>
							<String ID="string_10" HPOS="493" VPOS="219" WIDTH="62" HEIGHT="20" WC="0.96" CONTENT="nästa"/><SP WIDTH="14" VPOS="219" HPOS="555"/>
							<String ID="string_11" HPOS="569" VPOS="218" WIDTH="85" HEIGHT="27" WC="0.96" CONTENT="plenum"/><SP WIDTH="17" VPOS="218" HPOS="654"/>
							<String ID="string_12" HPOS="671" VPOS="220" WIDTH="30" HEIGHT="19" WC="0.95" CONTENT="ett"/><SP WIDTH="18" VPOS="220" HPOS="701"/>
							<String ID="string_13" HPOS="719" VPOS="218" WIDTH="46" HEIGHT="21" WC="0.93" CONTENT="från"/><SP WIDTH="22" VPOS="218" HPOS="765"/>
							<String ID="string_14" HPOS="787" VPOS="219" WIDTH="190" HEIGHT="22" WC="0.91" CONTENT="Ekonomiutskot-"/>
						</TextLine>
						<TextLine ID="line_2" HPOS="150" VPOS="246" WIDTH="826" HEIGHT="29">
							<String ID="string_15" HPOS="150" VPOS="249" WIDTH="32" HEIGHT="20" WC="0.96" CONTENT="tet"/><SP WIDTH="15" VPOS="249" HPOS="182"/>
							<String ID="string_16" HPOS="197" VPOS="248" WIDTH="117" HEIGHT="21" WC="0.96" CONTENT="inkommet"/><SP WIDTH="15" VPOS="248" HPOS="314"/>
							<String ID="string_17" HPOS="329" VPOS="246" WIDTH="83" HEIGHT="27" WC="0.96" CONTENT="förslag"/><SP WIDTH="15" VPOS="246" HPOS="412"/>
							<String ID="string_18" HPOS="427" VPOS="247" WIDTH="32" HEIGHT="20" WC="0.93" CONTENT="till"/><SP WIDTH="15" VPOS="247" HPOS="459"/>
							<String ID="string_19" HPOS="474" VPOS="246" WIDTH="203" HEIGHT="27" WC="0.90" CONTENT="sammanjemkning"/><SP WIDTH="15" VPOS="246" HPOS="677"/>
							<String ID="string_20" HPOS="692" VPOS="247" WIDTH="23" HEIGHT="20" WC="0.96" CONTENT="af"/><SP WIDTH="9" VPOS="247" HPOS="715"/>
							<String ID="string_21" HPOS="724" VPOS="247" WIDTH="25" HEIGHT="21" WC="0.96" CONTENT="de"/><SP WIDTH="12" VPOS="247" HPOS="749"/>
							<String ID="string_22" HPOS="761" VPOS="247" WIDTH="123" HEIGHT="28" WC="0.96" CONTENT="skiljaktiga"/><SP WIDTH="15" VPOS="247" HPOS="884"/>
							<String ID="string_23" HPOS="899" VPOS="249" WIDTH="77" HEIGHT="26" WC="0.96" CONTENT="beslut,"/>
						</TextLine>
						<TextLine ID="line_3" HPOS="150" VPOS="275" WIDTH="826" HEIGHT="26">
							<String ID="string_24" HPOS="150" VPOS="277" WIDTH="7" HEIGHT="21" WC="0.96" CONTENT="i"/><SP WIDTH="15" VPOS="277" HPOS="157"/>
							<String ID="string_25" HPOS="172" VPOS="277" WIDTH="71" HEIGHT="20" WC="0.96" CONTENT="hvilka"/><SP WIDTH="15" VPOS="277" HPOS="243"/>
							<String ID="string_26" HPOS="258" VPOS="275" WIDTH="93" HEIGHT="22" WC="0.96" CONTENT="stånden"/><SP WIDTH="16" VPOS="275" HPOS="351"/>
							<String ID="string_27" HPOS="367" VPOS="277" WIDTH="85" HEIGHT="19" WC="0.96" CONTENT="stannat"/><SP WIDTH="15" VPOS="277" HPOS="452"/>
							<String ID="string_28" HPOS="467" VPOS="275" WIDTH="34" HEIGHT="21" WC="0.96" CONTENT="vid"/><SP WIDTH="16" VPOS="275" HPOS="501"/>
							<String ID="string_29" HPOS="517" VPOS="275" WIDTH="156" HEIGHT="26" WC="0.96" CONTENT="behandlingen"/><SP WIDTH="8" VPOS="275" HPOS="673"/>
							<String ID="string_30" HPOS="681" VPOS="275" WIDTH="24" HEIGHT="21" WC="0.96" CONTENT="af"/><SP WIDTH="9" VPOS="275" HPOS="705"/>
							<String ID="string_31" HPOS="714" VPOS="275" WIDTH="118" HEIGHT="22" WC="0.96" CONTENT="utskottets"/><SP WIDTH="9" VPOS="275" HPOS="832"/>
							<String ID="string_32" HPOS="841" VPOS="277" WIDTH="135" HEIGHT="22" WC="0.95" CONTENT="betänkande"/>
						</TextLine>
						<TextLine ID="line_4" HPOS="150" VPOS="303" WIDTH="827" HEIGHT="28">
							<String ID="string_33" HPOS="150" VPOS="305" WIDTH="40" HEIGHT="21" WC="0.96" CONTENT="N:o"/><SP WIDTH="17" VPOS="305" HPOS="190"/>
							<String ID="string_34" HPOS="207" VPOS="305" WIDTH="26" HEIGHT="20" WC="0.96" CONTENT="14"/><SP WIDTH="15" VPOS="305" HPOS="233"/>
							<String ID="string_35" HPOS="248" VPOS="305" WIDTH="7" HEIGHT="20" WC="0.96" CONTENT="i"/><SP WIDTH="14" VPOS="305" HPOS="255"/>
							<String ID="string_36" HPOS="269" VPOS="303" WIDTH="118" HEIGHT="26" WC="0.95" CONTENT="anledning"/><SP WIDTH="15" VPOS="303" HPOS="387"/>
							<String ID="string_37" HPOS="402" VPOS="303" WIDTH="23" HEIGHT="21" WC="0.96" CONTENT="af"/><SP WIDTH="13" VPOS="303" HPOS="425"/>
							<String ID="string_38" HPOS="438" VPOS="303" WIDTH="47" HEIGHT="21" WC="0.96" CONTENT="nåd."/><SP WIDTH="17" VPOS="303" HPOS="485"/>
							<String ID="string_39" HPOS="502" VPOS="309" WIDTH="59" HEIGHT="21" WC="0.95" CONTENT="prop."/><SP WIDTH="16" VPOS="309" HPOS="561"/>
							<String ID="string_40" HPOS="577" VPOS="303" WIDTH="40" HEIGHT="21" WC="0.96" CONTENT="N:o"/><SP WIDTH="16" VPOS="303" HPOS="617"/>
							<String ID="string_41" HPOS="633" VPOS="303" WIDTH="25" HEIGHT="21" WC="0.96" CONTENT="31"/><SP WIDTH="18" VPOS="303" HPOS="658"/>
							<String ID="string_42" HPOS="676" VPOS="303" WIDTH="108" HEIGHT="28" WC="0.96" CONTENT="angående"/><SP WIDTH="16" VPOS="303" HPOS="784"/>
							<String ID="string_43" HPOS="800" VPOS="305" WIDTH="68" HEIGHT="26" WC="0.96" CONTENT="skydd"/><SP WIDTH="22" VPOS="305" HPOS="868"/>
							<String ID="string_44" HPOS="890" VPOS="305" WIDTH="34" HEIGHT="22" WC="0.92" CONTENT="för"/><SP WIDTH="20" VPOS="305" HPOS="924"/>
							<String ID="string_45" HPOS="944" VPOS="312" WIDTH="33" HEIGHT="15" WC="0.92" CONTENT="ar-"/>
						</TextLine>
						<TextLine ID="line_5" HPOS="150" VPOS="331" WIDTH="382" HEIGHT="27">
							<String ID="string_46" HPOS="150" VPOS="333" WIDTH="73" HEIGHT="21" WC="0.92" CONTENT="betare"/><SP WIDTH="16" VPOS="333" HPOS="223"/>
							<String ID="string_47" HPOS="239" VPOS="333" WIDTH="7" HEIGHT="21" WC="0.96" CONTENT="i"/><SP WIDTH="15" VPOS="333" HPOS="246"/>
							<String ID="string_48" HPOS="261" VPOS="333" WIDTH="26" HEIGHT="21" WC="0.93" CONTENT="de"/><SP WIDTH="16" VPOS="333" HPOS="287"/>
							<String ID="string_49" HPOS="303" VPOS="331" WIDTH="129" HEIGHT="22" WC="0.91" CONTENT="industriela"/><SP WIDTH="13" VPOS="331" HPOS="432"/>
							<String ID="string_50" HPOS="445" VPOS="332" WIDTH="87" HEIGHT="26" WC="0.96" CONTENT="yrkena."/>
						</TextLine>
					</TextBlock>
				</ComposedBlock>
				<ComposedBlock ID="cblock_3" HPOS="149" VPOS="427" WIDTH="826" HEIGHT="169">
					<TextBlock ID="block_2" HPOS="149" VPOS="427" WIDTH="826" HEIGHT="169">
						<TextLine ID="line_6" HPOS="218" VPOS="427" WIDTH="756" HEIGHT="30">
							<String ID="string_51" HPOS="218" VPOS="428" WIDTH="133" HEIGHT="27" WC="0.96" CONTENT="Ytterligare"/><SP WIDTH="21" VPOS="428" HPOS="351"/>
							<String ID="string_52" HPOS="372" VPOS="427" WIDTH="54" HEIGHT="21" WC="0.96" CONTENT="hade"/><SP WIDTH="15" VPOS="427" HPOS="426"/>
							<String ID="string_53" HPOS="441" VPOS="427" WIDTH="47" HEIGHT="21" WC="0.93" CONTENT="från"/><SP WIDTH="15" VPOS="427" HPOS="488"/>
							<String ID="string_54" HPOS="503" VPOS="428" WIDTH="212" HEIGHT="21" WC="0.92" CONTENT="Ekonomiutskottet"/><SP WIDTH="14" VPOS="428" HPOS="715"/>
							<String ID="string_55" HPOS="729" VPOS="428" WIDTH="72" HEIGHT="28" WC="0.96" CONTENT="ingått"/><SP WIDTH="15" VPOS="428" HPOS="801"/>
							<String ID="string_56" HPOS="816" VPOS="435" WIDTH="26" HEIGHT="15" WC="0.96" CONTENT="en"/><SP WIDTH="16" VPOS="435" HPOS="842"/>
							<String ID="string_57" HPOS="858" VPOS="429" WIDTH="116" HEIGHT="28" WC="0.92" CONTENT="skrifvelse,"/>
						</TextLine>
						<TextLine ID="line_7" HPOS="152" VPOS="456" WIDTH="822" HEIGHT="24">
							<String ID="string_58" HPOS="152" VPOS="457" WIDTH="60" HEIGHT="21" WC="0.92" CONTENT="hvari"/><SP WIDTH="14" VPOS="457" HPOS="212"/>
							<String ID="string_59" HPOS="226" VPOS="457" WIDTH="109" HEIGHT="21" WC="0.96" CONTENT="utskottet"/><SP WIDTH="16" VPOS="457" HPOS="335"/>
							<String ID="string_60" HPOS="351" VPOS="456" WIDTH="87" HEIGHT="24" WC="0.96" CONTENT="anmält,"/><SP WIDTH="23" VPOS="456" HPOS="438"/>
							<String ID="string_61" HPOS="461" VPOS="458" WIDTH="33" HEIGHT="19" WC="0.96" CONTENT="att"/><SP WIDTH="22" VPOS="458" HPOS="494"/>
							<String ID="string_62" HPOS="516" VPOS="456" WIDTH="23" HEIGHT="22" WC="0.96" CONTENT="af"/><SP WIDTH="20" VPOS="456" HPOS="539"/>
							<String ID="string_63" HPOS="559" VPOS="457" WIDTH="26" HEIGHT="21" WC="0.96" CONTENT="de"/><SP WIDTH="22" VPOS="457" HPOS="585"/>
							<String ID="string_64" HPOS="607" VPOS="456" WIDTH="33" HEIGHT="21" WC="0.96" CONTENT="till"/><SP WIDTH="22" VPOS="456" HPOS="640"/>
							<String ID="string_65" HPOS="662" VPOS="457" WIDTH="104" HEIGHT="21" WC="0.93" CONTENT="utskottet"/><SP WIDTH="23" VPOS="457" HPOS="766"/>
							<String ID="string_66" HPOS="789" VPOS="458" WIDTH="157" HEIGHT="22" WC="0.92" CONTENT="öfverlemnade"/><SP WIDTH="15" VPOS="458" HPOS="946"/>
							<String ID="string_67" HPOS="961" VPOS="459" WIDTH="13" HEIGHT="21" WC="0.97" CONTENT="8"/>
						</TextLine>
						<TextLine ID="line_8" HPOS="151" VPOS="484" WIDTH="824" HEIGHT="28">
							<String ID="string_68" HPOS="151" VPOS="485" WIDTH="47" HEIGHT="21" WC="0.93" CONTENT="nåd."/><SP WIDTH="17" VPOS="485" HPOS="198"/>
							<String ID="string_69" HPOS="215" VPOS="492" WIDTH="67" HEIGHT="20" WC="0.91" CONTENT="prop.,"/><SP WIDTH="18" VPOS="492" HPOS="282"/>
							<String ID="string_70" HPOS="300" VPOS="485" WIDTH="27" HEIGHT="21" WC="0.95" CONTENT="15"/><SP WIDTH="16" VPOS="485" HPOS="327"/>
							<String ID="string_71" HPOS="343" VPOS="484" WIDTH="106" HEIGHT="21" WC="0.96" CONTENT="motioner"/><SP WIDTH="16" VPOS="484" HPOS="449"/>
							<String ID="string_72" HPOS="465" VPOS="484" WIDTH="38" HEIGHT="22" WC="0.96" CONTENT="och"/><SP WIDTH="17" VPOS="484" HPOS="503"/>
							<String ID="string_73" HPOS="520" VPOS="486" WIDTH="26" HEIGHT="20" WC="0.93" CONTENT="29"/><SP WIDTH="16" VPOS="486" HPOS="546"/>
							<String ID="string_74" HPOS="562" VPOS="485" WIDTH="113" HEIGHT="27" WC="0.89" CONTENT="petitioner"/><SP WIDTH="16" VPOS="485" HPOS="675"/>
							<String ID="string_75" HPOS="691" VPOS="485" WIDTH="104" HEIGHT="22" WC="0.93" CONTENT="utskottet"/><SP WIDTH="20" VPOS="485" HPOS="795"/>
							<String ID="string_76" HPOS="815" VPOS="486" WIDTH="160" HEIGHT="22" WC="0.92" CONTENT="slutbehandlat"/>
						</TextLine>
						<TextLine ID="line_9" HPOS="150" VPOS="512" WIDTH="823" HEIGHT="29">
							<String ID="string_77" HPOS="150" VPOS="514" WIDTH="98" HEIGHT="26" WC="0.96" CONTENT="samtliga"/><SP WIDTH="14" VPOS="514" HPOS="248"/>
							<String ID="string_78" HPOS="262" VPOS="513" WIDTH="49" HEIGHT="21" WC="0.96" CONTENT="nåd."/><SP WIDTH="17" VPOS="513" HPOS="311"/>
							<String ID="string_79" HPOS="328" VPOS="518" WIDTH="61" HEIGHT="22" WC="0.96" CONTENT="prop."/><SP WIDTH="18" VPOS="518" HPOS="389"/>
							<String ID="string_80" HPOS="407" VPOS="512" WIDTH="39" HEIGHT="22" WC="0.96" CONTENT="och"/><SP WIDTH="21" VPOS="512" HPOS="446"/>
							<String ID="string_81" HPOS="467" VPOS="514" WIDTH="104" HEIGHT="20" WC="0.96" CONTENT="motioner"/><SP WIDTH="22" VPOS="514" HPOS="571"/>
							<String ID="string_82" HPOS="593" VPOS="513" WIDTH="108" HEIGHT="21" WC="0.96" CONTENT="äfvensom"/><SP WIDTH="23" VPOS="513" HPOS="701"/>
							<String ID="string_83" HPOS="724" VPOS="514" WIDTH="12" HEIGHT="20" WC="0.93" CONTENT="6"/><SP WIDTH="23" VPOS="514" HPOS="736"/>
							<String ID="string_84" HPOS="759" VPOS="515" WIDTH="124" HEIGHT="26" WC="0.89" CONTENT="petitioner;"/><SP WIDTH="23" VPOS="515" HPOS="883"/>
							<String ID="string_85" HPOS="906" VPOS="517" WIDTH="32" HEIGHT="19" WC="0.96" CONTENT="att"/><SP WIDTH="23" VPOS="517" HPOS="938"/>
							<String ID="string_86" HPOS="961" VPOS="516" WIDTH="12" HEIGHT="20" WC="0.96" CONTENT="6"/>
						</TextLine>
						<TextLine ID="line_10" HPOS="150" VPOS="541" WIDTH="824" HEIGHT="29">
							<String ID="string_87" HPOS="150" VPOS="542" WIDTH="113" HEIGHT="27" WC="0.91" CONTENT="petitioner"/><SP WIDTH="16" VPOS="542" HPOS="263"/>
							<String ID="string_88" HPOS="279" VPOS="542" WIDTH="71" HEIGHT="21" WC="0.96" CONTENT="blifvit"/><SP WIDTH="16" VPOS="542" HPOS="350"/>
							<String ID="string_89" HPOS="366" VPOS="542" WIDTH="32" HEIGHT="20" WC="0.95" CONTENT="till"/><SP WIDTH="15" VPOS="542" HPOS="398"/>
							<String ID="string_90" HPOS="413" VPOS="541" WIDTH="67" HEIGHT="21" WC="0.96" CONTENT="andra"/><SP WIDTH="15" VPOS="541" HPOS="480"/>
							<String ID="string_91" HPOS="495" VPOS="542" WIDTH="83" HEIGHT="21" WC="0.96" CONTENT="utskott"/><SP WIDTH="15" VPOS="542" HPOS="578"/>
							<String ID="string_92" HPOS="593" VPOS="542" WIDTH="136" HEIGHT="21" WC="0.96" CONTENT="remitterade"/><SP WIDTH="18" VPOS="542" HPOS="729"/>
							<String ID="string_93" HPOS="747" VPOS="544" WIDTH="55" HEIGHT="20" WC="0.95" CONTENT="samt"/><SP WIDTH="17" VPOS="544" HPOS="802"/>
							<String ID="string_94" HPOS="819" VPOS="544" WIDTH="25" HEIGHT="20" WC="0.91" CONTENT="17"/><SP WIDTH="15" VPOS="544" HPOS="844"/>
							<String ID="string_95" HPOS="859" VPOS="544" WIDTH="115" HEIGHT="26" WC="0.91" CONTENT="petitioner"/>
						</TextLine>
						<TextLine ID="line_11" HPOS="149" VPOS="570" WIDTH="441" HEIGHT="26">
							<String ID="string_96" HPOS="149" VPOS="571" WIDTH="41" HEIGHT="21" WC="0.96" CONTENT="alls"/><SP WIDTH="14" VPOS="571" HPOS="190"/>
							<String ID="string_97" HPOS="204" VPOS="571" WIDTH="46" HEIGHT="21" WC="0.96" CONTENT="icke"/><SP WIDTH="16" VPOS="571" HPOS="250"/>
							<String ID="string_98" HPOS="266" VPOS="570" WIDTH="92" HEIGHT="22" WC="0.96" CONTENT="kommit"/><SP WIDTH="15" VPOS="570" HPOS="358"/>
							<String ID="string_99" HPOS="373" VPOS="570" WIDTH="68" HEIGHT="20" WC="0.96" CONTENT="under"/><SP WIDTH="16" VPOS="570" HPOS="441"/>
							<String ID="string_100" HPOS="457" VPOS="570" WIDTH="133" HEIGHT="26" WC="0.96" CONTENT="behandling."/>
						</TextLine>
					</TextBlock>
				</ComposedBlock>
				<ComposedBlock ID="cblock_4" HPOS="218" VPOS="701" WIDTH="650" HEIGHT="84">
					<TextBlock ID="block_3" HPOS="218" VPOS="701" WIDTH="650" HEIGHT="84">
						<TextLine ID="line_12" HPOS="472" VPOS="701" WIDTH="181" HEIGHT="23">
							<String ID="string_101" HPOS="472" VPOS="701" WIDTH="63" HEIGHT="23" WC="0.95" CONTENT="Finskt"/><SP WIDTH="22" VPOS="701" HPOS="535"/>
							<String ID="string_102" HPOS="557" VPOS="701" WIDTH="96" HEIGHT="23" WC="0.92" CONTENT="kavalleri."/>
						</TextLine>
						<TextLine ID="line_13" HPOS="218" VPOS="758" WIDTH="650" HEIGHT="27">
							<String ID="string_103" HPOS="218" VPOS="758" WIDTH="123" HEIGHT="27" WC="0.93" CONTENT="Föredrogs"/><SP WIDTH="16" VPOS="758" HPOS="341"/>
							<String ID="string_104" HPOS="357" VPOS="758" WIDTH="254" HEIGHT="26" WC="0.91" CONTENT="Värnepligtsutskottets"/><SP WIDTH="16" VPOS="758" HPOS="611"/>
							<String ID="string_105" HPOS="627" VPOS="760" WIDTH="76" HEIGHT="19" WC="0.96" CONTENT="tvänne"/><SP WIDTH="16" VPOS="760" HPOS="703"/>
							<String ID="string_106" HPOS="719" VPOS="758" WIDTH="149" HEIGHT="22" WC="0.95" CONTENT="betänkanden"/>
						</TextLine>
					</TextBlock>
				</ComposedBlock>
				<ComposedBlock ID="cblock_5" HPOS="152" VPOS="814" WIDTH="823" HEIGHT="137">
					<TextBlock ID="block_4" HPOS="152" VPOS="814" WIDTH="823" HEIGHT="137">
						<TextLine ID="line_14" HPOS="218" VPOS="814" WIDTH="757" HEIGHT="28">
							<String ID="string_107" HPOS="218" VPOS="815" WIDTH="40" HEIGHT="21" WC="0.95" CONTENT="N:o"/><SP WIDTH="17" VPOS="815" HPOS="258"/>
							<String ID="string_108" HPOS="275" VPOS="817" WIDTH="10" HEIGHT="19" WC="0.94" CONTENT="1"/><SP WIDTH="17" VPOS="817" HPOS="285"/>
							<String ID="string_109" HPOS="302" VPOS="816" WIDTH="7" HEIGHT="20" WC="0.95" CONTENT="i"/><SP WIDTH="16" VPOS="816" HPOS="309"/>
							<String ID="string_110" HPOS="325" VPOS="814" WIDTH="115" HEIGHT="27" WC="0.96" CONTENT="anledning"/><SP WIDTH="15" VPOS="814" HPOS="440"/>
							<String ID="string_111" HPOS="455" VPOS="814" WIDTH="22" HEIGHT="22" WC="0.96" CONTENT="af"/><SP WIDTH="14" VPOS="814" HPOS="477"/>
							<String ID="string_112" HPOS="491" VPOS="814" WIDTH="49" HEIGHT="21" WC="0.96" CONTENT="nåd."/><SP WIDTH="23" VPOS="814" HPOS="540"/>
							<String ID="string_113" HPOS="563" VPOS="821" WIDTH="60" HEIGHT="21" WC="0.95" CONTENT="prop."/><SP WIDTH="23" VPOS="821" HPOS="623"/>
							<String ID="string_114" HPOS="646" VPOS="815" WIDTH="39" HEIGHT="21" WC="0.96" CONTENT="N:o"/><SP WIDTH="24" VPOS="815" HPOS="685"/>
							<String ID="string_115" HPOS="709" VPOS="816" WIDTH="26" HEIGHT="20" WC="0.96" CONTENT="39"/><SP WIDTH="24" VPOS="816" HPOS="735"/>
							<String ID="string_116" HPOS="759" VPOS="822" WIDTH="34" HEIGHT="15" WC="0.88" CONTENT="om"/><SP WIDTH="23" VPOS="822" HPOS="793"/>
							<String ID="string_117" HPOS="816" VPOS="817" WIDTH="113" HEIGHT="21" WC="0.88" CONTENT="anvisande"/><SP WIDTH="23" VPOS="817" HPOS="929"/>
							<String ID="string_118" HPOS="952" VPOS="817" WIDTH="23" HEIGHT="21" WC="0.96" CONTENT="af"/>
						</TextLine>
						<TextLine ID="line_15" HPOS="152" VPOS="842" WIDTH="822" HEIGHT="29">
							<String ID="string_119" HPOS="152" VPOS="844" WIDTH="68" HEIGHT="21" WC="0.96" CONTENT="medel"/><SP WIDTH="15" VPOS="844" HPOS="220"/>
							<String ID="string_120" HPOS="235" VPOS="844" WIDTH="33" HEIGHT="21" WC="0.96" CONTENT="till"/><SP WIDTH="15" VPOS="844" HPOS="268"/>
							<String ID="string_121" HPOS="283" VPOS="843" WIDTH="139" HEIGHT="21" WC="0.96" CONTENT="bestridande"/><SP WIDTH="16" VPOS="843" HPOS="422"/>
							<String ID="string_122" HPOS="438" VPOS="842" WIDTH="23" HEIGHT="22" WC="0.95" CONTENT="af"/><SP WIDTH="13" VPOS="842" HPOS="461"/>
							<String ID="string_123" HPOS="474" VPOS="843" WIDTH="145" HEIGHT="21" WC="0.96" CONTENT="kostnaderna"/><SP WIDTH="15" VPOS="843" HPOS="619"/>
							<String ID="string_124" HPOS="634" VPOS="843" WIDTH="34" HEIGHT="21" WC="0.96" CONTENT="för"/><SP WIDTH="15" VPOS="843" HPOS="668"/>
							<String ID="string_125" HPOS="683" VPOS="845" WIDTH="137" HEIGHT="26" WC="0.96" CONTENT="uppsättning"/><SP WIDTH="22" VPOS="845" HPOS="820"/>
							<String ID="string_126" HPOS="842" VPOS="845" WIDTH="39" HEIGHT="21" WC="0.93" CONTENT="och"/><SP WIDTH="16" VPOS="845" HPOS="881"/>
							<String ID="string_127" HPOS="897" VPOS="846" WIDTH="77" HEIGHT="21" WC="0.91" CONTENT="under-"/>
						</TextLine>
						<TextLine ID="line_16" HPOS="152" VPOS="872" WIDTH="820" HEIGHT="28">
							<String ID="string_128" HPOS="152" VPOS="872" WIDTH="44" HEIGHT="21" WC="0.96" CONTENT="håll"/><SP WIDTH="16" VPOS="872" HPOS="196"/>
							<String ID="string_129" HPOS="212" VPOS="872" WIDTH="22" HEIGHT="21" WC="0.96" CONTENT="af"/><SP WIDTH="13" VPOS="872" HPOS="234"/>
							<String ID="string_130" HPOS="247" VPOS="872" WIDTH="66" HEIGHT="21" WC="0.96" CONTENT="finskt"/><SP WIDTH="15" VPOS="872" HPOS="313"/>
							<String ID="string_131" HPOS="328" VPOS="872" WIDTH="115" HEIGHT="25" WC="0.96" CONTENT="kavalleri;"/><SP WIDTH="16" VPOS="872" HPOS="443"/>
							<String ID="string_132" HPOS="459" VPOS="872" WIDTH="40" HEIGHT="21" WC="0.96" CONTENT="och"/><SP WIDTH="24" VPOS="872" HPOS="499"/>
							<String ID="string_133" HPOS="523" VPOS="872" WIDTH="40" HEIGHT="20" WC="0.96" CONTENT="N:o"/><SP WIDTH="16" VPOS="872" HPOS="563"/>
							<String ID="string_134" HPOS="579" VPOS="872" WIDTH="12" HEIGHT="21" WC="0.95" CONTENT="2"/><SP WIDTH="16" VPOS="872" HPOS="591"/>
							<String ID="string_135" HPOS="607" VPOS="872" WIDTH="8" HEIGHT="20" WC="0.96" CONTENT="i"/><SP WIDTH="15" VPOS="872" HPOS="615"/>
							<String ID="string_136" HPOS="630" VPOS="872" WIDTH="112" HEIGHT="27" WC="0.95" CONTENT="anledning"/><SP WIDTH="15" VPOS="872" HPOS="742"/>
							<String ID="string_137" HPOS="757" VPOS="873" WIDTH="23" HEIGHT="21" WC="0.96" CONTENT="af"/><SP WIDTH="13" VPOS="873" HPOS="780"/>
							<String ID="string_138" HPOS="793" VPOS="873" WIDTH="48" HEIGHT="21" WC="0.96" CONTENT="nåd."/><SP WIDTH="16" VPOS="873" HPOS="841"/>
							<String ID="string_139" HPOS="857" VPOS="880" WIDTH="59" HEIGHT="20" WC="0.96" CONTENT="prop."/><SP WIDTH="16" VPOS="880" HPOS="916"/>
							<String ID="string_140" HPOS="932" VPOS="874" WIDTH="40" HEIGHT="21" WC="0.95" CONTENT="N:o"/>
						</TextLine>
						<TextLine ID="line_17" HPOS="152" VPOS="900" WIDTH="820" HEIGHT="28">
							<String ID="string_141" HPOS="152" VPOS="901" WIDTH="25" HEIGHT="20" WC="0.95" CONTENT="41"/><SP WIDTH="22" VPOS="901" HPOS="177"/>
							<String ID="string_142" HPOS="199" VPOS="901" WIDTH="109" HEIGHT="26" WC="0.96" CONTENT="angående"/><SP WIDTH="17" VPOS="901" HPOS="308"/>
							<String ID="string_143" HPOS="325" VPOS="900" WIDTH="90" HEIGHT="27" WC="0.96" CONTENT="ändring"/><SP WIDTH="15" VPOS="900" HPOS="415"/>
							<String ID="string_144" HPOS="430" VPOS="900" WIDTH="23" HEIGHT="21" WC="0.96" CONTENT="af"/><SP WIDTH="13" VPOS="900" HPOS="453"/>
							<String ID="string_145" HPOS="466" VPOS="900" WIDTH="106" HEIGHT="21" WC="0.96" CONTENT="särskilda"/><SP WIDTH="15" VPOS="900" HPOS="572"/>
							<String ID="string_146" HPOS="587" VPOS="901" WIDTH="24" HEIGHT="25" WC="0.90" CONTENT="$$"/><SP WIDTH="15" VPOS="901" HPOS="611"/>
							<String ID="string_147" HPOS="626" VPOS="900" WIDTH="7" HEIGHT="21" WC="0.93" CONTENT="i"/><SP WIDTH="15" VPOS="900" HPOS="633"/>
							<String ID="string_148" HPOS="648" VPOS="902" WIDTH="191" HEIGHT="26" WC="0.92" CONTENT="värnepligtslagen"/><SP WIDTH="15" VPOS="902" HPOS="839"/>
							<String ID="string_149" HPOS="854" VPOS="902" WIDTH="23" HEIGHT="21" WC="0.96" CONTENT="af"/><SP WIDTH="13" VPOS="902" HPOS="877"/>
							<String ID="string_150" HPOS="890" VPOS="902" WIDTH="41" HEIGHT="22" WC="0.96" CONTENT="den"/><SP WIDTH="15" VPOS="902" HPOS="931"/>
							<String ID="string_151" HPOS="946" VPOS="903" WIDTH="26" HEIGHT="21" WC="0.96" CONTENT="27"/>
						</TextLine>
						<TextLine ID="line_18" HPOS="152" VPOS="929" WIDTH="196" HEIGHT="22">
							<String ID="string_152" HPOS="152" VPOS="929" WIDTH="117" HEIGHT="22" WC="0.96" CONTENT="December"/><SP WIDTH="17" VPOS="929" HPOS="269"/>
							<String ID="string_153" HPOS="286" VPOS="930" WIDTH="62" HEIGHT="20" WC="0.96" CONTENT="1878."/>
						</TextLine>
					</TextBlock>
				</ComposedBlock>
				<ComposedBlock ID="cblock_6" HPOS="148" VPOS="986" WIDTH="827" HEIGHT="569">
					<TextBlock ID="block_5" HPOS="148" VPOS="986" WIDTH="827" HEIGHT="569">
						<TextLine ID="line_19" HPOS="219" VPOS="986" WIDTH="755" HEIGHT="28">
							<String ID="string_154" HPOS="219" VPOS="986" WIDTH="32" HEIGHT="21" WC="0.93" CONTENT="Hr"/><SP WIDTH="15" VPOS="986" HPOS="251"/>
							<String ID="string_155" HPOS="266" VPOS="986" WIDTH="161" HEIGHT="21" WC="0.91" CONTENT="Oker-Blom"/><SP WIDTH="16" VPOS="986" HPOS="427"/>
							<String ID="string_156" HPOS="443" VPOS="986" WIDTH="72" HEIGHT="21" WC="0.96" CONTENT="anhöll"/><SP WIDTH="16" VPOS="986" HPOS="515"/>
							<String ID="string_157" HPOS="531" VPOS="986" WIDTH="76" HEIGHT="20" WC="0.96" CONTENT="härvid"/><SP WIDTH="15" VPOS="986" HPOS="607"/>
							<String ID="string_158" HPOS="622" VPOS="992" WIDTH="35" HEIGHT="15" WC="0.96" CONTENT="om"/><SP WIDTH="16" VPOS="992" HPOS="657"/>
							<String ID="string_159" HPOS="673" VPOS="986" WIDTH="60" HEIGHT="21" WC="0.96" CONTENT="ordet"/><SP WIDTH="18" VPOS="986" HPOS="733"/>
							<String ID="string_160" HPOS="751" VPOS="987" WIDTH="39" HEIGHT="21" WC="0.96" CONTENT="och"/><SP WIDTH="24" VPOS="987" HPOS="790"/>
							<String ID="string_161" HPOS="814" VPOS="988" WIDTH="94" HEIGHT="26" WC="0.96" CONTENT="yttrade:"/><SP WIDTH="24" VPOS="988" HPOS="908"/>
							<String ID="string_162" HPOS="932" VPOS="988" WIDTH="42" HEIGHT="21" WC="0.96" CONTENT="Det"/>
						</TextLine>
						<TextLine ID="line_20" HPOS="151" VPOS="1014" WIDTH="823" HEIGHT="28">
							<String ID="string_163" HPOS="151" VPOS="1017" WIDTH="24" HEIGHT="19" WC="0.96" CONTENT="är"/><SP WIDTH="15" VPOS="1017" HPOS="175"/>
							<String ID="string_164" HPOS="190" VPOS="1014" WIDTH="47" HEIGHT="21" WC="0.91" CONTENT="med"/><SP WIDTH="16" VPOS="1014" HPOS="237"/>
							<String ID="string_165" HPOS="253" VPOS="1014" WIDTH="189" HEIGHT="22" WC="0.91" CONTENT="tillfredsställelse"/><SP WIDTH="14" VPOS="1014" HPOS="442"/>
							<String ID="string_166" HPOS="456" VPOS="1014" WIDTH="36" HEIGHT="27" WC="0.96" CONTENT="jag"/><SP WIDTH="16" VPOS="1014" HPOS="492"/>
							<String ID="string_167" HPOS="508" VPOS="1014" WIDTH="54" HEIGHT="26" WC="0.96" CONTENT="tagit"/><SP WIDTH="16" VPOS="1014" HPOS="562"/>
							<String ID="string_168" HPOS="578" VPOS="1014" WIDTH="34" HEIGHT="21" WC="0.96" CONTENT="del"/><SP WIDTH="15" VPOS="1014" HPOS="612"/>
							<String ID="string_169" HPOS="627" VPOS="1014" WIDTH="23" HEIGHT="21" WC="0.92" CONTENT="af"/><SP WIDTH="7" VPOS="1014" HPOS="650"/>
							<String ID="string_170" HPOS="657" VPOS="1014" WIDTH="251" HEIGHT="28" WC="0.91" CONTENT="Värnepligtsutskottets"/><SP WIDTH="10" VPOS="1014" HPOS="908"/>
							<String ID="string_171" HPOS="918" VPOS="1016" WIDTH="56" HEIGHT="22" WC="0.93" CONTENT="före-"/>
						</TextLine>
						<TextLine ID="line_21" HPOS="151" VPOS="1042" WIDTH="823" HEIGHT="29">
							<String ID="string_172" HPOS="151" VPOS="1044" WIDTH="97" HEIGHT="26" WC="0.96" CONTENT="liggande"/><SP WIDTH="16" VPOS="1044" HPOS="248"/>
							<String ID="string_173" HPOS="264" VPOS="1043" WIDTH="158" HEIGHT="26" WC="0.96" CONTENT="betänkanden,"/><SP WIDTH="17" VPOS="1043" HPOS="422"/>
							<String ID="string_174" HPOS="439" VPOS="1042" WIDTH="58" HEIGHT="21" WC="0.96" CONTENT="såväl"/><SP WIDTH="16" VPOS="1042" HPOS="497"/>
							<String ID="string_175" HPOS="513" VPOS="1043" WIDTH="6" HEIGHT="20" WC="0.96" CONTENT="i"/><SP WIDTH="16" VPOS="1043" HPOS="519"/>
							<String ID="string_176" HPOS="535" VPOS="1042" WIDTH="142" HEIGHT="22" WC="0.96" CONTENT="betraktande"/><SP WIDTH="15" VPOS="1042" HPOS="677"/>
							<String ID="string_177" HPOS="692" VPOS="1043" WIDTH="23" HEIGHT="20" WC="0.96" CONTENT="af"/><SP WIDTH="14" VPOS="1043" HPOS="715"/>
							<String ID="string_178" HPOS="729" VPOS="1044" WIDTH="61" HEIGHT="21" WC="0.96" CONTENT="deras"/><SP WIDTH="23" VPOS="1044" HPOS="790"/>
							<String ID="string_179" HPOS="813" VPOS="1044" WIDTH="82" HEIGHT="27" WC="0.90" CONTENT="sakliga"/><SP WIDTH="21" VPOS="1044" HPOS="895"/>
							<String ID="string_180" HPOS="916" VPOS="1045" WIDTH="58" HEIGHT="20" WC="0.90" CONTENT="inne-"/>
						</TextLine>
						<TextLine ID="line_22" HPOS="151" VPOS="1071" WIDTH="823" HEIGHT="26">
							<String ID="string_181" HPOS="151" VPOS="1071" WIDTH="49" HEIGHT="26" WC="0.95" CONTENT="håll,"/><SP WIDTH="17" VPOS="1071" HPOS="200"/>
							<String ID="string_182" HPOS="217" VPOS="1077" WIDTH="45" HEIGHT="16" WC="0.96" CONTENT="som"/><SP WIDTH="16" VPOS="1077" HPOS="262"/>
							<String ID="string_183" HPOS="278" VPOS="1072" WIDTH="40" HEIGHT="21" WC="0.96" CONTENT="ock"/><SP WIDTH="16" VPOS="1072" HPOS="318"/>
							<String ID="string_184" HPOS="334" VPOS="1071" WIDTH="23" HEIGHT="21" WC="0.96" CONTENT="af"/><SP WIDTH="20" VPOS="1071" HPOS="357"/>
							<String ID="string_185" HPOS="377" VPOS="1071" WIDTH="41" HEIGHT="21" WC="0.93" CONTENT="den"/><SP WIDTH="16" VPOS="1071" HPOS="418"/>
							<String ID="string_186" HPOS="434" VPOS="1071" WIDTH="136" HEIGHT="26" WC="0.91" CONTENT="enhällighet,"/><SP WIDTH="23" VPOS="1071" HPOS="570"/>
							<String ID="string_187" HPOS="593" VPOS="1071" WIDTH="101" HEIGHT="22" WC="0.91" CONTENT="hvarmed"/><SP WIDTH="22" VPOS="1071" HPOS="694"/>
							<String ID="string_188" HPOS="716" VPOS="1072" WIDTH="105" HEIGHT="21" WC="0.96" CONTENT="utskottet"/><SP WIDTH="21" VPOS="1072" HPOS="821"/>
							<String ID="string_189" HPOS="842" VPOS="1073" WIDTH="64" HEIGHT="21" WC="0.96" CONTENT="fattat"/><SP WIDTH="22" VPOS="1073" HPOS="906"/>
							<String ID="string_190" HPOS="928" VPOS="1073" WIDTH="46" HEIGHT="21" WC="0.96" CONTENT="sina"/>
						</TextLine>
						<TextLine ID="line_23" HPOS="151" VPOS="1099" WIDTH="824" HEIGHT="30">
							<String ID="string_191" HPOS="151" VPOS="1101" WIDTH="69" HEIGHT="20" WC="0.96" CONTENT="beslut"/><SP WIDTH="14" VPOS="1101" HPOS="220"/>
							<String ID="string_192" HPOS="234" VPOS="1101" WIDTH="7" HEIGHT="20" WC="0.96" CONTENT="i"/><SP WIDTH="15" VPOS="1101" HPOS="241"/>
							<String ID="string_193" HPOS="256" VPOS="1101" WIDTH="71" HEIGHT="20" WC="0.96" CONTENT="denna"/><SP WIDTH="15" VPOS="1101" HPOS="327"/>
							<String ID="string_194" HPOS="342" VPOS="1100" WIDTH="34" HEIGHT="21" WC="0.96" CONTENT="för"/><SP WIDTH="15" VPOS="1100" HPOS="376"/>
							<String ID="string_195" HPOS="391" VPOS="1099" WIDTH="149" HEIGHT="27" WC="0.96" CONTENT="utvecklingen"/><SP WIDTH="15" VPOS="1099" HPOS="540"/>
							<String ID="string_196" HPOS="555" VPOS="1099" WIDTH="23" HEIGHT="21" WC="0.96" CONTENT="af"/><SP WIDTH="13" VPOS="1099" HPOS="578"/>
							<String ID="string_197" HPOS="591" VPOS="1099" WIDTH="49" HEIGHT="22" WC="0.93" CONTENT="vårt"/><SP WIDTH="15" VPOS="1099" HPOS="640"/>
							<String ID="string_198" HPOS="655" VPOS="1099" WIDTH="185" HEIGHT="23" WC="0.92" CONTENT="försvarsväsende"/><SP WIDTH="20" VPOS="1099" HPOS="840"/>
							<String ID="string_199" HPOS="860" VPOS="1101" WIDTH="23" HEIGHT="21" WC="0.96" CONTENT="så"/><SP WIDTH="15" VPOS="1101" HPOS="883"/>
							<String ID="string_200" HPOS="898" VPOS="1103" WIDTH="77" HEIGHT="26" WC="0.96" CONTENT="ytterst"/>
						</TextLine>
						<TextLine ID="line_24" HPOS="150" VPOS="1128" WIDTH="824" HEIGHT="29">
							<String ID="string_201" HPOS="150" VPOS="1129" WIDTH="79" HEIGHT="26" WC="0.91" CONTENT="vigtiga"/><SP WIDTH="15" VPOS="1129" HPOS="229"/>
							<String ID="string_202" HPOS="244" VPOS="1129" WIDTH="67" HEIGHT="26" WC="0.91" CONTENT="fråga."/><SP WIDTH="32" VPOS="1129" HPOS="311"/>
							<String ID="string_203" HPOS="343" VPOS="1129" WIDTH="10" HEIGHT="20" WC="0.94" CONTENT="I"/><SP WIDTH="16" VPOS="1129" HPOS="353"/>
							<String ID="string_204" HPOS="369" VPOS="1129" WIDTH="69" HEIGHT="20" WC="0.96" CONTENT="denna"/><SP WIDTH="15" VPOS="1129" HPOS="438"/>
							<String ID="string_205" HPOS="453" VPOS="1128" WIDTH="184" HEIGHT="27" WC="0.95" CONTENT="samstämmighet"/><SP WIDTH="16" VPOS="1128" HPOS="637"/>
							<String ID="string_206" HPOS="653" VPOS="1134" WIDTH="33" HEIGHT="15" WC="0.96" CONTENT="ser"/><SP WIDTH="13" VPOS="1134" HPOS="686"/>
							<String ID="string_207" HPOS="699" VPOS="1129" WIDTH="36" HEIGHT="26" WC="0.96" CONTENT="jag"/><SP WIDTH="14" VPOS="1129" HPOS="735"/>
							<String ID="string_208" HPOS="749" VPOS="1129" WIDTH="40" HEIGHT="21" WC="0.96" CONTENT="ock"/><SP WIDTH="20" VPOS="1129" HPOS="789"/>
							<String ID="string_209" HPOS="809" VPOS="1132" WIDTH="31" HEIGHT="19" WC="0.96" CONTENT="ett"/><SP WIDTH="21" VPOS="1132" HPOS="840"/>
							<String ID="string_210" HPOS="861" VPOS="1130" WIDTH="113" HEIGHT="27" WC="0.96" CONTENT="glädjande"/>
						</TextLine>
						<TextLine ID="line_25" HPOS="150" VPOS="1157" WIDTH="824" HEIGHT="28">
							<String ID="string_211" HPOS="150" VPOS="1157" WIDTH="69" HEIGHT="22" WC="0.96" CONTENT="tidens"/><SP WIDTH="16" VPOS="1157" HPOS="219"/>
							<String ID="string_212" HPOS="235" VPOS="1157" WIDTH="82" HEIGHT="21" WC="0.95" CONTENT="tecken."/><SP WIDTH="31" VPOS="1157" HPOS="317"/>
							<String ID="string_213" HPOS="348" VPOS="1157" WIDTH="49" HEIGHT="21" WC="0.93" CONTENT="Full"/><SP WIDTH="16" VPOS="1157" HPOS="397"/>
							<String ID="string_214" HPOS="413" VPOS="1157" WIDTH="220" HEIGHT="21" WC="0.92" CONTENT="öfverensstämmelse"/><SP WIDTH="15" VPOS="1157" HPOS="633"/>
							<String ID="string_215" HPOS="648" VPOS="1157" WIDTH="47" HEIGHT="21" WC="0.96" CONTENT="med"/><SP WIDTH="22" VPOS="1157" HPOS="695"/>
							<String ID="string_216" HPOS="717" VPOS="1158" WIDTH="41" HEIGHT="21" WC="0.95" CONTENT="den"/><SP WIDTH="22" VPOS="1158" HPOS="758"/>
							<String ID="string_217" HPOS="780" VPOS="1158" WIDTH="48" HEIGHT="21" WC="0.95" CONTENT="nåd."/><SP WIDTH="23" VPOS="1158" HPOS="828"/>
							<String ID="string_218" HPOS="851" VPOS="1165" WIDTH="60" HEIGHT="20" WC="0.96" CONTENT="prop."/><SP WIDTH="24" VPOS="1165" HPOS="911"/>
							<String ID="string_219" HPOS="935" VPOS="1159" WIDTH="39" HEIGHT="21" WC="0.96" CONTENT="har"/>
						</TextLine>
						<TextLine ID="line_26" HPOS="150" VPOS="1185" WIDTH="825" HEIGHT="28">
							<String ID="string_220" HPOS="150" VPOS="1186" WIDTH="123" HEIGHT="27" WC="0.96" CONTENT="visserligen"/><SP WIDTH="15" VPOS="1186" HPOS="273"/>
							<String ID="string_221" HPOS="288" VPOS="1186" WIDTH="47" HEIGHT="21" WC="0.96" CONTENT="icke"/><SP WIDTH="16" VPOS="1186" HPOS="335"/>
							<String ID="string_222" HPOS="351" VPOS="1186" WIDTH="86" HEIGHT="21" WC="0.96" CONTENT="vunnits"/><SP WIDTH="16" VPOS="1186" HPOS="437"/>
							<String ID="string_223" HPOS="453" VPOS="1185" WIDTH="7" HEIGHT="21" WC="0.96" CONTENT="i"/><SP WIDTH="15" VPOS="1185" HPOS="460"/>
							<String ID="string_224" HPOS="475" VPOS="1186" WIDTH="42" HEIGHT="21" WC="0.96" CONTENT="alla"/><SP WIDTH="16" VPOS="1186" HPOS="517"/>
							<String ID="string_225" HPOS="533" VPOS="1185" WIDTH="65" HEIGHT="26" WC="0.96" CONTENT="delar,"/><SP WIDTH="17" VPOS="1185" HPOS="598"/>
							<String ID="string_226" HPOS="615" VPOS="1185" WIDTH="40" HEIGHT="22" WC="0.96" CONTENT="och"/><SP WIDTH="18" VPOS="1185" HPOS="655"/>
							<String ID="string_227" HPOS="673" VPOS="1186" WIDTH="114" HEIGHT="27" WC="0.96" CONTENT="ändringar"/><SP WIDTH="22" VPOS="1186" HPOS="787"/>
							<String ID="string_228" HPOS="809" VPOS="1187" WIDTH="64" HEIGHT="21" WC="0.96" CONTENT="hafva"/><SP WIDTH="22" VPOS="1187" HPOS="873"/>
							<String ID="string_229" HPOS="895" VPOS="1187" WIDTH="57" HEIGHT="22" WC="0.96" CONTENT="skett"/><SP WIDTH="16" VPOS="1187" HPOS="952"/>
							<String ID="string_230" HPOS="968" VPOS="1188" WIDTH="7" HEIGHT="21" WC="0.96" CONTENT="i"/>
						</TextLine>
						<TextLine ID="line_27" HPOS="150" VPOS="1214" WIDTH="825" HEIGHT="29">
							<String ID="string_231" HPOS="150" VPOS="1214" WIDTH="67" HEIGHT="27" WC="0.96" CONTENT="några"/><SP WIDTH="15" VPOS="1214" HPOS="217"/>
							<String ID="string_232" HPOS="232" VPOS="1214" WIDTH="22" HEIGHT="21" WC="0.95" CONTENT="af"/><SP WIDTH="14" VPOS="1214" HPOS="254"/>
							<String ID="string_233" HPOS="268" VPOS="1215" WIDTH="49" HEIGHT="20" WC="0.93" CONTENT="dess"/><SP WIDTH="15" VPOS="1215" HPOS="317"/>
							<String ID="string_234" HPOS="332" VPOS="1214" WIDTH="143" HEIGHT="27" WC="0.90" CONTENT="väsentligare"/><SP WIDTH="15" VPOS="1214" HPOS="475"/>
							<String ID="string_235" HPOS="490" VPOS="1214" WIDTH="98" HEIGHT="27" WC="0.95" CONTENT="punkter,"/><SP WIDTH="19" VPOS="1214" HPOS="588"/>
							<String ID="string_236" HPOS="607" VPOS="1220" WIDTH="49" HEIGHT="15" WC="0.96" CONTENT="men"/><SP WIDTH="15" VPOS="1220" HPOS="656"/>
							<String ID="string_237" HPOS="671" VPOS="1214" WIDTH="27" HEIGHT="21" WC="0.96" CONTENT="då"/><SP WIDTH="22" VPOS="1214" HPOS="698"/>
							<String ID="string_238" HPOS="720" VPOS="1221" WIDTH="49" HEIGHT="14" WC="0.96" CONTENT="man"/><SP WIDTH="22" VPOS="1221" HPOS="769"/>
							<String ID="string_239" HPOS="791" VPOS="1218" WIDTH="61" HEIGHT="25" WC="0.96" CONTENT="tager"/><SP WIDTH="15" VPOS="1218" HPOS="852"/>
							<String ID="string_240" HPOS="867" VPOS="1217" WIDTH="7" HEIGHT="20" WC="0.93" CONTENT="i"/><SP WIDTH="14" VPOS="1217" HPOS="874"/>
							<String ID="string_241" HPOS="888" VPOS="1216" WIDTH="87" HEIGHT="21" WC="0.92" CONTENT="betrak-"/>
						</TextLine>
						<TextLine ID="line_28" HPOS="150" VPOS="1243" WIDTH="824" HEIGHT="27">
							<String ID="string_242" HPOS="150" VPOS="1243" WIDTH="71" HEIGHT="26" WC="0.96" CONTENT="tande,"/><SP WIDTH="20" VPOS="1243" HPOS="221"/>
							<String ID="string_243" HPOS="241" VPOS="1245" WIDTH="33" HEIGHT="19" WC="0.96" CONTENT="att"/><SP WIDTH="15" VPOS="1245" HPOS="274"/>
							<String ID="string_244" HPOS="289" VPOS="1243" WIDTH="107" HEIGHT="21" WC="0.96" CONTENT="utskottet"/><SP WIDTH="22" VPOS="1243" HPOS="396"/>
							<String ID="string_245" HPOS="418" VPOS="1243" WIDTH="85" HEIGHT="21" WC="0.96" CONTENT="arbetat"/><SP WIDTH="22" VPOS="1243" HPOS="503"/>
							<String ID="string_246" HPOS="525" VPOS="1243" WIDTH="68" HEIGHT="21" WC="0.96" CONTENT="under"/><SP WIDTH="24" VPOS="1243" HPOS="593"/>
							<String ID="string_247" HPOS="617" VPOS="1243" WIDTH="66" HEIGHT="20" WC="0.93" CONTENT="delvis"/><SP WIDTH="22" VPOS="1243" HPOS="683"/>
							<String ID="string_248" HPOS="705" VPOS="1249" WIDTH="141" HEIGHT="21" WC="0.90" CONTENT="ogynsamma,"/><SP WIDTH="24" VPOS="1249" HPOS="846"/>
							<String ID="string_249" HPOS="870" VPOS="1245" WIDTH="104" HEIGHT="21" WC="0.95" CONTENT="outredda"/>
						</TextLine>
						<TextLine ID="line_29" HPOS="150" VPOS="1271" WIDTH="824" HEIGHT="28">
							<String ID="string_250" HPOS="150" VPOS="1271" WIDTH="155" HEIGHT="27" WC="0.96" CONTENT="förhållanden,"/><SP WIDTH="16" VPOS="1271" HPOS="305"/>
							<String ID="string_251" HPOS="321" VPOS="1271" WIDTH="40" HEIGHT="22" WC="0.96" CONTENT="och"/><SP WIDTH="16" VPOS="1271" HPOS="361"/>
							<String ID="string_252" HPOS="377" VPOS="1273" WIDTH="32" HEIGHT="19" WC="0.96" CONTENT="att"/><SP WIDTH="16" VPOS="1273" HPOS="409"/>
							<String ID="string_253" HPOS="425" VPOS="1271" WIDTH="48" HEIGHT="22" WC="0.96" CONTENT="dess"/><SP WIDTH="15" VPOS="1271" HPOS="473"/>
							<String ID="string_254" HPOS="488" VPOS="1278" WIDTH="29" HEIGHT="15" WC="0.92" CONTENT="nu"/><SP WIDTH="14" VPOS="1278" HPOS="517"/>
							<String ID="string_255" HPOS="531" VPOS="1271" WIDTH="127" HEIGHT="21" WC="0.92" CONTENT="framstälda"/><SP WIDTH="15" VPOS="1271" HPOS="658"/>
							<String ID="string_256" HPOS="673" VPOS="1271" WIDTH="78" HEIGHT="28" WC="0.96" CONTENT="förslag"/><SP WIDTH="22" VPOS="1271" HPOS="751"/>
							<String ID="string_257" HPOS="773" VPOS="1273" WIDTH="7" HEIGHT="20" WC="0.96" CONTENT="i"/><SP WIDTH="15" VPOS="1273" HPOS="780"/>
							<String ID="string_258" HPOS="795" VPOS="1273" WIDTH="44" HEIGHT="21" WC="0.95" CONTENT="alla"/><SP WIDTH="21" VPOS="1273" HPOS="839"/>
							<String ID="string_259" HPOS="860" VPOS="1273" WIDTH="38" HEIGHT="21" WC="0.93" CONTENT="fall"/><SP WIDTH="22" VPOS="1273" HPOS="898"/>
							<String ID="string_260" HPOS="920" VPOS="1275" WIDTH="54" HEIGHT="19" WC="0.92" CONTENT="mot-"/>
						</TextLine>
						<TextLine ID="line_30" HPOS="151" VPOS="1299" WIDTH="823" HEIGHT="30">
							<String ID="string_261" HPOS="151" VPOS="1307" WIDTH="73" HEIGHT="15" WC="0.95" CONTENT="svarar"/><SP WIDTH="15" VPOS="1307" HPOS="224"/>
							<String ID="string_262" HPOS="239" VPOS="1300" WIDTH="36" HEIGHT="21" WC="0.96" CONTENT="det"/><SP WIDTH="16" VPOS="1300" HPOS="275"/>
							<String ID="string_263" HPOS="291" VPOS="1301" WIDTH="108" HEIGHT="20" WC="0.90" CONTENT="närmaste"/><SP WIDTH="16" VPOS="1301" HPOS="399"/>
							<String ID="string_264" HPOS="415" VPOS="1299" WIDTH="111" HEIGHT="28" WC="0.90" CONTENT="oafvisliga"/><SP WIDTH="16" VPOS="1299" HPOS="526"/>
							<String ID="string_265" HPOS="542" VPOS="1299" WIDTH="107" HEIGHT="27" WC="0.92" CONTENT="behofvet,"/><SP WIDTH="16" VPOS="1299" HPOS="649"/>
							<String ID="string_266" HPOS="665" VPOS="1302" WIDTH="56" HEIGHT="19" WC="0.96" CONTENT="samt"/><SP WIDTH="14" VPOS="1302" HPOS="721"/>
							<String ID="string_267" HPOS="735" VPOS="1303" WIDTH="32" HEIGHT="19" WC="0.96" CONTENT="att"/><SP WIDTH="15" VPOS="1303" HPOS="767"/>
							<String ID="string_268" HPOS="782" VPOS="1301" WIDTH="73" HEIGHT="28" WC="0.96" CONTENT="hvarje"/><SP WIDTH="23" VPOS="1301" HPOS="855"/>
							<String ID="string_269" HPOS="878" VPOS="1302" WIDTH="42" HEIGHT="26" WC="0.96" CONTENT="dag"/><SP WIDTH="14" VPOS="1302" HPOS="920"/>
							<String ID="string_270" HPOS="934" VPOS="1301" WIDTH="40" HEIGHT="22" WC="0.96" CONTENT="och"/>
						</TextLine>
						<TextLine ID="line_31" HPOS="150" VPOS="1329" WIDTH="824" HEIGHT="28">
							<String ID="string_271" HPOS="150" VPOS="1329" WIDTH="72" HEIGHT="27" WC="0.96" CONTENT="hvarje"/><SP WIDTH="16" VPOS="1329" HPOS="222"/>
							<String ID="string_272" HPOS="238" VPOS="1329" WIDTH="31" HEIGHT="21" WC="0.96" CONTENT="tid"/><SP WIDTH="15" VPOS="1329" HPOS="269"/>
							<String ID="string_273" HPOS="284" VPOS="1329" WIDTH="40" HEIGHT="21" WC="0.96" CONTENT="har"/><SP WIDTH="15" VPOS="1329" HPOS="324"/>
							<String ID="string_274" HPOS="339" VPOS="1329" WIDTH="47" HEIGHT="21" WC="0.96" CONTENT="sina"/><SP WIDTH="15" VPOS="1329" HPOS="386"/>
							<String ID="string_275" HPOS="401" VPOS="1335" WIDTH="116" HEIGHT="20" WC="0.95" CONTENT="omsorger,"/><SP WIDTH="16" VPOS="1335" HPOS="517"/>
							<String ID="string_276" HPOS="533" VPOS="1329" WIDTH="72" HEIGHT="20" WC="0.96" CONTENT="hvilka"/><SP WIDTH="16" VPOS="1329" HPOS="605"/>
							<String ID="string_277" HPOS="621" VPOS="1329" WIDTH="42" HEIGHT="20" WC="0.96" CONTENT="den"/><SP WIDTH="14" VPOS="1329" HPOS="663"/>
							<String ID="string_278" HPOS="677" VPOS="1335" WIDTH="50" HEIGHT="20" WC="0.96" CONTENT="eger"/><SP WIDTH="14" VPOS="1335" HPOS="727"/>
							<String ID="string_279" HPOS="741" VPOS="1330" WIDTH="120" HEIGHT="27" WC="0.96" CONTENT="tillgodose,"/><SP WIDTH="23" VPOS="1330" HPOS="861"/>
							<String ID="string_280" HPOS="884" VPOS="1330" WIDTH="24" HEIGHT="21" WC="0.92" CONTENT="så"/><SP WIDTH="22" VPOS="1330" HPOS="908"/>
							<String ID="string_281" HPOS="930" VPOS="1332" WIDTH="44" HEIGHT="19" WC="0.92" CONTENT="tve-"/>
						</TextLine>
						<TextLine ID="line_32" HPOS="150" VPOS="1357" WIDTH="823" HEIGHT="28">
							<String ID="string_282" HPOS="150" VPOS="1359" WIDTH="40" HEIGHT="20" WC="0.96" CONTENT="kar"/><SP WIDTH="12" VPOS="1359" HPOS="190"/>
							<String ID="string_283" HPOS="202" VPOS="1358" WIDTH="36" HEIGHT="27" WC="0.96" CONTENT="jag"/><SP WIDTH="15" VPOS="1358" HPOS="238"/>
							<String ID="string_284" HPOS="253" VPOS="1357" WIDTH="47" HEIGHT="22" WC="0.96" CONTENT="icke"/><SP WIDTH="16" VPOS="1357" HPOS="300"/>
							<String ID="string_285" HPOS="316" VPOS="1359" WIDTH="33" HEIGHT="20" WC="0.96" CONTENT="att"/><SP WIDTH="15" VPOS="1359" HPOS="349"/>
							<String ID="string_286" HPOS="364" VPOS="1357" WIDTH="88" HEIGHT="22" WC="0.96" CONTENT="förorda"/><SP WIDTH="15" VPOS="1357" HPOS="452"/>
							<String ID="string_287" HPOS="467" VPOS="1358" WIDTH="118" HEIGHT="21" WC="0.96" CONTENT="utskottets"/><SP WIDTH="14" VPOS="1358" HPOS="585"/>
							<String ID="string_288" HPOS="599" VPOS="1357" WIDTH="140" HEIGHT="22" WC="0.92" CONTENT="förevarande"/><SP WIDTH="16" VPOS="1357" HPOS="739"/>
							<String ID="string_289" HPOS="755" VPOS="1358" WIDTH="50" HEIGHT="27" WC="0.92" CONTENT="bet.,"/><SP WIDTH="23" VPOS="1358" HPOS="805"/>
							<String ID="string_290" HPOS="828" VPOS="1359" WIDTH="34" HEIGHT="20" WC="0.96" CONTENT="väl"/><SP WIDTH="14" VPOS="1359" HPOS="862"/>
							<String ID="string_291" HPOS="876" VPOS="1359" WIDTH="97" HEIGHT="24" WC="0.96" CONTENT="vetande,"/>
						</TextLine>
						<TextLine ID="line_33" HPOS="150" VPOS="1386" WIDTH="824" HEIGHT="26">
							<String ID="string_292" HPOS="150" VPOS="1389" WIDTH="33" HEIGHT="19" WC="0.95" CONTENT="att"/><SP WIDTH="15" VPOS="1389" HPOS="183"/>
							<String ID="string_293" HPOS="198" VPOS="1387" WIDTH="36" HEIGHT="20" WC="0.97" CONTENT="det"/><SP WIDTH="14" VPOS="1387" HPOS="234"/>
							<String ID="string_294" HPOS="248" VPOS="1386" WIDTH="63" HEIGHT="21" WC="0.96" CONTENT="bästa"/><SP WIDTH="16" VPOS="1386" HPOS="311"/>
							<String ID="string_295" HPOS="327" VPOS="1386" WIDTH="46" HEIGHT="21" WC="0.96" CONTENT="ofta"/><SP WIDTH="15" VPOS="1386" HPOS="373"/>
							<String ID="string_296" HPOS="388" VPOS="1388" WIDTH="25" HEIGHT="19" WC="0.96" CONTENT="är"/><SP WIDTH="14" VPOS="1388" HPOS="413"/>
							<String ID="string_297" HPOS="427" VPOS="1386" WIDTH="69" HEIGHT="21" WC="0.95" CONTENT="fiende"/><SP WIDTH="16" VPOS="1386" HPOS="496"/>
							<String ID="string_298" HPOS="512" VPOS="1387" WIDTH="34" HEIGHT="20" WC="0.95" CONTENT="till"/><SP WIDTH="15" VPOS="1387" HPOS="546"/>
							<String ID="string_299" HPOS="561" VPOS="1387" WIDTH="36" HEIGHT="20" WC="0.96" CONTENT="det"/><SP WIDTH="16" VPOS="1387" HPOS="597"/>
							<String ID="string_300" HPOS="613" VPOS="1386" WIDTH="62" HEIGHT="26" WC="0.96" CONTENT="goda."/><SP WIDTH="29" VPOS="1386" HPOS="675"/>
							<String ID="string_301" HPOS="704" VPOS="1387" WIDTH="10" HEIGHT="20" WC="0.94" CONTENT="I"/><SP WIDTH="16" VPOS="1387" HPOS="714"/>
							<String ID="string_302" HPOS="730" VPOS="1389" WIDTH="31" HEIGHT="19" WC="0.96" CONTENT="ett"/><SP WIDTH="14" VPOS="1389" HPOS="761"/>
							<String ID="string_303" HPOS="775" VPOS="1388" WIDTH="99" HEIGHT="21" WC="0.96" CONTENT="afseende"/><SP WIDTH="20" VPOS="1388" HPOS="874"/>
							<String ID="string_304" HPOS="894" VPOS="1387" WIDTH="80" HEIGHT="22" WC="0.96" CONTENT="tillåter"/>
						</TextLine>
						<TextLine ID="line_34" HPOS="148" VPOS="1414" WIDTH="826" HEIGHT="28">
							<String ID="string_305" HPOS="148" VPOS="1415" WIDTH="37" HEIGHT="27" WC="0.96" CONTENT="jag"/><SP WIDTH="14" VPOS="1415" HPOS="185"/>
							<String ID="string_306" HPOS="199" VPOS="1415" WIDTH="43" HEIGHT="26" WC="0.96" CONTENT="mig"/><SP WIDTH="14" VPOS="1415" HPOS="242"/>
							<String ID="string_307" HPOS="256" VPOS="1415" WIDTH="56" HEIGHT="21" WC="0.97" CONTENT="dock"/><SP WIDTH="16" VPOS="1415" HPOS="312"/>
							<String ID="string_308" HPOS="328" VPOS="1416" WIDTH="33" HEIGHT="19" WC="0.96" CONTENT="att"/><SP WIDTH="15" VPOS="1416" HPOS="361"/>
							<String ID="string_309" HPOS="376" VPOS="1415" WIDTH="70" HEIGHT="20" WC="0.96" CONTENT="uttala"/><SP WIDTH="15" VPOS="1415" HPOS="446"/>
							<String ID="string_310" HPOS="461" VPOS="1416" WIDTH="32" HEIGHT="20" WC="0.93" CONTENT="ett"/><SP WIDTH="15" VPOS="1416" HPOS="493"/>
							<String ID="string_311" HPOS="508" VPOS="1414" WIDTH="139" HEIGHT="27" WC="0.91" CONTENT="beklagande,"/><SP WIDTH="18" VPOS="1414" HPOS="647"/>
							<String ID="string_312" HPOS="665" VPOS="1414" WIDTH="39" HEIGHT="21" WC="0.96" CONTENT="och"/><SP WIDTH="15" VPOS="1414" HPOS="704"/>
							<String ID="string_313" HPOS="719" VPOS="1415" WIDTH="58" HEIGHT="21" WC="0.96" CONTENT="detta"/><SP WIDTH="18" VPOS="1415" HPOS="777"/>
							<String ID="string_314" HPOS="795" VPOS="1417" WIDTH="24" HEIGHT="20" WC="0.96" CONTENT="är"/><SP WIDTH="23" VPOS="1417" HPOS="819"/>
							<String ID="string_315" HPOS="842" VPOS="1415" WIDTH="132" HEIGHT="22" WC="0.96" CONTENT="beträffande"/>
						</TextLine>
						<TextLine ID="line_35" HPOS="150" VPOS="1443" WIDTH="824" HEIGHT="28">
							<String ID="string_316" HPOS="150" VPOS="1443" WIDTH="147" HEIGHT="22" WC="0.91" CONTENT="förkastandet"/><SP WIDTH="15" VPOS="1443" HPOS="297"/>
							<String ID="string_317" HPOS="312" VPOS="1443" WIDTH="23" HEIGHT="21" WC="0.96" CONTENT="af"/><SP WIDTH="13" VPOS="1443" HPOS="335"/>
							<String ID="string_318" HPOS="348" VPOS="1443" WIDTH="41" HEIGHT="21" WC="0.96" CONTENT="den"/><SP WIDTH="15" VPOS="1443" HPOS="389"/>
							<String ID="string_319" HPOS="404" VPOS="1443" WIDTH="7" HEIGHT="21" WC="0.96" CONTENT="i"/><SP WIDTH="16" VPOS="1443" HPOS="411"/>
							<String ID="string_320" HPOS="427" VPOS="1444" WIDTH="12" HEIGHT="25" WC="0.76" CONTENT="3"/><SP WIDTH="16" VPOS="1444" HPOS="439"/>
							<String ID="string_321" HPOS="455" VPOS="1443" WIDTH="26" HEIGHT="22" WC="0.93" CONTENT="93"/><SP WIDTH="16" VPOS="1443" HPOS="481"/>
							<String ID="string_322" HPOS="497" VPOS="1443" WIDTH="26" HEIGHT="22" WC="0.93" CONTENT="V."/><SP WIDTH="16" VPOS="1443" HPOS="523"/>
							<String ID="string_323" HPOS="539" VPOS="1443" WIDTH="24" HEIGHT="21" WC="0.96" CONTENT="L."/><SP WIDTH="15" VPOS="1443" HPOS="563"/>
							<String ID="string_324" HPOS="578" VPOS="1443" WIDTH="121" HEIGHT="26" WC="0.96" CONTENT="föreslagna"/><SP WIDTH="13" VPOS="1443" HPOS="699"/>
							<String ID="string_325" HPOS="712" VPOS="1443" WIDTH="154" HEIGHT="28" WC="0.94" CONTENT="förändringen,"/><SP WIDTH="16" VPOS="1443" HPOS="866"/>
							<String ID="string_326" HPOS="882" VPOS="1445" WIDTH="92" HEIGHT="21" WC="0.96" CONTENT="rörande"/>
						</TextLine>
						<TextLine ID="line_36" HPOS="150" VPOS="1471" WIDTH="824" HEIGHT="28">
							<String ID="string_327" HPOS="150" VPOS="1472" WIDTH="108" HEIGHT="27" WC="0.92" CONTENT="frivilliges"/><SP WIDTH="16" VPOS="1472" HPOS="258"/>
							<String ID="string_328" HPOS="274" VPOS="1471" WIDTH="83" HEIGHT="22" WC="0.96" CONTENT="inträde"/><SP WIDTH="16" VPOS="1471" HPOS="357"/>
							<String ID="string_329" HPOS="373" VPOS="1472" WIDTH="7" HEIGHT="20" WC="0.96" CONTENT="i"/><SP WIDTH="15" VPOS="1472" HPOS="380"/>
							<String ID="string_330" HPOS="395" VPOS="1471" WIDTH="60" HEIGHT="22" WC="0.92" CONTENT="aktiv"/><SP WIDTH="14" VPOS="1471" HPOS="455"/>
							<String ID="string_331" HPOS="469" VPOS="1472" WIDTH="72" HEIGHT="27" WC="0.92" CONTENT="tjenst."/><SP WIDTH="31" VPOS="1472" HPOS="541"/>
							<String ID="string_332" HPOS="572" VPOS="1471" WIDTH="47" HEIGHT="21" WC="0.95" CONTENT="Den"/><SP WIDTH="15" VPOS="1471" HPOS="619"/>
							<String ID="string_333" HPOS="634" VPOS="1477" WIDTH="29" HEIGHT="15" WC="0.96" CONTENT="nu"/><SP WIDTH="15" VPOS="1477" HPOS="663"/>
							<String ID="string_334" HPOS="678" VPOS="1471" WIDTH="91" HEIGHT="22" WC="0.95" CONTENT="rådande"/><SP WIDTH="16" VPOS="1471" HPOS="769"/>
							<String ID="string_335" HPOS="785" VPOS="1473" WIDTH="123" HEIGHT="26" WC="0.96" CONTENT="ordningen,"/><SP WIDTH="20" VPOS="1473" HPOS="908"/>
							<String ID="string_336" HPOS="928" VPOS="1479" WIDTH="46" HEIGHT="15" WC="0.96" CONTENT="som"/>
						</TextLine>
						<TextLine ID="line_37" HPOS="150" VPOS="1500" WIDTH="823" HEIGHT="28">
							<String ID="string_337" HPOS="150" VPOS="1501" WIDTH="114" HEIGHT="27" WC="0.92" CONTENT="tillstädjer"/><SP WIDTH="16" VPOS="1501" HPOS="264"/>
							<String ID="string_338" HPOS="280" VPOS="1500" WIDTH="109" HEIGHT="26" WC="0.91" CONTENT="friviliiges"/><SP WIDTH="16" VPOS="1500" HPOS="389"/>
							<String ID="string_339" HPOS="405" VPOS="1501" WIDTH="120" HEIGHT="26" WC="0.96" CONTENT="antagande"/><SP WIDTH="16" VPOS="1501" HPOS="525"/>
							<String ID="string_340" HPOS="541" VPOS="1500" WIDTH="7" HEIGHT="21" WC="0.93" CONTENT="i"/><SP WIDTH="15" VPOS="1500" HPOS="548"/>
							<String ID="string_341" HPOS="563" VPOS="1500" WIDTH="66" HEIGHT="26" WC="0.92" CONTENT="tjenst"/><SP WIDTH="15" VPOS="1500" HPOS="629"/>
							<String ID="string_342" HPOS="644" VPOS="1501" WIDTH="67" HEIGHT="20" WC="0.96" CONTENT="under"/><SP WIDTH="14" VPOS="1501" HPOS="711"/>
							<String ID="string_343" HPOS="725" VPOS="1500" WIDTH="72" HEIGHT="27" WC="0.96" CONTENT="loppet"/><SP WIDTH="16" VPOS="1500" HPOS="797"/>
							<String ID="string_344" HPOS="813" VPOS="1500" WIDTH="23" HEIGHT="22" WC="0.96" CONTENT="af"/><SP WIDTH="13" VPOS="1500" HPOS="836"/>
							<String ID="string_345" HPOS="849" VPOS="1501" WIDTH="49" HEIGHT="22" WC="0.96" CONTENT="hela"/><SP WIDTH="22" VPOS="1501" HPOS="898"/>
							<String ID="string_346" HPOS="920" VPOS="1501" WIDTH="53" HEIGHT="26" WC="0.86" CONTENT="året,"/>
						</TextLine>
						<TextLine ID="line_38" HPOS="151" VPOS="1528" WIDTH="823" HEIGHT="27">
							<String ID="string_347" HPOS="151" VPOS="1529" WIDTH="39" HEIGHT="21" WC="0.96" CONTENT="har"/><SP WIDTH="14" VPOS="1529" HPOS="190"/>
							<String ID="string_348" HPOS="204" VPOS="1529" WIDTH="123" HEIGHT="22" WC="0.96" CONTENT="förorsakat"/><SP WIDTH="14" VPOS="1529" HPOS="327"/>
							<String ID="string_349" HPOS="341" VPOS="1528" WIDTH="40" HEIGHT="21" WC="0.95" CONTENT="vår"/><SP WIDTH="14" VPOS="1528" HPOS="381"/>
							<String ID="string_350" HPOS="395" VPOS="1529" WIDTH="73" HEIGHT="21" WC="0.96" CONTENT="aktiva"/><SP WIDTH="17" VPOS="1529" HPOS="468"/>
							<String ID="string_351" HPOS="485" VPOS="1529" WIDTH="80" HEIGHT="21" WC="0.96" CONTENT="militär"/><SP WIDTH="21" VPOS="1529" HPOS="565"/>
							<String ID="string_352" HPOS="586" VPOS="1530" WIDTH="59" HEIGHT="19" WC="0.96" CONTENT="stora"/><SP WIDTH="24" VPOS="1530" HPOS="645"/>
							<String ID="string_353" HPOS="669" VPOS="1528" WIDTH="128" HEIGHT="27" WC="0.96" CONTENT="svårigheter"/><SP WIDTH="22" VPOS="1528" HPOS="797"/>
							<String ID="string_354" HPOS="819" VPOS="1530" WIDTH="48" HEIGHT="21" WC="0.93" CONTENT="med"/><SP WIDTH="22" VPOS="1530" HPOS="867"/>
							<String ID="string_355" HPOS="889" VPOS="1529" WIDTH="85" HEIGHT="22" WC="0.92" CONTENT="anskaf-"/>
						</TextLine>
					</TextBlock>
				</ComposedBlock>
			</PrintSpace>
		</Page>
	</Layout>
</alto>
