1067 1748
204 140 54 21 1382
458 146 25 18 R.
496 151 17 13 0.
525 147 23 17 A.
559 146 57 18 1888.
641 146 23 17 18
676 146 49 22 Maj.

174 233 31 19 ett
221 233 47 25 steg
283 231 72 27 bakät,
371 238 45 15 som
430 232 23 27 ju
468 232 70 22 skulle
553 232 67 21 blifva
635 231 89 27 följden,
740 238 35 14 om
791 232 157 20 reservationen
964 237 38 15 an-

175 262 65 25 tages.

243 316 33 22 Hr
291 316 100 22 Munck:
407 318 41 27 Jag
464 320 23 19 är
502 318 132 27 fullkomligt
650 324 49 14 ense
714 317 50 21 med
780 318 40 20 den
832 317 127 27 föregäende
969 319 33 19 ta-

176 345 59 21 laren
244 345 39 21 och
293 346 40 21 har
342 352 76 21 genom
430 348 26 20 20
468 346 46 28 ärig
524 347 87 27 praktik
627 346 70 22 säsom
713 346 87 21 domare
811 346 28 27 pä
854 346 73 21 landet
942 346 60 20 kom-

175 374 40 21 mit
231 374 34 21 till
281 374 40 22 den
337 374 121 22 erfarenhet
473 378 32 18 att
521 376 36 20 det
572 377 25 19 är
611 376 86 26 mycket
712 375 68 21 sällan
797 381 45 15 som
858 374 91 27 gvinnan
964 380 38 14 an-

175 403 54 21 mält
243 403 33 27 sig
291 405 32 19 att
338 403 66 21 blifva
419 404 87 27 myndig
520 404 37 21 vid
572 405 25 20 21
615 404 30 21 år.
667 404 98 21 Orsaken
776 404 72 20 dertill
859 405 24 19 är
893 403 52 21 visst
955 402 47 21 icke

176 434 33 18 att
232 432 35 21 det
290 433 69 20 skulle
381 433 95 21 medföra
491 433 67 27 nägra
574 435 58 19 stora
648 433 139 27 svärigheter,
804 434 23 25 ty
843 432 41 21 hon
901 431 102 22 behöfver

176 460 47 21 icke
246 463 65 19 annat
326 463 27 19 än
369 461 93 21 inlemna
477 464 32 19 ett
523 462 119 26 prestbevis
658 468 34 14 om
708 462 32 20 sin
757 461 60 21 älder
833 461 39 21 och
888 460 49 27 sjelf
950 460 53 21 eller

175 495 77 21 genom
275 490 78 20 ombud
376 490 84 21 anmäla
476 490 72 22 derom
563 490 40 22 hos
619 490 127 22 domstolen.
776 490 42 27 Jag
833 490 39 21 har
887 489 49 21 fiere
952 489 50 28 gän-

176 524 37 21 ger
228 518 47 21 haft
290 518 86 22 tillfälle
391 521 31 19 att
438 519 52 22 räda
505 519 90 27 gvinnor
610 521 32 19 att
658 519 52 21 söka
726 519 33 27 sig
774 518 102 28 myndiga
890 518 36 21 vid
942 519 24 19 21
979 518 24 21 är

177 546 40 22 och
239 547 66 21 innan
328 548 27 20 25
378 547 34 21 ärs
427 548 66 26 älder,
509 554 49 15 men
574 548 36 21 det
624 548 66 21 hafva
705 548 26 21 de
747 549 76 25 vägrat
838 547 39 21 och
893 553 51 15 anse
960 546 43 22 för-

175 576 118 27 mänligare
315 576 34 21 för
372 576 32 28 sig
426 578 32 20 att
480 576 133 22 fortfarande
633 577 33 21 stä
689 576 68 22 under
780 576 182 27 förmynderskap.
992 576 10 20 I

175 604 67 28 några
257 604 22 22 få
294 604 38 22 fall
347 605 40 21 har
401 605 58 21 såväl
474 605 151 27 förmyndaren
641 612 45 14 som
702 606 41 20 den
754 604 95 28 gvinliga
866 604 136 27 myndlingen

176 633 96 27 rädgjort
287 634 49 20 med
350 634 45 27 mig
410 640 34 15 om
460 635 71 26 saken,
548 634 40 22 och
603 634 42 26 det,
662 634 27 21 dä
705 634 93 26 gvinnan
813 633 47 21 haft
875 636 32 18 att
922 633 82 21 erhälla

177 662 134 28 löseskilling
333 662 53 22 eller
401 663 53 27 sälja
469 663 48 21 ärfd
532 663 103 27 fastighet
651 663 39 21 och
705 662 152 28 förmyndaren
873 662 68 21 skulle
956 662 47 20 haft

177 692 68 20 större
261 691 123 27 omgångar.
413 692 159 26 Förmyndaren
589 692 68 21 skulle
671 691 109 27 nämligen
796 698 52 14 vara
863 693 92 25 tvungen
970 692 33 19 att

177 719 6 21 i
206 720 57 20 vissa
286 720 38 20 fall
344 720 33 21 för
393 720 45 21 sina
453 720 101 28 ätgärder
568 721 80 27 begära
664 720 103 21 domstols
782 720 107 25 tillständ;
905 726 47 14 men
968 725 35 15 om

177 748 92 26 gvinnan
293 748 50 28 sjelf
364 749 54 21 låter
440 749 95 21 förklara
551 749 32 27 sig
597 749 94 27 myndig,
707 749 24 21 sä
746 748 105 22 undvikas
867 748 77 27 många
959 754 44 15 om-

177 777 87 27 gångar.
295 777 39 21 Om
357 778 36 20 det
415 778 77 21 hittills
515 778 134 21 existerande
665 778 145 20 förhållandet
825 778 39 20 har
880 777 62 27 ingen
958 777 44 21 olä-

177 806 80 26 genhet
272 806 111 27 försports,
400 809 50 19 utan
466 809 92 19 tvärtom
574 806 83 22 medför
673 806 40 21 den
729 812 28 15 nu
768 806 93 21 varande
873 805 129 27 lagstiftnin-

176 841 41 21 gen
231 834 78 28 många
325 834 101 27 fördelar;
443 836 39 20 och
498 836 27 20 då
540 836 62 27 lagen
618 837 24 19 är
656 835 59 21 färsk
731 841 48 21 nog,
794 835 67 26 knapt
872 835 25 21 25
910 834 23 21 år
943 840 60 21 gam-

176 863 49 27 mal,
246 864 23 21 så
284 864 74 27 tyckes
374 864 42 27 mig
432 867 31 19 att
479 870 26 15 en
521 864 90 27 ändring
626 866 24 19 är
666 864 84 27 onödig,
764 864 24 27 ja
803 864 33 21 till
852 863 39 22 och
906 863 48 21 med
970 862 33 22 för

177 892 92 26 qvinnan
285 893 90 27 skadlig.

245 949 32 21 Hr
299 949 89 27 Prytz:
411 949 33 21 Då
456 950 38 27 jag
508 949 58 22 inom
582 950 152 27 Lagutskottet
749 949 50 21 med
813 949 44 20 min
873 951 45 18 röst
933 949 71 20 bidra-

177 978 30 27 git
230 978 33 21 till
286 977 7 21 i
316 977 61 28 fråga
392 978 92 21 varande
498 979 146 26 utskottsbet.,
660 979 37 20 ber
717 978 38 27 jag
771 979 32 20 att
819 977 56 22 fästa
890 977 114 27 uppmärk-

177 1007 111 20 samheten
310 1007 35 20 vid
368 1007 66 27 några
456 1007 182 27 omständigheter
657 1007 82 21 härvid.
770 1006 135 21 Motionären
921 1006 31 21 Hr
968 1006 36 21 El-

177 1035 50 28 ving
243 1037 62 25 säger
319 1035 7 20 i
343 1035 46 21 sina
403 1036 91 21 motiver
508 1036 65 21 bland
589 1038 65 19 annat
668 1035 28 27 på
711 1035 83 21 midten
811 1035 23 20 af
847 1041 48 21 pag.
912 1036 26 19 2:
954 1035 50 26 ,Att

177 1064 70 21 denna
261 1064 104 27 rättighet
380 1064 46 21 icke
442 1064 68 21 oftare
526 1065 124 27 begagnats,
666 1067 27 18 än
708 1064 7 21 i
731 1063 148 28 verkligheten
895 1064 63 25 skett,
971 1063 33 21 får

176 1093 47 20 icke
239 1093 67 20 heller
321 1093 125 20 tillskrifvas
461 1093 70 27 någon
546 1093 147 28 obenägenhet
708 1093 53 20 eller
771 1093 112 20 medveten
894 1091 110 28 oförmåga

177 1121 39 22 hos
239 1121 40 21 den
301 1127 57 21 unga
374 1121 92 26 qvinnan
481 1124 33 19 att
529 1122 49 27 sjelf
592 1121 92 22 förvalta
699 1121 33 21 sin
748 1121 155 27 förmögenhet,
919 1123 22 24 ty
957 1121 7 20 i
980 1121 24 20 så

177 1149 38 22 fall
230 1150 56 21 hade
301 1150 72 21 säkert
388 1150 78 27 många
481 1150 89 27 qvinnor
585 1152 56 19 ännu
656 1151 35 21 vid
707 1150 60 27 fylda
783 1151 26 20 25
829 1150 24 21 år
863 1149 91 21 anhållit
964 1151 38 24 att,

176 1179 7 20 i
199 1179 95 27 enlighet
309 1179 49 20 med
373 1179 73 26 lagens
462 1179 155 27 medgifvande,
634 1179 134 21 fortfarande
791 1178 22 21 få
828 1178 67 21 anlita
911 1178 93 27 förmyn-

177 1207 62 21 dares
254 1207 102 21 bistånd”.
380 1207 65 22 Detta
459 1210 150 19 resonnement
624 1210 44 19 tror
681 1208 38 27 jag
734 1207 47 21 icke
797 1207 74 26 håller,
889 1209 21 24 ty
926 1207 40 20 den
977 1207 27 20 25

177 1236 60 27 åriga
260 1235 100 27 qvinnan,
384 1241 44 16 som
444 1237 122 26 antagligen
581 1237 32 20 uti
629 1237 46 20 icke
691 1236 23 21 så
730 1235 23 22 få
768 1235 39 21 fall
822 1235 56 21 varit
892 1235 112 21 medveten

177 1271 35 14 om
228 1265 32 20 sin
277 1264 111 27 oförmåga
403 1267 32 18 att
450 1265 63 21 sköta
528 1265 31 21 sin
576 1265 155 27 förmögenhet,
747 1271 50 14 men
813 1265 35 20 det
858 1264 90 21 oaktadt
958 1264 47 20 icke

176 1293 58 21 velat
257 1293 66 20 anlita
346 1293 228 27 förmyndarebistånd,
595 1294 40 21 har
657 1293 89 21 handlat
770 1293 23 20 så
809 1293 24 20 af
847 1293 63 21 orsak
926 1294 32 19 att
974 1294 31 19 ett

176 1322 137 21 erkännande
336 1321 57 21 inför
414 1324 57 19 rätta
493 1322 24 21 af
537 1322 80 21 hennes
640 1322 111 27 oförmåga
775 1322 6 20 i
797 1321 92 21 berörda
905 1321 100 21 afseende

177 1351 69 20 skulle
261 1350 34 21 för
310 1350 69 21 henne
394 1351 56 20 varit
465 1351 7 20 i
487 1351 43 27 hög
544 1351 53 27 grad
612 1351 131 21 kränkande.
767 1350 49 21 Hon
832 1350 39 21 har
881 1350 36 21 vid
929 1349 76 21 sådant

177 1379 134 21 förhållande
322 1379 118 27 föredragit
455 1381 39 25 att,
510 1380 90 21 oaktadt
615 1380 41 21 den
670 1379 101 26 kostnad,
788 1385 46 15 som
850 1378 86 21 dermed
952 1378 53 21 kun-

176 1410 38 19 nat
228 1414 53 15 vara
296 1407 95 27 förenad,
407 1408 70 21 vända
492 1408 32 27 sig
539 1409 34 20 till
588 1408 70 27 någon
673 1407 130 28 rådgifvare,
820 1407 33 21 för
864 1407 85 21 hvilken
962 1406 42 21 hon

175 1436 48 21 haft
244 1436 129 21 förtroende.
403 1436 79 21 Vidare
498 1439 61 25 säges
574 1437 39 20 här
628 1437 7 20 i
652 1437 93 26 följande
761 1436 84 27 stycke:
861 1435 108 27 ,Jemföra
983 1435 21 21 vi

175 1465 47 21 åter
238 1465 93 26 qvinnan
346 1465 49 20 med
410 1471 97 20 mannen,
523 1465 68 22 måste
607 1465 36 21 det
658 1465 34 21 väl
707 1465 113 25 erkännas,
838 1467 32 18 att
886 1464 42 21 hon
944 1464 6 20 i
966 1463 39 21 all-

175 1493 89 21 mänhet
279 1493 93 27 tidigare
387 1494 115 26 utvecklas,
518 1494 40 21 och
573 1496 32 19 att
621 1500 26 15 en
663 1494 78 26 qvinna
756 1493 36 21 vid
808 1495 25 19 21
851 1493 23 21 år
889 1492 117 27 ingalunda

175 1524 24 19 är
214 1522 84 21 mindre
312 1529 78 20 mogen
406 1523 6 20 i
428 1523 105 20 anseende
549 1523 33 21 till
598 1522 96 22 förstånd
709 1522 41 21 och
758 1522 91 21 känslan
860 1521 23 21 af
893 1521 36 21 det
940 1523 63 24 rätta,

175 1551 52 20 eller
249 1557 60 14 mera
331 1551 114 27 mottaglig
465 1551 33 21 för
512 1551 72 22 lifvets
600 1551 108 21 frestelser
725 1553 27 19 än
768 1557 26 14 en
809 1557 50 14 man
875 1550 23 21 af
912 1552 91 19 motsva-
