1061 1756
176 130 55 21 1622
430 135 24 17 R.
468 140 18 12 0.
495 136 22 16 A.
529 136 59 16 1888.
606 135 26 17 26
644 135 49 21 Maj.

149 220 75 22 fundet
238 221 124 27 uppträder,
378 222 24 19 är
418 226 26 16 en
458 220 54 27 följd
527 220 23 21 af
564 220 36 22 det
614 220 114 21 bakvända
743 220 50 26 sätt,
808 219 81 27 hvarpä
904 220 7 21 i
926 225 48 15 rus-

148 249 152 28 drycksfrägan
321 249 114 27 lagstiftas,
458 249 27 22 de
507 248 115 26 fördomar,
645 255 46 15 som
711 248 91 22 rörande
817 248 156 28 rusdryckerna

149 278 70 22 säsom
234 278 179 27 njutningsmedel
428 280 52 24 göra
495 278 32 27 sig
541 278 104 27 gällande.
668 278 41 26 Jag
724 277 112 22 betraktar
852 278 35 21 det
903 277 70 22 säsom

149 313 27 15 en
198 309 81 19 statens
302 307 120 27 skyldighet
438 308 32 20 att
485 307 75 21 arbeta
575 307 33 21 för
624 313 26 15 en
664 306 131 27 förändring.
825 306 43 22 Det
883 308 24 19 är
921 306 53 21 vära

147 336 67 26 lagar,
229 335 116 27 ingalunda
359 335 56 21 blott
430 335 65 21 seden
510 336 39 20 hos
564 335 48 21 värt
631 335 51 25 folk,
699 342 45 14 som
760 335 78 27 skapat
852 335 120 21 drinkaren.

148 364 45 21 Och
209 364 38 21 det
261 366 24 19 är
300 364 61 21 äfven
376 364 8 21 i
399 364 43 26 hög
456 364 53 26 grad
525 364 52 20 vära
591 364 67 26 lagar,
667 370 46 14 som
728 364 7 20 i
751 364 61 20 detta
826 363 39 21 fall
880 363 93 21 bestämt

149 392 72 27 seden,
237 392 93 22 bestämt
345 392 41 22 den
401 392 94 27 riktning
511 392 40 21 den
566 392 92 26 inslagit.
684 392 181 27 Dryckenskapen
880 394 24 19 är
919 393 54 20 star-

147 421 55 27 kast,
226 421 37 21 der
285 421 130 27 rusdrycken
438 423 25 19 är
483 421 75 21 lättast
572 420 130 28 tillgänglig;
718 421 40 21 den
774 420 42 22 blir
831 421 39 21 allt
885 421 88 27 sällsyn-

147 451 53 24 tare,
221 450 24 26 ju
267 450 86 21 svärare
376 450 117 26 ätkomliga
515 450 155 26 rusdryckerna
685 452 44 19 äro.
759 450 46 21 Och
828 450 36 21 det
882 452 23 19 är
920 450 53 21 vära

146 478 67 26 lagar,
229 484 45 14 som
289 478 8 20 i
311 478 121 20 hufvudsak
454 478 125 25 bestämma,
595 478 53 21 hvar
674 478 61 21 dessa
760 478 90 26 drycker
874 478 22 21 få
921 485 52 14 vara

146 506 79 21 lättare
247 506 40 21 och
309 506 53 21 hvar
381 506 86 22 svärare
482 506 138 27 tillgängliga.
651 506 43 22 Det
708 508 25 19 är
748 506 83 22 säledes
846 506 51 22 vära
912 506 61 28 lagar

147 540 46 16 som
209 534 124 26 bestämma,
350 535 52 21 hvar
418 541 25 15 en
460 536 69 20 större
545 535 39 21 och
599 535 53 21 hvar
668 541 26 15 en
709 535 81 21 mindre
806 536 77 26 mängd
899 535 23 22 af
931 538 42 18 sta-

148 565 46 19 tens
209 563 140 27 medborgare
364 564 60 20 skola
440 563 65 21 offras
520 564 22 21 ät
558 563 185 28 dryckenskapens
754 564 80 21 Molok.

215 592 42 21 Det
280 594 24 18 är
326 598 26 14 en
374 592 52 26 liflig
448 592 141 27 öfvertygelse
604 592 82 26 härom,
705 599 46 14 som
766 592 94 22 bestämt
875 594 61 20 arten
951 593 24 21 af

147 620 48 21 mitt
217 620 155 26 uppträdande.
402 620 42 27 Jag
465 620 62 22 hari
541 621 44 21 min
600 621 90 26 petition
705 621 46 21 icke
766 622 56 20 talat
837 623 31 19 ett
884 621 38 21 ord
939 628 33 14 om

146 648 226 27 menniskovänlighet,
395 649 109 26 filantropi
529 649 39 21 och
590 649 75 27 dylikt.
695 650 50 20 Mitt
759 650 60 20 sinne
835 652 24 18 är
873 650 47 20 icke
936 656 37 14 an-

146 677 60 27 lagdt
221 677 32 21 för
267 677 149 27 välgörenhet;
433 678 37 21 det
481 680 24 18 är
520 678 116 26 ingalunda
650 678 34 21 för
699 680 32 19 att
746 678 21 22 fä
782 678 70 22 frossa
866 678 8 21 i
889 678 84 22 medve-

146 706 75 21 tandet
243 706 24 21 af
287 706 85 21 utförda
394 707 56 26 goda
468 706 119 27 gerningar,
604 713 45 15 som
662 707 38 27 jag
714 707 83 27 antagit
812 707 43 27 mig
870 708 41 20 den
926 707 46 24 sak,

147 740 46 15 som
215 736 24 19 är
262 735 41 21 den
320 735 61 25 enda,
391 735 61 21 hvari
466 735 37 27 jag
517 735 69 21 denna
600 736 104 26 landtdag
719 735 127 27 någongång
862 736 53 27 tagit
930 736 43 26 mig

146 763 65 21 talan.
242 762 49 22 Men
313 763 56 21 hvad
389 763 37 27 jag
448 763 90 27 fordrar,
554 766 25 19 är
594 766 33 19 att
641 764 49 21 värt
704 764 44 21 folk
764 764 40 22 och
819 764 51 21 vära
885 765 88 21 ständer

146 793 53 25 göra
222 791 31 21 sin
278 791 126 27 skyldighet.
434 792 41 27 Jag
497 792 111 22 betraktar
630 792 47 22 icke
700 793 219 26 räddningsanstalter
938 793 35 21 för

147 820 100 21 drinkare
269 820 71 21 såsom
363 822 32 19 ett
410 820 172 26 öfverflödsverk,
599 827 45 15 som
660 821 42 21 kan
717 822 83 20 utföras
815 822 40 20 och
870 822 103 26 uppskju-

146 850 33 19 tas
195 848 54 22 efter
264 848 76 27 behag.
369 849 41 27 Jag
425 849 113 21 betraktar
553 850 48 20 dem
618 849 70 22 säsom
703 849 123 27 nägonting,
842 850 81 21 hvilket
939 850 32 25 de,

147 882 45 16 som
207 877 20 21 vi
242 876 121 27 förorättat,
379 884 46 14 som
440 878 21 20 vi
480 884 76 21 genom
570 878 39 21 vär
623 878 132 27 lagstiftning
773 880 79 20 störtat
872 878 6 21 i
889 878 82 24 elände,

145 907 38 19 äro
198 905 134 27 berättigade
348 907 32 20 att
394 906 80 22 fordra.
498 907 42 21 Det
556 908 24 20 är
594 906 39 22 vär
648 907 54 27 pligt
716 909 33 19 att
764 906 149 28 äterupprätta
924 908 47 21 dem

145 934 21 21 vi
181 934 124 27 förderfvat,
320 935 40 21 och
375 935 72 21 derför
462 935 35 21 mä
512 936 20 20 vi
548 942 22 15 se
580 936 40 26 till,
630 936 56 21 huru
695 936 20 21 vi
725 936 97 27 uppfylla
832 936 69 22 denna
911 937 61 26 pligt.

213 963 42 27 Jag
276 963 56 22 hade
354 964 77 21 önskat
454 966 33 20 att
509 965 94 21 inträdet
617 965 8 21 i
640 965 63 21 dessa
723 965 103 21 anstalter
841 966 46 20 icke
903 966 68 21 skulle

145 992 52 21 bero
220 992 75 21 endast
317 992 24 22 af
353 992 126 22 drinkarens
493 993 56 27 goda
564 993 56 27 vilja.
650 994 42 26 Jag
706 994 55 21 hade
777 994 77 21 önskat
869 996 32 20 att
917 1000 55 16 sam-

144 1020 67 21 hället
233 1020 33 22 till
288 1021 86 27 ledning
395 1021 34 22 för
451 1022 47 21 sina
519 1022 140 21 medlemmar
681 1022 68 22 skulle
765 1022 152 27 upprätthällit
931 1023 40 21 den

144 1049 141 27 bestämning,
301 1050 137 26 hvarigenom
454 1050 148 27 dryckenskap
618 1051 106 21 förklaras
739 1058 52 14 vara
807 1053 32 20 ett
854 1052 59 21 brott
927 1055 44 18 mot

144 1079 81 20 statens
247 1078 60 26 lagar
325 1078 39 21 och
379 1080 33 19 att
427 1081 99 18 ansvaret
540 1079 33 21 för
588 1079 153 22 öfverträdelse
757 1080 130 21 ätminstone
902 1081 7 20 i
925 1080 47 21 svä-

144 1112 49 15 rare
215 1106 38 21 fall
274 1113 51 15 vore
348 1113 26 14 en
396 1109 93 25 tvungen
511 1107 86 22 vistelse
614 1108 8 21 i
636 1107 229 28 förbättringsanstalt.
895 1109 76 21 Denna

144 1135 43 21 min
203 1134 88 22 fordran
306 1135 39 21 har
359 1135 96 22 förfallit.
478 1137 11 20 I
503 1136 53 27 följd
571 1136 23 21 af
607 1136 77 26 beslut,
694 1143 45 15 som
747 1137 35 21 vid
791 1137 69 21 denna
868 1137 103 27 landtdag

144 1163 47 22 icke
207 1163 72 22 kunna
295 1164 83 26 ändras,
394 1164 93 22 äterstär
503 1171 89 15 numera
606 1165 76 22 endast
698 1165 182 27 önskningsmälet
890 1167 33 20 att
933 1173 37 14 an-

145 1192 77 22 stalter
237 1192 23 22 af
273 1192 60 22 detta
348 1193 45 28 slag
408 1193 67 22 måtte
490 1194 96 21 inrättas.
610 1194 44 21 Det
668 1195 24 20 är
700 1194 79 24 bättre,
790 1201 34 14 om
836 1195 26 21 de
872 1195 99 26 inrättas,

146 1224 27 20 än
196 1229 35 15 om
253 1223 26 21 de
301 1222 47 22 icke
369 1223 68 22 finnas
452 1223 39 24 till,
507 1223 71 22 derför
593 1223 69 22 mäste
675 1223 36 27 jag
726 1223 133 22 fortfarande
874 1225 98 26 upprätt-

145 1251 59 22 hålla
218 1252 44 21 min
277 1252 182 26 petition
378 1247 10 37 i
396 1252 63 26 denna
474 1252 41 21 del.
535 1252 43 21 För
589 1252 101 21 drinkare
700 1252 134 21 underlättas
850 1253 121 26 derigenom

147 1280 66 21 likväl
235 1280 137 27 möjligheten
394 1280 24 21 af
439 1282 32 19 att
487 1281 124 26 förbättras,
626 1281 113 21 samhället
754 1281 97 21 kommer
854 1276 12 36 i
889 1281 82 21 tillfälle

147 1310 32 19 att
201 1308 92 22 afbörda
315 1309 32 27 sig
368 1309 56 21 helst
446 1309 70 27 någon
538 1309 35 21 del
595 1308 23 22 af
639 1309 32 21 sin
686 1309 69 25 skuld,
771 1309 40 21 och
826 1309 37 21 det
878 1311 24 19 är
917 1309 55 22 dock

146 1337 72 22 bättre
241 1339 33 19 att
291 1339 54 25 göra
358 1337 123 27 någonting,
497 1339 28 20 än
540 1339 32 20 att
587 1338 91 21 törhålla
694 1339 31 26 sig
739 1338 130 26 fullkomligt
883 1338 88 27 passivt.

215 1365 112 22 Utskottet
349 1366 39 21 har
410 1366 100 21 anmärkt
532 1368 56 20 emot
607 1366 119 27 petitionen
740 1368 39 24 att,
794 1367 66 20 innan
874 1366 38 21 vår
927 1368 44 19 stat

147 1394 28 27 på
197 1394 65 27 något
286 1396 44 20 sätt
352 1395 66 21 borde
440 1397 51 25 taga
513 1395 119 27 befattning
647 1395 49 21 med
711 1395 69 21 denna
795 1395 45 24 sak,
856 1401 27 16 en
897 1395 73 27 längre

147 1423 42 22 tids
211 1423 122 22 erfarenhet
354 1423 47 22 från
423 1425 99 20 närmare
544 1423 44 21 håll
610 1430 35 15 om
667 1423 163 28 ifrågavarande
855 1424 115 21 anstalters

146 1452 137 21 verksamhet
304 1452 68 21 skulle
394 1452 115 21 erfordras.
538 1452 44 21 För
596 1453 44 20 min
656 1452 35 21 del
705 1453 25 20 är
743 1453 37 26 jag
794 1452 8 21 i
817 1452 81 27 princip
913 1454 58 19 emot

148 1483 31 19 ett
201 1480 76 22 sådant
295 1483 155 20 resonnement.
481 1481 42 27 Jag
537 1480 81 22 förstår
632 1481 54 24 icke,
701 1481 86 21 hvarför
802 1481 48 21 värt
865 1481 50 21 land
931 1481 40 21 och

146 1509 48 22 vårt
215 1509 45 22 folk
281 1509 163 27 nödvändigtvis
459 1509 55 22 skall
528 1509 120 22 förbehålla
662 1509 32 27 sig
709 1509 41 22 den
765 1509 91 22 dubiösa
871 1511 51 20 äran
938 1512 33 19 att

147 1537 60 22 alltid
229 1544 52 15 vara
303 1538 26 21 de
351 1538 59 21 sista.
440 1538 93 21 Hvarför
555 1537 23 22 vi
596 1537 40 22 här
650 1538 69 27 aldrig
733 1538 54 27 finge
803 1538 87 21 försöka
905 1539 66 20 annat
