1067 1725
359 141 25 17 R.
397 145 17 13 0.
426 141 23 17 A.
459 141 60 17 1888.
540 141 23 17 19
571 141 48 21 Maj.
823 134 55 21 1419

77 226 160 28 presterskapet
259 226 39 21 har
321 226 64 22 också
407 226 67 27 enligt
496 226 99 27 gällande
611 226 123 26 författning
750 225 103 27 rättighet
868 224 38 22 och

77 254 85 22 tillfälle
184 257 32 19 att
238 254 113 22 öfvervaka
365 244 278 38 religionsundervisningen
659 255 33 21 vid
708 242 145 34 folkskolorna
868 253 39 21 och

77 283 159 22 seminarierna.
262 283 45 21 Och
323 283 67 21 skulle
406 284 60 21 detta
481 283 46 22 icke
543 290 61 15 anses
620 283 109 27 tillfyllest,
745 284 24 20 så
779 282 71 22 kunde
861 288 46 16 sna-

80 318 47 15 rare
150 312 66 21 andra
238 312 107 26 garantier
367 312 69 23 sökas,
459 312 107 21 måhända
589 315 31 18 att
643 313 68 25 någon
734 310 90 22 särskild
840 310 67 22 öfver-

78 340 111 28 inspektor
210 340 32 21 för
264 340 278 27 religionsundervisningen
562 341 98 21 tillsattes
676 340 34 21 vid
725 339 183 28 skolöfverstyrel-

78 376 39 15 sen
140 368 51 22 eller
209 370 69 25 någon
294 376 69 14 annan
379 369 56 27 dylik
451 370 76 26 åtgärd
542 370 102 25 vidtoges.
675 364 126 42 Antagligen
818 368 38 21 har
872 368 35 21 det

78 398 56 21 varit
147 398 44 26 just
207 398 68 20 denna
290 404 25 14 ur
331 398 202 26 petitionsförslaget
547 398 142 26 framlysande
709 398 23 20 så
743 399 32 19 att
785 398 51 25 säga
846 395 62 23 kleri-

80 426 48 22 kala
151 426 94 26 tendens,
268 432 45 16 som
333 426 56 27 gjort
404 428 32 20 att
451 426 113 22 Allmänna
579 426 208 22 Besvärsutskottets
801 425 107 27 majoritet

77 456 27 20 så
126 454 56 22 snäft
204 444 114 32 behandlat
333 454 48 22 hela
395 455 82 27 frågan.
507 455 40 27 Jag
563 455 104 21 erkänner
682 456 32 20 att
729 454 40 22 den
785 454 7 20 i
807 460 49 21 nyss
871 460 37 14 an-

78 484 68 32 tydda
161 483 157 27 omständighet
328 484 81 20 kunnat
424 483 63 22 hafva
503 484 45 21 skäl
565 486 32 19 att
613 483 93 27 afstyrka
721 482 123 28 petitionen,
861 488 47 16 men

75 512 40 26 jag
138 512 100 32 beklagar
261 514 32 19 att
318 512 40 21 den
373 512 73 22 dervid
462 512 45 22 helt
522 512 39 22 och
577 512 66 21 hållet
657 512 98 21 förbisett
770 511 35 21 det
821 510 86 22 berätti-

79 540 55 27 gade
156 540 6 21 i
185 540 73 27 sjelfva
273 540 47 22 idén
337 547 33 15 om
386 540 125 23 småskolor,
528 547 46 15 som
590 541 7 20 i
612 540 42 22 alla
669 540 36 21 fall
721 541 67 20 måste
803 540 104 21 erkännas

79 575 51 16 vara
146 569 32 22 för
193 569 90 21 handen.
307 569 41 32 Jag
363 572 46 19 tror
424 571 32 20 att
467 570 34 21 vid
513 570 39 21 den
563 569 136 33 behandling,
709 569 74 27 frågan
794 568 34 22 vid
839 568 69 22 denna

79 598 103 26 landtdag
198 597 91 27 erhållit,
305 598 108 27 ingenting
428 598 33 21 för
477 598 134 27 ögonblicket
626 599 41 20 kan
677 598 7 21 i
695 598 65 21 saken
771 599 69 25 göras.
866 597 42 22 För

80 627 44 20 min
147 627 33 20 del
203 626 68 21 skulle
284 627 36 26 jag
335 633 65 20 gerna
415 627 126 22 understödt
557 633 25 15 en
598 623 90 42 petition
702 626 81 27 gående
800 625 87 28 ungefär
901 625 7 21 i

79 655 43 21 den
144 655 101 26 riktning,
269 659 32 18 att
317 656 58 21 Hans
392 655 100 27 Majestät
511 656 83 21 täcktes
610 655 43 22 låta
669 657 96 19 närmare
781 654 125 25 undersöka,

80 683 55 22 huru
158 684 39 21 och
220 685 27 26 på
263 684 54 21 hvad
333 687 42 18 sätt
390 684 285 27 småskoleundervisningen
691 683 69 22 kunde
776 683 85 27 bringas
876 683 32 21 till

78 713 71 20 större
165 712 155 27 fullkomlighet.
351 713 32 21 Då
399 712 63 22 likväl
479 715 31 19 ett
520 713 95 26 yrkande
626 713 27 26 på
663 712 120 22 återremiss
795 712 34 21 vid
839 712 69 21 denna

81 741 100 32 tidpunkt
196 741 22 20 af
232 741 128 26 landtdagen
376 741 46 21 icke
437 741 69 22 skulle
521 741 48 21 leda
585 741 31 21 till
627 742 64 31 något
702 740 95 25 resultat,
809 741 23 21 så
843 740 65 21 afstår

76 769 40 27 jag
138 769 45 21 från
207 772 31 18 ett
260 770 76 21 sådant
351 770 100 27 yrkande,
469 777 48 14 men
530 770 36 26 jag
581 772 38 24 gör
635 770 36 21 det
685 769 7 21 i
708 769 40 22 den
764 769 144 27 öfvertygelse,

82 800 33 19 att
130 798 73 26 frågan
220 804 33 15 om
268 798 209 21 småskoleväsendet
493 799 39 20 hör
546 798 32 21 till
594 799 55 25 dem,
659 805 45 14 som
715 798 46 21 icke
772 798 71 21 kunna
853 797 55 22 falla.

151 855 32 21 Hr
199 855 26 21 H.
242 855 24 21 A.
283 855 143 22 Mechelin:
450 856 46 22 Den
520 857 83 20 sortens
621 855 72 22 skolor
715 855 33 22 för
771 855 140 27 minderåriga

82 885 60 25 barn,
159 890 34 14 om
209 884 71 21 hvilka
298 884 117 27 petitionen
431 884 97 26 handlar,
545 886 37 20 äro
598 885 62 26 ingen
676 891 27 21 ny
725 884 44 22 sak.
800 884 26 21 Vi
849 884 61 21 hafva

83 912 45 21 haft
144 912 47 21 dem
207 912 68 27 länge,
291 919 47 15 men
354 914 27 26 på
397 917 25 17 de
437 913 53 22 sista
506 914 27 20 30
548 914 50 21 åren
615 913 62 21 hafva
693 913 25 21 de
737 914 61 20 ökats
814 912 6 21 i
836 912 74 28 betyd-

82 941 30 27 lig
126 941 59 26 grad.
216 941 67 21 Dessa
299 941 72 21 skolor
386 942 63 21 hafva
464 942 33 21 väl
513 942 45 21 haft
573 943 58 20 svårt
646 944 32 19 att
693 944 81 19 uträtta
789 942 65 26 något
864 948 47 20 syn-

82 969 84 27 nerligt,
184 969 22 21 af
219 969 53 22 brist
287 971 28 26 på
329 970 100 27 lämpliga
453 970 76 25 lärare;
552 977 29 15 nu
603 971 39 20 har
665 970 81 22 derföre
769 970 141 27 petitionären

81 998 51 21 sökt
147 998 111 21 framhålla
274 998 99 22 behofvet
387 999 22 21 af
423 1000 66 26 något
504 999 55 27 slags
575 999 140 27 inrättningar
731 999 32 21 för
778 998 133 22 utbildandet

84 1026 22 22 af
127 1026 180 22 smäskolelärare.
346 1027 37 21 Att
406 1028 62 21 dessa
491 1028 73 21 skolor
586 1027 119 27 egentligen
727 1027 52 22 böra
801 1027 111 21 betraktas

83 1056 71 20 såsom
170 1061 24 15 en
206 1055 32 21 till
254 1056 36 20 det
306 1056 96 27 kyrkliga
413 1056 97 21 området
521 1056 93 22 hörande
625 1056 125 26 institution,
767 1056 73 21 derom
851 1056 61 21 torde

84 1083 71 21 tvifvel
172 1084 46 20 icke
233 1084 72 21 kunna
320 1084 96 25 existera,
433 1087 40 19 när
488 1091 48 15 man
552 1085 103 21 betänker
677 1087 32 19 att
724 1084 130 28 kyrkolagen
870 1084 42 21 för-

84 1114 93 19 utsätter
192 1112 79 22 sådana
287 1112 21 22 af
323 1114 40 20 den
379 1113 97 27 kyrkliga
491 1114 148 26 församlingen
656 1113 122 21 anordnade
803 1113 114 21 smäskoor

84 1140 41 22 och
148 1143 32 18 att
203 1141 253 28 folkskoleförordningen
482 1142 98 21 hänvisar
603 1142 31 21 till
658 1142 46 21 dem
728 1142 31 21 för
783 1142 40 21 den
847 1141 66 22 första

86 1169 251 28 barnaundervisningen,
355 1171 37 20 der
407 1171 226 26 hemundervisningen
649 1170 94 22 befinnes
759 1170 153 21 otillfredsstäl-

84 1197 70 22 lande.
178 1197 144 23 Petitionären
339 1199 38 21 har
387 1199 183 27 hufvudsakligast
586 1199 81 21 hemtat
677 1199 31 21 sin
719 1199 34 22 idé
764 1199 46 21 från
821 1199 91 26 Sverige,

85 1226 39 21 der
148 1226 33 21 för
204 1227 131 22 närvarande
359 1227 124 22 seminarier
508 1228 32 21 för
563 1228 122 21 utbildande
708 1228 23 21 af
751 1227 162 22 småskollärare

85 1255 91 21 existera
192 1256 39 20 och
244 1256 37 26 jag
296 1259 45 18 tror
357 1258 30 19 att
403 1257 91 26 mången
510 1257 47 20 med
573 1257 78 20 honom
667 1257 67 20 måste
748 1257 116 26 frapperas,
876 1259 38 18 när

87 1289 47 15 man
151 1283 109 24 betänker,
279 1287 32 18 att
326 1285 6 20 i
348 1284 91 27 Sverige,
463 1285 39 21 der
517 1285 40 21 den
580 1285 66 26 högre
669 1285 118 21 folkskolan
811 1284 61 21 äfven
894 1285 22 22 af

86 1314 70 19 staten
172 1312 111 22 omhuldas
299 1313 38 21 och
360 1313 80 26 ganska
463 1313 84 28 mycket
569 1313 95 26 besökes,
689 1313 101 26 derjemte
812 1313 102 22 existerar

87 1340 97 27 omkring
200 1342 62 22 4,600
279 1341 31 21 till
326 1348 25 15 en
367 1341 33 22 del
416 1341 168 22 ambulatoriska
599 1330 132 36 haroskolor,
751 1341 71 22 hvilka
845 1348 47 15 man
908 1342 6 21 i

87 1356 97 39 Sverige.
189 1369 115 22 benämner
319 1370 121 21 folkskolor.
467 1371 33 21 Dä
516 1377 48 14 man
579 1371 38 20 hos
634 1377 34 14 oss
683 1370 55 21 talar
754 1377 33 14 om
804 1370 110 26 folkskola,

88 1399 24 19 är
128 1385 35 33 det
184 1397 116 22 detsamma
323 1405 44 14 som
390 1399 7 20 i
420 1398 88 27 Sverige
531 1399 113 21 benämnes
660 1399 64 26 högre
739 1399 112 26 folkskola,
868 1405 47 14 men

88 1425 62 22 dessa
165 1425 6 21 i
188 1426 85 27 Sverige
289 1427 23 21 sä
330 1427 74 20 talrikt
427 1427 107 22 inrättade
558 1429 23 20 sä
604 1427 83 21 kallade
709 1427 145 21 folkskolorna
878 1429 36 19 äro

89 1454 55 21 hvad
160 1454 7 21 i
184 1455 36 20 vär
235 1455 103 26 kyrkolag
355 1456 38 20 och
409 1456 38 21 vär
462 1456 229 31 folkskoleförorduing
714 1455 115 22 benämnes
853 1455 61 21 barn-

89 1482 72 21 skolor
177 1483 52 21 eller
244 1472 123 33 sinäskolor.
391 1483 44 22 När
451 1491 49 14 man
516 1484 70 26 frägar
601 1484 31 26 sig,
655 1487 36 18 äro
703 1484 79 21 sädana
797 1484 119 21 smäskolor

90 1511 38 21 hos
144 1517 33 15 oss
194 1511 110 27 behötliga,
320 1513 24 20 sä
359 1513 60 20 torde
437 1515 72 18 svaret
532 1514 68 19 måsta
620 1501 67 32 blifva
707 1512 99 27 jakande.
836 1513 43 20 Det
894 1515 24 18 är

90 1539 124 27 tillräckligt
229 1540 73 25 kändt,
323 1541 70 21 såsom
409 1541 42 20 den
474 1541 126 27 föregående
623 1541 64 21 ärade
710 1541 81 21 talaren
813 1540 105 27 framhöll,
