1061 1756
372 142 26 18 R.
410 146 18 14 0.
440 142 22 17 A.
474 142 60 18 1888.
552 143 24 17 31
583 142 49 22 Maj.
836 138 53 22 1675

161 227 58 21 Frih.
242 234 41 14 von
305 228 80 21 Born
407 228 163 27 helsningstalet
592 229 32 21 till
647 229 168 27 Presteständet,
838 230 81 22 hvilket

91 255 63 28 lydde
169 255 100 22 sälunda:

228 313 158 27 Högvördigste
407 314 57 21 Herr
479 314 135 27 Erkebiskop
630 314 39 22 och
684 314 100 22 Talman!

356 371 138 27 Högvördiga
509 371 144 21 Presteständ!

159 427 27 23 R.
201 434 19 14 o.
236 428 26 21 A.
278 427 96 21 frambär
388 434 77 21 genom
481 434 40 20 oss,
537 428 49 21 dess
602 428 137 26 deputerade,
762 428 32 21 till
813 429 37 20 det
864 428 54 27 hög-

91 455 89 27 vördiga
195 455 163 22 Presteständet
374 457 32 20 sin
421 456 135 21 vördsamma
572 456 189 27 afskedshelsning.

180 484 13 21 ä
208 485 166 21 medlemmarne
389 485 24 21 af
425 485 84 21 landets
525 485 169 26 representation
706 491 29 15 nu
750 485 74 27 skiljas
839 485 23 21 ät
877 485 40 22 och

90 512 76 27 ätergä
181 513 32 21 till
229 513 46 21 sina
292 513 138 27 hvardagliga
445 513 54 27 värf,
515 515 24 20 är
554 513 36 22 det
604 513 47 21 icke
666 513 55 22 blott
736 513 49 22 med
801 519 26 16 en
842 513 75 22 känsla

90 541 24 21 af
127 541 108 27 personlig
250 541 85 22 lättnad
351 541 6 21 i
372 541 78 22 mättet
465 541 23 22 af
501 542 85 26 bördor,
607 543 52 20 utan
682 541 64 22 ocksä
767 542 69 21 under
857 542 60 21 med-

89 570 102 21 vetandet
206 570 23 21 af
243 570 54 21 efter
312 570 62 21 bästa
390 570 97 27 förmäga
501 570 59 27 fylda
576 571 78 26 pligter
665 570 40 21 och
714 571 47 21 icke
771 570 24 21 sä
810 570 22 21 fä
847 577 70 14 vunna

89 599 98 21 resultat.
219 599 40 21 Väl
275 599 64 21 hafva
354 599 51 21 flere
420 599 81 27 vigtiga
515 599 73 27 frågor
610 599 47 21 icke
680 599 75 21 vunnit
777 605 27 15 en
826 599 90 27 lösning,

91 633 46 16 som
152 627 82 22 kunnat
249 627 157 22 tillfredsställa
421 628 55 21 allas
491 628 85 27 åsigter,
593 627 40 22 och
643 634 50 14 man
703 627 40 22 har
753 627 107 22 måhända
870 627 46 22 icke

90 658 52 19 utan
157 656 48 21 skäl
219 656 75 27 spårat
309 663 26 15 en
357 657 124 21 reaktionär
503 657 89 21 tendens
614 656 36 21 vid
672 662 27 15 en
721 656 34 21 del
777 656 138 27 afgöranden.

90 685 26 21 R.
132 691 19 15 o.
167 685 26 20 A.
208 685 73 21 älskar
296 685 55 21 dock
365 687 42 22 tro,
423 687 33 19 att
470 685 70 21 denna
554 685 89 21 tendens
659 685 54 21 varit
735 691 60 15 mera
818 685 98 24 skenbar,

90 715 28 19 än
133 713 88 27 verklig,
237 719 59 16 mera
311 713 109 28 uttrycket
434 713 35 22 för
487 719 26 16 en
535 713 140 27 öfvergående
698 714 112 26 stämning,
834 715 27 20 än
883 713 33 21 för

88 747 28 16 en
131 741 116 22 bestående
264 742 146 27 öfvertygelse.
437 742 37 27 Ty,
491 748 34 15 om
540 742 62 21 äfven
616 742 8 21 i
639 742 47 21 vårt
701 742 151 27 undangömda
866 741 51 22 land

90 769 276 23 samhällsförhållandenas
381 773 37 24 yta
433 773 103 24 uppröres
552 771 23 21 af
588 771 82 26 oroliga
686 771 169 26 dagsopinioner,
876 771 39 21 bor

89 799 56 22 dock
160 799 28 27 på
204 799 88 22 bottnen
315 806 27 15 en
364 799 54 22 sund
436 799 162 24 konservatism,
615 799 114 22 befruktad
744 799 23 22 af
781 805 27 16 en
822 799 95 22 måttfull

90 828 123 25 liberalism,
228 829 7 20 i
250 828 79 27 lycklig
342 828 104 27 jemnvigt
461 828 48 21 med
525 828 132 26 hvarandra;
674 828 39 21 och
728 834 26 15 en
769 828 98 22 reaktion
883 834 33 21 sy-

89 863 39 15 nes
143 857 68 21 under
226 857 81 21 sådana
322 857 148 21 förhållanden
486 857 67 21 sakna
575 857 55 21 både
652 857 114 26 anledning
789 857 40 22 och
851 857 66 21 ända-

89 885 50 22 mål.
168 885 24 22 R.
209 892 18 15 o.
244 886 32 26 A.,
293 892 45 15 som
355 885 53 28 sjelf,
422 886 67 27 jemte
504 885 131 28 högvördiga
650 885 168 24 Presteständet,
835 885 80 22 kanske

88 921 61 14 mera
164 916 26 19 än
206 915 208 26 representationens
430 915 68 26 öfriga
513 915 65 26 delar,
594 914 70 21 såsom
680 914 97 27 politiskt
800 915 63 21 stånd
878 914 39 21 lef-

87 949 38 15 ver
139 943 29 26 på
183 943 66 21 basen
263 943 24 21 af
300 943 161 21 århundradens
478 943 109 25 tradition,
603 949 63 15 anser
676 943 31 27 sig
718 943 47 21 icke
775 943 141 21 underskatta

87 971 76 21 värdet
177 971 24 21 af
215 972 37 20 det
268 971 123 26 bestående,
408 971 27 21 då
450 971 87 21 ståndet
551 971 66 21 likväl
632 972 62 20 söker
709 971 52 27 följa
783 971 37 21 det
842 971 73 21 mode-

87 1002 49 20 rata
151 999 215 22 framåtskridandets
381 1002 46 25 väg,
444 1000 42 21 den
501 1000 62 26 enda,
579 1006 46 15 som
640 1000 42 21 kan
698 1000 82 27 skydda
802 1000 113 22 samhället

87 1029 35 21 för
136 1028 85 27 vådliga
237 1029 84 21 utbrott
337 1029 23 21 af
373 1029 70 21 tidens
458 1029 96 27 mäktiga
569 1029 144 27 strömningar
728 1029 57 21 inom
801 1029 43 21 alla
859 1035 56 15 sam-

86 1057 121 27 hällslager,
224 1057 39 21 och
279 1057 25 21 R.
320 1064 19 14 o.
355 1058 25 21 A.
397 1058 90 21 bevarar
509 1058 7 21 i
538 1059 114 26 angenämt
667 1058 70 22 minne
760 1058 26 22 de
809 1058 106 24 tillfällen,

85 1085 30 21 då
130 1086 37 21 det
182 1086 133 27 högvördiga
323 1086 163 22 Presteståndet
501 1087 46 21 icke
563 1087 74 21 tvekat
652 1089 40 23 att,
707 1087 65 22 sedan
784 1088 36 21 det
836 1088 78 22 uttalat

84 1114 35 22 sin
134 1115 111 27 allvarliga
265 1114 147 28 öfvertygelse,
435 1116 86 26 högsint
543 1116 55 21 dock
620 1116 129 28 tillmötesgå
771 1116 143 23 medstånden

85 1143 36 21 vid
137 1144 110 26 lösningen
263 1144 23 21 af
299 1144 78 26 frågor,
394 1150 45 16 som
455 1144 18 27 ej
489 1145 68 21 sällan
572 1145 70 21 direkt
658 1146 51 20 eller
725 1145 93 22 indirekt
841 1146 72 21 berört

84 1172 99 21 ståndets
199 1178 54 20 egna
267 1173 111 21 intressen.
408 1173 74 21 Under
497 1173 142 27 förhoppning
654 1176 32 19 att
702 1174 25 21 de
751 1174 81 22 fattade
856 1177 57 19 stän-

85 1200 138 22 derbesluten
238 1200 61 22 skola
314 1201 64 21 lända
393 1201 33 21 till
449 1201 81 22 båtnad
545 1202 39 20 och
600 1202 42 21 alla
665 1203 72 26 dystra
760 1202 155 28 förutsägelser

85 1229 24 21 af
122 1229 114 21 framtiden
249 1228 77 28 jäfvas,
343 1232 55 19 samt
413 1230 49 21 med
478 1236 25 15 en
521 1236 60 16 varm
604 1231 81 21 önskan
708 1233 33 19 att
763 1231 22 21 få
807 1231 106 27 framgent

86 1258 141 21 tillsammans
244 1258 48 21 med
308 1258 36 21 det
359 1258 132 27 högvördiga
505 1258 161 22 Presteståndet
681 1260 76 21 arbeta
771 1260 28 27 på
815 1266 26 16 en
853 1260 61 27 jemn

85 1287 123 25 utveckling
223 1286 23 22 af
260 1286 43 22 alla
317 1287 56 27 goda
388 1287 82 21 krafter
485 1288 8 20 i
508 1287 47 21 vårt
578 1288 56 25 land,
657 1288 40 21 har
718 1288 28 21 R.
770 1295 18 15 o.
812 1290 26 20 A.
861 1291 51 19 äran

85 1315 108 21 innesluta
208 1315 32 27 sig
255 1315 7 21 i
278 1315 57 21 Herr
343 1316 141 21 Talmannens
499 1316 40 21 och
554 1316 36 22 det
605 1316 130 28 högvördiga
746 1317 97 22 ståndets
858 1317 54 22 fort-

85 1343 88 22 farande
189 1344 85 26 välvilja
290 1344 39 21 och
345 1344 83 27 vänliga
444 1344 134 28 hågkomst."'

154 1400 32 22 Hr
201 1401 26 21 K.
243 1401 108 22 Antell
365 1401 94 27 följande
474 1402 31 21 tal
520 1402 33 22 till
568 1402 191 28 Borgareståndet:

190 1458 113 26 »Högädle
319 1458 55 22 Herr
390 1458 99 22 Talman!
506 1459 112 27 Vällofliga
633 1460 170 27 Borgareständ!

153 1514 34 21 Dä
202 1514 103 22 Finlands
328 1515 88 22 ständer
434 1522 34 20 nu,
493 1515 53 22 efter
568 1516 133 22 fullbordadt
728 1518 121 23 mödosamt
872 1521 39 22 och

85 1543 139 22 ansvarsfullt
239 1543 53 27 värf,
309 1546 36 19 äro
361 1544 51 22 redo
428 1546 33 20 att
476 1544 104 28 ätskiljas,
596 1547 24 19 är
635 1545 37 22 det
687 1546 24 21 R.
728 1553 18 15 o.
757 1547 26 21 A.
795 1553 26 16 en
832 1549 79 27 dyrbar
