1073 1734
206 118 55 21 1042
463 124 23 17 R.
500 129 17 13 0.
530 125 23 17 A.
564 126 59 16 1888.
648 126 12 16 5
673 126 48 20 Maj.

175 209 26 21 de
224 210 54 26 skäl,
302 216 45 16 som
369 210 66 22 redan
457 210 83 22 anförts
564 210 25 22 af
607 211 32 21 Hr
655 211 105 27 Lindelöf,
776 211 73 21 kunna
864 212 57 20 ännu
936 212 69 21 andra

175 238 81 28 läggas,
280 239 70 21 säsom
373 241 32 19 att
427 240 37 21 det
478 240 71 27 nägon
564 239 57 28 gäng
635 240 72 21 kunde
721 246 53 15 vara
788 239 24 22 af
825 241 69 20 större
910 240 45 27 vigt
970 240 35 22 för

175 267 73 21 landet
263 269 33 19 att
312 268 114 21 ständerna
440 268 56 28 finge
512 268 33 22 för
561 268 66 28 något
641 268 126 28 produktivt
780 268 99 22 ändamål
890 268 115 28 disponera

175 295 60 22 öfver
258 296 101 28 samtliga
377 297 140 21 vinstmedlen
533 297 7 21 i
556 297 91 26 banken,
664 299 27 19 än
707 299 32 19 att
754 298 41 20 öka
810 297 152 22 reservfonden
977 298 29 27 på

171 320 32 58 ja
220 324 42 32 tid,
285 325 28 21 dä
335 326 94 21 bankens
451 326 81 21 rörelse
554 326 48 21 icke
623 326 29 27 pä
667 326 66 27 nägot
747 326 32 21 vis
794 325 87 23 kräfver
895 332 26 16 en
937 326 67 22 sädan

175 359 86 22 ökning.

245 410 33 22 Hr
300 411 163 28 Furuhjelm:
486 413 33 21 Hr
541 413 113 21 Hackman
676 412 86 27 yttrade
784 418 49 21 nyss
856 414 33 19 att
908 412 96 21 Bankut-

174 439 82 22 skottet
271 439 47 22 icke
333 441 72 21 anfört
419 441 65 28 något
499 441 48 22 skäl
563 441 34 21 för
612 441 146 28 förstärkning
773 441 24 21 af
810 441 96 21 bankens
921 441 82 21 fonder.

174 468 41 27 Jag
238 469 38 20 ber
298 471 32 19 att
353 469 21 22 få
389 469 89 22 hänvisa
493 470 41 21 den
549 470 66 21 ärade
630 470 83 21 talaren
729 470 34 21 till
778 469 38 22 sid.
834 471 12 20 6
862 469 7 22 i
884 470 119 21 utskottets

173 497 143 27 betänkande,
333 498 37 21 der
384 499 106 21 utskottet
505 499 117 21 motiverar
637 499 70 21 denna
722 498 80 27 ökning
812 498 24 21 af
846 498 155 27 grundfonden.

173 526 42 27 Jag
236 526 88 27 medger
345 527 59 26 visst,
427 529 32 20 att
481 527 156 28 motiveringen
658 527 101 28 möjligen
773 527 71 21 kunde
859 533 53 16 vara
926 527 77 28 vidlyf-

173 554 76 27 tigare,
261 561 49 15 men
320 556 105 21 utskottet
435 556 40 21 har
484 556 7 21 i
502 557 43 20 alla
556 556 39 21 fall
605 556 72 21 anfört
688 556 110 27 åtskilliga
808 556 47 21 skäl
865 556 34 21 för
909 556 95 21 ökandet

173 583 24 21 af
218 583 97 22 bankens
337 585 88 26 kapital.
456 585 41 21 Det
519 585 122 21 förnämsta
663 585 70 21 skälet
755 587 24 19 är
802 585 34 21 väl
852 586 32 20 att
900 585 35 21 det
951 585 6 21 i
973 585 30 21 all

173 611 103 22 händelse
298 613 34 21 för
353 613 73 28 hvarje
448 614 178 27 bankinrättning
641 615 24 20 är
681 620 26 15 en
722 615 45 20 stor
783 613 69 22 fördel
866 615 33 20 att
914 620 40 21 ega
969 616 33 19 ett

174 641 70 21 starkt
259 641 88 27 kapital.
374 642 41 21 Det
431 644 24 20 är
470 649 26 15 en
511 643 46 26 sak,
574 649 45 15 som
635 642 47 21 icke
697 643 42 20 kan
755 643 77 26 dragas
848 642 7 21 i
871 641 129 22 tvifvelsmål

172 669 43 21 För
230 669 67 28 öfrigt
311 671 38 21 vill
361 671 37 27 jag
413 671 70 21 erinra
498 673 32 20 att
546 671 32 22 Hr
593 671 112 22 Hackman
720 671 51 27 sjelf
786 671 47 21 icke
851 671 71 21 anfört
933 671 69 27 något

173 698 55 29 enda
244 699 47 21 skäl
307 701 43 19 mot
365 700 94 21 ökandet
473 700 24 21 af
510 700 111 21 fonderna.

230 755 33 22 Hr
285 755 27 22 af
332 756 135 22 Lindfors:
490 757 42 27 Jag
547 757 34 21 för
596 757 44 20 min
656 757 34 21 del
705 757 43 21 kan
763 756 47 21 icke
826 755 63 27 finna,
906 757 33 20 att
953 755 49 22 icke

173 784 38 21 vår
225 785 59 20 bank
299 785 69 21 skulle
382 785 93 22 behöfva
489 785 70 22 denna
574 785 115 28 tillökning
705 785 6 21 i
727 785 33 21 sin
775 785 57 26 fond,
850 785 27 21 då
887 785 115 21 ständerna

172 813 69 21 måste
264 820 51 15 vara
334 813 94 22 beredda
442 815 28 26 på
484 816 38 25 att,
539 815 71 20 såsom
626 821 28 14 nu
669 815 64 25 skett,
749 813 63 22 äfven
828 813 114 22 framdeles
961 813 42 21 öka

173 841 201 29 sedelutgifningen.
404 843 39 21 Att
466 843 93 21 ökandet
581 843 24 23 af
626 843 80 21 fonden
728 843 69 20 skulle
812 843 38 20 ske
865 842 28 27 pä
908 842 36 21 det
959 843 44 20 sätt

172 870 170 22 Bankutskottet
364 872 39 21 här
425 872 116 27 föreslagit,
567 878 64 15 anser
650 872 38 27 jag
711 872 65 21 ocksä
797 871 83 27 ganska
894 871 107 21 rationelt.

172 899 42 21 Låt
228 906 59 20 vara,
303 902 33 19 att
351 900 36 22 det
402 901 75 21 räcker
492 907 26 15 en
533 901 74 27 längre
623 900 38 27 tid,
677 907 49 15 men
741 906 35 15 om
786 900 96 21 bankens
892 900 109 20 verksam-

171 928 38 21 het
232 928 43 22 blir
296 929 85 27 mycket
403 929 91 27 lifaktig,
520 930 24 20 sä
559 930 43 20 kan
617 929 85 21 vinsten
717 928 65 22 ocksä
797 928 67 22 blifva
879 930 68 20 större
962 928 41 22 och

173 956 41 22 den
236 957 83 27 period,
343 964 45 15 som
411 958 102 21 behöfves
537 958 34 21 för
586 960 33 19 att
634 958 53 27 fylla
702 958 96 21 bankens
813 957 131 26 reservfond,
960 957 42 21 kan

172 985 89 22 dermed
279 986 106 28 betydligt
400 986 113 27 förkortas,
530 993 49 15 men
592 987 37 27 jag
644 987 38 21 vill
697 986 181 27 hufvudsakligen
892 986 59 20 hälla
967 986 34 26 pä,

172 1016 33 19 att
227 1021 77 21 genom
327 1022 27 14 en
376 1015 43 21 viss
434 1017 141 25 procentsats,
592 1018 14 19 t.
623 1022 31 14 ex.
671 1016 28 20 25
708 1016 33 26 %/o,
758 1021 46 15 som
820 1014 40 22 här
875 1014 90 22 föreslås
980 1014 24 21 af

171 1043 165 27 vinstbeloppet,
359 1044 82 27 ärligen
465 1044 41 21 öka
528 1044 152 21 reservfonden
703 1044 33 21 för
759 1045 33 20 att
812 1043 95 21 undvika
922 1044 32 20 att
970 1042 34 22 för

171 1071 74 28 hvarje
264 1072 104 28 landtdag
387 1073 96 27 äterigen
498 1073 83 27 nödgas
595 1074 88 20 komma
698 1072 55 22 fram
768 1072 49 21 med
832 1078 26 15 en
874 1072 67 26 fräga,
958 1077 45 15 som

171 1100 59 23 inom
253 1101 26 21 de
303 1101 59 21 olika
384 1101 90 22 ständen
493 1101 46 22 ofta
555 1101 85 28 afgöres
656 1102 64 26 olika,
737 1101 40 22 och
793 1107 46 15 som
854 1100 68 22 mäste
938 1100 65 21 fram-

171 1129 60 21 kalla
246 1130 213 28 sammanjemkning,
475 1131 39 21 och
530 1130 58 28 gifva
605 1131 22 21 ät
642 1131 107 21 utskottet
764 1130 86 27 mycket
866 1129 78 22 arbete.
961 1129 42 28 Jag

171 1160 46 19 tror
232 1160 33 19 att
281 1159 36 21 det
332 1165 50 15 vore
397 1160 85 27 mycket
498 1159 93 26 enklare,
608 1165 35 15 om
658 1165 50 15 man
724 1159 118 27 tillstyrkte
857 1158 146 21 Bankutskot-

171 1188 42 19 tets
229 1187 88 28 förslag.

239 1245 59 21 Frih.
314 1245 256 27 K.iLangenskiöld:
595 1245 74 26 Enligt
691 1245 32 21 Hr
739 1243 109 23 Lindelöfs
864 1243 40 22 och
920 1243 83 21 Meche-

169 1273 42 21 lins
234 1273 80 27 förslag
336 1273 69 22 skulle
428 1274 36 22 det
486 1273 141 22 öfverlemnas
648 1273 22 22 ät
685 1273 128 21 kommande
828 1272 128 27 landtdagar
971 1273 32 20 att

171 1301 120 22 bestämma
307 1308 34 15 om
357 1302 100 27 beloppet
472 1302 22 21 af
503 1303 41 20 den
555 1302 122 27 förhöjning
689 1301 95 22 bankens
795 1301 82 27 kapital
887 1301 33 20 för
930 1300 74 27 hvarje

169 1330 57 27 gäng
241 1330 69 22 borde
325 1331 86 21 erhälla.
442 1331 127 21 Emellertid
588 1331 64 21 hafva
667 1331 116 20 ständerna
798 1330 36 21 vid
850 1330 70 21 denna
934 1329 69 20 landt-

171 1359 40 26 dag
233 1359 48 22 icke
304 1359 67 27 nägra
393 1360 70 21 medel
485 1359 120 27 disponibla
628 1359 33 21 för
684 1361 32 19 att
731 1359 42 21 öka
789 1359 70 21 denna
873 1357 130 26 reservfond,

170 1387 137 22 alldenstund
323 1388 128 22 ätminstone
466 1389 24 20 R.
507 1395 19 14 o.
544 1389 25 20 A.
585 1388 67 21 redan
667 1388 104 27 godkänt,
786 1389 32 19 att
833 1386 96 22 bankens
939 1386 65 21 vinst-

170 1417 70 21 medel
256 1417 69 20 under
342 1417 140 22 1885—1887
499 1417 62 21 skola
576 1417 108 21 användas
699 1417 34 20 för
748 1422 82 15 samma
840 1414 106 27 ändamäl,
957 1420 46 15 som

171 1445 218 27 bevillningsmedlen.
420 1445 42 22 Vid
484 1445 77 22 sädant
576 1445 139 26 förhällande,
733 1445 40 21 och
789 1444 27 21 dä
831 1450 29 15 nu
875 1443 70 27 nägon
961 1443 42 21 för-

170 1473 89 28 höjning
275 1474 23 21 af
310 1474 151 21 reservfonden
476 1474 47 21 icke
538 1474 43 21 kan
597 1474 132 21 omedelbart
745 1473 86 22 komma
845 1473 7 20 i
864 1472 66 27 fråga,
941 1477 62 26 synes

171 1503 44 26 mig
237 1503 128 26 lämpligast,
389 1505 32 19 att
444 1503 43 21 läta
502 1503 49 21 hela
565 1503 74 26 frägan
655 1509 35 15 om
705 1501 163 22 reservfondens
882 1500 122 27 förhöjning

170 1531 92 21 förfalla.
