1067 1750
190 122 54 22 1474
439 130 25 17 R.
477 134 17 13 o.
506 130 23 18 A.
542 131 58 17 1888.
618 130 27 18 23
659 132 48 20 Maj.

158 214 81 21 mativa
254 214 80 28 kalkyl,
349 222 46 15 som
405 216 70 22 blifvit
484 216 56 22 ifrän
551 216 219 27 finansexpeditionen
781 216 134 22 beträffande
926 219 62 19 stats-

158 242 80 22 fonden
261 243 144 22 öfverlemnad
421 245 32 21 till
469 245 112 22 utskottet.
598 246 24 20 sä
638 246 36 20 vill
687 246 37 26 jag
739 245 65 21 ocksä
820 252 35 14 nu.
872 245 27 21 dä
915 246 75 21 debat-

159 273 36 19 ten
210 271 77 22 främst
302 273 62 21 torde
379 273 44 21 afse
440 274 107 21 allmänna
563 274 139 27 statsfonden,
718 274 118 21 inskränka
851 274 43 26 mig
909 274 33 21 till
957 276 33 19 att

158 300 72 20 lemna
251 300 67 27 några
342 302 151 27 upplysningar
515 303 49 21 med
586 303 113 27 anledning
722 302 23 22 af
765 302 42 22 den
830 302 87 26 olikhet,
944 309 44 15 som

159 328 90 21 emellan
265 329 229 28 finansexpeditionens
509 332 171 26 approximativa
695 332 73 26 kalkyl
779 331 40 21 och
830 332 42 20 den
882 331 23 21 af
912 331 77 22 finans-

159 357 150 27 expeditionen
333 359 118 27 uppgjorda
469 360 170 26 approximativa
653 360 100 27 kalkylen
769 360 60 21 öfver
844 360 146 22 statsfondens

158 385 116 28 tillgängar
297 387 101 22 omfattar
413 388 14 21 4
441 388 30 26 är,
488 389 20 20 d.
525 395 20 15 v.
562 395 23 20 s.,
603 389 36 21 det
661 396 28 14 nu
712 388 92 27 löpande
828 388 47 22 äret
893 389 39 21 och
948 389 41 21 den

158 416 51 19 näst
233 415 144 22 instundande
401 416 177 27 finansperioden.
610 417 167 22 Statsutskottet
801 424 70 19 anser,
897 419 33 19 att
952 418 37 21 det

159 443 55 21 hade
230 443 55 21 varit
301 444 130 27 lämpligare,
448 451 33 16 om
497 445 217 27 finansexpeditionen
735 446 101 27 uppgjort
851 447 77 20 tvänne
944 446 45 21 kal-

158 471 68 27 kyler,
249 472 41 21 den
313 479 40 15 ena
376 474 131 21 omfattande
526 474 24 21 är
567 475 54 21 1888
637 475 40 21 och
693 475 40 21 den
749 475 70 20 andra
834 476 62 19 nästa
910 475 78 20 finans-

158 500 82 26 period.
264 500 103 27 Orsaken,
383 502 87 22 hvarför
485 503 230 27 finansexpeditionens
730 503 170 27 approximativa
916 503 72 27 kalkyl

159 529 101 21 omfattar
277 532 13 18 4
305 530 30 25 är,
351 532 25 19 är
398 531 46 24 den,
468 533 33 20 att
522 532 172 27 hufvudafsigten
717 532 49 21 med
789 532 99 27 kalkylen
911 531 77 28 ansågs

158 563 52 16 vara
233 559 32 20 att
287 559 99 22 meddela
406 559 165 23 Statsutskottet
587 561 88 27 uppgift,
692 561 112 21 utvisande
820 561 56 20 huru
891 563 45 19 stor
952 561 36 20 be-

158 586 124 27 hällningen
297 589 31 20 uti
344 588 132 22 statsfonden
491 590 134 21 beräknades
641 590 66 21 blifva
720 590 36 20 vid
772 590 108 26 utgängen
893 590 23 20 af
925 591 63 19 nästa

158 614 150 28 finansperiod,
324 617 85 21 hvartill
425 618 49 21 kom
490 620 38 19 att.
545 618 27 21 dä
588 625 49 15 man
653 618 48 21 lade
717 618 128 27 ställningen
861 618 33 21 vid
911 618 76 26 utgän-

157 650 41 20 gen
220 645 24 21 af
265 645 25 21 är
313 646 54 21 1887
391 646 32 21 till
440 647 69 26 grund
524 646 34 22 för
573 647 131 27 kalkylernä,
720 653 50 15 man
785 647 71 21 kunde
872 646 52 28 utgä
939 646 47 22 frän

157 679 60 15 mera
232 674 65 20 säkra
312 680 100 16 summor.
443 676 40 21 (Om
498 682 49 15 man
564 676 54 21 hade
634 676 101 27 uppgjort
749 676 128 26 kalkylerna
888 675 54 21 först
953 675 35 21 för

158 701 24 21 är
204 702 52 22 1888
281 703 38 21 och
338 704 121 21 sedermera
473 704 34 21 för
522 704 25 21 de
563 706 33 20 tre
611 705 94 26 följande
721 704 58 25 ären,
796 704 24 21 sä
836 704 54 21 hade
906 704 80 26 följden

157 730 166 28 nödvändigtvis
339 732 68 21 blifvit
423 733 46 25 den,
485 733 56 21 hvad
557 740 45 14 som
619 733 65 21 ocksä
700 740 28 14 nu
743 733 96 21 inträffat
855 733 47 21 med
919 732 67 22 Stats-

158 759 117 21 utskottets
298 760 102 27 kalkyler.
423 763 32 19 att
480 762 25 21 de
529 768 100 19 summor,
645 762 28 26 pä
688 762 73 21 hvilka
776 768 49 15 man
842 762 66 21 måste
924 762 64 20 stöda

158 788 31 26 sig
211 788 35 21 vid
268 790 149 26 uppgörandet
439 790 22 21 af
481 790 100 27 kalkylen
601 790 32 22 för
649 790 172 27 finansperioden
839 791 147 25 1889—1891,

157 816 47 21 icke
226 816 83 22 kunnat
324 824 51 15 vara
391 819 69 25 säkra,
476 821 51 19 utan
544 819 75 21 endast
635 820 178 26 approximativa.
843 820 41 26 Jag
899 818 88 27 medgif-

157 851 44 18 ver,
217 847 33 19 att
265 846 40 21 den
321 847 151 27 uppställning,
482 854 45 15 som
543 848 167 21 Statsutskottet
725 850 72 19 ansett
808 854 52 14 vara
871 848 40 21 den
922 849 64 23 rätta,

157 880 26 14 ur
206 874 111 27 principiel
339 876 107 26 synpunkt
469 876 39 22 har
531 877 46 21 skäl
595 877 33 21 för
643 878 38 25 sig,
698 876 40 22 och
754 876 42 22 kan
813 877 69 21 denna
897 876 91 26 ordning

157 902 62 21 äfven
234 903 115 22 framdeles
364 904 113 27 iakttagas,
493 906 20 20 d.
529 912 18 14 v.
564 912 15 14 s.
591 908 33 19 att
637 906 101 26 kalkylen
749 907 107 25 uppgöres
866 906 32 20 för
909 907 78 19 tvänne

156 931 105 27 perioder,
279 932 36 21 det
329 932 91 27 löpande
436 934 46 21 året
498 934 39 21 och
553 934 41 21 den
609 934 128 21 kommande
753 934 177 26 finansperioden.
954 933 34 21 Då

158 960 167 22 Statsutskottet
343 968 28 14 nu
387 961 24 22 så
425 962 89 26 förfarit,
530 963 64 21 hafva
610 963 119 21 emellertid
745 962 109 27 åtskilliga
871 962 115 27 oegentlig-

157 988 61 21 heter
240 989 47 21 icke
310 990 83 21 kunnat
411 991 110 21 undvikas.
551 991 166 22 Statsutskottet
733 991 40 21 har
787 992 107 26 nämligen
910 994 77 24 uppta-

156 1017 32 26 git
210 1018 69 20 under
299 1018 24 21 år
341 1019 54 21 1888
410 1019 80 21 sådana
505 1020 102 21 inkomst-
622 1020 40 21 och
678 1020 158 27 utgiftsposter,
852 1020 72 20 hvilka
940 1020 47 20 icke

156 1046 54 20 höra
232 1046 33 21 till
288 1046 24 22 år
329 1048 60 21 1888.
419 1048 41 26 Jag
475 1048 94 27 förbigår
584 1055 29 15 nu
628 1049 41 21 den
685 1048 239 27 spanmålsbehållning,
940 1054 46 15 som

157 1074 126 22 observeras
298 1075 27 27 på
340 1077 14 19 4
369 1076 46 26 sid.,
431 1077 32 21 till
479 1077 85 21 hvilken
577 1077 38 27 jag
629 1077 146 22 återkommer
789 1077 75 27 längre
874 1076 61 25 fram,
948 1077 39 21 och

155 1103 38 21 vill
215 1103 40 21 här
278 1104 91 27 påpeka,
385 1107 32 19 att
433 1105 166 22 Statsutskottet
615 1106 70 22 såsom
701 1106 90 26 tillgång
806 1106 69 21 under
890 1105 24 21 år
932 1106 55 21 1888

156 1132 99 26 upptagit
279 1139 26 15 en
328 1133 130 28 afbetalning
473 1134 13 22 å
501 1134 169 27 köpeskillingen
693 1135 34 21 för
749 1134 81 27 gården
852 1135 40 21 N:o
910 1135 26 20 14
952 1134 35 21 vid

156 1160 207 28 Simbirskajagatan
385 1163 7 20 i
415 1162 32 22 S:t
468 1163 142 27 Petersburg;
634 1170 48 15 men
705 1163 67 27 enligt
796 1165 100 20 senatens
916 1163 72 22 beslut

155 1189 98 22 kommer
268 1190 69 21 under
352 1190 24 22 är
394 1192 53 21 1888
462 1193 63 26 ingen
540 1192 133 27 afbetalning
689 1193 12 20 ä
716 1193 71 20 denna
801 1192 143 27 köpeskilling
955 1193 33 20 att

156 1217 44 22 ske.
231 1219 70 20 Bland
316 1219 117 27 utgifterna
447 1221 143 21 förekommer
604 1221 33 21 för
653 1227 26 15 en
695 1221 178 26 flottningsränna
888 1221 7 20 i
906 1221 80 20 Taival-

155 1246 61 22 koski
240 1253 26 15 en
282 1250 49 24 post
346 1248 27 26 pä
391 1249 90 26 108,500
496 1250 71 25 mark;
589 1250 60 21 detta
664 1250 74 21 arbete
755 1249 97 22 kommer
867 1249 120 22 emellertid

154 1275 47 22 icke
224 1277 69 20 under
317 1276 24 21 är
365 1277 54 22 1888
443 1278 30 21 till
497 1279 120 20 utförande.
649 1278 168 22 Statsutskottet
832 1280 106 25 upptager
953 1277 35 21 för

154 1304 83 21 inlösen
260 1305 24 21 af
305 1305 166 27 donationsgods
494 1307 67 20 under
584 1307 24 20 är
627 1307 55 21 1888
698 1307 93 25 800,000
807 1307 67 20 mark.
905 1307 42 20 Det
963 1307 24 19 är

155 1333 120 21 emellertid
291 1334 94 24 osäkert,
401 1340 34 16 om
451 1334 69 28 nägon
535 1335 82 21 inlösen
633 1336 22 20 af
669 1336 73 26 dylika
752 1335 54 27 gods
816 1335 68 21 under
894 1334 25 22 är
931 1334 55 20 1888

154 1361 97 22 kommer
274 1363 33 20 att
329 1368 40 20 ega
391 1369 54 15 rum.
475 1363 49 21 Men
539 1364 26 20 de
585 1364 189 27 omständigheter,
789 1363 37 27 jag
841 1370 29 14 nu
884 1362 102 28 päpekat,

154 1391 38 19 äro
208 1390 7 20 i
230 1390 76 26 sjelfva
329 1390 74 22 verket
419 1392 18 26 ej
453 1392 23 20 af
493 1392 107 27 synnerlig
615 1393 50 26 vigt.
695 1392 33 22 De
744 1392 90 21 inverka
848 1392 47 21 icke
910 1391 28 27 pä
954 1397 32 15 re-

154 1418 89 21 sultatet
267 1419 23 21 af
311 1419 106 27 kalkylen,
441 1420 88 21 emedan
552 1421 25 20 de
601 1421 112 21 anmärkta
732 1423 102 24 posterna
848 1420 68 21 finnas
932 1426 55 20 upp-

154 1449 66 23 tagna
242 1446 63 22 äfven
321 1448 6 20 i
343 1447 228 29 finansexpeditionens
592 1449 79 27 kalkyl,
688 1450 69 20 ehuru
772 1450 47 20 icke
834 1449 34 21 för
884 1449 24 21 år
924 1448 62 22 1888.

153 1475 41 25 Jag
218 1476 36 20 vill
277 1482 29 14 nu
329 1476 134 22 återkomma
486 1478 32 20 till
541 1478 26 20 de
582 1478 99 26 punkter,
697 1478 6 20 i
719 1478 74 20 hvilka
809 1477 177 21 Statsutskottets

153 1504 73 26 kalkyl
247 1504 74 27 skiljer
337 1505 32 26 sig
383 1505 48 21 från
446 1506 233 26 finansexpeditionens.
711 1507 74 25 Enligt
799 1505 187 27 finansexpeditio-

152 1538 54 16 nens
221 1533 74 27 kalkyl
311 1533 46 27 (bil.
374 1534 20 26 2,
409 1540 48 22 pag.
473 1536 20 24 5)
509 1535 68 21 skulle
593 1535 35 21 vid
643 1535 108 27 utgången
767 1534 24 22 af
805 1535 24 21 år
846 1535 52 21 1891
916 1534 70 21 finnas
