1073 1742
199 126 54 20 1268
454 132 24 17 R.
492 136 17 13 o.
522 132 22 17 A.
557 132 56 17 1888.
638 132 22 17 16
673 132 48 22 Maj.

169 218 25 20 är
209 216 33 22 för
258 219 32 19 att
305 217 99 28 klargöra
420 218 44 21 min
480 224 53 26 egen
549 218 109 34 ställning.
684 218 43 21 För
743 219 26 20 25
786 218 24 21 är
826 218 65 21 sedan
906 218 40 21 har
962 219 37 27 jag

168 245 29 27 pä
220 246 60 20 detta
300 252 47 15 rum
370 246 82 22 försökt
468 247 44 27 mig
527 247 28 27 pä
571 247 60 21 detta
646 248 63 20 ämne
724 246 71 22 såsom
811 252 27 16 en
852 247 147 21 motståndare

168 274 35 21 till
219 274 143 22 dödsstraffet.
387 276 41 26 Jag
443 275 39 21 har
498 263 47 33 från
561 276 70 20 denna
646 276 32 20 tid
693 276 48 20 icke
757 275 71 21 funnit
843 276 114 27 anledning
967 278 33 19 att

169 301 103 22 förändra
286 303 44 21 min
346 304 61 27 åsigt.
438 304 42 27 Jag
495 306 24 19 är
534 304 48 21 icke
597 303 147 22 motståndare
759 306 46 19 mot
821 303 137 22 dödsstraffet
972 304 28 27 på

170 331 41 21 den
226 331 75 28 grund,
318 334 32 19 att
364 333 36 26 jag
416 320 68 33 skulle
500 339 51 14 anse
567 333 114 21 samhället
697 333 47 20 icke
754 339 41 20 ega
805 334 45 19 rätt
860 334 32 19 att
902 333 99 26 tillämpa

170 360 126 21 detsamma.
322 361 118 21 Samhället
455 361 39 21 har
509 361 6 21 i
532 363 57 20 ännu
604 361 67 28 högre
686 361 53 28 grad
755 361 40 22 och
810 367 46 15 mer
871 363 27 19 än
913 361 41 20 den
964 367 36 14 en-

170 389 69 20 skilde
261 391 44 20 rätt
330 392 32 19 att
384 390 96 21 försvara
503 390 39 27 sig,
567 392 32 19 att
621 390 148 27 upprätthälla
784 390 41 21 den
842 390 95 27 ordning,
954 395 46 16 som

170 417 114 22 samhället
307 417 33 22 för
356 419 45 20 sina
417 419 99 21 ändamål
531 419 93 21 kräfver.
654 419 107 21 Behöfves
777 418 34 22 för
826 419 60 21 detta
901 418 99 21 ändamål

170 447 33 20 att
224 448 51 25 taga
290 449 31 19 ett
336 448 114 27 menskligt
466 447 31 26 lif,
514 454 27 15 en
557 447 132 28 förbrytares
704 447 31 27 lif,
753 447 39 22 har
807 447 114 22 samhället
936 447 64 22 otvif-

169 475 107 27 velaktigt
298 475 71 22 dertill
391 464 49 35 rätt,
464 483 48 14 men
532 477 39 27 jag
590 483 63 14 anser
673 476 34 21 för
721 477 45 20 min
782 477 40 25 del,
839 478 33 19 att
886 476 114 21 samhället

170 503 48 21 icke
240 504 34 21 för
296 505 38 21 sitt
354 505 67 27 skydd
437 505 38 21 har
491 505 66 22 behof
571 505 24 21 af
609 505 138 22 dödsstraffet
762 505 40 21 och
818 493 33 33 att
866 505 36 21 det
918 505 82 21 således

169 532 48 21 icke
232 539 38 14 ens
285 533 33 21 för
334 528 76 27 detta
408 534 161 21 straffindamål
585 536 24 19 är
623 534 139 27 nödvändigt.
789 534 45 21 Min
850 534 64 21 tanke
930 536 23 19 är
968 536 32 19 att

171 561 137 22 dödsstraffet
330 562 46 21 icke
399 564 24 19 är
446 563 64 21 bland
530 563 26 20 de
572 563 137 25 straffmedel,
725 569 46 15 som
787 562 133 21 förekomma
935 563 64 26 brott,

170 595 46 16 som
238 591 66 20 verka
326 591 161 22 afskräckande,
512 592 39 21 och
572 592 44 27 mig
631 598 62 21 synes
709 594 33 19 att
757 591 104 22 historien
877 598 34 14 om
926 597 74 15 causes

170 618 101 27 celöbres,
292 626 34 15 om
342 620 61 21 svåra
419 615 101 26 brottmål
536 620 40 21 och
592 608 150 39 afrättningar,
759 620 112 21 bekräftar
886 620 59 21 detta
960 620 40 21 och

170 649 25 19 är
198 648 81 33 egnad
295 651 32 18 att
343 649 99 27 försvaga
457 649 158 27 öfvertygelsen
630 655 35 15 om
676 649 150 21 dödsstraffets
836 649 163 26 oumbärlighet.

170 664 144 34 Dödsstraffet
328 679 24 19 är
368 678 23 21 så
406 666 32 33 att
454 680 51 25 säga
520 680 31 19 ett
567 678 74 21 alltför
656 678 74 21 nobelt
745 677 63 22 straff
817 677 39 22 och
868 677 62 22 äfven
941 665 59 34 detta

171 704 111 28 försvagar
298 706 48 21 dess
362 695 155 32 afskräckande
532 707 115 26 egenskap.
678 707 32 20 De
726 707 62 20 bästa
803 706 130 26 menniskor,
949 705 51 22 flere

170 733 24 21 af
216 723 54 37 dem,
294 741 46 14 som
362 735 169 28 menskligheten
551 735 38 21 har
605 737 32 19 att
653 736 63 21 tacka
732 735 34 21 för
781 735 26 21 de
824 737 79 19 största
918 735 82 27 välger-

170 762 82 28 ningar,
268 763 66 21 hafva
349 763 40 22 fått
404 764 44 21 lida
453 752 121 33 dödsstraff
583 765 69 20 såsom
664 764 77 27 simpla
752 764 128 27 förbrytare,
892 764 39 21 och
942 764 58 21 detta

170 797 38 21 ger
230 791 116 28 anledning
364 793 32 20 till
412 796 31 18 att
459 793 65 21 också
540 793 40 21 den
595 793 80 21 uslaste
691 793 129 26 förbrytare,
836 799 46 15 som
897 795 51 18 utan
964 793 36 20 nå-

170 826 42 21 gon
235 805 153 47 förmildrande
411 821 166 28 omständighet,
593 824 15 19 t.
625 828 38 20 ex.,
680 828 46 15 som
742 821 24 21 af
779 821 57 22 blott
850 821 150 27 vinningslyst-

170 849 48 25 nad,
235 849 24 20 af
273 849 25 21 de
313 850 122 26 nedrigaste
450 851 91 20 motiver
556 851 56 26 tagit
627 857 26 14 en
669 856 81 15 annans
766 850 31 26 lif,
814 849 64 21 äfven
893 850 26 20 de
930 850 6 20 i
948 850 51 20 sista

170 877 143 27 ögonblicken
336 878 68 21 förmå
427 878 94 28 omgifva
545 879 32 27 sig
599 879 49 21 med
663 885 26 15 en
705 879 44 21 viss
764 878 156 27 martyrgloria,
938 881 61 22 samt,

170 906 66 20 sedan
252 906 27 21 de
294 906 34 21 till
343 907 64 21 slutet
424 907 98 21 förnekat
539 908 123 26 sanningen,
673 908 55 20 dock
744 907 74 27 lyckas
833 907 58 27 gifva
906 907 32 27 sig
949 907 51 21 sken

170 934 24 20 af
215 934 78 27 hjeltar
315 935 40 21 och
378 936 106 27 oskyldigt
509 936 93 21 lidande.
633 937 41 26 Jag
693 942 63 15 anser
772 938 32 19 att
819 936 65 21 redan
900 936 40 20 den
956 942 44 15 om-

170 963 151 27 ständigheten
344 966 24 19 är
390 967 31 19 ett
444 967 107 19 memento
575 967 45 19 mot
637 964 144 22 dödsstraftet.
812 964 103 22 Kommer
931 964 69 21 seder-

169 998 60 14 mera
244 992 124 22 statistiken
384 993 78 25 dertill,
479 1000 45 14 som
541 994 58 20 visar
614 996 32 18 att
662 994 97 21 brottens
775 993 117 27 aftagande
907 993 47 21 icke
964 993 36 21 be-

168 1026 37 15 ror
220 1021 63 27 uppå,
292 1027 35 15 om
343 1022 136 21 dödsstraffet
494 1022 7 21 i
517 1028 26 15 en
559 1024 44 19 stat
618 1022 104 21 existerar
737 1022 53 21 eller
805 1022 54 21 icke.
883 1022 62 21 Hvad
956 1023 45 19 sär-

169 1048 67 22 skildt
251 1049 92 21 Finland
359 1050 106 27 beträffar,
482 1057 62 21 synes
560 1051 129 21 åtminstone
700 1051 45 27 mig
755 1050 125 22 statistiken
890 1056 52 15 vara
952 1050 49 21 full-

168 1074 93 35 komligt
280 1078 123 34 afgörande.
434 1080 41 26 Jag
490 1079 103 21 behöfver
608 1080 47 20 icke
671 1080 134 20 återkomma
820 1079 34 21 till
870 1079 131 26 densamma,

169 1106 90 21 emedan
279 1107 41 21 den
336 1109 24 19 är
375 1108 6 20 i
397 1108 116 21 utskottets
529 1108 136 22 betänkande
681 1108 113 27 framlagd.
826 1108 50 20 Man
892 1108 39 20 har
946 1110 54 25 sagt,

168 1136 33 20 att
217 1135 137 22 dödsstraffet
371 1136 53 21 dock
440 1137 6 20 i
462 1137 35 27 lag
512 1137 46 21 står
573 1143 52 20 qvar
641 1139 54 19 samt
711 1124 79 34 ersatts
805 1136 50 21 med
866 1136 134 27 deportation

168 1163 34 21 till
219 1164 99 21 Sibirien.
348 1165 66 21 Detta
430 1167 23 19 är
468 1154 85 38 mycket
568 1166 81 26 riktigt,
665 1172 49 15 men
727 1166 38 26 jag
781 1165 79 27 frågar,
877 1172 34 14 om
927 1165 73 27 depor-

169 1192 70 21 tation
262 1192 34 22 till
320 1193 98 27 Sibirien,
435 1188 139 33 möjligheten
590 1182 42 33 att
638 1182 33 33 för
687 1196 31 19 ett
734 1194 59 27 groft
808 1194 59 21 brott
882 1194 67 21 blifva
964 1194 37 20 de-

168 1221 108 26 porterad,
299 1228 35 14 om
357 1222 35 21 det
414 1211 110 39 verkligen
549 1224 75 20 verkat
646 1223 28 27 på
694 1210 137 45 förbrytaren
846 1228 46 15 mer
906 1222 95 22 afskräc-

167 1249 78 27 kande,
262 1252 27 19 än
304 1250 88 22 tukthus
408 1252 28 26 på
450 1239 78 33 lifstid.
555 1252 42 26 Jag
612 1254 45 18 tror
673 1252 36 20 det
724 1252 55 25 icke,
793 1252 38 26 jag
846 1253 45 19 tror
905 1251 49 21 med
970 1251 31 20 af-

168 1267 78 32 seende
261 1279 29 26 på
305 1279 26 21 de
346 1280 57 20 olika
419 1282 57 19 arter
492 1280 23 21 af
530 1280 141 27 deportation,
688 1286 46 15 som
751 1280 39 21 hos
806 1286 35 15 oss
856 1279 143 23 förekommit,

168 1306 40 21 och
231 1308 90 20 emedan
344 1308 136 27 deportation
502 1309 66 21 också
591 1311 35 25 egt
645 1316 47 14 rum
708 1308 35 22 för
758 1309 82 21 sådana
855 1308 145 27 brottslingar,

168 1341 47 15 som
231 1336 47 20 icke
292 1336 70 21 dömts
378 1336 33 22 för
427 1338 85 20 svårare
528 1338 65 26 brott,
609 1344 48 14 men
674 1338 45 20 före
731 1337 133 21 strafftidens
874 1337 80 27 utgång
956 1325 44 32 be

167 1366 49 25 gärt
238 1366 34 19 att
294 1364 22 21 få
339 1365 49 27 afsä
404 1366 71 21 såsom
490 1354 119 33 kolonister
624 1366 34 21 till
674 1366 95 22 Sibirien
784 1366 41 21 och
841 1353 89 33 sålunda
941 1353 59 33 före-

167 1393 71 27 dragit
262 1393 163 27 deportationen
446 1394 89 22 framför
551 1394 63 22 äfven
630 1397 30 19 ett
676 1395 50 21 kort
742 1394 146 26 frihetsstraff,
904 1397 32 17 att
951 1400 49 14 man

167 1410 53 32 icke
238 1422 43 20 kan
304 1422 92 27 åberopa
421 1424 69 20 denna
512 1423 166 27 omständighet,
702 1425 33 19 att
755 1422 137 22 dödsstraffet
908 1422 47 21 haft
971 1424 29 19 ett

168 1449 116 28 tillbörligt
306 1450 156 22 afskräckande
486 1454 98 25 surrogat
600 1440 69 33 såsom
685 1451 147 22 innebärande
848 1453 32 19 ett
895 1451 47 20 skäl
957 1454 45 17 mot

168 1477 136 22 afskaffande
319 1479 24 20 af
358 1480 142 21 dödsstraffet.

238 1507 63 21 Hvad
325 1507 33 22 för
381 1508 64 26 öfrigt
462 1509 34 20 det
513 1509 147 26 föreliggande
675 1509 149 20 betänkandet
838 1508 7 21 i
862 1507 139 22 förevarande

167 1536 63 20 ämne
253 1536 139 24 vidkommer,
417 1525 22 33 så
462 1537 39 21 har
521 1538 37 27 jag
573 1522 101 49 mottagit
689 1537 121 21 detsamma
826 1537 49 20 med
890 1538 32 20 ett
937 1537 63 27 något
