1075 1734
356 139 25 17 R.
395 144 17 12 o.
425 139 22 17 A.
456 140 60 16 1888.
533 140 23 17 12
568 139 48 21 Maj.
824 134 54 21 1145

330 305 182 24 Bränvinsskattens
527 305 115 29 användning

146 368 120 26 Föredrogs
290 368 179 21 Statsutskottets
495 368 40 21 bet.
559 369 39 20 N:o
624 369 26 20 13
670 369 6 20 i
692 369 115 26 anledning
821 369 23 22 af
857 369 49 21 nåd.

74 403 60 21 prop.
150 397 40 21 N:o
207 397 27 21 26
250 396 109 27 angående
376 397 198 21 bränvinsskattens
590 397 142 27 användning.

147 453 32 21 Hr
194 453 24 21 L.
235 453 126 22 Mechelin
377 454 73 21 anhöll
467 454 73 21 härvid
557 461 34 14 om
608 455 61 20 ordet
680 454 40 21 och
731 454 96 27 yttrade:
843 454 64 21 Före-

76 481 98 27 liggande
190 482 134 21 betänkande
340 482 99 27 päkallar
454 483 77 21 främst
546 485 32 19 ett
594 483 155 26 öfvervägandn
765 483 66 24 deraf,
843 483 64 20 huru-

74 511 50 20 vida
139 510 177 22 Statsutskottets
336 511 119 27 beräkning
471 512 24 21 af
508 512 40 21 den
564 512 107 26 qvantitet
686 512 96 25 bränvin,
799 518 44 15 som
859 517 49 16 man

75 539 41 21 kan
139 541 79 25 antaga
240 541 33 19 att
292 539 54 22 skall
363 540 64 21 ställa
443 541 31 26 sig
491 540 69 21 såsom
576 540 101 21 medeltal
693 540 70 21 under
777 541 130 20 nästinstun-

77 567 70 22 dande
170 567 150 28 finansperiod,
343 568 40 21 har
406 569 164 21 sannolikheten
586 569 33 21 för
635 569 37 26 sig.
703 569 43 21 Det
763 569 83 27 belopp,
862 575 45 14 som

76 596 166 22 Statsutskottet
265 597 111 25 beräknat,
393 597 52 21 eller
468 597 114 24 2,400,000
597 598 90 24 kannor,
709 597 199 22 öfverensstämmer

76 625 48 21 med
140 625 56 21 hvad
211 626 7 20 i
233 626 41 21 den
296 625 48 22 nåd.
369 632 59 20 prop.
448 626 71 21 blifvit
534 626 142 26 kalkyleradt,
692 626 38 21 der
746 626 64 21 likväl
825 626 34 21 vid
874 628 33 19 ut-

76 653 98 21 förandet
189 654 7 20 i
212 654 48 20 liter
284 660 25 15 en
332 654 129 27 afrundning
477 654 24 21 af
515 661 94 15 summan
626 656 35 25 egt
676 660 54 15 rum.
761 654 41 26 Jag
817 654 39 21 har
871 660 37 15 na-

76 682 108 27 turligtvis
200 682 46 22 icke
261 682 69 27 någon
346 683 99 21 bestämd
465 683 116 27 anledning
596 685 33 19 att
644 683 121 21 framställa
781 682 127 22 tvifvelsmål

76 712 45 20 mot
136 710 71 22 denna
222 711 123 27 beräkning,
362 711 24 21 så
401 712 86 26 mycket
502 712 89 26 mindre,
602 718 52 20 som,
667 712 70 20 såsom
746 712 69 26 sagdt,
827 718 82 14 samma

77 745 82 15 summa
174 740 7 20 i
198 740 40 20 den
253 740 47 20 nåd.
317 746 60 20 prop.
394 740 74 21 finnes.
499 741 75 21 Likväl
590 742 24 19 är
630 741 36 21 det
681 740 82 27 ganska
778 740 83 26 möjligt
875 741 34 20 att

77 768 37 21 det
128 768 40 21 allt
182 768 132 22 fortfarande
330 768 85 27 mycket
430 770 113 26 energiska
557 769 129 26 sträfvande,
703 775 45 15 som
759 768 106 27 försiggår
875 768 34 21 för

76 798 33 20 att
123 796 103 22 befordra
241 797 120 27 nykterhet,
377 798 85 20 komme
479 800 32 18 att
527 798 65 21 verka
606 800 32 19 ett
648 798 125 26 ytterligare
784 797 124 27 nedgående

76 826 6 20 i
98 825 170 21 konsumtionen.
299 826 74 21 Skulle
388 826 189 22 bränvinsskatten
592 833 51 14 vara
658 826 89 21 anvisad
763 828 39 22 att,
817 826 33 20 till
860 826 49 20 hela

77 854 35 21 det
128 854 77 27 belopp
220 860 50 15 man
285 854 113 25 beräknat,
415 855 92 21 betäcka
522 855 88 21 stående
625 854 132 27 årsutgifter,
773 854 24 22 så
811 860 50 15 vore
872 854 37 21 det

76 882 108 22 måhända
206 883 87 21 säkrare
316 886 32 19 att
370 884 65 21 ställa
457 884 101 27 kalkylen
574 884 76 21 endast
664 883 28 28 på
708 884 59 21 cirka
783 883 12 22 5
810 883 99 27 miljoner

77 911 55 22 liter.
164 911 71 22 Sedan
258 912 40 22 den
321 912 59 21 tiden
402 913 114 26 nämligen,
536 912 28 21 då
580 913 39 20 den
635 913 7 20 i
658 913 39 20 den
714 912 42 21 nåd.
779 918 59 20 prop.
857 917 50 21 upp-

77 942 65 24 tagna
158 936 144 31 beräkningen
318 941 136 26 uppgjordes,
472 941 39 21 har
526 941 122 22 statistiken
658 941 34 21 för
703 941 37 21 det
750 940 102 21 förflutna
863 939 46 22 året

77 968 70 21 blifvit
162 969 135 26 fullständigt
312 969 76 27 färdig,
405 970 40 21 och
460 970 71 21 kunde
547 970 125 21 densamma
686 969 58 27 gifva
751 969 114 26 anledning
876 969 33 20 till

78 1003 26 15 en
120 997 66 22 sådan
208 998 120 21 reduktion.
359 998 49 21 Men
431 998 28 21 då
482 999 83 20 likvisst
588 999 36 20 det
639 998 134 21 förhållande
789 1003 50 22 eger
854 1003 54 19 rum,

78 1027 32 20 att
125 1027 41 20 den
182 1026 155 27 öfvervägande
353 1027 62 21 delen
431 1027 24 21 af
469 1027 41 21 den
521 1027 99 26 inkomst,
632 1033 46 15 som
689 1026 24 21 af
722 1026 187 21 bränvinsskatten

78 1054 93 27 inflyter,
187 1055 33 21 för
236 1055 39 21 den
292 1057 108 20 närmaste
416 1055 122 27 framtiden,
553 1056 77 21 liksom
640 1055 34 22 för
685 1056 26 21 de
720 1055 101 21 förflutna
831 1054 78 21 finans-

77 1084 134 26 perioderna,
227 1083 46 21 icke
288 1086 24 18 är
327 1086 64 24 tagen
407 1084 6 21 i
429 1084 94 27 anspråk
537 1084 33 21 för
589 1084 88 21 stående
696 1082 150 28 statsutgifter,
857 1084 52 20 utan

77 1111 33 21 för
126 1112 26 20 de
175 1112 107 26 tillfälliga
303 1113 102 26 anslagen
427 1112 34 22 för
485 1112 242 26 kommunikationerna,
751 1112 24 21 så
790 1117 61 21 synes
867 1111 42 27 mig

77 1140 47 22 icke
147 1146 53 15 vara
222 1140 119 28 anledning,
366 1143 33 19 att
418 1141 83 27 påyrka
517 1143 31 19 ett
562 1141 142 21 nedsättande
721 1140 23 22 af
757 1140 152 26 beräkningen,

77 1169 56 21 helst
148 1175 27 15 en
191 1170 78 26 positiv
285 1170 114 26 anledning
415 1170 47 21 icke
478 1170 84 26 tvingar
578 1170 76 21 dertill.
686 1170 41 26 Jag
738 1169 39 21 har
788 1169 54 21 dock
852 1168 58 21 velat

77 1197 69 21 uttala
170 1197 70 21 såsom
256 1198 83 27 möjligt
354 1200 15 19 t.
385 1204 20 15 o.
421 1205 27 14 m.
465 1198 115 25 sannolikt,
596 1200 33 20 att
644 1198 70 21 denna
729 1198 119 26 beräkning
862 1197 47 21 icke

77 1226 77 22 varder
169 1226 86 22 tillfullo
271 1227 122 21 realiserad.
410 1239 28 3 —
454 1234 26 14 en
496 1227 142 26 missräkning
652 1227 34 21 för
702 1226 65 27 öfrigt
778 1226 23 21 af
810 1226 36 21 det
857 1226 52 26 slag,

78 1262 45 14 som
146 1254 48 22 icke
217 1255 101 22 behöfver
340 1256 115 20 framkalla
478 1255 65 27 något
562 1255 140 27 beklagande,
719 1255 27 21 då
759 1255 25 27 ju
799 1254 111 22 bränvins-

78 1283 161 27 lagstiftningen
254 1284 40 20 har
309 1284 32 21 till
358 1284 99 27 syftemål
468 1286 31 19 ett
509 1284 159 26 nedbringande
679 1284 24 21 af
709 1290 78 15 varans
795 1282 114 22 missbruk.

77 1312 63 22 Hvad
163 1312 66 21 sedan
252 1312 131 22 vidkommer
403 1313 37 21 det
456 1313 23 21 af
493 1313 107 21 utskottet
615 1312 129 22 framstälda
759 1312 103 26 förslaget
877 1311 33 21 till

77 1341 161 27 bestämningar
259 1347 34 15 om
316 1341 97 21 skattens
435 1341 144 27 användning,
604 1341 23 21 så
648 1340 59 22 finna
729 1341 20 21 vi
765 1340 46 22 deri
826 1346 26 15 en
867 1339 44 21 för-

77 1370 97 26 ändring,
198 1371 58 20 emot
278 1370 56 21 hvad
350 1370 6 21 i
373 1370 41 21 den
429 1369 50 22 nåd.
496 1376 60 20 prop.
572 1376 38 15 var
624 1371 111 25 upptaget,
751 1370 7 20 i
773 1369 38 21 det
825 1369 33 20 att
873 1374 38 14 an-

78 1398 68 27 slaget
168 1398 32 21 till
222 1398 120 27 fördelning
365 1398 91 21 emellan
479 1398 155 22 kommunerna
654 1398 70 21 blifvit
739 1398 66 21 stäldt
819 1397 91 21 framom

78 1433 26 15 en
119 1429 56 24 post,
200 1433 44 15 som
267 1427 65 21 sedan
354 1426 52 22 flere
421 1427 130 27 landtdagar
566 1427 89 27 inrymts
670 1426 115 26 företräde,
802 1425 108 26 nämligen

77 1456 98 26 anslaget
190 1455 23 21 af
227 1456 113 26 1,500,000
354 1456 62 20 mark
432 1456 34 20 till
481 1455 281 22 kommunikationsfonden.
786 1454 73 26 Några
874 1453 36 21 be-

76 1484 146 27 tänkligheter
237 1486 57 19 emot
309 1484 70 21 denna
393 1484 127 27 förändring
541 1484 73 21 kunna
629 1483 106 27 svårligen
751 1485 53 25 göra
819 1482 31 26 sig
865 1482 46 26 gäl-

77 1512 70 26 lande,
164 1512 28 21 då
207 1512 36 21 det
258 1513 46 20 icke
320 1512 43 21 kan
377 1514 99 24 antagas,
492 1515 33 18 att
539 1512 181 27 framskjutandet
735 1512 24 20 af
772 1511 97 25 anslaget
883 1510 28 27 på

77 1541 93 26 400,000
186 1541 68 26 mark,
270 1541 24 21 sä
309 1542 32 20 att
357 1541 37 20 det
409 1541 54 26 egde
480 1541 98 27 prioritet
592 1540 90 22 framför
697 1540 74 27 hvarje
787 1539 75 26 anslag
877 1539 33 20 till
