1061 1756
179 133 55 22 1678
440 138 25 17 R.
478 142 18 13 o.
508 138 22 16 A.
540 138 59 18 1888,
616 138 24 16 31
648 137 48 22 Maj.

151 224 85 28 gångna
250 225 67 26 dagar
332 224 7 22 i
354 224 92 27 mången
461 225 53 26 tung
528 223 137 27 pröfningens
683 223 64 22 stund
770 223 71 26 troget
858 220 53 23 stått
933 220 47 22 sida

151 254 35 22 vid
202 254 46 21 sida
262 254 49 21 med
326 253 103 22 Finlands
444 253 98 27 allmoge,
558 252 105 22 erkänner
683 252 86 22 tillfullo
785 252 37 21 det
844 252 59 20 stora
925 256 54 20 rum,

152 289 46 16 som
212 283 8 21 i
236 283 60 22 detta
310 282 75 22 arbete
403 282 131 21 tillkommer
556 282 102 21 Finlands
682 280 139 25 bondeständ,
844 280 112 25 erkänner,
972 278 8 22 i

152 312 56 21 huru
223 311 43 27 hög
280 311 53 27 grad
348 311 48 21 värt
411 311 61 21 lands
488 311 49 20 hela
552 310 122 27 utveckling
688 310 28 27 pä
731 310 43 21 alla
785 309 49 21 dess
842 308 103 21 omräden
955 309 25 19 är

152 340 108 22 beroende
275 339 22 22 af
312 340 60 21 detta
386 339 70 22 ständ.
481 339 25 21 R.
522 345 19 15 o.
557 339 26 21 A.
594 339 82 21 känner
691 339 39 21 och
746 338 106 21 erkänner
867 337 41 21 den
923 336 58 22 oför-

153 369 117 25 trutenhet,
286 368 101 22 hvarmed
403 368 102 21 Finlands
520 367 91 27 allmoge
627 367 60 22 alltid
703 367 68 21 brutit
786 365 40 22 och
848 364 133 23 fortfarande

153 397 8 21 i
176 397 79 21 dubbel
270 397 134 21 bemärkelse
414 396 72 27 bryter
494 396 61 21 mark
562 396 34 21 för
611 396 99 27 odlingen
720 396 8 21 i
737 395 48 22 värt
794 395 57 25 land;
868 394 36 21 det
913 393 68 28 jemn-

154 425 56 26 mod,
227 426 49 21 med
291 425 80 22 hvilket
387 425 69 21 denna
472 425 91 27 allmoge
578 425 57 21 burit
651 425 23 21 sä
688 425 56 26 goda
759 430 46 15 som
820 426 67 25 tunga
909 423 72 27 dagar,

155 454 40 21 den
211 453 141 28 tälmodighet
367 453 40 22 och
423 453 41 22 den
480 453 80 27 seghet,
576 453 102 22 hvarmed
693 454 47 26 den,
764 453 28 21 dä
807 453 80 20 frosten
910 451 72 27 härjat

153 482 73 25 fälten,
241 484 52 19 utan
309 484 32 19 att
356 482 67 21 knota
438 481 54 28 änyo
508 482 54 27 plöjt
577 488 42 21 upp
635 483 32 20 sin
682 484 36 24 teg
733 481 40 22 och
788 481 44 22 sätt
847 481 22 20 in
887 482 32 19 ett
934 481 47 25 nytt

153 511 83 26 utsäde,
252 511 68 21 under
335 510 143 27 förhoppnivg
492 512 33 19 att
539 510 116 22 framtiden
671 511 6 20 i
693 511 37 21 sitt
752 510 61 21 sköte
836 509 69 22 skulle
927 509 55 21 bära

153 539 73 22 bättre
242 539 62 27 lycka
319 539 40 22 och
373 539 71 21 rikare
459 539 36 21 lön
513 539 34 21 för
569 539 91 22 arbetet.
691 539 49 21 Men
763 538 84 22 derföre
870 540 25 19 är
917 537 65 22 ocksä

154 568 26 21 R.
196 574 20 15 0.
232 568 25 21 A.
273 568 68 26 villigt
356 569 32 20 att
404 567 95 22 erkänna
514 568 41 21 den
571 568 137 26 obestridliga
724 569 44 20 rätt
785 567 102 21 Finlands
903 566 79 21 bonde-

155 595 63 22 stånd
234 603 50 20 eger
298 598 33 19 att
346 596 64 27 lägga
424 597 38 20 sitt
477 596 39 21 ord
531 598 62 25 tungt
608 597 6 20 i
633 596 116 27 vägskälen
771 596 35 21 vid
828 595 26 21 de
876 595 105 24 tillfällen,

155 624 28 21 dä
198 625 84 20 landets
298 625 108 20 allmänna
420 625 180 26 angelägenheter
615 625 61 21 skola
691 625 85 26 pröfvas
792 624 40 21 och
848 623 91 28 afgöras.

226 653 74 21 Under
315 653 76 21 sädant
406 653 135 21 förhällande
557 655 24 19 är
596 653 36 22 det
647 653 59 27 längt
722 659 46 15 mer
783 655 27 18 än
834 659 25 14 en
882 654 44 19 tom
949 658 34 15 ar-

155 681 195 28 tighetsbetygelse,
365 681 28 22 dä
408 682 25 21 R.
450 688 19 15 o.
484 683 26 20 A.
526 688 28 15 nu
569 688 76 21 genom
661 688 42 19 oss,
724 683 48 20 dess
795 681 132 27 deputerade
950 680 33 22 till

155 710 37 21 det
207 711 133 20 hedervärda
354 710 161 21 Bondeständet
537 710 96 22 frambär
651 711 46 21 sina
719 711 87 20 känslor
829 710 23 21 af
872 709 111 28 uppriktig

155 738 137 27 högaktning,
308 738 28 27 pä
352 745 80 15 samma
447 740 56 26 gång
517 739 24 22 R.
558 745 20 16 o.
594 740 25 21 A.
635 739 66 22 beder
718 741 33 20 att
773 739 34 22 för
829 745 53 20 egen
905 739 34 21 del
961 737 22 23 få

155 767 107 22 innesluta
278 768 31 26 sig
323 768 8 21 i
346 768 37 21 det
397 767 134 22 hedervärda
546 768 96 21 ständets
657 768 86 27 välvilja
758 767 39 22 och
814 767 130 22 förtroende.

225 825 33 20 Hr
272 825 209 21 Landtmarskalken
496 826 98 26 uppläste
611 825 92 22 derefter
718 826 36 21 det
770 825 36 26 tal,
823 825 43 22 han
887 825 13 21 å
923 827 61 19 tron-

155 853 60 21 salen
229 853 90 21 ämnade
334 853 57 21 rikta
406 854 33 21 till
455 854 27 21 H.
498 854 51 21 Exc.
572 853 232 28 Generalguvernören,
828 854 94 21 varande
937 854 46 21 det-

156 888 82 15 samma
253 882 23 21 sä
292 882 100 27 lydande:

414 940 150 27 Högvälborne
580 940 56 22 Herr
651 940 82 22 Grefve!

226 996 34 22 Då
275 997 41 21 den
331 997 38 26 tid,
385 1004 46 14 som
446 997 70 21 denna
531 997 56 27 gång
601 998 55 20 varit
681 998 70 20 finska
766 998 78 21 folkets
868 998 32 21 till
915 998 70 21 landt-

158 1025 42 27 dag
214 1025 130 21 församlade
359 1028 172 24 representanter
545 1026 89 22 tillmätt
649 1026 34 21 för
698 1026 157 28 handläggning
874 1026 23 22 af
911 1026 74 22 ätskil-

157 1053 48 27 liga,
221 1054 72 21 landet
308 1055 92 20 rörande
416 1054 81 27 vigtiga
511 1055 184 26 angelägenheter,
711 1056 7 20 i
733 1055 41 27 dag
790 1055 135 27 tilländagär,
936 1055 48 21 full-

157 1084 39 24 gör
211 1082 102 22 Finlands
329 1083 133 27 Ridderskap
479 1084 39 20 och
533 1084 55 20 Adel
603 1083 46 21 icke
666 1084 55 21 blott
739 1086 31 18 ett
787 1084 143 27 grundlagens
941 1084 44 21 bud

157 1112 53 20 utan
224 1111 89 21 fastmer
328 1118 26 14 en
369 1112 45 20 inre
430 1112 80 27 kraftig
525 1112 92 27 maning,
633 1112 28 21 dä
675 1112 157 27 Ridderskapet
855 1113 40 21 och
915 1112 70 22 Adeln

158 1146 29 14 nu
202 1139 87 27 förnyar
303 1140 114 21 försäkran
432 1146 34 16 om
482 1141 32 21 sin
529 1140 147 28 undersätliga
691 1141 102 24 vördnad,
810 1141 72 21 trohet
893 1142 39 20 och
944 1141 42 21 till-

158 1168 109 27 gifvenhet
281 1168 33 22 för
329 1169 125 27 Monarken,
468 1169 66 27 jemte
549 1170 36 21 det
601 1170 24 21 R.
642 1176 19 14 o.
678 1170 25 20 A.
719 1170 113 21 tillönskar
846 1170 59 21 Hans
921 1170 66 26 Maje-

159 1199 44 21 stät
218 1197 104 28 Kejsaren
338 1198 39 22 och
399 1198 134 22 Storfursten
556 1205 26 15 en
604 1198 49 27 lång
676 1198 40 22 och
739 1198 72 22 ärorik
835 1199 96 27 regering
953 1198 34 21 till

159 1227 63 27 lycka
237 1227 40 21 och
292 1227 83 22 välfärd
395 1227 33 22 för
450 1228 26 21 de
498 1227 51 27 folk,
573 1228 72 20 hvilka
667 1227 119 27 underlyda
809 1227 60 21 Hans
891 1227 96 27 mäktiga

161 1256 63 26 spira.
254 1256 25 21 R.
296 1262 19 16 o.
330 1258 25 20 A.
375 1257 81 21 uttalar
478 1256 87 22 härmed
589 1257 40 21 ock
652 1256 36 21 det
710 1256 64 26 hopp,
798 1258 32 19 att
853 1256 36 21 det
912 1256 75 21 arbete

161 1285 115 21 ständerna
296 1291 29 15 nu
340 1285 93 26 slutfört,
450 1284 66 22 mätte
531 1285 58 27 tjena
605 1285 32 21 till
653 1284 183 22 fäderneslandets
848 1291 66 15 sanna
924 1284 63 22 bästa

161 1316 55 19 samt
231 1315 33 19 att
279 1314 25 21 de
320 1314 77 26 beslut,
419 1314 116 21 ständerna
549 1314 72 25 fattat,
637 1314 35 21 mä
686 1314 7 20 i
708 1314 69 20 sinom
795 1314 29 20 tid
849 1314 63 20 vinna
927 1314 60 20 Hans

161 1342 113 27 Majestäts
289 1342 77 28 nädiga
381 1342 155 27 godkännande
553 1342 39 22 och
608 1342 144 22 stadfästelse.

231 1372 59 20 Hans
304 1371 102 27 Majestät
420 1371 40 21 har
475 1372 71 20 täckts
561 1372 7 20 i
583 1370 67 22 näder
665 1370 82 22 utlofva
762 1373 32 19 att
809 1370 116 22 ständerna
941 1370 47 21 äter

161 1399 55 22 efter
231 1400 13 21 3
260 1399 24 21 är
299 1400 60 21 skola
375 1400 172 21 sammankallas.
577 1400 11 21 I
611 1400 59 21 detta
693 1399 51 21 löfte
768 1405 33 15 ser
823 1399 25 21 R.
871 1406 19 14 o.
913 1400 25 20 A.
963 1405 26 15 en

162 1428 80 27 borgen
257 1428 33 22 för
305 1431 33 19 att
353 1428 41 22 den
410 1428 126 22 samverkan
551 1428 91 22 emellan
666 1428 102 27 styrelsen
792 1428 38 21 och
855 1430 134 24 representa-

163 1457 78 23 tionen,
258 1464 45 15 som
318 1457 51 22 vära
389 1457 146 22 institutioner
556 1457 117 21 förutsätta
695 1463 45 15 som
763 1456 65 27 nödig
850 1456 33 21 för
905 1456 84 22 landets

162 1485 97 28 allsidiga
275 1486 121 27 utveckling
412 1486 39 21 och
470 1485 118 25 förkofran,
612 1486 54 21 skall
689 1485 112 22 alltvidare
825 1485 100 21 befordra
947 1485 42 21 den

163 1514 61 27 lycka
240 1515 40 20 och
295 1515 37 21 det
347 1515 105 24 välstånd,
468 1514 72 21 hvilka
555 1516 78 25 utgöra
655 1514 44 21 lika
721 1514 84 26 mycket
828 1513 115 22 samtidens
959 1514 27 20 lö-

163 1548 37 16 sen
216 1549 45 15 som
277 1543 48 22 dess
341 1543 110 27 oafvisliga
466 1543 71 25 behof,
553 1543 40 22 och
609 1543 36 21 det
661 1544 24 19 är
701 1542 72 22 derför
788 1542 61 22 äfven
872 1543 47 20 med
938 1542 51 27 djup
