1067 1745
360 146 26 17 R.
398 150 18 13 o.
424 146 23 17 A.
460 146 59 17 1888.
543 147 27 16 22
582 146 48 21 Maj.
831 139 55 22 1437

84 232 36 21 det
135 232 117 26 föreslaget
267 232 7 21 i
289 231 66 27 något
370 231 115 22 sväfvande
500 232 93 27 uttryck,
610 233 32 20 att
658 231 95 22 skadade
768 237 62 16 vaser
844 230 69 22 skulle

84 262 94 20 ersättas
200 260 48 21 med
271 266 41 21 nya
327 260 53 21 eller
395 259 104 22 försättas
514 266 78 15 annars
607 261 7 20 i
630 259 124 28 försvarligt
769 259 65 22 skick.
864 259 49 21 Men

82 290 37 27 jag
142 291 46 19 tror
210 289 33 21 för
266 290 32 20 ett
320 288 77 21 sådant
419 288 41 22 hus
482 295 46 15 som
543 289 60 21 detta
619 289 40 21 och
675 295 45 15 som
736 288 66 21 redan
816 288 40 21 har
870 287 44 22 till-

84 317 92 28 räckligt
198 317 42 27 hög
259 317 65 26 ålder,
340 317 37 21 det
392 323 51 15 vore
459 317 56 26 bäst,
530 319 34 20 att
578 317 38 22 der
631 317 147 27 reparationer
792 319 70 24 göras,
878 323 36 20 ge-

83 347 97 21 nomföra
202 346 48 21 dem
271 345 140 28 fullständigt,
434 346 47 21 icke
503 346 95 27 lappadt.
637 346 44 21 För
703 345 133 22 direktionen
858 345 55 22 hade

84 375 74 22 derför
172 375 56 21 varit
244 376 45 20 rätt
303 374 94 27 lyckligt,
407 381 34 15 om
452 374 245 22 Riddarhusutskottet
688 369 8 37 i
707 375 37 21 sitt
754 374 80 27 förslag
844 373 68 22 skulle

84 404 64 21 hafva
171 403 52 21 stält
245 403 26 21 de
296 403 57 21 olika
375 403 151 27 fordringarna
540 403 28 27 på
583 403 148 27 reparationer
746 402 89 26 ungefär
849 402 7 21 i
872 402 41 21 den

84 432 97 27 ordning,
205 437 46 16 som
274 432 109 20 desamma
405 431 65 21 hafva
491 432 49 21 med
563 431 101 22 afseende
679 432 13 21 å
706 432 45 25 vigt
766 431 39 21 och
820 430 93 21 nödvän-

84 461 79 26 dighet.
194 459 70 22 Sådan
287 460 90 27 ordning
400 460 84 25 saknas,
504 460 39 21 och
559 467 63 20 synes
636 460 50 27 mig,
702 462 34 19 att
750 459 25 22 R.
792 465 18 15 o.
826 459 25 22 A.
867 458 46 22 må-

83 489 73 21 hända
170 489 91 21 handlar
279 489 92 25 klokast,
388 495 35 14 om
438 488 23 22 åt
476 489 42 21 den
532 489 108 22 blifvande
656 488 258 22 Riddarhusdirektionen

85 517 142 22 öfverlemnas
249 519 33 19 att
304 517 55 21 efter
381 517 64 22 bästa
467 517 98 22 förstånd
587 517 89 26 förfara,
700 516 39 23 och
754 519 33 19 att
802 516 111 22 sålunda
900 512 16 36 i

85 545 65 28 något
165 546 118 21 mildrande
299 546 86 26 uttryck
396 545 40 22 och
446 546 70 21 tillika
527 546 174 22 förtroendefullt
711 545 109 28 uppgiften
831 545 81 21 åhvälf-

84 581 36 15 ves
130 575 40 21 den
176 575 108 21 blifvande
293 575 140 21 direktionen.
450 575 47 21 Den
504 575 60 21 förra
572 575 142 26 direktionen,
726 581 45 15 som
780 574 54 21 intill
843 574 70 21 denna

83 603 104 28 landtdag
197 604 61 25 varit,
270 603 40 22 har
321 603 7 21 i
340 603 78 27 många
428 603 115 22 afseenden
556 604 73 21 säkert
642 604 56 21 varit
709 603 33 22 för
750 602 162 27 hushållsaktig,

84 632 36 22 det
135 632 68 22 måste
218 632 112 25 erkännas,
346 632 67 21 men
403 627 15 37 i
427 632 26 21 de
469 633 63 20 order
547 632 257 21 Riddarhusdirektionen
819 631 48 22 haft
880 633 33 19 att

84 660 58 28 följa,
151 661 39 21 har
198 661 124 26 tillräckligt
330 661 68 20 blifvit
407 661 76 26 antydt
491 667 35 16 om
534 661 195 27 hushållsaktighet
741 660 33 21 för
782 662 32 19 att
822 660 90 22 Riddar-

85 689 177 22 husdirektionen
271 689 67 22 skulle
347 689 83 21 kunnat
438 689 82 22 förfara
530 690 134 21 annorledes.
687 689 34 22 En
733 689 80 22 kanske
824 689 33 21 för
866 690 47 20 stor

83 718 65 27 utgift
170 718 40 21 har
234 718 142 25 förekommit,
400 718 108 27 nämligen
530 718 7 21 i
559 718 101 21 afseende
679 718 13 21 å
707 720 89 25 sqvären
819 717 93 22 utanför.

84 746 49 22 Men
156 747 40 21 den
219 753 38 15 var
280 746 66 22 också
368 746 85 27 mycket
475 746 100 23 förfallen
590 747 40 21 och
646 747 97 21 kommer
757 746 108 21 sannolikt
879 747 34 20 att

84 775 114 22 framdeles
222 775 47 22 åter
292 775 86 21 förfalla
400 775 92 27 mycket,
515 782 35 15 om
567 775 28 28 på
611 776 124 21 densamma
749 775 47 22 icke
811 774 101 22 bekostas

84 803 66 28 något
168 810 45 15 mer
228 806 27 19 än
270 804 56 21 hvad
342 804 76 21 hittills
434 804 63 21 skett.
528 805 47 21 Den
590 806 70 19 större
677 810 89 20 summa,
782 810 46 15 som
842 803 28 27 på
886 809 26 15 en

83 832 56 27 gång
154 833 72 21 derför
241 835 72 19 senast
320 833 92 25 utlades,
429 839 39 14 var
483 833 65 27 nödig
562 833 34 21 för
611 835 32 19 att
658 832 102 22 förskaffa
776 834 88 25 sqvären
880 833 32 20 ett

83 861 123 27 anständigt
220 861 102 21 utseende
338 861 33 21 för
386 861 37 21 det
438 861 28 21 då
481 862 91 20 väntade
588 861 56 26 höga
660 861 100 26 besöket;
776 861 39 21 och
830 860 82 22 istånd-

84 890 108 21 sättandet
207 890 71 21 kunde
292 890 47 21 icke
355 889 161 22 åstadkommas
530 892 53 19 utan
598 896 26 15 en
636 889 132 28 betydligare
780 889 68 26 utgift.
871 888 42 27 Jag

81 918 37 21 vill
134 924 28 15 nu
178 918 55 22 blott
249 918 113 22 hemställa
377 918 81 26 derom,
472 920 32 19 att
520 919 41 21 den
576 918 114 22 direktion,
706 925 46 15 som
767 918 97 21 kommer
879 919 33 19 att

81 949 51 25 taga
148 947 62 21 dessa
226 947 88 27 utgifter
329 953 34 15 om
379 947 64 25 hand,
452 946 78 22 månde
545 947 22 21 få
582 948 48 20 dem
646 947 68 21 under
730 948 36 20 det
774 947 81 26 tillägg,
866 952 46 15 som

79 975 38 27 jag
132 976 100 26 antydde.
263 976 43 21 Det
320 976 42 20 kan
378 975 104 21 behöfvas
497 982 33 20 en,
541 976 35 21 två
592 976 53 21 eller
660 976 50 22 flere
726 976 132 26 kakelugnar
873 975 39 21 der

81 1010 63 21 uppe,
160 1010 26 15 en
201 1004 65 27 detalj
282 1010 45 16 som
343 1004 107 27 svårligen
465 1004 28 27 på
508 1004 92 22 förhand
615 1004 39 22 här
669 1004 42 22 kan
727 1005 129 21 bestämmas
872 1003 40 21 och

80 1032 69 22 måste
172 1032 122 22 modifieras
308 1033 39 21 allt
363 1032 55 22 efter
434 1039 45 15 som
495 1032 128 22 kaloriferen
638 1040 77 20 genom
730 1033 123 27 reparation
868 1032 43 21 kan

80 1062 65 20 vinna
160 1062 7 20 i
183 1062 81 26 styrka,
286 1064 23 24 ty
332 1063 24 19 är
379 1062 41 20 den
442 1062 126 26 tillräckligt
590 1062 68 26 stark,
674 1062 24 21 så
720 1062 71 21 kunde
806 1060 48 22 från
870 1060 42 22 den

80 1092 112 19 värmerör
214 1090 60 21 ledas
297 1090 32 21 till
344 1090 120 21 läktarene.
494 1090 43 22 Det
552 1097 50 15 vore
618 1090 73 22 derför
705 1091 62 21 äfven
783 1090 77 26 bättre,
876 1095 35 15 om

82 1118 36 22 det
142 1124 45 16 som
210 1119 69 21 vilkor
303 1119 55 21 blott
380 1119 59 21 hette
459 1121 33 19 att
507 1119 109 21 läktarene
632 1119 125 27 tillräckligt
772 1119 53 21 böra
840 1118 72 21 kunna

79 1148 137 25 uppvärmas,
231 1149 23 25 ty
270 1147 82 22 således
368 1147 69 21 skulle
454 1148 132 21 direktionen
602 1148 64 21 hafva
675 1148 65 21 friare
751 1148 87 24 händer,
850 1147 62 21 äfven

80 1181 34 15 om
130 1182 27 15 en
173 1176 66 21 sådan
255 1176 97 27 tolkning
367 1177 7 20 i
390 1176 73 27 hvarje
480 1176 100 22 händelse
596 1177 62 21 torde
674 1183 52 15 vara
740 1176 90 26 tillåten,
838 1175 74 21 hvilka

79 1204 153 22 värmehärdar
247 1206 28 20 än
290 1205 114 21 användas.

150 1261 58 21 Frih.
224 1268 42 14 von
288 1262 77 21 Born:
396 1262 41 26 Jag
453 1262 38 21 ber
506 1264 32 20 att
553 1262 21 21 få
590 1262 80 27 afgifva
684 1262 68 27 några
766 1261 146 27 förklaringar

79 1290 48 21 med
152 1290 114 27 anledning
280 1290 24 21 af
317 1290 33 21 Hr
364 1290 166 27 Pippingskölds
554 1291 142 26 andragande.
726 1291 63 21 Hvad
804 1290 55 21 först
875 1290 36 20 be-

79 1318 76 21 träffar
170 1318 172 31 uppställningen
357 1318 23 21 af
394 1318 157 22 betänkandets
566 1319 104 26 material,
682 1319 26 22 de
724 1319 58 22 olika
796 1318 115 27 förslagen,

80 1347 24 21 så
125 1346 69 22 måste
214 1353 38 21 jag
275 1347 101 26 erkänna,
400 1349 33 19 att
456 1347 41 21 den
520 1348 82 21 kunnat
623 1354 52 15 vara
693 1355 59 14 mera
766 1346 144 29 systematisk.

78 1375 52 22 Dels
146 1375 39 21 har
200 1375 47 22 icke
263 1376 59 21 tiden
337 1375 112 28 medgifvit
464 1378 32 19 att
512 1376 100 21 utarbeta
627 1377 63 21 dessa
708 1377 90 26 detaljer
814 1375 54 22 efter
884 1381 26 15 en
926 1391 4 3 .

79 1404 69 27 logisk
171 1405 136 26 systematisk
329 1405 59 25 plan,
411 1405 45 20 dels
477 1405 39 20 har
531 1405 230 21 Riddarhusutskottet
776 1404 48 27 följt
838 1403 73 28 gamla

78 1433 150 20 betänkanden
244 1433 7 20 i
267 1433 72 26 spåret
362 1433 40 20 och
418 1433 71 27 börjat
504 1433 48 21 från
567 1434 61 21 taket
643 1434 40 21 och
698 1434 67 21 slutat
780 1434 7 20 i
802 1431 107 22 källarvå-

78 1461 84 26 ningen.
184 1461 230 22 Riddarhusutskottet
430 1461 40 22 har
485 1462 63 21 tänkt
564 1462 38 27 sig,
618 1463 33 20 att
665 1462 43 21 alla
723 1463 26 20 de
765 1462 86 26 förslag,
862 1467 48 15 som

78 1489 40 21 här
140 1491 37 20 äro
200 1490 126 21 markerade
342 1489 49 22 med
407 1489 74 22 kursiv
496 1490 42 23 stil,
554 1490 69 21 skulle
638 1491 86 21 komma
739 1491 33 21 till
787 1489 122 25 utförande,

78 1524 48 15 men
142 1518 41 21 den
199 1519 97 26 ordning,
311 1519 7 20 i
333 1518 87 21 hvilken
434 1518 108 27 förslagen
557 1519 23 21 af
594 1519 41 21 den
651 1519 105 21 blifvande
774 1518 135 21 direktionen

78 1547 66 20 borde
160 1547 86 26 bringas
262 1547 33 21 till
310 1546 170 28 verkställighet,
490 1547 68 22 skulle
574 1547 134 22 direktionen
723 1546 136 28 naturligtvis
870 1552 41 21 ega
