1073 1734
343 137 24 16 R.
381 141 17 12 o.
410 137 91 17 A.1888.
521 137 19 16 11
553 136 49 21 Maj.
815 132 54 20 1095

68 223 87 25 rubbas,
164 228 50 16 vare
230 223 30 26 sig
276 223 25 21 R.
318 229 18 14 o.
352 223 27 21 A.
395 222 98 22 besluter
509 222 32 26 sig
556 222 33 21 för
604 222 52 21 eller
672 224 58 19 emot
740 222 158 27 inbjudningen.

69 251 40 27 Jag
124 251 40 21 har
179 252 57 20 ännu
252 253 31 19 ett
298 251 47 21 skäl
364 253 32 19 att
412 250 99 28 afstyrka
527 251 80 21 dennas
622 250 129 27 antagande,
768 250 39 22 och
823 251 37 21 det
876 252 23 19 är

70 282 38 24 att,
124 279 28 22 dä
167 279 119 27 detaljerna
300 280 24 20 af
336 280 85 20 Preste-
437 280 40 21 och
493 279 199 27 Borgareständens
708 279 72 21 beslut
790 292 26 2 —
828 279 72 21 hvilka

70 309 66 27 enligt
157 308 57 21 hvad
236 308 99 27 privatim
355 308 109 27 förljudits
481 308 61 21 skola
556 314 52 15 vara
623 308 141 26 motsägande
779 308 121 21 hvarandra

71 349 25 4 —
112 337 47 22 icke
175 338 38 20 äro
229 337 77 25 kända,
322 337 66 21 saken
403 337 90 21 alldeles
509 337 146 24 borttrasslas,
667 343 35 15 om
716 336 79 27 jemväl
806 337 25 21 R.
844 343 18 15 o.
874 337 24 21 A.

70 368 52 20 utan
138 368 74 24 sträng
227 365 65 21 kritik
308 365 102 21 omfattar
426 366 154 26 inbjudningen
596 366 32 20 till
644 366 43 20 alla
703 366 49 20 dess
768 366 66 21 delar.
859 365 41 27 Jag

70 395 100 22 förordar
186 394 323 27 sammanjemkningsförslaget
524 394 7 20 i
546 394 44 21 alla
605 394 65 21 delar.

139 423 58 21 Frih.
220 429 42 15 von
284 423 88 21 Alfthan
394 423 63 21 hari
473 424 32 20 ett
520 423 74 27 längre
609 422 139 27 andragande
764 423 48 21 sökt
827 423 73 27 pävisa

71 452 121 21 fördelarne
214 451 34 21 för
263 452 25 20 R.
304 458 20 14 o.
340 452 25 21 A.
382 451 23 21 af
426 453 33 19 att
483 453 79 25 antaga
580 451 173 21 Bondeständets
769 451 131 27 inbjudning.

71 480 85 22 Främst
178 480 39 21 har
239 480 113 21 Friherren
376 480 133 21 beträffande
525 480 11 27 &
552 480 13 21 3
580 481 74 26 yttrat,
676 482 40 23 att,
732 480 27 21 dä
774 480 75 26 frägan
864 481 37 19 rör

72 509 74 21 endast
168 508 167 24 Bondeständet,
358 509 115 21 Friherren
496 508 46 22 icke
565 509 71 25 visste,
660 508 88 22 hvarför
768 515 49 15 man
832 508 69 22 skulle

72 538 72 26 tvinga
166 538 111 21 bönderna
292 538 6 20 i
314 538 60 20 detta
396 538 105 21 afseende.
533 538 41 26 Jag
597 538 39 20 ber
658 540 47 18 mot
724 538 60 20 detta
799 537 22 21 fä
836 538 66 21 fram-

72 566 66 26 hälla,
159 566 102 21 hurusom
277 566 73 27 hvarje
366 568 161 24 representants
543 566 56 22 inom
616 566 26 22 de
658 566 70 21 skilda
744 566 89 22 ständen
848 566 54 27 pligt

73 597 30 23 är,
127 596 39 24 att,
190 595 120 21 oberoende
330 602 34 14 om
379 595 42 21 han
437 595 41 21 har
493 595 69 21 fördel
578 595 52 21 eller
645 595 47 21 icke
708 594 23 22 af
745 596 72 24 saken,
832 595 70 21 uttala

73 624 32 21 sin
121 623 140 27 öfvertygelse
277 630 33 14 om
327 624 37 21 det
379 624 66 26 enligt
460 624 55 21 hans
531 624 55 26 äsigt
601 624 80 26 riktiga
700 624 40 20 och
755 626 33 19 att
802 624 47 21 icke
865 629 37 15 un-

74 652 114 28 dertrycka
210 652 32 21 sin
265 653 84 26 mening
372 652 72 21 derför
467 654 33 19 att
521 652 76 27 frägan
618 652 19 27 ej
653 654 37 19 rör
705 652 78 22 honom
799 652 52 22 eller
866 652 37 21 det

74 680 62 22 stånd
159 681 42 21 han
224 681 79 21 tillhör.
334 681 38 21 Ett
394 682 91 20 motsatt
500 680 171 28 tillvägagäende
687 683 24 19 är
726 681 122 27 förkastligt
863 680 39 22 och

74 710 111 26 päminner
208 716 34 15 om
264 710 143 25 frihetstiden,
431 710 28 21 dä
483 710 90 21 ständen
598 710 104 26 köpslogo
718 710 48 21 med
782 709 121 22 hvarandra

74 745 34 15 om
132 739 46 21 sina
200 738 127 27 privilegier.
357 738 58 21 Frih.
432 745 42 15 von
489 738 89 22 Alfthan
594 738 40 21 har
649 739 73 21 vidare
737 739 84 21 försökt
836 738 67 21 samla

73 767 50 27 ihop
139 767 115 27 spillrorna
268 767 24 21 af
306 768 41 20 den
362 766 49 22 nåd.
427 774 61 20 prop.
505 767 40 21 och
561 767 98 21 deröfver
675 768 100 26 uppgjort
791 774 26 14 en
833 767 71 21 inven-

73 796 207 26 tarie-förteckning.
310 796 40 21 Om
374 802 26 15 en
423 796 207 27 sammanjemkning
645 796 23 21 af
682 796 26 21 de
724 796 57 21 olika
796 796 108 26 äsigterna

74 830 51 16 vore
146 831 30 15 nu
198 825 54 21 intet
271 826 33 19 att
326 826 57 25 säga,
407 825 73 21 derest
502 831 50 15 man
574 825 55 21 hade
652 825 58 21 klart
725 824 34 22 för
774 825 38 26 sig,
828 825 7 20 i
851 824 53 21 hvil-

74 853 42 22 ken
137 853 96 28 riktning
254 854 27 21 de
304 853 67 22 andra
393 853 102 22 ständens
518 853 72 22 beslut
611 854 32 21 uti
666 854 66 21 saken
752 853 86 22 utfallit.
872 853 33 21 En

75 882 65 21 sådan
163 883 85 21 klarhet
270 882 114 21 förefinnes
407 883 56 20 dock
479 883 25 26 ej.
535 882 107 27 Tvärtom,
660 883 66 26 enligt
741 883 57 20 hvad
811 883 37 26 jag
863 882 42 27 pri-

74 911 66 21 vatim
155 911 57 26 hört,
232 911 62 22 skola
310 911 62 22 dessa
387 911 71 21 beslut
473 911 8 21 i
496 911 162 22 Presteständet
671 911 40 22 och
726 911 81 22 kanske
823 910 82 22 ocksä
892 906 16 35 i

75 940 181 27 Borgareständet
283 946 51 15 vara
360 940 123 21 hvarandra
508 940 101 27 temligen
634 941 146 26 motsägande.
820 939 85 26 Derför,

74 968 56 21 huru
145 969 88 21 vackert
247 969 25 21 R.
289 975 19 15 o.
324 969 24 21 A.
365 970 27 19 än
407 969 35 20 vid
459 969 61 21 detta
535 969 83 21 tillfälle
634 969 78 26 fogade
722 969 50 26 ihop
784 969 120 26 spillrorna,

76 997 70 22 kunde
163 997 37 22 det
214 997 41 22 lätt
270 997 78 26 hända,
364 999 32 20 att
411 997 129 27 byggnaden
551 998 85 25 ramlar,
649 997 40 22 och
700 999 24 20 är
735 998 36 21 det
782 997 44 21 min
837 997 68 21 öfver-

75 1026 88 27 tygelse,
186 1027 33 20 att
234 1025 24 22 sä
273 1026 55 26 sker,
344 1026 56 21 helst
416 1026 26 21 de
459 1026 86 27 spillror
560 1026 58 21 Frih.
634 1032 41 15 von
692 1026 88 21 Alfthan
796 1025 109 27 hopfogat,

76 1054 54 23 efter
139 1055 57 22 hvad
210 1061 29 15 nu
255 1055 66 21 redan
336 1054 43 21 kan
395 1061 41 18 ses,
452 1056 38 19 äro
506 1055 56 21 blott
578 1056 31 20 ett
619 1056 55 20 tomt
685 1055 40 21 och
735 1054 107 27 bräckligt
852 1053 53 22 skal.

76 1083 104 27 Slutligen
195 1083 40 22 har
250 1083 58 22 Frih.
324 1089 41 16 von
380 1083 90 22 Alfthan
485 1083 81 22 uttalat
581 1083 71 22 säsom
672 1084 32 21 sin
720 1086 42 25 tro,
777 1085 39 24 att,
832 1083 7 21 i
854 1083 52 20 hän-

77 1112 57 21 delse
147 1112 80 27 jemväl
242 1112 24 21 R.
284 1118 19 15 o.
319 1112 25 21 A.
360 1114 79 25 antoge
453 1111 174 22 Bondeständets
642 1112 132 27 inbjudning,
795 1112 41 21 den
852 1111 54 22 deri-

76 1147 76 20 genom
176 1141 95 21 ernääda
293 1141 212 26 samstämmigheten
521 1141 91 21 emellan
628 1141 92 22 ständen
736 1141 68 21 skulle
819 1139 89 22 inverka

77 1169 28 27 pä
127 1169 41 22 den
190 1170 69 21 andra
275 1170 143 21 statsmakten
434 1169 87 27 derhän,
538 1171 33 19 att
586 1170 41 21 den
642 1170 56 21 hade
714 1170 78 21 lättare
808 1170 33 20 att
856 1168 51 27 god-

77 1199 71 20 känna
170 1199 126 20 ständernas
319 1198 92 22 beslut
406 1194 12 36 i
428 1198 72 21 saken.
531 1199 43 20 För
596 1199 44 21 min
663 1199 34 21 del
720 1199 82 26 hoppas
822 1198 38 27 jag
875 1199 33 18 att

77 1227 124 27 regeringen
224 1227 67 21 fäster
314 1227 31 26 sig
367 1233 60 15 mera
449 1227 36 21 vid
501 1227 26 21 de
542 1227 97 27 verkliga
654 1227 54 27 skäl,
725 1233 44 15 som
786 1227 74 26 läggas
875 1225 32 21 till

77 1256 68 27 grund
160 1255 34 22 för
208 1255 99 26 beslutet,
323 1257 27 20 än
366 1262 34 15 om
411 1256 121 21 detsamma
542 1255 164 22 ästadkommits
716 1262 76 21 genom
801 1261 26 15 en
838 1256 70 19 större

78 1285 52 21 eller
145 1285 82 20 mindre
243 1285 117 26 pluralitet.
390 1285 42 26 Jag
447 1285 36 20 vill
500 1285 83 20 således
599 1285 45 21 dels
659 1285 28 26 pä
702 1285 69 26 grund
787 1284 23 21 af
818 1283 90 22 formela

79 1314 46 21 skäl
148 1313 39 22 och
210 1313 45 22 dels
270 1313 7 21 i
292 1313 49 21 stöd
357 1313 23 21 af
394 1313 56 21 hvad
464 1313 37 27 jag
516 1313 51 23 haft
578 1315 52 19 äran
645 1314 7 20 i
668 1313 65 27 öfrigt
748 1313 82 24 anföra,
846 1311 63 21 vörd-

78 1344 56 19 samt
148 1342 93 25 anhälla,
262 1342 36 21 det
313 1342 24 21 R.
354 1348 18 15 o.
390 1342 33 25 A.,
439 1342 49 21 med
503 1342 141 21 förkastande
659 1342 24 21 af
696 1341 160 28 inbjudningen,
872 1346 37 15 an-

78 1372 48 26 toge
142 1371 117 21 utskottets
274 1370 304 27 sammanjemkningsförslag.

147 1428 59 21 Frih.
221 1434 41 15 von
277 1427 80 22 Born:
388 1427 42 27 Jag
441 1427 67 21 finner
519 1427 43 21 Hrr
572 1434 41 15 von
624 1427 120 27 Knorrings
756 1427 40 22 och
806 1425 104 23 Aminoffs

80 1456 128 27 bevisföring
231 1462 51 15 vara
296 1456 8 21 i
319 1456 43 21 alla
385 1456 60 21 delar
468 1456 108 21 bindande
599 1456 40 21 och
654 1456 40 21 har
709 1456 7 21 i
732 1456 67 21 saken
813 1455 50 26 föga
878 1455 33 20 att

79 1485 98 27 tillägga;
200 1485 68 21 likasä
292 1486 23 19 är
336 1485 37 26 jag
395 1485 49 20 med
467 1485 58 20 Frih.
549 1491 40 14 von
611 1484 88 21 Alfthan
716 1491 49 14 ense
782 1484 80 23 derom,
878 1484 33 19 att

80 1513 87 27 frägans
182 1513 150 27 hufvudpunkt
347 1513 33 21 för
396 1513 134 21 närvarande
547 1515 24 19 är
586 1515 10 24 $
612 1513 13 21 3
640 1513 49 21 med
704 1513 57 21 hvad
778 1511 71 22 dertill
864 1511 47 26 hör,

80 1543 7 20 i
100 1542 113 27 jembredd
235 1542 48 21 med
304 1541 87 22 hvilken
407 1541 34 22 del
457 1542 6 20 i
479 1541 242 28 författningsförslaget
737 1541 39 21 allt
792 1541 36 21 det
844 1540 68 26 öfriga
