1075 1734
346 124 25 17 R.
385 128 17 13 o.
415 124 22 16 A.
447 124 60 17 1888.
525 124 23 17 12
560 124 48 21 Maj.
817 118 55 22 1173

63 205 94 26 främsta
179 212 92 19 rummet
293 211 40 21 har
355 210 36 22 till
413 210 92 28 uppgift,
529 212 33 20 att
584 211 28 26 på
630 211 97 21 kortaste
743 212 41 25 väg
801 210 100 22 förbinda

63 234 85 26 landets
165 241 79 19 tvänne
259 238 90 22 främsta
365 239 79 26 städer,
454 241 88 19 orterna
557 233 47 27 Åbo
621 239 40 21 och
678 238 144 28 Helsingfors,
839 239 24 21 så
878 240 25 20 är

62 267 43 21 den
127 268 154 26 obestridligen
303 270 33 19 att
358 274 63 15 anses
444 274 46 15 som
513 274 26 15 en
562 268 118 26 stambana,
705 274 49 14 men
778 268 27 21 då
820 270 24 19 är
860 268 41 21 den

64 296 66 22 också
152 302 26 15 en
198 296 133 22 konkurrent
346 296 33 22 till
395 303 29 15 nu
439 297 118 21 bestående
572 297 130 21 statsbanor.
734 296 114 22 Utskottet
863 296 39 22 har

64 325 55 21 dock
141 325 47 21 icke
210 326 82 20 kunnat
316 331 22 15 se
361 326 68 20 saken
453 326 30 21 så.
514 326 114 21 Utskottet
642 326 40 20 har
698 325 47 21 icke
762 327 55 19 trott
831 326 72 21 denna

63 354 68 21 banas
140 354 119 21 förnämsta
267 354 83 27 uppgift
361 360 58 20 vara,
431 356 33 20 att
475 354 99 22 förkorta
584 354 109 21 afståndet
704 354 81 21 mellan
802 348 47 28 Åbo
863 354 39 22 och

64 382 142 28 Helsingfors.
232 382 27 21 Vi
274 382 65 22 hafva
354 383 109 21 bestämdt
478 383 89 21 alldeles
583 382 33 22 för
632 383 49 21 litet
694 382 117 28 jernvägar
827 383 75 21 ännu
888 378 18 36 i

64 412 48 20 vårt
127 412 57 25 land,
200 411 40 21 och
256 411 74 21 landet
343 411 40 21 har
394 412 89 21 alldeles
494 411 34 21 för
542 412 46 20 små
598 417 112 20 ressurser,
723 411 34 21 för
769 413 34 19 att
814 412 21 20 vi
846 414 56 19 ännu

63 440 71 21 skulle
157 440 72 21 kunna
251 439 60 28 börja
333 440 71 27 bygga
424 440 122 27 jernvägar,
569 440 85 21 hvilkas
679 439 121 22 förnämsta
818 440 85 27 uppgift

66 468 69 21 skulle
146 468 66 21 blifva
222 469 47 26 den,
282 470 31 19 att
323 475 52 14 vara
385 469 111 27 ginvägar.
512 469 41 21 Om
564 469 64 21 ocksä
639 468 139 27 obestridligt
793 468 110 22 afständet

64 503 39 21 per
123 497 89 28 jernväg
234 497 78 21 mellan
335 492 48 27 Äbo
407 497 40 22 och
470 497 136 28 Helsingtors
630 499 24 19 är
669 497 51 21 vida
735 499 71 19 större
823 499 28 20 än
867 497 37 22 det

65 525 72 22 kunde
152 532 57 20 vara,
230 526 40 21 och
286 528 55 19 ännu
357 533 59 14 mera
431 526 110 21 afständet
556 527 79 20 mellan
651 527 76 26 Hangö
745 525 40 22 och
804 526 99 27 Helsing-

67 553 49 28 fors,
133 554 24 21 sä
172 557 24 18 är
212 555 40 20 den
267 555 61 25 krok,
343 561 50 15 man
408 555 83 27 nödgas
506 557 59 26 göra,
582 555 33 21 för
630 557 33 19 att
686 554 164 22 kommunicera
868 556 37 26 sig

66 583 91 21 emellan
174 584 62 20 dessa
251 585 62 25 orter,
323 584 54 21 dock
393 584 117 27 ingalunda
525 584 25 21 sä
564 583 142 28 betungande,
718 585 33 19 att
763 584 41 21 den
817 586 84 19 ensamt

66 611 52 22 eller
141 618 37 15 ens
200 612 7 21 i
231 612 89 21 främsta
342 615 92 19 rummet
454 613 69 20 skulle
538 613 88 27 betinga
640 612 138 21 tillkomsten
794 612 24 21 af
833 619 26 14 en
874 619 30 21 ny

63 641 97 27 jernväg.
190 641 111 21 Utskottet
322 641 40 21 har
385 642 37 21 det
436 641 90 22 oaktadt
540 641 48 22 icke
603 641 28 27 pä
646 641 66 27 nägot
738 643 43 20 sätt
795 641 58 22 velat
867 647 38 16 un-

67 669 109 22 derkänna
198 670 72 27 vigten
292 670 24 21 af
336 677 28 14 nu
383 670 167 27 ifrägavarande
564 671 62 25 bana,
643 676 50 15 men
708 669 41 21 har
765 670 72 21 funnit
854 670 49 21 dess

66 698 110 27 betydelse
192 698 76 21 främst
284 699 56 27 ligga
356 699 53 26 deri,
426 701 33 19 att
470 699 42 21 den
523 699 97 21 kommer
632 701 32 19 att
674 699 107 26 genomgä
791 705 27 14 en
830 699 73 21 lands-

67 727 42 26 del,
133 733 45 15 som
200 727 57 21 hvad
279 727 78 27 kultur,
382 727 289 28 befolkningsförhällanden
692 734 18 14 o.
727 733 16 15 s.
759 734 19 14 v.
795 727 108 27 beträffar,

68 755 107 22 mähända
200 758 24 19 är
248 756 40 21 den
311 756 90 21 främsta
416 757 6 20 i
439 756 50 21 hela
504 757 80 20 landet.
615 757 42 20 Det
673 758 23 19 är
712 755 79 27 derför,
809 762 45 15 som
870 758 34 19 ut-

67 785 83 20 skottet
173 785 47 20 icke
242 785 39 20 har
302 785 81 21 kunnat
399 785 72 27 undgå
487 787 32 19 att
535 785 101 21 betrakta
652 785 71 21 denna
738 785 56 20 bana
810 785 71 21 såsom
898 785 6 20 i

69 813 91 21 främsta
181 816 92 18 rummet
295 820 26 14 en
343 814 58 21 lokal
417 814 62 26 bana,
497 814 19 21 d.
533 819 52 21 v,'s.
602 820 26 15 en
644 814 56 20 bana
715 815 97 20 närmast
828 813 77 22 afsedd

68 841 34 22 för
126 842 40 21 den
190 845 44 18 orts
256 842 71 27 behof,
351 849 78 21 genom
447 843 88 20 hvilken
552 843 41 20 den
608 843 98 20 kommer
722 844 33 19 att
771 843 77 27 dragas
865 843 40 20 och

70 870 33 22 för
126 871 59 21 detta
201 871 174 27 åskådningssätt
391 872 39 20 har
443 872 38 27 jag
497 871 71 21 funnit
584 874 31 19 ett
631 872 49 20 stöd
695 871 7 21 i
718 870 51 22 flere
785 871 24 21 af
824 872 26 20 de
866 871 39 21 här

69 899 91 21 anförda
175 900 134 26 yttrandena,
326 902 73 20 senast
415 901 6 20 i
437 900 37 22 det
489 900 107 28 yttrande,
606 906 46 16 som
668 900 99 27 afgifvits
783 899 22 21 af
821 900 40 21 den
872 906 33 15 se-

70 930 61 19 naste
146 929 65 20 ärade
226 929 82 21 talaren
324 929 58 21 Frih.
399 936 42 14 von
456 929 65 21 Born.
545 929 57 21 Frih.
619 935 41 15 von
676 928 59 22 Born
750 929 39 21 har
804 929 54 21 talat
869 935 35 15 om

69 957 42 21 den
134 958 110 26 orättvisa,
268 964 45 14 som
337 958 69 20 denna
429 958 35 21 del
487 958 24 20 af
530 958 73 21 landet
618 958 49 20 lidit
683 964 77 20 genom
776 959 32 19 att
824 958 41 20 den
882 958 23 20 sä

71 985 62 27 länge
149 986 56 21 varit
220 986 142 22 tillbakasatt.
379 987 63 21 Hvad
458 987 71 21 denna
544 986 104 22 orättvisa
664 986 139 26 vidkommer,
819 986 39 22 vill
867 986 38 27 jag

71 1014 54 21 först
140 1014 102 27 päminna
257 1015 79 26 derom,
352 1017 32 19 att
401 1015 37 21 der
454 1015 111 21 afständet
580 1017 24 19 är
619 1015 71 27 längst
706 1015 33 21 till
752 1015 67 21 redan
830 1014 74 22 utförd

68 1043 97 27 jernväg,
189 1044 23 20 sä
234 1046 24 18 är
281 1044 35 20 det
339 1044 59 21 cirka
421 1045 12 20 5
450 1044 45 21 mil
526 1044 42 28 Jag
583 1044 43 21 kan
642 1043 72 22 derför
729 1044 48 21 icke
793 1043 62 26 fatta,
873 1046 32 19 att

72 1072 70 21 denna
164 1072 98 21 landsdel
285 1073 68 21 skulle
369 1079 52 15 vara
436 1073 24 21 sä
475 1073 119 27 synnerligt
610 1073 136 21 tillbakasatt
761 1072 7 21 i
784 1072 121 22 kommuni-

71 1100 133 28 kationsväg.
236 1101 49 21 Men
309 1102 31 20 lät
362 1108 51 14 vara
437 1103 32 19 att
489 1102 40 20 här
544 1101 95 27 föreläge
654 1108 27 14 en
696 1101 106 21 orättvisa
817 1101 40 21 och
873 1103 33 19 att

72 1129 70 21 denna
156 1130 56 20 bana
228 1130 68 21 skulle
312 1130 65 21 hafva
392 1130 33 21 sin
441 1130 120 21 förnämsta
576 1130 85 27 uppgift
677 1132 33 19 att
725 1136 100 21 reparera
836 1130 69 21 denna

70 1158 112 21 orättvisa.
213 1159 41 27 Jag
277 1159 37 21 vill
338 1159 27 21 dä
380 1159 67 27 fråga,
464 1159 50 21 med
530 1159 100 21 afseende
646 1159 12 21 å
674 1159 63 21 hvem
753 1159 70 21 denna
839 1160 67 20 orätt-

72 1186 46 22 visa
141 1188 36 26 egt
200 1194 52 14 rum.
284 1188 40 20 Det
348 1190 23 18 är
394 1188 34 20 väl
451 1188 50 21 med
521 1188 101 20 afscende
638 1188 12 20 å
666 1188 26 20 de
708 1188 89 26 trakter,
814 1194 48 14 man
879 1194 28 14 nu

72 1215 37 21 vill
124 1215 86 27 betjena
225 1216 49 20 med
290 1216 68 21 denna
371 1216 95 27 jernväg,
484 1217 26 21 de
526 1219 64 23 orter,
607 1223 75 21 genom
699 1216 74 21 hvilka
789 1216 40 21 den
847 1216 60 21 kom-

73 1250 45 15 mer
136 1246 32 19 att
184 1244 33 27 gä.
248 1244 78 22 Ställer
341 1252 50 14 man
407 1245 32 27 sig
455 1245 28 27 pä
499 1246 41 20 den
556 1246 44 25 bas,
617 1247 32 19 att
665 1245 36 21 det
716 1247 24 19 är
757 1245 33 21 för
806 1247 32 19 att
853 1247 54 24 rätt-

72 1273 42 21 vist
137 1272 115 27 tillgadose
275 1274 61 20 dessa
352 1274 89 25 trakter,
459 1280 46 15 som
521 1274 70 21 denna
607 1274 55 21 bana
678 1280 28 15 nu
721 1274 40 20 bör
776 1274 91 26 utföras,
885 1274 22 20 sä

72 1301 106 21 erkänner
192 1308 50 14 man
258 1302 34 21 väl
307 1302 49 21 med
372 1302 127 26 detsamma,
516 1305 33 18 att
565 1303 47 20 dess
629 1301 139 28 hufvudsyfte
784 1304 24 19 är
823 1304 33 19 att
871 1302 36 21 be-

73 1330 59 27 tjena
148 1330 45 27 just
210 1331 61 20 dessa
287 1337 81 14 samma
384 1331 92 25 trakter;
501 1337 49 14 men
566 1331 27 20 dä
608 1331 39 20 har
664 1331 40 20 den
720 1331 33 20 sin
769 1331 139 26 förnämliga-

74 1361 32 18 ste
128 1359 86 26 uppgift
237 1359 7 20 i
267 1361 31 19 att
314 1366 51 14 vara
381 1366 25 14 en
421 1359 59 21 lokal
496 1360 62 21 bana.
589 1359 31 21 På
636 1360 62 20 dessa
714 1359 53 26 skäl,
784 1359 34 21 till
834 1359 74 21 hvilka

71 1387 38 27 jag
124 1387 124 27 ytterligare
264 1388 37 20 vill
317 1388 62 27 lägga
396 1389 25 20 de
437 1391 144 24 argumenter,
598 1394 45 15 som
660 1388 38 21 här
714 1388 83 21 anförts
814 1388 6 20 i
833 1387 75 27 frägan

74 1422 34 15 om
131 1416 67 21 andra
221 1416 67 21 banor
310 1417 40 20 och
374 1417 90 20 hänvisa
479 1417 33 21 till
529 1417 26 21 de
568 1417 76 25 beslut,
661 1423 45 14 som
723 1417 104 20 ständena
842 1417 67 20 redan

75 1444 64 21 fattat
155 1451 34 14 om
205 1445 73 26 banor,
295 1451 45 15 som
356 1445 6 20 i
379 1445 40 21 den
436 1447 108 20 närmaste
561 1445 114 21 framtiden
692 1445 60 21 skola
768 1445 89 25 utföras,
869 1445 40 20 har

74 1473 106 21 utskottet
195 1473 47 21 icke
258 1474 81 21 kunnat
355 1474 66 21 tänka
437 1474 33 27 sig
485 1476 33 19 att
535 1475 69 20 denna
619 1474 61 25 bana,
698 1474 23 21 sä
732 1473 122 27 berättigad
867 1473 42 21 den

74 1503 28 19 än
124 1502 42 20 kan
189 1508 57 20 vara,
267 1503 68 20 kunde
351 1503 87 20 komma
453 1503 71 27 ifräga
540 1505 32 19 att
588 1503 33 20 för
637 1503 140 20 statsverkets
793 1502 93 27 räkning
902 1503 7 20 i

74 1530 42 21 den
130 1532 109 19 närmaste
255 1531 115 21 framtiden
386 1531 83 21 utföras
485 1532 40 21 och
541 1531 72 21 derför
628 1531 47 21 icke
687 1531 66 21 heller
765 1532 83 19 kunnat
859 1531 51 20 ifrä-

818 1571 21 16 75
