1067 1736
201 137 55 21 1364
470 143 24 18 R.
507 148 18 13 o.
537 144 23 16 A.
569 143 58 18 1888.
642 143 24 17 18
677 143 48 22 Maj.

172 227 82 22 veckan
277 227 76 22 arbeta
375 227 27 27 pä
425 228 169 27 eftermiddagen
616 228 40 22 och
671 228 65 21 hafva
751 229 12 20 5
779 228 97 21 timmars
891 228 111 23 arbetstid,

173 256 81 22 hvilket
269 256 7 21 i
291 256 101 22 medeltal
407 256 68 22 skulle
490 259 53 25 göra
558 258 77 20 endast
650 257 12 21 6
677 257 98 21 timmars
790 257 74 21 arbete
879 264 35 14 om
928 258 74 26 dagen.

173 285 43 20 Det
231 290 62 21 synes
308 285 47 21 icke
370 285 23 21 af
406 286 36 20 det
459 286 145 26 föreliggande
626 286 109 26 förslaget,
759 288 32 19 att
807 291 25 16 en
856 285 65 22 sädan
934 285 68 27 jemk-

172 313 51 26 ning
238 319 50 15 vore
304 313 79 28 möjlig,
405 320 48 15 men
476 314 28 21 dä
527 314 61 21 detta
603 314 134 21 förhällande
759 314 131 27 väsentligen
909 314 93 27 ingriper

173 341 8 21 i
199 341 39 22 den
255 341 108 22 allmänna
378 342 191 27 arbetsordningen
585 343 34 21 vid
635 343 43 21 alla
693 344 70 20 större
779 342 101 25 fabriker,
896 343 23 21 sä
934 342 68 21 skulle

171 370 37 27 jag
230 370 85 27 föreslä,
339 373 33 19 att
393 371 68 21 första
483 371 96 27 punkten
597 371 69 22 skulle
680 371 21 22 fä
717 371 42 21 den
774 371 95 27 lydelsen
885 371 40 22 den
940 371 40 20 har
995 371 7 20 i

173 399 152 26 betänkandet,
349 406 48 15 men
411 402 33 19 att
466 406 26 15 en
508 400 70 26 punkt
597 400 69 21 skulle
681 400 105 27 tilläggas,
802 399 148 22 innehällande
970 401 31 19 att

175 427 55 22 barn
244 427 22 22 fä
281 428 135 27 sysselsättas
432 435 40 14 ena
486 429 81 21 veckan
583 429 28 26 pä
626 429 148 26 förmiddägen
789 429 50 26 71/,
854 429 84 21 timmar
954 428 48 21 med

173 462 27 15 en
216 456 27 27 1/,
259 457 84 21 timmes
358 457 128 22 frukostrast
502 457 40 22 och
557 457 28 27 pä
601 457 168 28 eftermiddagen
792 458 41 21 den
848 457 92 27 följande
956 463 46 14 vec-

173 485 44 21 kan
238 485 49 22 med
302 487 13 18 5
331 486 96 21 timmars
449 486 112 21 arbetstid.
591 486 43 21 Det
656 487 68 20 skulle
749 486 188 21 öfverensstämmä
954 485 48 22 med

173 513 56 22 hvad
245 514 34 21 vid
295 516 69 19 större
379 515 198 21 arbetsverkstäder
592 517 25 19 är
632 515 87 26 infördt,
733 515 39 21 och
787 515 106 26 rubbning
903 515 7 21 i
921 515 81 20 arbets-

174 542 118 27 ordningen
315 543 68 21 skulle
406 543 121 27 derigenom
550 543 110 22 undvikas.
690 544 99 21 Barnena
811 543 68 22 skulle
903 544 39 21 den
963 549 39 15 ena

173 571 82 21 veckan
270 571 75 21 arbeta
361 572 47 21 litet
422 572 87 21 kortare
525 573 31 20 tid
573 573 40 20 och
628 573 40 20 den
684 573 69 20 andra
765 573 80 20 veckan
861 573 46 20 litet
923 573 79 25 längre,

175 605 48 15 men
246 600 156 26 sammanlagdt
418 600 67 22 skulle
501 601 133 21 arbetstiden
657 601 46 21 icke
726 600 115 28 öfverstiga
865 602 12 19 6
896 601 106 21 timmari

174 628 107 21 medeltal.
311 629 42 27 Jag
369 629 67 21 skulle
452 629 73 21 derför
540 629 39 21 hos
596 629 36 21 det
646 629 116 27 höglofliga
777 629 85 21 ständet
878 629 78 21 föreslä
970 632 32 18 att

174 656 41 50 an
231 656 67 51 första
313 658 95 26 punkten
423 658 69 21 skulle
508 658 59 21 delas
582 658 7 21 i
604 660 84 24 tvänne,
705 658 66 27 enligt
782 658 56 21 hvad
847 658 36 27 jag
894 658 45 21 haft
950 660 52 18 äran

185 691 74 15 öreslå.

244 743 32 21 Hr
298 744 24 21 L.
346 744 173 27 Gripenberg:
550 745 41 26 Jag
613 744 40 21 har
669 746 54 19 trott
741 744 43 27 mig
799 744 53 21 böra
868 743 84 21 anhålla
968 749 34 15 om

175 772 61 21 ordet
252 774 27 19 än
295 778 26 15 en
336 772 55 28 gång
406 774 48 20 med
470 773 114 26 aniedning
598 773 24 21 af
635 773 55 21 hvad
706 773 32 21 Hr
755 772 99 22 Lindelöf
875 775 71 18 senast
960 773 42 25 ytt-

174 800 59 22 rade.
248 800 42 28 Jag
305 801 68 21 måste
388 802 105 26 nämligen
508 802 109 20 bestämdt
632 802 58 26 hylla
704 808 26 14 en
741 808 70 14 annan
823 801 134 27 uppfattning
968 806 34 15 om

174 829 124 27 betydelsen
314 830 24 20 af
351 830 60 21 detta
426 830 117 27 stadgande
567 832 26 19 än
609 830 41 22 den
666 830 31 21 Hr
712 830 101 21 Lindelöf
826 830 45 20 har.
901 830 10 20 I
927 829 75 26 många

174 857 24 21 af
219 858 26 20 de
267 858 115 21 utländska
403 859 169 26 skyddslagarna
587 858 132 22 förekomma
734 858 73 27 dylika
821 858 117 26 eftergifter
953 857 48 21 frän

174 886 27 21 de
217 886 108 22 allmänna
340 887 192 27 bestämningarne.
554 887 43 21 Det
612 889 24 19 är
654 887 46 21 icke
711 887 94 26 ovanligt
817 889 32 18 att
861 887 43 20 deri
915 886 87 27 specielt

175 916 88 21 nämnes
278 915 57 22 vissa
355 916 46 26 slag
416 915 23 22 af
452 916 125 25 industrier;
600 916 24 21 sä
639 916 40 21 har
693 922 49 15 man
758 918 16 19 t.
790 922 31 14 ex.
837 915 35 21 vid
888 914 114 22 smältverk

175 943 24 21 af
212 943 58 22 olika
285 944 46 27 slag
347 946 69 19 ansett
432 945 32 26 sig
479 945 53 21 böra
546 944 79 27 bevilja
642 945 119 26 eftergifter
782 944 47 21 frän
846 943 157 27 bestämringar

175 977 35 16 om
233 972 153 27 minderäriges
408 973 40 21 och
470 973 64 21 barns
558 973 80 21 arbete.
669 973 34 21 Då
726 973 37 21 det
778 973 23 20 af
815 979 25 14 en
856 973 79 20 komite
950 978 53 20 upp-

174 1001 77 26 gjorda
273 1001 103 27 förslaget
397 1008 39 15 var
457 1002 45 21 före
525 1001 34 22 för
582 1002 129 26 behandling
731 1001 6 21 i
753 1001 180 27 lagbereaningen
955 1001 48 20 med

174 1029 86 22 biträde
282 1029 23 22 af
326 1030 119 21 tillkallade
467 1030 105 27 fackmän,
597 1030 23 21 sä
642 1037 39 14 var
699 1030 62 21 äfven
777 1030 70 21 denna
861 1029 60 27 fräga
936 1029 68 21 under

175 1058 128 26 diskussion,
319 1059 40 21 och
375 1059 27 20 dä
416 1061 67 19 sattes
499 1059 35 21 det
549 1059 75 26 ifräga,
636 1065 34 15 om
680 1059 47 21 icke
738 1059 61 20 äfven
815 1059 6 20 i
837 1059 69 20 denna
916 1057 87 22 författ-

174 1087 51 26 ning
240 1087 66 21 borde
322 1089 98 19 närmare
431 1087 138 27 spesificeras,
580 1087 34 21 för
624 1087 72 21 hvilka
706 1087 46 26 slag
763 1087 23 21 af
794 1087 116 21 industrier
921 1086 81 21 sädana

176 1115 119 27 eftergifter
310 1116 66 21 borde
391 1116 73 21 kunna
478 1116 100 27 beviljas;
595 1116 59 21 detta
669 1116 78 27 ansägs
763 1116 55 21 dock
833 1115 101 27 omöjligt,
955 1121 48 15 men

174 1143 8 21 i
205 1144 72 21 stället
300 1145 67 20 enade
389 1151 48 14 man
453 1145 31 26 sig
506 1151 34 15 om
559 1145 37 20 det
612 1145 124 26 stadgande,
753 1150 45 15 som
813 1143 116 27 igenfinnes
944 1144 6 20 i
967 1144 36 20 det

175 1172 68 21 andra
257 1178 71 20 mom.,
347 1173 40 21 och
402 1172 61 28 afsäg
478 1173 87 21 dermed
581 1175 33 19 att
628 1173 114 26 kejserliga
757 1175 94 23 senaten,
875 1172 65 21 sedan
956 1174 47 19 när-

175 1206 60 15 mare
251 1201 115 26 utredning
380 1202 92 21 vunnits,
495 1202 68 20 skulle
578 1202 88 20 utfärda
681 1202 108 20 allmänna
804 1201 139 25 stadganden,
966 1201 38 20 der

175 1229 63 21 dessa
260 1229 92 26 speciela
367 1230 121 26 industrier,
512 1236 45 15 som
581 1230 66 21 borde
669 1230 142 26 undantagas,
827 1229 68 21 skulle
910 1229 93 21 anföras.

175 1256 156 29 Ursprungliga
353 1258 91 27 afsigten
467 1259 47 20 med
531 1259 61 20 detta
606 1259 161 26 lagstadgande,
787 1258 71 21 säsom
874 1258 35 21 det
925 1257 22 22 af
960 1258 44 25 lag-

175 1285 145 28 beredningen
342 1287 136 26 stiliserades,
494 1293 38 15 var
554 1287 90 26 säledes,
667 1287 153 26 obestridligen
843 1288 32 19 att
893 1286 26 27 pä
934 1286 70 26 grund

175 1315 63 21 deraf
250 1315 57 21 vissa
321 1315 109 21 allmänna
446 1315 132 28 stadganden
593 1315 68 22 skulle
676 1315 105 22 utfärdas.

245 1372 32 21 Hr
299 1372 22 21 P.
346 1373 25 21 E.
393 1373 23 21 af
436 1373 149 22 Forselles:
616 1373 30 21 Pä
669 1373 25 21 de
717 1373 54 25 skäl,
794 1373 73 20 hvilka
884 1371 39 21 här
939 1371 66 21 redan

175 1400 70 22 blifvit
262 1401 129 21 framhällna
405 1402 33 21 till
454 1401 83 22 förmån
552 1401 34 22 för
600 1402 117 21 utskottets
733 1401 51 26 bet.,
801 1401 67 21 måste
879 1401 37 26 jag
931 1399 26 21 be
972 1402 33 18 att

175 1429 34 21 för
231 1430 44 20 min
297 1430 35 20 del
354 1430 22 20 f&
390 1430 88 21 förorda
492 1431 48 20 dess
556 1431 127 25 antagande.
713 1430 43 20 Det
772 1436 61 20 synes
846 1430 25 26 ju
886 1428 119 27 uppenbar-

175 1457 58 26 ligen
248 1458 56 21 blott
319 1458 66 21 blifva
399 1465 27 15 en
441 1458 91 28 omgäng
548 1460 32 20 att
596 1459 66 26 draga
677 1458 42 21 alla
742 1458 94 21 ärenden
851 1458 23 20 af
888 1458 69 20 denna
972 1459 34 17 art

175 1486 34 20 till
224 1489 99 19 senatens
339 1486 99 28 pröfning
454 1488 39 20 och
508 1487 123 27 afgörande.
662 1487 50 21 Man
734 1487 77 26 klagar
833 1486 66 21 redan
917 1485 88 21 allmänt

176 1514 59 22 öfver
257 1517 33 19 att
312 1521 26 15 en
361 1516 73 21 alltför
456 1518 74 24 sträng
549 1516 160 26 centralisering
725 1522 51 20 eger
792 1521 46 15 rum
853 1514 39 22 och
907 1520 49 14 man
972 1519 34 15 ser

176 1542 45 22 ofta
235 1550 43 20 nog
292 1544 103 26 uppgifna
410 1545 99 25 ärenden,
526 1550 46 16 som
586 1544 24 21 af
622 1547 89 19 senaten
725 1544 135 25 behandlats,
877 1542 71 22 hvilka
960 1542 46 22 sak-
