1073 1739
221 132 55 21 1186
481 138 25 18 R.
520 143 18 13 0.
550 139 23 16 A.
583 139 59 18 1888.
660 138 23 17 15
695 138 48 22 Maj.

192 223 69 28 &tnöjt
282 224 43 27 mig
341 224 48 21 med
406 225 39 20 den
460 224 133 27 förändring,
608 224 109 21 utskottet
731 224 49 21 med
795 224 71 21 denna
881 225 144 27 straffpäföljd

191 253 97 26 vidtagit,
311 253 106 26 nämligen
440 254 34 21 att
498 253 78 21 förlust
599 253 24 21 af
643 253 168 27 medborgerligt
833 253 123 22 förtroende
977 254 47 21 icke

192 281 89 22 ädömes
295 281 34 22 för
344 281 68 27 alltid,
427 283 53 20 utan
495 282 77 21 endast
586 281 29 28 pä
628 282 59 21 vissa
702 281 30 22 är.

260 310 44 21 Det
311 311 24 20 är
343 316 26 15 en
378 310 70 27 gifven
458 311 46 26 sak,
516 312 33 20 att
557 310 135 27 fängelserna
700 310 68 21 under
775 310 42 21 den
826 312 107 20 närmaste
942 311 82 21 framti-

191 339 41 21 den
247 339 87 21 komma
348 340 33 20 att
390 339 8 21 i
408 345 26 15 en
445 339 169 27 utomordentlig
624 339 53 26 grad
687 341 63 24 tagas
759 339 6 20 i
776 339 94 27 anspråk
881 339 39 22 och
932 339 60 22 detta
1002 339 24 22 af

191 367 78 27 mänga
277 367 52 22 skäl.
346 367 81 22 Genom
436 368 41 21 den
485 374 29 15 nu
522 367 35 22 till
565 368 121 26 antagande
694 367 128 22 framstälda
831 367 125 28 strafflagen
964 368 59 21 kom-

190 402 46 15 mer
245 396 113 27 nämligen,
366 395 95 23 förutom
470 398 47 25 spö-
526 396 40 21 och
575 396 129 26 risstraffen,
713 395 66 22 också
787 396 169 27 bestraffningen
965 396 59 25 ,,fän-

191 425 58 26 gelse
257 425 35 21 vid
308 426 73 20 vatten
397 425 39 21 och
451 425 66 22 bröd*
532 427 33 20 att
581 425 45 21 helt
637 425 40 21 och
687 425 68 21 hället
766 425 106 27 upphöra,
884 425 39 22 och
933 425 7 21 i
951 425 73 21 stället

190 453 35 22 för
235 453 61 22 detta
310 453 89 27 skärpta
413 453 140 22 frihetsstraff
568 453 97 22 kommer
676 460 29 15 nu
720 455 33 20 att
767 454 64 21 träda
841 455 32 20 ett
883 453 51 22 flere
944 453 80 28 gänger

191 482 75 27 längre
281 482 162 27 fängelsestraff.
474 483 116 21 Dessutom
605 483 86 21 komma
707 483 66 26 enligt
789 483 41 21 den
845 489 41 20 nya
901 482 123 27 strafflagen

192 510 66 22 ocksä
280 511 33 26 de,
330 517 45 15 som
398 511 68 21 första
481 511 83 27 gängen
579 511 85 21 föröfva
679 511 64 25 stöld,
759 512 33 20 att
808 511 101 28 beläggas
924 511 48 22 med
987 511 37 22 fri-

191 539 118 27 hetsstraff,
335 546 46 15 som
403 540 74 21 kunna
497 540 72 27 uppgä
584 540 32 21 till
632 541 32 20 ett
679 539 25 22 är
719 540 40 21 och
775 540 35 21 vid
826 539 138 22 försvärande
980 546 44 15 om-

192 568 153 27 ständigheter,
369 569 56 20 ända
446 569 34 21 till
503 569 38 21 tvä
563 568 30 21 är.
623 569 34 21 Dä
679 569 37 21 det
731 575 30 14 nu
776 570 24 19 är
816 575 26 15 en
857 569 58 21 känd
930 569 45 26 sak,
991 571 33 19 att

192 597 151 22 stöldsbrottet
365 599 24 19 är
412 597 42 27 det,
478 604 45 15 som
540 597 65 22 bland
620 597 43 22 alla
678 597 142 27 förbrytelser
836 597 66 22 oftast
917 597 107 22 förekom-

192 632 52 20 mer,
268 626 24 21 sä
306 628 25 19 är
346 626 36 21 det
397 626 41 21 lätt
453 628 33 20 att
501 627 52 25 inse,
570 627 33 20 att
617 626 62 21 äfven
695 626 37 21 det
747 626 133 21 sistnämnda
894 626 129 27 stadgandet

191 655 8 21 i
214 655 96 27 betydlig
324 655 50 21 män
389 655 99 27 bidrager
504 657 33 20 att
553 655 42 21 öka
609 655 83 21 antalet
707 655 103 21 invänare
825 655 7 21 i
849 655 50 21 vära
908 655 114 26 fängelser.

192 683 50 22 Men
264 683 73 22 härtill
359 684 87 21 komma
468 686 56 19 ännu
547 683 107 22 särskilda
669 690 42 21 nya
726 683 53 22 skäl.
813 684 71 21 Under
900 684 36 21 det
951 685 72 20 senast

192 711 119 28 förgängna
334 711 46 22 äret
401 712 110 27 upphörde
527 713 107 26 nämligen
649 713 29 20 all
694 713 138 26 deportation
847 712 32 21 till
895 713 91 21 Sibirien
1001 716 22 18 at

191 741 111 27 fängslade
318 741 68 21 finska
401 741 128 27 förbrytare,
547 747 45 15 som
607 741 28 26 pä
651 747 53 21 egen
715 741 97 21 ansökan
824 741 69 21 säsom
904 741 120 22 kolonister

192 769 40 22 allt
255 770 65 21 sedan
345 770 119 21 1840-talet
486 770 32 21 dit
536 769 75 28 afgätt,
629 770 39 21 och
684 770 111 21 dessutom
812 771 24 20 är
850 770 7 21 i
873 770 150 27 Kejsardömet

192 798 107 27 Ryssland
321 805 29 14 nu
365 799 66 20 redan
446 798 60 27 fräga
521 799 65 21 väckt
602 805 34 15 om
652 800 33 20 att
700 798 102 22 lifdömde
818 798 69 22 finska
901 799 121 27 förbrytare

192 827 46 22 icke
254 833 60 15 mera
329 827 67 25 skola,
412 828 49 20 med
477 827 98 22 befrielse
590 827 49 22 frän
655 827 124 26 dödsstraff,
796 827 34 21 till
846 827 90 22 Sibirien
947 827 76 27 depor-

192 858 64 22 teras,
280 858 52 19 utan
354 856 61 21 skola
438 856 62 21 dessa
522 855 69 22 finska
613 855 129 28 förbrytare,
763 856 66 27 enligt
851 856 57 21 inom
924 856 99 27 Kejsare-

192 885 73 20 dömet
287 884 125 22 framstälda
427 884 87 27 förslag,
533 885 3 20 i
554 885 91 21 Finland
661 886 131 25 gvarstanna
808 886 52 20 utan
876 886 32 20 att
923 885 99 26 Kejsare-

192 913 74 22 dömet
288 913 68 21 skulle
380 913 91 21 behöfva
493 913 106 27 betungas
621 914 49 21 med
693 913 190 27 verkställigheten
906 913 23 21 af
946 914 25 21 de
986 913 38 22 fri-

192 941 117 27 hetsstraff,
326 948 45 15 som
386 942 7 21 i
409 942 72 21 stället
496 941 34 22 för
543 941 142 22 dödsstraffet
701 941 86 22 komma
803 944 33 19 att
848 942 82 21 drabba
943 942 80 21 brotts-

192 971 104 26 lingarne.
326 970 34 21 Då
382 977 49 14 man
454 971 107 25 besinnar,
584 973 33 19 att
639 971 102 21 lifdömde
764 971 40 21 och
820 970 70 21 såsom
905 971 119 21 kolonister

192 999 33 21 till
249 999 94 21 Sibirien
366 999 141 26 deporterade
523 999 131 22 tillsamman
669 999 83 27 utgjort
768 1001 31 20 ett
815 999 59 21 antal
889 999 23 21 af
926 999 98 28 omkring

193 1029 27 20 60
244 1034 35 15 om
302 1027 52 26 äret,
378 1029 33 20 att
429 1028 25 21 de
470 1028 153 26 deporterades
639 1027 60 22 älder
714 1028 36 21 vid
766 1028 37 21 det
818 1028 26 21 de
859 1028 81 21 lemnat
954 1028 69 21 fäder-

192 1057 113 20 neslandet
320 1057 6 20 i
341 1057 102 20 medeltal
465 1056 91 27 uppgått
573 1057 33 21 till
623 1057 84 25 vidpass
724 1057 27 20 30
767 1056 24 21 är
807 1057 40 21 och
862 1058 33 19 att
910 1057 114 21 medellifs-

192 1085 92 27 längden
306 1084 34 22 för
363 1085 48 21 dei
425 1084 53 22 våra
500 1084 108 28 fängelser
630 1085 114 21 förvarade
760 1086 64 26 utgör
840 1085 27 21 52
883 1084 30 27 är,
930 1084 24 22 sä
969 1085 55 21 skall

192 1119 49 15 man
264 1114 111 26 lätteligen
390 1113 63 27 finna,
470 1115 32 19 att
518 1114 83 21 antalet
616 1113 22 21 af
653 1114 7 21 i
675 1113 52 21 vära
737 1114 108 26 fängelser
855 1114 112 21 förvarade
978 1113 46 22 fän-

191 1148 39 21 gar
245 1142 97 21 kommer
358 1143 32 20 att
405 1148 76 21 genom
496 1142 176 27 deportationens
687 1142 142 27 upphörande
845 1142 7 21 i
867 1142 95 27 betydlig
975 1142 49 22 män

191 1170 95 22 förökas.
316 1171 42 27 Jag
372 1171 39 21 ber
426 1173 34 19 att
474 1171 22 21 få
510 1171 80 21 föreslå
605 1172 24 20 R.
647 1177 18 15 o.
677 1171 25 21 A.
719 1170 34 22 till
764 1171 122 27 antagande
897 1172 37 20 det
943 1171 81 27 förslag

191 1199 33 21 till
240 1206 28 20 ny
284 1199 100 27 strafflag
399 1199 33 22 för
448 1200 98 27 Finland,
563 1206 45 15 som
625 1200 22 21 af
661 1199 226 27 Strafflagsutskottet
902 1199 70 22 blifvit
990 1201 36 19 ut-

192 1228 108 26 arbetadt,
316 1234 49 16 men
380 1228 132 22 förbehäller
527 1228 44 28 mig
585 1228 65 22 likväl
666 1230 33 20 att
713 1228 37 21 vid
765 1228 114 27 förslagets
894 1228 131 27 granskning

191 1257 7 20 i
214 1257 67 27 detalj
304 1257 21 21 fä
348 1257 120 21 framställa
487 1257 66 27 nägra
569 1257 168 27 anmärkningar
751 1259 46 19 mot
812 1257 118 21 utskottets
944 1256 82 27 förslag

192 1286 92 21 rörande
300 1286 79 26 frägor,
395 1286 7 20 i
417 1286 73 21 hvilka
502 1286 37 26 jag
555 1286 76 21 tänker
647 1286 58 20 olika
720 1286 50 20 med
781 1286 117 20 utskottets
908 1285 116 27 pluralitet.

261 1343 33 21 Hr
309 1342 198 28 Montgomery:
528 1343 41 27 Jag
585 1345 45 19 tror
645 1343 44 26 mig
703 1342 74 21 kunna
787 1344 86 25 antaga,
885 1344 33 19 att
927 1342 29 27 pä
966 1342 60 21 detta

192 1377 54 19 rum,
270 1372 77 20 liksom
363 1372 65 21 ocksä
443 1372 57 21 inom
517 1370 146 27 medständen,
680 1371 92 27 mängen
787 1371 49 21 med
852 1371 44 27 mig
910 1371 48 21 icke
973 1372 53 20 utan

192 1406 38 14 oro
254 1400 42 21 fätt
310 1400 8 21 i
332 1400 85 22 handen
441 1401 60 21 detta
523 1400 62 26 digra
607 1400 81 26 arbete,
705 1405 47 15 som
767 1406 29 14 nu
812 1400 116 26 föreligger
944 1405 34 15 oss
994 1400 32 20 att

191 1428 104 27 granska,
318 1429 48 21 med
383 1435 38 15 oro
438 1428 60 22 öfver
514 1429 95 21 arbetets
624 1428 57 26 vidd,
697 1428 24 21 sä
738 1428 84 27 ovanlig
845 1428 48 21 från
909 1430 32 19 ett
955 1428 70 21 landt-

192 1457 143 27 dagsutskott,
358 1458 39 21 och
412 1458 49 21 med
476 1458 99 20 afseende
592 1457 12 21 å
619 1457 41 21 den
673 1456 157 28 jemförelsevis
845 1457 65 21 korta
925 1456 38 26 tid,
979 1462 46 16 som

191 1486 37 20 det
250 1486 84 21 kunnat
356 1486 104 21 förunnas
478 1486 91 21 ständen
584 1487 33 20 att
633 1487 57 20 sätta
706 1486 32 26 sig
753 1486 22 20 in
790 1486 8 20 i
813 1485 96 21 arbetets
924 1484 101 25 innehäll,

191 1514 49 21 med
263 1521 37 15 oro
322 1514 79 27 jemväl
425 1514 58 22 öfver
506 1515 41 21 den
563 1514 78 27 mängd
656 1514 168 27 kursiveringar,
841 1520 45 15 som
902 1515 75 25 genast
992 1513 35 22 vid

190 1542 70 22 första
275 1544 142 26 uppsläendet
432 1543 24 21 af
469 1543 68 21 häftet
557 1543 51 21 falla
623 1543 6 21 i
646 1545 90 25 ögonen,
753 1543 40 21 och
810 1549 46 15 som
871 1548 38 21 ger
924 1542 35 22 vid
974 1542 52 22 han-
