1067 1745
344 133 24 17 R.
381 138 18 13 o.
411 134 22 16 A.
447 133 60 18 1888.
525 134 28 17 22
565 133 49 21 Maj.
816 127 54 22 1445

126 218 58 21 Frih.
200 218 25 22 E.
247 218 134 28 Hisinger,
405 225 47 15 som
475 220 94 26 yttrade:
600 219 41 27 Jag
657 220 24 20 är
695 218 135 28 fullständigt
844 218 55 22 före-

68 247 100 21 kommen
184 247 23 21 af
220 247 26 21 de
260 247 57 21 bäda
331 247 128 27 föregäende
475 248 64 21 ärade
555 248 95 21 talarene
665 247 40 22 och
719 247 44 21 kan
777 247 47 22 icke
834 248 65 21 annat

68 278 28 19 än
119 276 129 21 understöda
271 276 62 21 deras
355 276 86 27 förslag.
471 276 40 28 Jag
533 277 69 21 mäste
625 276 96 27 beklaga,
747 277 32 20 att
793 276 106 22 utskottet

68 304 146 22 framkommit
235 305 49 21 med
307 306 30 20 ett
359 305 24 21 sä
401 305 147 27 underhaltigt
563 305 85 27 förslag.
679 305 38 21 Att
732 304 83 22 skänka
828 305 71 27 nägon

68 333 42 21 den
126 333 93 27 ringaste
233 333 189 27 uppmärksamhet
436 334 24 20 ät
475 334 183 22 reservationerna
673 333 56 22 N:ris
747 335 10 20 1
774 333 40 21 och
829 334 13 20 2
856 333 43 21 kan

68 362 70 27 aldrig
158 362 85 21 komma
257 362 7 21 i
280 362 64 27 fråga.
376 362 146 22 Motionärens
537 362 80 28 förslag
633 364 24 20 är
672 362 60 27 godt;
749 362 36 21 det
801 365 25 18 är
840 363 60 20 utar-

69 390 75 22 betadt
160 390 22 22 af
195 390 83 22 landets
293 390 168 28 sakkunnigaste
477 393 49 19 män
541 391 40 22 och
596 391 107 27 grundadt
718 390 29 28 pä
758 397 25 15 en
792 390 108 28 tjuguärig

70 419 128 22 erfarenhet.
228 418 72 28 Nägra
314 419 155 27 förbättringar
483 419 68 22 finnas
565 420 124 27 visserligen
704 420 7 20 i
726 419 117 21 utskottets
858 418 42 22 för-

68 447 54 28 slag,
145 448 69 21 såsom
229 447 7 22 i
252 448 23 27 $$
293 448 26 21 10
334 448 40 21 och
390 449 26 20 19
433 448 40 21 och
493 448 62 22 äfven
569 449 8 20 i
593 449 26 20 de
633 448 54 21 sista
701 447 33 28 $$,
751 448 37 21 der
803 447 97 22 bötesbe-

69 476 160 27 stämningarna
257 476 73 27 bragts
352 477 7 20 i
382 476 220 22 öfverensstämmelse
629 477 49 21 med
700 483 43 20 nya
767 475 131 28 strafflagen.

70 505 42 27 Jag
127 511 34 15 ser
176 505 64 21 också
255 505 66 22 hellre
336 507 33 20 att
383 505 196 28 motionsförslaget
589 505 118 22 förskastas
717 507 28 19 än
755 506 32 21 att
797 511 26 15 en
834 505 66 21 sådan

70 533 121 28 krympling
213 540 45 15 som
281 533 115 22 utskottets
419 534 136 22 betänkande
575 534 42 21 blir
631 534 107 27 godkänd.
768 534 48 21 Den
830 533 70 28 gamla

70 562 62 27 lagen
156 562 22 21 af
200 563 60 24 1868,
277 563 37 20 der
329 563 184 26 sakkunnigheten
529 563 41 21 fätt
585 563 58 26 räda,
660 565 24 19 är
698 563 7 20 i
721 562 42 22 alla
778 562 37 21 fall
829 562 71 21 bättre

70 590 41 22 och
126 591 40 21 bör
181 591 70 21 derför
266 591 123 22 bibehållas.
409 591 42 27 Jag
466 592 96 21 anhåller
577 598 34 15 om
627 593 32 20 att
675 591 65 22 saken
755 591 67 21 måtte
836 591 65 21 blifva

71 619 89 22 föremål
174 619 33 22 för
221 622 47 25 nytt
283 620 114 27 lagförslag
412 620 36 21 vid
464 621 176 20 nästkommande
656 620 151 21 ständermöte.

144 677 32 21 Hr
199 677 26 21 H.
248 677 25 21 A.
296 677 142 22 Mechelin:
470 677 29 22 Af
519 677 117 22 utskottets
659 677 134 22 betänkande
816 676 39 23 och
876 677 25 21 de

71 705 79 32 mänga
164 701 113 41 varianter,
293 705 72 22 hvilka
379 707 7 20 i
402 708 184 19 reservationerna
605 706 137 26 förekomma,
758 706 67 21 sluter
840 705 62 22 äfven

69 734 39 26 jag
129 734 33 21 för
184 734 43 21 min
246 734 34 21 del
296 736 31 19 att
342 735 59 21 tiden
416 734 33 22 för
465 741 27 15 en
507 735 91 21 rationel
613 735 40 21 och
668 735 7 21 i
690 735 41 21 allo
748 735 86 26 lämplig
846 734 56 27 jagt-

72 762 76 27 stadga
167 762 46 22 icke
231 764 57 20 ännu
303 765 24 19 är
341 762 106 22 kommen.
480 764 37 20 Att
533 770 26 14 en
574 764 28 26 pä
616 763 105 21 rationela
735 763 93 27 grunder
842 762 61 22 fotad

68 791 84 27 jagtlag
166 791 7 21 i
189 791 47 21 värt
252 792 50 20 land
317 792 67 21 mäste
399 794 58 19 stöta
472 792 29 26 pä
516 792 109 21 motständ
642 792 65 21 bland
721 793 66 19 annat
802 791 39 21 hos
856 791 47 27 plu-

72 819 98 21 raliteten
187 820 23 20 af
222 820 83 21 landets
320 820 135 27 skogsegare,
472 820 72 22 hvilka
559 822 57 20 ännu
630 820 47 22 icke
692 820 55 21 fatta
759 820 85 27 jagtens
858 820 45 26 vigt

72 848 41 22 och
128 848 114 27 betydelse,
258 855 63 15 anser
333 849 36 26 jag
384 855 52 15 vara
451 849 106 26 sjelffallet
573 849 39 21 och
628 850 48 20 med
692 849 114 26 anledning
816 848 23 22 af
846 848 56 22 hvad

72 876 40 21 här
134 877 33 20 för
190 877 63 26 öfrigt
268 877 65 21 redan
348 879 79 25 yttrats
443 877 74 22 derom
533 880 33 19 att
581 878 61 21 äfven
657 877 246 26 utskottsbetänkandet,

71 905 78 22 sädant
172 905 36 21 det
229 912 29 15 nu
273 905 133 27 framträder,
422 906 48 21 icke
487 907 6 20 i
509 907 41 20 allo
567 908 24 19 är
605 906 203 26 tillfredsställande,
824 906 24 21 sä
862 905 42 22 för-

73 940 51 15 enar
143 934 37 27 jag
196 935 43 26 mig
254 941 34 14 om
305 935 35 21 det
355 935 127 21 framstälda
497 935 104 27 förslaget
616 937 32 19 att
663 935 108 21 motionen
787 934 33 21 för
836 935 68 20 denna

71 963 57 26 gång
143 963 66 21 måtte
225 963 89 21 förfalla.

145 1019 32 22 Hr
198 1019 33 21 W.
254 1020 218 26 Tavaststjerna:
503 1020 40 27 Jag
566 1020 39 21 har
627 1020 52 21 bedt
700 1026 35 15 om
751 1019 61 22 ordet
827 1017 77 22 endast

72 1048 34 21 för
128 1050 32 19 att
176 1049 130 21 understöda
321 1049 147 26 afstyrkandet
484 1049 22 21 af
520 1049 58 22 såväl
593 1049 200 26 motionsförslaget,
808 1053 46 16 som
869 1049 35 19 ut-

71 1077 94 21 skottets
188 1077 141 26 betänkande,
352 1084 48 15 men
423 1078 91 21 emedan
537 1078 42 21 alla
594 1078 64 21 redan
673 1079 67 25 yttrat
755 1078 32 26 sig
801 1077 8 20 i
824 1081 80 16 samma

72 1105 102 27 riktning,
190 1112 62 15 anser
264 1106 38 27 jag
317 1107 87 26 onödigt
419 1108 34 19 att
468 1107 73 20 vidare
557 1107 68 20 uttala
640 1107 49 26 mig.

143 1162 57 21 Frih.
217 1163 23 21 0.
257 1163 26 21 A.
305 1163 102 21 Wrede:
438 1163 33 20 På
487 1163 26 21 de
528 1163 53 26 skäl,
597 1169 45 15 som
658 1163 65 21 redan
739 1163 23 21 af
774 1161 51 22 flere
840 1161 64 22 ärade

71 1190 69 22 talare
163 1191 87 26 anförts,
274 1192 37 21 ber
331 1191 37 27 jag
390 1191 21 21 få
431 1191 76 22 förena
528 1192 43 27 mig
593 1198 33 15 om
642 1191 105 27 yrkandet
762 1193 32 19 att
810 1190 95 21 förkasta

73 1219 49 22 hela
143 1219 102 28 förslaget
267 1221 33 20 till
315 1220 120 21 förbättrad
448 1220 83 27 jagtlag
568 1220 41 27 Jag
624 1220 38 21 ber
677 1221 21 20 få
712 1220 95 27 tillägga,
823 1221 33 19 att
868 1219 37 26 jag

73 1250 46 19 tror
134 1249 32 20 att
181 1249 43 20 alla
238 1249 73 21 försök
326 1249 32 21 till
373 1251 32 18 att
420 1249 108 21 förbättra
541 1249 108 26 jagtlagen
665 1249 39 21 och
717 1249 70 20 införa
798 1254 26 15 en
834 1247 71 22 bättre

70 1277 100 26 jagtvärd
186 1277 7 20 i
208 1277 47 21 vårt
271 1278 49 21 land
335 1277 60 21 skola
411 1277 26 27 gå
453 1284 82 15 samma
551 1278 39 21 öde
606 1277 33 21 till
654 1279 73 24 mötes,
744 1283 45 15 som
804 1283 29 14 nu
843 1282 61 21 synes

74 1305 80 21 förestå
169 1305 36 21 det
220 1306 144 26 föreliggande
379 1306 110 26 förslaget,
505 1306 64 21 innan
585 1312 49 14 man
649 1306 49 20 fullt
711 1306 133 26 konseqvent
854 1305 51 20 fast-

73 1334 74 21 ställer
170 1334 39 21 och
231 1334 63 21 söker
310 1334 123 33 genomföra
446 1322 50 34 "den
510 1334 109 27 principen
635 1336 32 19 att
683 1334 35 21 det
733 1334 110 25 villebräd,
859 1338 46 16 som

74 1362 65 22 lefver
162 1362 39 22 och
216 1365 36 19 rör
275 1363 31 27 sig
321 1363 7 21 i
343 1363 112 27 skogarna,
480 1363 73 21 tillhör
573 1363 134 27 jordegaren.
738 1362 80 27 Hvarje
833 1350 73 33 försök

73 1393 33 19 att
121 1391 83 26 ingripa
218 1392 28 25 pä
262 1392 68 21 denna
345 1380 110 38 naturliga
468 1392 104 26 rättighet
587 1392 54 20 skall
656 1391 45 21 helt
715 1391 73 21 säkert
803 1390 103 27 stämplas

73 1419 70 21 säsom
160 1421 30 19 ett
205 1419 73 28 farligt
293 1419 39 22 och
347 1420 129 27 otillbörligt
491 1420 72 21 försök
581 1420 34 21 till
630 1419 125 28 öfvergrepp
771 1419 23 21 af
808 1419 40 21 den
864 1418 42 21 för-

74 1449 100 25 mögnare
198 1449 61 20 delen
282 1448 23 21 af
322 1448 83 21 landets
420 1448 126 27 befolkning
560 1450 46 19 mot
621 1449 40 20 den
677 1448 105 27 fattigare.
812 1447 41 27 Jag
868 1447 38 21 ber

73 1476 22 21 fä
110 1477 74 20 förena
199 1477 42 26 mig
257 1483 34 15 om
307 1477 118 21 motionens
441 1477 146 21 förkastande.

816 1573 22 16 92
