1067 1748
180 110 55 21 1390
435 117 25 17 R.
473 122 17 12 o.
504 118 20 16 A.
540 118 59 17 1888.
616 118 24 17 18
653 118 47 21 Maj.

151 201 106 21 beroende
279 201 28 27 pä
329 208 26 15 en
377 202 45 21 inre
438 203 72 27 andlig
525 203 86 26 rörelse,
628 205 51 19 utan
695 203 22 21 af
730 203 77 27 mänga
823 203 155 21 medverkande

152 230 187 26 omständigheter,
355 230 82 22 bvilkas
453 231 115 27 inflytande
582 238 50 15 man
647 232 84 27 mycket
741 232 105 21 förbisett.
871 232 43 21 Det
925 232 53 21 hade

151 258 56 22 varit
229 258 58 22 svårt
310 261 32 19 att
365 259 147 22 åstadkomma
534 261 41 21 den
598 263 83 19 senaste
703 260 221 28 nykterhetsrörelsen
946 260 33 22 för

151 287 66 27 nägra
240 287 111 22 decennier
366 288 71 26 sedan,
460 289 89 21 emedan
572 289 67 22 folket
660 290 26 20 dä
701 290 94 21 saknade
811 296 25 14 en
851 289 35 21 hel
901 289 78 27 mängd

151 316 184 27 njutningsmedel,
358 316 76 22 hvaraf
450 318 36 21 det
501 324 29 15 nu
545 318 7 21 i
568 318 33 21 rik
616 318 49 22 män
680 320 25 19 är
719 318 8 21 i
741 318 122 27 besittning.
895 318 84 22 Sädana

151 344 178 28 njutningsmedel
351 347 36 19 äro
410 346 62 26 kaffte,
495 346 43 22 thé.
561 347 81 22 socker,
666 346 33 22 för
725 348 32 20 att
772 346 47 22 icke
833 347 45 21 tala
893 352 34 16 om
943 346 36 21 det

151 373 171 27 fabriksmässigt
343 374 8 21 i
366 376 54 20 stort
435 375 127 21 tillverkade
577 376 49 26 ölet,
642 376 80 26 mjödet
737 382 27 14 m.
780 382 27 14 m.
838 376 68 20 Dessa
923 375 56 26 njut-

151 402 132 26 ningsmedel
297 402 114 22 äterfinnas
426 410 29 14 nu
469 404 7 21 i
494 404 93 22 bondens
602 406 63 26 stuga
680 404 40 22 och
735 406 53 19 nära
803 410 42 20 nog
859 404 7 20 i
882 404 26 21 de
923 403 56 21 fatti-

151 432 61 26 gaste
226 432 49 26 torp
291 430 40 22 och
346 434 80 19 ersätta
440 432 136 22 tvifvelsutan
591 433 8 21 i
613 433 43 21 viss
671 434 49 20 män
735 433 117 21 bränvinet.
878 432 43 22 Vill
930 438 49 15 man

151 460 79 20 kurera
245 466 27 14 en
287 466 82 20 supare,
386 461 54 21 dock
454 461 47 22 icke
517 468 26 15 en
558 462 88 21 alldeles
660 462 105 24 förfallen,
781 464 51 18 utan
841 463 32 19 att
883 462 96 26 inspärra

152 488 78 21 honom
252 488 7 21 i
275 494 26 16 en
317 489 85 25 anstalt,
417 490 23 21 sä
455 492 25 19 är
494 490 110 28 ingenting
619 490 70 22 bättre
705 493 26 19 än
747 492 32 20 att
794 490 46 22 lära
854 490 79 21 honom
948 491 32 20 att

153 517 97 27 dagligen
273 517 73 21 dricka
369 524 25 15 en
416 519 12 20 6
452 518 13 22 å
488 520 26 20 12
533 519 83 27 koppar
631 520 55 20 helst
701 522 58 19 svart
775 519 54 21 kaffe
845 519 51 21 eller
911 518 69 22 starkt

153 545 43 21 thé.
225 545 41 27 Jag
281 546 112 22 tillräknar
408 547 70 21 derför
493 548 231 27 nykterhetsrörelsens
739 548 102 26 framsteg
857 548 61 21 äfven
936 547 44 22 helt

153 574 72 26 andra,
241 574 46 22 helt
301 575 85 21 triviala
400 576 94 26 orsaker,
510 577 80 21 sädana
605 583 45 15 som
666 577 26 21 de
707 577 100 27 antydda,
824 576 39 22 och
878 578 46 20 tror
934 576 46 21 icke

153 605 33 19 att
208 609 75 21 genom
307 604 40 21 den
369 607 83 19 senaste
474 605 253 28 bränvinsförfattningen
751 606 39 20 och
806 606 47 20 dess
870 605 64 27 tväng
949 607 31 19 att

153 631 47 22 icke
222 632 7 20 i
252 632 68 21 minut
335 632 21 22 fä
371 633 52 27 sälja
438 634 51 21 eller
504 634 56 27 köpa
575 634 83 22 mindre
673 636 27 20 än
715 641 26 15 en
757 634 70 21 kanna
843 634 88 21 bränvin
946 635 35 19 ut-

153 662 78 20 rättats
253 661 66 26 något
335 662 119 27 väsentligt,
474 665 60 19 utom
549 663 68 21 under
633 664 35 20 det
683 663 68 21 första
766 663 52 21 half-
834 663 51 21 eller
900 662 81 22 helåret

154 695 45 15 som
229 689 76 27 följde:
329 696 49 15 man
408 691 54 21 skall
491 692 46 20 lära
559 692 32 27 sig
613 692 90 27 kringgå
727 692 70 21 denna
821 691 159 27 inskränkning,

154 723 45 16 som
221 718 71 21 liknar
314 721 31 19 ett
367 719 119 27 trakasseri,
510 720 70 22 säsom
603 720 61 22 äfven
687 720 58 22 Frih.
762 720 23 22 af
799 720 100 22 Schulten
914 721 67 26 yttrat

154 746 39 27 sig,
217 746 39 22 och
275 746 54 22 skall
345 747 88 28 kringgä
448 749 41 21 den
504 749 49 21 med
568 751 46 19 stor
628 749 133 27 skicklighet.
793 749 28 21 Sä
836 748 68 22 skulle
919 748 63 22 effek-

154 775 41 21 tivt
210 775 61 21 äfven
287 775 85 22 komma
387 779 32 19 att
434 778 37 20 ske
486 778 48 21 med
546 784 26 15 en
587 778 131 27 författning,
734 778 87 21 hvilken
830 777 106 21 innehölle
947 777 35 21 be-

155 804 140 26 stämningen,
311 807 32 19 att
360 806 25 20 16
401 806 27 26 /,
444 806 68 22 blefve
528 807 41 21 den
584 806 77 27 högsta
676 807 113 27 spritgrad,
805 812 45 15 som
866 806 55 27 finge
939 806 42 20 till-

154 832 55 22 lätas
232 832 33 22 för
280 833 59 21 viner
355 840 18 14 o.
390 840 15 15 s.
421 841 19 14 v.
471 835 84 21 Punsch
571 841 34 15 om
622 836 26 20 16
664 836 27 26 %)
706 838 25 18 är
745 835 123 27 visserligen
884 834 50 22 fadd
949 834 33 21 för

155 861 54 24 dem,
232 861 73 22 hvilka
327 864 37 19 äro
384 864 67 21 vande
467 864 34 21 vid
517 864 27 21 25
560 864 13 21 ä
589 864 27 21 30
632 865 33 26 %/);
682 866 31 19 att
730 864 40 21 den
786 864 131 21 sistnämnda
932 869 50 16 vore

154 890 119 27 punsehens
289 891 180 26 reglementerade
484 893 80 26 styrka,
580 893 81 21 känner
673 893 38 27 jag
725 893 53 25 icke,
793 893 54 21 dock
857 893 82 26 möjligt
950 894 32 19 att

155 919 24 21 sä
201 921 29 18 är.
261 919 50 22 Men
333 926 26 15 en
382 921 39 20 och
443 927 69 15 annan
534 921 52 22 liten
609 928 63 20 snaps
687 927 46 16 som
749 921 92 22 tillskott
857 923 24 19 är
896 921 86 21 alldeles

155 947 114 28 tillräcklig
290 950 32 19 att
344 949 82 26 reglera
448 950 40 21 den
510 956 65 21 svaga
593 950 118 27 punschens
727 950 86 26 verkan,
830 950 39 21 och
885 950 59 21 detta
959 951 23 20 är

155 982 26 15 en
203 978 72 25 utväg,
298 983 45 15 som
363 977 39 22 lätt
417 978 101 27 päfinnes,
534 982 52 18 utan
601 981 32 19 att
646 979 37 27 jag
697 981 47 19 tror
759 981 32 18 att
806 979 70 26 nägon
891 979 35 20 mä
940 978 42 21 till-

155 1004 68 21 räkna
245 1005 44 27 mig
310 1008 32 19 att
364 1006 63 21 hafva
444 1008 83 20 anvisat
542 1008 128 21 densamma.
701 1007 43 22 För
759 1009 32 19 att
807 1014 28 14 nu
850 1007 85 21 komma
950 1007 33 20 till

155 1033 56 21 kaffe
233 1034 41 21 och
296 1034 81 27 socker,
400 1035 24 21 sä
446 1038 24 19 är
484 1037 79 20 verkan
579 1037 23 20 af
616 1037 61 20 dessa
691 1036 36 21 tvä
743 1036 178 27 njutningsmedel
936 1035 46 22 icke

155 1062 83 21 mindre
261 1064 27 19 än
310 1063 96 25 bränvin,
421 1065 93 26 mättligt
530 1065 128 27 begagnade.
675 1067 51 19 utan
742 1065 73 21 tvifvel
830 1065 90 26 förenlig
935 1065 48 20 med

156 1091 42 26 god
213 1090 64 27 helsa,
294 1098 48 15 men
357 1092 24 21 sä
396 1093 83 26 mycket
491 1094 37 26 jag
544 1096 48 20 sett.
608 1093 88 22 herskar
712 1093 55 21 dock
782 1095 31 19 ett
829 1093 75 21 sädant
925 1093 58 21 miss-

156 1119 62 25 bruk,
242 1120 87 26 specielt
352 1121 48 21 med
422 1122 71 24 kattet,
517 1124 39 22 att,
578 1123 7 20 i
608 1124 55 19 stort
685 1124 64 25 taget,
768 1122 37 27 jag
821 1124 23 19 är
860 1122 124 27 öfvertysad

157 1148 72 21 derom
245 1148 40 21 och
300 1149 46 21 icke
362 1149 54 22 blott
432 1152 50 24 tror,
500 1153 31 18 att
546 1157 76 20 genom
638 1150 185 22 kaffemissbruket
838 1151 7 20 i
861 1151 59 20 detta
935 1151 49 20 land

155 1176 158 22 ästadkommes
335 1178 64 21 minst
420 1179 44 21 lika
486 1179 84 27 mycket
592 1179 53 21 ondt
667 1185 44 15 som
727 1185 77 20 genom
820 1179 128 21 missbruket
963 1179 23 21 af

155 1205 96 20 bränvin.
282 1207 41 20 Det
345 1208 24 19 är
392 1207 31 21 väl
447 1208 39 21 den
509 1208 117 25 skilnaden,
649 1210 32 19 att
699 1208 112 21 bränvinet
826 1208 85 21 relativt
926 1214 58 15 mera

156 1233 97 22 ruinerar
268 1234 66 27 några
349 1236 89 21 enstaka
452 1237 110 24 individer,
579 1243 47 15 men
637 1236 186 21 kaftemissbruket
833 1236 151 27 undergräfver

155 1262 8 21 i
185 1262 72 21 stället
281 1269 25 15 en
329 1265 45 20 stor
392 1271 69 15 massa
476 1265 132 21 menniskors
624 1265 64 25 helsa,
704 1265 115 21 reducerar
835 1265 40 21 den
890 1265 47 21 med
953 1266 31 19 ett

156 1291 61 24 mätt,
240 1297 45 15 som
309 1294 38 25 gör
369 1293 61 21 dessa
452 1294 122 21 menniskor
596 1294 46 21 icke
661 1293 48 22 fullt
724 1294 24 21 sä
764 1293 119 22 arbetsföra
897 1299 45 16 som
958 1293 27 21 de

156 1325 57 18 vore,
229 1325 35 16 om
281 1320 26 21 de
321 1321 57 22 höllo
394 1322 32 27 sig
440 1323 35 20 vid
491 1325 31 18 ett
532 1323 93 26 måttligt
636 1322 54 21 bruk
701 1322 52 21 eller
764 1322 86 21 alldeles
861 1325 51 18 utan
923 1321 61 22 kaffe.

155 1347 44 22 Vill
221 1355 49 14 man
294 1349 71 21 derför
383 1350 40 21 ifra
439 1353 57 19 emot
511 1351 43 26 allt,
571 1357 46 15 som
632 1353 25 19 är
671 1351 84 24 osundt,
773 1357 45 14 som
833 1350 152 27 undergräfver

156 1376 74 21 helsan
247 1377 39 22 och
301 1378 95 22 mir.skar
411 1379 163 26 arbetskraften,
590 1380 24 21 sä
629 1379 39 21 bör
683 1386 48 14 man
748 1379 61 21 äfven
825 1379 42 21 ifra
882 1382 56 18 emot
949 1379 36 20 det

157 1405 138 28 Ofverflödiga
310 1406 74 26 kaffet;
402 1408 39 21 och
456 1408 48 21 ville
518 1408 37 27 jag
570 1408 175 21 rekommendera
760 1409 60 20 detta
835 1408 22 21 åt
868 1408 66 21 andra
944 1407 42 21 för-

157 1433 88 28 eningar
267 1434 34 21 för
319 1435 120 27 nykterhet.
470 1436 61 22 Hvad
546 1437 47 21 åter
610 1437 25 21 16
650 1437 28 26 */,
693 1439 91 24 gränsen
801 1436 106 27 beträffar,
923 1436 24 21 sä
962 1437 24 20 är

157 1462 41 21 den
220 1463 129 28 fullkomligt
373 1465 95 21 artificiel
491 1465 39 21 och
554 1465 62 27 högst
638 1465 49 21 svår
708 1467 33 19 att
763 1465 8 20 i
793 1465 29 20 all
837 1465 56 26 slags
909 1464 76 21 handel

157 1491 40 20 och
220 1492 80 21 rörelse
323 1493 72 21 kunna
417 1493 65 22 fixera
504 1493 39 22 och
558 1493 137 22 kontrollera.
726 1493 39 22 Att
780 1493 66 22 redan
862 1493 123 25 bestämma,

158 1519 105 22 huruvida
279 1527 26 15 en
320 1522 105 26 spritvara
441 1522 66 21 häller
524 1523 26 20 16
566 1522 52 21 eller
634 1524 25 19 17
670 1523 27 26 %/,
708 1524 25 19 är
743 1522 63 27 ingen
817 1522 40 21 lätt
867 1522 44 26 sak,
926 1522 5 21 i
940 1521 46 22 smä
