1075 1739
191 130 54 21 1162
452 137 23 17 R.
489 141 18 13 o.
520 138 22 17 A.
554 137 59 18 1888.
632 138 23 16 12
667 137 47 21 Maj.

161 222 34 21 för
217 224 33 19 att
273 225 58 19 sätta
354 223 127 22 kommande
505 224 88 21 ständer
608 224 6 21 i
630 223 85 22 tillfälle
739 225 33 19 att
787 223 116 26 ordentligt
918 222 76 27 pröfva

161 250 82 27 frågan,
266 251 106 22 huruvida
399 251 205 23 Satakuntabanans
631 252 131 22 förbindelse
788 252 49 21 med
859 251 134 28 lämpligaste

162 279 64 21 hamn
250 280 34 21 vid
306 280 73 22 hafvet
401 281 39 21 bör
463 281 37 22 ske
523 281 47 21 från
593 281 144 27 Björneborgs
761 281 48 21 stad
826 281 52 21 eller
893 280 100 27 möjligen

162 307 48 22 från
226 308 70 21 Kumo
312 309 32 21 till
360 309 81 22 Raumo
457 310 71 21 hamn.

234 365 71 22 Sedan
328 366 32 21 Hr
375 366 185 28 Standertskjölds
580 367 80 27 förslag
675 367 76 22 vunnit
766 348 118 51 understöd
899 365 24 22 af
936 365 56 22 Frih.

162 393 26 32 K.
206 394 92 21 Wrede
322 395 39 21 och
385 395 31 21 Hr
431 395 32 22 W.
480 395 88 28 Späre,
592 395 124 22 framstälde
739 396 32 21 Hr
786 394 208 23 Landtmarskalken

163 422 33 21 till
211 422 132 23 besvarande
359 423 94 28 följande
467 431 67 21 prop.:

236 480 52 22 Den,
305 487 45 15 som
367 481 124 27 godkänner
506 482 118 21 utskottets
640 482 43 21 bet.
700 481 12 21 å
729 482 38 20 sid.
784 482 34 24 81,
835 483 70 20 röstar
919 481 31 27 ja;

235 509 74 21 vinner
325 510 41 26 nej,
382 510 39 21 har
436 510 25 22 R.
477 517 20 14 o.
513 511 25 21 A.
554 510 101 22 omfattat
669 510 32 21 Hr
712 510 186 27 Standertskjölds
909 510 85 27 förslag.

238 566 81 22 Genom
334 574 73 20 prop:s
423 568 131 21 besvarande
571 568 48 21 med
630 568 157 26 öfvervägande
798 568 33 27 nej
843 568 55 21 hade
908 568 24 21 R.
943 574 17 15 o.
969 568 26 21 A.

164 595 8 21 i
188 595 94 27 enlighet
304 596 48 21 med
368 596 31 21 Hr
415 596 183 28 Standertskjölds
617 596 80 28 förslag
712 596 96 22 beslutat
823 596 90 22 omfatta
928 596 68 22 första

166 624 61 21 delen
243 624 23 21 af
280 624 36 22 det
331 625 7 20 i
354 625 32 21 Hr
400 625 23 21 F.
435 626 85 26 Björnis
531 626 132 21 reservation
673 625 116 22 förordade
800 625 126 26 uttalandet,
937 627 59 19 näm-

164 652 56 27 ligen
244 654 32 20 att
300 653 115 21 ständerna
437 654 49 21 ville
505 654 39 22 hos
559 654 27 21 H.
602 654 26 22 K.
645 654 28 21 M.
690 654 155 27 underdänigst
861 654 85 21 anhälla
962 660 34 15 om

166 682 32 20 att
214 681 40 21 den
270 681 23 21 af
313 682 78 21 honom
414 682 124 28 föreslagna
552 683 71 21 banan
638 682 48 22 frän
702 682 71 22 Kumo
789 682 53 22 eller
857 682 48 22 frän
920 682 76 27 Harja-

164 710 58 20 valta
245 710 33 21 till
301 710 86 22 Raumo
410 711 66 22 mätte
499 712 160 21 instrumentalt
675 711 133 21 undersökas
824 711 109 27 samtidigt
949 711 47 21 med

165 738 200 22 Satakuntabanan.

237 796 122 22 Utskottets
378 797 27 29 pä
420 803 47 22 pag.
484 797 85 22 82—83
585 797 79 27 afgifna
679 796 140 28 afstyrkande
835 796 111 22 utlåtande
963 802 34 15 om

166 824 48 22 de
202 820 16 37 i
234 824 143 27 petitionerna
400 826 85 21 20—23
508 826 94 27 begärda
615 825 196 27 undersökningar
833 825 91 21 rörande
947 824 51 28 byg-

165 853 69 25 gande
249 853 23 21 af
286 860 26 14 en
327 854 107 21 kustbana
449 855 90 21 emellan
555 854 133 27 Helsingfors
705 854 39 21 och
761 849 46 27 Äbo
824 853 125 22 föranledde
964 853 33 21 till

166 881 94 27 följande
276 883 182 27 meningsutbyte:

237 939 57 21 Frih.
311 940 52 20 Edv.
387 940 126 27 Hisinger
535 940 95 27 yttrade:
654 940 42 21 Det
717 942 24 18 är
757 940 61 20 alltid
834 940 49 20 med
899 938 98 22 tillfreds-

166 968 95 21 ställelse
284 974 48 15 man
354 968 67 22 finner
437 970 32 20 att
484 976 26 14 en
527 969 44 26 sak,
587 969 33 21 för
636 968 85 22 hvilken
737 975 50 15 man
803 968 93 26 arbetar,
913 970 85 18 närmar

166 996 32 27 sig
220 997 37 21 sitt
279 996 180 28 förverkligande.
490 997 28 22 Sä
540 1000 25 18 är
588 998 36 20 det
645 998 45 26 just
706 1004 29 14 nu
755 996 34 22 för
807 997 50 27 mig,
873 996 28 22 dä
913 996 37 27 jag
965 996 34 21 fär

165 1025 68 21 skåda
248 1020 301 27 Äbo—Salo—Karis-banan
565 1026 49 22 fullt
629 1026 70 26 färdig
716 1026 125 26 uppdragen
851 1025 8 21 i
870 1026 31 20 ett
911 1024 88 22 vackert

165 1054 114 21 rosenrödt
295 1054 56 21 band
367 1054 27 28 på
409 1055 70 21 denna
494 1055 69 21 karta.
594 1055 42 21 Det
652 1056 24 20 är
692 1054 55 22 dock
763 1054 72 27 något,
853 1054 39 21 och
907 1053 91 27 påtagli-

165 1089 41 20 gen
222 1089 60 15 mera
297 1084 26 20 än
339 1083 36 21 vid
389 1083 59 21 förra
463 1084 138 26 landtdagen,
617 1083 40 21 och
672 1083 73 21 derför
756 1084 24 20 är
789 1083 36 27 jag
837 1082 66 22 redan
914 1082 83 27 mycket

165 1112 109 25 tacksam;
296 1113 23 25 ty
332 1112 38 26 jag
385 1112 80 21 förstår
483 1114 32 19 att
531 1112 116 27 uppskatta
662 1112 75 21 värdet
752 1111 24 21 af
789 1111 46 21 små
851 1112 84 24 smulor,
952 1116 45 16 som

165 1140 6 20 i
188 1140 43 21 alla
246 1140 38 21 fall
300 1140 55 21 dock
371 1142 37 20 äro
425 1141 59 21 bröd.

238 1168 44 27 Mig
304 1174 63 22 synes
390 1170 54 20 dock
459 1171 33 19 att
507 1169 66 27 något
588 1175 46 15 mer
656 1171 26 19 än
698 1169 61 21 detta
775 1168 53 22 röda
843 1168 70 21 streck
929 1168 23 21 af
965 1169 32 20 ut-

166 1197 81 21 skottet
270 1197 82 21 kunnat
375 1204 67 15 unnas
457 1198 143 27 petitionerna
616 1198 56 21 N:ris
688 1198 34 25 20,
739 1198 27 20 22
782 1197 40 21 och
838 1197 33 21 23.
901 1196 42 22 Det
959 1196 39 21 har

165 1226 87 27 antydts
275 1228 32 19 att
331 1226 73 21 alltför
427 1227 47 21 litet
496 1227 68 27 gjorts
588 1226 22 22 af
632 1226 25 22 de
676 1226 145 21 intresserade
837 1226 160 24 kommunerna,

165 1254 158 22 framhållande
347 1255 70 21 banan
438 1256 70 20 såsom
525 1261 25 15 en
566 1255 58 21 lokal
640 1255 61 21 bana.
733 1254 43 21 Det
791 1256 25 19 är
829 1254 45 26 just
890 1254 59 20 detta
962 1253 36 27 jag

165 1282 47 22 icke
227 1283 43 21 kan
286 1284 111 26 medgifva,
413 1284 58 21 klart
486 1284 100 21 inseende
602 1284 48 20 dess
665 1283 133 21 vidsträckta
809 1282 80 22 verkan
901 1282 38 21 och
950 1282 48 21 dess

166 1312 107 26 egenskap
297 1312 23 21 af
337 1314 32 19 att
388 1319 51 15 vara
455 1319 26 15 en
497 1312 136 22 ofullbordad
648 1312 50 21 länk
714 1312 7 21 i
736 1312 85 20 landets
837 1311 106 27 egentliga
959 1310 40 21 och

165 1341 57 20 rätta
238 1340 114 26 kustbana,
373 1347 44 15 som
433 1342 24 20 af
470 1342 27 20 de
513 1341 105 27 olyckliga
637 1340 130 27 strategiska
783 1340 73 21 skälen
872 1339 45 21 icke
933 1338 65 22 beak-

165 1370 44 20 tats
232 1376 45 14 som
300 1369 41 21 den
356 1370 74 26 borde,
447 1371 38 21 der
505 1370 40 21 den
560 1369 94 27 framgår
669 1375 76 21 genom
762 1368 85 22 landets
862 1370 55 19 mest
932 1367 66 21 befol-

165 1398 56 21 kade
238 1398 39 21 och
293 1398 49 21 bäst
357 1398 140 26 kultiverade,
519 1400 55 19 samt
590 1400 55 19 mest
661 1397 129 22 beskattade
805 1396 50 28 nejd.
892 1396 32 21 En
940 1395 58 22 lokal

165 1426 57 21 bana
237 1427 42 21 kan
296 1426 69 27 aldrig
381 1427 40 21 den
437 1427 56 21 bana
508 1427 75 26 kallas,
607 1433 45 15 som
668 1426 71 21 direkt
755 1425 174 22 sammanbinder
949 1424 50 21 Hel-

166 1455 92 27 singfors
275 1455 39 21 och
330 1450 48 26 Åbo

238 1484 50 21 Man
304 1484 40 20 har
364 1484 45 21 ofta
429 1484 67 21 kallat
511 1484 41 21 den
568 1490 26 15 en
610 1483 199 25 konkurrensbana,
825 1482 40 22 och
881 1482 60 21 detta
956 1481 43 21 kan

165 1518 40 20 ega
220 1512 76 22 skenet
311 1512 23 21 af
348 1514 33 20 att
404 1512 64 22 hafva
490 1513 52 21 skäl.
574 1512 41 28 Jag
637 1512 33 21 för
693 1512 43 21 min
760 1512 35 20 del
815 1511 43 21 kan
879 1510 55 22 dock
951 1509 47 22 icke

165 1546 51 15 anse
233 1541 70 21 denna
318 1540 34 22 för
368 1547 26 15 en
410 1541 73 27 sådan,
500 1541 28 21 dä
543 1541 41 21 den
599 1541 39 27 går
654 1540 22 22 så
691 1540 61 27 långt
767 1540 64 21 söder
847 1546 34 15 om
897 1538 102 22 H:fors—
