1070 1748
197 158 55 22 1370
447 165 25 17 R.
485 170 18 12 o.
515 166 22 16 A.
550 166 59 17 1888.
628 166 23 16 18
666 166 48 21 Maj.

167 256 63 21 uppe,
246 250 112 22 bortfaller
373 252 65 20 redan
454 252 138 27 möjligheten
607 253 33 20 att
655 252 49 21 med
719 252 64 26 nödig
799 251 111 27 stränghet
923 251 73 21 kunna

167 278 107 28 efterfölja
289 279 110 27 hygienins
414 280 129 28 fordringar;
568 280 40 22 och
630 287 34 15 om
682 280 137 27 inspektörer
841 280 67 26 väljas
931 280 65 21 huru-

168 308 57 20 dana
241 314 45 14 som
301 308 63 27 helst,
380 308 24 22 sä
418 310 45 20 tror
477 309 37 27 jag
529 310 26 20 de
571 309 55 21 dock
640 309 48 21 icke
703 309 73 21 kunna
797 308 147 27 genomdrifva
959 308 38 22 nä-

166 342 42 20 gon
224 337 116 21 nämnvärd
362 337 129 27 förbättring
507 338 5 21 i
529 338 72 21 saken.
632 338 39 21 Att
695 338 67 21 stads-
786 337 39 21 och
848 337 148 27 provinciallä-

166 364 81 22 karene
263 366 53 20 efter
332 366 32 21 sin
379 366 96 27 förmäga
491 366 64 22 hafva
571 366 49 22 sökt
635 368 32 19 att
682 366 67 22 verka
764 366 34 20 för
820 365 137 27 iakttagande
974 365 23 21 af

166 393 73 22 bättre
255 394 161 27 sundhetsvärd,
432 397 46 19 tror
491 395 37 27 jag
543 396 43 25 mig
601 395 109 21 bestämdt
725 395 73 21 kunna
813 394 69 27 pästä,
906 400 47 16 men
969 394 26 22 de

166 422 140 27 svärigheter,
322 423 72 21 hvilka
410 424 72 21 dervid
497 426 60 19 möta
572 424 95 25 läkaren,
687 426 44 24 äro,
753 425 37 25 jag
806 429 62 15 anser
891 424 42 25 det,
956 423 39 21 all-

167 450 59 22 deles
243 451 196 28 oöfvervinnerliga.
470 452 48 28 Nog
533 454 36 20 vet
584 452 53 21 hvar
652 452 39 22 och
708 458 25 15 en
753 454 33 19 att
802 452 36 21 det
861 454 25 18 är
908 452 87 21 alldeles

166 479 132 22 ohelsosamt
313 480 40 22 och
369 481 133 27 ohygieniskt
517 483 33 19 att
565 481 79 21 blanda
666 481 55 21 bark
736 481 7 21 i
759 481 82 25 brödet,
862 487 48 15 men
932 480 63 27 ingen

166 508 80 22 svälter
261 509 67 21 hellre
344 509 52 27 ihjäl
412 511 27 20 än
454 510 43 22 han
513 511 47 20 äter
575 510 116 21 barkbröd.
723 509 45 22 Och
784 511 32 19 att
838 509 27 21 bo
888 510 8 20 i
918 508 77 28 trånga

166 537 76 27 rökiga
257 540 74 24 stugor
346 540 25 19 är
389 538 46 22 icke
459 538 68 22 heller
549 538 121 26 helsosamt,
695 544 49 16 men
767 538 47 22 icke
836 538 109 21 försvinna
967 538 27 21 de

166 565 73 21 förrän
255 566 121 22 välständet
391 567 71 27 stiger,
486 567 24 21 sä
525 569 33 19 att
573 568 26 20 de
618 568 73 20 kunna
713 567 119 21 förändras.
863 566 45 22 Min
929 566 65 27 afsigt

165 600 39 15 var
218 594 57 22 blott
290 597 32 19 att
338 596 135 21 tillbakavisa
488 596 128 27 pästäendet
631 598 31 19 att
678 596 101 22 läkarene
794 596 47 21 icke
857 596 81 20 kunnat
954 595 40 21 och

165 622 60 27 brytt
240 623 33 26 sig
289 629 32 16 om
338 626 32 19 att
385 625 51 26 taga
451 624 56 21 hand
523 631 35 14 om
574 625 72 20 saken.

234 680 33 21 Hr
282 681 32 21 W.
331 680 92 28 Späre:
439 681 40 27 Jag
494 681 43 21 kan
551 681 48 22 icke
614 681 57 22 finna
686 683 33 20 att
734 681 117 26 nägonting
866 681 68 21 skulle
949 681 45 21 vin-

165 714 39 15 nas
220 709 122 27 derigenom
358 711 32 20 att
406 710 166 21 öfvervakandet
590 710 23 21 af
634 711 25 20 de
683 710 125 27 hygieniska
830 709 163 22 förhällandena

164 737 58 21 inom
238 737 124 22 fabrikerna
376 739 68 21 skulle
459 739 112 26 borttagas
594 739 47 21 frän
664 739 219 26 medicinalstyrelsen
905 738 33 21 för
961 740 32 19 att

166 765 133 28 Ofverflyttas
313 767 28 26 pä
357 767 63 22 dessa
434 774 41 21 nya
490 768 134 26 tjenstemän,
640 768 26 21 de
682 774 17 15 s.
714 768 21 21 k.
759 767 234 27 yrkesinspektörerna.

166 794 41 27 Jag
223 797 47 19 tror
285 795 108 22 dessutom
410 798 32 19 att
457 797 63 20 dessa
535 796 198 27 yrkesinspektörer
748 802 76 21 genom
840 796 47 21 sina
902 795 91 27 äliggan-

165 823 41 21 den
222 823 69 22 skulle
306 824 86 21 komma
406 825 8 20 i
428 825 99 21 kollision
549 825 49 21 med
614 825 25 21 de
655 825 149 24 auktoriteter,
828 824 72 21 hvilka
917 824 76 21 hittills

164 851 50 22 haft
229 854 34 19 att
279 853 113 21 öfvervaka
408 853 71 27 dylika
494 853 159 27 förhällanden;
676 860 51 15 man
743 859 34 16 ser
797 853 36 21 det
856 853 61 21 äfven
931 853 23 21 af
967 853 27 21 de

166 883 104 19 motsatta
285 882 39 20 och
340 882 109 22 stridande
465 882 108 27 förslagen
588 883 7 20 i
610 883 40 21 den
666 882 48 21 näd.
731 888 59 21 prop.
807 882 7 21 i
830 883 11 25 $
859 882 32 26 18,
908 882 36 21 der
958 882 36 21 det

166 909 63 21 heter
257 912 31 19 att
318 910 155 26 ,Helsovärds-
497 911 39 21 och
559 911 257 21 kommunalnämnderna
838 910 60 22 skola
919 911 7 20 i
948 910 46 27 allt,

166 937 56 22 hvad
238 938 28 26 pä
282 939 47 21 dem
346 940 130 26 ankommer,
493 940 70 21 lemna
577 940 228 26 yrkesinspektörerne
819 939 74 27 nödigt
903 939 90 26 biträde,

164 966 40 21 och
229 968 38 20 äro
293 968 160 26 inspektörerne
478 968 103 22 särskildt
605 968 105 27 befogade
735 970 33 19 att
792 974 76 20 genom
894 968 99 21 hbemälda

162 996 116 20 nämnders
303 996 127 28 förmedling
452 997 74 21 utöfva
548 998 121 26 inspektion
693 996 60 22 öfver
774 997 218 21 handtverkerierna'

163 1024 19 20 d.
199 1030 19 14 v.
235 1030 17 16 s.
269 1024 36 22 det
320 1027 24 19 är
359 1026 167 26 inspektörerne,
543 1032 45 14 som
604 1026 60 21 skola
679 1026 71 20 vända
766 1026 31 26 sig
812 1025 33 21 till
863 1025 63 21 dessa
940 1025 53 21 auk-

163 1053 99 21 toriteter
278 1053 40 21 och
333 1054 67 26 enligt
415 1055 13 25 $
443 1054 27 21 23
486 1056 24 19 är
525 1055 36 21 det
584 1054 233 28 polismyndigheterna
840 1054 52 21 eller
914 1054 78 20 krono-

162 1080 149 28 länsmännen,
327 1088 46 15 som
388 1083 7 20 i
410 1083 56 21 vissa
481 1083 37 21 fall
534 1083 61 21 skola
610 1084 89 26 ingripa,
716 1083 40 21 och
772 1083 65 21 sedan
848 1082 61 22 skola
919 1082 26 21 de
956 1088 37 15 an-

163 1110 57 20 mäla
235 1110 37 21 det
287 1110 33 21 för
334 1111 233 27 yrkesinspektörerne.
599 1112 42 26 Mig
656 1118 63 20 synes
742 1113 32 19 att
790 1112 36 20 det
848 1117 51 15 vore
921 1111 72 21 bättre

162 1140 33 19 att
210 1138 132 22 fortfarande
358 1140 108 21 bibehälla
481 1140 26 21 de
527 1140 58 22 förra
608 1140 170 22 auktoriteterna
802 1140 40 21 och
864 1140 57 26 gifva
944 1140 48 21 dem

162 1167 79 27 nödiga
256 1168 154 21 instruktioner
426 1171 55 19 samt
497 1169 44 21 läta
557 1170 47 20 dem
620 1169 109 21 inberätta
748 1175 34 15 om
806 1168 46 21 sina
876 1168 116 27 inspektio-

161 1201 45 15 ner.
237 1196 115 21 Dessutom
366 1196 63 22 hafva
444 1198 20 20 vi
479 1198 47 20 icke
541 1198 68 26 några
629 1198 23 20 sä
674 1200 59 18 stora
756 1197 141 21 fabriksorter
917 1197 7 21 i
947 1197 46 21 lan-

162 1224 37 21 det
213 1226 64 24 ännu,
293 1224 73 22 hvilka
382 1226 68 21 skulle
465 1226 98 21 erfordra
583 1226 80 22 sädana
687 1226 106 21 särskilda
817 1226 176 26 yrkesinspektö-

161 1258 42 20 rer,
234 1252 100 22 hvarföre
359 1254 162 22 intendenterne
549 1255 35 21 vid
614 1255 197 27 industristyrelsen
841 1255 85 26 mycket
957 1254 35 20 väl

161 1280 65 22 hinna
241 1283 53 25 göra
309 1282 63 21 dessa
387 1282 146 27 inspektioner
547 1286 56 18 samt
618 1284 70 20 lemna
703 1284 80 26 nödiga
799 1283 136 27 anvisningar
951 1282 41 22 och

160 1310 164 26 instruktioner,
340 1310 88 22 hvarom
443 1312 40 20 här
498 1318 29 14 nu
542 1314 24 19 är
581 1312 66 27 fråga.

230 1367 33 20 Hr
277 1373 41 14 von
334 1368 116 26 Wright:
466 1368 32 21 Hr
513 1374 42 15 von
565 1368 132 21 Willebrand
713 1368 40 21 har
768 1368 70 21 funnit
854 1368 32 27 sig
902 1369 53 20 stött
971 1367 22 21 af

161 1394 42 21 den
219 1395 141 27 anmärkning
373 1396 37 27 jag
424 1397 74 26 gjorde
514 1397 109 26 angäende
641 1397 114 21 läkarenes
778 1397 39 21 och
840 1395 151 22 helsovärdens

161 1423 103 26 ställning
279 1424 33 21 till
327 1424 155 27 inspektionen.
513 1425 41 26 Jag
569 1425 39 21 har
623 1425 28 26 pä
673 1426 54 21 intet
751 1427 43 19 sätt
817 1425 58 21 velat
897 1424 95 27 förringa

160 1451 125 27 betydelsen
301 1452 22 21 af
337 1452 41 21 den
394 1453 40 22 roll
449 1453 88 22 läkarne
553 1454 110 27 härvidlag
679 1454 66 26 spela,
768 1456 52 19 utan
843 1454 40 21 har
904 1453 36 27 jag
955 1459 37 15 en-

154 1479 55 22 ast
224 1481 59 20 velat
297 1481 125 21 konstatera
438 1484 32 19 att
485 1483 37 20 det
537 1484 84 19 senaste
644 1483 24 20 är
690 1483 41 20 här
756 1482 130 21 församlade
908 1482 83 21 läkare-

158 1510 76 25 mötet,
250 1509 70 21 säsom
337 1510 23 21 af
372 1509 189 28 förhandlingarna
576 1511 35 20 vid
625 1511 120 22 detsamma
762 1511 100 27 framgär,
887 1510 104 27 enhälligt

159 1537 81 21 uttalat
255 1538 33 26 sig
302 1538 34 21 för
350 1539 145 22 anstäilandet
517 1539 24 21 af
561 1539 227 28 tekniskt-hygieniskt
810 1539 87 22 bildade
919 1538 72 28 yrkes-

158 1565 143 27 inspektörer.
331 1567 63 22 Hvad
409 1568 67 21 sedan
497 1568 151 27 omöjligheten
669 1568 24 21 af
713 1570 34 19 att
769 1568 125 27 inspektera
914 1567 77 22 handt-
