1067 1753
202 130 54 21 1494
459 137 25 17 R.
497 141 17 13 0.
526 137 23 17 A.
559 137 58 18 1888.
635 138 26 17 23
669 137 48 22 Maj.

174 221 66 22 borde
255 221 86 22 skickas
356 221 33 22 för
404 223 33 20 att
451 223 121 21 undersöka
587 222 91 28 frägan?
697 223 47 27 Nej,
760 222 50 21 hela
824 222 108 26 Orienten,
955 221 40 22 och

175 249 100 22 öfverallt
297 250 37 21 der
355 251 127 21 Muhameds
504 251 40 22 och
566 251 112 22 Koranens
701 252 60 27 lagar
775 251 64 27 gälla.
869 251 42 21 Det
925 249 70 23 blefve

176 279 82 20 säledes
274 280 32 20 ett
320 280 85 26 mycket
426 281 54 20 stort
495 280 40 21 och
553 280 120 21 vidsträckt
695 279 169 28 forskningsfält,
888 285 46 16 som
948 279 47 21 icke

175 307 85 21 komme
283 309 32 20 att
337 308 72 21 kunna
423 308 90 22 afslutas
527 309 34 21 till
583 311 63 19 nästa
662 309 113 26 landtdag;
799 308 40 21 och
854 309 36 20 det
903 314 51 15 vore
968 314 26 15 en

175 336 85 26 mycket
275 338 45 19 stor
335 337 108 27 svärighet
457 339 32 19 att
503 337 59 21 finna
577 337 34 21 för
625 337 63 21 dessa
709 337 183 27 undersökningar
908 337 86 26 kompe-

174 366 60 20 tenta
254 370 107 21 personer,
384 366 66 20 redan
471 365 56 21 hvad
549 366 70 21 Norra
641 366 103 21 Amerika
760 364 108 28 beträffar,
890 365 50 21 med
954 365 40 21 den

175 392 62 28 ringa
251 393 128 28 utbredning
394 394 24 21 af
431 394 97 27 kunskap
543 394 8 21 i
566 394 102 28 engelska
682 394 93 27 spräket,
799 400 45 15 som
860 393 112 22 förefinnes
987 394 7 20 i

175 422 47 21 värt
236 422 58 21 land.
324 422 51 21 Man
390 422 83 22 skickar
489 423 32 21 dit
535 422 57 22 helst
607 429 26 15 en
653 429 83 21 person,
761 428 46 16 som
822 422 42 21 kan
879 422 65 28 nägot
959 428 35 16 en-

175 450 81 27 gelska,
272 450 40 22 och
327 452 24 20 är
364 450 61 28 villig
439 453 33 19 att
486 457 54 21 resa,
563 458 49 14 men
631 452 78 21 saknar
731 451 97 27 förmäga
850 452 32 20 att
904 451 90 21 bedöma

174 479 50 21 med
239 479 72 27 insigt,
327 480 61 26 lugnt
403 480 40 21 och
457 480 153 26 fördomsfritt;
634 480 40 22 och
688 480 57 21 hvad
760 480 39 21 har
814 486 49 15 man
879 480 27 20 dä
920 480 74 21 vunnit

174 508 50 20 med
238 507 50 21 hela
302 508 40 21 den
357 509 78 27 mängd
450 508 24 22 af
486 509 133 26 berättelser,
636 515 46 15 som
696 509 43 21 han
754 508 40 22 här
808 508 40 22 och
863 508 52 21 hvar
922 508 28 27 pä
958 508 36 21 det

174 542 40 15 ena
237 536 52 21 eller
311 537 67 21 andra
400 537 97 22 omrädet
518 537 130 28 kritiksvagt
670 538 106 20 insamlat.
806 537 125 27 Uppdraget
952 537 42 21 blir

174 565 66 21 redan
255 565 7 21 i
278 565 102 21 Amerika
395 566 62 26 svärt,
474 566 33 21 för
522 568 32 19 att
569 566 47 21 icke
631 566 45 22 tala
690 572 35 16 om
741 566 137 21 österlandet.
900 566 42 26 Jag
956 565 37 21 vill

176 593 84 21 derföre
275 594 74 21 förena
363 594 45 28 mig
423 601 33 15 om
471 594 58 22 Frih.
545 601 41 15 von
601 595 68 21 Borns
684 594 87 28 förslag,
787 600 47 16 som
848 600 46 15 mer
908 596 27 19 än
950 594 40 21 till-

173 622 91 27 räckligt
279 622 46 28 gätt
340 623 246 27 petitionsbetänkandet
601 624 34 21 till
649 625 75 20 mötes.

238 678 59 22 Frih.
313 679 25 21 G.
355 680 133 22 Aminoff:
518 680 43 21 Det
575 680 62 22 torde
652 686 52 15 vara
719 680 28 26 fä,
765 680 34 26 nej
816 680 35 21 det
866 681 24 19 är
904 679 89 27 oriktigt

173 707 67 27 sagdt,
264 713 49 15 men
326 707 37 28 jag
377 708 37 21 vill
430 708 128 21 ätminstone
578 709 68 20 räkna
660 709 45 27 mig
720 708 65 21 bland
801 708 26 21 de
840 708 84 27 mänga,
947 713 45 16 som

172 735 121 28 uppriktigt
307 735 42 22 ifra
364 736 34 21 för
413 737 105 27 stäfjande
533 737 24 21 af
569 737 130 22 missbruket
714 737 24 21 af
751 737 133 26 rusdrycker.
910 736 82 21 Genom

172 764 44 21 min
231 764 66 27 tjenst
312 765 45 21 stär
369 765 38 28 jag
421 765 7 21 i
443 767 85 25 spetsen
543 765 34 22 för
599 766 59 21 öfver
679 767 42 20 400
736 772 51 15 man
801 765 25 21 af
838 765 84 21 landets
936 771 56 21 unga

172 792 99 27 allmoge,
294 793 40 21 och
346 794 38 27 jag
399 795 24 20 är
437 794 126 28 öfvertygad
581 801 35 14 om
632 796 32 20 att
679 794 197 27 straffjournalerna
890 793 36 22 vid
940 793 52 22 vära

172 823 88 25 trupper
283 822 68 21 skulle
373 829 52 14 vara
445 823 80 21 blanka
545 823 52 21 eller
614 825 53 19 nära
681 829 48 21 nog,
754 829 35 15 om
804 823 47 20 icke
866 822 126 27 rusdrycker

172 849 69 22 skulle
263 849 75 22 finnas.
368 851 50 21 Alla
439 853 68 20 större
529 851 40 22 och
587 851 82 22 mindre
685 851 34 27 fel,
743 851 40 21 allt
797 851 57 21 hvad
869 857 45 15 som
929 853 62 24 göres

171 880 46 19 mot
232 879 145 27 reglementet,
394 880 48 21 sker
457 880 81 26 endast,
555 880 52 21 eller
621 880 34 22 till
670 882 69 19 mesta
755 880 61 21 delen
832 880 8 20 i
851 879 52 28 följd
913 879 25 22 af
946 885 46 15 rus-

171 906 95 28 drycker,
283 907 40 22 och
337 908 66 21 likväl
418 915 50 15 vore
480 909 37 27 jag
532 909 96 27 benägen
643 910 32 20 att
690 909 89 21 alldeles
793 908 97 21 förkasta
904 908 86 27 petitio-

172 941 41 15 nen
228 936 41 21 och
283 936 117 22 utskottets
416 937 42 21 bet.
473 937 8 21 i
496 937 69 21 denna
580 937 67 28 fräga.
669 938 42 27 Jag
725 939 46 20 tror
786 937 106 27 nämligen
908 938 32 19 att
954 937 36 20 vid

171 963 36 22 det
222 964 254 28 nykterhetssträfvande,
501 972 45 15 som
561 972 29 15 nu
607 966 104 21 existerar
725 966 8 21 i
747 965 48 22 värt
810 965 56 26 land,
890 965 39 21 och
944 971 46 15 som

170 993 24 20 är
216 993 35 20 väl
272 993 68 21 kändt
362 993 24 22 af
398 994 38 21 vär
453 995 98 26 regering
565 1001 76 20 genom
654 995 43 20 alla
712 995 27 20 de
753 994 121 27 petitioner,
890 1000 46 15 som
951 993 39 22 här

169 1021 56 21 varit
247 1021 126 28 framlagda,
396 1023 36 21 det
453 1023 47 21 icke
522 1023 69 21 skulle
612 1023 103 21 behöfvas
737 1023 71 26 nägon
823 1022 131 27 päminnelse
967 1022 25 21 af

170 1049 115 21 ständerna
307 1050 34 21 för
364 1052 33 20 att
418 1051 124 27 regeringen
565 1052 69 20 skulle
651 1053 53 25 göra
718 1051 40 21 allt
772 1051 57 21 hvad
844 1051 40 21 den
899 1051 42 20 kan
957 1050 33 21 för

170 1079 32 20 att
217 1078 65 27 stäfja
297 1078 60 22 detta
373 1079 60 21 onda.
463 1079 50 21 Men
529 1080 27 21 dä
570 1086 29 15 nu
613 1080 36 21 vid
664 1079 149 22 diskussionen
831 1079 7 21 i
854 1079 59 21 detta
928 1080 61 20 ämne

169 1106 64 27 ingen
256 1113 69 15 annan
349 1108 63 26 yrkat
433 1108 28 27 pä
481 1108 130 27 petitionens
627 1108 39 22 och
681 1108 157 22 betänkandets
852 1107 138 21 förkastande

168 1134 46 22 helt
237 1135 40 21 och
298 1136 74 26 hället,
395 1136 23 22 sä
439 1136 65 28 vägar
523 1137 38 27 jag
583 1137 47 21 icke
653 1136 116 22 formulera
783 1136 50 21 mitt
847 1136 95 27 yrkande
958 1136 29 26 sä,

168 1163 89 21 emedan
269 1164 38 27 jag
322 1164 68 22 skulle
405 1165 90 27 troligen
511 1165 34 21 stä
559 1172 79 14 ensam.
663 1166 42 26 Jag
720 1165 69 21 skulle
805 1164 83 22 derföre
903 1164 86 22 ansluta

167 1191 45 27 mig
226 1192 35 21 till
275 1192 58 22 Frih.
349 1199 41 15 von
406 1194 67 21 Borns
488 1194 154 26 amendement,
658 1200 49 15 men
719 1194 38 26 jag
771 1193 67 21 hörde
848 1193 47 21 icke
905 1193 84 27 riktigt,

168 1219 74 22 hvilka
257 1221 39 21 ord
310 1221 59 21 Frih.
385 1228 40 15 von
440 1222 56 21 Born
512 1222 49 22 ville
576 1223 95 21 utesluta
685 1229 26 15 ur
720 1222 118 21 utskottets
849 1222 52 26 bet.;
918 1222 71 21 derför

168 1248 69 21 skulle
249 1249 39 27 jag
302 1249 79 22 föreslå
396 1252 33 20 att
441 1250 50 22 hela
501 1250 72 22 frasen
583 1251 52 21 eller
645 1251 65 21 orden
719 1250 103 28 börjande
833 1250 47 21 från
890 1250 98 28 ,liksom*

166 1276 28 27 pä
208 1278 70 26 tredje
292 1278 67 21 raden
374 1278 34 22 till
422 1279 39 21 och
476 1280 49 20 med
540 1280 61 21 ordet
615 1279 122 27 ,gällande*
752 1279 28 27 pä
795 1280 12 20 6
822 1279 72 26 raden,
920 1278 69 22 skulle

166 1305 58 28 utgå,
240 1306 41 21 och
296 1306 27 22 dä
338 1307 69 21 skulle
428 1308 144 21 betänkandet
587 1308 22 21 få
624 1308 93 27 följande
733 1308 92 27 lydelse:
848 1308 50 26 ,Att
913 1307 75 27 frågan

167 1340 35 15 om
216 1334 139 28 tillverkning
370 1336 40 20 och
424 1336 125 28 försäljning
568 1336 24 22 af
605 1337 127 27 rusdrycker
753 1342 77 21 genom
852 1336 136 27 regeringens

167 1362 85 28 försorg
266 1363 68 21 måtte
348 1364 67 22 blifva
431 1364 88 22 föremål
533 1365 34 21 för
577 1366 46 25 en";
636 1366 24 26 ja
669 1365 122 27 ,grundlig*
801 1364 69 22 skulle
878 1365 37 26 jag
925 1364 62 21 äfven

166 1391 52 27 vilja
232 1392 102 26 utesluta)
349 1399 39 20 ,en
402 1393 158 27 undersökning
576 1400 19 15 o.
611 1400 16 15 s.
643 1394 38 21 v.*.
704 1393 150 21 Redaktionen
864 1392 69 22 skulle
940 1392 48 21 icke

166 1418 82 23 förlora
268 1420 118 28 nägonting
408 1421 75 27 derpä;
505 1423 94 20 tvärtom
620 1422 68 21 skulle
711 1421 143 28 stiliseringen
868 1421 65 21 vinna
948 1421 40 21 och

167 1447 122 23 ändamälet
304 1449 89 27 uppnäs.

224 1504 32 22 Hr
271 1505 23 21 B.
310 1505 25 22 O.
352 1506 154 22 Schauman:
529 1507 50 21 Icke
594 1507 67 22 heller
674 1507 37 27 jag
726 1507 40 21 har
780 1507 66 27 nägot
860 1508 58 19 emot
927 1506 59 21 Frih.

165 1538 42 15 von
222 1533 69 22 Borns
306 1534 181 29 ändringstörslag
503 1535 38 22 och
556 1537 25 20 är
595 1542 50 15 ense
659 1536 50 21 med
724 1536 32 21 Hr
766 1535 155 28 Pippingsköld
932 1535 7 20 i
950 1535 36 21 det
