1073 1731
201 122 56 21 1010
492 127 24 17 R.
530 132 19 12 o.
561 127 23 17 A.
594 128 60 17 1888.
678 128 13 16 5
703 128 50 20 Maj.

171 213 62 23 mark
247 213 53 21 eller
315 213 134 22 deremellan.
473 214 117 21 Dessutom
605 214 50 22 ville
668 214 38 27 jag
720 216 53 25 göra
788 220 26 15 en
823 220 71 15 annan
902 214 99 22 anmärk-

170 242 56 26 ning.
257 242 32 21 På
303 242 38 21 sid.
357 242 28 22 28
400 242 45 22 står
460 242 36 22 det
512 244 33 20 att
560 242 34 22 för
609 242 154 28 ståndsperson
778 242 7 21 i
800 242 49 22 stad
864 242 40 22 och
919 242 24 28 på
955 243 46 21 lan-

171 270 36 22 det
229 270 34 22 till
285 270 152 27 lysningssedel
458 270 85 22 fordras
568 272 26 20 10
616 271 68 21 mark.
715 272 66 20 Detta
803 271 86 27 uttryck
908 272 93 24 ,stånds-

169 299 90 27 person"
274 300 24 20 är
313 299 24 21 så
351 300 124 26 vacklande,
490 301 34 20 att
539 300 37 21 det
591 300 42 21 blir
648 300 81 26 ganska
745 299 58 22 svårt
825 301 33 20 att
873 300 127 26 bestämma,

169 329 40 20 när
232 334 26 15 en
280 334 77 20 person
379 328 54 22 skall
455 328 102 22 hänföras
580 328 33 22 till
636 328 69 22 denna
722 328 98 27 kategori
836 328 40 22 och
892 330 38 20 när
945 328 53 23 icke.

170 356 41 26 Jag
226 356 82 21 erinrar
322 356 43 27 mig
387 357 100 21 särskildt
508 358 31 20 ett
554 356 78 22 sådant
646 357 45 21 fall.
721 357 42 22 Vid
778 357 128 21 utfärdande
921 356 23 22 af
957 357 42 27 lys-

169 384 122 28 ningssedel
306 385 23 21 åt
343 392 26 14 en
385 386 147 26 renskrifvare,
550 392 46 15 som
611 385 124 28 visserligen
750 386 48 27 gick
813 386 7 21 i
834 385 166 22 fabriksklädes-

170 414 59 26 rock,
251 420 50 15 men
315 414 56 21 hade
385 414 63 28 ingen
467 421 71 15 annan
561 414 96 27 bildning
679 416 28 19 än
722 416 33 20 att
769 414 43 22 han
826 414 72 22 kunde
914 414 85 25 skrifva,

169 442 130 22 betraktade
321 444 88 25 pastorn
431 444 7 20 i
461 443 91 21 Karkku
576 444 78 20 honom
675 443 48 21 icke
747 443 70 21 såsom
840 443 160 27 ståndsperson.

170 471 127 21 Emellertid
312 472 123 21 anmärktes
450 472 60 21 detta
525 472 14 21 å
554 472 205 21 revisionskontoret
774 472 70 21 såsom
859 472 35 26 fel,
911 472 39 21 och
964 472 36 21 det

169 499 113 22 bevisades
304 500 83 27 tydligt,
410 502 33 20 att
464 507 92 15 mannen
577 501 48 21 icke
648 506 37 16 ens
708 501 52 27 egde
776 500 81 22 sådana
870 500 129 27 kunskaper,

170 534 46 15 som
231 528 86 22 fordras
332 529 23 21 af
368 535 26 15 en
409 535 84 21 person,
509 536 46 14 som
570 529 125 27 genomgått
710 529 112 21 folkskola.
851 529 91 21 Pastorn
958 529 42 27 dog

170 556 61 27 dock,
255 557 65 21 innan
335 558 67 21 saken
420 557 45 22 blef
479 558 91 27 afgjord,
594 558 39 21 och
647 558 36 26 jag
699 558 82 21 känner
795 558 47 21 icke
858 558 40 21 den
914 558 86 26 slutliga

169 585 108 27 utgången
301 586 65 21 deraf.
396 586 126 22 Emellertid
546 588 24 20 är
592 586 145 22 förhållandet
761 586 82 26 sådant,
866 588 33 20 att
921 586 37 22 det
975 588 25 19 är

170 614 86 27 mycket
271 614 58 21 svårt
344 616 33 20 att
392 617 54 22 veta,
462 617 39 19 när
516 621 27 15 en
559 621 78 20 person
653 615 55 21 skall
718 615 112 22 betraktas
838 615 71 22 såsom
917 615 83 21 stånds-

170 648 85 21 person,
279 649 34 15 om
336 643 42 21 han
400 643 46 22 icke
469 643 167 22 dokumenterar
659 644 32 26 sig
709 650 76 21 genom
801 643 59 22 bevis
875 643 28 27 på
917 643 83 22 lärdom

171 671 52 22 eller
238 671 41 21 har
293 671 70 27 någon
378 672 224 27 tjensteverksamhet;
621 672 87 21 hvarför
723 673 36 20 det
774 672 61 21 torde
851 678 52 15 vara
917 672 83 27 lämpli-

169 701 50 26 gast
234 701 34 20 att
284 700 69 21 denna
369 701 132 26 bestämning
512 707 34 15 om
563 701 175 28 ,ståndsperson”
754 701 45 21 helt
808 701 40 21 och
855 701 67 22 hållet
930 700 68 27 utgår.

239 757 33 21 Hr
287 758 25 21 A.
329 757 181 28 Gripenberg:
540 759 42 26 Jag
605 758 38 21 ber
657 758 34 21 för
713 758 44 21 min
779 758 34 21 del
837 757 64 22 också
923 759 33 20 att
977 757 23 21 få

169 785 88 22 förorda
272 786 31 21 Hr
318 793 41 14 von
374 787 116 26 Knorrings
513 787 88 26 förslag,
625 786 24 22 så
670 787 45 21 vidt
739 787 36 21 det
795 787 69 26 gäller
878 786 122 21 handlande

170 814 40 21 och
232 814 138 22 fabrikanter.
401 815 40 27 Jag
464 817 23 20 är
509 816 108 27 nämligen
640 815 125 28 öfvertygad
788 821 40 20 om,
852 817 32 20 att
906 815 28 21 då
952 815 47 26 den,

170 848 46 16 som
231 843 98 22 utfärdar
344 844 89 27 lysning,
449 844 102 21 försättes
567 845 7 20 i
589 845 40 20 den
647 844 125 26 obehagliga
788 844 101 21 situation
905 845 33 20 att
947 843 53 21 nöd-

169 877 38 20 gas
222 871 93 22 bedöma
330 878 26 15 en
371 878 88 21 persons
473 873 316 26 förmögenhetsförhållanden,
812 872 43 21 han
869 872 61 21 alltid
946 872 54 21 skall

169 899 53 22 söka
237 902 34 19 att
286 901 119 21 bestämma
420 901 36 22 det
471 901 71 26 lägsta
557 901 101 27 beloppet
673 901 153 27 stämpelafgift
849 901 39 21 och
903 902 33 20 att
950 901 49 21 kro-

168 934 44 15 nan
227 928 83 22 således
325 929 70 28 aldrig
416 929 96 22 kommer
530 930 33 21 till
579 930 56 27 godo
651 930 69 27 någon
737 930 65 27 högre
817 929 65 22 karta
896 929 60 27 afgift
972 931 27 20 än

169 957 27 21 30
211 958 69 21 mark.
311 958 102 21 Deremot
428 959 42 20 kan
484 959 36 26 jag
535 959 48 20 icke
598 965 52 14 vara
665 965 49 15 ense
730 965 34 14 om
781 958 32 21 Hr
828 965 42 14 von
880 958 120 26 Knorrings

167 985 82 28 förslag
272 988 39 25 att,
334 987 133 21 beträffande
490 993 63 21 egare
576 987 23 21 af
612 987 63 26 bruk,
697 987 96 22 fabriker
808 987 40 21 och
862 988 70 20 större
947 987 53 26 gods

167 1015 42 20 den
224 1015 7 20 i
248 1014 50 22 nåd.
313 1021 60 21 prop.
389 1017 83 20 utsatta
486 1015 101 28 afgiftens
605 1015 75 27 belopp
697 1015 68 22 skulle
780 1015 81 21 införas
876 1015 62 22 äfven
953 1015 46 21 här.

167 1043 42 27 Jag
224 1043 100 22 förordar
338 1045 34 20 att
387 1045 88 26 afgiften
490 1044 34 21 för
539 1044 154 27 lysningssedel
708 1045 33 21 för
751 1044 69 21 denna
828 1044 96 26 kategori
936 1043 64 22 också

166 1071 70 22 måtte
253 1072 130 22 bestämmas
397 1073 33 21 till
446 1073 27 22 50
483 1073 68 21 mark.

236 1129 33 21 Hr
285 1129 23 21 L.
324 1129 143 22 Mechelin:
490 1130 41 27 Jag
547 1130 38 21 ber
601 1132 33 19 att
649 1130 22 21 få
686 1130 132 21 understöda
832 1130 33 21 Hr
879 1136 41 15 von
930 1129 70 22 Knor-

167 1157 59 27 rings
241 1157 88 28 förslag,
353 1158 59 21 såväl
436 1159 55 21 hvad
507 1159 132 21 vidkommer
661 1159 155 27 lysningssedel
831 1158 33 22 för
879 1158 121 22 handlande

167 1185 40 22 och
222 1185 141 27 fabrikanter,
379 1193 46 16 som
441 1187 65 22 också
521 1187 56 21 hvad
592 1187 133 22 vidkommer
747 1187 40 21 den
803 1187 67 21 andra
885 1187 24 21 af
921 1187 79 21 honom

165 1216 112 29 upptagna
292 1215 103 26 punkten,
411 1222 62 21 egare
489 1215 23 22 af
526 1216 63 26 bruk,
606 1215 96 22 fabriker
709 1216 53 21 eller
771 1217 69 20 större
849 1216 60 27 gods.
925 1215 75 22 Såsom

163 1242 38 27 jag
215 1243 128 27 uppfattade
359 1244 32 21 Hr
407 1251 40 14 von
463 1245 114 26 Knorring,
600 1245 63 27 gälde
686 1245 55 20 hans
756 1244 95 27 yrkande
867 1244 56 21 båda
938 1244 62 21 dessa

165 1273 86 24 posters
267 1273 137 26 upptagande
419 1273 7 21 i
441 1273 95 26 enlighet
551 1273 49 21 med
616 1273 48 22 nåd.
680 1279 61 21 prop.

235 1329 33 21 Hr
283 1336 41 15 von
339 1329 130 26 Qvanten:
493 1331 42 20 Vid
551 1331 75 20 remiss
642 1331 23 20 af
678 1330 161 33 propositionen
855 1328 33 23 till
897 1329 26 22 de
931 1329 70 21 skilda

165 1357 92 22 stånden
272 1358 85 27 gjordes
373 1358 107 27 åtskilliga
496 1359 165 26 anmärkningar
675 1359 45 26 just
735 1358 31 21 vis
781 1358 13 21 å
808 1358 34 21 vis
853 1358 63 22 dessa
932 1357 69 27 punk-

164 1386 34 20 ter
220 1386 50 21 med
293 1386 102 22 afseende
410 1386 13 22 å
438 1387 121 21 handlande
582 1387 40 21 och
643 1387 140 21 fabrikanter.
813 1386 43 22 Det
871 1386 128 27 påpekades,

163 1415 34 20 att
220 1414 67 28 enligt
309 1415 60 21 detta
392 1415 80 27 förslag
495 1422 26 15 en
545 1416 165 26 grosshandlare
727 1415 48 22 med
791 1417 45 19 stor
852 1414 149 28 förmögenhet

164 1443 40 21 och
221 1449 26 15 en
263 1444 53 21 liten
332 1444 109 27 obetydlig
456 1444 129 26 handlande,
603 1450 44 16 som
663 1446 61 19 snart
740 1444 63 26 sagdt
818 1444 72 20 kunde
898 1443 27 27 gå
932 1443 69 21 under

163 1471 104 22 rubriken
283 1472 116 27 månglare,
415 1473 84 21 komme
516 1474 33 20 att
563 1472 65 22 hafva
643 1479 82 15 samma
741 1472 56 26 höga
812 1472 68 26 afgift.
910 1472 43 21 För
968 1472 33 20 att

163 1500 96 22 undvika
275 1501 66 25 detta,
357 1501 112 22 faststälde
485 1502 108 20 utskottet
607 1501 163 27 ifrågavarande
793 1501 61 27 afgift
870 1502 32 20 att
917 1500 85 21 variera

164 1528 94 22 emellan
275 1530 27 20 30
318 1529 39 21 och
373 1530 28 21 80
416 1530 67 22 mark.
514 1530 55 21 Nåd.
586 1536 60 21 prop.
662 1530 68 27 gifver
746 1529 64 22 också
832 1529 116 27 anledning
967 1530 33 20 att
