1073 1736
216 126 41 21 996
470 132 24 18 R.
507 137 18 14 o.
538 133 23 18 A.
571 134 60 18 1888.
655 135 13 16 3
680 134 48 21 Maj.

186 216 90 22 Antalet
298 218 23 21 af
341 218 56 27 dem,
419 224 46 16 som
487 220 39 21 der
548 220 59 26 söka,
624 220 53 22 vård
695 220 40 21 har
750 221 58 21 emot
822 220 113 22 förmodan
951 220 65 28 stigit,

186 244 56 22 ifrån
265 247 33 19 att
312 252 50 16 man
377 246 72 28 ansåg,
465 249 32 20 att
512 248 58 22 inom
587 249 27 21 10
630 248 24 22 år
669 249 120 21 detsamma
804 249 68 21 skulle
888 249 72 27 uppnå
975 250 42 21 400

187 273 14 22 å
216 274 43 21 450
281 274 45 26 fall,
348 275 25 21 så
394 276 58 26 högt,
477 278 31 19 att
532 277 38 21 det
589 278 65 20 redan
669 277 48 26 gått
731 278 33 20 till
780 277 60 21 öfver
855 278 41 21 750
912 278 40 21 och
968 278 47 21 800.

186 302 34 21 En
235 304 47 19 stor
297 304 78 26 mängd
391 304 85 21 mödrar
490 311 52 16 anse
559 305 36 22 det
611 305 55 22 både
682 306 101 27 beqvämt
798 306 39 21 och
853 306 83 27 mycket
947 306 69 27 billigt

187 332 33 19 att
242 331 91 22 sålunda
348 333 32 20 till
395 339 26 15 en
437 335 45 19 stor
497 334 35 21 del
548 334 28 27 på
592 334 37 21 det
643 334 120 22 allmännas
778 334 118 21 bekostnad
912 335 104 26 genomgå

187 359 33 21 sin
235 359 120 23 nedkomst.
385 361 42 22 För
447 363 111 26 anstalter,
575 363 82 21 sådana
672 369 45 16 som
733 363 48 26 den,
798 363 84 21 hvilken
897 363 7 21 i
920 363 97 27 Helsing-

186 387 45 22 fors
247 390 24 19 är
286 389 105 26 verksam,
408 392 23 19 är
447 391 35 21 det
498 397 26 15 en
540 393 47 20 stor
601 391 76 27 fördel,
693 391 90 22 emedan
797 391 43 22 alla
856 392 62 21 dessa
934 391 43 26 fall,
988 392 28 26 på

188 417 31 21 ett
242 417 82 22 mindre
340 419 59 20 antal
413 421 45 24 när,
475 419 58 22 såväl
549 420 26 21 de
592 420 63 21 enkla
670 421 166 21 nedkomsterna
852 427 44 14 som
913 421 25 20 de
954 419 62 23 svåra

186 445 191 28 förlossningarna,
400 447 57 28 tjena
478 454 44 15 mer
538 449 53 21 eller
607 449 81 21 mindre
704 449 33 22 till
752 449 56 21 hvad
823 455 49 15 man
888 449 68 21 kallar
972 455 44 16 ma-

186 474 64 21 terial
266 475 35 21 vid
317 476 181 27 undervisningen.
520 477 50 21 Men
586 477 38 22 der
639 477 76 28 frågan
731 479 24 20 är
771 483 33 16 om
814 478 110 26 anstalter,
936 478 80 21 sådana

189 502 26 21 de
231 503 40 21 här
285 503 96 27 föreslås,
391 505 34 21 vid
441 505 138 27 länesjukhus
595 506 39 21 och
649 507 7 20 i
671 507 68 20 andra
754 506 72 21 städer
841 506 32 21 för
889 508 32 19 att
931 507 86 21 komma

186 533 32 19 ett
233 532 103 22 särskildt
351 534 117 26 trängande
482 535 95 21 enskildt
591 535 68 21 behhf
673 535 32 21 till
721 535 64 26 hjelp,
802 535 38 21 der
856 535 38 21 bör
906 535 108 21 olikheten

185 560 125 22 framhållas
326 562 39 20 och
381 562 149 27 befolkningen
545 563 8 21 i
569 563 73 21 landet
656 565 64 25 göras
735 563 151 27 uppmärksam
902 563 72 27 derpå,
983 565 32 20 att

187 588 110 22 desamma
312 590 119 22 tillkomma
446 592 76 20 endast
537 591 34 21 för
587 592 80 21 sådana
682 592 44 26 fall,
745 592 72 21 hvilka
832 592 47 21 icke
895 592 6 20 i
917 592 98 22 hemmen

187 616 23 22 af
223 618 121 28 sakkunnig
359 618 132 28 hjelparinna
507 620 72 21 kunna
595 620 118 22 behandlas
729 620 40 22 och
785 620 107 22 slutföras.
923 621 41 27 Jag
980 620 34 22 vå-

187 652 38 20 gar
248 646 73 22 derför
343 647 79 22 föreslå
444 648 40 22 den
502 648 183 28 omformulering,
701 649 86 21 hvilken
800 649 38 27 jag
853 649 46 21 haft
914 651 53 19 äran
982 650 33 21 för

185 674 26 22 R.
227 680 19 16 0.
263 675 24 21 A.
304 675 39 22 här
357 677 85 27 antyda.

256 732 58 22 Frih.
331 739 40 15 von
387 734 74 21 Troil
475 734 146 22 understödde
637 735 32 21 Hr
685 735 163 27 Pippingskölds
859 734 85 27 förslag.

256 789 59 22 Frih.
338 790 23 21 af
383 790 139 23 Schult6n:
553 792 113 22 Utskottet
687 794 47 19 tror
757 792 32 26 sig
804 792 7 21 i
827 792 37 21 sitt
880 792 134 21 betänkande

186 817 64 23 hafva
266 819 75 27 antydt
356 819 124 26 detsamma,
496 826 47 16 som
558 821 33 21 Hr
606 820 153 28 Pippingsköld
775 821 57 21 velat
846 821 6 20 i
864 820 74 27 sjelfva
948 820 67 22 kläm-

186 852 49 16 men
251 849 101 25 upptaga,
367 848 45 26 just
426 855 75 20 genom
517 849 38 20 det
569 849 80 27 stycke,
658 856 26 14 ur
699 849 82 21 hvilket
796 848 64 22 ocksä
874 849 32 20 Hr
916 849 99 26 Pipping-

186 875 63 21 sköld
269 876 78 21 citerat
362 876 25 21 de
403 876 23 21 af
439 877 79 21 honom
534 877 91 22 anförda
640 878 46 21 ord.
717 877 113 22 Utskottet
845 877 39 21 har
900 877 45 21 icke
961 879 54 20 trott

185 905 34 20 att
241 904 37 21 det
300 904 71 22 kunde
394 911 50 15 vara
466 905 98 28 lämpligt
586 908 33 19 att
640 906 49 27 ingå
703 906 8 21 i
727 906 73 21 alltför
822 907 58 20 stora
904 906 110 26 detaljer
1001 900 16 37 i

185 931 76 27 sjelfva
276 934 78 20 ämnet.
385 933 66 22 Detta
465 934 106 21 förbehäll
587 935 96 21 kommer
703 935 56 20 väli
775 934 42 21 alla
832 934 44 25 fall,
896 935 2 20 i
914 934 100 21 händelse

184 961 119 26 petitionen
321 961 124 27 godkännes
469 965 33 19 att
517 963 24 21 af
554 963 249 26 Expeditionsutskottet
817 963 197 26 uppmärksammas

185 989 40 22 och
247 989 36 28 jag
306 992 46 19 tror
373 991 84 22 derföre
472 993 32 20 att
520 992 37 21 det
572 992 81 21 kanske
669 993 24 20 är
709 991 126 26 tillräckligt
852 991 106 22 bibehålla
974 991 40 22 den

183 1017 141 28 formulering
346 1019 106 22 utskottet
476 1020 39 21 har
537 1019 68 28 gifvit,
629 1027 46 15 som
698 1021 109 21 dessutom
823 1020 65 21 redan
903 1022 33 19 tre
952 1019 63 22 stånd

185 1047 63 21 torde
263 1047 67 26 gillat.

253 1104 33 21 Hr
310 1105 32 20 W.
367 1105 92 27 Späre:
488 1106 42 27 Jag
553 1106 39 21 ber
615 1108 32 19 att
662 1106 33 21 till
711 1106 44 21 alla
770 1105 59 22 delar
845 1105 21 22 fä
882 1105 132 22 understöda

183 1131 34 22 Hr
231 1132 160 27 Pippingsköld.

253 1188 50 22 Med
328 1190 114 28 anledning
464 1192 23 21 af
504 1192 42 21 den
562 1192 112 21 förefallna
689 1192 148 21 diskussionen
854 1192 112 26 uppstälde
982 1192 32 20 Hr

183 1216 208 23 Landtmarskalken
408 1220 32 21 till
456 1220 132 22 besvarande
603 1221 94 26 följande
713 1220 212 27 omröstningsprop.:

252 1273 54 25 Den,
322 1280 46 16 som
383 1276 124 26 godkänner
522 1277 119 21 utskottets
656 1277 50 26 bet.,
723 1278 72 20 röstar
806 1277 34 26 ja;

252 1302 75 21 vinner
342 1304 41 26 nej,
399 1304 40 21 har
453 1305 24 21 R.
494 1311 19 15 o.
529 1305 27 22 A.
573 1305 100 22 omfattat
689 1311 26 16 en
731 1305 90 27 petition
832 1306 7 20 i
850 1306 71 20 ämnet
936 1304 23 21 af
973 1304 40 22 den

181 1329 81 27 lydelse
278 1331 32 21 Hr
326 1331 153 28 Pippingsköld
493 1333 118 28 föreslagit.

251 1387 51 22 Som
325 1388 70 21 denna
417 1396 60 21 prop.
500 1390 34 21 vid
551 1391 84 20 anstäld
651 1391 71 21 sluten
738 1390 131 27 omröstning
885 1389 127 22 besvarades

181 1415 49 22 med
254 1416 27 21 24
301 1416 24 27 ja
348 1417 39 21 och
411 1419 26 20 27
461 1418 39 27 nej,
516 1419 55 21 hade
588 1419 85 21 ständet
688 1419 97 27 godkänt
802 1419 31 20 Hr
848 1418 164 27 Pippingskölds

181 1443 88 28 förslag.
