1075 1739
184 109 55 22 1134
444 116 24 18 R.
482 121 17 13 o.
512 117 23 17 A.
548 116 58 18 1888.
626 117 19 17 11
657 116 47 22 Maj.

154 202 128 22 samskolor.
314 202 45 22 Min
375 203 133 21 reservation
524 203 77 22 hänför
616 204 32 26 sig
663 204 32 20 till
711 203 69 21 andra
796 209 63 15 mom.
876 202 27 27 pä
919 202 68 22 denna

155 231 53 24 sida,
224 230 109 22 äfvensom
349 232 26 20 de
391 232 35 20 tvä
443 232 95 27 följande
554 234 128 20 momenten.

224 288 31 20 Hr
278 288 24 21 A.
326 289 99 21 Antell:
456 289 41 27 Jag
521 288 99 22 anhäller
640 289 50 21 kort
706 296 34 14 om
757 289 52 26 godt
825 291 32 18 att
873 288 20 21 fä
909 288 77 21 under-

156 316 62 21 stöda
234 316 40 21 den
290 316 23 22 af
327 317 32 21 Hr
374 317 119 22 Blomstedt
508 324 28 15 m.
552 318 20 21 fl.
589 317 174 22 undertecknade
779 318 164 20 reservationen.

228 374 31 20 Hr
278 374 125 27 Ramsay:
434 375 33 21 Då
483 375 148 21 diskussionen
647 375 67 21 redan
730 374 101 22 omfattat
847 374 104 21 hvardera
966 374 23 20 af

156 403 26 21 de
198 402 98 27 punkter,
312 409 46 15 som
373 403 68 21 finnas
451 404 28 27 pä
489 404 27 21 25
529 404 37 21 sid.
577 404 7 20 i
591 404 117 21 ntskottets
719 404 44 20 bet.
772 405 115 25 upptagna,
896 402 23 22 sä
927 404 60 24 tager

154 431 38 27 jag
200 431 138 27 migfriheten
346 434 33 19 att
387 432 86 22 bemöta
480 432 59 22 Frih.
548 432 23 21 af
578 432 113 22 Schult6ns
699 432 82 26 förslag
789 434 32 19 att
829 433 78 25 antaga
916 431 40 21 den
966 430 23 22 af

156 460 79 21 honom
251 460 172 22 undertecknade
439 462 167 26 reservationen,
622 461 86 21 hvilken
725 461 68 21 skulle
805 461 74 21 ställas
890 463 44 18 mot
945 460 40 21 den

157 491 85 19 senaste
257 489 95 26 punkten
367 490 7 20 i
389 496 29 14 nu
433 489 141 22 förevarande
590 489 67 27 fräga.
677 490 42 26 Jag
734 490 39 20 ber
789 490 75 20 endast
879 488 22 22 fä
916 489 69 21 erinra

157 516 86 22 ståndet
258 523 34 15 om
308 524 26 15 en
350 518 139 27 tilldragelse,
505 525 46 15 som
566 518 116 28 passerade
698 518 33 21 för
747 518 46 22 icke
810 518 61 26 länge
883 518 65 20 sedan
958 517 27 27 pä

158 546 60 21 detta
233 552 53 20 rum,
303 546 28 22 dä
346 547 57 21 Frih.
420 547 22 21 af
456 547 102 21 Schulten
574 547 55 21 hade
646 549 31 19 ett
692 547 88 27 förslag,
797 547 37 21 ord
850 546 33 21 för
894 546 39 22 ord
943 546 43 21 lika

157 574 93 27 lydande
265 576 47 20 med
328 575 146 27 förevarande,
492 576 82 21 hvilket
589 576 81 26 förslag
685 576 27 21 dä
728 576 78 26 ansägs
817 576 52 20 böra
880 575 106 21 förkastas

159 602 70 22 säsom
253 604 121 26 opraktiskt
390 604 6 21 i
412 605 35 21 det
471 604 99 22 afseende
586 605 113 26 nämligen,
717 606 33 19 att
767 604 36 21 det
819 604 106 21 sannolikt
940 603 46 21 icke

159 632 69 21 skulle
251 632 96 22 medföra
369 633 26 21 de
416 633 83 27 följder,
523 640 46 14 som
594 633 57 21 Frih.
675 634 23 20 af
715 633 103 21 Schulten
833 632 23 22 af
870 633 117 21 detsamma

159 660 98 27 hoppats,
274 662 107 26 nämligen
391 663 32 19 att
434 662 191 26 skolpetitionerna
636 662 33 21 för
680 662 115 21 iramtiden
806 662 68 20 skulle
884 661 103 27 upphöra.

229 718 32 21 Hr
283 718 163 27 Furuhjelm:
479 719 95 21 Emedan
597 719 66 27 enligt
685 719 44 21 min
753 718 64 21 tanke
833 718 154 21 samskoleiden

160 748 34 25 är,
208 752 81 21 omogen
306 747 39 21 och
361 747 39 22 hos
417 754 34 15 oss
467 748 100 27 temligen
583 748 109 27 opröfvad,
713 747 28 22 dä
757 754 48 15 man
822 748 103 25 nämligen
941 746 46 21 icke

160 775 39 21 alls
215 775 39 21 har
269 775 69 27 nägon
354 776 122 22 erfarenhet
492 783 41 18 om,
558 777 56 20 huru
629 777 150 20 samskolorna
794 777 81 23 verkat,
891 775 97 22 förordar

158 800 44 40 jag.
217 805 131 26 antagandet
371 805 22 21 af
414 805 40 22 den
477 805 22 21 af
513 806 32 20 Hr
560 805 121 22 Blomstedt
697 805 48 21 med
761 805 50 21 flere
827 805 79 27 afgifna
922 811 65 14 reser-

130 833 4 5 *
159 835 106 18 vationen.

229 890 31 21 Hr
284 890 93 21 Munck
401 891 70 21 anslöt
494 891 31 27 sig
541 891 33 21 till
590 891 32 21 Hr
637 891 166 27 Pippingskölds
819 891 39 21 och
873 890 58 21 Frih.
948 896 40 15 von

160 918 99 21 Alfthans
276 918 61 27 äsigt.

229 975 57 22 Frih.
310 976 24 20 O.
351 976 26 21 A.
393 977 94 20 Wrede
503 977 145 21 understödde
666 977 47 21 äter
729 977 32 20 Hr
776 976 130 21 Blomstedts
922 981 67 16 reser-

159 1004 80 21 vation.

230 1055 154 22 Diskussionen
400 1057 125 21 afstannade
542 1057 88 21 härmed
646 1057 39 21 och
700 1057 33 20 till
750 1057 131 21 besvarande
897 1056 50 21 atlät
958 1057 31 20 Hr

160 1084 208 22 Landtmarskalken
385 1091 28 15 nu
428 1085 93 27 följande
536 1086 211 26 omröstningsprop.:

230 1136 54 26 Den,
307 1142 45 15 som
376 1137 125 25 godkänner
525 1138 55 20 1:sta
602 1143 64 15 mom.
684 1137 7 20 i
707 1137 118 21 utskottets
848 1137 85 26 förslag,
958 1138 32 19 rö-

161 1166 45 19 star
218 1164 34 27 ja;

231 1193 72 20 vioner
326 1193 41 27 nej,
391 1193 39 21 har
446 1194 24 21 R.
486 1201 19 14 o.
521 1195 25 20 A.
564 1194 100 21 omfattat
681 1194 41 21 den
737 1193 66 21 andra
822 1193 168 22 reservationens

160 1221 111 21 uttalande
287 1222 7 21 i
309 1222 70 21 denna
395 1222 40 21 del.

230 1272 30 21 Pä
284 1273 73 21 derom
380 1273 72 26 gjordt
469 1273 97 27 yrkande
582 1273 108 22 anstäldes
705 1273 105 26 votering,
828 1273 84 20 hvilken
928 1272 63 21 utföll

160 1301 49 21 med
232 1301 27 20 46
280 1301 23 26 ja
326 1301 41 21 och
391 1302 26 20 10
439 1302 43 26 nej,
505 1302 32 21 till
560 1301 53 27 följd
634 1301 76 22 hvaraf
723 1302 26 21 R.
766 1307 19 15 o.
801 1304 24 18 A.
841 1301 94 27 godkänt
958 1304 32 17 ut-

160 1329 94 22 skottets
269 1329 112 22 uttalande
398 1330 7 21 i
421 1329 68 22 första
504 1331 108 20 klämmen
627 1330 28 27 pä
670 1337 47 20 pag.
735 1331 34 20 25.

230 1381 59 22 Utan
312 1381 141 27 anmärkning
476 1382 124 27 godkändes
624 1388 74 15 senare
717 1381 62 21 delen
795 1381 24 20 af
832 1381 117 21 utskottets
964 1380 27 27 pä

161 1415 82 16 samma
258 1410 46 21 sida
320 1411 27 20 25
363 1410 127 22 framstälda
505 1411 87 27 förslag.

232 1461 48 21 Med
304 1462 115 27 anledning
441 1462 23 21 af
485 1463 118 21 utskottets
625 1462 81 27 förslag
729 1462 32 21 till
785 1462 117 26 4-klassiga
924 1461 69 21 finska

162 1489 207 22 elementarskolans
385 1491 7 20 i
409 1491 64 21 Wasa
495 1491 125 27 utvidgning
643 1491 33 21 till
692 1493 31 19 ett
739 1490 136 26 fullständigt
891 1490 101 21 klassiskt

162 1518 82 26 lyceum
259 1518 85 27 yttrade
