1061 1748
180 129 56 21 1664
436 132 25 18 R.
474 137 18 13 o.
503 133 24 17 A.
535 133 60 17 1888.
613 133 27 17 30
651 132 48 21 Maj.

220 219 74 22 Under
308 220 67 21 andra
389 219 150 27 hufvudtiteln,
553 219 162 27 justitiestaten,
730 219 40 21 har
780 219 53 21 utan
843 218 67 27 några
920 218 60 22 kom-

153 249 115 22 mentarier
292 248 118 27 upptagits,
433 250 33 20 att
487 247 230 28 häradshöfdingarnes
739 247 42 28 lön,
804 253 46 16 som
871 247 54 22 1865
941 253 40 15 var

153 277 74 23 endast
250 278 77 26 28,456
350 277 61 22 mark
433 277 40 22 och
496 277 24 21 år
544 277 54 22 1885
622 277 77 24 61,519
713 276 69 27 mark,
798 276 70 21 skulle
883 276 24 21 år
923 275 57 22 1888

152 306 64 22 hafva
230 307 104 26 medtagit
350 313 26 14 en
391 306 64 27 utgift
470 305 23 22 af
505 306 93 24 453,200
613 305 68 22 mark.
704 305 42 22 Det
761 305 56 21 hade
828 304 27 22 då
866 305 55 21 varit
931 304 48 21 skäl

152 337 33 20 att
199 335 89 27 påpeka,
305 336 33 20 att
352 334 219 27 häradshöfdingarne
587 334 66 21 likväl
672 334 46 21 icke
734 333 86 22 erhållit
835 333 70 26 någon
920 333 59 21 löne-

152 363 128 27 förhöjning,
296 365 52 20 utan
363 365 34 19 att
412 363 70 21 denna
497 362 122 27 förhöjning
633 363 8 20 i
657 362 107 27 budgeten
780 364 25 19 är
820 368 26 15 en
856 361 52 28 följd
920 361 64 22 deraf

152 393 40 25 att,
207 392 7 21 i
230 392 94 27 enlighet
338 391 49 22 med
402 391 127 22 ständernas
543 391 36 21 vid
587 392 92 21 .senaste
695 391 103 27 landtdag
808 390 83 22 fattade
901 390 78 27 beslut,

152 420 69 21 blifvit
235 420 126 21 förordnadt
376 421 34 20 att
424 420 34 21 för
472 419 93 22 kronans
581 420 91 26 räkning
682 419 98 28 uppbära
789 419 190 27 tingsgästningen,

153 455 45 15 som
222 448 58 22 förut
302 448 47 27 gått
371 448 133 22 omedelbart
526 448 32 21 till
573 448 220 27 häradshöfdingarne
808 448 40 21 och
863 448 46 21 icke
924 449 57 20 varit

153 477 68 27 synlig
235 477 7 21 i
258 477 113 26 budgeten.
402 477 202 26 Tingsgästningens
626 477 78 26 belopp
720 477 108 21 utbetalas
844 477 65 21 sedan
925 476 58 21 efter

153 505 199 26 medelmarkegång
374 505 34 21 till
430 505 227 27 häradshöfdingarne.
688 505 46 21 Här
756 504 115 28 föreligger
889 505 94 21 sålunda

153 540 26 15 en
187 537 55 23 post,
254 540 45 15 som
312 534 46 21 icke
368 533 43 22 kan
424 533 103 28 jemföras
536 534 49 21 med
596 540 82 15 samma
688 535 50 25 post
748 533 26 22 de
781 533 129 28 föregående
920 533 61 22 åren.

224 562 74 22 Under
318 562 94 27 följande
439 562 128 22 hufvudtitel
595 562 58 21 finna
677 563 22 20 vi
723 562 76 21 främst
824 562 157 22 statskontoret

153 591 48 21 med
224 591 77 26 91,000
323 591 68 25 mark,
414 597 26 15 en
463 590 70 27 utgift,
556 597 46 15 som
624 591 47 21 icke
687 597 62 20 synes
764 591 68 21 under
847 591 27 21 de
888 591 94 26 tidigare

154 619 56 22 åren.
242 619 126 22 Emellertid
383 621 25 19 är
423 620 37 21 det
474 619 28 27 på
516 619 69 27 grund
600 619 24 22 af
637 619 83 22 landets
736 619 99 22 ständers
844 619 79 26 beslut,
934 625 47 16 som

153 647 155 28 förvaltningen
330 647 24 22 af
375 647 159 22 statsfonderna
555 647 70 23 blifvit
640 647 80 22 afskild
734 647 48 23 från
797 648 102 21 Finlands
914 648 64 26 bank,

153 676 39 22 och
214 677 24 21 af
250 677 63 21 dessa
328 677 77 26 91,000
420 676 62 22 mark
497 678 92 20 ersättas
605 677 78 25 70,000
697 682 77 21 genom
790 677 101 21 särskildt
905 677 78 27 anslag

152 704 47 22 från
222 705 101 21 Finlands
345 705 58 21 bank
425 705 33 21 för
481 705 69 21 denna
571 706 130 26 förvaltning
720 705 24 21 af
757 707 82 19 statens
854 704 81 23 fonder.
954 718 23 2 —

153 734 45 20 När
221 740 49 14 man
293 734 112 20 betraktar
425 734 120 26 stegringen
561 734 7 20 i
583 734 117 26 utgifterna
714 734 34 21 för
764 734 132 22 landsstaten
912 734 69 22 under

153 768 26 15 en
202 762 74 26 period
298 762 23 21 af
342 762 27 20 20
392 762 25 21 år
439 762 48 21 från
503 762 91 24 906,000
611 762 33 21 till
662 763 112 25 1,493,000
789 762 68 27 mark,
872 763 43 21 kan
930 769 50 15 man

153 790 65 21 också
240 790 118 24 vilseledas,
382 796 34 15 om
439 797 49 15 man
510 790 47 22 icke
579 790 40 22 har
638 791 114 27 utredning
768 792 80 25 derom,
863 791 56 21 huru
935 794 48 18 stor

153 818 34 22 del
203 818 23 22 af
243 819 143 21 landsstatens
401 819 68 26 löner,
485 825 46 15 som
545 819 62 21 inflöt
621 820 7 20 i
643 820 55 20 form
713 819 23 21 af
748 820 100 26 sportlar,
864 820 72 21 hvilka
951 826 31 15 nu

154 849 36 19 äro
214 847 110 28 indragna,
348 847 39 22 och
410 847 72 22 derför
504 849 79 20 ersatts
605 854 76 21 genom
704 848 185 28 löneförbättring.
907 861 30 3 —
951 848 31 22 Så

153 875 57 22 finna
232 877 19 21 vi
274 876 129 27 postverket.
434 877 41 27 Jag
497 877 68 21 måste
584 883 52 16 anse
651 877 37 22 det
703 877 112 28 högeligen
830 877 149 28 tvifvelaktigt,

153 911 35 15 om
203 905 135 26 postverkets
353 905 88 27 utgifter
457 905 61 22 skola
539 905 101 22 hänföras
656 906 32 21 till
704 906 278 27 embetsmannabudgeten.

153 933 127 22 Postverket
295 935 25 20 är
335 940 26 15 en
377 936 45 19 stor
437 934 281 27 kommunikationsanstalt,
734 941 46 15 som
794 935 8 21 i
818 935 41 22 den
874 935 50 22 mån
939 935 41 22 den

154 962 54 21 skall
230 963 72 20 kunna
324 962 81 22 bereda
426 963 74 22 landet
522 963 69 22 ökade
606 963 96 27 tjenster,
716 963 79 27 jemväl
810 963 87 22 kräfver
911 964 70 21 ökade

153 991 93 26 utgifter.
276 991 138 22 Postverkets
436 992 94 21 inkomst
551 998 38 15 var
609 992 24 21 år
650 993 54 20 1865
720 993 92 24 460,000
828 993 40 21 och
883 993 48 22 dess
947 995 34 19 ut-

153 1019 64 27 gifter
238 1020 92 23 458,000
345 1020 68 21 mark.
443 1015 31 26 År
490 1020 55 21 1888
561 1022 38 20 äro
615 1021 48 22 dess
678 1021 88 27 utgifter
783 1022 113 25 1,264,000
910 1021 69 26 mark,

153 1048 70 21 såsom
246 1048 106 21 utskottet
373 1049 107 26 upptagit,
503 1049 39 21 och
561 1049 121 22 inkomsten
697 1049 105 22 beräknas
817 1050 33 21 till
867 1051 114 25 1,100,000

153 1077 67 21 mark.
250 1077 43 21 Det
315 1077 39 21 har
376 1077 48 27 gått
438 1077 7 22 i
460 1077 89 27 ungefär
564 1077 43 22 lika
621 1079 137 26 progression
773 1079 49 21 med
837 1079 106 27 ökningen
958 1079 26 21 af

154 1106 49 20 dess
218 1105 89 27 utgifter
323 1112 45 15 som
384 1106 23 20 af
420 1106 152 22 inkomsterna.
603 1106 73 22 Skulle
692 1107 36 21 det
743 1107 119 21 emellertid
878 1108 103 21 anställas

154 1140 26 15 en
195 1134 104 26 votering,
317 1134 105 21 huruvida
437 1141 49 15 man
502 1134 67 22 borde
584 1135 99 27 upphöra
697 1136 48 21 med
760 1136 136 26 postverkets
911 1136 70 22 förse-

154 1162 53 22 ende
222 1162 50 22 med
286 1169 41 21 nya
342 1164 154 26 postanstalter
512 1164 39 21 och
567 1164 140 22 öfverhufvud
722 1164 205 28 postförbindelsens
938 1164 43 22 för-

154 1192 122 26 bättrande,
299 1192 69 22 skulle
391 1192 37 22 det
447 1192 120 28 säkerligen
582 1200 73 14 svaras
671 1193 103 27 enhälligt
788 1194 98 21 nekande
902 1194 79 20 dertill.

155 1222 41 22 Till
217 1222 122 28 jemförelse
353 1222 36 22 må
402 1222 37 28 jag
454 1223 77 25 erinra,
547 1224 33 20 att
598 1222 3 22 i
616 1222 79 27 Norge,
711 1222 38 22 der
763 1222 126 27 postverket
902 1222 80 21 inbrin-

157 1258 39 21 gar
220 1252 59 21 öfver
294 1252 113 26 2,200,000
422 1252 80 21 kronor
518 1257 33 15 om
567 1251 52 26 året,
635 1253 37 19 äro
688 1251 54 21 dock
756 1251 147 21 kostnaderna
917 1250 66 28 något

155 1281 91 27 drygare
261 1282 27 19 än
303 1280 153 22 inkomsterna.
475 1292 14 4 —
500 1280 62 21 Lots-
577 1280 40 21 och
632 1280 179 27 fyrinrättningen
826 1280 43 20 kan
880 1280 34 20 väl
925 1280 58 21 svår-

155 1310 56 26 ligen
234 1309 102 21 hänföras
357 1309 34 21 till
414 1308 237 22 embetsmannastaten.
682 1308 80 26 Sjelfva
776 1307 207 22 embetsmannaför-

155 1338 122 26 valtningen
293 1337 35 21 vid
344 1337 59 21 detta
418 1337 59 26 verk,
493 1336 52 22 eller
561 1336 164 27 öfverstyrelsen
741 1336 39 21 och
796 1336 185 27 officerspersona-

156 1366 40 21 len,
220 1366 40 20 har
282 1366 123 26 visserligen
428 1365 68 21 under
518 1365 152 21 decenniernas
685 1365 83 26 förlopp
783 1364 67 27 något
865 1365 62 21 ökats
942 1364 40 22 och

156 1394 70 22 blifvit
248 1394 82 27 dyrare,
346 1400 48 15 men
410 1394 41 21 den
467 1394 154 26 öfvervägande
637 1394 62 21 delen
714 1393 23 22 af
751 1394 40 20 den
807 1393 69 21 ökade
891 1392 92 28 utgiften

156 1424 64 20 beror
235 1422 73 28 derpå,
317 1424 33 20 att
358 1423 36 21 det
402 1429 29 14 nu
439 1422 67 22 finnes
514 1422 140 27 mångfaldigt
661 1422 51 22 flere
722 1422 217 22 säkerhetsanstalter
949 1422 35 21 för

156 1452 102 26 sjöfarten
280 1453 28 19 än
322 1451 64 21 förut.
417 1451 41 27 Jag
472 1451 44 21 kan
530 1451 47 21 icke
593 1450 55 22 fatta
662 1452 33 20 att
710 1450 120 22 kostnaden
844 1450 34 22 för
893 1450 89 27 sjömär-

155 1480 42 22 ken
212 1480 40 22 och
267 1480 58 27 fyrar
340 1486 51 15 vore
407 1480 60 21 delar
481 1480 24 21 af
513 1479 276 27 embetsmannabudgeten.
799 1491 26 3 —
834 1479 79 22 Vidare
923 1478 59 23 finna

156 1509 20 21 vi
191 1508 284 28 sjömätningskostnaderna
489 1508 33 22 för
537 1508 26 22 de
579 1514 76 16 senare
670 1508 58 22 åren.
756 1508 42 21 Det
813 1509 25 20 är
852 1508 46 22 icke
914 1507 69 22 heller

156 1537 70 28 någon
248 1537 208 27 embetsmannakår,
479 1539 52 20 utan
555 1537 37 22 det
615 1539 24 19 är
661 1539 32 20 ett
710 1537 125 27 produktivt
849 1537 84 27 företag
947 1536 36 22 för
