1070 1742
324 112 25 17 R.
362 116 17 13 o.
392 112 23 16 A.
428 112 58 16 1888.
505 112 24 16 18
541 112 49 20 Maj.
795 106 54 21 1347

51 198 135 26 tjenstemän.
209 198 168 21 Reservanterne
392 197 66 21 hafva
473 204 77 20 genom
565 197 122 21 statistiska
702 197 71 21 siffror
787 203 34 15 om
836 196 44 22 för-

51 226 129 21 hällandena
203 226 7 21 i
233 226 98 27 England
354 226 39 21 och
409 226 110 27 Tyskland
532 226 80 27 jemväl
628 226 49 21 sökt
692 226 68 21 väcka
774 226 105 27 farhägan

51 256 33 20 att
98 255 21 21 vi
135 255 69 21 skulle
219 255 81 27 nödgas
315 256 59 20 snart
389 255 93 21 anställa
497 256 32 20 ett
545 256 67 20 större
628 255 60 21 antal
701 255 139 27 inspektörer,
852 256 27 19 än

52 284 26 20 de
94 283 42 26 tvä,
158 289 46 16 som
219 285 37 19 äro
272 284 94 20 afsedda.
397 284 78 20 Likväl
491 284 62 20 torde
569 284 36 20 det
619 283 37 21 vid
670 285 98 19 närmare
784 283 96 21 öfvervä-

53 312 69 27 gande
135 312 45 27 just
195 311 24 22 af
233 312 61 21 dessa
305 311 69 22 siffror
384 312 79 27 tydligt
473 311 90 28 framgä,
575 313 32 20 att
616 318 51 15 man
678 312 107 21 sannolikt
795 312 84 27 mycket

52 341 64 27 länge
139 341 39 21 hos
194 347 34 15 oss
244 341 54 20 skall
313 341 86 21 komma
414 341 34 20 till
463 343 57 18 rätta
534 341 49 20 med
598 342 78 19 tvänne
692 341 79 20 sådana
786 340 91 22 funktio-

51 371 70 24 närer,
137 371 23 26 ty
175 376 50 15 man
239 369 39 21 bör
293 371 51 26 taga
358 369 8 21 i
380 369 144 21 betraktande
539 369 161 27 propositionen
716 369 91 21 emellan
818 370 62 20 dessa

52 398 37 27 tal,
113 398 91 21 anförda
226 397 24 22 af
270 400 162 19 reservanterna
453 398 28 27 pä
497 398 39 21 sid.
553 399 33 25 31,
603 398 39 21 och
658 398 82 21 antalet
755 398 125 21 industriela

52 427 58 21 verk.
141 427 44 21 Två
207 427 133 26 inspektörer
363 427 39 21 hos
426 433 35 14 oss
481 429 24 18 är
527 433 46 15 mer
588 429 26 19 än
630 429 27 19 46
673 427 7 20 i
696 427 113 27 Tyskland.
839 427 41 26 Jag

52 455 39 22 ber
112 456 28 26 pä
162 455 68 28 grund
253 455 23 21 af
298 456 61 21 dessa
378 455 150 28 antydningar,
552 455 22 21 fä
588 456 70 21 uttala
674 455 40 21 den
730 455 149 27 förhoppning,

53 486 33 19 att
114 485 26 20 R.
171 491 19 14 o.
221 484 25 21 A.
274 484 46 21 icke
344 485 68 20 mätte
438 484 59 27 gifva
522 484 38 21 sitt
584 485 156 26 godkännande
765 484 22 21 ät
811 484 69 21 denna

52 513 138 26 reservation,
210 519 45 15 som
270 513 124 27 visserligen
410 513 57 21 afser
482 513 146 21 undvikandet
643 513 24 21 af
681 519 26 15 en
722 519 28 21 ny
761 512 119 27 statsutgift

53 541 24 21 af
97 541 107 22 mähända
229 543 74 25 12,000
324 542 62 21 mark
408 548 36 15 om
467 542 52 26 äret,
534 548 50 15 men
599 542 63 21 hvars
677 541 119 28 antagande
812 541 68 21 skulle

54 570 99 27 försvaga
168 571 80 20 verkan
263 570 24 21 af
300 571 39 20 den
356 571 147 27 föreliggande
520 571 67 26 lagen.

122 599 63 21 Hvad
200 599 132 21 vidkommer
347 599 41 21 den
404 599 24 21 af
442 600 33 20 Hr
489 606 42 14 von
539 599 85 28 Wright
639 599 121 27 framlagda
770 598 67 21 första
847 605 33 14 re-

53 628 142 26 servationen,
212 628 22 21 sä
250 629 61 20 utber
324 629 36 26 jag
375 628 45 27 mig
435 630 39 23 att,
491 629 90 20 oaktadt
597 629 40 20 den
652 628 48 21 icke
715 627 74 21 vunnit
804 627 76 21 under-

54 657 48 20 stöd
125 657 7 20 i
154 657 112 26 utskottet,
292 657 52 21 dock
364 657 49 21 med
428 657 67 27 nägra
511 657 40 21 ord
565 657 22 21 fä
602 657 77 21 beröra
694 656 63 21 äfven
772 656 46 26 den,
835 656 45 21 dels

53 685 48 21 med
117 685 100 21 afseende
232 686 13 20 å
260 687 82 20 ämnets
357 686 51 27 vigt,
426 686 46 21 dels
487 686 50 21 med
553 685 100 22 afseende
669 686 12 20 &
697 685 35 21 det
745 685 135 26 obestridligt

53 715 59 20 stora
131 714 97 26 intresse,
244 721 45 14 som
305 715 40 20 den
361 715 65 20 ärade
441 716 138 19 reservanten
596 716 65 25 egnat
676 714 23 21 åt
715 713 165 22 arbetarförhäl-

53 742 92 21 landena
167 743 7 20 i
189 743 47 20 värt
252 743 55 21 land.
337 743 43 21 För
394 743 46 21 min
456 743 35 21 del
505 745 47 19 tror
565 744 37 27 jag
617 743 47 21 icke
679 743 29 26 pä
722 742 159 27 nödvändighe-

53 773 36 19 ten
102 771 24 21 af
140 778 26 14 en
181 771 175 28 lagbestämming,
374 772 66 21 sådan
457 778 46 15 som
519 772 32 21 Hr
567 778 41 15 von
623 771 85 28 Wright
724 772 12 20 å
752 771 38 21 sid.
806 772 27 19 43
849 770 32 21 fö-

53 800 95 27 reslagit,
172 802 32 19 att
226 801 106 26 nämligen
355 807 25 14 en
396 801 103 20 maximal
515 801 104 22 arbetstid
634 801 67 21 borde
716 800 7 21 i
738 800 36 27 lag
788 800 93 21 bestäm-

53 835 52 14 mas.
135 829 43 20 Det
200 831 24 18 är
246 829 108 27 ätskilliga
372 829 60 22 olika
447 830 138 26 synpunkter,
602 835 45 15 som
663 829 68 21 mäste
746 831 61 24 tagas
823 829 6 20 i
845 828 36 21 be-

54 857 114 21 traktande
190 857 132 21 beträffande
345 859 69 19 denna
438 857 67 28 fräga.
536 859 43 20 För
603 859 35 20 det
654 858 68 21 första
737 857 94 21 önskade
844 857 37 26 jag

54 885 48 21 frän
117 886 123 20 densamma
255 886 110 21 eliminera
380 886 76 27 frägan
473 894 34 14 om
523 887 116 27 kapitalets
655 885 91 23 konflikt
762 886 48 20 med
821 885 60 21 arbe-

55 916 67 20 taren.
153 914 42 21 Det
215 916 23 19 är
260 915 87 21 alldeles
370 916 47 20 icke
440 916 79 26 utredt,
543 918 32 19 att
591 916 36 20 det
642 917 24 19 är
680 915 145 26 vinstbegäret
841 914 40 20 och

54 943 48 21 dess
117 943 141 27 pätryckning
274 943 46 21 frän
336 944 181 27 arbetsgifvarens
533 944 52 26 sida,
602 950 46 15 som
662 943 84 22 medför
764 946 32 18 atti
823 942 58 21 vissa

54 971 39 21 fall
115 972 132 21 arbetstiden
270 974 24 19 är
316 973 79 27 längre,
415 975 28 19 än
459 974 41 20 den
516 972 33 22 för
565 973 124 21 arbetarens
704 972 61 21 helsa
779 971 102 27 lämpliga

54 1000 59 21 tiden
129 1000 66 22 borde
210 1008 56 14 vara.
297 1001 50 21 Ofta
362 1008 42 20 nog
419 1004 24 19 är
458 1002 73 27 yrkets
547 1001 147 21 beskaffenhet
710 1001 81 25 sädant,
807 1002 32 19 att
855 1006 26 14 en

52 1029 59 27 jemn
131 1029 39 21 och
185 1030 83 21 normal
282 1030 104 21 arbetstid
402 1030 47 21 icke
465 1032 25 19 är
505 1031 79 27 möjlig.
614 1030 43 21 Vid
672 1030 73 26 hvarje
761 1029 57 25 verk,
835 1034 45 16 som

55 1060 24 18 är
101 1058 106 21 beroende
230 1058 23 21 af
273 1059 154 27 beställningar
450 1059 40 21 och
513 1060 47 20 icke
576 1059 85 21 arbetar
677 1059 33 21 för
725 1059 64 26 lager,
805 1059 24 19 är
845 1057 36 21 det

54 1086 137 28 nödvändigt,
215 1089 33 19 att
263 1087 89 21 skoftals
368 1088 99 21 bedrifva
483 1088 83 21 arbetet
581 1088 49 21 med
645 1090 68 19 större
728 1086 111 22 intensitet
855 1088 26 18 än

54 1115 28 27 pä
97 1115 67 21 andra
178 1115 62 21 tider.
264 1116 38 21 Att
317 1116 76 21 hindra
409 1117 60 21 detta
484 1123 76 21 genom
575 1117 85 27 lagbud,
678 1116 68 21 skulle
758 1115 65 21 skada
834 1114 47 22 icke

55 1144 74 20 endast
145 1144 174 28 arbetsgifvaren,
335 1152 49 14 men
400 1145 63 21 äfven
479 1146 119 20 arbetarne.
621 1144 207 27 Ofverhufvudtaget
844 1145 37 19 äro

55 1172 179 27 arbetsgifvarens
250 1173 40 21 och
305 1174 124 21 arbetarens
444 1174 106 21 intressen
566 1174 134 21 solidariska.
731 1174 28 20 Ju
774 1174 70 20 bättre
856 1179 26 14 en

55 1201 54 21 affär
131 1201 45 21 står
200 1202 37 27 sig,
262 1202 47 21 dess
330 1203 72 21 bättre
423 1204 43 20 kan
483 1204 40 20 den
539 1204 56 26 sörja
610 1202 34 22 för
660 1202 118 21 arbetaren.
809 1201 9 21 I
834 1201 48 21 vårt

55 1230 50 20 land
126 1230 62 21 torde
212 1230 128 22 ätminstone
363 1232 58 20 inom
438 1238 75 14 senare
529 1232 93 26 tidrymd
636 1232 36 20 vid
688 1233 79 19 största
783 1230 60 20 delen
860 1230 23 20 af

54 1259 51 21 våra
120 1258 126 22 industriela
260 1260 154 27 anläggningar
422 1260 41 21 den
472 1267 78 21 egarne
558 1260 102 21 tillfallna
667 1260 84 21 vinsten
759 1260 46 20 icke
816 1258 66 21 hafva

54 1288 56 20 varit
126 1287 33 21 för
174 1289 45 19 stor
233 1288 7 20 i
256 1288 134 22 förhållande
405 1289 34 21 till
455 1290 26 20 de
497 1290 84 26 belopp,
598 1295 45 15 som
659 1288 69 27 åtgått
743 1288 33 21 till
787 1288 94 20 arbetar-

55 1322 38 15 nes
108 1316 123 27 aflöningar.
255 1317 33 21 En
303 1324 69 14 annan
388 1318 165 26 omständighet,
571 1324 45 15 som
632 1320 23 18 är
670 1319 32 19 att
718 1319 50 25 taga
779 1316 5 20 i
796 1316 86 20 betrak-

55 1345 70 25 tande,
149 1347 24 19 är
196 1345 39 21 den
259 1348 58 18 stora
334 1346 83 21 olikhet
432 1346 7 21 i
456 1344 122 28 arbetssätt,
595 1352 45 15 som
656 1346 36 20 vid
708 1346 24 20 de
748 1345 58 21 olika
821 1344 61 21 indu-

55 1374 92 20 strierna
162 1374 68 20 råder.
261 1374 41 21 Det
317 1381 39 14 ena
372 1375 62 26 yrket
450 1375 87 21 kräfver
549 1382 26 14 en
591 1377 67 19 större
674 1374 153 27 ansträngning
843 1372 39 22 och

55 1402 87 21 kortare
164 1402 106 22 arbetstid
292 1410 33 14 om
349 1404 75 26 dagen,
448 1404 7 20 i
472 1404 36 21 det
524 1404 66 20 andra
605 1404 63 26 yrket
683 1405 60 25 tages
759 1403 122 20 arbetarens

56 1432 153 25 ansträngning
232 1431 40 21 och
295 1432 182 26 uppmärksmhet
494 1433 48 20 icke
558 1432 118 25 oafbrutet,
692 1432 47 20 icke
755 1431 67 21 heller
840 1430 44 20 lika

56 1459 102 21 intensivt
173 1459 7 20 i
196 1459 98 27 anspråk,
310 1460 39 21 och
360 1460 40 21 här
410 1461 70 20 måste
490 1461 42 20 han
545 1460 71 21 derför
626 1460 136 27 sysselsättas
773 1465 26 15 en
809 1459 73 26 längre

56 1488 38 25 tid,
117 1487 34 22 för
174 1490 32 19 att
221 1489 204 26 arbetsproduktens
441 1490 66 20 värde
522 1489 35 21 må
573 1489 32 21 stå
620 1489 7 20 i
644 1488 133 21 förhållande
793 1487 33 21 till
842 1487 40 20 den

55 1516 79 27 nödiga
156 1517 70 20 lönen.
256 1517 168 21 Fastställandet
448 1518 23 20 af
486 1525 26 14 en
527 1517 193 21 maximiarbetstid
734 1523 38 20 per
787 1517 41 25 dag
844 1515 39 21 har
