1070 1742
339 147 25 17 R.
378 151 17 13 0.
407 147 22 17 A.
442 147 58 17 1888.
514 147 23 17 18
549 146 49 22 Maj.
805 140 52 21 1327

60 232 61 22 hällit
137 239 34 15 on
187 233 68 21 ordet.
285 232 40 27 Jag
340 232 38 22 ber
394 234 32 20 att
440 232 21 22 fä
476 233 85 21 bemöta
584 233 32 21 Hr
639 232 129 22 Grotenfelts
791 232 97 21 anmärk-

60 261 51 27 ning
141 263 44 19 mot
215 261 105 21 utskottet
345 267 25 15 ur
400 261 52 21 hans
475 268 53 20 egen
550 262 137 21 reservation.
726 262 56 20 Från
806 261 11 19 1
841 260 10 28 8
875 262 13 19 4

60 290 55 27 Kap.
126 290 39 21 har
180 290 32 21 Hr
227 288 118 23 Grotenfelt
354 289 58 21 velat
422 292 119 20 utmönstra
552 290 65 22 orden
629 290 62 25 ,eller
701 289 187 27 tingslagshäkte*.

61 318 48 22 Han
125 320 60 25 säger
201 320 32 20 att
248 318 49 21 kort
312 317 156 27 fängelsestraff
488 319 6 21 i
516 319 62 27 ingen
594 318 101 22 händelse
719 319 33 21 mä
771 318 70 22 kunna
855 320 34 19 ut-

61 348 44 20 stäs
120 347 7 21 i
143 346 188 28 tingslagshäkten,
354 348 33 20 att
409 346 96 27 sälunda,
522 354 34 14 om
571 349 15 19 t.
603 354 30 14 ex.
651 354 25 14 en
696 353 77 21 person
795 347 27 26 pä
843 346 46 22 län-

61 376 37 21 det
113 375 68 22 blefve
197 375 64 22 dömd
275 374 32 22 till
323 376 13 20 4
352 375 77 27 dagars
444 375 161 27 fängelsestraft,
622 376 42 21 han
679 376 47 21 icke
740 375 67 21 skulle
818 375 71 21 kunna

61 404 80 22 tillätas
169 405 57 20 utstä
257 403 59 21 detta
338 403 38 21 sitt
398 404 62 21 straff
482 405 27 26 pä
531 406 62 20 orten
615 404 6 21 i
640 404 176 27 tingslagshäktet
838 406 52 18 utan

61 434 68 20 mäste
144 432 83 22 skickas
242 432 99 21 stundom
357 432 57 21 ända
429 432 32 21 till
478 433 68 21 10-tal
567 433 36 21 mil
619 433 31 21 till
666 432 123 22 länehäktet
804 432 32 21 för
858 434 33 19 att

61 462 95 26 undergä
172 461 123 21 detsamma.
325 460 41 28 Jag
381 460 38 22 ber
435 463 32 19 att
481 461 21 22 fä
518 462 55 21 fästa
588 461 214 27 upumärksamheten
813 460 34 22 vid
858 462 32 20 att

61 490 106 21 utskottet
182 490 38 20 har
235 489 69 27 tillagt
319 491 32 19 att
368 489 36 21 det
419 490 47 21 icke
486 490 42 22 kan
550 490 85 22 komma
657 490 7 21 i
686 490 60 26 fräga
767 491 32 20 att
821 489 69 21 tilläta

63 524 26 16 en
108 518 61 27 fånge
192 520 31 19 att
238 518 7 20 i
261 517 177 27 tingslagshäktet
460 520 58 20 utstå
540 519 38 21 sitt
603 519 85 21 kortare
711 518 61 22 straff
791 518 7 20 i
821 524 69 15 annan

62 546 101 22 händelse
187 548 26 20 än
235 548 32 20 att
289 546 102 27 tingslags
414 547 159 22 vederbörande
594 547 122 27 myndighet
738 547 93 27 godkänt
855 546 36 21 det

62 576 70 21 säsom
155 575 82 22 sädant.
268 574 62 22 Hvad
350 575 67 21 sedan
432 575 101 22 beträffar
549 576 168 26 anmärkningen
731 578 32 19 att
786 575 105 21 utskottet

63 604 106 26 begagnat
192 603 108 27 uttrycket
322 603 44 27 för
390 603 89 27 fängens
504 611 52 21 egen
581 604 108 27 räkning",
714 605 23 21 sä
762 604 67 22 måste
855 604 36 21 det

63 632 108 28 uttrycket
207 632 55 21 läsas
296 632 7 21 i
334 632 35 21 det
406 633 152 26 sammanhang
596 634 35 20 det
668 633 40 21 har
737 633 6 21 i
774 632 117 22 betänkan-

64 661 41 21 det.
121 661 11 21 I
143 661 144 21 betämkandet
298 660 45 21 står
354 661 36 21 det
400 661 116 27 nämligen;
532 662 58 26 ,Den
601 668 45 15 som
655 663 70 20 utstär
732 660 159 28 fängelsestraff,

64 696 49 15 vare
129 689 82 27 skyldig
227 691 32 19 att
275 688 80 28 arbeta,
375 696 49 14 men
439 691 41 24 mä,
496 690 53 21 efter
564 692 48 25 eget
628 690 33 22 val
677 690 39 21 och
732 696 51 20 egen
795 690 96 26 räkning,

64 718 73 22 anvisa
151 718 76 22 sädant
242 717 80 24 arbete,
338 724 45 15 som
399 720 24 19 är
438 718 98 28 förenligt
551 719 48 21 med
614 718 165 22 straffanstalten
795 718 39 22 och
849 718 43 21 kan

63 746 81 22 utföras
160 746 48 22 med
226 746 53 21 hans
303 746 51 21 eller
376 747 118 21 anstaltens
516 747 112 27 redskap".
658 748 42 20 Det
723 747 35 21 vill
781 747 37 21 här
840 749 52 24 säga

65 778 32 18 att
111 776 62 26 fänge
189 775 53 21 skall
258 774 55 22 efter
329 777 48 24 eget
392 775 34 21 val
441 776 40 21 och
497 776 32 21 för
545 782 52 20 egen
613 776 89 26 räkning
718 776 81 21 anvisas
819 775 73 22 arbete

65 810 46 15 som
126 804 65 21 sedan
207 803 22 22 af
242 803 78 21 honom
336 803 79 22 utföres
431 805 27 26 pä
474 811 52 20 egen
542 804 43 22 risk
601 805 67 21 under
683 804 116 26 beräkning
814 807 32 18 att
859 810 34 15 ar-

65 832 60 22 betet
139 832 54 22 skall
208 832 70 21 lemna
293 832 69 26 någon
378 835 59 19 netto
453 833 61 21 vinst.
545 833 29 21 Af
596 834 68 20 denna
687 833 54 21 vinst
762 832 33 22 får
817 833 75 26 fången

65 861 65 21 sedan
145 860 86 21 behålla
246 866 26 15 en
288 860 110 26 tredjedel,
414 867 48 15 men
478 864 48 19 med
544 862 25 20 de
592 862 67 26 öfriga
675 863 34 19 två
730 861 162 26 tredjedelarna,

65 889 48 21 dem
129 889 41 21 han
186 889 64 21 också
266 888 47 21 med
329 895 53 20 egen
397 889 92 22 kostnad
504 890 39 21 och
560 890 66 21 under
645 896 52 21 egen
720 890 43 21 risk
787 889 106 27 förtjenat,

65 918 48 21 med
129 917 62 22 dessa
209 917 91 27 godtgör
322 917 42 21 han
387 918 82 21 kronan
492 918 32 22 för
547 919 49 21 kost
619 918 39 22 och
683 919 84 20 kvarter
790 918 39 21 och
849 917 44 22 alla

65 946 67 21 andra
147 945 185 28 beqvämligheter,
353 952 45 15 som
415 947 78 21 honom
515 947 22 22 af
558 947 75 22 häktet
656 947 94 21 beredas.
781 946 112 28 Uttrycket

65 975 40 21 har
120 975 108 21 dessutom
243 974 22 21 af
279 975 105 21 utskottet
399 975 117 27 begagnats
531 976 70 21 såsom
623 977 90 20 motsats
736 975 32 21 till
785 975 44 25 ,för
845 975 48 21 kro-

65 1009 53 15 nans
133 1003 108 26 räkning”.
271 1003 67 21 Dessa
354 1004 85 27 uttryck
455 1004 106 27 begagnas
577 1004 105 27 nämligen
698 1011 34 14 om
753 1004 119 21 hvarandra
887 1003 7 21 i

65 1031 142 27 lagförslaget.
238 1031 32 22 De
285 1033 37 20 äro
338 1035 56 18 satta
409 1038 46 15 som
476 1035 113 20 motsatser
611 1033 32 21 till
666 1033 124 21 hvarandra.
821 1032 73 27 Fånge

67 1060 85 21 arbetar
167 1060 32 21 för
214 1060 92 21 kronans
322 1060 89 28 räkning
426 1061 6 20 i
449 1061 41 22 den
504 1061 102 22 händelse
621 1063 32 20 att
667 1061 42 21 han
732 1061 46 22 icke
800 1061 41 21 kan
857 1067 36 14 an-

67 1088 44 21 visa
126 1089 65 26 något
206 1088 74 22 arbete
296 1088 32 21 för
350 1095 53 21 egen
426 1090 96 27 räkning,
546 1092 31 19 ett
599 1090 80 26 arbete,
695 1096 45 15 som
763 1089 40 22 han
826 1089 68 21 skulle

67 1117 49 26 vilja
131 1118 64 26 åtaga
209 1117 31 26 sig
255 1119 32 19 att
302 1118 28 26 på
352 1124 52 21 egen
427 1119 44 20 risk
494 1119 76 21 utföra.
600 1119 43 21 Det
665 1120 24 19 är
712 1119 71 20 vidare
806 1120 31 19 att
859 1117 36 22 be-

67 1146 85 21 märkas
167 1149 32 18 att
214 1146 68 26 fånge,
299 1146 6 21 i
320 1146 102 22 händelse
438 1147 42 21 han
495 1147 47 22 icke
560 1147 32 22 får
607 1147 97 21 använda
726 1147 69 26 någon
818 1146 34 21 del
874 1145 23 22 af

67 1174 32 21 sin
114 1174 170 27 arbetsförtjenst
299 1175 32 20 till
348 1178 32 19 att
394 1175 101 22 förskaffa
510 1176 31 27 sig
556 1177 68 25 någon
641 1175 52 22 liten
712 1175 102 27 njutning,
833 1175 62 21 torde

67 1202 79 21 förlora
161 1203 39 20 allt
215 1203 91 21 intresse
321 1204 33 21 för
368 1204 89 21 arbetet.
490 1204 39 22 Om
545 1211 48 14 man
614 1211 27 14 nu
656 1204 7 21 i
679 1204 115 21 allmänhet
816 1203 79 22 tillåter

67 1231 62 26 fånge
145 1233 32 19 att
192 1237 77 20 genom
285 1232 73 21 arbete
373 1233 53 20 söka
441 1233 91 27 förtjena
547 1233 64 26 något
631 1233 38 21 och
693 1232 70 21 vidare
786 1232 35 21 vill
845 1238 50 21 upp-

68 1262 84 19 muntra
167 1259 78 22 honom
261 1260 32 21 till
308 1260 38 25 flit,
362 1262 68 20 måste
445 1268 50 15 man
511 1261 64 22 också
589 1261 44 22 låta
648 1261 78 21 honom
749 1261 96 21 använda
861 1261 35 20 nå-

67 1295 43 20 gon
126 1288 33 21 del
175 1288 22 21 af
211 1288 31 21 sin
257 1289 99 26 förtjenst
370 1289 32 21 till
418 1291 72 26 något,
506 1296 45 15 som
567 1290 41 21 han
623 1289 40 22 har
677 1289 59 22 smak
752 1289 32 22 för
800 1289 38 22 och
854 1289 43 21 lust

67 1316 38 21 till.
137 1317 49 21 Icke
203 1319 23 19 är
241 1317 36 22 det
293 1318 110 27 meningen
420 1321 31 18 att
466 1319 42 21 han
524 1318 54 21 skall
593 1318 21 21 få
629 1319 67 20 ändra
716 1318 40 21 den
779 1318 54 24 kost,
850 1323 46 15 som

69 1345 74 22 häktet
158 1345 77 22 består.
267 1345 49 22 Men
332 1347 69 26 någon
417 1347 98 27 oskyldig
530 1347 117 26 välfägnad,
664 1347 65 26 några
744 1347 96 21 sötsaker
858 1345 39 22 har

69 1380 48 15 man
133 1374 59 27 tyckt
207 1376 32 19 att
253 1381 49 14 man
317 1375 71 21 kunde
404 1375 70 22 tillåta
489 1376 78 21 honom
583 1377 32 20 att
630 1375 48 21 med
693 1375 52 22 hans
767 1381 75 21 genom
865 1373 32 22 flit

69 1402 140 27 inbesparade
224 1403 116 27 penningar
355 1403 21 22 få
391 1404 62 27 köpa.
480 1405 5 20 1
493 1404 49 21 alla
552 1403 36 22 fall
605 1404 62 21 beror
682 1403 58 22 detta
751 1402 146 27 medgifvande

69 1430 61 22 alltid
152 1431 27 26 på
202 1430 228 27 fängelsedirektörens
445 1432 103 22 tillstånd.
578 1432 75 27 Någon
676 1432 54 21 våda
752 1432 33 21 för
807 1434 32 19 att
862 1430 35 21 det

69 1459 68 22 skulle
155 1461 59 19 störa
236 1459 122 28 disciplinen
383 1461 55 21 inom
463 1461 103 27 fängelset
588 1461 41 21 kan
652 1460 39 21 alls
714 1460 46 22 icke
783 1460 85 21 komma
890 1459 7 20 i

68 1488 67 26 fråga.
164 1487 33 22 Hr
211 1488 26 21 A.
253 1488 119 22 Grotenfelt
387 1489 39 21 har
445 1489 143 26 omredigerat
611 1489 48 22 hela
675 1489 53 26 Kap.
759 1489 47 21 Mot
828 1488 70 21 denna

68 1516 54 21 hans
137 1516 118 27 redigering
271 1519 45 19 tror
328 1517 36 26 jag
380 1518 43 26 mig
438 1517 72 22 kunna
525 1519 51 26 göra
592 1517 144 27 anmärkning,
762 1520 59 19 snart
836 1517 63 26 sagdt

69 1547 46 18 mot
130 1545 53 20 hvar
199 1545 53 21 enda
268 1547 19 24 8.
317 1545 41 27 Jag
373 1545 39 22 ber
426 1546 7 21 i
448 1546 43 21 alla
506 1546 36 21 fall
558 1546 74 21 endast
647 1548 32 19 att
694 1552 28 15 nu
744 1545 20 22 få
783 1545 115 21 inskränka
