1061 1759
167 137 54 21 1656
424 141 25 17 R.
462 145 18 13 o.
492 141 22 16 A.
523 140 57 18 1888.
598 140 28 18 30
637 140 49 21 Maj.

206 227 79 21 Vidare
300 226 125 27 föredrogos
441 225 158 22 nedanstäende
614 227 79 20 tvänne
707 224 122 23 skrifvelser
844 224 47 22 frän
901 224 68 23 Stats-

138 256 112 27 utskottet,
266 255 72 22 hvilka
353 255 47 22 icke
415 254 124 23 föranledde
554 254 33 22 till
602 254 70 28 nägon
687 254 81 28 ätgärd.

305 312 42 22 Till
362 311 122 29 Höglofliga
498 312 157 27 Ridderskapet
669 311 40 22 och
724 311 75 22 Adeln.

208 370 71 22 Sedan
301 370 115 21 ständerna
439 369 139 21 öfverlemnat
600 369 33 21 till
656 368 102 22 förstärkt
778 368 143 22 Statsutskott
935 370 34 20 att

139 399 74 27 afgöra
235 398 74 28 frägan
322 404 41 20 om,
380 398 104 21 huruvida
500 398 36 21 det
551 397 23 22 af
586 398 116 21 ständerna
716 397 105 27 beviljade
836 397 96 27 anslaget
947 397 23 22 af

140 428 128 26 11,000,000
282 427 62 21 mark
358 427 69 21 under
442 426 142 22 instundande
599 426 143 27 finansperiod
756 426 34 21 för
804 426 99 22 karelska
910 426 58 27 jern-

139 458 68 25 vägen
222 455 56 27 finge
293 455 109 22 användas
415 455 80 27 jemväl
510 455 33 21 för
558 455 111 27 byggande
685 455 54 21 afen
749 455 80 21 bibana
839 455 33 21 till
880 455 87 26 Imatra,

139 484 41 22 och
194 484 98 27 samtliga
307 484 63 21 ständ
385 483 95 27 godkänt
496 484 36 20 det
547 483 23 22 af
583 483 165 22 Statsutskottet
758 483 120 27 uppgjorda
889 483 80 27 förslag

139 512 34 22 till
195 512 282 27 omröstningsproposition,
501 512 39 21 har
563 512 36 21 det
620 512 8 21 i
642 512 92 22 berörda
756 512 100 21 afseende
878 512 91 22 tillsatta

139 540 117 22 förstärkta
280 540 165 22 Statsutskottet
468 540 40 22 den
526 541 27 21 28
568 540 143 22 innevarande
726 540 43 28 Maj
785 541 155 21 sammanträdt
955 541 13 21 &

139 569 145 25 riddarhuset;
300 569 40 22 och
355 568 96 28 afgäfvos
467 569 34 21 vid
516 569 84 21 anstäld
614 569 97 27 votering
724 570 25 20 41
762 571 70 20 röster
841 570 34 20 till
884 569 83 22 förmån

139 598 34 21 för
187 598 101 26 förslaget
308 600 32 19 att
355 598 155 21 ofvanberörda
524 598 69 21 medel
608 597 56 28 finge
679 598 107 22 användas
799 598 80 27 jemväl
893 598 34 22 för
941 605 27 15 en

139 626 79 21 bibana
230 626 33 21 till
274 626 80 21 Imatra
364 628 56 20 samt
435 627 27 21 19
472 628 69 19 röster
557 629 56 19 emot
629 627 58 21 detta
703 626 85 28 förslag.
817 627 35 21 Dä
866 627 102 27 förslaget

139 654 90 22 sålunda
251 654 75 22 vunnit
348 655 37 21 två
402 654 114 27 tredjedels
531 655 116 26 pluralitet,
663 655 40 21 har
718 656 118 21 detsamma
857 655 70 22 blifvit
946 656 24 21 af

139 683 115 21 ständerna
269 683 116 27 godkändt,
401 683 81 22 hvilket
497 683 106 22 utskottet
617 683 40 22 har
667 686 52 19 äran
728 684 124 27 härigenom
862 684 104 22 meddela.

208 711 132 27 Helsingfors
356 712 41 21 den
412 712 27 21 29
456 712 43 26 Maj
516 712 61 22 1888.

389 769 33 21 På
438 769 176 22 Statsutskottets
629 772 89 25 vägnar:

431 826 63 21 Hans
512 826 87 26 Gustaf
609 826 70 28 Boije.

677 884 79 22 Gustaf
768 883 129 24 Sucksdorff.

304 996 42 22 Till
361 996 121 29 Höglofliga
497 998 158 28 Ridderskapet
669 999 40 22 och
724 1000 75 22 Adeln.

208 1054 166 22 Statsutskottet
396 1054 33 22 får
447 1054 123 28 härigenom
585 1056 110 22 vördsamt
709 1057 91 26 anmäla,
816 1059 32 20 att
862 1058 107 24 utskottet

139 1082 47 22 icke
201 1082 125 22 medhunnit
341 1083 157 27 behandlingen
513 1084 23 21 af
543 1084 103 27 följande,
664 1084 48 22 utaf
727 1085 106 22 särskilda
850 1086 63 22 stånd
929 1093 38 15 un-

140 1112 37 21 der
200 1111 68 21 denna
290 1111 103 28 landtdag
416 1112 31 21 till
469 1112 106 22 utskottet
597 1113 137 22 remitterade
749 1114 218 28 petitionsmemorial,

139 1140 116 27 nämligen:

209 1168 23 22 af
252 1168 44 22 Hrr
318 1168 25 22 O.
366 1169 88 21 Donner
478 1169 40 22 och
539 1170 18 21 J.
574 1169 90 23 Castrén
679 1176 35 16 om
728 1171 107 28 reglering
850 1172 23 21 af
885 1172 82 22 tullför-

139 1197 129 23 hällandena
281 1199 46 21 mot
341 1197 116 29 Ryssland;

210 1227 21 22 af
252 1227 44 23 Hrr
318 1228 24 22 A.
366 1228 25 22 E.
410 1227 136 23 Westerlund
561 1234 27 16 m.
604 1228 21 22 fl.
641 1230 55 20 samt
711 1229 25 21 A.
752 1228 138 24 Tuomikoski
905 1236 28 15 m.
948 1229 20 23 fl.

141 1257 108 27 angäende
264 1257 111 22 införande
391 1256 23 23 af
427 1257 157 27 spanmälstull;

151 1314 14 22 N
210 1286 23 21 af
252 1286 44 22 Hrr
318 1286 27 22 H.
369 1286 111 22 Tikkanen
502 1292 27 15 m.
551 1286 21 21 fi.
596 1286 109 28 angående
728 1286 114 28 aflyftande
857 1287 23 22 af
892 1287 78 27 grund-

141 1316 93 24 skatten;

210 1342 22 22 af
246 1342 32 22 Hr
292 1342 20 22 J.
328 1342 87 22 Hoikka
438 1342 109 28 angående
566 1342 150 22 Muonioniska
730 1343 90 22 sockens
834 1344 136 22 likställande

141 1372 8 20 i
164 1372 136 26 beskattning
314 1372 49 21 med
379 1371 68 27 öfriga
462 1372 119 21 socknarne
596 1372 7 20 i
613 1372 160 27 Lappmarkens
788 1372 77 26 härad;

210 1400 24 22 af
246 1400 44 22 Hrr
306 1400 22 22 C.
344 1400 25 22 G.
385 1400 126 28 Rosenberg
532 1400 40 22 och
595 1400 24 22 G.
643 1400 118 22 Tervoinen
783 1401 109 27 angående
907 1403 63 21 stats-

143 1429 118 21 understöd
276 1429 33 21 för
324 1429 192 21 ästadkommande
531 1429 24 21 af
564 1429 277 27 ängbätskommunikation
852 1430 33 22 till
895 1425 76 27 Äland

246 1457 34 22 Hr
294 1458 26 21 K.
344 1458 87 26 Kiipula
446 1458 109 26 angående
570 1458 117 22 understöd
703 1458 22 22 åt
739 1458 124 28 föreningen
878 1459 92 28 ,Finska

142 1486 152 22 handarbetets
308 1488 100 24 vänner";
425 1488 55 19 samt
