1073 1739
196 120 41 22 982
450 126 24 16 R.
487 130 17 13 o.
517 126 23 16 A.
552 126 56 16 1888.
631 125 13 17 3
656 125 49 21 Maj.

169 211 124 27 byggnader
307 211 7 21 i
330 210 79 28 landet,
425 211 22 22 af
461 211 80 22 hvilket
557 211 42 22 bet.
615 212 25 21 R.
657 218 18 15 o.
691 212 25 21 A.
733 213 52 20 utan
796 210 138 28 anmärkning
944 210 52 27 god-

168 240 70 22 kände
255 240 26 21 de
296 240 21 21 af
331 240 104 22 utskottet
450 241 27 26 pä
492 246 48 21 pag.
557 241 27 21 57
594 240 125 22 framstälda
729 240 79 26 förslag
818 239 109 27 angäende
937 239 59 21 tiden

170 268 39 22 och
232 268 117 27 ordningen
371 268 32 22 för
422 268 121 28 byggandet
558 269 21 21 af
593 269 142 27 hamnspären
750 268 7 22 i
772 268 133 22 Nikolaistad
920 267 40 22 och
975 267 24 22 af

169 296 119 22 Kouvola
276 292 12 36 —
296 297 71 21 Kotka
380 298 94 26 jernväg.

239 325 50 21 Med
311 325 112 28 anledning
445 326 23 22 af
488 326 117 22 utskottets
627 326 28 26 pä
673 332 47 20 pag.
737 326 27 22 58
779 325 124 22 framstälda
918 324 79 27 förslag

169 354 110 27 angäende
295 354 40 21 den
350 354 103 22 Karelska
469 355 80 21 banans
565 354 110 28 byggande
689 354 86 28 yttrade

238 411 33 21 Hr
293 411 121 22 Munck:
445 412 33 22 Då
501 412 60 21 detta
583 412 64 22 stånd
668 412 65 21 redan
749 411 93 27 beslutit,
858 413 32 19 att
905 410 92 22 bibanan

169 440 32 21 till
224 440 101 21 Wärtsilä
347 440 46 22 icke
415 440 95 22 kommer
532 440 7 22 i
561 440 66 28 fråga,
650 440 40 22 bör
713 440 68 22 denna
804 440 68 27 punkt
886 439 110 22 uteslutas.

170 469 63 22 Hvad
249 469 65 21 sedan
329 468 101 22 beträffar
445 469 40 21 den
501 469 106 21 Karelska
621 469 76 26 banan,
713 470 24 20 sä
753 471 45 19 tror
810 469 43 26 jag,
871 468 26 22 dä
912 468 85 22 ständet

171 498 95 26 godkänt
289 497 36 21 det
347 497 22 21 af
388 498 65 26 nägra
468 498 248 27 regeringsmedlemmar
731 497 119 27 föreslagna
864 496 133 28 besparings-

171 528 108 25 systemet,
295 528 32 19 att
341 526 103 22 Karelska
460 526 69 22 banan
544 526 47 22 icke
606 526 67 22 borde
687 528 52 20 utan
755 526 84 21 afbrott
853 525 81 22 utföras
944 525 54 22 efter

171 554 180 27 Savolaksbanan,
374 555 39 21 och
431 555 48 21 ville
492 555 37 27 jag
545 555 72 21 derför
631 554 84 27 föreslä,
731 556 33 20 att
779 554 39 22 den
834 554 68 22 skulle
917 553 82 23 utföras

171 583 76 22 endast
270 583 31 21 till
317 583 116 22 Sordavala
449 584 38 21 och
506 584 37 21 det
557 584 65 21 sedan
639 583 138 22 öfverlemnas
793 584 23 20 ät
830 582 113 22 framtiden
958 584 38 25 att,

171 612 28 22 dä
221 612 142 26 tillgångarna
381 612 31 21 uti
427 612 273 22 kommunikationsfonden
715 612 40 21 och
771 612 67 21 andra
852 612 80 21 sådana
947 617 50 21 pen-

170 640 177 27 ningetillgängar
362 642 81 26 yppats,
460 647 44 15 som
520 641 73 21 kunna
609 641 106 21 användas
731 640 32 22 till
771 640 228 28 jernvägsbyggnader,

171 669 70 21 utföra
257 668 162 28 fortsättningen
435 669 60 22 deraf
508 669 33 21 till
558 670 101 21 Joensuu.

240 726 57 21 Frih.
322 726 23 22 G.
369 726 147 21 Aminoff:
547 726 40 26 Jag
609 726 33 22 får
663 726 131 22 understöda
808 726 33 21 Hr
856 725 88 21 Muncks
958 725 41 21 för-

172 754 51 28 slag,
241 755 74 21 endast
331 755 102 21 stödande
449 755 42 27 mig
506 755 28 27 pä
548 754 48 22 litet
611 755 66 22 andra
693 754 96 25 motiver,
804 754 105 27 nämligen
925 756 31 19 att
972 754 27 21 dä

172 783 117 22 tillsvidare
305 783 68 22 medel
389 783 45 22 icke
449 785 37 20 äro
502 783 101 22 anvisade
618 783 32 22 för
665 783 48 22 hela
728 783 106 22 Karelska
849 783 80 21 banans
948 782 52 28 byg-

172 812 69 27 gande
264 812 39 21 och
325 811 83 22 medlen
431 812 32 21 för
486 813 39 20 den
548 818 75 15 senare
646 812 60 21 delen
725 812 23 21 af
761 812 68 21 denna
844 811 56 22 bana
915 811 85 22 komma

171 843 33 19 att
219 841 65 21 blifva
299 841 99 21 anvisade
412 840 54 22 först
481 841 34 21 vid
530 843 62 19 nästa
607 841 151 26 ständermöte,
774 840 39 22 och
824 840 27 21 dä
863 840 18 21 vi
892 839 109 27 samtidigt

172 869 73 21 kunna
259 869 81 27 hoppas
355 870 28 26 pä
398 875 25 15 en
439 869 47 22 näd.
503 875 59 21 prop.
579 875 35 16 om
625 869 110 27 byggande
745 869 23 21 af
773 869 88 27 jernväg
872 868 32 21 till
914 868 86 27 Björne-

172 897 61 28 borg,
249 897 85 22 hvartill
345 897 59 22 äfven
420 897 106 22 erfordras
541 898 114 21 anvisande
671 897 22 22 af
707 897 75 27 medel,
799 899 55 20 samt
869 897 27 22 dä
911 896 89 22 sälunda

173 926 74 27 frägan
270 933 34 14 om
327 926 68 21 medel
415 925 32 22 till
463 926 139 22 fortsättande
619 926 21 21 af
653 926 105 21 Karelska
773 926 70 21 banan
859 925 66 22 under
940 927 60 20 nästa

174 957 33 19 tre
229 955 35 21 års
287 954 141 27 finansperiod
450 955 97 21 kommer
561 957 33 19 att
609 955 115 21 behandlas
740 954 109 27 samtidigt
864 954 48 21 med
927 953 73 28 frågan

174 989 34 15 om
232 983 114 22 anvisande
368 983 23 21 af
411 983 74 25 medel,
508 985 54 24 (som
585 983 19 21 vi
627 983 60 22 skola
703 983 89 28 hoppas)
807 983 33 21 till
855 983 109 27 byggande
980 982 22 21 af

173 1011 221 28 Björneborgsbanan,
417 1013 24 20 sä
465 1018 61 15 anser
549 1011 60 22 äfven
630 1012 37 27 jag
688 1013 33 20 att
743 1012 6 21 i
769 1012 69 21 denna
852 1011 57 21 kläm
925 1011 75 21 orden:

173 1040 47 25 och
236 1042 51 19 utan
303 1039 82 22 afbrott
399 1040 8 21 i
422 1040 125 28 byggnaden
562 1040 121 27 slutföras",
699 1040 53 22 böra
767 1040 59 21 bortf
833 1040 49 21 alla.

243 1097 34 22 Hr
291 1097 26 21 K.
334 1097 23 22 G.
374 1097 231 27 Standertskjöld:
635 1097 41 27 Jag
690 1097 55 22 skall
761 1097 26 21 be
802 1099 32 19 att
848 1097 22 21 få
885 1097 70 21 erinra
973 1096 27 21 de

173 1125 66 22 ärade
262 1125 126 27 föregäende
410 1125 102 28 talarene,
535 1128 38 25 att,
597 1125 54 22 efter
673 1132 26 15 en
721 1125 108 22 verkstäld
849 1125 151 27 omröstning
988 1121 15 36 i

174 1155 45 26 går,
242 1155 24 20 R.
291 1160 17 15 o.
333 1154 25 21 A.
381 1154 69 21 beslöt
473 1156 31 19 att
526 1154 47 22 icke
595 1156 76 20 stanna
693 1155 48 21 med
755 1153 246 28 jernväysbyggnaden
987 1149 16 37 i

174 1183 123 25 Sordavala,
320 1184 52 19 utan
397 1182 88 27 fullfölja
507 1183 84 21 arbetet
614 1183 55 21 ända
684 1182 53 22 fram
753 1182 32 21 till
799 1183 101 25 Joensuu,
916 1183 86 21 hvarför

175 1213 31 20 ett
228 1211 101 28 yrkande,
353 1211 76 21 sädant
451 1217 44 16 som
514 1212 39 20 här
568 1211 68 21 blifvit
651 1211 126 26 framstäldt,
793 1217 50 16 vore
858 1213 32 19 att
906 1211 96 27 upprifva

173 1242 32 19 ett
220 1240 90 26 tidigare
325 1239 70 22 beslut
410 1239 22 22 af
445 1240 25 21 R.
486 1245 19 16 o.
521 1240 25 21 A.
577 1240 65 21 Detta
657 1240 61 21 torde
732 1239 34 22 väl
781 1239 47 22 icke
842 1239 44 22 läta
902 1240 31 26 sig
943 1241 58 24 göra,

175 1268 86 21 hvarför
283 1268 64 21 ocksä
371 1268 26 21 de
420 1269 45 25 ord,
488 1275 45 14 som
549 1269 7 20 i
572 1269 68 21 denna
655 1268 57 21 kläm
728 1268 33 21 till
776 1268 38 21 sist
829 1268 68 21 blifvit
912 1267 88 26 införda,

174 1296 129 27 fullkomligt
317 1296 95 22 försvara
427 1297 32 21 sin
474 1297 61 27 plats.

245 1353 33 21 Hr
292 1353 202 26 Pippingsköld:
525 1353 41 27 Jag
581 1353 41 22 kan
638 1353 46 22 icke
699 1355 66 20 annat
779 1355 27 20 än
822 1353 124 22 konstatera
960 1353 43 20 rik-

176 1381 95 27 tigheten
295 1381 21 22 af
337 1381 32 22 Hr
391 1382 181 27 Standertskjölds
594 1382 145 27 anmärkning,
760 1382 39 21 och
814 1382 62 21 torde
892 1381 70 22 derför
977 1381 27 21 de

176 1410 56 22 bäda
254 1410 66 21 första
343 1410 64 22 ärade
429 1410 105 22 talarenes
550 1410 95 28 yrkande
659 1410 21 22 fä
695 1417 61 15 anses
772 1417 50 15 vara
837 1413 51 19 utan
904 1409 28 23 all
948 1410 57 22 kraft

176 1439 40 21 och
232 1439 86 25 verkan,
336 1445 49 15 men
401 1441 44 19 mot
463 1439 139 27 stiliseringen
618 1439 20 21 at
653 1439 40 21 den
709 1439 91 21 nämnda
814 1439 95 27 punkten
924 1439 6 21 i
946 1445 58 15 reso-

175 1467 96 21 lutionen
286 1467 48 21 ville
347 1467 37 27 jag
398 1469 53 25 göra
466 1474 25 14 en
506 1467 51 22 liten
573 1468 140 26 anmärkning
727 1468 49 21 med
794 1467 98 22 afseende
902 1468 27 26 pä
939 1468 65 20 inter-

175 1496 139 26 punktionen.
345 1496 75 21 Såsom
443 1496 69 21 denna
534 1502 29 15 nu
585 1498 30 24 är,
634 1496 70 22 kunde
720 1513 4 8 ,
727 1498 78 24 senast
820 1497 24 20 är
861 1496 75 27 1890,
952 1497 53 21 hän-

176 1524 57 21 föras
256 1524 32 21 till
311 1524 183 22 Savolaksbanans
520 1524 153 22 fullbordande.
704 1524 79 22 Mellan
806 1524 67 27 ,efter
888 1524 36 23 det
940 1525 64 22 Savo-
