1064 1745
189 138 55 21 1424
439 145 24 16 R.
477 149 18 12 o.
507 145 22 17 A.
542 145 59 17 1888.
620 145 23 17 19
657 145 47 21 Maj.

159 229 120 22 folkskolan
293 230 6 21 i
315 231 47 20 värt
377 230 49 21 land
442 231 39 21 och
497 230 99 22 befordra
615 231 40 21 den
670 231 67 21 första
758 229 227 28 folkundervisningen.

160 258 39 21 Att
213 258 42 21 han
272 259 56 21 velat
342 261 52 24 göra
410 259 36 22 det
461 259 32 21 till
508 259 91 22 fromma
613 259 33 22 för
666 259 88 28 kyrkan,
778 258 52 22 eller
852 259 69 21 säsom
945 259 41 21 han

159 289 62 24 säger
236 287 31 21 till
283 287 92 28 kyrkans
390 287 67 24 bästa,
474 289 35 20 mä
523 288 47 21 icke
585 288 78 21 räknas
682 289 78 20 honom
782 287 33 21 till
837 287 48 23 last,
908 289 24 26 ty
953 288 34 21 sä-

159 321 45 15 som
221 321 26 16 en
262 315 94 28 kyrkans
370 316 88 27 tjenare,
474 317 24 21 sä
513 318 24 19 är
552 317 41 20 han
609 317 33 20 väl
658 316 76 27 pligtig
748 318 33 19 att
798 317 52 26 göra
872 315 42 22 det.
944 316 43 21 Det

159 345 25 20 är
198 344 74 26 nägot,
288 351 44 15 som
346 345 36 26 jag
397 345 46 21 icke
459 345 41 21 kan
515 345 74 25 förstä,
605 345 69 21 denna
689 345 89 21 naivitet
800 347 32 18 att
854 351 49 14 man
925 351 62 15 anser

158 374 113 25 presterna
286 373 52 22 böra
353 373 78 22 handla
447 376 58 19 emot
519 373 31 22 sin
566 373 60 28 pligt,
643 373 40 22 och
696 374 36 26 jag
748 373 104 22 erkänner
868 375 32 19 att
921 373 66 22 sedan

156 401 38 26 jag
208 401 42 21 läst
265 401 65 22 första
346 401 111 28 meningen
471 403 6 20 i
494 402 51 21 sista
561 402 83 27 stycket
663 402 23 21 af
706 402 116 21 utskottets
844 401 142 24 betänkande,

160 429 38 22 der
214 429 36 22 det
264 431 46 20 stär
324 433 33 18 att
372 431 35 21 det
422 437 62 21 synes
499 437 44 15 som
561 437 34 15 om
618 431 97 27 kyrkliga
738 431 39 21 och
800 430 99 27 religiösa
922 429 65 22 motiv

158 457 106 22 föranledt
280 459 35 21 det
330 459 143 27 föreliggande
488 459 208 28 petitionsförslaget,
712 460 24 20 sä
750 459 40 21 har
802 459 37 27 jag
849 459 46 21 icke
906 459 81 21 kunnat

158 487 71 25 undgä
245 489 32 19 att
292 488 65 21 tänka
372 490 31 19 att
419 494 48 15 man
483 494 86 15 snarare
585 488 70 21 kunde
670 490 51 25 säga
737 489 33 20 att
785 488 36 21 det
836 489 24 20 är
881 490 31 19 ett
934 487 53 22 anti-

158 515 94 27 kyrkligt
274 516 39 21 och
337 516 139 27 antireligiöst
498 517 115 26 tänkesätt,
635 523 46 15 som
704 516 106 21 föranledt
832 516 60 21 detta
913 516 74 21 betän-

158 543 77 22 kande.
266 545 68 21 Bland
350 545 26 21 de
390 545 53 22 sista
458 545 95 22 talarena
568 545 35 21 vill
617 545 37 27 jag
669 545 123 26 undantaga
802 544 58 22 Frih.
875 545 22 21 af
912 544 75 22 Schul-

159 573 43 26 ten,
218 573 128 22 ordförande
361 574 7 20 i
383 574 111 24 utskottet,
511 574 38 21 och
565 573 23 22 af
601 574 63 21 hvars
679 574 100 27 yttrande
792 573 36 27 jag
850 573 83 22 ändock
949 572 38 22 fin-

158 607 38 15 ner
211 603 33 20 att
259 602 105 21 utskottet
380 603 53 26 tagit
447 603 65 21 saken
528 602 133 27 allvarligare
677 605 27 19 än
712 603 37 24 jag
759 602 83 21 trodde.
866 602 32 21 Hr
909 601 79 22 Linde-

158 629 30 22 101
202 632 20 19 är
240 631 36 26 jag
292 631 110 21 erkänsam
418 631 32 21 for
461 635 32 17 att
503 635 41 17 han
555 632 109 21 tilltrodde
675 631 141 27 petitionären
827 631 55 26 goda
892 630 93 27 afsigter,

159 664 48 15 men
223 659 55 21 hvad
294 659 32 21 för
341 659 63 27 öfrigt
423 660 52 21 hans
497 659 136 27 andragande
655 659 139 24 vidkommer,
816 660 24 21 sä
862 660 67 21 mäste
949 659 38 26 jag

158 686 58 22 finna
231 687 36 22 det
282 688 6 20 i
305 688 85 27 mänget
405 688 97 21 afseende
518 689 84 26 mycket
616 688 107 25 haltande,
740 688 67 21 ehuru
820 688 36 27 jag
871 688 51 21 visst
939 687 48 22 icke

158 715 70 21 säsom
244 716 91 26 gammal
350 716 167 22 hufvudstadsbo
532 717 82 21 känner
629 717 160 21 förhällandena
804 717 28 26 pä
847 716 73 21 landet
935 716 52 21 eller

158 743 281 29 folkskoleundervisningen
455 746 44 25 der,
515 752 48 15 men
578 746 23 21 sä
617 745 84 28 mycket
722 747 25 19 är
768 745 34 21 väl
825 745 83 21 ändock
930 744 57 21 klart

158 774 33 19 att
206 772 46 22 icke
268 773 82 28 kyrkan
365 773 39 22 bör
419 776 62 25 göras
496 774 113 21 misstänkt
624 774 33 21 för
672 776 32 19 att
719 773 49 28 vilja
783 773 140 27 undergräfva
933 773 53 21 folk-

158 801 75 21 skolan
249 802 40 21 och
305 802 59 21 detta
379 803 74 27 tycker
465 803 37 26 jag
517 803 56 21 hade
588 803 55 21 varit
657 803 33 20 Hr
705 802 107 22 Lindelöfs
823 801 120 28 skyldighet
954 803 32 20 att

158 829 46 22 icke
220 831 84 26 antyda.
334 831 75 21 Denna
424 831 59 26 fråga
498 833 24 20 är
539 832 47 21 åter
609 833 30 20 ett
662 831 58 21 bevis
743 831 27 27 pä
788 831 40 21 den
847 830 64 27 djupa
934 831 52 20 kon-

157 857 54 25 flikt,
228 865 45 15 som
289 859 102 21 existerar
406 859 89 21 emellan
510 862 33 18 tro
559 860 40 20 och
614 861 53 25 otro,
684 859 87 21 hvarom
784 859 37 27 jag
836 859 34 21 vid
886 861 31 19 ett
931 859 56 21 före-

158 886 82 26 gäende
255 887 89 26 tillfälle,
360 888 34 20 vid
411 888 176 26 dissenterlagens
603 888 134 26 behandling,
753 890 67 24 yttrat
835 886 48 28 mig,
904 889 31 19 ett
950 886 36 22 be-

158 914 32 22 vis
206 916 27 26 pä
249 916 59 21 detta
323 916 120 27 beklagliga
458 916 139 22 misstroende
613 919 58 19 emot
686 916 81 28 kyrkan
783 916 39 21 och
838 916 48 20 dess
896 915 89 29 tjenare,

158 949 46 16 som
218 944 37 27 jag
271 944 68 27 aldrig
354 944 42 22 kan
411 945 112 22 underläta
538 947 32 20 att
584 944 118 23 framhälla.
728 945 40 26 Jag
779 946 38 25 gör
833 944 34 22 det
883 950 28 15 nu
922 944 64 22 ocksä

158 972 48 21 med
225 973 99 21 afseende
339 974 13 21 &
368 973 39 21 den
424 974 65 21 första
509 974 154 25 diskussionen,
686 979 45 16 som
754 973 84 21 förevar
859 973 7 21 i
889 973 40 27 dag
952 973 33 21 vid

158 1001 315 28 sammanjemkningsförslaget
488 1002 7 21 i
511 1002 182 27 dissenterfrägan.
719 1002 75 21 Ehuru
807 1002 36 26 jag
858 1001 128 27 fullkomligt

158 1028 200 23 Ofverensstämmer
373 1031 47 20 med
436 1031 57 21 Frih.
509 1031 78 21 Wrede
603 1031 6 21 i
625 1031 36 21 det
676 1031 85 26 slutliga
774 1030 96 25 resultat,
886 1030 32 21 till
934 1030 51 21 hvil-

157 1057 37 22 ket
210 1058 42 21 han
271 1059 55 24 kom,
350 1061 32 19 att
405 1059 58 22 detta
485 1059 294 27 sammanjemkningsförslag
802 1059 66 21 mätte
890 1061 95 24 antagas,

157 1087 24 20 sä
196 1087 69 21 mäste
277 1087 37 26 jag
329 1093 29 15 nu
378 1087 159 28 tillkännagifva
559 1090 32 19 att
613 1088 38 27 jag
673 1088 113 27 ingalunda
809 1088 123 21 instämmer
955 1087 30 21 uti

158 1115 35 21 det
208 1116 117 26 uttalande,
341 1116 101 21 hvarmed
458 1117 40 20 han
514 1115 89 29 började
617 1117 38 20 sitt
674 1116 143 26 andragande,
841 1122 45 15 som
908 1115 76 22 särade

157 1143 43 26 mig
215 1143 67 28 djupt,
298 1144 48 21 med
362 1145 40 20 den
419 1145 54 26 äsigt
485 1145 37 26 jag
537 1145 38 21 har
590 1147 33 19 att
638 1145 72 26 hvarje
724 1145 64 20 stånd
803 1145 39 20 bör
864 1144 52 27 hysa
939 1144 46 21 akt-

157 1171 50 27 ning
222 1173 32 20 för
270 1173 26 20 de
311 1173 67 21 andra
393 1173 96 25 ständen,
505 1173 39 21 och
559 1175 32 20 att
601 1173 161 22 Presteständet
773 1173 39 21 har
821 1175 43 19 rätt
874 1175 31 19 att
913 1172 72 22 fordra

157 1206 81 15 samma
253 1201 88 26 aktning
356 1207 45 16 som
418 1202 26 21 de
463 1202 66 26 öfriga
549 1202 38 21 och
603 1205 32 18 att
650 1202 46 21 icke
718 1201 140 22 bränmärkas
881 1201 41 21 tidt
945 1201 40 21 och

156 1228 50 21 ofta.
237 1229 41 26 Jag
294 1229 67 22 skulle
384 1229 62 22 hafva
469 1230 55 27 gjort
547 1231 68 20 denna
637 1230 132 21 resarvation
792 1230 26 21 dä
841 1230 72 25 redan,
937 1235 48 16 men

154 1257 37 26 jag
206 1257 49 22 ville
272 1258 45 21 icke
332 1258 6 21 i
355 1258 36 21 det
409 1259 82 26 längsta
513 1260 47 20 äter
582 1265 72 15 ensain
677 1259 54 26 stiga
754 1258 59 21 fram.
844 1258 40 23 Nu,
902 1259 26 20 dä
949 1258 37 26 jag

155 1285 120 27 lyckligtvis
286 1286 38 21 har
334 1287 66 26 nägra
411 1287 143 26 föregängare,
570 1287 39 21 har
616 1287 37 27 jag
663 1289 119 20 reserverat
798 1287 48 27 mig,
862 1287 40 21 och
918 1285 66 27 möjli-

156 1320 40 20 gen
212 1314 42 21 kan
270 1314 36 22 det
322 1321 49 15 vara
387 1315 38 21 bra
441 1319 32 17 att
487 1315 58 21 Frih.
560 1315 77 22 Wrede
652 1315 46 21 icke
714 1315 66 21 finnes
796 1316 27 26 pä
838 1315 32 21 sin
886 1314 55 28 plats
957 1320 28 14 nu

157 1342 39 21 och
212 1342 47 22 icke
274 1343 124 27 ytterligare
414 1344 31 20 fär
461 1343 82 22 tillfälle
559 1346 31 19 att
605 1346 79 24 svänga
699 1344 73 26 ljusets
788 1343 69 22 fackla
872 1345 56 19 emot
945 1342 40 22 den

155 1374 72 18 svarta
242 1373 87 25 väggen.

224 1427 32 21 På
271 1428 32 21 Hr
318 1428 217 22 Landtmarskalkens
554 1428 156 28 framställning
732 1428 70 22 beslöt
816 1428 25 22 R.
858 1435 18 15 o.
894 1428 24 21 A.
935 1428 52 21 härä

155 1457 32 19 att
202 1456 114 26 godkänna
332 1456 151 23 betänkandet.
