<?xml version="1.0" encoding="UTF-8"?>
<alto xmlns="http://www.loc.gov/standards/alto/ns-v3#" xmlns:xlink="http://www.w3.org/1999/xlink" xmlns:xsi="http://www.w3.org/2001/XMLSchema-instance" xsi:schemaLocation="http://www.loc.gov/standards/alto/ns-v3# http://www.loc.gov/alto/v3/alto-3-0.xsd">
	<Description>
		<MeasurementUnit>pixel</MeasurementUnit>
		<sourceImageInformation>
			<fileName>/tmp/tess_73jv7wir_input.PNG</fileName>
		</sourceImageInformation>
		<OCRProcessing ID="OCR_0">
			<ocrProcessingStep>
				<processingSoftware>
					<softwareName>tesseract 5.3.4</softwareName>
				</processingSoftware>
			</ocrProcessingStep>
		</OCRProcessing>
	</Description>
	<Layout>
		<Page WIDTH="1061" HEIGHT="1756" PHYSICAL_IMG_NR="0" ID="page_0">
			<PrintSpace HPOS="0" VPOS="0" WIDTH="1061" HEIGHT="1756">
				<ComposedBlock ID="cblock_0" HPOS="352" VPOS="147" WIDTH="515" HEIGHT="27">
					<TextBlock ID="block_0" HPOS="352" VPOS="147" WIDTH="515" HEIGHT="27">
						<TextLine ID="line_0" HPOS="352" VPOS="147" WIDTH="515" HEIGHT="27">
							<String ID="string_0" HPOS="352" VPOS="152" WIDTH="26" HEIGHT="17" WC="0.95" CONTENT="R."/><SP WIDTH="12" VPOS="152" HPOS="378"/>
							<String ID="string_1" HPOS="390" VPOS="156" WIDTH="18" HEIGHT="13" WC="0.61" CONTENT="o."/><SP WIDTH="12" VPOS="156" HPOS="408"/>
							<String ID="string_2" HPOS="420" VPOS="152" WIDTH="22" HEIGHT="16" WC="0.85" CONTENT="A."/><SP WIDTH="9" VPOS="152" HPOS="442"/>
							<String ID="string_3" HPOS="451" VPOS="152" WIDTH="59" HEIGHT="17" WC="0.95" CONTENT="1888."/><SP WIDTH="12" VPOS="152" HPOS="510"/>
							<String ID="string_4" HPOS="522" VPOS="152" WIDTH="26" HEIGHT="18" WC="0.96" CONTENT="25"/><SP WIDTH="8" VPOS="152" HPOS="548"/>
							<String ID="string_5" HPOS="556" VPOS="152" WIDTH="48" HEIGHT="22" WC="0.95" CONTENT="Maj."/><SP WIDTH="208" VPOS="152" HPOS="604"/>
							<String ID="string_6" HPOS="812" VPOS="147" WIDTH="55" HEIGHT="22" WC="0.96" CONTENT="1559"/>
						</TextLine>
					</TextBlock>
				</ComposedBlock>
				<GraphicalElement ID="cblock_1" HPOS="75" VPOS="187" WIDTH="820" HEIGHT="15"></GraphicalElement >
				<ComposedBlock ID="cblock_2" HPOS="56" VPOS="236" WIDTH="839" HEIGHT="800">
					<TextBlock ID="block_1" HPOS="56" VPOS="236" WIDTH="839" HEIGHT="800">
						<TextLine ID="line_1" HPOS="73" VPOS="236" WIDTH="822" HEIGHT="28">
							<String ID="string_7" HPOS="73" VPOS="236" WIDTH="157" HEIGHT="28" WC="0.95" CONTENT="framställning"/><SP WIDTH="15" VPOS="236" HPOS="230"/>
							<String ID="string_8" HPOS="245" VPOS="238" WIDTH="32" HEIGHT="20" WC="0.96" CONTENT="att"/><SP WIDTH="16" VPOS="238" HPOS="277"/>
							<String ID="string_9" HPOS="293" VPOS="237" WIDTH="31" HEIGHT="25" WC="0.96" CONTENT="de,"/><SP WIDTH="17" VPOS="237" HPOS="324"/>
							<String ID="string_10" HPOS="341" VPOS="236" WIDTH="27" HEIGHT="22" WC="0.96" CONTENT="då"/><SP WIDTH="16" VPOS="236" HPOS="368"/>
							<String ID="string_11" HPOS="384" VPOS="238" WIDTH="26" HEIGHT="20" WC="0.96" CONTENT="de"/><SP WIDTH="16" VPOS="238" HPOS="410"/>
							<String ID="string_12" HPOS="426" VPOS="237" WIDTH="57" HEIGHT="21" WC="0.96" CONTENT="sluta"/><SP WIDTH="14" VPOS="237" HPOS="483"/>
							<String ID="string_13" HPOS="497" VPOS="238" WIDTH="84" HEIGHT="26" WC="0.96" CONTENT="kursen,"/><SP WIDTH="17" VPOS="238" HPOS="581"/>
							<String ID="string_14" HPOS="598" VPOS="238" WIDTH="60" HEIGHT="21" WC="0.96" CONTENT="skola"/><SP WIDTH="12" VPOS="238" HPOS="658"/>
							<String ID="string_15" HPOS="670" VPOS="244" WIDTH="51" HEIGHT="15" WC="0.96" CONTENT="vara"/><SP WIDTH="10" VPOS="244" HPOS="721"/>
							<String ID="string_16" HPOS="731" VPOS="238" WIDTH="83" HEIGHT="26" WC="0.93" CONTENT="färdiga"/><SP WIDTH="10" VPOS="238" HPOS="814"/>
							<String ID="string_17" HPOS="824" VPOS="238" WIDTH="71" HEIGHT="22" WC="0.92" CONTENT="office-"/>
						</TextLine>
						<TextLine ID="line_2" HPOS="73" VPOS="264" WIDTH="822" HEIGHT="30">
							<String ID="string_18" HPOS="73" VPOS="271" WIDTH="55" HEIGHT="21" WC="0.96" CONTENT="rare,"/><SP WIDTH="23" VPOS="271" HPOS="128"/>
							<String ID="string_19" HPOS="151" VPOS="264" WIDTH="55" HEIGHT="22" WC="0.96" CONTENT="både"/><SP WIDTH="23" VPOS="264" HPOS="206"/>
							<String ID="string_20" HPOS="229" VPOS="267" WIDTH="32" HEIGHT="19" WC="0.96" CONTENT="att"/><SP WIDTH="22" VPOS="267" HPOS="261"/>
							<String ID="string_21" HPOS="283" VPOS="265" WIDTH="46" HEIGHT="21" WC="0.95" CONTENT="lära"/><SP WIDTH="22" VPOS="265" HPOS="329"/>
							<String ID="string_22" HPOS="351" VPOS="266" WIDTH="39" HEIGHT="21" WC="0.96" CONTENT="och"/><SP WIDTH="22" VPOS="266" HPOS="390"/>
							<String ID="string_23" HPOS="412" VPOS="266" WIDTH="151" HEIGHT="21" WC="0.96" CONTENT="kommendera"/><SP WIDTH="15" VPOS="266" HPOS="563"/>
							<String ID="string_24" HPOS="578" VPOS="266" WIDTH="102" HEIGHT="26" WC="0.93" CONTENT="soldater)"/><SP WIDTH="16" VPOS="266" HPOS="680"/>
							<String ID="string_25" HPOS="696" VPOS="278" WIDTH="27" HEIGHT="4" WC="0.92" CONTENT="—"/><SP WIDTH="14" VPOS="278" HPOS="723"/>
							<String ID="string_26" HPOS="737" VPOS="266" WIDTH="100" HEIGHT="28" WC="0.96" CONTENT="påminna"/><SP WIDTH="14" VPOS="266" HPOS="837"/>
							<String ID="string_27" HPOS="851" VPOS="267" WIDTH="44" HEIGHT="27" WC="0.96" CONTENT="mig"/>
						</TextLine>
						<TextLine ID="line_3" HPOS="73" VPOS="294" WIDTH="821" HEIGHT="27">
							<String ID="string_28" HPOS="73" VPOS="300" WIDTH="25" HEIGHT="14" WC="0.95" CONTENT="en"/><SP WIDTH="23" VPOS="300" HPOS="98"/>
							<String ID="string_29" HPOS="121" VPOS="294" WIDTH="84" HEIGHT="26" WC="0.95" CONTENT="artikel,"/><SP WIDTH="23" VPOS="294" HPOS="205"/>
							<String ID="string_30" HPOS="228" VPOS="300" WIDTH="45" HEIGHT="15" WC="0.96" CONTENT="som"/><SP WIDTH="17" VPOS="300" HPOS="273"/>
							<String ID="string_31" HPOS="290" VPOS="294" WIDTH="38" HEIGHT="26" WC="0.96" CONTENT="jag"/><SP WIDTH="15" VPOS="294" HPOS="328"/>
							<String ID="string_32" HPOS="343" VPOS="294" WIDTH="54" HEIGHT="21" WC="0.96" CONTENT="läste"/><SP WIDTH="15" VPOS="294" HPOS="397"/>
							<String ID="string_33" HPOS="412" VPOS="295" WIDTH="6" HEIGHT="20" WC="0.93" CONTENT="i"/><SP WIDTH="16" VPOS="295" HPOS="418"/>
							<String ID="string_34" HPOS="434" VPOS="294" WIDTH="134" HEIGHT="27" WC="0.92" CONTENT="tidningarne"/><SP WIDTH="14" VPOS="294" HPOS="568"/>
							<String ID="string_35" HPOS="582" VPOS="294" WIDTH="34" HEIGHT="21" WC="0.96" CONTENT="för"/><SP WIDTH="15" VPOS="294" HPOS="616"/>
							<String ID="string_36" HPOS="631" VPOS="295" WIDTH="46" HEIGHT="21" WC="0.96" CONTENT="icke"/><SP WIDTH="15" VPOS="295" HPOS="677"/>
							<String ID="string_37" HPOS="692" VPOS="295" WIDTH="61" HEIGHT="26" WC="0.96" CONTENT="länge"/><SP WIDTH="16" VPOS="295" HPOS="753"/>
							<String ID="string_38" HPOS="769" VPOS="295" WIDTH="71" HEIGHT="25" WC="0.96" CONTENT="sedan,"/><SP WIDTH="16" VPOS="295" HPOS="840"/>
							<String ID="string_39" HPOS="856" VPOS="296" WIDTH="38" HEIGHT="20" WC="0.96" CONTENT="der"/>
						</TextLine>
						<TextLine ID="line_4" HPOS="72" VPOS="322" WIDTH="822" HEIGHT="28">
							<String ID="string_40" HPOS="72" VPOS="322" WIDTH="36" HEIGHT="21" WC="0.93" CONTENT="det"/><SP WIDTH="21" VPOS="322" HPOS="108"/>
							<String ID="string_41" HPOS="129" VPOS="322" WIDTH="120" HEIGHT="27" WC="0.91" CONTENT="förutsäges"/><SP WIDTH="23" VPOS="322" HPOS="249"/>
							<String ID="string_42" HPOS="272" VPOS="324" WIDTH="32" HEIGHT="19" WC="0.96" CONTENT="att"/><SP WIDTH="23" VPOS="324" HPOS="304"/>
							<String ID="string_43" HPOS="327" VPOS="323" WIDTH="25" HEIGHT="20" WC="0.93" CONTENT="de"/><SP WIDTH="22" VPOS="323" HPOS="352"/>
							<String ID="string_44" HPOS="374" VPOS="323" WIDTH="152" HEIGHT="26" WC="0.89" CONTENT="värnepligtige"/><SP WIDTH="23" VPOS="323" HPOS="526"/>
							<String ID="string_45" HPOS="549" VPOS="323" WIDTH="149" HEIGHT="26" WC="0.90" CONTENT="bataljonerna"/><SP WIDTH="22" VPOS="323" HPOS="698"/>
							<String ID="string_46" HPOS="720" VPOS="323" WIDTH="80" HEIGHT="27" WC="0.95" CONTENT="årligen"/><SP WIDTH="25" VPOS="323" HPOS="800"/>
							<String ID="string_47" HPOS="825" VPOS="324" WIDTH="69" HEIGHT="21" WC="0.95" CONTENT="skulle"/>
						</TextLine>
						<TextLine ID="line_5" HPOS="71" VPOS="350" WIDTH="823" HEIGHT="28">
							<String ID="string_48" HPOS="71" VPOS="350" WIDTH="74" HEIGHT="22" WC="0.96" CONTENT="kunna"/><SP WIDTH="21" VPOS="350" HPOS="145"/>
							<String ID="string_49" HPOS="166" VPOS="350" WIDTH="57" HEIGHT="27" WC="0.96" CONTENT="gifva"/><SP WIDTH="22" VPOS="350" HPOS="223"/>
							<String ID="string_50" HPOS="245" VPOS="351" WIDTH="28" HEIGHT="21" WC="0.95" CONTENT="80"/><SP WIDTH="17" VPOS="351" HPOS="273"/>
							<String ID="string_51" HPOS="290" VPOS="357" WIDTH="57" HEIGHT="20" WC="0.95" CONTENT="proc."/><SP WIDTH="16" VPOS="357" HPOS="347"/>
							<String ID="string_52" HPOS="363" VPOS="351" WIDTH="103" HEIGHT="26" WC="0.93" CONTENT="manskap"/><SP WIDTH="16" VPOS="351" HPOS="466"/>
							<String ID="string_53" HPOS="482" VPOS="351" WIDTH="81" HEIGHT="27" WC="0.93" CONTENT="dugligt"/><SP WIDTH="15" VPOS="351" HPOS="563"/>
							<String ID="string_54" HPOS="578" VPOS="351" WIDTH="33" HEIGHT="21" WC="0.96" CONTENT="till"/><SP WIDTH="15" VPOS="351" HPOS="611"/>
							<String ID="string_55" HPOS="626" VPOS="351" WIDTH="178" HEIGHT="21" WC="0.96" CONTENT="underofficerare"/><SP WIDTH="16" VPOS="351" HPOS="804"/>
							<String ID="string_56" HPOS="820" VPOS="351" WIDTH="22" HEIGHT="21" WC="0.93" CONTENT="åt"/><SP WIDTH="14" VPOS="351" HPOS="842"/>
							<String ID="string_57" HPOS="856" VPOS="352" WIDTH="38" HEIGHT="21" WC="0.91" CONTENT="mi-"/>
						</TextLine>
						<TextLine ID="line_6" HPOS="71" VPOS="379" WIDTH="823" HEIGHT="27">
							<String ID="string_58" HPOS="71" VPOS="379" WIDTH="60" HEIGHT="21" WC="0.94" CONTENT="lisen."/><SP WIDTH="30" VPOS="379" HPOS="131"/>
							<String ID="string_59" HPOS="161" VPOS="379" WIDTH="40" HEIGHT="27" WC="0.96" CONTENT="Jag"/><SP WIDTH="15" VPOS="379" HPOS="201"/>
							<String ID="string_60" HPOS="216" VPOS="381" WIDTH="35" HEIGHT="19" WC="0.96" CONTENT="vet"/><SP WIDTH="20" VPOS="381" HPOS="251"/>
							<String ID="string_61" HPOS="271" VPOS="379" WIDTH="52" HEIGHT="26" WC="0.96" CONTENT="icke,"/><SP WIDTH="16" VPOS="379" HPOS="323"/>
							<String ID="string_62" HPOS="339" VPOS="379" WIDTH="86" HEIGHT="21" WC="0.96" CONTENT="hvarför"/><SP WIDTH="16" VPOS="379" HPOS="425"/>
							<String ID="string_63" HPOS="441" VPOS="379" WIDTH="59" HEIGHT="21" WC="0.96" CONTENT="detta"/><SP WIDTH="15" VPOS="379" HPOS="500"/>
							<String ID="string_64" HPOS="515" VPOS="379" WIDTH="110" HEIGHT="21" WC="0.96" CONTENT="uttalande"/><SP WIDTH="16" VPOS="379" HPOS="625"/>
							<String ID="string_65" HPOS="641" VPOS="380" WIDTH="6" HEIGHT="20" WC="0.96" CONTENT="i"/><SP WIDTH="16" VPOS="380" HPOS="647"/>
							<String ID="string_66" HPOS="663" VPOS="379" WIDTH="135" HEIGHT="27" WC="0.93" CONTENT="tidningarna"/><SP WIDTH="15" VPOS="379" HPOS="798"/>
							<String ID="string_67" HPOS="813" VPOS="379" WIDTH="81" HEIGHT="27" WC="0.92" CONTENT="påmin-"/>
						</TextLine>
						<TextLine ID="line_7" HPOS="71" VPOS="407" WIDTH="822" HEIGHT="28">
							<String ID="string_68" HPOS="71" VPOS="414" WIDTH="38" HEIGHT="15" WC="0.96" CONTENT="ner"/><SP WIDTH="19" VPOS="414" HPOS="109"/>
							<String ID="string_69" HPOS="128" VPOS="408" WIDTH="43" HEIGHT="27" WC="0.96" CONTENT="mig"/><SP WIDTH="15" VPOS="408" HPOS="171"/>
							<String ID="string_70" HPOS="186" VPOS="414" WIDTH="34" HEIGHT="15" WC="0.95" CONTENT="om"/><SP WIDTH="17" VPOS="414" HPOS="220"/>
							<String ID="string_71" HPOS="237" VPOS="408" WIDTH="116" HEIGHT="21" WC="0.95" CONTENT="utskottets"/><SP WIDTH="15" VPOS="408" HPOS="353"/>
							<String ID="string_72" HPOS="368" VPOS="408" WIDTH="135" HEIGHT="21" WC="0.96" CONTENT="betänkande"/><SP WIDTH="15" VPOS="408" HPOS="503"/>
							<String ID="string_73" HPOS="518" VPOS="408" WIDTH="7" HEIGHT="20" WC="0.96" CONTENT="i"/><SP WIDTH="15" VPOS="408" HPOS="525"/>
							<String ID="string_74" HPOS="540" VPOS="408" WIDTH="69" HEIGHT="21" WC="0.96" CONTENT="denna"/><SP WIDTH="15" VPOS="408" HPOS="609"/>
							<String ID="string_75" HPOS="624" VPOS="407" WIDTH="66" HEIGHT="28" WC="0.95" CONTENT="fråga."/><SP WIDTH="31" VPOS="407" HPOS="690"/>
							<String ID="string_76" HPOS="721" VPOS="408" WIDTH="126" HEIGHT="22" WC="0.93" CONTENT="Emellertid"/><SP WIDTH="16" VPOS="408" HPOS="847"/>
							<String ID="string_77" HPOS="863" VPOS="410" WIDTH="30" HEIGHT="23" WC="0.96" CONTENT="är,"/>
						</TextLine>
						<TextLine ID="line_8" HPOS="71" VPOS="436" WIDTH="823" HEIGHT="27">
							<String ID="string_78" HPOS="71" VPOS="436" WIDTH="70" HEIGHT="22" WC="0.96" CONTENT="såsom"/><SP WIDTH="23" VPOS="436" HPOS="141"/>
							<String ID="string_79" HPOS="164" VPOS="436" WIDTH="32" HEIGHT="21" WC="0.93" CONTENT="Hr"/><SP WIDTH="19" VPOS="436" HPOS="196"/>
							<String ID="string_80" HPOS="215" VPOS="436" WIDTH="147" HEIGHT="27" WC="0.90" CONTENT="Wasastjerna"/><SP WIDTH="15" VPOS="436" HPOS="362"/>
							<String ID="string_81" HPOS="377" VPOS="436" WIDTH="116" HEIGHT="27" WC="0.96" CONTENT="påpekade,"/><SP WIDTH="12" VPOS="436" HPOS="493"/>
							<String ID="string_82" HPOS="505" VPOS="436" WIDTH="143" HEIGHT="21" WC="0.96" CONTENT="förhållandet"/><SP WIDTH="21" VPOS="436" HPOS="648"/>
							<String ID="string_83" HPOS="669" VPOS="436" WIDTH="82" HEIGHT="27" WC="0.96" CONTENT="sådant,"/><SP WIDTH="16" VPOS="436" HPOS="751"/>
							<String ID="string_84" HPOS="767" VPOS="438" WIDTH="33" HEIGHT="19" WC="0.96" CONTENT="att"/><SP WIDTH="15" VPOS="438" HPOS="800"/>
							<String ID="string_85" HPOS="815" VPOS="436" WIDTH="27" HEIGHT="21" WC="0.93" CONTENT="de"/><SP WIDTH="14" VPOS="436" HPOS="842"/>
							<String ID="string_86" HPOS="856" VPOS="437" WIDTH="38" HEIGHT="21" WC="0.92" CONTENT="fri-"/>
						</TextLine>
						<TextLine ID="line_9" HPOS="70" VPOS="464" WIDTH="823" HEIGHT="27">
							<String ID="string_87" HPOS="70" VPOS="465" WIDTH="81" HEIGHT="26" WC="0.91" CONTENT="villiges"/><SP WIDTH="23" VPOS="465" HPOS="151"/>
							<String ID="string_88" HPOS="174" VPOS="465" WIDTH="83" HEIGHT="21" WC="0.96" CONTENT="inträde"/><SP WIDTH="23" VPOS="465" HPOS="257"/>
							<String ID="string_89" HPOS="280" VPOS="465" WIDTH="27" HEIGHT="26" WC="0.96" CONTENT="på"/><SP WIDTH="23" VPOS="465" HPOS="307"/>
							<String ID="string_90" HPOS="330" VPOS="465" WIDTH="57" HEIGHT="20" WC="0.96" CONTENT="olika"/><SP WIDTH="22" VPOS="465" HPOS="387"/>
							<String ID="string_91" HPOS="409" VPOS="465" WIDTH="55" HEIGHT="20" WC="0.96" CONTENT="tider"/><SP WIDTH="23" VPOS="465" HPOS="464"/>
							<String ID="string_92" HPOS="487" VPOS="464" WIDTH="23" HEIGHT="21" WC="0.96" CONTENT="af"/><SP WIDTH="13" VPOS="464" HPOS="510"/>
							<String ID="string_93" HPOS="523" VPOS="465" WIDTH="47" HEIGHT="20" WC="0.95" CONTENT="året"/><SP WIDTH="14" VPOS="465" HPOS="570"/>
							<String ID="string_94" HPOS="584" VPOS="465" WIDTH="83" HEIGHT="20" WC="0.96" CONTENT="medför"/><SP WIDTH="15" VPOS="465" HPOS="667"/>
							<String ID="string_95" HPOS="682" VPOS="467" WIDTH="59" HEIGHT="19" WC="0.96" CONTENT="stora"/><SP WIDTH="14" VPOS="467" HPOS="741"/>
							<String ID="string_96" HPOS="755" VPOS="464" WIDTH="138" HEIGHT="27" WC="0.96" CONTENT="svårigheter."/>
						</TextLine>
						<TextLine ID="line_10" HPOS="69" VPOS="487" WIDTH="824" HEIGHT="33">
							<String ID="string_97" HPOS="69" VPOS="487" WIDTH="32" HEIGHT="28" WC="0.96" CONTENT="År"/><SP WIDTH="24" VPOS="487" HPOS="101"/>
							<String ID="string_98" HPOS="125" VPOS="494" WIDTH="53" HEIGHT="21" WC="0.96" CONTENT="1887"/><SP WIDTH="23" VPOS="494" HPOS="178"/>
							<String ID="string_99" HPOS="201" VPOS="493" WIDTH="98" HEIGHT="22" WC="0.96" CONTENT="inträdde"/><SP WIDTH="19" VPOS="493" HPOS="299"/>
							<String ID="string_100" HPOS="318" VPOS="493" WIDTH="35" HEIGHT="21" WC="0.93" CONTENT="vid"/><SP WIDTH="15" VPOS="493" HPOS="353"/>
							<String ID="string_101" HPOS="368" VPOS="493" WIDTH="200" HEIGHT="27" WC="0.91" CONTENT="gardesbataljonen"/><SP WIDTH="14" VPOS="493" HPOS="568"/>
							<String ID="string_102" HPOS="582" VPOS="493" WIDTH="8" HEIGHT="21" WC="0.96" CONTENT="i"/><SP WIDTH="14" VPOS="493" HPOS="590"/>
							<String ID="string_103" HPOS="604" VPOS="493" WIDTH="89" HEIGHT="21" WC="0.96" CONTENT="Januari"/><SP WIDTH="15" VPOS="493" HPOS="693"/>
							<String ID="string_104" HPOS="708" VPOS="493" WIDTH="77" HEIGHT="21" WC="0.96" CONTENT="månad"/><SP WIDTH="17" VPOS="493" HPOS="785"/>
							<String ID="string_105" HPOS="802" VPOS="496" WIDTH="18" HEIGHT="23" WC="0.96" CONTENT="1,"/><SP WIDTH="16" VPOS="496" HPOS="820"/>
							<String ID="string_106" HPOS="836" VPOS="493" WIDTH="57" HEIGHT="22" WC="0.96" CONTENT="Mars"/>
						</TextLine>
						<TextLine ID="line_11" HPOS="69" VPOS="521" WIDTH="824" HEIGHT="28">
							<String ID="string_107" HPOS="69" VPOS="522" WIDTH="20" HEIGHT="27" WC="0.94" CONTENT="2,"/><SP WIDTH="16" VPOS="522" HPOS="89"/>
							<String ID="string_108" HPOS="105" VPOS="522" WIDTH="63" HEIGHT="27" WC="0.96" CONTENT="April"/><SP WIDTH="15" VPOS="522" HPOS="168"/>
							<String ID="string_109" HPOS="183" VPOS="522" WIDTH="19" HEIGHT="26" WC="0.96" CONTENT="2,"/><SP WIDTH="16" VPOS="522" HPOS="202"/>
							<String ID="string_110" HPOS="218" VPOS="522" WIDTH="43" HEIGHT="27" WC="0.96" CONTENT="Maj"/><SP WIDTH="18" VPOS="522" HPOS="261"/>
							<String ID="string_111" HPOS="279" VPOS="523" WIDTH="18" HEIGHT="24" WC="0.94" CONTENT="1,"/><SP WIDTH="15" VPOS="523" HPOS="297"/>
							<String ID="string_112" HPOS="312" VPOS="522" WIDTH="50" HEIGHT="21" WC="0.96" CONTENT="Juni"/><SP WIDTH="17" VPOS="522" HPOS="362"/>
							<String ID="string_113" HPOS="379" VPOS="523" WIDTH="18" HEIGHT="25" WC="0.96" CONTENT="1,"/><SP WIDTH="16" VPOS="523" HPOS="397"/>
							<String ID="string_114" HPOS="413" VPOS="522" WIDTH="44" HEIGHT="21" WC="0.96" CONTENT="Juli"/><SP WIDTH="18" VPOS="522" HPOS="457"/>
							<String ID="string_115" HPOS="475" VPOS="524" WIDTH="18" HEIGHT="23" WC="0.94" CONTENT="1,"/><SP WIDTH="15" VPOS="524" HPOS="493"/>
							<String ID="string_116" HPOS="508" VPOS="521" WIDTH="90" HEIGHT="26" WC="0.96" CONTENT="Augusti"/><SP WIDTH="18" VPOS="521" HPOS="598"/>
							<String ID="string_117" HPOS="616" VPOS="522" WIDTH="18" HEIGHT="25" WC="0.94" CONTENT="1,"/><SP WIDTH="16" VPOS="522" HPOS="634"/>
							<String ID="string_118" HPOS="650" VPOS="521" WIDTH="125" HEIGHT="27" WC="0.96" CONTENT="September"/><SP WIDTH="15" VPOS="521" HPOS="775"/>
							<String ID="string_119" HPOS="790" VPOS="521" WIDTH="20" HEIGHT="26" WC="0.93" CONTENT="3,"/><SP WIDTH="16" VPOS="521" HPOS="810"/>
							<String ID="string_120" HPOS="826" VPOS="521" WIDTH="67" HEIGHT="22" WC="0.92" CONTENT="Okto-"/>
						</TextLine>
						<TextLine ID="line_12" HPOS="69" VPOS="550" WIDTH="824" HEIGHT="27">
							<String ID="string_121" HPOS="69" VPOS="550" WIDTH="38" HEIGHT="22" WC="0.96" CONTENT="ber"/><SP WIDTH="22" VPOS="550" HPOS="107"/>
							<String ID="string_122" HPOS="129" VPOS="551" WIDTH="20" HEIGHT="26" WC="0.96" CONTENT="2,"/><SP WIDTH="20" VPOS="551" HPOS="149"/>
							<String ID="string_123" HPOS="169" VPOS="551" WIDTH="145" HEIGHT="20" WC="0.96" CONTENT="December"/><SP WIDTH="-12" VPOS="551" HPOS="314"/>
							<String ID="string_124" HPOS="302" VPOS="546" WIDTH="15" HEIGHT="36" WC="0.91" CONTENT="1"/><SP WIDTH="22" VPOS="546" HPOS="317"/>
							<String ID="string_125" HPOS="339" VPOS="551" WIDTH="147" HEIGHT="26" WC="0.89" CONTENT="värnepligtig."/><SP WIDTH="30" VPOS="551" HPOS="486"/>
							<String ID="string_126" HPOS="516" VPOS="550" WIDTH="79" HEIGHT="21" WC="0.92" CONTENT="Hvilka"/><SP WIDTH="22" VPOS="550" HPOS="595"/>
							<String ID="string_127" HPOS="617" VPOS="550" WIDTH="276" HEIGHT="27" WC="0.91" CONTENT="beqvämlighetssynpunk-"/>
						</TextLine>
						<TextLine ID="line_13" HPOS="68" VPOS="578" WIDTH="825" HEIGHT="28">
							<String ID="string_128" HPOS="68" VPOS="581" WIDTH="41" HEIGHT="25" WC="0.96" CONTENT="ter,"/><SP WIDTH="16" VPOS="581" HPOS="109"/>
							<String ID="string_129" HPOS="125" VPOS="585" WIDTH="46" HEIGHT="16" WC="0.96" CONTENT="som"/><SP WIDTH="15" VPOS="585" HPOS="171"/>
							<String ID="string_130" HPOS="186" VPOS="579" WIDTH="35" HEIGHT="21" WC="0.96" CONTENT="vid"/><SP WIDTH="15" VPOS="579" HPOS="221"/>
							<String ID="string_131" HPOS="236" VPOS="579" WIDTH="34" HEIGHT="21" WC="0.96" CONTENT="val"/><SP WIDTH="16" VPOS="579" HPOS="270"/>
							<String ID="string_132" HPOS="286" VPOS="579" WIDTH="23" HEIGHT="21" WC="0.96" CONTENT="af"/><SP WIDTH="12" VPOS="579" HPOS="309"/>
							<String ID="string_133" HPOS="321" VPOS="579" WIDTH="31" HEIGHT="21" WC="0.96" CONTENT="tid"/><SP WIDTH="15" VPOS="579" HPOS="352"/>
							<String ID="string_134" HPOS="367" VPOS="579" WIDTH="34" HEIGHT="21" WC="0.92" CONTENT="för"/><SP WIDTH="15" VPOS="579" HPOS="401"/>
							<String ID="string_135" HPOS="416" VPOS="579" WIDTH="136" HEIGHT="21" WC="0.91" CONTENT="inträdandet"/><SP WIDTH="15" VPOS="579" HPOS="552"/>
							<String ID="string_136" HPOS="567" VPOS="579" WIDTH="49" HEIGHT="21" WC="0.95" CONTENT="leda"/><SP WIDTH="16" VPOS="579" HPOS="616"/>
							<String ID="string_137" HPOS="632" VPOS="578" WIDTH="25" HEIGHT="21" WC="0.96" CONTENT="de"/><SP WIDTH="16" VPOS="578" HPOS="657"/>
							<String ID="string_138" HPOS="673" VPOS="579" WIDTH="105" HEIGHT="26" WC="0.96" CONTENT="frivilliga,"/><SP WIDTH="17" VPOS="579" HPOS="778"/>
							<String ID="string_139" HPOS="795" VPOS="580" WIDTH="24" HEIGHT="19" WC="0.96" CONTENT="är"/><SP WIDTH="15" VPOS="580" HPOS="819"/>
							<String ID="string_140" HPOS="834" VPOS="578" WIDTH="59" HEIGHT="22" WC="0.95" CONTENT="svårt"/>
						</TextLine>
						<TextLine ID="line_14" HPOS="68" VPOS="607" WIDTH="825" HEIGHT="28">
							<String ID="string_141" HPOS="68" VPOS="610" WIDTH="34" HEIGHT="19" WC="0.96" CONTENT="att"/><SP WIDTH="15" VPOS="610" HPOS="102"/>
							<String ID="string_142" HPOS="117" VPOS="608" WIDTH="98" HEIGHT="25" WC="0.96" CONTENT="bedöma,"/><SP WIDTH="16" VPOS="608" HPOS="215"/>
							<String ID="string_143" HPOS="231" VPOS="609" WIDTH="22" HEIGHT="26" WC="0.96" CONTENT="ty"/><SP WIDTH="16" VPOS="609" HPOS="253"/>
							<String ID="string_144" HPOS="269" VPOS="608" WIDTH="36" HEIGHT="21" WC="0.96" CONTENT="det"/><SP WIDTH="14" VPOS="608" HPOS="305"/>
							<String ID="string_145" HPOS="319" VPOS="614" WIDTH="39" HEIGHT="15" WC="0.96" CONTENT="var"/><SP WIDTH="15" VPOS="614" HPOS="358"/>
							<String ID="string_146" HPOS="373" VPOS="607" WIDTH="23" HEIGHT="22" WC="0.96" CONTENT="så"/><SP WIDTH="16" VPOS="607" HPOS="396"/>
							<String ID="string_147" HPOS="412" VPOS="607" WIDTH="56" HEIGHT="22" WC="0.96" CONTENT="olika"/><SP WIDTH="16" VPOS="607" HPOS="468"/>
							<String ID="string_148" HPOS="484" VPOS="608" WIDTH="61" HEIGHT="25" WC="0.96" CONTENT="tider,"/><SP WIDTH="17" VPOS="608" HPOS="545"/>
							<String ID="string_149" HPOS="562" VPOS="613" WIDTH="44" HEIGHT="15" WC="0.96" CONTENT="som"/><SP WIDTH="16" VPOS="613" HPOS="606"/>
							<String ID="string_150" HPOS="622" VPOS="607" WIDTH="68" HEIGHT="21" WC="0.96" CONTENT="skilde"/><SP WIDTH="15" VPOS="607" HPOS="690"/>
							<String ID="string_151" HPOS="705" VPOS="607" WIDTH="48" HEIGHT="21" WC="0.96" CONTENT="dem"/><SP WIDTH="15" VPOS="607" HPOS="753"/>
							<String ID="string_152" HPOS="768" VPOS="607" WIDTH="47" HEIGHT="21" WC="0.93" CONTENT="från"/><SP WIDTH="11" VPOS="607" HPOS="815"/>
							<String ID="string_153" HPOS="826" VPOS="607" WIDTH="67" HEIGHT="21" WC="0.92" CONTENT="inträ-"/>
						</TextLine>
						<TextLine ID="line_15" HPOS="69" VPOS="635" WIDTH="823" HEIGHT="28">
							<String ID="string_154" HPOS="69" VPOS="637" WIDTH="96" HEIGHT="21" WC="0.92" CONTENT="destiden"/><SP WIDTH="20" VPOS="637" HPOS="165"/>
							<String ID="string_155" HPOS="185" VPOS="637" WIDTH="31" HEIGHT="20" WC="0.93" CONTENT="till"/><SP WIDTH="23" VPOS="637" HPOS="216"/>
							<String ID="string_156" HPOS="239" VPOS="636" WIDTH="150" HEIGHT="26" WC="0.91" CONTENT="kadettkåren,"/><SP WIDTH="23" VPOS="636" HPOS="389"/>
							<String ID="string_157" HPOS="412" VPOS="635" WIDTH="23" HEIGHT="22" WC="0.97" CONTENT="så"/><SP WIDTH="20" VPOS="635" HPOS="435"/>
							<String ID="string_158" HPOS="455" VPOS="636" WIDTH="37" HEIGHT="27" WC="0.96" CONTENT="jag"/><SP WIDTH="24" VPOS="636" HPOS="492"/>
							<String ID="string_159" HPOS="516" VPOS="635" WIDTH="46" HEIGHT="22" WC="0.96" CONTENT="icke"/><SP WIDTH="23" VPOS="635" HPOS="562"/>
							<String ID="string_160" HPOS="585" VPOS="638" WIDTH="46" HEIGHT="19" WC="0.96" CONTENT="tror"/><SP WIDTH="23" VPOS="638" HPOS="631"/>
							<String ID="string_161" HPOS="654" VPOS="637" WIDTH="32" HEIGHT="20" WC="0.92" CONTENT="att"/><SP WIDTH="14" VPOS="637" HPOS="686"/>
							<String ID="string_162" HPOS="700" VPOS="635" WIDTH="143" HEIGHT="22" WC="0.91" CONTENT="kadettkåren"/><SP WIDTH="15" VPOS="635" HPOS="843"/>
							<String ID="string_163" HPOS="858" VPOS="635" WIDTH="34" HEIGHT="22" WC="0.96" CONTENT="vid"/>
						</TextLine>
						<TextLine ID="line_16" HPOS="67" VPOS="658" WIDTH="824" HEIGHT="33">
							<String ID="string_164" HPOS="67" VPOS="666" WIDTH="63" HEIGHT="21" WC="0.96" CONTENT="deras"/><SP WIDTH="24" VPOS="666" HPOS="130"/>
							<String ID="string_165" HPOS="154" VPOS="665" WIDTH="84" HEIGHT="21" WC="0.96" CONTENT="inträde"/><SP WIDTH="23" VPOS="665" HPOS="238"/>
							<String ID="string_166" HPOS="261" VPOS="671" WIDTH="45" HEIGHT="15" WC="0.92" CONTENT="som"/><SP WIDTH="23" VPOS="671" HPOS="306"/>
							<String ID="string_167" HPOS="329" VPOS="665" WIDTH="154" HEIGHT="26" WC="0.90" CONTENT="värnepligtiga"/><SP WIDTH="22" VPOS="665" HPOS="483"/>
							<String ID="string_168" HPOS="505" VPOS="664" WIDTH="85" HEIGHT="27" WC="0.96" CONTENT="spelade"/><SP WIDTH="23" VPOS="664" HPOS="590"/>
							<String ID="string_169" HPOS="613" VPOS="664" WIDTH="69" HEIGHT="27" WC="0.94" CONTENT="någon"/><SP WIDTH="23" VPOS="664" HPOS="682"/>
							<String ID="string_170" HPOS="705" VPOS="664" WIDTH="46" HEIGHT="21" WC="0.94" CONTENT="roll."/><SP WIDTH="31" VPOS="664" HPOS="751"/>
							<String ID="string_171" HPOS="782" VPOS="658" WIDTH="30" HEIGHT="27" WC="0.95" CONTENT="År"/><SP WIDTH="25" VPOS="658" HPOS="812"/>
							<String ID="string_172" HPOS="837" VPOS="664" WIDTH="54" HEIGHT="21" WC="0.95" CONTENT="1886"/>
						</TextLine>
						<TextLine ID="line_17" HPOS="67" VPOS="692" WIDTH="825" HEIGHT="29">
							<String ID="string_173" HPOS="67" VPOS="695" WIDTH="72" HEIGHT="26" WC="0.95" CONTENT="syntes"/><SP WIDTH="23" VPOS="695" HPOS="139"/>
							<String ID="string_174" HPOS="162" VPOS="694" WIDTH="36" HEIGHT="21" WC="0.96" CONTENT="det"/><SP WIDTH="22" VPOS="694" HPOS="198"/>
							<String ID="string_175" HPOS="220" VPOS="693" WIDTH="115" HEIGHT="27" WC="0.96" CONTENT="verkligen,"/><SP WIDTH="23" VPOS="693" HPOS="335"/>
							<String ID="string_176" HPOS="358" VPOS="699" WIDTH="45" HEIGHT="15" WC="0.96" CONTENT="som"/><SP WIDTH="23" VPOS="699" HPOS="403"/>
							<String ID="string_177" HPOS="426" VPOS="699" WIDTH="35" HEIGHT="15" WC="0.96" CONTENT="om"/><SP WIDTH="23" VPOS="699" HPOS="461"/>
							<String ID="string_178" HPOS="484" VPOS="693" WIDTH="25" HEIGHT="21" WC="0.95" CONTENT="de"/><SP WIDTH="16" VPOS="693" HPOS="509"/>
							<String ID="string_179" HPOS="525" VPOS="693" WIDTH="67" HEIGHT="20" WC="0.96" CONTENT="skulle"/><SP WIDTH="16" VPOS="693" HPOS="592"/>
							<String ID="string_180" HPOS="608" VPOS="692" WIDTH="64" HEIGHT="21" WC="0.93" CONTENT="hafva"/><SP WIDTH="14" VPOS="692" HPOS="672"/>
							<String ID="string_181" HPOS="686" VPOS="692" WIDTH="81" HEIGHT="21" WC="0.92" CONTENT="inträdt"/><SP WIDTH="14" VPOS="692" HPOS="767"/>
							<String ID="string_182" HPOS="781" VPOS="693" WIDTH="7" HEIGHT="20" WC="0.96" CONTENT="i"/><SP WIDTH="16" VPOS="693" HPOS="788"/>
							<String ID="string_183" HPOS="804" VPOS="692" WIDTH="12" HEIGHT="20" WC="0.92" CONTENT="2"/><SP WIDTH="16" VPOS="692" HPOS="816"/>
							<String ID="string_184" HPOS="832" VPOS="692" WIDTH="60" HEIGHT="21" WC="0.91" CONTENT="kate-"/>
						</TextLine>
						<TextLine ID="line_18" HPOS="66" VPOS="720" WIDTH="825" HEIGHT="29">
							<String ID="string_185" HPOS="66" VPOS="722" WIDTH="77" HEIGHT="27" WC="0.93" CONTENT="gorier,"/><SP WIDTH="16" VPOS="722" HPOS="143"/>
							<String ID="string_186" HPOS="159" VPOS="723" WIDTH="41" HEIGHT="20" WC="0.97" CONTENT="den"/><SP WIDTH="16" VPOS="723" HPOS="200"/>
							<String ID="string_187" HPOS="216" VPOS="728" WIDTH="39" HEIGHT="15" WC="0.96" CONTENT="ena"/><SP WIDTH="15" VPOS="728" HPOS="255"/>
							<String ID="string_188" HPOS="270" VPOS="722" WIDTH="7" HEIGHT="21" WC="0.96" CONTENT="i"/><SP WIDTH="15" VPOS="722" HPOS="277"/>
							<String ID="string_189" HPOS="292" VPOS="722" WIDTH="89" HEIGHT="21" WC="0.96" CONTENT="Januari"/><SP WIDTH="11" VPOS="722" HPOS="381"/>
							<String ID="string_190" HPOS="392" VPOS="721" WIDTH="53" HEIGHT="22" WC="0.93" CONTENT="efter"/><SP WIDTH="10" VPOS="721" HPOS="445"/>
							<String ID="string_191" HPOS="455" VPOS="721" WIDTH="69" HEIGHT="27" WC="0.92" CONTENT="afiagd"/><SP WIDTH="11" VPOS="721" HPOS="524"/>
							<String ID="string_192" HPOS="535" VPOS="721" WIDTH="175" HEIGHT="21" WC="0.96" CONTENT="studentexamen"/><SP WIDTH="11" VPOS="721" HPOS="710"/>
							<String ID="string_193" HPOS="721" VPOS="721" WIDTH="39" HEIGHT="21" WC="0.96" CONTENT="och"/><SP WIDTH="11" VPOS="721" HPOS="760"/>
							<String ID="string_194" HPOS="771" VPOS="721" WIDTH="41" HEIGHT="20" WC="0.96" CONTENT="den"/><SP WIDTH="12" VPOS="721" HPOS="812"/>
							<String ID="string_195" HPOS="824" VPOS="720" WIDTH="67" HEIGHT="21" WC="0.96" CONTENT="andra"/>
						</TextLine>
						<TextLine ID="line_19" HPOS="66" VPOS="749" WIDTH="825" HEIGHT="28">
							<String ID="string_196" HPOS="66" VPOS="751" WIDTH="66" HEIGHT="21" WC="0.96" CONTENT="sedan"/><SP WIDTH="14" VPOS="751" HPOS="132"/>
							<String ID="string_197" HPOS="146" VPOS="751" WIDTH="8" HEIGHT="20" WC="0.96" CONTENT="i"/><SP WIDTH="15" VPOS="751" HPOS="154"/>
							<String ID="string_198" HPOS="169" VPOS="751" WIDTH="75" HEIGHT="26" WC="0.96" CONTENT="början"/><SP WIDTH="15" VPOS="751" HPOS="244"/>
							<String ID="string_199" HPOS="259" VPOS="751" WIDTH="24" HEIGHT="20" WC="0.96" CONTENT="af"/><SP WIDTH="14" VPOS="751" HPOS="283"/>
							<String ID="string_200" HPOS="297" VPOS="750" WIDTH="95" HEIGHT="21" WC="0.96" CONTENT="Oktober"/><SP WIDTH="15" VPOS="750" HPOS="392"/>
							<String ID="string_201" HPOS="407" VPOS="750" WIDTH="35" HEIGHT="21" WC="0.93" CONTENT="vid"/><SP WIDTH="15" VPOS="750" HPOS="442"/>
							<String ID="string_202" HPOS="457" VPOS="750" WIDTH="261" HEIGHT="21" WC="0.92" CONTENT="universitets-terminens"/><SP WIDTH="15" VPOS="750" HPOS="718"/>
							<String ID="string_203" HPOS="733" VPOS="749" WIDTH="95" HEIGHT="21" WC="0.93" CONTENT="faktiska"/><SP WIDTH="14" VPOS="749" HPOS="828"/>
							<String ID="string_204" HPOS="842" VPOS="749" WIDTH="49" HEIGHT="21" WC="0.92" CONTENT="bör-"/>
						</TextLine>
						<TextLine ID="line_20" HPOS="64" VPOS="777" WIDTH="827" HEIGHT="30">
							<String ID="string_205" HPOS="64" VPOS="779" WIDTH="44" HEIGHT="28" WC="0.93" CONTENT="jan."/><SP WIDTH="31" VPOS="779" HPOS="108"/>
							<String ID="string_206" HPOS="139" VPOS="779" WIDTH="33" HEIGHT="22" WC="0.91" CONTENT="Dä"/><SP WIDTH="15" VPOS="779" HPOS="172"/>
							<String ID="string_207" HPOS="187" VPOS="779" WIDTH="58" HEIGHT="22" WC="0.97" CONTENT="tiden"/><SP WIDTH="16" VPOS="779" HPOS="245"/>
							<String ID="string_208" HPOS="261" VPOS="779" WIDTH="34" HEIGHT="22" WC="0.93" CONTENT="för"/><SP WIDTH="14" VPOS="779" HPOS="295"/>
							<String ID="string_209" HPOS="309" VPOS="779" WIDTH="83" HEIGHT="21" WC="0.92" CONTENT="inträde"/><SP WIDTH="16" VPOS="779" HPOS="392"/>
							<String ID="string_210" HPOS="408" VPOS="779" WIDTH="23" HEIGHT="21" WC="0.93" CONTENT="sä"/><SP WIDTH="16" VPOS="779" HPOS="431"/>
							<String ID="string_211" HPOS="447" VPOS="779" WIDTH="101" HEIGHT="26" WC="0.91" CONTENT="varierar,"/><SP WIDTH="15" VPOS="779" HPOS="548"/>
							<String ID="string_212" HPOS="563" VPOS="778" WIDTH="42" HEIGHT="21" WC="0.93" CONTENT="kan"/><SP WIDTH="17" VPOS="778" HPOS="605"/>
							<String ID="string_213" HPOS="622" VPOS="778" WIDTH="18" HEIGHT="27" WC="0.93" CONTENT="ej"/><SP WIDTH="16" VPOS="778" HPOS="640"/>
							<String ID="string_214" HPOS="656" VPOS="778" WIDTH="69" HEIGHT="27" WC="0.92" CONTENT="nägon"/><SP WIDTH="16" VPOS="778" HPOS="725"/>
							<String ID="string_215" HPOS="741" VPOS="777" WIDTH="128" HEIGHT="28" WC="0.92" CONTENT="grundregel"/><SP WIDTH="14" VPOS="777" HPOS="869"/>
							<String ID="string_216" HPOS="883" VPOS="778" WIDTH="8" HEIGHT="21" WC="0.96" CONTENT="i"/>
						</TextLine>
						<TextLine ID="line_21" HPOS="66" VPOS="806" WIDTH="824" HEIGHT="30">
							<String ID="string_217" HPOS="66" VPOS="809" WIDTH="81" HEIGHT="27" WC="0.93" CONTENT="princip"/><SP WIDTH="23" VPOS="809" HPOS="147"/>
							<String ID="string_218" HPOS="170" VPOS="808" WIDTH="124" HEIGHT="27" WC="0.89" CONTENT="uppställas."/><SP WIDTH="29" VPOS="808" HPOS="294"/>
							<String ID="string_219" HPOS="323" VPOS="808" WIDTH="126" HEIGHT="21" WC="0.92" CONTENT="Emellertid"/><SP WIDTH="22" VPOS="808" HPOS="449"/>
							<String ID="string_220" HPOS="471" VPOS="807" WIDTH="83" HEIGHT="22" WC="0.93" CONTENT="fordras"/><SP WIDTH="15" VPOS="807" HPOS="554"/>
							<String ID="string_221" HPOS="569" VPOS="808" WIDTH="33" HEIGHT="20" WC="0.93" CONTENT="för"/><SP WIDTH="15" VPOS="808" HPOS="602"/>
							<String ID="string_222" HPOS="617" VPOS="807" WIDTH="79" HEIGHT="21" WC="0.92" CONTENT="enhvar"/><SP WIDTH="15" VPOS="807" HPOS="696"/>
							<String ID="string_223" HPOS="711" VPOS="807" WIDTH="23" HEIGHT="20" WC="0.96" CONTENT="af"/><SP WIDTH="14" VPOS="807" HPOS="734"/>
							<String ID="string_224" HPOS="748" VPOS="807" WIDTH="62" HEIGHT="21" WC="0.93" CONTENT="dessa"/><SP WIDTH="14" VPOS="807" HPOS="810"/>
							<String ID="string_225" HPOS="824" VPOS="806" WIDTH="66" HEIGHT="21" WC="0.91" CONTENT="frivil-"/>
						</TextLine>
						<TextLine ID="line_22" HPOS="66" VPOS="835" WIDTH="823" HEIGHT="29">
							<String ID="string_226" HPOS="66" VPOS="838" WIDTH="41" HEIGHT="26" WC="0.92" CONTENT="lige"/><SP WIDTH="24" VPOS="838" HPOS="107"/>
							<String ID="string_227" HPOS="131" VPOS="844" WIDTH="25" HEIGHT="15" WC="0.96" CONTENT="en"/><SP WIDTH="23" VPOS="844" HPOS="156"/>
							<String ID="string_228" HPOS="179" VPOS="837" WIDTH="91" HEIGHT="22" WC="0.93" CONTENT="särskild"/><SP WIDTH="19" VPOS="837" HPOS="270"/>
							<String ID="string_229" HPOS="289" VPOS="837" WIDTH="75" HEIGHT="25" WC="0.92" CONTENT="lärare,"/><SP WIDTH="16" VPOS="837" HPOS="364"/>
							<String ID="string_230" HPOS="380" VPOS="843" WIDTH="45" HEIGHT="15" WC="0.93" CONTENT="som"/><SP WIDTH="16" VPOS="843" HPOS="425"/>
							<String ID="string_231" HPOS="441" VPOS="837" WIDTH="121" HEIGHT="26" WC="0.93" CONTENT="derigenom"/><SP WIDTH="16" VPOS="837" HPOS="562"/>
							<String ID="string_232" HPOS="578" VPOS="838" WIDTH="60" HEIGHT="25" WC="0.92" CONTENT="tages"/><SP WIDTH="16" VPOS="838" HPOS="638"/>
							<String ID="string_233" HPOS="654" VPOS="836" WIDTH="48" HEIGHT="21" WC="0.93" CONTENT="bort"/><SP WIDTH="14" VPOS="836" HPOS="702"/>
							<String ID="string_234" HPOS="716" VPOS="835" WIDTH="48" HEIGHT="22" WC="0.92" CONTENT="frän"/><SP WIDTH="15" VPOS="835" HPOS="764"/>
							<String ID="string_235" HPOS="779" VPOS="838" WIDTH="27" HEIGHT="19" WC="0.92" CONTENT="de"/><SP WIDTH="16" VPOS="838" HPOS="806"/>
							<String ID="string_236" HPOS="822" VPOS="835" WIDTH="67" HEIGHT="28" WC="0.92" CONTENT="öfriga"/>
						</TextLine>
						<TextLine ID="line_23" HPOS="67" VPOS="864" WIDTH="822" HEIGHT="29">
							<String ID="string_237" HPOS="67" VPOS="866" WIDTH="218" HEIGHT="27" WC="0.90" CONTENT="sysselsättningarne."/><SP WIDTH="31" VPOS="866" HPOS="285"/>
							<String ID="string_238" HPOS="316" VPOS="866" WIDTH="66" HEIGHT="20" WC="0.96" CONTENT="Detta"/><SP WIDTH="22" VPOS="866" HPOS="382"/>
							<String ID="string_239" HPOS="404" VPOS="867" WIDTH="24" HEIGHT="19" WC="0.96" CONTENT="är"/><SP WIDTH="22" VPOS="867" HPOS="428"/>
							<String ID="string_240" HPOS="450" VPOS="865" WIDTH="41" HEIGHT="21" WC="0.96" CONTENT="den"/><SP WIDTH="22" VPOS="865" HPOS="491"/>
							<String ID="string_241" HPOS="513" VPOS="867" WIDTH="59" HEIGHT="19" WC="0.93" CONTENT="stora"/><SP WIDTH="22" VPOS="867" HPOS="572"/>
							<String ID="string_242" HPOS="594" VPOS="864" WIDTH="119" HEIGHT="27" WC="0.92" CONTENT="olägenhet,"/><SP WIDTH="16" VPOS="864" HPOS="713"/>
							<String ID="string_243" HPOS="729" VPOS="870" WIDTH="46" HEIGHT="15" WC="0.96" CONTENT="som"/><SP WIDTH="23" VPOS="870" HPOS="775"/>
							<String ID="string_244" HPOS="798" VPOS="865" WIDTH="24" HEIGHT="20" WC="0.95" CONTENT="är"/><SP WIDTH="18" VPOS="865" HPOS="822"/>
							<String ID="string_245" HPOS="840" VPOS="864" WIDTH="49" HEIGHT="21" WC="0.96" CONTENT="med"/>
						</TextLine>
						<TextLine ID="line_24" HPOS="66" VPOS="888" WIDTH="822" HEIGHT="33">
							<String ID="string_246" HPOS="66" VPOS="895" WIDTH="41" HEIGHT="21" WC="0.96" CONTENT="den"/><SP WIDTH="22" VPOS="895" HPOS="107"/>
							<String ID="string_247" HPOS="129" VPOS="901" WIDTH="30" HEIGHT="15" WC="0.95" CONTENT="nu"/><SP WIDTH="21" VPOS="901" HPOS="159"/>
							<String ID="string_248" HPOS="180" VPOS="895" WIDTH="99" HEIGHT="26" WC="0.93" CONTENT="gällande"/><SP WIDTH="24" VPOS="895" HPOS="279"/>
							<String ID="string_249" HPOS="303" VPOS="895" WIDTH="116" HEIGHT="26" WC="0.93" CONTENT="ordningen"/><SP WIDTH="21" VPOS="895" HPOS="419"/>
							<String ID="string_250" HPOS="440" VPOS="888" WIDTH="96" HEIGHT="27" WC="0.92" CONTENT="förenad."/><SP WIDTH="30" VPOS="888" HPOS="536"/>
							<String ID="string_251" HPOS="566" VPOS="893" WIDTH="41" HEIGHT="27" WC="0.93" CONTENT="Jag"/><SP WIDTH="22" VPOS="893" HPOS="607"/>
							<String ID="string_252" HPOS="629" VPOS="893" WIDTH="92" HEIGHT="26" WC="0.93" CONTENT="begärde"/><SP WIDTH="21" VPOS="893" HPOS="721"/>
							<String ID="string_253" HPOS="742" VPOS="893" WIDTH="62" HEIGHT="21" WC="0.93" CONTENT="ordet"/><SP WIDTH="14" VPOS="893" HPOS="804"/>
							<String ID="string_254" HPOS="818" VPOS="892" WIDTH="70" HEIGHT="22" WC="0.93" CONTENT="säsom"/>
						</TextLine>
						<TextLine ID="line_25" HPOS="66" VPOS="921" WIDTH="823" HEIGHT="30">
							<String ID="string_255" HPOS="66" VPOS="923" WIDTH="63" HEIGHT="28" WC="0.92" CONTENT="sagdt"/><SP WIDTH="22" VPOS="923" HPOS="129"/>
							<String ID="string_256" HPOS="151" VPOS="924" WIDTH="75" HEIGHT="21" WC="0.96" CONTENT="endast"/><SP WIDTH="15" VPOS="924" HPOS="226"/>
							<String ID="string_257" HPOS="241" VPOS="923" WIDTH="33" HEIGHT="21" WC="0.96" CONTENT="för"/><SP WIDTH="15" VPOS="923" HPOS="274"/>
							<String ID="string_258" HPOS="289" VPOS="925" WIDTH="32" HEIGHT="19" WC="0.93" CONTENT="att"/><SP WIDTH="15" VPOS="925" HPOS="321"/>
							<String ID="string_259" HPOS="336" VPOS="923" WIDTH="95" HEIGHT="21" WC="0.92" CONTENT="bevittna"/><SP WIDTH="15" VPOS="923" HPOS="431"/>
							<String ID="string_260" HPOS="446" VPOS="923" WIDTH="26" HEIGHT="20" WC="0.93" CONTENT="de"/><SP WIDTH="16" VPOS="923" HPOS="472"/>
							<String ID="string_261" HPOS="488" VPOS="922" WIDTH="55" HEIGHT="21" WC="0.92" CONTENT="bäda"/><SP WIDTH="16" VPOS="922" HPOS="543"/>
							<String ID="string_262" HPOS="559" VPOS="922" WIDTH="65" HEIGHT="21" WC="0.92" CONTENT="ärade"/><SP WIDTH="15" VPOS="922" HPOS="624"/>
							<String ID="string_263" HPOS="639" VPOS="922" WIDTH="105" HEIGHT="20" WC="0.93" CONTENT="talarenes"/><SP WIDTH="15" VPOS="922" HPOS="744"/>
							<String ID="string_264" HPOS="759" VPOS="921" WIDTH="130" HEIGHT="27" WC="0.92" CONTENT="fullkomligt"/>
						</TextLine>
						<TextLine ID="line_26" HPOS="65" VPOS="949" WIDTH="824" HEIGHT="30">
							<String ID="string_265" HPOS="65" VPOS="952" WIDTH="80" HEIGHT="27" WC="0.92" CONTENT="riktiga"/><SP WIDTH="23" VPOS="952" HPOS="145"/>
							<String ID="string_266" HPOS="168" VPOS="952" WIDTH="61" HEIGHT="26" WC="0.91" CONTENT="äsigt,"/><SP WIDTH="24" VPOS="952" HPOS="229"/>
							<String ID="string_267" HPOS="253" VPOS="958" WIDTH="47" HEIGHT="14" WC="0.96" CONTENT="men"/><SP WIDTH="15" VPOS="958" HPOS="300"/>
							<String ID="string_268" HPOS="315" VPOS="951" WIDTH="36" HEIGHT="27" WC="0.93" CONTENT="jag"/><SP WIDTH="15" VPOS="951" HPOS="351"/>
							<String ID="string_269" HPOS="366" VPOS="951" WIDTH="140" HEIGHT="21" WC="0.93" CONTENT="understöder"/><SP WIDTH="16" VPOS="951" HPOS="506"/>
							<String ID="string_270" HPOS="522" VPOS="951" WIDTH="46" HEIGHT="20" WC="0.93" CONTENT="dem"/><SP WIDTH="16" VPOS="951" HPOS="568"/>
							<String ID="string_271" HPOS="584" VPOS="950" WIDTH="46" HEIGHT="21" WC="0.92" CONTENT="icke"/><SP WIDTH="16" VPOS="950" HPOS="630"/>
							<String ID="string_272" HPOS="646" VPOS="950" WIDTH="28" HEIGHT="26" WC="0.97" CONTENT="pä"/><SP WIDTH="14" VPOS="950" HPOS="674"/>
							<String ID="string_273" HPOS="688" VPOS="950" WIDTH="68" HEIGHT="26" WC="0.96" CONTENT="grund"/><SP WIDTH="16" VPOS="950" HPOS="756"/>
							<String ID="string_274" HPOS="772" VPOS="949" WIDTH="23" HEIGHT="21" WC="0.96" CONTENT="af"/><SP WIDTH="13" VPOS="949" HPOS="795"/>
							<String ID="string_275" HPOS="808" VPOS="956" WIDTH="81" HEIGHT="14" WC="0.96" CONTENT="samma"/>
						</TextLine>
						<TextLine ID="line_27" HPOS="56" VPOS="977" WIDTH="833" HEIGHT="30">
							<String ID="string_276" HPOS="56" VPOS="980" WIDTH="62" HEIGHT="26" WC="0.74" CONTENT="&quot;skäl,"/><SP WIDTH="9" VPOS="980" HPOS="118"/>
							<String ID="string_277" HPOS="127" VPOS="986" WIDTH="46" HEIGHT="16" WC="0.96" CONTENT="som"/><SP WIDTH="13" VPOS="986" HPOS="173"/>
							<String ID="string_278" HPOS="186" VPOS="980" WIDTH="37" HEIGHT="27" WC="0.93" CONTENT="jag"/><SP WIDTH="14" VPOS="980" HPOS="223"/>
							<String ID="string_279" HPOS="237" VPOS="980" WIDTH="46" HEIGHT="21" WC="0.96" CONTENT="icke"/><SP WIDTH="16" VPOS="980" HPOS="283"/>
							<String ID="string_280" HPOS="299" VPOS="980" WIDTH="143" HEIGHT="21" WC="0.92" CONTENT="understödde"/><SP WIDTH="15" VPOS="980" HPOS="442"/>
							<String ID="string_281" HPOS="457" VPOS="979" WIDTH="57" HEIGHT="21" WC="0.84" CONTENT="Frih."/><SP WIDTH="11" VPOS="979" HPOS="514"/>
							<String ID="string_282" HPOS="525" VPOS="978" WIDTH="89" HEIGHT="22" WC="0.92" CONTENT="Wredes"/><SP WIDTH="10" VPOS="978" HPOS="614"/>
							<String ID="string_283" HPOS="624" VPOS="978" WIDTH="80" HEIGHT="26" WC="0.93" CONTENT="förslag"/><SP WIDTH="9" VPOS="978" HPOS="704"/>
							<String ID="string_284" HPOS="713" VPOS="977" WIDTH="109" HEIGHT="27" WC="0.93" CONTENT="angående"/><SP WIDTH="11" VPOS="977" HPOS="822"/>
							<String ID="string_285" HPOS="833" VPOS="977" WIDTH="56" HEIGHT="22" WC="0.93" CONTENT="före-"/>
						</TextLine>
						<TextLine ID="line_28" HPOS="64" VPOS="1008" WIDTH="114" HEIGHT="28">
							<String ID="string_286" HPOS="64" VPOS="1008" WIDTH="81" HEIGHT="28" WC="0.91" CONTENT="gäende"/><SP WIDTH="17" VPOS="1008" HPOS="145"/>
							<String ID="string_287" HPOS="162" VPOS="1010" WIDTH="16" HEIGHT="25" WC="0.88" CONTENT="$."/>
						</TextLine>
					</TextBlock>
				</ComposedBlock>
				<ComposedBlock ID="cblock_3" HPOS="59" VPOS="1065" WIDTH="829" HEIGHT="514">
					<TextBlock ID="block_2" HPOS="59" VPOS="1065" WIDTH="829" HEIGHT="514">
						<TextLine ID="line_29" HPOS="72" VPOS="1065" WIDTH="816" HEIGHT="28">
							<String ID="string_288" HPOS="72" VPOS="1080" WIDTH="2" HEIGHT="2" WC="0.19" CONTENT="5"/><SP WIDTH="58" VPOS="1080" HPOS="74"/>
							<String ID="string_289" HPOS="132" VPOS="1066" WIDTH="33" HEIGHT="21" WC="0.92" CONTENT="Hr"/><SP WIDTH="14" VPOS="1066" HPOS="165"/>
							<String ID="string_290" HPOS="179" VPOS="1066" WIDTH="24" HEIGHT="21" WC="0.90" CONTENT="L."/><SP WIDTH="16" VPOS="1066" HPOS="203"/>
							<String ID="string_291" HPOS="219" VPOS="1065" WIDTH="175" HEIGHT="28" WC="0.96" CONTENT="Gripenberg:"/><SP WIDTH="30" VPOS="1065" HPOS="394"/>
							<String ID="string_292" HPOS="424" VPOS="1065" WIDTH="34" HEIGHT="22" WC="0.96" CONTENT="Då"/><SP WIDTH="14" VPOS="1065" HPOS="458"/>
							<String ID="string_293" HPOS="472" VPOS="1066" WIDTH="37" HEIGHT="21" WC="0.96" CONTENT="det"/><SP WIDTH="15" VPOS="1066" HPOS="509"/>
							<String ID="string_294" HPOS="524" VPOS="1065" WIDTH="23" HEIGHT="22" WC="0.96" CONTENT="af"/><SP WIDTH="12" VPOS="1065" HPOS="547"/>
							<String ID="string_295" HPOS="559" VPOS="1065" WIDTH="32" HEIGHT="21" WC="0.92" CONTENT="Hr"/><SP WIDTH="15" VPOS="1065" HPOS="591"/>
							<String ID="string_296" HPOS="606" VPOS="1065" WIDTH="147" HEIGHT="28" WC="0.92" CONTENT="Wasastjerna"/><SP WIDTH="14" VPOS="1065" HPOS="753"/>
							<String ID="string_297" HPOS="767" VPOS="1065" WIDTH="78" HEIGHT="22" WC="0.93" CONTENT="väckta"/><SP WIDTH="9" VPOS="1065" HPOS="845"/>
							<String ID="string_298" HPOS="854" VPOS="1072" WIDTH="34" HEIGHT="21" WC="0.93" CONTENT="yr-"/>
						</TextLine>
						<TextLine ID="line_30" HPOS="62" VPOS="1094" WIDTH="824" HEIGHT="28">
							<String ID="string_299" HPOS="62" VPOS="1095" WIDTH="71" HEIGHT="21" WC="0.96" CONTENT="kande"/><SP WIDTH="15" VPOS="1095" HPOS="133"/>
							<String ID="string_300" HPOS="148" VPOS="1095" WIDTH="7" HEIGHT="21" WC="0.96" CONTENT="i"/><SP WIDTH="15" VPOS="1095" HPOS="155"/>
							<String ID="string_301" HPOS="170" VPOS="1094" WIDTH="61" HEIGHT="27" WC="0.96" CONTENT="fråga"/><SP WIDTH="22" VPOS="1094" HPOS="231"/>
							<String ID="string_302" HPOS="253" VPOS="1101" WIDTH="34" HEIGHT="15" WC="0.96" CONTENT="om"/><SP WIDTH="24" VPOS="1101" HPOS="287"/>
							<String ID="string_303" HPOS="311" VPOS="1096" WIDTH="26" HEIGHT="20" WC="0.92" CONTENT="de"/><SP WIDTH="19" VPOS="1096" HPOS="337"/>
							<String ID="string_304" HPOS="356" VPOS="1095" WIDTH="109" HEIGHT="27" WC="0.92" CONTENT="frivilliges"/><SP WIDTH="15" VPOS="1095" HPOS="465"/>
							<String ID="string_305" HPOS="480" VPOS="1095" WIDTH="84" HEIGHT="21" WC="0.96" CONTENT="inträde"/><SP WIDTH="14" VPOS="1095" HPOS="564"/>
							<String ID="string_306" HPOS="578" VPOS="1095" WIDTH="7" HEIGHT="21" WC="0.93" CONTENT="i"/><SP WIDTH="15" VPOS="1095" HPOS="585"/>
							<String ID="string_307" HPOS="600" VPOS="1094" WIDTH="66" HEIGHT="27" WC="0.92" CONTENT="tjenst"/><SP WIDTH="14" VPOS="1094" HPOS="666"/>
							<String ID="string_308" HPOS="680" VPOS="1095" WIDTH="74" HEIGHT="21" WC="0.96" CONTENT="vunnit"/><SP WIDTH="15" VPOS="1095" HPOS="754"/>
							<String ID="string_309" HPOS="769" VPOS="1095" WIDTH="117" HEIGHT="21" WC="0.96" CONTENT="understöd"/>
						</TextLine>
						<TextLine ID="line_31" HPOS="63" VPOS="1123" WIDTH="824" HEIGHT="27">
							<String ID="string_310" HPOS="63" VPOS="1124" WIDTH="40" HEIGHT="21" WC="0.96" CONTENT="och"/><SP WIDTH="14" VPOS="1124" HPOS="103"/>
							<String ID="string_311" HPOS="117" VPOS="1123" WIDTH="84" HEIGHT="22" WC="0.96" CONTENT="således"/><SP WIDTH="18" VPOS="1123" HPOS="201"/>
							<String ID="string_312" HPOS="219" VPOS="1123" WIDTH="96" HEIGHT="22" WC="0.96" CONTENT="kommer"/><SP WIDTH="15" VPOS="1123" HPOS="315"/>
							<String ID="string_313" HPOS="330" VPOS="1124" WIDTH="67" HEIGHT="20" WC="0.95" CONTENT="under"/><SP WIDTH="15" VPOS="1124" HPOS="397"/>
							<String ID="string_314" HPOS="412" VPOS="1124" WIDTH="138" HEIGHT="26" WC="0.96" CONTENT="omröstning,"/><SP WIDTH="16" VPOS="1124" HPOS="550"/>
							<String ID="string_315" HPOS="566" VPOS="1123" WIDTH="24" HEIGHT="21" WC="0.96" CONTENT="så"/><SP WIDTH="14" VPOS="1123" HPOS="590"/>
							<String ID="string_316" HPOS="604" VPOS="1123" WIDTH="40" HEIGHT="21" WC="0.96" CONTENT="har"/><SP WIDTH="12" VPOS="1123" HPOS="644"/>
							<String ID="string_317" HPOS="656" VPOS="1124" WIDTH="37" HEIGHT="26" WC="0.96" CONTENT="jag"/><SP WIDTH="14" VPOS="1124" HPOS="693"/>
							<String ID="string_318" HPOS="707" VPOS="1125" WIDTH="54" HEIGHT="19" WC="0.96" CONTENT="trott"/><SP WIDTH="15" VPOS="1125" HPOS="761"/>
							<String ID="string_319" HPOS="776" VPOS="1124" WIDTH="43" HEIGHT="26" WC="0.96" CONTENT="mig"/><SP WIDTH="15" VPOS="1124" HPOS="819"/>
							<String ID="string_320" HPOS="834" VPOS="1124" WIDTH="53" HEIGHT="20" WC="0.96" CONTENT="böra"/>
						</TextLine>
						<TextLine ID="line_32" HPOS="61" VPOS="1151" WIDTH="826" HEIGHT="28">
							<String ID="string_321" HPOS="61" VPOS="1152" WIDTH="115" HEIGHT="22" WC="0.96" CONTENT="framhålla"/><SP WIDTH="21" VPOS="1152" HPOS="176"/>
							<String ID="string_322" HPOS="197" VPOS="1158" WIDTH="26" HEIGHT="15" WC="0.96" CONTENT="en"/><SP WIDTH="24" VPOS="1158" HPOS="223"/>
							<String ID="string_323" HPOS="247" VPOS="1152" WIDTH="163" HEIGHT="26" WC="0.96" CONTENT="omständighet,"/><SP WIDTH="17" VPOS="1152" HPOS="410"/>
							<String ID="string_324" HPOS="427" VPOS="1158" WIDTH="45" HEIGHT="15" WC="0.96" CONTENT="som"/><SP WIDTH="15" VPOS="1158" HPOS="472"/>
							<String ID="string_325" HPOS="487" VPOS="1152" WIDTH="74" HEIGHT="21" WC="0.96" CONTENT="härvid"/><SP WIDTH="15" VPOS="1152" HPOS="561"/>
							<String ID="string_326" HPOS="576" VPOS="1151" WIDTH="47" HEIGHT="22" WC="0.96" CONTENT="icke"/><SP WIDTH="16" VPOS="1151" HPOS="623"/>
							<String ID="string_327" HPOS="639" VPOS="1151" WIDTH="66" HEIGHT="22" WC="0.93" CONTENT="borde"/><SP WIDTH="14" VPOS="1151" HPOS="705"/>
							<String ID="string_328" HPOS="719" VPOS="1152" WIDTH="97" HEIGHT="21" WC="0.92" CONTENT="förbises."/><SP WIDTH="30" VPOS="1152" HPOS="816"/>
							<String ID="string_329" HPOS="846" VPOS="1152" WIDTH="41" HEIGHT="27" WC="0.96" CONTENT="Jag"/>
						</TextLine>
						<TextLine ID="line_33" HPOS="61" VPOS="1180" WIDTH="825" HEIGHT="27">
							<String ID="string_330" HPOS="61" VPOS="1180" WIDTH="40" HEIGHT="22" WC="0.96" CONTENT="ber"/><SP WIDTH="14" VPOS="1180" HPOS="101"/>
							<String ID="string_331" HPOS="115" VPOS="1180" WIDTH="7" HEIGHT="22" WC="0.96" CONTENT="i"/><SP WIDTH="15" VPOS="1180" HPOS="122"/>
							<String ID="string_332" HPOS="137" VPOS="1181" WIDTH="60" HEIGHT="21" WC="0.96" CONTENT="detta"/><SP WIDTH="22" VPOS="1181" HPOS="197"/>
							<String ID="string_333" HPOS="219" VPOS="1180" WIDTH="100" HEIGHT="22" WC="0.96" CONTENT="afseende"/><SP WIDTH="22" VPOS="1180" HPOS="319"/>
							<String ID="string_334" HPOS="341" VPOS="1181" WIDTH="21" HEIGHT="21" WC="0.95" CONTENT="få"/><SP WIDTH="15" VPOS="1181" HPOS="362"/>
							<String ID="string_335" HPOS="377" VPOS="1180" WIDTH="88" HEIGHT="22" WC="0.96" CONTENT="hänvisa"/><SP WIDTH="17" VPOS="1180" HPOS="465"/>
							<String ID="string_336" HPOS="482" VPOS="1180" WIDTH="32" HEIGHT="21" WC="0.96" CONTENT="till"/><SP WIDTH="15" VPOS="1180" HPOS="514"/>
							<String ID="string_337" HPOS="529" VPOS="1180" WIDTH="153" HEIGHT="27" WC="0.96" CONTENT="motiveringen"/><SP WIDTH="15" VPOS="1180" HPOS="682"/>
							<String ID="string_338" HPOS="697" VPOS="1180" WIDTH="27" HEIGHT="27" WC="0.96" CONTENT="på"/><SP WIDTH="15" VPOS="1180" HPOS="724"/>
							<String ID="string_339" HPOS="739" VPOS="1181" WIDTH="40" HEIGHT="21" WC="0.96" CONTENT="sid."/><SP WIDTH="16" VPOS="1181" HPOS="779"/>
							<String ID="string_340" HPOS="795" VPOS="1181" WIDTH="13" HEIGHT="20" WC="0.96" CONTENT="2"/><SP WIDTH="15" VPOS="1181" HPOS="808"/>
							<String ID="string_341" HPOS="823" VPOS="1181" WIDTH="7" HEIGHT="21" WC="0.96" CONTENT="i"/><SP WIDTH="16" VPOS="1181" HPOS="830"/>
							<String ID="string_342" HPOS="846" VPOS="1180" WIDTH="40" HEIGHT="22" WC="0.96" CONTENT="den"/>
						</TextLine>
						<TextLine ID="line_34" HPOS="61" VPOS="1209" WIDTH="825" HEIGHT="27">
							<String ID="string_343" HPOS="61" VPOS="1209" WIDTH="49" HEIGHT="21" WC="0.95" CONTENT="nåd."/><SP WIDTH="22" VPOS="1209" HPOS="110"/>
							<String ID="string_344" HPOS="132" VPOS="1215" WIDTH="60" HEIGHT="21" WC="0.96" CONTENT="prop."/><SP WIDTH="31" VPOS="1215" HPOS="192"/>
							<String ID="string_345" HPOS="223" VPOS="1209" WIDTH="42" HEIGHT="21" WC="0.96" CONTENT="Det"/><SP WIDTH="22" VPOS="1209" HPOS="265"/>
							<String ID="string_346" HPOS="287" VPOS="1210" WIDTH="62" HEIGHT="20" WC="0.93" CONTENT="heter"/><SP WIDTH="17" VPOS="1210" HPOS="349"/>
							<String ID="string_347" HPOS="366" VPOS="1210" WIDTH="55" HEIGHT="20" WC="0.92" CONTENT="deri:"/><SP WIDTH="31" VPOS="1210" HPOS="421"/>
							<String ID="string_348" HPOS="452" VPOS="1209" WIDTH="61" HEIGHT="25" WC="0.87" CONTENT=",Den"/><SP WIDTH="15" VPOS="1209" HPOS="513"/>
							<String ID="string_349" HPOS="528" VPOS="1210" WIDTH="7" HEIGHT="20" WC="0.96" CONTENT="i"/><SP WIDTH="15" VPOS="1210" HPOS="535"/>
							<String ID="string_350" HPOS="550" VPOS="1210" WIDTH="10" HEIGHT="25" WC="0.77" CONTENT="&amp;"/><SP WIDTH="17" VPOS="1210" HPOS="560"/>
							<String ID="string_351" HPOS="577" VPOS="1209" WIDTH="27" HEIGHT="21" WC="0.93" CONTENT="93"/><SP WIDTH="15" VPOS="1209" HPOS="604"/>
							<String ID="string_352" HPOS="619" VPOS="1209" WIDTH="108" HEIGHT="27" WC="0.91" CONTENT="medgifna"/><SP WIDTH="14" VPOS="1209" HPOS="727"/>
							<String ID="string_353" HPOS="741" VPOS="1210" WIDTH="45" HEIGHT="20" WC="0.96" CONTENT="rätt"/><SP WIDTH="14" VPOS="1210" HPOS="786"/>
							<String ID="string_354" HPOS="800" VPOS="1209" WIDTH="34" HEIGHT="21" WC="0.93" CONTENT="för"/><SP WIDTH="14" VPOS="1209" HPOS="834"/>
							<String ID="string_355" HPOS="848" VPOS="1209" WIDTH="38" HEIGHT="21" WC="0.93" CONTENT="fri-"/>
						</TextLine>
						<TextLine ID="line_35" HPOS="61" VPOS="1237" WIDTH="824" HEIGHT="27">
							<String ID="string_356" HPOS="61" VPOS="1238" WIDTH="71" HEIGHT="26" WC="0.92" CONTENT="villige"/><SP WIDTH="22" VPOS="1238" HPOS="132"/>
							<String ID="string_357" HPOS="154" VPOS="1239" WIDTH="34" HEIGHT="19" WC="0.93" CONTENT="att"/><SP WIDTH="17" VPOS="1239" HPOS="188"/>
							<String ID="string_358" HPOS="205" VPOS="1238" WIDTH="62" HEIGHT="21" WC="0.96" CONTENT="träda"/><SP WIDTH="15" VPOS="1238" HPOS="267"/>
							<String ID="string_359" HPOS="282" VPOS="1238" WIDTH="7" HEIGHT="20" WC="0.93" CONTENT="i"/><SP WIDTH="16" VPOS="1238" HPOS="289"/>
							<String ID="string_360" HPOS="305" VPOS="1238" WIDTH="64" HEIGHT="26" WC="0.92" CONTENT="tjenst"/><SP WIDTH="15" VPOS="1238" HPOS="369"/>
							<String ID="string_361" HPOS="384" VPOS="1237" WIDTH="12" HEIGHT="21" WC="0.92" CONTENT="å"/><SP WIDTH="15" VPOS="1237" HPOS="396"/>
							<String ID="string_362" HPOS="411" VPOS="1238" WIDTH="86" HEIGHT="20" WC="0.96" CONTENT="hvilken"/><SP WIDTH="15" VPOS="1238" HPOS="497"/>
							<String ID="string_363" HPOS="512" VPOS="1238" WIDTH="30" HEIGHT="20" WC="0.97" CONTENT="tid"/><SP WIDTH="16" VPOS="1238" HPOS="542"/>
							<String ID="string_364" HPOS="558" VPOS="1237" WIDTH="22" HEIGHT="21" WC="0.93" CONTENT="af"/><SP WIDTH="14" VPOS="1237" HPOS="580"/>
							<String ID="string_365" HPOS="594" VPOS="1237" WIDTH="46" HEIGHT="21" WC="0.96" CONTENT="året"/><SP WIDTH="16" VPOS="1237" HPOS="640"/>
							<String ID="string_366" HPOS="656" VPOS="1244" WIDTH="45" HEIGHT="15" WC="0.96" CONTENT="som"/><SP WIDTH="15" VPOS="1244" HPOS="701"/>
							<String ID="string_367" HPOS="716" VPOS="1238" WIDTH="56" HEIGHT="20" WC="0.96" CONTENT="helst"/><SP WIDTH="14" VPOS="1238" HPOS="772"/>
							<String ID="string_368" HPOS="786" VPOS="1237" WIDTH="46" HEIGHT="25" WC="0.93" CONTENT="har,"/><SP WIDTH="17" VPOS="1237" HPOS="832"/>
							<String ID="string_369" HPOS="849" VPOS="1243" WIDTH="36" HEIGHT="16" WC="0.92" CONTENT="en-"/>
						</TextLine>
						<TextLine ID="line_36" HPOS="61" VPOS="1266" WIDTH="825" HEIGHT="27">
							<String ID="string_370" HPOS="61" VPOS="1266" WIDTH="39" HEIGHT="27" WC="0.95" CONTENT="ligt"/><SP WIDTH="23" VPOS="1266" HPOS="100"/>
							<String ID="string_371" HPOS="123" VPOS="1266" WIDTH="55" HEIGHT="21" WC="0.95" CONTENT="hvad"/><SP WIDTH="23" VPOS="1266" HPOS="178"/>
							<String ID="string_372" HPOS="201" VPOS="1266" WIDTH="149" HEIGHT="22" WC="0.95" CONTENT="erfarenheten"/><SP WIDTH="20" VPOS="1266" HPOS="350"/>
							<String ID="string_373" HPOS="370" VPOS="1266" WIDTH="121" HEIGHT="27" WC="0.96" CONTENT="ådagalagt,"/><SP WIDTH="15" VPOS="1266" HPOS="491"/>
							<String ID="string_374" HPOS="506" VPOS="1266" WIDTH="106" HEIGHT="21" WC="0.96" CONTENT="försvårat"/><SP WIDTH="16" VPOS="1266" HPOS="612"/>
							<String ID="string_375" HPOS="628" VPOS="1266" WIDTH="25" HEIGHT="21" WC="0.93" CONTENT="de"/><SP WIDTH="15" VPOS="1266" HPOS="653"/>
							<String ID="string_376" HPOS="668" VPOS="1266" WIDTH="109" HEIGHT="26" WC="0.93" CONTENT="frivilliges"/><SP WIDTH="15" VPOS="1266" HPOS="777"/>
							<String ID="string_377" HPOS="792" VPOS="1266" WIDTH="94" HEIGHT="21" WC="0.96" CONTENT="militära"/>
						</TextLine>
						<TextLine ID="line_37" HPOS="61" VPOS="1295" WIDTH="823" HEIGHT="27">
							<String ID="string_378" HPOS="61" VPOS="1295" WIDTH="120" HEIGHT="27" WC="0.96" CONTENT="utbildning"/><SP WIDTH="23" VPOS="1295" HPOS="181"/>
							<String ID="string_379" HPOS="204" VPOS="1295" WIDTH="39" HEIGHT="21" WC="0.96" CONTENT="och"/><SP WIDTH="20" VPOS="1295" HPOS="243"/>
							<String ID="string_380" HPOS="263" VPOS="1296" WIDTH="100" HEIGHT="20" WC="0.96" CONTENT="störande"/><SP WIDTH="16" VPOS="1296" HPOS="363"/>
							<String ID="string_381" HPOS="379" VPOS="1295" WIDTH="87" HEIGHT="26" WC="0.96" CONTENT="ingripit"/><SP WIDTH="14" VPOS="1295" HPOS="466"/>
							<String ID="string_382" HPOS="480" VPOS="1295" WIDTH="7" HEIGHT="21" WC="0.96" CONTENT="i"/><SP WIDTH="16" VPOS="1295" HPOS="487"/>
							<String ID="string_383" HPOS="503" VPOS="1295" WIDTH="39" HEIGHT="21" WC="0.96" CONTENT="den"/><SP WIDTH="16" VPOS="1295" HPOS="542"/>
							<String ID="string_384" HPOS="558" VPOS="1295" WIDTH="62" HEIGHT="26" WC="0.93" CONTENT="eljest"/><SP WIDTH="14" VPOS="1295" HPOS="620"/>
							<String ID="string_385" HPOS="634" VPOS="1295" WIDTH="142" HEIGHT="27" WC="0.90" CONTENT="planmässiga"/><SP WIDTH="14" VPOS="1295" HPOS="776"/>
							<String ID="string_386" HPOS="790" VPOS="1295" WIDTH="94" HEIGHT="27" WC="0.92" CONTENT="fortgån-"/>
						</TextLine>
						<TextLine ID="line_38" HPOS="60" VPOS="1322" WIDTH="824" HEIGHT="29">
							<String ID="string_387" HPOS="60" VPOS="1330" WIDTH="41" HEIGHT="21" WC="0.96" CONTENT="gen"/><SP WIDTH="15" VPOS="1330" HPOS="101"/>
							<String ID="string_388" HPOS="116" VPOS="1323" WIDTH="23" HEIGHT="21" WC="0.96" CONTENT="af"/><SP WIDTH="14" VPOS="1323" HPOS="139"/>
							<String ID="string_389" HPOS="153" VPOS="1324" WIDTH="177" HEIGHT="26" WC="0.96" CONTENT="undervisningen"/><SP WIDTH="16" VPOS="1324" HPOS="330"/>
							<String ID="string_390" HPOS="346" VPOS="1324" WIDTH="34" HEIGHT="21" WC="0.96" CONTENT="vid"/><SP WIDTH="15" VPOS="1324" HPOS="380"/>
							<String ID="string_391" HPOS="395" VPOS="1327" WIDTH="122" HEIGHT="23" WC="0.93" CONTENT="trupperna."/><SP WIDTH="21" VPOS="1327" HPOS="517"/>
							<String ID="string_392" HPOS="538" VPOS="1322" WIDTH="171" HEIGHT="28" WC="0.91" CONTENT="Olägenheterna"/><SP WIDTH="15" VPOS="1322" HPOS="709"/>
							<String ID="string_393" HPOS="724" VPOS="1323" WIDTH="23" HEIGHT="21" WC="0.96" CONTENT="af"/><SP WIDTH="10" VPOS="1323" HPOS="747"/>
							<String ID="string_394" HPOS="757" VPOS="1324" WIDTH="60" HEIGHT="21" WC="0.93" CONTENT="detta"/><SP WIDTH="11" VPOS="1324" HPOS="817"/>
							<String ID="string_395" HPOS="828" VPOS="1324" WIDTH="56" HEIGHT="20" WC="0.91" CONTENT="stad-"/>
						</TextLine>
						<TextLine ID="line_39" HPOS="59" VPOS="1352" WIDTH="824" HEIGHT="27">
							<String ID="string_396" HPOS="59" VPOS="1353" WIDTH="69" HEIGHT="26" WC="0.93" CONTENT="gande"/><SP WIDTH="23" VPOS="1353" HPOS="128"/>
							<String ID="string_397" HPOS="151" VPOS="1352" WIDTH="69" HEIGHT="21" WC="0.89" CONTENT="blefve"/><SP WIDTH="23" VPOS="1352" HPOS="220"/>
							<String ID="string_398" HPOS="243" VPOS="1353" WIDTH="101" HEIGHT="21" WC="0.96" CONTENT="särskildt"/><SP WIDTH="22" VPOS="1353" HPOS="344"/>
							<String ID="string_399" HPOS="366" VPOS="1352" WIDTH="34" HEIGHT="21" WC="0.95" CONTENT="vid"/><SP WIDTH="23" VPOS="1352" HPOS="400"/>
							<String ID="string_400" HPOS="423" VPOS="1352" WIDTH="123" HEIGHT="21" WC="0.95" CONTENT="kavalleriet"/><SP WIDTH="23" VPOS="1352" HPOS="546"/>
							<String ID="string_401" HPOS="569" VPOS="1352" WIDTH="23" HEIGHT="20" WC="0.96" CONTENT="så"/><SP WIDTH="15" VPOS="1352" HPOS="592"/>
							<String ID="string_402" HPOS="607" VPOS="1352" WIDTH="85" HEIGHT="27" WC="0.96" CONTENT="mycket"/><SP WIDTH="14" VPOS="1352" HPOS="692"/>
							<String ID="string_403" HPOS="706" VPOS="1358" WIDTH="59" HEIGHT="15" WC="0.93" CONTENT="mera"/><SP WIDTH="15" VPOS="1358" HPOS="765"/>
							<String ID="string_404" HPOS="780" VPOS="1352" WIDTH="103" HEIGHT="26" WC="0.92" CONTENT="känbara,"/>
						</TextLine>
						<TextLine ID="line_40" HPOS="60" VPOS="1380" WIDTH="823" HEIGHT="27">
							<String ID="string_405" HPOS="60" VPOS="1387" WIDTH="46" HEIGHT="15" WC="0.96" CONTENT="som"/><SP WIDTH="22" VPOS="1387" HPOS="106"/>
							<String ID="string_406" HPOS="128" VPOS="1380" WIDTH="151" HEIGHT="27" WC="0.96" CONTENT="fordringarna"/><SP WIDTH="22" VPOS="1380" HPOS="279"/>
							<String ID="string_407" HPOS="301" VPOS="1380" WIDTH="27" HEIGHT="27" WC="0.93" CONTENT="på"/><SP WIDTH="19" VPOS="1380" HPOS="328"/>
							<String ID="string_408" HPOS="347" VPOS="1380" WIDTH="71" HEIGHT="27" WC="0.91" CONTENT="öfning"/><SP WIDTH="15" VPOS="1380" HPOS="418"/>
							<String ID="string_409" HPOS="433" VPOS="1381" WIDTH="39" HEIGHT="20" WC="0.93" CONTENT="och"/><SP WIDTH="16" VPOS="1381" HPOS="472"/>
							<String ID="string_410" HPOS="488" VPOS="1380" WIDTH="140" HEIGHT="27" WC="0.92" CONTENT="tjenstgöring"/><SP WIDTH="17" VPOS="1380" HPOS="628"/>
							<String ID="string_411" HPOS="645" VPOS="1381" WIDTH="35" HEIGHT="20" WC="0.96" CONTENT="vid"/><SP WIDTH="16" VPOS="1381" HPOS="680"/>
							<String ID="string_412" HPOS="696" VPOS="1387" WIDTH="25" HEIGHT="15" WC="0.97" CONTENT="en"/><SP WIDTH="16" VPOS="1387" HPOS="721"/>
							<String ID="string_413" HPOS="737" VPOS="1380" WIDTH="67" HEIGHT="22" WC="0.96" CONTENT="sådan"/><SP WIDTH="15" VPOS="1380" HPOS="804"/>
							<String ID="string_414" HPOS="819" VPOS="1382" WIDTH="64" HEIGHT="25" WC="0.96" CONTENT="trupp"/>
						</TextLine>
						<TextLine ID="line_41" HPOS="60" VPOS="1409" WIDTH="824" HEIGHT="21">
							<String ID="string_415" HPOS="60" VPOS="1411" WIDTH="37" HEIGHT="19" WC="0.96" CONTENT="äro"/><SP WIDTH="16" VPOS="1411" HPOS="97"/>
							<String ID="string_416" HPOS="113" VPOS="1409" WIDTH="24" HEIGHT="21" WC="0.96" CONTENT="af"/><SP WIDTH="12" VPOS="1409" HPOS="137"/>
							<String ID="string_417" HPOS="149" VPOS="1415" WIDTH="59" HEIGHT="15" WC="0.96" CONTENT="mera"/><SP WIDTH="15" VPOS="1415" HPOS="208"/>
							<String ID="string_418" HPOS="223" VPOS="1409" WIDTH="112" HEIGHT="21" WC="0.96" CONTENT="invecklad"/><SP WIDTH="16" VPOS="1409" HPOS="335"/>
							<String ID="string_419" HPOS="351" VPOS="1409" WIDTH="164" HEIGHT="21" WC="0.91" CONTENT="beskaffenhet&quot;."/><SP WIDTH="31" VPOS="1409" HPOS="515"/>
							<String ID="string_420" HPOS="546" VPOS="1409" WIDTH="49" HEIGHT="21" WC="0.95" CONTENT="Med"/><SP WIDTH="16" VPOS="1409" HPOS="595"/>
							<String ID="string_421" HPOS="611" VPOS="1409" WIDTH="99" HEIGHT="21" WC="0.93" CONTENT="afseende"/><SP WIDTH="16" VPOS="1409" HPOS="710"/>
							<String ID="string_422" HPOS="726" VPOS="1409" WIDTH="13" HEIGHT="21" WC="0.92" CONTENT="å"/><SP WIDTH="16" VPOS="1409" HPOS="739"/>
							<String ID="string_423" HPOS="755" VPOS="1409" WIDTH="69" HEIGHT="21" WC="0.93" CONTENT="denna"/><SP WIDTH="15" VPOS="1409" HPOS="824"/>
							<String ID="string_424" HPOS="839" VPOS="1415" WIDTH="45" HEIGHT="15" WC="0.92" CONTENT="mo-"/>
						</TextLine>
						<TextLine ID="line_42" HPOS="59" VPOS="1437" WIDTH="824" HEIGHT="28">
							<String ID="string_425" HPOS="59" VPOS="1438" WIDTH="97" HEIGHT="26" WC="0.90" CONTENT="tivering,"/><SP WIDTH="10" VPOS="1438" HPOS="156"/>
							<String ID="string_426" HPOS="166" VPOS="1438" WIDTH="39" HEIGHT="21" WC="0.96" CONTENT="och"/><SP WIDTH="16" VPOS="1438" HPOS="205"/>
							<String ID="string_427" HPOS="221" VPOS="1437" WIDTH="27" HEIGHT="22" WC="0.96" CONTENT="då"/><SP WIDTH="15" VPOS="1437" HPOS="248"/>
							<String ID="string_428" HPOS="263" VPOS="1438" WIDTH="36" HEIGHT="21" WC="0.96" CONTENT="det"/><SP WIDTH="16" VPOS="1438" HPOS="299"/>
							<String ID="string_429" HPOS="315" VPOS="1438" WIDTH="79" HEIGHT="27" WC="0.96" CONTENT="förslag"/><SP WIDTH="15" VPOS="1438" HPOS="394"/>
							<String ID="string_430" HPOS="409" VPOS="1438" WIDTH="32" HEIGHT="20" WC="0.96" CONTENT="till"/><SP WIDTH="15" VPOS="1438" HPOS="441"/>
							<String ID="string_431" HPOS="456" VPOS="1438" WIDTH="123" HEIGHT="26" WC="0.96" CONTENT="förändring"/><SP WIDTH="15" VPOS="1438" HPOS="579"/>
							<String ID="string_432" HPOS="594" VPOS="1438" WIDTH="23" HEIGHT="20" WC="0.93" CONTENT="af"/><SP WIDTH="13" VPOS="1438" HPOS="617"/>
							<String ID="string_433" HPOS="630" VPOS="1438" WIDTH="198" HEIGHT="26" WC="0.91" CONTENT="värnepligtslagen,"/><SP WIDTH="10" VPOS="1438" HPOS="828"/>
							<String ID="string_434" HPOS="838" VPOS="1444" WIDTH="45" HEIGHT="15" WC="0.96" CONTENT="som"/>
						</TextLine>
						<TextLine ID="line_43" HPOS="59" VPOS="1465" WIDTH="824" HEIGHT="28">
							<String ID="string_435" HPOS="59" VPOS="1473" WIDTH="29" HEIGHT="15" WC="0.95" CONTENT="nu"/><SP WIDTH="15" VPOS="1473" HPOS="88"/>
							<String ID="string_436" HPOS="103" VPOS="1466" WIDTH="120" HEIGHT="27" WC="0.92" CONTENT="föreligger,"/><SP WIDTH="18" VPOS="1466" HPOS="223"/>
							<String ID="string_437" HPOS="241" VPOS="1466" WIDTH="133" HEIGHT="22" WC="0.92" CONTENT="framkallats"/><SP WIDTH="16" VPOS="1466" HPOS="374"/>
							<String ID="string_438" HPOS="390" VPOS="1466" WIDTH="24" HEIGHT="21" WC="0.96" CONTENT="af"/><SP WIDTH="13" VPOS="1466" HPOS="414"/>
							<String ID="string_439" HPOS="427" VPOS="1466" WIDTH="171" HEIGHT="26" WC="0.96" CONTENT="uppställningen"/><SP WIDTH="14" VPOS="1466" HPOS="598"/>
							<String ID="string_440" HPOS="612" VPOS="1465" WIDTH="23" HEIGHT="21" WC="0.96" CONTENT="af"/><SP WIDTH="14" VPOS="1465" HPOS="635"/>
							<String ID="string_441" HPOS="649" VPOS="1466" WIDTH="132" HEIGHT="26" WC="0.96" CONTENT="kavalleriet,"/><SP WIDTH="15" VPOS="1466" HPOS="781"/>
							<String ID="string_442" HPOS="796" VPOS="1466" WIDTH="39" HEIGHT="22" WC="0.93" CONTENT="har"/><SP WIDTH="15" VPOS="1466" HPOS="835"/>
							<String ID="string_443" HPOS="850" VPOS="1469" WIDTH="33" HEIGHT="18" WC="0.92" CONTENT="ut-"/>
						</TextLine>
						<TextLine ID="line_44" HPOS="59" VPOS="1494" WIDTH="824" HEIGHT="28">
							<String ID="string_444" HPOS="59" VPOS="1495" WIDTH="81" HEIGHT="21" WC="0.96" CONTENT="skottet"/><SP WIDTH="23" VPOS="1495" HPOS="140"/>
							<String ID="string_445" HPOS="163" VPOS="1495" WIDTH="35" HEIGHT="21" WC="0.96" CONTENT="vid"/><SP WIDTH="21" VPOS="1495" HPOS="198"/>
							<String ID="string_446" HPOS="219" VPOS="1495" WIDTH="69" HEIGHT="21" WC="0.96" CONTENT="denna"/><SP WIDTH="15" VPOS="1495" HPOS="288"/>
							<String ID="string_447" HPOS="303" VPOS="1495" WIDTH="71" HEIGHT="27" WC="0.96" CONTENT="frågas"/><SP WIDTH="16" VPOS="1495" HPOS="374"/>
							<String ID="string_448" HPOS="390" VPOS="1495" WIDTH="129" HEIGHT="26" WC="0.96" CONTENT="behandling"/><SP WIDTH="13" VPOS="1495" HPOS="519"/>
							<String ID="string_449" HPOS="532" VPOS="1494" WIDTH="47" HEIGHT="21" WC="0.96" CONTENT="icke"/><SP WIDTH="15" VPOS="1494" HPOS="579"/>
							<String ID="string_450" HPOS="594" VPOS="1494" WIDTH="82" HEIGHT="22" WC="0.96" CONTENT="kunnat"/><SP WIDTH="15" VPOS="1494" HPOS="676"/>
							<String ID="string_451" HPOS="691" VPOS="1494" WIDTH="71" HEIGHT="27" WC="0.96" CONTENT="undgå"/><SP WIDTH="14" VPOS="1494" HPOS="762"/>
							<String ID="string_452" HPOS="776" VPOS="1496" WIDTH="33" HEIGHT="19" WC="0.92" CONTENT="att"/><SP WIDTH="15" VPOS="1496" HPOS="809"/>
							<String ID="string_453" HPOS="824" VPOS="1495" WIDTH="59" HEIGHT="21" WC="0.91" CONTENT="skär-"/>
						</TextLine>
						<TextLine ID="line_45" HPOS="59" VPOS="1523" WIDTH="823" HEIGHT="27">
							<String ID="string_454" HPOS="59" VPOS="1523" WIDTH="67" HEIGHT="22" WC="0.96" CONTENT="skåda"/><SP WIDTH="23" VPOS="1523" HPOS="126"/>
							<String ID="string_455" HPOS="149" VPOS="1523" WIDTH="124" HEIGHT="21" WC="0.93" CONTENT="densamma"/><SP WIDTH="23" VPOS="1523" HPOS="273"/>
							<String ID="string_456" HPOS="296" VPOS="1523" WIDTH="146" HEIGHT="27" WC="0.92" CONTENT="förnämligast"/><SP WIDTH="24" VPOS="1523" HPOS="442"/>
							<String ID="string_457" HPOS="466" VPOS="1529" WIDTH="25" HEIGHT="15" WC="0.96" CONTENT="ur"/><SP WIDTH="22" VPOS="1529" HPOS="491"/>
							<String ID="string_458" HPOS="513" VPOS="1523" WIDTH="133" HEIGHT="27" WC="0.96" CONTENT="synpunkten"/><SP WIDTH="18" VPOS="1523" HPOS="646"/>
							<String ID="string_459" HPOS="664" VPOS="1523" WIDTH="23" HEIGHT="21" WC="0.96" CONTENT="af"/><SP WIDTH="13" VPOS="1523" HPOS="687"/>
							<String ID="string_460" HPOS="700" VPOS="1523" WIDTH="137" HEIGHT="22" WC="0.93" CONTENT="kavalleriets"/><SP WIDTH="15" VPOS="1523" HPOS="837"/>
							<String ID="string_461" HPOS="852" VPOS="1523" WIDTH="30" HEIGHT="21" WC="0.90" CONTENT="in-"/>
						</TextLine>
						<TextLine ID="line_46" HPOS="59" VPOS="1551" WIDTH="824" HEIGHT="28">
							<String ID="string_462" HPOS="59" VPOS="1554" WIDTH="74" HEIGHT="19" WC="0.91" CONTENT="tresse."/><SP WIDTH="31" VPOS="1554" HPOS="133"/>
							<String ID="string_463" HPOS="164" VPOS="1552" WIDTH="41" HEIGHT="21" WC="0.94" CONTENT="Till"/><SP WIDTH="16" VPOS="1552" HPOS="205"/>
							<String ID="string_464" HPOS="221" VPOS="1552" WIDTH="25" HEIGHT="21" WC="0.96" CONTENT="de"/><SP WIDTH="16" VPOS="1552" HPOS="246"/>
							<String ID="string_465" HPOS="262" VPOS="1553" WIDTH="73" HEIGHT="25" WC="0.96" CONTENT="motiv,"/><SP WIDTH="16" VPOS="1553" HPOS="335"/>
							<String ID="string_466" HPOS="351" VPOS="1559" WIDTH="45" HEIGHT="14" WC="0.96" CONTENT="som"/><SP WIDTH="14" VPOS="1559" HPOS="396"/>
							<String ID="string_467" HPOS="410" VPOS="1553" WIDTH="7" HEIGHT="20" WC="0.96" CONTENT="i"/><SP WIDTH="15" VPOS="1553" HPOS="417"/>
							<String ID="string_468" HPOS="432" VPOS="1552" WIDTH="116" HEIGHT="21" WC="0.96" CONTENT="utskottets"/><SP WIDTH="15" VPOS="1552" HPOS="548"/>
							<String ID="string_469" HPOS="563" VPOS="1551" WIDTH="43" HEIGHT="22" WC="0.96" CONTENT="bet."/><SP WIDTH="16" VPOS="1551" HPOS="606"/>
							<String ID="string_470" HPOS="622" VPOS="1552" WIDTH="66" HEIGHT="21" WC="0.96" CONTENT="redan"/><SP WIDTH="15" VPOS="1552" HPOS="688"/>
							<String ID="string_471" HPOS="703" VPOS="1552" WIDTH="88" HEIGHT="25" WC="0.95" CONTENT="anförts,"/><SP WIDTH="11" VPOS="1552" HPOS="791"/>
							<String ID="string_472" HPOS="802" VPOS="1552" WIDTH="35" HEIGHT="21" WC="0.96" CONTENT="vill"/><SP WIDTH="8" VPOS="1552" HPOS="837"/>
							<String ID="string_473" HPOS="845" VPOS="1551" WIDTH="38" HEIGHT="28" WC="0.96" CONTENT="jag"/>
						</TextLine>
					</TextBlock>
				</ComposedBlock>
			</PrintSpace>
		</Page>
	</Layout>
</alto>
