1073 1745
662 79 13 7 -

187 123 55 21 1276
447 129 24 18 R.
484 134 18 13 o.
514 130 23 17 A.
547 130 58 17 1888.
623 131 23 17 16
657 131 49 21 Maj.

227 213 61 23 Efter
303 214 92 22 afslutad
410 215 119 22 diskussion
545 221 34 16 om
596 216 24 26 SS
635 216 14 21 4
660 215 39 22 och
709 216 13 21 5
734 215 124 22 framstälde
868 215 32 22 Hr
910 215 80 22 Landt-

157 242 135 22 marskalken
307 243 92 27 följande
417 244 214 27 omröstningsprop.:

226 299 54 26 Den,
302 305 47 16 som
371 299 123 28 godkänner
516 301 25 26 $$
564 302 14 20 4
601 301 39 21 och
656 301 13 20 5
685 301 66 27 enligt
766 301 116 21 utskottets
903 300 88 28 förslag,

156 329 70 20 röstar
239 328 31 27 ja;

227 356 74 22 vinner
316 357 42 27 nej,
373 357 39 22 har
426 357 25 22 R.
468 364 20 15 o.
503 358 27 21 A.
546 358 83 27 antagit
643 358 93 21 nämnda
746 359 25 26 $$
782 357 66 28 enligt
858 358 40 22 den
908 357 83 28 lydelse

158 385 26 22 de
199 384 63 23 hafva
277 385 7 21 i
300 385 40 22 den
356 385 48 22 näd.
420 392 60 21 prop.

228 441 81 22 Genom
324 448 72 21 prop:s
410 441 132 23 besvarande
558 442 49 22 med
623 442 154 28 öfvervägande
790 443 23 27 ja
828 442 56 22 hade
898 443 24 21 R.
932 449 19 15 o.
962 443 25 21 A.

158 470 96 26 godkänt
269 470 61 22 dessa
346 471 23 26 $$
385 470 65 28 enligt
465 471 152 22 betänkandet.

228 526 58 23 Utan
302 527 118 23 diskussion
435 528 88 27 gillades
539 528 26 22 de
581 529 135 22 återstående
732 530 25 26 $$
773 530 71 20 6—14
859 529 22 21 af
895 530 25 20 21
932 529 58 27 Kap.

227 590 41 22 Vid
284 590 149 28 föredragning
448 590 22 22 af
484 592 27 20 22
527 591 55 27 Kap.
598 591 108 22 lemnades
729 592 62 21 ordet
813 592 29 27 på
856 591 93 28 begäran
964 593 26 21 åt

226 630 32 22 Hr
280 630 209 28 Pippingsköld,
512 637 46 15 som
580 632 95 27 yttrade:
707 631 96 23 Oaktadt
826 632 166 27 strafisatserua,

158 660 70 21 såsom
252 659 26 22 de
301 660 62 21 torde
385 660 73 26 kallas,
481 660 7 21 i
504 660 59 21 detta
585 660 114 27 lagförslag
719 660 70 21 blifvit
803 660 85 22 relativt
903 662 45 20 mot
963 660 27 22 de

158 688 70 27 gamla
243 688 136 25 reducerade,
395 689 23 21 så
434 694 60 22 synes
508 688 44 27 mig
573 688 132 22 fortfarande
729 689 108 21 desamma
851 689 7 21 i
874 688 116 22 allmänhet

155 716 70 22 hellre
240 723 51 15 vara
306 717 84 27 mycket
405 716 33 22 för
452 717 62 27 höga,
530 719 27 19 än
573 718 34 20 för
621 717 55 27 låga.
707 712 55 37 Och.
766 717 73 27 gäller
861 718 59 21 detta
942 717 48 22 icke

156 745 64 21 minst
233 746 45 26 just
293 744 159 28 ifrågavarande
468 746 53 26 Kap.
552 746 43 21 Det
610 746 68 22 skulle
693 746 84 21 fordrat
792 748 32 19 ett
838 748 55 19 stort
908 746 82 26 arbete,

156 773 120 27 jemförelse
294 774 49 21 med
366 775 66 21 andra
448 774 156 27 lagstiftningar
621 774 39 22 och
684 774 50 28 djup
757 774 233 22 menniskokännedom

156 802 33 22 för
204 804 32 20 att
251 802 39 22 här
305 802 63 22 hafva
382 803 64 21 insett
461 802 48 22 hela
524 802 101 22 behofvet
640 802 23 22 af
675 803 115 21 reduktion
810 803 39 21 och
865 802 125 22 formulerat

158 831 106 27 adequata
279 830 226 28 straffbestämningar;
522 838 48 15 men
586 831 36 21 vill
635 831 38 28 jag
687 832 32 20 för
735 832 44 20 min
790 831 34 21 del
834 831 62 22 hafva
904 831 86 26 uttalat,

156 861 32 19 att
206 860 26 20 10
246 860 36 21 års
298 860 88 21 tukthus
404 860 67 21 under
492 863 55 18 mest
571 860 42 21 alla
635 860 155 25 förhållanden,
814 860 39 21 och
868 861 14 20 4
898 859 12 22 å
926 860 12 21 6
954 860 37 21 års

156 887 90 22 tukthus
260 888 7 21 i
284 888 26 21 de
325 887 60 22 flesta
400 887 36 22 fall
452 888 39 21 här
506 890 24 19 är
545 887 88 22 alldeles
648 888 32 21 för
695 888 58 27 högt.
777 888 66 21 Detta
858 887 63 22 beror
937 888 51 21 ovil-

156 915 96 28 korligen
268 916 54 21 först
337 917 71 26 derpå,
425 919 39 23 att,
479 916 162 27 ifrågavarande
656 917 59 21 brott
731 917 24 21 så
769 917 53 26 godt
837 923 45 15 som
898 917 6 20 i
915 917 75 27 hvarje

155 944 37 22 fall
203 947 24 19 är
237 945 106 27 begånget
352 945 68 21 under
430 945 151 21 förmildrande
592 945 189 27 omständigheter,
795 945 39 21 och
846 945 64 21 sedan
922 945 69 27 derpå

156 973 32 21 till
204 973 46 22 icke
266 973 60 27 ringa
342 973 40 27 del,
405 975 32 20 att
460 979 49 16 man
524 973 40 22 bör
579 973 62 22 hafva
656 974 57 27 gjort
729 973 36 22 det
780 973 57 22 klart
851 973 33 21 för
903 973 37 27 sig,
956 976 33 19 att

155 1001 92 27 qvinnan
262 1001 113 22 betraktar
384 1001 76 22 fostret
470 1002 39 21 och
520 1002 37 21 det
572 1002 91 27 nyfödda
681 1002 77 21 barnet
773 1003 71 20 såsom
854 1002 32 21 sin
896 1001 94 22 lifsfrukt

156 1030 47 26 och,
214 1030 72 22 förrän
299 1030 36 22 det
350 1030 64 25 födes,
431 1031 48 21 med
495 1031 38 21 allt
547 1031 53 25 skäl,
617 1031 69 21 såsom
698 1037 25 14 en
736 1030 34 21 del
781 1030 22 21 af
812 1031 69 20 henne
892 1030 47 27 sjelf
948 1030 40 21 och

156 1058 46 22 icke
218 1060 71 20 såsom
304 1061 32 19 ett
351 1059 91 22 väsende
457 1058 32 22 för
505 1059 38 26 sig.
575 1059 42 21 Det
632 1061 24 19 är
671 1059 61 21 äfven
748 1059 23 21 så
786 1059 77 21 fostret
874 1059 67 21 måste
951 1058 37 22 be-

156 1087 82 22 traktas
248 1087 23 22 af
284 1087 88 22 läkaren
388 1088 34 21 vid
437 1087 52 22 hans
505 1087 135 22 verksamhet
655 1087 6 22 i
677 1088 78 26 många
770 1088 63 21 svåra
844 1087 41 22 fall.
902 1087 48 22 Just
960 1088 30 26 på

156 1116 41 21 den
212 1116 76 27 grund,
304 1119 33 18 att
352 1116 58 22 detta
425 1116 174 22 betraktelsesätt
614 1116 178 27 instinktmässigt
800 1116 39 21 hos
848 1116 90 26 qvinnan
949 1118 41 25 gör

157 1144 32 27 sig
204 1144 99 26 gällande
318 1144 40 22 och
373 1144 118 28 säkerligen
511 1147 25 19 är
551 1144 136 27 berättigadt,
710 1145 83 21 känner
813 1144 35 28 jag
864 1144 42 26 mig
922 1144 66 22 öfver-

156 1173 65 27 tygad
237 1173 79 26 derom,
333 1175 33 19 att
380 1173 131 27 lagstiftaren
528 1173 51 21 felat
594 1174 6 20 i
616 1173 111 27 stränghet
751 1173 39 21 och
813 1172 115 27 ingalunda
947 1172 41 22 till-

157 1200 79 28 börligt
251 1201 49 21 låtit
315 1201 36 21 det
366 1202 116 26 väsentliga
497 1201 142 22 förhållandet
655 1201 77 22 mellan
748 1201 77 21 fostret
845 1200 39 22 och
899 1201 91 22 modren

156 1229 87 22 komma
258 1229 32 22 till
314 1229 48 22 fullt
385 1230 153 26 berättigande;
562 1230 59 21 detta
643 1230 67 26 gäller
732 1230 103 21 särskildt
857 1236 34 15 om
913 1229 76 22 foster-

157 1257 119 28 afdrifning.
307 1258 41 27 Jag
363 1258 39 22 har
416 1258 56 22 velat
487 1258 69 22 uttala
571 1258 59 22 detta
652 1258 46 22 icke
713 1258 34 22 för
762 1260 33 20 att
809 1258 81 27 påyrka
905 1264 26 16 en
946 1258 41 21 för-

155 1286 97 27 ändring,
271 1293 45 15 som
332 1293 29 15 nu
376 1287 46 21 icke
438 1287 68 21 skulle
521 1287 72 21 kunna
609 1286 110 22 realiseras
743 1288 51 20 utan
810 1288 56 20 stort
880 1286 109 22 förhinder

154 1313 33 22 för
202 1314 50 22 hela
267 1314 142 27 lagförslaget,
425 1317 51 19 utan
492 1315 75 21 endast
583 1315 32 21 för
630 1317 31 19 att
676 1315 86 27 inlägga
785 1314 42 22 min
850 1314 140 22 reservation.

225 1371 25 27 $$
268 1371 54 22 1—3
337 1371 7 21 i
360 1371 27 21 22
402 1371 55 28 Kap.
472 1371 124 27 godkändes
611 1371 94 22 härefter
719 1373 53 20 utan
784 1371 145 27 anmärkning.

225 1427 137 22 Beträffande
377 1429 12 26 3
404 1429 14 21 4
432 1428 8 21 i
455 1434 81 16 samma
550 1428 55 27 Kap.
621 1428 84 27 yttrade

225 1468 33 21 Hr
273 1467 192 28 Montgomery:
490 1468 41 21 Vid
547 1468 11 27 $
574 1469 13 20 4
603 1468 40 21 har
660 1469 109 21 utskottet
783 1468 58 27 gjort
856 1474 26 15 en
898 1468 92 21 uteslut-

156 1496 50 27 ning
230 1497 46 20 från
292 1497 41 20 den
350 1496 46 22 nåd.
413 1504 66 20 prop.,
500 1497 85 20 hvartill
599 1497 38 26 jag
651 1497 46 21 icke
713 1497 44 20 kan
773 1497 48 20 fullt
836 1496 56 21 fatta
906 1497 83 29 skälen.

156 1525 39 20 och
216 1525 68 21 skulle
305 1525 38 26 jag
364 1532 67 20 gerna
454 1532 28 18 se,
506 1531 33 15 om
556 1531 25 15 en
598 1525 117 27 förklaring
730 1525 110 22 lemnades.
877 1525 45 22 Den
939 1527 49 19 nåd.
