1059 1756
182 136 55 22 1608
471 142 24 16 R.
507 144 18 14 6.
534 142 22 16 A.
565 142 59 16 1888.
642 142 26 16 26
680 141 49 20 Maj.

152 227 129 27 häradsting,
298 227 224 27 mantalsskrifningar,
537 226 254 29 uppbädsförrättningar,
807 226 171 28 polisundersök-

152 257 81 27 ningar,
255 256 375 28 bränvinsbrännings-beslagsresor,
653 258 58 19 möta
733 257 132 25 guvernören
886 255 40 22 och
941 255 37 21 be-

151 286 86 26 ledsaga
259 286 77 21 honom
357 292 76 20 genom
449 285 112 27 distriktet,
577 285 112 21 allehanda
709 284 159 28 uppassningar,
891 290 28 15 m.
943 290 35 20 m,

152 314 75 21 hvaraf
247 314 42 21 kan
313 313 49 27 följa
384 316 33 19 att
438 314 65 26 nägot
525 313 132 26 försummas,
673 319 44 15 som
741 313 77 21 räknas
840 312 138 22 länsmannen

148 342 34 22 till
197 342 48 22 last.

220 370 151 22 Förhällandet
385 370 69 22 blefve
469 377 58 15 mera
541 370 107 27 praktiskt
663 370 39 22 och
717 369 112 26 utförbart,
839 376 34 14 om
883 369 95 27 uppbör-

150 400 43 21 den
216 400 46 21 frän
284 399 67 21 första
370 399 73 26 början
459 398 130 22 handhafves
605 398 20 22 af
639 399 144 25 länsmännen,
799 398 72 21 hvilka
885 398 71 21 kunde
971 398 6 20 i

152 428 102 21 Februari
277 427 109 25 bolräkna,
408 427 7 21 i
430 427 58 21 Mars
503 427 62 21 hafva
580 427 168 27 restuppbörden
764 427 39 21 och
819 426 7 22 i
841 426 59 28 April
915 426 63 22 hafva

154 456 40 22 den
209 456 52 21 sista
275 458 156 24 reststämman,
447 456 70 21 hvilka
532 458 77 19 tvänne
625 463 74 14 senare
714 456 122 26 uppbörder
845 456 71 20 kunna
927 456 51 20 kon-

152 484 99 21 trolleras
266 484 22 21 af
301 484 141 21 ordföranden
457 484 7 21 i
479 484 236 26 kommunalnämnden,
729 485 24 20 sä
763 486 32 19 att
810 484 168 21 häradsskrifva-

153 519 50 15 rene
213 512 46 22 icke
275 512 68 21 blefve
358 512 135 22 förhindrade
509 514 32 20 att
551 512 115 22 verkställa
676 512 228 27 mantalsskrifningen,
915 512 63 22 hvar-

155 542 54 20 efter
225 541 166 26 utsökningarna
405 541 70 21 kunde
490 541 77 26 börjas.

221 569 175 27 Kronofogdarne
419 569 62 22 hafva
499 570 7 20 i
521 570 99 21 medeltal
636 570 33 26 sju
683 570 153 26 församlingar;
853 576 48 14 man
917 571 61 19 anta-

152 604 37 20 ger
211 600 32 19 att
265 599 76 19 tvänne
363 597 147 27 förrättnings-
533 598 38 21 och
592 604 25 16 en
633 599 89 26 resedag
737 599 50 26 ätgä
801 598 33 22 för
849 598 72 26 hvarje
936 598 41 21 för-

153 626 96 26 samling,
271 626 82 21 säledes
377 626 38 22 har
437 626 58 22 tiden
517 626 47 21 lidit
585 626 21 21 in
624 628 27 26 pä
667 627 79 21 medlet
762 626 22 22 af
798 626 65 28 April,
881 626 97 22 hvarföre

152 654 137 22 länsmännen
311 654 53 22 först
385 654 7 21 i
415 654 41 27 Maj
473 655 72 21 kunna
560 655 59 27 börja
635 656 48 20 med
699 656 172 26 utsökningarne,
886 661 48 15 men
951 655 27 21 dä

152 682 87 22 hindrar
254 682 110 27 menföret,
381 683 39 21 och
436 683 38 21 sist
489 683 7 21 i
511 683 79 22 medlet
605 683 22 21 af
640 684 50 21 Juni
705 684 54 21 skall
769 684 108 21 redovisas
888 683 32 21 till
930 684 48 20 kro-

152 710 111 28 nofogden.

221 740 60 20 Huru
296 739 54 22 skall
368 746 48 15 man
432 740 64 22 hinna
511 741 48 21 med
575 740 38 22 allt
629 741 64 27 detta,
709 741 27 21 dä
751 741 61 21 äfven
828 741 66 21 andra
909 741 68 21 makt-

152 768 125 26 päliggande
292 768 173 27 tjenstegöromäl
480 769 60 21 skola
556 770 129 21 verkställas.

221 796 40 22 Om
283 796 137 22 länsmännen
443 798 27 26 pä
492 798 68 26 grund
583 798 21 21 af
621 798 36 21 det
672 798 61 27 ringa
747 798 169 27 kunskapsmätt,
932 804 45 15 som

152 831 29 15 nu
203 825 105 21 erfordras
333 826 32 20 för
380 826 61 21 dessa
463 826 99 26 tjensters
581 826 129 25 erhållande,
725 833 62 15 anses
802 827 6 21 i
824 826 115 22 allmänhet
954 828 24 20 sä

153 853 152 26 avalificerade,
329 856 32 19 att
380 854 80 28 verklig
475 855 53 21 väda
544 855 71 21 kunde
631 856 76 26 uppstå
722 862 76 20 genom
815 858 31 18 att
862 856 116 26 tjensterna

152 882 84 27 gjordes
259 882 126 27 oafsättliga,
408 884 23 20 sä
453 890 51 14 vore
527 884 36 21 det
585 884 34 21 väl
637 886 57 19 ännu
709 886 68 20 större
792 884 46 22 skäl
853 887 33 19 att
900 884 78 27 skärpa

152 910 145 28 fordringarne
312 911 33 21 för
359 911 125 27 kompetens
499 912 32 21 till
547 913 92 21 nämnda
654 913 88 27 tjenster
757 913 40 21 och
812 912 93 22 likställa
923 912 55 22 läns-

152 941 90 26 männen
257 940 47 21 med
319 940 83 21 landets
418 940 65 28 öfrige
499 941 132 26 tjenstemän.

220 968 67 21 Afven
303 968 39 22 har
357 969 108 21 anmärkts
481 971 31 20 att
528 970 35 21 det
579 976 50 15 vore
643 970 33 21 för
691 970 105 27 allmogen
811 970 77 21 lättare
904 972 31 19 att
958 969 20 22 fä

152 996 61 21 träffa
229 996 145 28 kronofogden
389 1000 27 18 än
432 998 143 27 länsmännen,
593 998 26 22 dä
630 998 26 22 de
667 998 130 22 sistnämnde
809 1005 45 15 som
865 998 64 22 oftast
940 1000 37 20 äro

152 1026 27 25 pä
197 1031 65 15 resor.
287 1025 41 27 Jag
343 1028 35 18 vet
393 1026 17 26 ej
427 1026 56 22 hvad
498 1026 105 27 allmogen
619 1027 118 27 egentligen
752 1027 39 21 har
806 1029 32 19 att
853 1026 67 22 skaffa
930 1027 48 21 med

153 1053 176 27 kronofogdarne,
352 1054 27 22 dä
398 1054 61 22 deras
475 1055 92 21 ärenden
582 1055 182 27 hufvudsakligast
778 1058 92 19 uträttas
885 1056 23 21 af
920 1055 57 22 iäns-

153 1084 97 21 männen,
267 1082 38 21 och
328 1082 137 22 länsmännen
485 1083 71 21 kunna
571 1084 72 26 hvarje
659 1084 90 27 postdag
763 1084 8 21 i
786 1084 79 21 veckan
881 1084 40 21 och
936 1084 42 21 alla

153 1109 98 28 lördagar
266 1109 72 23 träffas
354 1111 89 27 hemma,
460 1111 27 22 dä
503 1111 95 22 deremot
613 1112 170 27 kronofogdarne
799 1119 45 15 som
860 1112 64 22 oftast
940 1114 37 19 äro

152 1139 28 26 pä
195 1138 63 28 långa
273 1139 143 27 tjensteresor,
433 1141 70 20 såsom
521 1141 34 21 vid
567 1140 149 28 bolräkningar
726 1141 252 26 hemmansförsäljnings-

153 1167 117 28 auktioner,
282 1168 251 29 'kronohemmanssyner,
549 1176 26 15 m.
592 1177 26 14 m.
635 1170 40 21 och
690 1170 82 21 således
787 1173 37 19 äro
840 1170 82 21 mindre
936 1169 42 21 till-

152 1196 103 29 gängliga.

223 1226 40 22 Om
278 1233 49 15 man
343 1227 77 26 tager
410 1222 10 37 i
432 1226 139 23 betraktande
582 1229 32 20 att
624 1227 145 27 länsmännen,
780 1234 46 15 som
837 1227 65 21 oftast
912 1227 66 21 sakna

152 1255 104 26 juridiska
270 1255 119 26 förstudier,
405 1256 6 21 i
427 1255 66 22 första
509 1256 39 21 och
563 1256 51 21 sista
629 1256 57 21 hand
701 1257 66 20 mäste
783 1256 119 27 handlägga
918 1257 60 20 ären-

156 1284 39 21 den
212 1283 21 22 af
251 1284 84 27 mycket
350 1284 121 27 grannlaga,
488 1285 72 26 kinkig
575 1285 40 21 och
630 1285 186 27 maktpäliggande
831 1287 40 22 art,
885 1284 91 25 hvartill,

155 1313 69 20 säsom
247 1313 35 21 vid
305 1313 134 26 häktningar,
462 1313 115 27 aktorater,
593 1313 222 26 exekutionsärender,
831 1313 147 26 ordningsvär-

155 1341 46 23 den,
217 1341 111 27 uppsigten
344 1341 58 21 öfver
417 1341 153 22 smittosamma
585 1342 128 26 sjukdomar,
729 1341 118 22 statistiska
862 1341 116 27 uppgifters

155 1369 115 26 samlande,
293 1369 112 22 allehanda
427 1369 125 22 utlätanden
568 1370 39 21 och
622 1370 78 27 förslag
715 1370 22 21 af
750 1370 97 27 praktisk
862 1369 115 28 betydelse,

154 1397 114 28 indrifning
283 1398 21 21 af
319 1398 126 22 domstolars
461 1398 39 22 och
516 1398 143 22 embetsverks
675 1398 196 28 expeditionslösen,
882 1398 95 21 kommu-

155 1426 48 21 nala
219 1427 39 21 och
273 1427 197 27 kappemänsrester
485 1427 39 22 och
539 1427 156 22 verifikationer
711 1427 21 22 af
745 1427 51 22 flere
811 1427 45 26 slag
871 1429 55 19 samt
943 1427 35 21 vid

154 1454 179 27 sjukdomsförfall
355 1455 62 22 sköta
441 1456 187 26 posttjenstemäns
649 1456 133 27 åligganden,
805 1462 27 15 m.
855 1455 20 22 fi.
892 1455 86 27 möjliga

155 1483 39 21 och
217 1484 98 27 omöjliga
337 1484 68 25 saker,
421 1483 82 22 fordras
518 1486 59 19 utom
593 1484 119 21 kännedom
735 1484 21 21 af
777 1485 34 26 lag
834 1484 39 21 och
895 1484 83 21 författ-

154 1511 80 27 ningar,
251 1513 83 27 mycket
356 1512 122 27 urskiloing,
493 1519 55 18 sans,
564 1512 122 22 ackuratess
702 1513 39 21 och
756 1512 174 26 förtänksamhet,
945 1511 33 22 för

154 1542 31 19 att
207 1540 46 22 icke
277 1541 63 21 blifva
355 1543 67 20 utsatt
437 1541 32 21 för
483 1541 44 21 ätal
543 1541 39 22 och
598 1547 81 16 ansvar.
710 1541 41 22 Om
767 1541 60 22 desse
843 1541 133 29 tjenstemän,
