1073 1742
210 124 54 22 1240
470 131 24 17 R.
507 131 45 17 0.
541 123 13 35 A
570 132 58 17 1888.
647 132 22 16 15
681 131 50 21 Maj.

180 222 83 21 Endast
278 224 68 19 större
362 222 35 22 list
412 222 39 22 och
466 224 70 20 större
551 222 86 28 slughet
652 223 34 21 vid
701 222 115 22 utöfvande
839 222 23 22 af
874 222 68 22 lasten
958 222 52 22 tvin-

180 256 37 21 gas
232 250 54 22 fram
302 257 76 21 genom
393 251 114 27 oförnuftig
522 251 118 27 stränghet,
656 252 37 21 det
708 254 24 18 är
747 250 48 22 hela
811 251 82 21 vinsten
908 251 52 21 eller
970 251 41 21 rik-

179 278 68 27 tigare
263 279 109 21 förlusten.
401 280 41 26 Jag
458 280 35 20 vill
509 280 47 21 icke
571 281 27 25 gä
613 280 80 26 längre,
717 280 67 21 ehuru
795 280 38 26 jag
848 280 80 21 kanske
942 280 68 21 skulle

179 307 73 21 kunna
266 308 99 21 utveckla
380 308 39 22 och
435 308 75 22 utreda
526 308 177 28 prostitutionens
720 308 101 27 ställning
836 309 56 21 ändä
906 310 103 25 närmare,

178 336 134 27 synnerligen
327 336 6 21 i
349 336 131 22 förhällande
496 336 32 22 till
545 337 66 21 andra
627 337 60 21 äfven
703 337 57 21 inom
783 337 141 27 äktenskapet
947 336 63 22 dolda

179 364 72 27 laster,
276 371 46 15 men
338 365 80 21 kanske
440 365 68 22 skulle
526 366 37 21 det
579 366 48 21 sära
643 372 67 15 ovana
725 368 52 18 öron
793 366 57 20 inom
866 366 59 21 detta
940 366 68 26 ständ,

179 393 67 21 ehuru
270 394 36 21 det
328 394 39 21 allt
389 396 24 19 är
434 394 45 22 helt
501 394 107 27 naturliga
627 394 63 22 saker
705 394 40 22 och
769 394 119 25 ,naturalia
903 400 42 16 non
960 397 49 18 sunt

178 422 84 26 turpia*
279 422 39 21 och
334 422 108 22 dessutom
457 422 63 22 hafva
536 423 19 21 vi
571 425 57 19 ännu
641 424 68 26 nägra
719 422 90 22 ähörare
820 422 39 22 och
870 422 139 22 ähörarinnor

178 456 52 21 gvar
252 452 28 25 pä
302 451 104 21 läktaren.
436 451 42 21 Vill
494 458 55 20 man,
573 458 46 15 som
637 452 84 21 rättvist
737 454 30 24 är,
790 451 62 21 träda
867 452 40 20 den
923 451 84 27 opinion

178 478 33 22 till
226 481 74 25 mötes,
323 486 45 15 som
385 480 53 21 efter
453 480 40 21 den
509 480 53 26 högt
579 480 93 22 ansedda
695 480 96 21 madame
807 480 85 21 Buttler
906 480 56 26 gjort
977 480 31 27 sig

178 507 104 27 gällande,
298 509 24 21 sä
337 508 66 22 borde
418 515 55 20 man,
490 515 34 15 om
540 510 11 25 8
567 509 48 21 icke
630 509 31 21 får
677 509 90 25 gvarstä,
783 508 67 22 sådan
864 508 40 22 den
916 508 40 22 är
948 503 13 37 i
967 508 40 22 den

177 536 49 21 näd.
242 542 67 21 prop.,
326 536 114 22 formulera
456 537 47 22 dess
518 538 53 21 sista
587 540 94 18 moment
695 538 24 20 sä
735 540 32 18 att
781 537 6 21 i
803 537 64 27 nödig
882 538 48 20 män
946 537 60 21 äfven

177 570 91 16 mannen
284 565 88 27 afsäges.
402 566 39 26 Jag
457 566 35 21 vill
508 566 46 21 icke
570 566 51 21 äflas
637 566 47 21 med
701 568 32 19 att
748 572 50 15 vara
820 568 88 24 säregen
928 566 78 26 lagstif-

177 596 53 22 tare,
246 600 48 15 men
310 594 32 21 för
358 596 31 19 att
405 594 50 26 visa,
479 595 54 21 huru
555 595 66 21 saken
643 594 70 22 kunde
733 594 64 22 fattas
814 600 57 15 mera
887 594 118 27 menskligt,

176 621 40 21 ter
228 622 36 27 jag
280 622 20 22 fä
315 622 89 28 uppläsa
419 625 31 19 ett
465 630 34 14 om
515 623 40 21 och
571 624 66 26 nägot
651 623 126 27 längdraget
792 622 86 27 förslag.
908 622 98 21 Minder-

177 650 49 28 årig
242 651 87 27 gvinna,
345 658 45 14 som
406 652 8 20 i
428 652 86 20 sådana
530 652 41 20 hus
587 652 52 20 eller
654 652 61 26 eljest
725 652 171 26 allmänneligen
907 652 55 20 låter
972 652 33 27 sig

176 679 35 21 till
233 680 71 20 sådan
328 680 130 27 skörlefnad
481 680 70 21 bruka
574 681 53 20 eller
648 681 91 27 yngling
759 680 70 21 under
844 682 29 19 21
888 680 32 26 är,
936 687 44 13 som
998 681 7 20 i

175 708 43 20 slik
234 708 60 21 otukt
306 708 105 28 förfallit
426 709 57 21 skall
498 710 8 20 i
522 710 84 20 allmän
629 709 239 28 uppfostringsanstalt
887 709 43 27 för
952 716 53 14 van-

175 737 73 27 artiga
272 738 100 24 insättas,
394 738 70 20 derest
486 738 32 25 de,
541 738 43 20 hon
600 738 52 20 eller
666 738 51 25 han,
741 738 8 20 i
764 738 89 20 hemmet
868 737 46 21 icke
928 738 76 20 kunna

175 765 85 21 erhålla
275 766 66 28 nödig
357 766 54 21 tukt.
442 766 80 22 Genom
539 767 41 21 den
596 767 51 21 sista
665 766 181 26 inskränkningen
862 766 76 26 skulle,
959 769 45 19 tror

159 800 2 2 *
173 794 43 26 jag,
231 794 72 27 hvarje
319 795 77 27 onödig
411 795 89 21 skandal
515 795 110 21 undvikas.
649 795 99 28 Myrdig,
755 795 125 27 fullmogen
891 802 50 14 man
952 796 52 20 eller

174 824 81 26 gvinna
278 824 92 26 straffas
388 824 42 26 för
452 824 61 27 dylik
528 824 130 27 förbrytelse
674 824 47 20 med
737 823 58 21 böter
806 824 61 27 från
882 825 28 19 20
926 824 34 20 till
974 825 29 19 40

174 851 75 25 mark;
264 864 28 2 —
308 852 61 21 dessa
384 852 62 21 böter
461 854 37 19 äro
514 855 32 18 ett
569 852 151 26 medgifvande,
745 858 46 15 som
811 852 54 21 dock
881 852 45 21 icke
942 852 61 21 torde

174 879 65 22 verka
254 880 93 27 skadligt
361 880 33 21 för
409 881 176 26 prostitutionens
601 881 161 21 öfvervakande.
786 880 65 22 Skola
867 881 65 26 nägra
942 880 61 21 böter

173 914 26 15 en
222 909 56 26 gäng
301 909 123 26 uppställas,
448 909 37 21 der
500 909 37 22 det
559 909 66 27 gäller
641 909 144 27 prostituerad
799 909 78 27 gvinna
892 909 40 21 och
947 915 55 20 man,

174 942 45 15 som
235 937 45 21 stär
295 937 6 20 i
316 937 132 22 förhällande
463 937 31 22 till
510 938 75 26 henne,
601 938 24 21 sä
636 937 39 22 bör
685 944 91 15 mannen
787 937 47 22 icke
844 937 83 22 straffas
938 937 64 27 högre

174 967 26 19 än
217 965 90 27 gvinnan
324 966 39 21 och
379 966 91 27 gvinnan
486 967 46 20 icke
547 966 59 27 lägre
621 968 28 19 än
660 973 97 16 mannen,
773 968 22 25 ty
806 966 39 21 här
856 968 24 19 är
889 966 113 26 ingalunda

172 993 44 22 hon
232 994 40 21 den
288 993 98 22 förförda.
418 995 40 21 Till
473 995 42 21 slut
530 995 97 21 anhåller
639 995 38 26 jag
692 997 33 19 att
740 994 21 21 få
776 994 111 22 hemställa
902 995 31 20 till
946 995 24 20 R.
983 1001 17 14 o.

172 1022 33 25 A.,
222 1028 34 15 om
272 1023 45 21 icke
334 1024 10 25 $
360 1023 55 21 helst
431 1023 65 27 enligt
511 1024 48 21 nåd.
576 1029 76 21 prop:n
667 1023 71 22 kunde
754 1025 94 24 antagas,
865 1023 39 21 och
916 1023 85 21 dermed

172 1050 33 21 för
221 1051 69 26 vanlig
305 1051 138 27 prostitution
458 1051 176 28 fängelsestraffet
650 1051 137 26 bortlemnas,
803 1051 53 22 eller
870 1053 32 20 att
910 1052 40 21 den
961 1051 40 22 for-

173 1079 110 27 mulering,
300 1086 45 15 som
360 1081 36 26 jag
411 1080 39 21 här
465 1080 106 27 framlagt,
588 1081 65 20 mätte
669 1081 86 20 komma
770 1080 67 21 under
853 1080 123 21 diskussion.

241 1137 32 20 Hr
287 1137 20 21 J.
330 1137 163 22 Grotenfelt:
524 1137 43 22 Det
590 1143 37 15 var
649 1137 49 22 med
720 1137 115 26 anledning
850 1137 24 20 af
886 1137 57 21 Frih.
960 1144 40 15 von

171 1165 69 21 Borns
263 1165 140 28 anmärkning
426 1168 57 19 emot
500 1167 26 20 13
542 1167 10 24 $
568 1166 6 21 i
591 1166 59 21 detta
670 1166 54 27 Kap.
739 1166 37 26 jag
791 1165 73 22 anhöll
880 1172 34 15 om
931 1167 68 20 ordet.

171 1193 47 21 Den
234 1194 146 26 anmärkning,
397 1201 45 15 som
458 1195 70 20 blifvit
544 1195 71 20 riktad
630 1197 57 19 emot
703 1194 142 21 förevarande
856 1194 18 26 8,
886 1194 39 21 har
935 1195 65 21 också

170 1222 56 21 varit
242 1222 89 21 föremål
346 1223 34 20 för
395 1223 75 21 debatt
484 1224 57 20 inom
558 1223 227 26 Strafflagsutskottet.
806 1222 112 22 Utskottet
934 1223 65 27 ansåg

170 1251 55 20 dock
245 1253 32 19 att
292 1251 36 21 det
339 1251 6 21 i
356 1251 146 27 verkligheten
517 1252 47 21 icke
580 1258 50 15 vore
646 1252 23 21 af
683 1251 134 27 synnerligen
832 1251 97 27 praktisk
940 1252 59 27 bety-

171 1279 57 21 delse
244 1281 33 19 att
292 1280 101 20 förändra
409 1281 10 25 $
435 1281 6 20 i
458 1281 59 20 detta
533 1280 62 27 syfte,
611 1280 39 21 och
666 1283 33 18 att
714 1280 46 21 ifall
776 1281 70 25 nägon
862 1279 54 27 gång
932 1280 66 21 sådan

170 1307 100 26 sjukdom
293 1308 116 22 öfverföres
432 1309 27 26 pä
474 1312 66 18 annat
556 1311 49 22 sätt,
621 1315 49 14 man
687 1309 72 21 kunde
775 1309 72 26 hjelpa
862 1309 31 26 sig
909 1309 47 20 med
972 1315 26 14 en

168 1335 79 28 analog
270 1337 134 27 tillämpning
424 1338 23 21 af
470 1338 24 20 16
520 1339 11 24 S
554 1339 7 19 i
577 1338 27 20 34
619 1337 62 27 Kap.,
707 1344 46 15 som
769 1337 91 21 handlar
876 1343 34 15 om
925 1337 72 21 utbre-

167 1365 70 21 dande
252 1365 24 20 af
289 1365 74 22 farsot.

238 1422 31 21 Hr
291 1422 207 27 Pippingsköld:
530 1423 49 21 Med
602 1423 99 21 afseende
718 1423 13 20 å
748 1423 25 20 12
789 1423 12 25 $
817 1422 68 21 skulle
906 1423 36 26 jag
961 1429 35 14 an-

167 1449 59 22 hålla
249 1452 33 19 att
297 1451 21 21 få
333 1452 58 25 yttra
407 1451 65 27 några
488 1452 45 25 ord,
549 1458 49 15 men
614 1452 53 21 först
683 1451 55 21 dock
753 1451 111 26 angående
880 1452 40 20 den
938 1453 24 19 13
979 1452 16 25 $.

166 1477 114 28 Utskottet
295 1479 39 20 har
350 1479 6 21 i
372 1480 41 21 den
427 1481 24 20 13
463 1482 10 24 &
485 1480 75 27 skärpt
569 1480 232 26 straffbestämningen.
824 1479 46 21 Här
880 1481 24 20 är
914 1479 83 22 straffet

166 1507 62 21 äfven
245 1507 96 26 tukthus,
358 1508 7 21 i
380 1509 73 20 stället
468 1509 33 20 för
516 1511 33 18 att
564 1509 6 20 i
587 1509 39 20 den
643 1509 46 20 nåd.
707 1515 60 20 prop.
785 1508 83 21 straffet
878 1510 86 25 utgöres
975 1509 23 20 af

166 1535 64 27 högst
246 1537 12 20 6
274 1536 113 22 mänaders
402 1537 102 27 fängelse,
520 1543 34 15 om
568 1537 37 27 jag
620 1538 47 20 icke
683 1537 135 21 missminner
834 1537 48 26 mig.
904 1537 42 21 Det
957 1537 39 21 bör
