1075 1739
188 116 55 21 1194
456 123 25 17 R.
493 127 18 14 o.
523 123 23 17 A.
555 123 58 18 1888.
629 124 22 16 15
663 123 48 21 Maj.

158 207 49 22 kert
222 207 35 21 vid
272 208 143 27 afrättningen
435 209 65 21 darra
515 208 28 28 på
558 209 95 25 handen;
676 210 32 20 att
724 208 57 21 döda
796 208 49 21 med
861 208 127 22 elektricitet

158 236 128 21 förutsätter
301 243 26 14 en
342 239 97 24 apparat,
455 243 46 16 som
517 237 23 22 af
553 237 120 27 sakkunnig
688 243 78 20 person
781 237 70 21 måste
866 237 34 21 väl
909 237 78 26 skötas,

160 271 34 15 om
210 265 40 20 den
268 265 60 21 alltid
344 265 55 22 skall
422 265 72 22 kunna
511 273 53 14 vara
579 266 32 21 till
627 266 79 25 hands;
730 265 39 22 och
785 265 100 28 slutligen
900 267 33 20 att
948 266 40 21 den

158 293 35 22 för
208 293 96 27 omkring
320 296 30 19 ett
367 293 23 22 år
406 295 65 20 sedan
486 295 35 21 vid
536 296 59 20 stora
618 295 113 26 slagterier
753 294 86 21 införda
862 295 127 26 slagtpatro-

159 328 47 19 nen,
224 328 45 15 som
284 323 119 26 appliceras
419 325 44 19 mot
477 329 87 21 pannan
580 323 39 21 och
635 323 40 21 lätt
690 323 78 26 anslås,
785 323 112 27 onekligen
914 325 23 18 är
947 323 41 21 den

159 350 55 21 allra
236 351 64 20 bästa
322 354 91 23 apparat
435 352 33 21 för
483 351 131 27 ändamålet,
630 352 6 21 i
653 352 35 21 det
704 352 41 21 den
761 352 40 21 lätt
817 351 40 22 och
872 351 117 26 bebändigt

160 379 74 26 dödar,
250 379 80 22 tillåter
345 382 32 19 ett
392 381 40 20 lätt
447 380 39 21 och
509 383 76 24 snyggt
600 381 121 22 utförande.
744 380 103 21 behöfver
867 381 62 26 ingen
945 381 43 20 sär-

161 408 56 21 skild
232 408 52 21 vård
300 409 40 20 och
355 411 24 18 är
395 409 60 22 alltid
470 409 76 27 färdig.

229 466 32 21 Hr
277 466 23 21 K.
318 466 99 21 Antell:
447 466 34 22 Då
497 466 40 22 den
553 466 6 21 i
575 466 119 27 principielt
717 466 98 22 afseende
831 466 24 21 så
870 465 119 28 betydande

160 494 74 27 frågan
257 500 34 16 om
315 494 135 22 dödsstraffet
472 496 66 20 redan
561 501 29 15 nu
613 495 34 21 vid
665 495 40 21 den
722 494 107 22 allmänna
844 494 145 22 diskussionen

160 523 69 21 blifvit
244 522 83 27 berörd,
343 524 24 20 så
383 522 37 22 ber
433 524 36 26 jag
484 523 61 22 äfven
561 525 32 19 att
608 523 21 22 få
644 526 57 24 yttra
716 526 67 24 nägra
798 523 39 21 ord
852 523 81 21 härom.
958 523 31 21 Få

160 551 112 28 spörjsmål
287 552 61 21 torde
363 552 7 20 i
386 552 65 26 högre
465 552 59 27 grad,
546 554 26 20 än
589 552 73 27 frågan
685 558 34 15 om
736 551 136 22 dödsstraffet
887 551 54 22 varit
955 558 34 20 eg-

159 580 55 22 nade
230 583 32 19 att
277 580 95 22 tillvinna
388 580 31 27 sig
441 581 98 27 upplysta
562 580 251 22 samhällsmedlemmars
835 580 108 27 allvarliga
958 580 30 22 in-

160 611 67 19 tresse
243 609 39 21 och
297 608 138 28 bedömande,
451 609 39 22 och
509 610 59 21 detta
583 609 108 21 hvarhelst
706 610 40 21 och
762 609 95 21 närhelst
871 608 72 28 frågan
955 615 33 15 om

161 637 135 22 dödsstraffet
312 637 68 21 blifvit
395 638 55 21 stäld
465 638 67 22 under
548 638 79 22 debatt.
658 639 38 20 Att
711 638 136 21 uteslutande
863 637 126 22 tillerkänna

158 666 114 27 juristerne
288 666 50 21 eller
354 667 26 20 de
395 666 60 22 lärda
470 666 178 22 kriminalisterne
663 666 126 27 kompetens
804 668 32 20 att
851 666 74 22 härom
939 666 50 21 fälla

160 695 98 27 utslaget,
281 695 41 21 kan
346 694 33 22 väl
401 695 46 21 icke
469 696 86 21 komma
570 695 6 21 i
592 695 66 27 fråga.
688 695 75 21 Ehuru
775 694 32 22 väl
822 694 47 22 icke
885 694 42 22 lika
941 694 46 26 lätt,

160 723 54 22 skall
230 723 54 22 dock
299 723 73 27 hvarje
387 723 72 22 bildad
474 724 109 21 menniska
599 724 73 21 härom
688 724 73 21 kunna
776 723 63 21 viana
857 730 25 14 en
898 722 91 28 uppfatt-

160 752 50 27 ning
232 752 96 26 grundad
351 753 27 26 på
400 752 53 22 hans
468 752 136 24 rättskänsla,
627 752 40 22 och
682 752 6 21 i
704 752 49 22 stöd
769 752 22 21 af
806 752 69 21 denna
889 751 33 22 sin
938 758 51 21 upp-

160 780 90 27 fattning
266 780 53 22 skall
334 780 43 22 han
393 781 70 21 kunna
479 781 87 27 bidraga
588 781 33 21 till
644 783 32 19 att
691 783 53 25 väga
759 780 47 22 skäl
822 780 39 22 och
877 780 90 22 motskäl
982 780 7 21 i

160 809 70 21 denna
244 809 32 21 för
292 810 78 20 tanken
386 810 39 21 och
440 810 88 21 känslan
544 811 24 20 så
582 810 134 26 upprörande
732 809 66 27 fråga.
825 809 41 21 Till
881 808 108 22 samhälls-

160 837 136 28 byggnadens
311 838 119 27 likformiga
445 838 126 27 utveckling,
588 844 44 16 som
649 838 38 21 bör
702 838 71 26 fortgå
785 838 101 26 jemsides
904 838 29 27 på
947 837 42 22 alla

161 866 108 26 områden,
292 866 39 22 hör
346 866 39 22 och
401 868 68 20 måste
492 867 106 27 sjelffallet
613 867 52 21 höra
678 866 79 27 jemväl
773 866 141 22 afskaffandet
929 866 21 21 af
964 866 25 21 de

160 896 71 21 råaste
246 895 106 21 formerna
367 895 32 21 för
413 895 66 25 straff,
503 902 34 15 om
554 896 63 21 också
632 895 23 21 af
669 895 106 27 naturliga
791 894 52 25 skäl,
868 894 51 22 eller
934 900 55 16 eme-

160 924 42 20 dan
226 924 136 21 öfverhufvud
385 930 27 15 en
433 926 69 20 större
525 924 140 28 ombytlighet
687 924 46 21 icke
757 924 62 20 torde
839 923 52 21 böra
907 923 82 21 vidläda

160 952 72 27 lagens
248 952 115 21 straffande
378 952 62 26 hand,
456 953 102 20 reformer
573 954 27 25 på
616 953 58 20 detta
690 952 88 21 område
789 952 76 21 endast
874 954 53 23 segt,
939 951 50 22 eller

160 982 46 25 steg
222 980 33 21 för
270 983 52 24 steg,
339 980 80 21 kunnat
435 981 86 21 utföras.
545 981 77 21 Medan
638 983 97 24 tortyren
752 980 39 21 och
802 979 121 28 pinbänken
934 982 55 19 ännu

159 1008 111 27 florerade,
286 1009 101 21 ehuruväl
403 1009 63 21 dolda
482 1009 32 22 för
529 1009 163 22 civilisationens
708 1009 100 26 dagsljus,
825 1008 39 21 och
878 1008 74 21 medan
964 1008 25 21 de

160 1043 96 21 grymma
271 1037 140 27 skådespelen
426 1037 22 22 af
461 1037 107 28 oftentliga
584 1037 140 27 afrättningar
743 1037 68 21 hörde
827 1037 32 20 till
875 1037 115 26 ordningen

160 1066 33 21 för
208 1066 74 26 dagen,
299 1066 147 27 tillkämpades
462 1066 117 21 emellertid
595 1066 131 27 småningom
743 1066 40 21 och
799 1065 48 21 med
858 1065 37 21 allt
905 1065 85 27 stegrad

160 1094 57 22 kraft
233 1097 85 24 terräng
332 1095 33 20 för
381 1101 25 15 en
422 1095 71 21 ädlare
509 1095 140 27 uppfattning,
672 1101 45 14 som
734 1094 6 21 i
756 1094 59 27 fråga
831 1096 54 19 satte
901 1093 89 22 samhäl-

160 1123 42 21 lets
224 1123 128 26 befogenhet
375 1125 31 19 att
428 1123 33 21 för
483 1123 157 27 vedergällning
655 1123 22 21 af
691 1129 25 15 en
733 1122 100 27 brottslig
847 1122 102 27 handling
963 1123 27 26 gå

160 1152 24 21 så
199 1151 59 27 långt
272 1158 46 15 som
334 1153 32 20 att
381 1151 85 22 beröfva
481 1151 140 28 brottslingen
637 1151 63 22 lifvet.
724 1151 75 22 Redan
813 1151 5 20 i
830 1151 64 21 slutet
905 1150 20 22 af
934 1151 56 20 förra

160 1180 69 21 seklet
245 1181 91 26 uppstod
352 1180 59 21 detta
426 1180 126 21 tvifvelsmål
568 1181 6 20 i
590 1180 56 21 olika
661 1182 68 19 stater
744 1180 7 20 i
767 1179 86 27 Europa
875 1179 114 26 samtidigt,

161 1208 40 22 och
216 1208 142 22 framstående
374 1209 89 21 tänkare
478 1209 39 20 och
533 1209 147 21 skriftställare
703 1211 51 24 togo
775 1207 74 27 frågan
866 1207 67 22 under
947 1214 44 15 om-

160 1237 98 27 pröfning
281 1237 38 21 och
342 1237 61 22 sökte
426 1237 98 26 klargöra
540 1237 127 22 densamma.
698 1237 45 21 Var
758 1237 37 20 det
810 1235 122 22 samhällets
947 1237 44 20 rätt

160 1267 32 20 att
207 1265 77 22 förinta
300 1272 25 14 en
342 1265 48 22 dess
406 1265 89 22 medlem
511 1265 71 22 derför
596 1267 33 20 att
646 1265 42 22 han
703 1265 68 21 brutit
793 1267 46 18 mot
854 1264 72 27 lagens
941 1264 50 25 bud,

160 1296 33 19 att
208 1294 78 21 förinta
302 1293 47 22 hela
365 1293 52 22 hans
433 1294 90 24 tillvaro,
540 1296 51 19 utan
606 1294 84 21 lemnad
702 1293 111 27 möjlighet
823 1293 31 21 till
865 1292 126 27 förbättring

160 1322 52 22 eller
227 1322 33 21 för
275 1323 103 26 återgång
393 1322 32 21 till
440 1322 126 22 samhället?
589 1322 58 21 Eller
662 1329 37 14 var
711 1322 65 25 lifvet,
792 1328 45 15 som
847 1321 24 27 ju
881 1320 110 22 samhället

160 1351 6 20 i
188 1351 63 26 ingen
276 1351 100 21 händelse
399 1351 70 21 kunde
492 1351 108 26 åte:gifva,
624 1353 32 19 att
678 1351 99 21 betrakta
791 1351 70 20 såsom
877 1349 114 27 någonting

160 1379 149 28 oförytterligt,
325 1379 146 22 okränkbart?
499 1379 59 22 Eller
573 1379 104 27 slutligen,
701 1379 72 21 kunde
789 1378 112 21 samhället
916 1383 75 22 genom

160 1407 160 28 tillämpningen
344 1407 23 22 af
388 1407 134 22 dödsstraffet
545 1414 61 15 anses
628 1409 52 25 göra
702 1407 33 27 sig
755 1407 93 27 skyldigt
864 1406 32 21 till
911 1412 80 15 samma

160 1436 45 27 slag
228 1436 22 21 af
272 1436 125 27 öfvergrepp
421 1436 51 21 eller
496 1436 118 27 orätträdig
636 1436 108 26 handling,
768 1441 46 16 som
837 1434 119 22 föröfvaren
971 1433 22 22 af

160 1464 95 22 brottet?
284 1465 41 26 Jag
341 1464 36 21 vill
393 1465 32 21 för
440 1465 41 21 min
498 1464 33 22 del
548 1465 38 20 här
601 1465 69 21 lemna
685 1464 42 21 alla
744 1464 63 21 dessa
822 1463 115 21 teoretiska
945 1468 46 22 syn-

159 1493 93 26 punkter
274 1494 23 20 ät
318 1492 38 22 sitt
379 1493 70 21 värde.
478 1493 41 27 Jag
541 1492 39 22 har
603 1492 106 22 dessutom
725 1492 48 22 icke
788 1491 113 27 tillräcklig
916 1490 75 22 under-

160 1520 99 28 byggnad
274 1521 32 21 för
322 1523 32 19 att
369 1522 48 21 med
433 1522 63 26 nödig
511 1521 57 21 kraft
582 1520 112 22 framhålla
710 1520 53 22 eller
774 1520 98 27 möjligen
883 1522 27 19 än
921 1519 71 22 vidare
