1073 1745
209 126 56 21 1282
500 132 25 17 R.
538 137 18 13 o.
568 133 24 16 4.
601 133 60 17 1888.
680 133 23 17 16
714 133 50 21 Maj.

179 217 83 27 ganska
277 217 49 22 svår
340 218 181 28 rättskränkning,
538 221 23 25 ty
576 219 185 22 kontrahenterna
776 221 37 19 äro
829 219 40 22 alls
883 219 47 22 icke
940 219 72 22 berät-

180 246 73 27 tigade
269 248 34 20 att
317 247 50 27 ingå
382 249 31 20 ett
429 247 77 22 sådant
521 247 54 22 aftal
591 248 110 27 angående
716 247 135 22 hvarandras
866 248 29 27 lif,
911 255 45 15 som
967 249 43 25 det,

179 274 83 22 hvilket
276 275 75 22 härvid
366 282 49 21 eger
430 283 54 15 rum.
506 277 173 26 Kriminallagen
694 277 43 21 kan
752 283 46 15 mer
813 278 27 20 än
855 276 71 28 någon
941 283 71 15 annan

178 309 54 20 gren
255 303 24 22 af
295 303 160 28 lagstiftningen
469 305 67 22 verka
551 305 92 22 tillbaka
658 305 28 27 på
701 305 118 26 folkseden,
843 305 39 22 och
898 311 25 16 en
938 305 73 27 lagbe-

179 332 108 27 stämning
309 339 46 15 som
376 333 76 27 denna,
467 333 70 22 måste
552 334 91 27 bidraga
658 334 33 21 till
706 336 33 19 att
754 334 7 21 i
777 335 36 20 det
829 335 107 20 allmänna
951 334 60 21 med-

179 361 102 21 vetandet
303 361 70 22 införa
395 362 41 21 den
458 362 157 28 föreställning,
639 365 32 19 att
695 363 84 26 enviget
793 363 69 21 skulle
878 369 51 15 vara
944 362 67 27 något

177 389 155 26 jemförelsevis
354 390 49 27 föga
425 391 154 22 klandervärdt
602 391 53 22 eller
669 391 118 27 brottsligt.
818 391 192 27 Uppfattningen
998 385 15 37 i

178 417 75 22 landet
274 418 40 21 har
336 419 76 21 hittills
427 419 46 22 icke
488 420 57 20 varit
560 419 74 22 sådan.
664 420 67 22 Detta
747 420 40 21 har
802 420 45 21 helt
863 421 72 21 säkert
950 420 7 20 i
972 421 38 19 vä-

179 447 78 27 sentlig
279 447 49 22 mån
351 447 72 22 berott
441 448 28 27 på
483 449 100 26 gällande
599 449 140 27 lagstiftning.
770 448 54 22 Vårt
839 449 77 21 fordna
931 448 77 22 duells-

178 475 76 27 plakat
273 482 38 15 var
326 477 82 26 ganska
423 478 91 26 strängt,
530 477 40 22 och
586 477 42 22 den
644 480 84 19 senaste
744 477 7 21 i
767 479 73 20 ämnet
855 478 98 26 gällande
966 477 44 22 för-

178 503 121 28 fattningen
321 505 23 21 af
357 505 41 22 den
414 506 27 21 26
457 506 54 21 Nov.
529 506 55 22 1886
600 506 113 22 betraktar
728 506 79 21 sådant
821 506 70 27 envig,
907 507 38 20 der
960 506 50 23 död,

180 531 91 23 sårande
295 533 52 22 eller
369 540 70 15 annan
458 535 68 21 skada
541 535 58 22 skett
615 535 28 26 på
658 541 81 15 samma
755 536 43 20 sätt
813 541 45 15 som
873 535 68 26 mord,
957 534 54 27 dråp

178 561 53 22 eller
246 562 129 22 misshandel
391 563 12 21 å
417 569 84 21 person.
527 563 44 22 Det
586 563 199 28 uppfattningssätt,
802 569 45 16 som
863 566 39 24 gör
917 564 32 27 sig
963 563 45 27 gäl-

177 590 64 22 lande
256 590 6 21 i
278 591 117 22 utskottets
417 592 49 26 bet.,
490 593 25 20 är
530 592 48 21 från
595 593 104 25 utlandet,
715 592 46 21 från
777 592 82 25 länder,
871 593 38 21 der
924 592 84 21 duellen

179 620 24 19 är
217 619 99 27 gällande
332 620 43 26 sed,
391 621 52 21 eller
458 623 82 19 rättare
557 621 58 24 osed,
631 621 142 26 importeradt
789 621 32 21 till
837 621 47 21 vårt
899 621 57 25 land,
972 621 38 21 der

180 647 121 28 lyckligtvis
317 649 69 20 denna
402 649 51 22 osed
467 649 77 22 hittills
559 649 48 22 icke
622 649 87 22 funnits.
732 650 41 26 Jag
789 649 68 22 skulle
873 649 34 22 för
921 649 43 22 min
975 649 35 21 del

177 675 80 23 föreslå
275 679 34 20 att
323 677 54 27 Kap.
394 677 67 22 måtte
477 678 170 21 återremitteras
663 679 32 20 till
711 678 108 22 utskottet
833 678 34 21 för
883 680 32 19 att
930 677 79 22 omfor-

179 705 95 22 muleras
289 706 7 21 i
312 706 37 21 det
371 706 60 27 syfte,
455 709 32 19 att
509 707 37 21 det
568 707 70 22 skulle
654 707 74 21 ställas
744 707 7 21 i
766 707 140 22 konformitet
920 707 48 21 med
983 707 27 20 de

179 734 114 27 principer,
318 735 72 21 hvilka
411 741 30 16 nu
456 736 92 21 rörande
572 736 62 27 envig
651 737 38 20 äro
705 736 99 27 gällande
819 736 7 21 i
842 736 40 21 den
897 735 113 28 kejserliga

176 763 153 27 förordningen
345 763 23 22 af
381 764 40 21 den
437 765 27 20 26
480 765 53 20 Nov.
554 765 63 20 1866.

250 820 32 21 Hr
304 820 206 27 Pippingsköld:
542 821 44 21 För
601 822 43 20 min
660 821 61 27 ringa
736 821 35 22 del
787 824 45 19 tror
845 821 37 27 jag
897 823 32 20 att
945 822 65 20 rätts-

180 849 152 21 medvetandet
346 849 7 21 i
369 849 98 22 afseende
483 849 13 22 å
511 850 84 21 dueller
619 849 51 22 eller
693 851 61 25 envig
769 851 6 20 i
791 850 48 21 vårt
854 850 51 21 land
920 850 92 21 slumrar

180 877 42 21 och
238 877 91 27 troligen
344 877 97 22 kommer
455 880 33 19 att
503 878 90 27 slumra;
608 884 49 15 man
668 878 39 21 har
717 878 90 22 alldeles
817 878 68 27 glömt
895 878 48 22 bort
954 878 55 21 dem.

176 905 49 22 Den
240 906 89 27 åsigten,
347 912 44 15 som
407 906 70 28 hyllar
492 906 144 22 afskaftandet
651 906 23 22 af
687 907 61 21 detta
765 909 44 19 sätt
819 908 33 20 att
862 907 73 27 afgöra
945 908 65 20 rätts-

176 934 83 27 tvister,
283 934 69 27 gäller
375 936 135 26 synnerligen
525 936 7 20 i
548 936 105 26 England,
669 936 38 20 der
723 936 86 21 duellen
823 936 47 21 icke
886 942 61 15 anses
963 937 59 20 som'

176 962 60 22 bevis
258 963 28 26 på
310 963 56 26 mod,
389 964 40 21 och
450 965 62 20 torde
536 965 71 20 denna
629 964 56 27 åsigt
707 964 87 21 komma
816 966 33 19 att
871 965 91 20 utbreda
978 965 32 26 sig

178 991 134 28 småningom
328 992 59 21 öfver
402 993 93 21 verlden.
526 993 34 21 Då
574 993 21 21 vi
610 993 47 22 icke
672 993 63 21 hafva
751 995 33 19 att
799 993 73 21 frukta
887 995 32 19 att
933 999 77 20 genom

176 1021 26 21 de
225 1020 98 28 måttliga
346 1021 229 27 straffbestämningar,
599 1027 46 16 som
671 1022 40 21 den
733 1021 51 22 nåd.
807 1027 60 21 prop.
883 1021 126 27 uppställer,

174 1049 71 27 någon
269 1049 48 22 fara
339 1055 51 16 vore
409 1050 34 21 för
458 1052 33 19 att
506 1051 86 20 duellen
607 1050 70 22 blefve
692 1051 7 20 i
714 1050 49 21 vårt
778 1050 51 21 land
845 1051 31 20 ett
892 1050 59 27 öfligt
965 1051 45 20 sätt

174 1079 33 20 att
222 1078 103 21 inbördes
341 1078 61 27 skipa
417 1080 51 23 rätt,
484 1085 62 21 synes
562 1079 43 27 mig
621 1081 33 19 att
664 1079 108 21 utskottet
785 1079 87 27 mycket
882 1079 33 21 väl
926 1079 83 21 kunnat

174 1107 71 21 lemna
261 1107 26 21 de
302 1107 67 26 något
383 1107 59 27 lägre
457 1107 260 28 straffbestämningarna,
734 1107 81 22 sådana
835 1107 26 22 de
876 1107 133 22 förekomma

174 1135 8 21 i
196 1141 69 21 prop.,
289 1135 150 22 oförändrade.
469 1137 63 20 Hvad
548 1136 47 21 åter
611 1136 41 21 den
667 1136 152 21 amerikanska
835 1136 84 21 duellen
934 1135 75 28 angår,

174 1163 24 22 så
222 1164 41 21 har
277 1163 62 22 äfven
353 1164 38 27 jag
405 1165 62 21 tänkt
483 1164 67 27 derpå
566 1165 40 21 och
621 1165 72 21 märkt
708 1165 83 21 bristen
807 1165 130 20 härutinnan
952 1165 7 20 i
974 1166 34 19 ut-

174 1193 94 21 skottets
291 1193 41 21 bet.
364 1193 49 21 Men
435 1195 44 25 mig
501 1199 69 21 synes,
587 1199 46 16 som
649 1199 34 16 om
699 1193 41 22 den
756 1193 152 22 amerikanska
923 1193 86 22 duellen

174 1221 47 22 icke
237 1221 68 21 borde
321 1224 105 25 upptagas
441 1223 141 20 tillsammans
598 1223 49 20 med
663 1222 26 21 de
705 1222 114 21 kriminela
829 1221 120 27 afvikelser,
961 1227 47 16 som

173 1256 50 15 man
246 1250 69 21 kallar
337 1251 63 26 envig
415 1251 52 21 eller
482 1251 64 26 duell,
563 1251 39 21 och
619 1252 39 23 att,
673 1257 35 14 om
724 1251 125 20 densamma
865 1250 7 21 i
887 1251 59 20 detta
961 1251 47 25 lag-

172 1279 82 26 förslag
277 1278 54 21 skall
354 1279 61 26 afses,
440 1279 41 21 den
504 1279 66 21 borde
591 1279 102 21 hänföras
708 1279 33 21 till
757 1279 66 27 något
839 1281 66 19 annat
919 1279 89 26 kapitel.

173 1307 48 21 Den
244 1307 137 21 amerikaska
404 1307 353 27 sjelfmordsöfverenskommelsen
780 1307 46 27 har,
850 1307 56 21 hvad
925 1307 84 21 formen

172 1335 113 26 beträffar,
308 1336 64 26 ingen
394 1336 130 26 gemenskap
540 1336 49 21 med
605 1336 41 21 den
661 1338 84 24 strängt
762 1336 109 21 bestämdt
886 1335 124 21 häfdvunna

172 1364 86 21 duellen
280 1364 39 21 och
340 1366 24 19 är
380 1365 119 27 egentligen
515 1365 63 27 ingen
594 1365 59 21 duell
668 1365 45 21 alls.
745 1364 45 26 Mig
806 1370 62 21 synes
883 1365 32 20 att
930 1363 80 27 lagför-

172 1393 73 27 slaget
260 1393 7 21 i
283 1393 40 21 den
339 1392 48 22 nåd.
404 1400 68 20 prop.,
489 1393 77 22 liksom
582 1394 6 20 i
604 1394 118 20 utskottets
737 1393 53 27 bet.,
806 1398 46 16 som
869 1394 24 19 är
908 1392 102 22 affattadt

173 1421 8 21 i
196 1423 56 19 nära
269 1421 221 22 öfverensstämmelse
505 1422 49 21 med
570 1422 63 26 tyska
649 1421 130 27 strafflagen,
791 1421 129 21 härutinnan
931 1423 24 19 är
965 1420 45 21 väl-

173 1450 98 26 betänkt,
288 1452 59 19 utom
363 1450 7 21 i
385 1450 101 22 afseende
502 1450 13 21 å
535 1450 213 28 straffskärpningen,
769 1456 46 15 som
840 1452 23 18 är
879 1448 130 28 öfverflödig.

244 1507 32 21 Hr
292 1507 25 24 A,
333 1507 147 22 Schauman
496 1507 147 22 understödde
658 1507 33 21 Hr
702 1507 66 21 Reins
783 1506 88 27 förslag.
