1075 1734
357 122 26 19 R.
395 127 17 13 0.
424 123 23 16 A.
457 123 60 17 1888.
541 123 13 17 3
562 122 48 22 Maj.
821 116 52 22 1001

74 209 142 27 borgarerätt,
232 209 24 21 så
270 210 46 20 tror
328 208 37 27 jag
379 208 47 27 icke
441 210 33 20 att
486 208 114 28 juristerne
616 208 61 22 skola
693 208 94 22 erkänna
798 207 107 28 uttrycket

73 244 48 15 som
136 237 78 27 giltigt.
244 237 42 21 Det
301 238 29 25 är,
347 243 46 15 som
409 237 68 27 sagdt,
493 238 31 20 ett
539 237 93 27 poetiskt
648 237 140 27 uttryckssätt
803 236 40 22 och
857 242 47 21 pas-

74 272 36 16 sar
125 266 39 21 alls
178 266 47 21 icke
240 265 7 21 i
262 266 32 20 ett
308 264 220 28 författningsförslag.
553 266 41 26 Jag
609 265 37 21 vill
662 265 83 22 derföre
763 265 78 27 begära
851 270 52 22 upp-

74 294 84 28 lysning
180 293 23 23 af
223 294 207 21 Besvärsutskottets
452 294 139 22 medlemmar
613 300 35 16 om
663 294 60 22 hvad
738 300 45 15 som
797 293 106 22 föranledt

74 329 27 15 en
116 322 66 23 sådan
197 322 105 23 lokution,

142 380 32 21 Hr
189 380 125 26 Ramsay:
344 379 42 21 Till
401 386 48 14 svar
465 379 28 27 på
507 380 32 20 Hr
554 380 26 20 A.
596 379 133 22 Schaumans
744 379 61 27 fråga
815 380 42 21 kan
866 379 37 27 jag

73 410 79 20 nämna
172 410 33 20 att
220 408 57 22 inom
292 408 107 21 utskottet
415 408 107 27 åsigterna
537 408 57 21 varit
608 408 86 28 mycket
709 408 76 22 delade
800 414 33 15 om
850 408 53 21 stili-

74 438 98 26 seringen
196 436 24 22 af
233 437 69 21 denna
318 437 64 21 kläm.
413 436 42 22 Det
470 443 38 15 var
523 443 26 16 en
565 437 139 27 omröstning,
721 443 44 15 som
781 437 74 27 gjorde
870 437 33 20 att

74 466 61 21 detta
150 482 10 9 ,
164 465 111 27 poetiska'
292 465 87 28 uttryck
394 465 45 22 blef
453 465 92 22 erkändt
559 466 7 21 i
582 466 118 21 utskottets
715 466 65 21 kläm.
801 466 43 21 För
859 465 44 21 min

74 495 34 20 del
123 495 40 20 har
176 494 38 27 jag
228 495 46 21 icke
289 494 128 21 understödt
433 496 31 20 ett
480 494 78 21 sådant
572 495 87 26 förslag.
680 495 42 27 Jag
737 494 49 22 stod
801 495 7 20 i
819 494 84 21 utskot-

73 525 33 20 tet
128 523 28 26 på
178 529 82 15 samma
282 523 133 26 ståndpunkt
435 529 46 15 som
496 523 39 21 här
550 523 57 21 inom
624 523 91 26 ståndet,
732 523 27 22 då
774 523 76 26 frågan
865 529 38 14 var

72 551 54 22 före.
156 552 40 27 Jag
218 552 36 21 vill
276 551 76 22 endast
374 553 78 20 nämna
474 551 60 22 detta
549 552 33 21 till
597 551 119 28 förklaring
731 552 7 21 i
754 552 113 27 anledning
882 551 23 21 af

72 581 34 20 Hr
121 580 133 21 Schaumans
268 579 66 28 fråga.

142 637 59 22 Frih.
217 637 23 21 af
255 637 143 22 Schultén:
428 637 41 27 Jag
484 637 37 22 vill
537 639 57 20 ännu
608 638 96 27 tillägga,
713 639 33 20 att
762 638 25 21 de
802 637 101 22 medlem-

74 672 47 15 mar
144 666 23 21 af
187 666 113 25 utskottet,
320 672 46 15 som
381 666 88 21 röstade
484 665 35 22 för
533 667 41 20 den
589 666 145 27 formulering,
751 673 45 15 som
811 666 45 21 blef
869 668 34 19 ut-

74 695 92 21 skottets
182 694 76 25 beslut,
275 694 71 21 dertill
361 694 136 22 föranleddes
513 694 23 22 af
550 695 82 21 önskan
648 697 34 19 att
691 695 22 22 få
724 695 115 26 petitionen
851 695 53 20 slut-

73 723 57 26 ligea
144 724 99 26 antagen.
259 723 89 22 emedan
363 729 50 15 man
428 723 101 22 befarade
544 725 33 20 att
591 724 50 21 med
656 724 42 21 den
713 724 131 21 allmännare
859 723 44 21 for-

73 752 133 26 muleringen
227 768 4 8 ,
235 752 97 26 ,qvinna'
347 752 7 21 i
370 754 26 19 st.
411 752 14 21 f.
441 752 118 26 ,,Finlands
574 753 113 26 qvinnor",
703 753 117 26 petitionen
835 751 68 27 möjli-

73 786 41 21 gen
136 780 47 21 icke
206 780 68 21 skulle
296 780 126 27 godkännas
437 781 7 20 i
460 781 36 21 det
519 781 69 25 stånd,
611 787 46 15 som
676 781 57 21 hade
747 781 58 21 förut
820 781 83 26 antagit

72 808 45 27 just
132 809 41 20 den
188 815 75 15 senare
278 809 173 27 formuleringen,
467 809 24 22 af
503 809 88 22 fruktan
606 812 33 19 att
654 816 26 15 en
696 809 74 22 alltför
784 809 119 21 vidsträckt

74 838 45 20 rätt
133 837 33 22 till
181 837 85 22 inträde
280 837 35 22 vid
330 838 149 21 universitetet
494 838 69 21 skulle
578 838 23 21 åt
624 839 93 26 qvinnan
736 838 95 27 beviljas.
861 837 42 22 Det

73 872 39 15 var
127 865 83 23 således
226 866 56 22 blott
297 866 23 22 af
334 866 81 22 önskan
431 868 32 20 att
478 867 76 27 sjelfva
563 867 66 21 saken
644 867 69 22 skulle
724 867 121 26 befrämjas,
857 872 46 16 som

74 894 137 28 majoriteten
226 895 86 21 röstade
326 895 34 21 för
375 896 130 21 densamma.

144 952 32 21 Hr
191 952 25 21 A.
234 952 154 21 Schauman:
418 953 41 27 Jag
473 953 94 21 väntade
582 954 44 26 mig
640 955 78 19 nästan
734 954 41 20 den
785 952 118 26 förklaring

76 986 46 16 som
136 981 37 27 jag
188 987 28 15 nu
232 980 49 22 hört
296 980 23 22 af
332 981 58 21 Frih.
406 981 24 21 af
443 981 109 22 Schulten.
583 982 25 21 D.
624 988 19 14 v.
660 988 16 15 s.
693 982 37 21 det
744 982 67 26 ligger
821 980 28 28 pä
859 982 44 20 sätt

74 1009 41 22 och
129 1010 33 20 vis
177 1015 26 15 en
218 1009 87 27 politisk
320 1009 135 27 försiktighet
471 1010 68 21 under
554 1010 151 27 begagnandet
714 1010 25 21 af
747 1011 60 21 detta
817 1009 86 27 uttryck

75 1038 40 21 och
136 1038 49 21 frän
200 1038 42 21 den
257 1038 60 21 sidan
332 1038 43 21 kan
391 1038 36 22 det
441 1039 100 27 möjligen
556 1039 65 21 hafva
636 1039 47 21 skäl
698 1038 34 22 för
747 1040 42 25 sig;
804 1044 49 15 men
866 1038 37 26 jag

74 1066 49 22 ville
147 1066 54 22 dock
217 1066 6 21 i
238 1066 77 22 sådant
338 1067 38 21 fall
391 1067 85 26 föreslå,
492 1069 33 19 att
544 1068 109 26 uttrycket
668 1068 116 26 ,,Finlands
799 1067 103 27 gvinnor*

74 1095 69 21 skulle
158 1095 113 21 förändras
286 1096 32 20 till
335 1112 10 10 ,
348 1095 74 22 infödd
437 1096 56 21 finsk
508 1096 100 27 gvinna''.

144 1152 32 20 Hr
186 1151 26 22 G.
228 1152 162 22 Grotenfelt:
410 1153 42 27 Jag
462 1154 40 21 har
513 1154 69 21 blifvit
592 1154 147 21 förekommen
748 1154 24 21 af
780 1154 32 20 Hr
823 1152 80 22 Schau-

74 1186 50 15 man
139 1180 7 20 i
162 1180 37 21 det
218 1181 38 27 jag
278 1182 90 20 ämnade
390 1184 69 25 yttra:
489 1182 41 27 Jag
552 1185 47 19 tror
617 1182 106 27 nämligen
739 1184 34 20 att
787 1183 62 20 dessa
864 1182 39 20 ord

74 1224 5 10 +
81 1208 109 27 Finlands
210 1210 110 26 gvinnor*,
342 1216 47 16 som
411 1210 49 27 ingå
475 1211 7 21 i
497 1211 119 21 utskottets
638 1211 65 25 kläm,
720 1211 39 21 och
776 1216 44 16 som
837 1210 67 21 redan

73 1237 134 22 förekomma
221 1238 7 21 i
243 1239 242 26 petitionsmemorialet,
509 1239 77 22 sädant
608 1240 37 21 det
666 1240 72 26 ingick
759 1240 8 20 i
786 1238 117 22 utskottets

73 1266 130 27 föregäende
218 1266 142 27 betänkande,
377 1268 121 27 egentligen
513 1270 38 19 äro
568 1275 26 15 en
609 1268 129 27 misslyckad
749 1267 154 27 öfversättning

72 1294 48 23 från
134 1294 91 27 finskan,
248 1296 39 21 och
302 1298 33 20 att
350 1296 37 22 det
402 1296 67 23 borde
484 1296 51 22 heta
550 1296 69 27 ,finsk
634 1297 99 27 qvinna',
749 1296 40 22 och
805 1302 45 15 som
866 1295 37 28 jag

75 1323 66 22 också
156 1323 34 22 för
204 1325 44 20 min
263 1325 35 21 del
312 1331 64 16 anser
391 1325 83 22 mindre
489 1326 102 27 lämpliga
606 1326 7 21 i
624 1328 32 19 ett
673 1325 165 22 ständerbeslut.
861 1325 42 26 Jag

74 1352 69 22 skulle
158 1352 34 21 för
206 1353 44 21 min
265 1353 34 22 del
316 1354 73 25 önska,
405 1355 33 20 att
453 1354 62 21 detta
529 1354 106 22 ändrades
650 1355 33 20 till
698 1355 34 20 att
746 1354 69 26 ,,finsk
825 1353 79 27 gvinna

74 1381 146 27 berättigades
242 1383 33 20 att
294 1383 53 20 utan
362 1382 102 21 särskildt
479 1383 97 21 tillständ
591 1383 22 21 fä
628 1383 84 26 aflägga
726 1383 178 21 studentexamen

74 1411 56 20 samt
152 1410 52 21 idka
226 1410 82 22 studier
329 1411 36 20 vid
387 1411 84 21 landets
487 1411 147 22 universitet".
664 1412 42 26 Jag
722 1411 39 21 har
776 1411 63 21 äfven
853 1410 50 21 hört

73 1440 33 19 att
120 1438 58 21 inom
193 1438 107 22 utskottet
314 1439 40 22 och
369 1440 58 21 inom
443 1440 36 21 det
495 1440 69 25 ständ,
576 1440 82 21 hvilket
672 1440 36 21 vid
723 1439 70 22 första
807 1438 96 22 behand-

74 1467 71 26 lingen
161 1469 65 24 antog
241 1467 41 22 den
297 1467 164 28 ifrågavarande
477 1468 148 27 stiliseringen,
633 1469 57 20 vissa
700 1468 102 27 politiska
812 1466 91 23 betänk-

73 1495 92 27 ligheter
187 1495 75 27 gjorde
278 1496 32 27 sig
324 1497 106 26 gällande,
446 1497 40 21 och
503 1499 32 19 att
550 1497 36 22 det
601 1497 73 21 derför
688 1497 100 27 möjligen
804 1501 50 16 vore
870 1497 33 19 att

74 1523 80 25 befara,
170 1525 33 20 att
218 1529 35 16 om
268 1524 24 21 R.
309 1531 19 15 o.
344 1525 25 21 A.
385 1525 81 21 vidhöll
481 1525 38 22 sitt
534 1525 150 28 ursprungliga
694 1525 79 25 beslut,
784 1526 32 20 ett
826 1523 78 22 sädant
