1064 1750
192 132 55 20 1496
445 137 24 17 R.
482 142 17 12 o.
508 138 22 18 A,
543 138 58 17 1888.
618 138 26 17 23
656 138 49 22 Maj.

164 221 58 23 detta
244 228 97 21 program
363 222 33 21 för
417 222 176 28 lagberedningen
615 223 8 21 i
645 225 72 20 ämnet
738 223 69 22 afsett.
837 223 40 27 Jag
892 225 46 20 tror
953 224 33 21 att

164 252 58 20 stora
237 250 129 27 svårigheter
381 251 60 21 skola
455 253 58 20 möta
527 253 33 20 att
575 251 65 27 draga
655 251 43 22 alla
712 251 44 28 slag
766 252 23 21 af
798 252 117 21 berusande
926 252 58 27 dryc-

162 279 40 21 ker
223 279 67 21 under
312 285 79 16 samma
405 279 244 28 lagstiftningskategori.
680 280 62 21 Hvad
757 280 72 27 sjelfva
844 280 141 27 stiliseringen

162 307 8 21 i
193 306 63 28 öfrigt
278 307 136 27 vidkommer,
436 309 23 20 så
481 308 43 21 kan
542 315 48 14 man
603 309 24 26 ju
643 309 49 21 med
706 309 41 26 god
763 309 49 26 vilja
827 309 42 21 leta
884 309 32 26 sig
930 309 54 21 fram

162 341 76 21 genom
261 335 125 27 densamma,
411 343 34 15 om
467 337 68 21 denna
557 339 54 19 term
633 337 127 28 rusdrycker
781 350 28 2 —
827 337 110 22 förändras
953 337 31 21 till

162 363 148 28 spritdrycker,
332 365 24 21 så
371 366 32 20 att
417 371 48 15 man
481 365 118 27 qvarhåller
613 365 74 27 frågan
702 366 27 27 på
745 366 36 21 det
796 366 92 24 område,
906 366 7 21 i
930 365 55 22 hvil-

162 393 37 22 ket
213 393 113 22 ständerna
340 393 8 21 i
362 393 73 28 hvarje
449 393 36 22 fall
500 393 63 22 hafva
577 395 32 20 att
624 396 68 19 motse
707 394 139 27 proposition.

230 450 32 21 Hr
277 450 24 21 A.
317 450 139 21 Norrmén:
486 450 40 27 Jag
541 451 54 21 hade
611 451 62 21 tänkt
687 453 57 26 yttra
759 451 43 27 mig
816 451 7 21 i
838 457 80 16 samma
933 451 51 21 rikt-

161 478 57 27 ning,
241 485 45 15 som
309 479 39 21 den
368 478 125 27 föregående
508 479 63 22 ärade
586 479 88 22 talaren,
705 479 73 27 Enligt
793 479 43 22 min
851 479 64 22 tanke
929 479 56 22 lider

160 507 115 21 utskottets
297 507 77 27 förslag
396 508 22 21 af
438 507 79 22 sådana
538 508 116 27 väsentliga
676 507 180 28 bristfälligheter,
882 510 32 19 att
938 508 45 21 det-

162 541 80 16 samma
264 535 46 22 icke
332 535 39 22 bör
392 535 71 22 kunna
477 536 128 27 godkännas.
637 537 41 26 Jag
692 539 24 19 är
731 536 33 21 för
779 537 43 21 min
838 536 33 22 del
886 536 49 27 böjd
951 538 32 20 att

160 563 44 23 helt
227 564 38 22 och
288 564 65 22 hållet
370 564 94 22 förkasta
479 565 122 27 petitionen,
618 565 39 21 och
673 565 37 21 ber
726 565 82 22 således
824 567 32 19 att
871 565 20 21 få
906 565 79 21 under-

160 593 61 22 stöda
236 593 36 21 det
286 593 78 27 förslag
374 593 57 21 Frih.
442 593 91 22 Aminoff
543 594 50 21 sade
604 594 32 27 sig
646 594 46 21 haft
701 594 33 21 för
744 594 62 27 afsigt
817 595 32 20 att
859 594 122 21 framställa.

227 650 56 21 Frih.
303 650 23 21 G.
343 650 123 21 Aminoff:
496 650 40 26 Jag
551 650 92 27 begärde
659 651 62 20 ordet
736 651 75 21 endast
826 650 32 21 för
874 652 31 19 att
920 656 60 15 svara

159 677 32 22 Hr
212 677 67 28 Boije,
302 678 26 21 då
350 678 42 21 han
411 679 83 26 yttrade
509 680 32 20 att
555 678 42 22 han
612 679 47 21 icke
674 679 88 27 förstod,
778 679 85 21 hvarför
873 679 37 26 jag
924 680 56 20 stan-

158 706 54 21 nade
227 706 35 21 vid
277 707 61 21 ordet
352 707 111 26 grundligt.
493 707 42 21 Det
549 707 62 21 torde
625 707 47 22 icke
687 707 62 22 hafva
764 707 90 27 undgått
869 708 68 26 någon
959 707 22 22 af

158 735 25 21 R.
207 741 18 15 o.
248 735 51 21 A:ns
322 735 141 26 medlemmar,
483 737 32 20 att
526 735 37 28 jag
578 736 83 21 märkte
676 736 62 21 ordet
752 736 54 21 först
821 736 34 21 vid
870 735 109 28 läsningen

158 762 22 23 af
200 763 112 26 klämmen,
336 765 30 20 ett
388 764 75 27 tydligt
485 763 57 22 bevis
564 765 28 26 på
607 766 32 19 att
655 765 36 20 det
706 765 61 21 ordet
781 766 66 20 stötte
862 764 48 27 mig.
939 764 40 27 Jag

157 791 37 21 vill
216 791 82 22 således
320 794 50 25 säga
392 794 31 19 att
436 792 36 27 jag
486 793 46 20 icke
547 793 108 21 betraktat
671 793 61 21 ordet
746 793 108 27 grundligt
868 793 7 20 i
890 794 89 20 motsats

158 819 32 22 till
206 820 60 21 ordet
280 820 68 27 ytligt,
364 821 88 21 emedan
467 821 65 26 begär
546 827 49 16 man
610 827 25 15 en
651 821 55 27 gång
722 823 32 20 att
768 822 123 26 regeringen
912 822 67 20 måtte

158 848 65 27 draga
245 848 82 27 försorg
349 855 33 15 om
405 851 32 19 att
460 855 25 16 en
508 849 156 28 undersökning
686 849 44 22 blir
750 850 67 27 gjord,
833 850 24 21 så
872 852 23 19 är
910 849 69 22 denna

157 877 156 26 undersökning
334 877 105 27 sjelffallet
461 877 97 28 grundlig
574 878 39 21 och
629 884 25 15 en
670 878 66 21 sådan
751 878 129 27 påminnelse
896 877 81 22 således

157 905 82 27 onödig.
270 905 49 22 Men
340 906 33 21 för
396 908 33 19 att
449 906 46 21 icke
517 906 94 22 försvåra
633 906 101 22 debatten
754 907 40 21 och
808 906 169 27 propositionens

156 933 154 27 uppställande,
334 936 23 19 är
376 934 37 27 jag
434 934 68 27 färdig
523 936 32 20 att
578 935 55 21 afstå
655 935 47 21 frän
720 935 147 22 uteslutandet
882 935 22 21 af
917 935 61 21 ordet

157 962 131 27 ngrundlig*.
318 963 39 26 Jag
380 963 105 26 begagnar
507 963 42 27 mig
571 963 23 21 af
607 963 98 27 tillfället,
722 964 27 21 då
762 964 37 26 jag
814 969 28 16 nu
856 963 39 22 har
910 963 67 26 ordet,

156 992 33 19 att
210 990 20 21 få
253 991 127 22 understöda
394 991 33 21 Hr
441 991 113 22 Mechelins
570 991 78 28 förslag
663 993 32 20 att
711 992 6 21 i
732 992 72 21 stället
819 991 33 22 för
867 992 111 27 ,rusdryc-

156 1018 51 22 ker"
222 1019 96 27 begagna
334 1019 60 22 ordet
409 1020 175 27 ,spritdrycker".

224 1075 32 21 Hr
277 1076 201 26 Pippingsköld:
508 1076 40 27 Jag
571 1079 24 19 är
611 1077 22 21 af
647 1077 39 21 den
702 1077 52 21 fulla
770 1077 158 27 öfvertygelsen,
945 1079 32 19 att

155 1103 170 27 spritdryckerna
340 1104 46 22 icke
400 1106 37 20 äro
452 1105 65 26 några
532 1105 232 27 nödvändighetsvaror
779 1105 39 21 och
834 1107 31 20 att
880 1112 49 14 man
942 1105 35 22 väl

154 1131 43 22 kan
219 1132 94 22 undvara
335 1133 53 21 dem.
418 1132 49 22 Men
490 1133 35 21 det
547 1139 51 15 vore
613 1140 26 15 en
653 1136 47 19 stor
714 1134 103 21 oklokhet
832 1136 32 19 att
878 1133 98 27 förbjuda

155 1160 39 22 och
209 1160 121 28 ytterligare
345 1160 94 23 försvåra
454 1161 123 27 njutningen
592 1162 23 21 af
628 1162 42 21 alla
686 1162 26 22 de
727 1164 83 24 ämnen,
826 1169 45 15 som
882 1162 46 22 icke
938 1164 37 19 äro

154 1189 142 26 nödvändiga;
312 1189 39 22 och
364 1190 36 27 jag
415 1190 83 24 undrar,
514 1190 107 22 hurudant
635 1191 49 21 vårt
698 1191 98 21 kulturlif
809 1191 74 27 blefve,
900 1197 34 15 om
949 1197 26 15 en

154 1217 66 22 sådan
234 1219 44 20 sats
294 1218 67 21 skulle
376 1218 77 21 drifvas
468 1218 32 21 till
515 1219 32 21 sin
562 1221 63 25 spets.
651 1219 51 21 Men
717 1220 49 21 med
782 1219 97 22 afseende
890 1220 12 20 å
912 1219 64 27 sprit-

154 1251 62 16 varor
238 1245 36 22 vill
291 1252 49 15 man
355 1246 35 21 det
406 1247 59 23 dock,
481 1248 22 26 ty
518 1247 41 21 alla
575 1247 61 22 dessa
650 1248 115 26 petitioner
780 1247 44 22 afse
839 1254 26 15 en
879 1247 95 22 fullstän-

154 1273 36 27 dig
212 1273 120 28 förbudslag
354 1275 69 21 såsom
445 1275 64 26 ideal;
530 1275 40 22 och
585 1275 55 22 hvad
656 1276 132 27 Mainelagen
803 1277 7 20 i
825 1276 100 21 Amerika
939 1276 36 21 be-

154 1301 80 26 träffar,
248 1303 24 20 så
287 1303 105 27 omfattar,
407 1303 52 21 eller
473 1305 80 20 rättare
568 1304 108 27 förbjuder
692 1305 40 21 den
747 1304 61 22 äfven
823 1305 49 24 ölet,
890 1304 86 21 hvarför

153 1330 61 22 äfven
236 1331 98 27 tyskarne
350 1332 43 26 der,
409 1331 70 22 hvilka
493 1332 114 26 ingalunda
621 1339 51 15 voro
689 1333 26 21 de
731 1333 95 22 svåraste
848 1333 126 21 drinkarene

152 1359 8 21 i
182 1359 41 22 den
245 1361 69 20 staten
335 1361 28 26 på
392 1360 40 21 den
461 1360 36 24 tid,
524 1361 27 20 då
575 1361 62 26 lagen
661 1361 103 26 stiftades,
795 1367 51 16 voro
872 1361 25 21 de
921 1362 53 20 star-

152 1387 60 22 kaste
234 1389 171 21 motståndarene
427 1390 56 20 emot
502 1389 127 22 densamma.
659 1389 159 27 Fordringarne
832 1391 37 20 äro
885 1389 88 26 således,

152 1415 68 22 såvidt
236 1416 25 21 de
276 1416 71 22 kunna
362 1417 55 21 läsas
431 1417 88 21 emellan
535 1417 90 22 raderna
639 1418 4 21 i
655 1418 124 27 petitionen,
790 1417 103 28 ytterliga.
919 1417 56 27 Mjö-

152 1444 37 21 det
203 1447 36 19 vet
253 1451 48 15 man
316 1445 52 25 icke,
383 1451 34 16 om
433 1445 35 21 det
483 1445 54 22 skall
552 1446 77 21 räknas
644 1446 34 21 till
692 1446 179 28 spritdryckerna,
887 1451 48 16 men
957 1447 15 20 t.

152 1478 20 15 o.
194 1478 27 15 m.
245 1473 43 22 ölet
308 1473 40 22 hör
370 1473 32 22 för
423 1473 54 22 visso
499 1474 67 21 under
589 1474 39 21 den
650 1474 119 27 kategorin,
790 1475 27 21 då
832 1474 52 22 talet
899 1476 23 20 är
938 1480 35 15 om

151 1501 91 22 nämnda
257 1501 40 27 lag.
