1075 1736
211 128 55 21 1142
470 135 33 20 R.
516 139 18 13 o.
546 135 23 17 A.
577 134 56 18 1888.
651 135 20 17 11
683 134 49 22 Maj.

183 220 70 22 erfara
275 220 22 22 af
317 220 145 23 anförandena
484 222 7 20 i
515 222 59 21 detta
595 221 143 27 betänkande,
763 223 31 20 att
820 220 147 23 elevantalet
960 216 13 37 i
983 220 32 23 S:t

183 249 89 22 Michels
294 249 60 22 skola
376 252 56 20 ännu
452 252 24 20 är
498 250 85 28 mycket
604 250 124 27 tillräckligt
751 250 33 21 för
807 251 32 20 att
858 250 95 22 försvara
967 250 48 21 dess

183 277 187 28 upprätthållande
393 278 6 21 i
423 279 40 21 den
486 278 61 26 form,
569 279 7 20 i
598 278 85 22 hvilken
699 279 41 21 den
756 285 29 14 nu
801 280 23 19 är
841 278 103 22 verksam.
974 278 41 26 Jag

183 305 97 23 anhåller
302 305 82 23 således
406 309 32 19 att
460 307 20 22 få
503 307 136 22 understöda'
654 309 174 20 reservanternes
844 306 115 22 resolution
975 306 39 22 och

183 336 114 21 motsätter
313 335 42 26 mig
369 335 116 22 utskottets
500 335 141 22 betänkande.

253 391 58 22 Frih.
335 393 22 21 af
378 393 165 22 Schultén:
574 393 114 22 Gentemot
710 400 27 15 en
753 393 129 27 föregående
897 392 66 23 talare
978 392 37 21 vill

181 420 38 27 jag
241 420 76 22 endast
338 423 58 26 säga,
418 424 32 19 att
466 428 34 15 om
520 423 71 26 också,
607 422 66 21 under
688 422 96 21 tidernas
800 421 50 28 lopp
866 428 26 15 en
907 421 108 25 orättvisa,

183 449 68 22 ehuru
273 449 89 22 förvisso
378 451 132 24 omedveten,
526 450 67 22 blifvit
609 451 109 26 begången
735 453 46 19 mot
796 451 41 20 den
852 449 68 23 finska
935 449 80 22 befolk-

184 477 78 27 ningen
285 477 6 22 i
314 477 79 27 landet,
416 480 24 21 så
462 479 67 27 ligger
551 479 33 22 väl
608 479 68 22 deruti
698 479 56 22 intet
769 479 47 22 skäl
831 480 32 20 att
879 479 53 27 begå
947 485 26 15 en
987 485 28 21 ny

184 506 105 22 orättvisa
312 507 39 21 och
371 507 69 22 denna
455 508 47 21 fullt
518 508 110 22 medveten
644 510 57 19 emot
717 508 40 21 den
774 508 90 21 svenska
880 507 83 22 talande
979 507 36 22 be-

185 534 130 28 folkningen.
344 536 41 26 Jag
408 536 35 21 vill
466 537 70 21 dertill
552 537 49 26 foga
615 538 32 20 att
662 537 155 26 patriotismen,
833 538 44 20 rätt
892 536 100 26 förstådd,
1008 535 7 21 i

185 563 48 21 vårt
256 563 50 22 land
324 563 47 22 icke
386 564 83 22 fordrar
484 566 65 25 något
565 564 52 22 offer
632 564 22 22 af
667 564 159 26 modersmålet,
842 567 32 18 att
890 564 36 22 det
941 564 75 22 endast

185 593 24 20 är
224 597 26 16 en
265 591 60 28 falsk,
342 599 26 15 en
384 593 47 21 skef
444 593 126 28 patriotism,
586 599 46 16 som
647 595 38 26 gör
701 593 94 28 anspråk
812 593 71 27 derpå.

254 649 33 22 Hr
309 649 162 23 Lindelöf:
501 651 40 26 Jag
564 651 38 22 ber
623 651 76 22 endast
721 650 21 22 få
767 650 98 23 meddela
883 651 65 26 några
963 656 53 21 upp-

185 677 108 28 lysningar
315 684 35 15 om
373 679 225 27 språkförhållandena
620 680 7 21 i
649 679 33 22 S:t
703 679 91 22 Michels
817 679 87 28 lyceum.
935 679 42 21 Det
992 680 24 19 är

186 706 81 22 bekant
281 708 32 20 att
329 707 175 28 undervisningen
520 709 27 26 på
563 709 26 21 de
604 708 59 27 lägre
677 708 112 21 klasserna
805 708 21 21 af
841 708 58 21 detta
918 707 97 22 läroverk

187 737 24 20 är
233 735 129 28 tvåspråkig,
389 736 6 21 i
418 737 36 21 det
476 737 89 21 svenska
589 737 37 22 och
649 737 70 21 finska
742 737 92 26 språken
858 736 37 21 der
909 736 106 27 begagnas

184 763 115 28 jemnsides
321 765 49 21 med
393 765 125 22 hvarandra.
550 765 31 22 På
596 765 25 22 de
636 765 66 27 högre
717 765 111 22 klasserna
843 765 47 22 åter
903 764 66 27 gäller
983 764 34 21 för

189 792 42 21 alla
253 793 51 20 våra
326 793 98 22 läroverk
447 794 41 21 den
511 793 160 28 bestämningen
687 796 31 19 att
734 793 100 22 eleverna
849 794 7 20 i
872 793 53 22 vissa
941 795 75 20 ämnen

187 821 60 21 skola
263 821 123 22 undervisas
403 823 27 26 på
446 823 35 21 det
496 822 67 22 andra
578 823 108 21 inhemska
702 823 94 26 språket.
822 823 65 21 Detta
897 821 54 22 skall
961 821 55 27 sjelf-

187 849 60 21 fallet
269 855 38 21 ega
329 856 48 15 rum
395 850 61 22 äfven
472 851 33 21 vid
521 851 81 27 lyceum
618 851 6 21 i
640 851 32 21 S:t
687 851 79 21 Michel
782 851 39 21 och
836 851 95 21 kommer
946 850 71 21 säker-

187 877 55 27 ligen
267 880 32 19 att
321 878 38 21 der
383 879 106 27 tillämpas
511 879 7 21 i
540 881 57 19 ännu
611 881 69 20 större
695 879 148 27 utsträckning
858 881 27 19 än
901 878 34 22 vid
950 878 67 22 andra

186 906 105 22 läroverk.
321 907 128 27 Derigenom
473 907 40 21 blir
534 908 7 21 i
559 908 73 26 sjelfva
647 908 73 21 verket
735 908 178 26 undervisningen
927 906 62 22 äfven
1003 907 14 21 å

188 935 26 21 de
238 934 67 28 högre
327 935 110 23 klasserna
459 936 128 27 tvåspråkig.
618 936 106 22 Särskildt
746 936 40 22 har
809 936 73 26 frågan
901 936 72 21 derom
988 941 29 15 nu

189 962 84 28 nyligen
295 964 81 26 utgjort
398 964 87 22 föremål
504 965 33 21 för
553 964 156 28 öfverläggning
725 964 58 22 inom
798 964 157 28 skolstyrelsen,
971 970 46 15 som

187 992 41 21 fått
249 992 7 20 i
279 992 97 28 uppdrag
395 992 22 22 af
430 993 111 27 kejserliga
556 995 87 20 senaten
659 996 32 19 att
705 993 109 21 inkomma
829 993 48 21 med
892 992 77 26 förslag
984 991 33 22 till

188 1020 109 22 ordnande
312 1020 23 21 af
348 1027 26 15 en
390 1022 66 21 sådan
471 1022 86 21 fortsatt
572 1022 122 27 tvåspråkig
709 1022 151 25 undervisning
875 1027 75 20 genom
969 1020 49 21 hela

187 1048 128 22 läroverket.
345 1049 43 22 Det
410 1052 23 19 är
455 1050 82 22 således
560 1052 32 20 att
614 1052 77 25 antaga
706 1052 32 19 att
754 1050 60 22 detta
829 1049 132 22 förhållande
975 1048 42 21 blir

188 1077 28 27 på
237 1077 72 27 vanlig
330 1080 41 25 väg
393 1078 62 22 innan
479 1079 49 21 kort
547 1079 98 25 ordnadt,
661 1079 40 21 och
716 1078 20 21 vi
752 1079 61 21 skola
829 1078 27 22 då
870 1078 7 21 i
892 1078 32 22 S:t
939 1076 78 23 Michel

188 1105 64 22 hafva
275 1108 31 19 ett
328 1106 104 27 läroverk,
456 1107 37 22 der
515 1109 31 20 ett
561 1109 79 26 system
655 1107 69 22 blifvit
738 1107 87 26 infördt,
841 1113 45 15 som
901 1107 46 21 icke
962 1105 54 22 före-

188 1133 97 22 kommer
307 1135 7 20 i
337 1135 69 26 någon
429 1142 69 15 annan
520 1135 23 22 af
565 1137 50 20 våra
636 1136 79 28 skolor,
730 1135 108 27 nämligen
854 1141 26 16 en
895 1134 122 28 tvåspråkig

188 1162 151 28 undervisning
361 1169 75 21 genom
460 1164 47 21 hela
529 1164 126 22 läroverket.
685 1164 44 21 Det
751 1164 40 21 har
814 1163 21 22 af
856 1163 32 22 Hr
909 1163 53 21 Rein
977 1162 40 22 och

189 1191 77 26 många
281 1191 66 21 andra
363 1191 45 22 före
423 1192 77 22 honom
516 1192 115 26 anmärkts,
647 1194 33 20 att
695 1199 26 15 en
732 1192 67 22 sådan
810 1192 121 27 tvåspråkig
942 1191 77 22 under-

189 1219 82 27 visning
287 1220 81 21 medför
383 1221 131 26 svårigheter
529 1221 30 21 uti
570 1221 139 27 pedagogiskt
719 1221 128 21 hänseende.
870 1220 49 22 Man
930 1222 89 24 antager

191 1248 58 21 detta
265 1248 70 21 såsom
351 1251 32 19 ett
398 1249 75 26 axiom,
489 1249 80 22 hvilket
584 1250 46 21 icke
646 1249 101 22 behöfver
762 1256 76 20 genom
847 1250 69 26 någon
927 1248 92 22 erfaren-

189 1276 38 21 het
249 1276 147 28 ådagaläggas.
428 1278 78 21 Teorin
528 1280 61 25 säger
612 1280 31 20 att
667 1278 35 22 det
725 1280 24 19 är
765 1278 95 26 omöjligt
876 1279 31 19 att
922 1276 97 27 bibringa

190 1304 98 22 eleverna
310 1305 97 27 kunskap
427 1307 27 26 på
470 1306 59 22 detta
544 1309 48 19 sätt.
622 1307 43 21 Det
680 1307 42 21 kan
735 1306 24 27 ju
775 1306 46 22 icke
837 1306 64 22 nekas
917 1307 32 19 att
963 1305 56 21 vissa

189 1333 132 27 svårigheter
344 1336 38 19 äro
405 1334 101 22 förenade
528 1336 49 21 med
592 1337 31 19 ett
639 1335 67 27 dylikt
721 1335 176 26 tillvägagående,
914 1340 48 15 men
978 1333 41 22 den

189 1361 127 24 erfarenhet,
339 1368 46 15 som
408 1363 20 21 vi
450 1363 75 21 hittills
548 1364 84 21 erhållit
651 1364 45 26 just
711 1363 46 22 från
781 1364 32 21 S:t
828 1362 87 22 Michels
930 1362 88 27 lyceum,

189 1390 62 26 visar,
268 1392 32 20 att
316 1390 62 22 dessa
393 1392 131 26 svårigheter
538 1392 114 27 ingalunda
667 1394 37 20 äro
720 1391 189 27 oöfvervinnerliga
945 1390 73 22 Resul-

190 1420 54 20 tatet
260 1418 23 22 af
296 1419 176 28 undervisningen
489 1420 34 22 vid
539 1420 58 22 detta
612 1421 81 27 lyceum
709 1421 39 21 har
763 1420 129 22 åtminstone
908 1420 45 20 icke
965 1418 55 22 varit

189 1447 134 27 synnerligen
339 1447 137 28 underlägset
491 1449 36 21 det
541 1449 54 21 ifrån
610 1449 67 21 andra
691 1449 106 25 läroverk,
814 1448 39 22 och
874 1454 25 15 en
922 1447 97 22 bestämd

188 1475 69 21 fördel
273 1475 99 27 erbjuder
386 1476 161 26 ifrågavarande
562 1479 78 25 system
655 1477 87 21 framför
758 1477 73 26 andra,
848 1483 26 15 en
889 1476 73 23 fördel,
973 1481 46 15 som

188 1504 7 19 i
218 1504 46 21 vårt
287 1504 49 20 land
360 1506 24 20 är
408 1505 116 27 synnerligt
541 1505 162 22 beaktansvärd.
734 1505 51 21 Man
801 1504 65 22 fäster
878 1505 24 27 ju
918 1504 47 22 med
981 1503 38 22 allt

188 1531 46 21 skäl
258 1532 90 22 särskild
372 1533 43 27 vigt
439 1534 38 21 hos
500 1540 34 15 oss
556 1534 41 24 vid,
616 1534 39 22 och
671 1534 115 21 ständerna
802 1533 62 22 hafva
879 1532 140 28 uttryckligen
