1073 1745
193 124 55 21 1302
452 132 24 16 R.
489 136 18 13 o.
519 133 23 16 A.
552 133 58 18 1888,
628 132 21 17 17
661 132 48 20 Maj.

163 216 103 27 åtskilligt
284 218 64 20 annat
363 216 50 28 ofog
427 216 42 22 kan
485 218 28 26 på
527 218 132 22 främmande
675 217 61 22 mark
751 215 112 23 bedrifvas.
893 216 44 21 För
951 215 43 22 min

164 244 34 23 del
213 245 123 27 godkänner
347 245 38 27 jag
399 245 72 22 derför
485 246 117 22 utskottets
617 246 143 22 betänkande.

232 302 33 22 Hr
289 302 24 21 F.
329 308 41 16 von
385 302 173 22 Willebrand:
589 303 29 22 Af
632 304 41 20 den
688 302 121 28 personliga
825 300 120 23 erfarenhet
957 300 40 28 jag

163 337 46 15 som
233 336 25 16 en
281 330 61 28 ringa
363 331 144 27 possessionat
528 332 8 21 i
558 332 65 21 södra
638 331 92 22 Finland
745 331 39 21 har
799 336 36 15 om
851 330 58 21 detta
925 331 68 25 ämne,

162 360 33 21 får
214 359 37 27 jag
274 359 107 27 anmärka,
404 362 32 19 att
457 359 162 23 förhållandena
642 360 63 22 ställa
724 360 32 26 sig
779 358 114 27 väsentligt
915 358 78 22 olika
983 354 15 36 i

162 394 66 16 norra
243 388 61 21 delen
319 388 23 21 af
355 389 46 21 vårt
416 388 56 26 land,
488 389 38 21 der
538 389 129 27 jordvidden
681 391 24 19 är
720 390 52 24 stor,
789 388 38 21 der
841 386 45 22 folk
895 386 46 22 fritt
952 386 41 21 kan

163 417 27 27 gå
213 416 97 27 omkring
332 416 55 22 både
402 416 32 22 för
449 419 32 19 att
493 418 51 26 jaga
563 418 40 21 och
618 417 77 28 plocka
710 417 45 24 bär,
772 423 18 15 o.
807 422 16 16 s.
841 422 18 15 v.
876 417 45 19 mot
936 414 36 22 det
986 415 7 20 i

163 445 64 22 södra
249 445 97 24 Finland,
369 445 38 22 der
418 445 37 27 jag
471 445 51 22 visst
537 446 47 21 icke
600 446 68 21 skulle
683 445 108 22 missunna
807 445 48 20 dem
871 446 32 19 att
917 443 76 28 plocka

162 474 39 21 bär
227 474 40 21 och
292 480 79 21 svamp,
394 480 47 15 men
463 480 46 16 som
532 474 44 22 folk
598 475 47 21 icke
668 475 72 20 kunna
761 475 54 26 göra
840 473 59 21 detta
914 472 27 27 på
957 477 36 16 an-

163 504 37 20 nat
220 504 44 19 sätt
286 504 27 19 än
335 504 33 19 att
383 502 26 21 de
423 501 46 23 fritt
483 503 21 21 få
519 503 27 26 gå
562 503 104 26 omkring,
682 503 24 21 så
721 503 40 21 har
776 501 77 28 följden
870 501 67 21 blifvit
953 500 40 21 den

163 533 38 24 att,
217 531 68 22 ehuru
297 531 37 26 jag
349 531 68 27 aldrig
431 531 102 27 förbjudit
548 533 71 26 någon
635 534 32 19 att
681 533 28 25 gå
725 531 97 26 omkring
832 531 28 26 på
875 529 43 22 min
926 529 67 26 mark,

159 560 37 27 jag
212 559 54 22 dock
286 559 43 22 ofta
344 560 48 21 med
407 561 45 20 stor
467 560 104 27 grämelse
586 562 49 25 sett,
651 560 56 21 huru
723 559 168 28 bärplockarene
906 557 35 22 vid
956 557 37 22 sitt

162 588 123 22 ströfvande
301 588 102 27 omkring,
419 588 62 28 bryta
495 589 42 21 ned
552 589 163 27 gärdesgårdar,
731 589 70 21 lemna
811 586 94 27 stängsel
916 588 75 25 öppna,

163 617 40 22 och
218 617 121 26 derigenom
354 617 147 22 åstadkomma
516 619 61 20 tusen
592 618 81 27 gånger
687 619 70 20 större
772 616 68 22 skada
855 618 27 19 än
897 615 55 21 hvad
967 615 25 20 de

162 646 39 21 bär
224 645 39 22 och
286 651 97 22 svampar
405 647 37 20 äro
465 646 71 26 värda,
558 646 47 21 dem
629 647 26 20 de
671 646 82 27 plocka.
783 645 42 26 Jag
840 645 67 20 måste
923 643 70 22 derför

161 674 74 22 förena
251 673 42 28 mig
308 673 7 22 i
330 674 114 22 utskottets
459 674 141 26 betänkande,
617 674 32 22 för
665 677 32 19 att
713 674 54 22 dock
783 680 26 15 en
824 673 35 26 lag
873 673 34 21 må
917 671 74 27 finnas,

160 709 47 16 som
229 709 50 15 man
293 703 7 20 i
315 703 78 21 nödfall
409 703 41 21 kan
466 703 62 22 hafva
544 705 32 20 att
590 703 39 22 lita
644 703 39 26 till,
699 705 22 25 ty
736 708 78 16 annars
829 701 67 22 finnes
911 701 82 26 knappt

161 732 71 26 någon
255 731 100 22 säkerhet
378 737 37 16 ens
437 733 33 20 att
492 731 48 28 sjelf
557 734 50 19 röra
622 732 31 27 sig
669 733 27 26 på
711 731 47 22 sina
774 737 54 20 egna
843 736 56 21 egor,
915 729 77 22 medan

161 760 44 21 folk
228 760 21 21 af
273 760 55 21 hvad
343 759 45 27 slag
403 766 46 15 som
464 760 56 21 helst
535 760 68 22 under
619 762 84 26 pretext
718 759 23 22 af
754 762 33 19 att
801 759 78 27 plocka
893 763 98 21 svampar

162 788 39 22 oeh
217 788 67 28 dylikt
299 790 82 20 svärma
397 788 96 27 omkring
509 789 43 21 der.

231 846 50 20 Med
303 845 113 27 anledning
437 845 23 21 af
481 845 90 22 sälunda
592 844 110 22 förefallen
722 844 121 22 diskussion
858 842 133 23 framstäldes

161 873 33 22 till
209 873 130 22 besvarande
354 873 92 27 följande
463 874 202 27 omröstningsprop:

231 931 54 26 Den,
301 937 44 15 som
360 931 123 27 godkänner
499 931 13 28 &
529 933 10 20 1
557 931 134 26 oförändrad,
707 933 72 20 röstar
791 931 30 26 ja,

230 959 74 22 vinner
319 960 40 27 nej,
374 960 103 21 uteslutas
493 960 66 21 orden
575 960 49 27 ,laf,
640 966 99 21 svampar
754 959 52 22 eller
821 959 58 21 bär*.

231 1016 81 22 Genom
335 1021 72 22 prop:s
427 1016 130 22 besvarande
573 1017 48 21 med
637 1017 27 20 23
677 1017 24 26 ja
715 1016 41 22 och
772 1017 27 20 36
815 1016 32 27 nej
864 1015 55 22 hade
934 1016 57 21 stän-

162 1045 36 21 det
213 1044 94 22 beslutat
322 1045 41 21 den
378 1045 107 27 päyrkade
500 1045 157 27 uteslutningen
673 1051 26 15 ur
715 1046 10 20 1
743 1046 13 25 $
773 1045 26 21 33
816 1045 53 26 Kap.

231 1101 24 28 85
271 1102 70 21 2—17
357 1101 6 22 i
378 1108 81 15 samma
473 1102 54 27 Kap.
544 1102 130 27 godkändes.

231 1159 78 21 Likaså
324 1158 87 27 gillades
426 1159 25 27 $$
468 1160 67 20 1—11
552 1159 7 21 i
575 1159 27 22 34
618 1159 53 27 Kap.

229 1210 10 22 I
254 1210 98 22 afseende
367 1211 13 21 å
397 1211 25 20 12
438 1211 11 27 $
465 1211 84 27 yttrade

229 1250 57 21 Frih.
311 1257 40 14 von
373 1250 76 22 Born:
479 1251 40 26 Jag
542 1251 68 21 skulle
635 1251 84 25 föreslå,
735 1252 33 19 att
783 1249 160 28 bestämningen
958 1250 7 20 i
980 1251 10 24 $

160 1279 26 21 12
202 1279 68 21 måtte
285 1279 73 21 ställas
373 1279 24 21 sä
412 1281 31 19 att
451 1279 82 22 straffet
542 1279 40 22 blir
589 1279 93 27 fängelse
692 1279 7 21 i
710 1279 63 26 högst
784 1279 36 20 två
830 1279 24 21 är
864 1279 52 20 eller
926 1279 64 20 böter.

159 1307 43 21 Det
225 1307 39 21 har
285 1307 57 21 förut
364 1307 34 21 vid
423 1308 68 21 denna
507 1308 102 26 landtdag
625 1308 54 20 varit
693 1307 60 27 fråga
769 1313 36 15 om
828 1309 31 19 att
875 1307 36 21 det
925 1307 65 26 gifves

159 1335 36 21 fall
211 1335 35 21 vid
261 1335 109 27 begående
385 1335 23 22 af
421 1336 61 21 dessa
497 1336 67 26 brott,
579 1342 46 15 som
640 1336 53 21 böra
707 1335 156 26 konsidereras,
880 1335 38 21 der
929 1335 62 21 verk-

158 1364 57 26 ligen
231 1364 152 21 förmildrande
398 1364 181 27 omständigheter
594 1364 107 28 föreligga.
732 1364 41 26 Jag
789 1364 74 21 endast
881 1364 109 26 påminner

159 1399 35 14 om
216 1392 156 27 behandlingen
394 1393 22 21 af
437 1393 236 27 fridlysningsstadgans
695 1392 148 27 utsträckning
865 1392 78 27 jemväl
958 1391 33 21 till

159 1420 197 27 telefonledningar,
377 1421 39 21 och
431 1427 63 15 anser
509 1421 37 21 det
560 1427 51 15 vara
627 1421 87 22 alldeles
729 1421 7 20 i
752 1421 33 21 sin
801 1420 89 27 ordning
905 1420 40 21 och
961 1419 29 22 öf-

158 1449 208 22 verensstämmande
387 1450 48 21 med
451 1450 69 21 denna
534 1449 46 27 lags
595 1450 106 27 principer
715 1450 8 20 i
739 1449 70 26 öfrigt,
825 1451 32 19 att
876 1449 3 21 i
895 1449 70 21 denna
980 1449 10 25 $

158 1477 67 22 finnas
241 1478 63 21 böter
319 1478 69 21 såsom
405 1478 121 21 alternativt
542 1478 65 21 straff.

227 1529 32 21 Hr
275 1529 26 21 K.
317 1529 89 21 Antell
422 1529 144 22 understödde
581 1529 58 21 Frih.
655 1535 41 16 von
711 1529 70 22 Borns
797 1529 84 27 förslag.
