1067 1750
195 111 58 35 1444
450 121 26 17 R.
488 125 17 13 0.
513 121 23 17 A.
546 121 59 17 1888.
629 122 27 17 22
668 121 50 21 Maj.

166 206 114 27 framlagdt
295 208 32 20 ett
341 206 123 28 ytterligare
479 206 135 23 betänkande
630 223 6 11 ,
651 209 16 19 t.
683 213 32 15 ex.
730 208 31 20 ett
771 204 223 25 komitebetänkande,

166 234 77 22 sädant
250 236 34 20 att
292 235 114 22 ständerna
412 235 35 22 vid
456 236 147 22 diskussionen
611 235 23 23 af
640 235 74 27 frägan
722 234 68 23 skulle
804 234 63 22 hafva
882 236 66 20 annat
964 234 31 21 att

166 263 62 22 stöda
242 263 33 27 sig
289 264 28 26 pä
332 266 27 20 än
374 266 151 20 sammansatta
540 264 54 28 Lag-
611 264 40 22 och
669 263 222 23 Ekonomiutskottets
906 262 44 22 bet.
960 261 35 22 vid

167 292 56 21 1882
245 292 36 21 ärs
304 291 102 29 landtdag
430 292 40 22 och
485 293 223 21 Ekonomiutskottets
732 292 36 22 vid
792 292 70 21 denna
886 290 107 27 landtdag.

166 320 76 22 Säsom
266 326 28 16 nu
316 321 65 22 saken
402 321 100 27 gestaltat
524 322 39 26 sig,
586 322 42 21 kan
643 328 49 15 man
707 321 18 27 ej
741 320 80 22 förutse
837 322 33 19 att
885 322 31 19 ett
931 320 64 26 nägot

165 349 25 21 sä
212 350 40 20 när
274 349 138 27 likstämmigt
426 350 70 22 beslut
510 350 70 22 skulle
594 350 73 22 kunna
682 350 64 22 fattas
760 349 8 21 i
784 349 26 21 de
826 348 57 22 olika
898 348 96 22 stånden.

166 377 78 22 Likasä
268 378 48 22 litet
337 378 42 22 kan
401 384 49 16 man
472 379 82 27 hoppas
576 380 32 20 att
630 379 70 27 nägon
722 377 204 27 sammanjemkning
941 376 54 22 skall

165 406 72 22 kunna
258 406 66 22 hinna
345 407 86 21 komma
450 407 31 21 till
496 408 69 21 ständ.
595 407 71 22 Slutet
680 413 51 15 vore
746 406 71 22 derför
832 412 26 15 en
874 405 121 22 resultatlös

166 434 126 28 tidsspillan,
305 435 67 22 under
387 436 26 21 de
427 436 21 22 få
464 436 72 27 dagar,
551 443 46 15 som
612 436 68 22 finnas
696 442 52 21 gvar
761 434 34 23 för
803 435 23 21 så
838 435 76 26 många
929 434 67 22 andra

166 463 80 27 vigtiga
252 463 82 28 frägors
342 464 152 23 behandlande.
516 465 40 22 Om
565 465 40 22 ock
614 465 95 26 sänägon
717 463 204 28 sammanjemkning
931 463 7 21 i
948 463 47 21 hast

165 491 72 22 kunde
259 493 164 27 ästadkommas,
446 495 24 20 sä
484 493 68 22 skulle
572 493 59 22 detta
645 496 53 19 utan
713 492 72 23 tvifvel
800 492 49 21 leda
864 491 33 22 till
912 498 26 15 en
953 491 42 27 lag,

166 526 48 16 som
236 521 47 22 icke
306 521 148 23 tillfredstälde
472 523 76 26 någon.
578 522 41 27 Jag
641 521 89 23 föreslår
746 521 71 22 derför
832 524 32 18 att
878 520 34 21 för
927 520 69 21 denna

166 549 56 28 gäng
244 548 95 24 förkasta
361 550 57 22 säväl
441 551 108 21 motionen
571 557 46 15 som
632 551 117 21 utskottets
764 549 44 22 bet.
824 549 49 22 med
888 549 57 27 hopp
961 555 34 14 om

167 579 33 20 att
215 577 33 23 till
262 578 175 23 nästkommande
452 579 103 28 landtdag
570 586 26 15 en
612 586 27 21 ny
652 579 81 27 jagtlag
748 579 6 21 i
769 578 55 22 form
840 578 21 22 af
875 577 48 22 näd.
935 583 59 22 prop.

165 606 69 22 blefve
256 607 104 27 framlagd
382 608 33 21 för
435 608 83 22 landets
541 608 93 22 ständer.
665 608 51 21 Man
738 607 68 22 skulle
826 606 27 23 dä
868 606 127 22 ätminstone

165 635 72 22 kunna
259 636 81 27 hoppas
363 638 32 20 att
418 637 68 21 denna
500 636 66 28 fräga,
587 644 46 14 som
648 636 85 22 fordrar
746 637 25 21 sä
786 636 78 27 mänga
879 635 39 21 och
932 634 63 26 länga

166 664 150 27 diskussioner,
340 664 68 28 blefve
423 666 22 21 af
466 666 114 21 ständerna
602 665 83 27 afgjord
707 665 71 21 förrän
794 664 26 21 de
836 664 51 22 sista
902 664 93 26 dagarna

166 692 22 22 af
208 692 138 28 landtdagen,
370 694 27 21 dä
419 694 96 28 vanligen
530 695 78 26 många
622 694 67 22 andra
704 693 97 28 göromål
817 693 56 27 hopa
887 692 38 27 sig.
955 691 41 27 Jag

165 721 117 27 medgifver
297 722 107 22 dessutom
419 725 32 19 att
466 723 8 21 i
488 723 41 21 den
544 722 22 22 af
581 723 42 26 mig
638 722 152 22 framlemnade
806 722 107 21 motionen
928 720 67 22 finnes

165 756 27 14 en
214 750 104 28 väsentlig
339 750 60 27 brist,
421 757 46 16 som
486 752 38 26 jag
546 751 47 22 icke
615 751 73 21 tillåtit
710 751 43 27 mig
776 752 32 20 att
823 750 71 25 ändra,
911 749 27 21 dä
954 749 40 22 den

164 778 48 22 icke
234 778 68 22 blifvit
324 778 96 23 besluten
440 780 23 22 af
476 780 79 22 Finska
567 780 176 27 jagtföreningen.
774 778 180 27 Bristfälligheten
970 779 24 19 är

165 806 106 28 nämligen
294 808 47 26 den,
364 810 32 19 att
414 814 80 16 samma
506 808 129 27 jagtstadga,
651 808 56 22 hvad
721 807 125 27 fridlysning
861 807 39 21 och
915 806 79 27 fängst-

164 836 44 21 sätt
223 835 102 22 beträffar
340 838 24 20 är
378 836 98 22 bestämd
490 844 121 20 gemensam
626 837 33 21 för
669 836 49 22 hela
725 836 81 24 landet,
818 836 27 22 dä
855 835 65 21 likväl
930 840 64 16 norra

165 864 40 21 och
220 864 64 22 södra
299 864 91 22 Finland
405 865 84 22 befinna
504 866 32 26 sig
550 866 7 21 i
572 865 40 22 bra
627 865 83 28 mycket
726 865 58 21 olika
793 864 129 25 klimatiska,
933 866 60 24 topo-

164 892 94 27 grafiska
274 893 40 21 och
329 894 137 22 ekonomiska
480 894 153 22 förhållanden.
655 894 68 21 Äfven
739 894 59 20 detta
809 893 69 21 kunde
888 892 106 22 måhända

165 920 33 22 till
220 923 62 19 nästa
304 921 102 28 landtdag
420 922 112 28 afhjelpas.
562 922 40 27 Jag
617 922 90 22 föreslär
722 922 84 22 derföre
821 921 118 21 motionens
955 920 39 22 och

164 948 56 22 bet:s
242 949 142 28 förkastande,
401 951 47 21 med
468 951 98 27 yttrande
582 951 22 22 af
618 957 26 15 en
660 951 82 21 önskan
757 952 33 20 att
805 956 26 15 en
846 950 50 21 nåd.
911 956 59 20 prop.
987 948 6 21 i

166 977 59 22 detta
239 978 55 28 syfte
309 978 33 22 till
357 981 61 19 nästa
432 980 102 26 landtdag
550 980 66 21 mätte
631 979 115 22 ständerna
764 978 126 27 föreläggas.

236 1035 33 21 Hr
284 1036 129 21 Aminoff:
436 1036 11 22 I
462 1036 65 22 slutet
542 1036 24 22 af
579 1036 60 22 detta
648 1036 136 22 betänkande
794 1034 67 22 finnes
872 1034 123 22 omnämndt

165 1064 33 20 att
220 1063 62 22 äfven
302 1064 38 27 jag
363 1064 68 22 skulle
454 1065 88 27 deltagit
556 1066 7 20 i
579 1065 186 27 handläggningen
785 1064 23 21 af
822 1064 59 21 detta
896 1063 77 21 ärende
988 1063 7 21 i

164 1092 113 22 utskottet.
308 1093 42 21 Det
366 1094 24 20 är
404 1093 76 27 riktigt
494 1094 24 21 sä
533 1094 33 21 till
580 1094 57 26 vida,
656 1096 32 19 att
700 1094 38 26 jag
753 1093 69 21 under
836 1092 67 22 första
917 1092 78 21 läsnin-

164 1126 42 21 gen
227 1121 96 21 närvarit
345 1121 36 21 vid
404 1124 31 19 ett
456 1128 39 21 par
517 1122 177 22 sammanträden.
725 1122 42 26 Jag
789 1121 39 21 har
850 1121 83 21 säledes
948 1120 46 22 icke

164 1149 83 22 kunnat
269 1156 109 15 reservera
401 1150 43 28 mig
458 1151 8 21 i
482 1151 25 22 de
528 1151 78 28 mänga
628 1151 98 27 punkter,
750 1156 46 16 som
820 1150 35 21 det
870 1149 55 22 hade
939 1149 56 22 varit

164 1177 48 22 skäl
234 1179 32 20 att
288 1180 52 25 göra
363 1179 40 21 och
424 1179 39 22 ber
481 1180 33 21 för
530 1180 64 27 öfrigt
609 1181 33 20 att
656 1179 133 22 beträffande
804 1178 74 27 sjelfva
892 1179 67 20 saken
974 1178 22 21 fä

164 1206 74 22 förena
260 1207 44 26 mig
325 1208 49 21 med
394 1208 40 21 den
449 1208 127 27 föregäende
592 1209 64 21 ärade
671 1209 83 20 talaren
770 1208 80 26 derom,
866 1209 32 19 att
912 1207 83 21 utskot-

163 1236 43 20 tets
228 1235 136 22 betänkande
384 1236 39 21 och
438 1237 62 22 äfven
514 1237 196 27 motionsförslaget
724 1237 68 20 måtte
807 1236 33 21 för
856 1236 68 21 denna
940 1235 55 28 gång

163 1263 82 22 lemnas
259 1266 53 19 utan
327 1265 105 21 afseende.

236 1321 51 21 Med
308 1321 100 23 afseende
430 1323 57 27 derä,
507 1325 33 19 att
554 1324 134 21 motionären
703 1323 50 27 sjelf
766 1322 63 28 yrkat
844 1322 28 27 pä
886 1321 110 27 lagförsla-

162 1351 48 25 gets
232 1349 138 23 förkastande
388 1351 40 21 och
444 1353 32 20 att
491 1352 59 21 detta
564 1352 95 27 yrkande
675 1352 70 21 blifvit
759 1351 133 25 understödt,
908 1356 88 20 uppma-

164 1378 56 22 nade
234 1378 33 22 Hr
282 1378 206 24 Landtmarskalken
504 1381 26 21 de
544 1381 139 21 medlemmar
698 1380 23 22 af
734 1380 93 25 ständet,
844 1386 45 14 som
905 1378 90 22 anhällit

164 1412 36 16 om
215 1407 69 25 ordet,
300 1409 32 19 att
346 1408 76 21 främst
436 1410 57 26 yttra
508 1409 32 27 sig
555 1416 41 18 om,
605 1410 105 20 huruvida
720 1408 196 26 motionsförslaget
926 1406 69 22 skulle

163 1435 34 21 till
212 1436 131 27 granskning
357 1439 105 25 upptagas
478 1438 51 21 eller
543 1438 53 25 icke,
618 1438 107 22 hvarefter
740 1438 33 21 Hr
788 1435 206 23 Landtmarskalken

163 1463 98 23 lemnade
276 1465 62 21 ordet
353 1465 23 21 ät
