1075 1731
342 123 26 18 R.
380 127 18 13 0.
407 123 22 17 A.
439 123 59 17 1888.
522 123 13 17 5
546 123 48 21 Maj.
810 118 55 21 1019

133 208 33 22 Hr
188 208 151 27 Stjernvall
362 209 96 26 yttrade:
489 209 73 26 Enligt
585 209 119 21 utskottets
727 208 80 27 förslag
825 208 68 21 skulle

62 237 171 27 förskrifningar,
256 237 135 22 skuldsedlar
413 237 109 22 äfvensom
543 237 68 22 andra
634 237 46 28 slag
703 237 24 21 af
740 237 154 26 assignationer

64 266 100 21 karteras
178 265 28 28 pä
221 267 44 20 sätt
280 265 12 22 &
308 266 39 21 sid.
364 266 27 21 33
406 266 8 21 i
429 266 118 21 utskottets
562 265 138 22 betänkande
715 267 110 26 upptages.
851 265 43 21 För

64 295 41 21 den
121 294 102 22 händelse
238 295 34 20 att
286 295 118 21 utskottets
419 295 80 26 förslag
514 301 70 15 vunne
598 294 164 27 godkännande,
777 294 68 22 skulle
861 293 33 22 sä-

65 323 59 22 ledes
145 323 64 22 äfven
231 323 149 26 obligationer,
403 322 74 22 hvilka
498 323 80 22 företes
600 323 35 22 vid
651 323 95 22 domstol
761 323 52 21 eller
827 323 67 21 andra

64 351 156 28 myndigheter,
240 351 53 21 böra
308 351 99 22 karteras
423 352 66 27 enligt
504 351 70 22 denna
588 351 76 28 grund.
696 351 120 22 Ständerna
830 351 64 22 hafva

64 380 34 22 för
113 380 134 22 närvarande
262 380 32 25 sig
308 380 107 27 förelagdt
429 382 33 20 ett
477 380 81 27 förslag
573 380 111 27 angäende
699 380 124 27 inteckning
837 381 7 20 i
859 386 34 15 en-

65 409 70 21 skilda
147 409 117 26 jernvägar
279 409 46 26 och,
341 409 28 21 dä
383 409 106 27 antagligt
504 411 31 24 är,
551 411 33 20 att
598 409 7 22 i
621 409 103 21 händelse
739 409 61 21 detta
814 408 81 27 förslag

64 437 71 22 blefve
150 437 118 27 godkändt,
282 437 217 28 jernvägsanläggare
514 437 86 22 komma
616 439 33 20 att
667 437 83 22 ansöka
765 443 34 16 om
814 437 81 21 inteck-

66 466 50 26 ning
131 465 23 22 af
167 466 7 21 i
189 465 39 22 och
251 466 34 21 för
302 466 155 27 anläggningen
472 466 114 22 utfärdade
602 466 149 27 obligationer,
766 466 33 21 för
815 467 32 20 att
862 465 33 21 sä-

66 494 66 22 lunda
150 494 83 22 erhälla
248 496 68 20 större
332 495 66 22 värde
413 495 28 27 pä
456 495 55 27 dem,
527 495 69 22 skulle
612 495 65 22 alltsä
692 495 115 27 anläggare
823 493 23 23 af
859 500 36 16 en-

66 523 71 21 skilda
150 523 114 27 jernvägar
278 524 86 21 komma
379 525 33 20 att
427 524 112 22 beskattas
554 524 49 22 med
618 526 38 24 ett,
673 524 67 27 enligt
754 524 49 21 mitt
817 523 78 22 förme-

67 552 76 25 nande,
159 552 74 21 alltför
248 552 52 27 högt
310 552 83 28 belopp.
418 553 122 27 Anläggare
550 553 24 21 af
582 553 99 21 enskilda
686 552 115 27 jernvägar
811 552 84 22 komme

67 580 92 22 sälunda
173 580 7 22 i
195 580 134 22 förhällande
344 581 34 21 till
393 583 71 19 staten
480 582 71 21 säsom
560 581 217 27 jernvägsanläggare
787 582 33 20 att
830 580 66 22 blifva

66 609 152 21 förfördelade.
247 610 43 21 För
304 611 32 20 ett
353 610 36 21 län
404 612 15 19 t.
435 616 33 16 ex.
484 610 23 22 af
521 611 12 21 5
549 610 99 27 miljoner
662 610 63 21 mark
739 610 68 21 skulle
823 609 73 21 karta-

68 638 94 26 sigillata
180 638 96 27 afgiften,
299 638 107 22 beroende
428 638 28 28 pä
471 639 182 27 obligationernas
668 638 66 25 valör,
749 638 72 27 uppgä
834 638 34 21 till
883 638 12 21 5

68 666 13 22 &
98 666 26 21 10
140 668 62 20 tusen
224 666 67 22 mark.
321 667 80 21 Härtill
424 667 97 22 kommer
543 669 57 19 ännu
625 670 34 19 att
674 667 67 27 enligt
755 666 141 28 expeditions-

68 696 66 20 taxan
149 696 120 20 domstolen
284 702 50 20 eger
348 696 99 27 uppbära
461 696 8 21 i
485 697 59 21 lösen
559 696 34 21 för
607 696 194 26 inteckningsbevis
817 696 5 20 1
834 695 63 21 mark

68 724 29 21 20
118 724 70 26 penni,
213 724 40 21 och
276 724 69 21 skulle
368 724 63 22 äfven
453 725 70 21 denna
545 724 65 28 utgift
624 725 74 21 kunna
713 724 71 27 uppgä
798 724 33 21 till
846 723 50 22 flere

69 754 63 20 tusen
147 752 68 22 mark.
245 752 49 22 Med
309 753 115 27 anledning
439 753 64 21 häraf
517 753 66 27 vägar
600 754 38 26 jag
652 753 111 21 vördsamt
777 752 119 26 hemställa,

69 786 34 16 om
126 781 46 21 icke
195 781 103 27 förslaget
313 781 7 21 i
336 782 70 20 denna
421 782 34 22 del
471 782 71 21 kunde
558 782 171 22 äterremitteras
743 782 33 21 till
791 781 106 22 utskottet

69 809 49 21 med
133 810 107 21 anmodan
256 811 32 20 att
303 812 51 25 taga
369 810 8 22 i
392 810 164 28 öfvervägande,
572 810 105 22 huruvida
692 810 47 22 icke
749 810 147 27 obligationer,

68 844 47 15 som
137 840 39 20 äro
199 838 113 22 utfärdade
334 839 34 21 för
389 839 134 27 anläggande
546 840 24 21 af
587 839 83 22 enskild
685 839 96 27 jernväg,
797 838 39 22 och
851 844 46 16 som

68 866 80 22 företes
170 867 35 21 vid
222 867 91 21 domstol
330 868 52 21 eller
397 874 71 15 annan
483 868 130 27 myndighet,
628 868 72 21 kunde
715 868 46 21 helt
775 867 39 21 och
829 866 69 22 hället

68 894 80 22 befrias
169 895 49 22 frän
232 896 157 26 kartasigillata
403 896 61 28 afgift
479 897 52 21 eller
546 897 40 21 ock
601 898 33 20 att
649 896 71 22 denna
733 896 61 27 afgift
809 895 67 22 mätte
891 896 7 20 i

68 924 106 27 väsentlig
189 924 49 22 män
254 924 117 23 nedsättas.

141 981 71 22 Sedan
227 981 58 22 Frih.
301 988 41 15 von
357 982 70 22 Born
441 983 129 21 understödt
585 983 61 21 detta
660 982 87 28 förslag,
759 982 139 22 öfverlemna-

69 1009 38 22 des
123 1010 32 21 till
171 1010 133 22 besvarande
320 1011 94 27 följande
430 1012 212 27 omröstningsprop.:

141 1067 55 28 Den,
218 1074 46 15 som
286 1068 126 27 godkänner
435 1069 119 22 utskottets
568 1069 163 27 ifrägavarande
746 1069 81 26 förslag
841 1067 58 22 oför-

69 1096 99 25 ändradt,
184 1098 72 20 röstar
268 1097 36 26 ja;

141 1125 75 22 vinner
231 1125 41 27 nej,
288 1125 40 22 har
342 1126 26 21 R.
385 1132 18 15 o.
420 1127 25 20 A.
462 1125 96 23 beslutat
572 1126 161 22 återremittera
748 1126 70 22 denna
831 1125 69 28 punkt

69 1153 34 21 till
124 1153 108 22 utskottet
246 1154 7 22 i
268 1153 101 23 afseende
391 1154 13 21 &
425 1154 175 28 omformulering
614 1155 8 21 i
637 1155 37 22 det
697 1155 22 22 af
738 1155 33 22 Hr
786 1154 115 27 Stjernvall

70 1181 122 27 föreslagna
206 1182 62 27 syfte.

140 1238 32 22 Pä
194 1239 95 27 begäran
310 1240 110 22 anstäldes
443 1240 70 21 sluten
535 1241 139 26 omröstning,
698 1240 40 22 och
760 1241 52 20 enär
832 1240 73 21 denna

70 1267 64 22 utföll
156 1267 49 22 med
228 1269 24 20 11
267 1268 24 27 ja
305 1269 40 21 och
361 1269 28 21 23
404 1269 41 26 nej,
461 1269 56 21 hade
532 1269 87 22 ständet
634 1269 78 22 bifallit
727 1269 33 22 till
776 1269 41 22 den
832 1268 23 22 af
869 1268 32 21 Hr

71 1295 115 28 Stjernvall
201 1296 122 28 föreslagna
338 1297 157 22 äterremissen.

143 1353 10 22 I
169 1353 69 28 öfriga
252 1354 60 22 delar
326 1355 125 27 godkändes
466 1355 12 27 $
495 1355 12 21 6
523 1356 53 20 utan
591 1354 148 28 anmärkning.

143 1411 116 27 Angäende
274 1411 12 28 $
303 1412 11 20 7
330 1412 69 21 utbad
414 1412 32 27 sig

142 1467 60 23 Frih.
217 1468 27 22 K.
260 1468 199 28 Langenskiöld
475 1469 63 21 ordet
554 1469 39 21 och
608 1469 97 27 yttrade:
729 1469 71 21 Jemte
816 1468 37 22 det
865 1467 37 27 jag

71 1496 50 22 ville
136 1496 109 28 tillstyrka
258 1497 167 27 godkännandet
441 1498 23 21 af
478 1498 42 21 den
535 1498 181 26 omformulering,
735 1504 46 15 som
796 1496 107 22 utskottet

71 1524 41 22 här
126 1524 112 28 föreslagit
253 1525 135 23 beträftande
399 1526 36 22 det
445 1526 86 27 belopp,
541 1526 102 22 hvarmed
652 1526 169 26 vexelstämpeln
831 1524 71 22 skulle
