1067 1745
386 129 26 17 R.
424 133 18 12 o.
455 129 23 16 A.
490 129 60 17 1888.
568 129 23 17 19
603 128 49 21 Maj.
856 122 54 22 1409

110 214 28 21 de
153 214 156 27 prostituerade
324 214 70 21 blefve
408 214 130 22 befordrade
552 215 33 20 till
600 215 8 20 i
623 215 35 26 lag
673 216 68 19 utsatt
756 221 76 14 ansvar
847 214 33 21 för
894 214 47 21 sina

108 242 262 27 sedlighetsförbrytelser,
393 242 69 22 finner
477 243 32 27 sig
524 243 63 21 näml.
602 243 145 27 prokuratorn
762 243 46 21 icke
826 243 62 21 hafva
906 245 35 24 egt

112 271 115 27 anledning
242 273 26 19 än
284 271 82 21 mindre
380 271 122 28 skyldighet
518 273 32 20 att
564 272 86 27 vidtaga
665 272 71 26 nägon
751 271 81 28 ätgärd,
852 271 89 22 emedan

112 299 136 28 angifvarena
263 299 46 22 icke
324 300 69 27 åtagit
408 300 33 27 sig
456 302 33 19 att
504 300 148 21 åstadkomma
666 301 70 26 någon
753 300 113 27 utredning
880 301 7 20 i
897 302 43 19 äm-

109 331 39 19 net
163 329 52 21 eller
229 329 7 20 i
252 329 58 20 detta
326 328 99 22 afseende
440 329 69 21 iklädt
524 329 32 27 sig
570 329 71 27 någon
656 329 136 21 förbindelse.
822 329 42 21 Det
879 335 61 21 synes

111 357 45 27 mig
181 357 89 21 emellan
292 357 162 27 ifrågavarande
469 357 126 22 uttalanden
610 358 53 21 råda
678 364 26 15 en
719 358 160 26 inkonseqvens,
895 363 45 16 som

111 386 48 21 icke
182 385 42 22 kan
245 385 111 22 förklaras.
385 386 42 27 Jag
445 386 43 21 kan
503 386 47 22 icke
565 389 65 18 annat
646 388 26 19 än
688 386 96 27 beklaga,
800 388 32 19 att
848 386 40 21 den
902 392 38 15 nu-

110 415 95 21 varande
228 414 141 27 prokuratorn
391 415 71 21 funnit
478 415 32 27 sig
524 415 78 21 manad
617 417 33 19 att
664 415 76 27 frångå
755 415 40 21 den
810 414 64 21 nobla
888 421 53 20 upp-

111 443 93 26 fattning
219 442 22 21 af
254 442 153 28 prokuratorns
425 443 103 27 ställning
542 444 33 20 till
590 443 127 27 angifvelser
731 444 7 20 i
754 443 186 27 tidningspressen,

109 478 47 15 som
182 472 39 20 den
237 471 126 27 föregående
378 472 145 26 prokuratorn
538 472 58 27 gjort
611 472 105 27 gällande,
732 472 39 22 och
787 472 84 21 hvilken
887 478 54 20 upp-

111 500 93 26 fattning
226 500 100 21 särskildt
348 500 7 21 i
375 501 59 21 detta
450 501 63 21 stånd
528 502 54 20 mött
596 501 40 21 och
652 501 72 21 säkert
739 500 60 22 alltid
814 500 54 22 skall
883 502 58 20 möta

111 529 37 21 det
164 528 97 28 lifligaste
276 529 142 21 erkännande.
444 529 42 27 Jag
500 532 80 18 motser
596 529 54 22 dock
664 530 49 20 med
728 529 115 26 tillförsigt,
859 531 32 19 att
904 529 37 21 det

111 557 75 22 arbete
208 557 39 21 och
269 558 36 21 det
327 564 82 15 ansvar.
434 564 46 15 som
502 558 143 27 prokuratorn
668 564 75 21 genom
762 558 40 21 den
817 558 124 26 nyinslagna

110 586 101 22 metoden
234 586 69 26 dragit
326 586 58 22 öfver
403 586 33 27 sig
452 586 40 22 och
507 587 37 21 sitt
560 587 90 25 embete,
665 587 61 21 skola
740 586 65 22 blifva
819 586 49 22 med
882 586 58 21 tiden

110 615 26 21 sä
158 614 159 28 öfvermäktiga,
341 618 32 18 att
396 616 36 20 det
455 616 77 20 varder
550 616 22 20 af
585 616 33 26 sig
633 616 49 26 sjelf
696 622 26 15 en
737 615 157 27 nödvändighet
908 616 33 20 att

110 643 54 22 söka
186 643 95 22 afveckla
302 646 102 24 systemet
426 644 41 21 och
490 644 24 22 sä
532 644 132 27 smäningom
680 644 74 27 ätergä
768 644 33 21 till
816 644 40 21 den
871 644 70 26 gamla

111 672 169 27 uppfattningen,
296 672 232 22 bfverensstämmände
543 673 17 27 ej
577 673 82 21 mindre
674 673 49 21 med
740 673 97 26 gällande
848 672 93 22 instruk-

110 701 46 21 tion
172 703 28 19 än
214 701 54 25 med,
285 701 53 21 efter
352 702 43 20 min
411 701 144 27 uppfattning,
566 701 245 27 prokuratorsembetets
822 701 118 27 värdighet.

182 758 31 21 Hr
235 758 87 21 Rein:
353 758 11 22 I
386 758 115 28 anledning
524 759 22 21 af
568 759 36 21 det
626 759 106 27 yttrande,
748 764 46 16 som
809 764 49 21 nyss
874 757 66 28 afgafs

111 786 25 22 af
149 786 57 22 Frih.
222 787 83 25 Wrede,
322 787 107 21 äfvensom
446 794 26 14 en
489 788 33 21 del
538 787 23 21 af
573 787 59 21 Frih.
649 794 41 14 von
701 788 69 20 Borns
780 787 117 25 uttalande,
908 788 33 19 ut-

112 815 38 21 ber
170 815 37 27 jag
229 815 43 27 mig
286 817 32 19 att
332 816 8 20 i
355 818 91 19 motsats
461 816 34 21 till
510 816 61 22 dessa
586 816 65 21 ärade
666 816 44 21 Hrr
724 816 22 21 få
760 818 83 22 nämna,
859 817 33 19 att
904 815 37 27 jag

111 844 35 21 för
160 844 44 20 min
220 844 33 21 del
268 844 74 27 fägnar
357 845 49 26 mig,
423 844 40 22 och
479 846 32 20 att
524 845 37 27 jag
576 847 46 19 tror
636 845 90 27 mängen
742 851 68 15 annan
826 844 62 21 äfven
898 844 43 26 fäg-

112 878 40 15 nar
166 872 32 27 sig
213 872 22 21 ät
249 873 153 26 prokuratorns
417 873 113 22 uttalande
545 874 6 20 i
566 873 61 27 fråga
642 879 34 15 om
692 879 86 21 pressen
793 873 39 21 och
847 879 34 14 om
901 872 40 21 den

110 901 109 26 betydelse
241 901 42 21 han
305 901 99 27 tillägger
427 902 48 21 dess
498 902 44 21 ord
573 901 41 28 Jag
635 904 46 19 tror
700 901 34 22 för
750 903 43 20 min
809 901 33 21 del
858 903 32 19 att
905 901 36 21 det

110 929 70 22 mäste
202 935 60 16 anses
285 929 63 28 högst
370 930 121 27 glädjande,
516 931 27 21 dä
566 937 26 14 en
608 930 132 21 embetsman
756 931 7 20 i
779 931 39 20 den
834 929 107 27 ställning,

110 964 48 15 som
180 958 83 21 landets
285 959 129 26 prokurator
433 959 66 21 fattat
513 965 98 21 pressens
626 959 84 27 uppgift
725 959 47 21 frän
788 965 25 15 en
828 958 24 21 sä
867 957 75 22 liberal

110 987 114 26 synpunkt,
248 989 32 19 att
300 987 42 21 han
364 987 107 22 erkänner
494 988 33 27 sig
548 988 53 21 böra
623 988 7 21 i
646 988 114 27 anledning
775 987 22 22 af
810 987 130 24 uttalanden,

109 1021 47 15 som
172 1015 7 21 i
194 1021 85 21 pressen
295 1015 138 22 förekomma.
449 1016 74 21 skrida
538 1016 31 21 till
586 1016 163 27 embetsätgärd,
766 1017 7 20 i
787 1016 55 27 syfte
866 1017 32 20 att
920 1015 22 21 få

110 1044 118 27 sanningen
251 1045 119 26 uppdagad,
386 1045 138 27 naturligtvis
540 1045 36 21 der
593 1045 61 21 dessa
669 1045 125 21 uttalanden
809 1046 37 19 äro
862 1044 80 21 sädana

110 1074 34 20 att
167 1073 27 20 de
216 1073 72 27 tyckas
310 1073 92 27 förtjena
424 1073 66 28 nägot
510 1074 104 21 afseende.
646 1073 41 28 Jag
702 1073 41 22 kan
758 1073 47 22 icke
820 1073 71 26 undgä
909 1075 33 18 att

112 1101 72 21 erfara
198 1108 26 14 en
239 1102 42 21 viss
296 1102 111 27 förväning
423 1102 60 22 öfver
498 1105 32 19 att
544 1104 27 26 pä
588 1103 59 21 detta
662 1109 54 19 rum,
732 1103 56 21 inom
808 1102 59 21 detta
888 1108 54 20 upp-

112 1130 57 27 lysta
184 1130 39 21 och
238 1131 8 20 i
260 1130 76 28 många
351 1131 113 21 afseenden
480 1131 116 21 frisinnade
611 1132 62 20 stånd
688 1132 21 20 få
719 1131 53 21 höra
782 1130 72 28 dylika
864 1130 78 27 äsigter

109 1160 71 25 yttras
202 1159 7 21 i
232 1159 64 21 slutet
318 1159 23 21 af
362 1160 61 21 19:de
446 1160 69 21 seklet
538 1166 33 15 om
587 1166 98 20 pressens
700 1160 114 26 betydelse.
844 1159 96 25 Pressen,

109 1193 47 15 som
179 1194 49 14 man
246 1188 66 21 kallat
328 1188 40 22 den
384 1188 70 27 tredje
469 1188 148 22 statsmakten.
634 1189 38 21 har
686 1189 33 21 till
734 1189 82 26 uppgift
832 1190 32 18 att
878 1187 64 21 fram-

110 1216 67 26 draga
192 1216 7 20 i
215 1216 114 27 dagsljuset
344 1217 80 21 sociala
439 1217 209 25 missförhållanden;
665 1218 40 20 den
721 1218 111 26 misstager
847 1217 32 26 sig
900 1216 42 21 vis-

109 1244 92 27 serligen
216 1245 51 26 ofta,
276 1246 36 20 det
328 1247 24 19 är
367 1246 139 26 oförnekligt,
522 1252 48 15 men
586 1246 59 21 detta
657 1246 39 20 bör
706 1246 46 21 icke
762 1248 52 24 göra
825 1251 34 15 oss
870 1245 72 21 blinda

111 1273 33 21 för
159 1275 33 19 att
206 1276 78 24 gagnet
298 1276 24 18 är
337 1274 49 21 vida
411 1274 162 28 öfvervägande.
614 1274 40 27 Jag
678 1275 36 20 vill
730 1274 46 22 icke
794 1274 68 21 uttala
877 1273 64 27 något

111 1302 89 21 klander
222 1302 23 21 af
266 1302 39 21 den
328 1303 178 26 nästföregående
528 1303 150 26 prokuratorn,
700 1309 43 15 som
759 1304 7 19 i
782 1302 65 21 saken
862 1302 39 21 har
916 1308 26 15 en

111 1330 65 27 något
192 1336 68 15 annan
276 1331 141 26 uppfattning,
433 1337 50 15 men
499 1332 65 21 redan
580 1332 40 20 den
636 1331 190 27 omständigheten,
843 1332 31 19 att
885 1336 57 21 pres-

112 1365 38 15 sen
168 1359 7 20 i
191 1359 46 20 vårt
252 1359 49 21 land
316 1360 108 21 utvecklat
440 1360 33 27 sig
488 1360 32 21 till
536 1361 38 20 allt
589 1362 69 19 större
671 1360 114 27 betydelse,
797 1359 41 21 kan
850 1358 92 21 tillräck-

111 1387 40 27 ligt
174 1387 62 21 hafva
260 1388 113 21 motiverat
396 1390 32 19 att
443 1389 39 20 vår
497 1389 122 20 nuvarande
634 1389 128 26 prokurator
777 1389 6 20 i
800 1388 68 21 denna
883 1387 60 27 fråga

112 1415 90 22 kommit
219 1416 32 21 till
268 1423 24 14 en
308 1423 69 14 annan
393 1417 143 27 uppfattning.
566 1417 40 27 Jag
621 1417 38 22 ber
674 1419 32 19 att
721 1417 21 21 få
757 1417 68 20 uttala
840 1417 43 20 min
898 1416 45 26 fäg-

112 1445 42 20 nad
170 1444 59 21 öfver
244 1445 40 21 den
299 1445 91 27 verkligt
404 1446 118 21 frisinnade
544 1446 136 27 uppfattning
695 1445 122 22 nuvarande
839 1445 103 26 prokura-

111 1475 50 19 torn
178 1475 5 18 i
200 1473 68 21 denna
283 1474 39 21 sak
337 1474 39 21 har
391 1475 80 20 uttalat
487 1474 39 21 och
542 1477 45 18 tror
603 1476 31 19 att
650 1475 52 20 hans
718 1474 94 26 hållning
828 1473 54 21 skall
892 1479 51 15 vara

112 1501 69 27 egnad
198 1504 32 19 att
245 1502 72 21 stärka
332 1502 134 22 förtroendet
482 1503 32 21 för
536 1503 161 26 lagskipningen
713 1503 6 20 i
735 1503 78 20 landet.
