1064 1748
345 125 24 17 R.
382 130 18 12 o.
411 125 23 17 A.
444 125 55 17 1888.
523 125 27 17 24
561 125 49 21 Maj.
810 120 54 21 1507

140 210 51 21 Man
212 210 39 21 har
273 211 98 20 anmärkt
386 212 57 20 emot
457 210 64 22 Evois
537 210 138 22 forstinstitut
691 211 39 21 och
745 210 148 28 skogvaktare-

71 239 68 26 skola,
162 240 32 20 att
215 239 143 26 inrättningen
379 245 51 16 vore
452 239 100 27 olämplig
570 239 7 21 i
591 239 51 21 flere
657 239 140 26 hänseenden,
812 239 39 22 och
866 239 27 26 pä

71 268 70 21 denna
162 267 68 27 grund
252 267 87 22 föresläs
361 273 29 15 nu
412 267 161 28 ifrägavarande
593 267 131 28 förflyttning
739 267 21 21 af
773 268 40 21 den
828 267 65 28 högre

71 295 136 28 afdelningen
229 295 32 22 till
275 295 83 22 landets
373 296 135 22 hufvudstad.
538 296 73 22 Skulle
626 296 165 27 petitionärerne
805 296 46 22 frän
867 302 26 15 en

71 324 114 27 synpunkt,
207 330 46 15 som
275 324 56 27 legat
354 325 61 21 deras
437 325 120 22 erfarenhet
572 325 40 21 och
627 324 203 27 omdömesförmäga
844 325 49 20 vida

71 355 105 24 närmare,
198 353 49 21 sökt
264 354 51 25 göra
329 353 104 27 gällande,
449 355 32 20 att
496 353 65 22 Bvois
575 353 48 22 icke
637 359 51 16 vore
702 353 96 27 lämpligt
813 353 32 20 för
860 355 32 18 ut-

71 381 100 22 bildande
193 381 23 21 af
236 381 141 27 skogvaktare
398 394 29 3 —
449 382 40 21 och
511 382 99 21 behofvet
633 381 23 22 af
672 382 80 21 sådana
766 383 24 19 är
804 381 89 21 faktiskt

72 410 85 27 mycket
179 411 55 20 stort
248 422 29 3 —
291 410 24 21 sä
329 410 55 21 hade
396 410 37 27 jag
448 410 87 22 förstått
550 411 54 24 dem,
620 411 40 21 och
675 411 66 20 delvis
756 410 63 21 också
833 409 60 27 gillat

71 439 63 22 deras
148 438 141 27 uppfattning.
314 438 172 28 Skogvaktarene
501 439 113 27 tillgodose
629 445 88 15 numera
731 439 32 21 till
776 438 47 22 icke
832 438 61 26 ringa

72 468 43 26 del,
127 467 23 27 ja
164 467 33 21 till
212 469 79 19 största
306 467 65 27 delen,
388 467 26 22 de
429 467 106 22 enskildes
550 467 65 22 behof
629 467 23 22 af
664 467 53 22 värd
731 473 34 16 om
780 467 46 21 sina
844 466 48 21 sko-

71 502 44 21 gar.
145 495 72 22 Under
239 496 79 21 sådana
339 495 146 23 förhållanden
499 498 25 19 är
539 497 36 21 det
590 496 40 22 och
645 496 42 21 kan
701 496 48 21 icke
762 501 52 16 vara
828 497 65 19 annat

71 527 28 18 än
121 523 116 28 olämpligt,
259 526 32 19 att
313 524 61 21 dessa
395 525 142 26 skogvaktare
558 525 65 21 vinna
637 525 32 21 sin
683 525 120 26 utbildning
816 523 36 22 vid
866 529 26 16 en

71 553 123 26 inrättning,
217 553 37 21 der
272 553 24 21 sä
318 553 51 26 godt
391 559 45 16 som
458 553 54 22 intet
531 553 106 27 jordbruk
651 553 118 25 förefinnes,
784 553 49 26 föga
847 558 46 15 mer

71 583 28 20 än
120 581 67 28 nägra
208 583 134 26 ängstäppor,
362 581 40 22 och
417 582 38 21 der
470 583 26 20 de
511 582 81 21 säledes
607 582 47 21 icke
669 582 72 21 kunna
755 581 45 21 lära
814 581 31 26 sig
861 582 31 19 att

71 612 45 19 rätt
130 610 107 27 applicera
251 610 225 27 skogshushällningen
491 611 28 26 pä
529 610 195 27 landthushällning
735 610 39 21 och
781 609 111 28 jordbruk.

71 639 40 22 Att
131 639 62 21 dessa
214 639 69 21 elever
305 639 37 21 der
365 639 46 21 lära
433 639 32 27 sig
487 639 84 27 mycket
593 639 8 21 i
621 639 38 21 sitt
673 639 48 21 fack
735 638 39 22 och
789 639 63 20 vinna
867 643 26 16 en

70 667 85 27 mycket
177 667 41 27 god
236 667 102 22 teoretisk
353 667 172 28 underbyggnad,
540 670 46 19 tror
598 668 38 27 jag
650 669 89 24 mängen
753 667 54 21 skall
821 667 72 20 kunna

71 696 24 21 af
115 702 52 21 egen
189 695 121 22 erfarenhet
332 695 108 26 bekräfta;
457 696 47 22 icke
519 697 24 20 sä
557 696 116 27 förmägan,
689 696 26 21 de
729 696 66 21 första
809 695 84 22 tiderna

71 724 134 24 ätminstone,
228 725 32 20 att
281 724 106 27 praktiskt
409 725 97 21 använda
521 725 46 21 sina
582 725 121 26 kunskaper
715 724 126 27 jordbruket
860 723 33 21 till

71 754 68 25 nytta,
155 753 38 20 och
206 752 126 27 jordbruket
341 752 32 22 får
383 753 47 22 icke
441 753 90 22 förbises
541 753 33 22 för
584 753 235 28 skogshushällningens
829 751 62 22 skull.

72 781 50 22 Men
146 781 56 21 hvad
224 787 46 15 som
291 781 89 22 sälunda
401 781 72 22 kunde
495 782 48 21 med
565 782 66 27 nägot
649 782 46 21 skäl
710 781 111 22 anmärkas
836 781 57 21 emot

71 810 65 21 Evois
151 809 40 22 och
205 815 45 16 som
265 809 70 22 kunde
350 810 57 27 gifva
420 810 121 27 berättigad
557 811 113 26 anledning
684 810 32 21 till
731 811 32 20 att
778 809 66 22 önska
866 815 26 15 en

71 839 67 20 andra
152 838 207 27 skogvaktareskola,
375 845 58 15 mera
447 839 108 27 praktiskt
569 839 100 26 placerad
683 839 40 21 och
737 837 99 26 inrättad,
850 837 41 21 till-

71 867 100 21 kommen
191 873 51 15 vare
263 867 33 27 sig
317 873 75 21 genom
415 869 81 20 statens
518 867 83 28 försorg
623 867 51 22 eller
688 873 75 21 genom
778 866 52 22 aftal
844 865 49 22 med

71 896 70 26 någon
163 895 88 27 enskild,
273 897 68 20 större
361 896 120 27 jordegare,
504 896 117 22 detsämma
643 896 42 22 kan
701 896 85 21 alldeles
800 894 47 22 icke
862 894 30 22 in-

71 924 80 22 vändas
165 925 46 20 mot
225 924 41 21 den
280 924 65 27 högre
361 924 139 28 afdelningen.
530 924 234 22 Kronoforstmästaren
779 924 38 21 har
832 923 8 21 i
859 929 33 15 re-

70 952 49 28 geln
141 952 46 22 icke
209 954 32 20 att
263 954 52 25 göra
333 953 49 21 med
396 953 238 27 skogshushällningens
649 953 130 27 applikation
793 952 28 27 pä
833 952 59 26 jord-

71 981 82 25 bruket;
176 980 33 22 för
231 981 77 21 honom
331 983 24 19 är
377 982 36 21 det
431 988 53 15 rena
498 982 142 26 skogsbruket
655 981 159 27 hufvudirägan,
831 980 62 22 och
881 976 16 37 i

71 1010 42 21 den
135 1009 62 22 delen
218 1011 47 20 tror
283 1010 38 27 jag
341 1010 47 22 icke
409 1010 67 27 nägra
497 1010 134 27 berättigade
645 1010 163 26 anmärkningar
823 1008 69 22 öfver-

70 1038 80 21 hufvud
172 1038 71 22 kunna
265 1040 62 25 göras
349 1040 58 20 emot
421 1038 216 28 forstförvaltningen,
653 1045 34 15 om
702 1045 49 15 man
765 1038 46 21 icke
826 1037 66 27 begär

70 1067 37 21 det
129 1066 102 27 orimliga.
261 1067 42 21 Det
325 1067 43 21 kan
387 1067 25 27 ju
426 1068 7 20 i
448 1068 153 26 sammanhang
615 1068 89 21 härmed
719 1066 63 22 ocksä
795 1068 95 24 nämnas,

70 1096 33 20 att
118 1095 26 21 de
159 1095 108 27 forstmän,
283 1102 45 15 som
342 1098 95 19 närmast
451 1096 47 21 haft
513 1098 32 19 att
560 1098 52 25 göra
627 1096 48 21 med
691 1095 104 22 enskildes
813 1094 78 27 skogar

70 1123 40 22 och
132 1123 33 22 för
187 1124 72 21 hvilka
275 1124 64 27 insigt
354 1124 7 21 i
375 1124 222 28 landthushällningen
612 1124 70 28 spelar
697 1130 26 16 en
737 1126 45 19 stor
796 1123 47 26 roll,
855 1122 38 27 jag

69 1158 74 15 menar
158 1152 231 27 skogsinstruktörerne
405 1153 7 21 i
427 1152 78 26 landet,
522 1153 26 21 de
563 1153 38 21 der
615 1153 66 21 redan
695 1153 79 21 funnits
790 1152 58 21 öfver
861 1153 31 19 ett

70 1180 131 26 decennium,
217 1180 98 28 fungerat
329 1181 33 21 till
377 1181 78 21 allmän
470 1181 129 27 belätenhet,
614 1182 81 21 hvilket
710 1182 7 20 i
727 1182 32 20 sin
769 1180 49 22 män
827 1180 65 21 ocksä

69 1208 90 26 bevisar,
182 1211 33 20 att
235 1216 50 15 man
306 1210 8 21 i
336 1210 65 21 Evois
423 1210 28 27 pä
467 1210 40 21 den
523 1210 64 27 högre
602 1210 134 27 afdelningen
750 1210 82 21 kunnat
847 1208 45 21 lära

69 1238 33 27 sig
125 1237 36 22 det
182 1238 133 27 nödvändiga
337 1238 32 21 för
384 1239 59 21 detta
458 1239 70 21 behof.
558 1239 51 21 Man
624 1239 39 21 har
677 1238 133 27 naturligtvis
828 1237 64 22 ocksä

69 1267 8 20 i
99 1266 69 21 denna
189 1266 60 27 fräga
263 1267 64 26 siagit
340 1269 60 25 mynt
415 1267 22 21 af
450 1267 146 27 spräkstriden
611 1267 40 22 och
666 1267 49 22 sökt
729 1269 51 25 göra
795 1266 97 27 gällande

69 1294 168 28 uppfattningen,
253 1297 32 19 att
300 1295 40 22 den
356 1296 190 27 omständigheten,
559 1297 31 20 att
600 1296 176 26 undervisningen
786 1295 47 21 icke
843 1294 49 21 sker

69 1323 28 27 pä
118 1323 69 22 finska
209 1323 92 27 spräket,
323 1323 68 22 skulle
413 1330 52 15 vara
487 1324 23 21 af
529 1324 71 27 nägon
621 1324 108 27 betydelse
744 1324 7 21 i
766 1323 99 22 afseende
879 1322 14 21 &

70 1352 156 21 forstmännens
247 1352 110 27 praktiska
376 1353 115 26 duglighet,
522 1353 75 21 Denna
612 1353 139 26 anmärkning
765 1351 88 28 betyder
868 1350 24 21 sä

69 1380 85 27 mycket
173 1381 88 26 mindre,
284 1387 45 15 som
351 1381 36 21 det
407 1381 24 26 ju
449 1383 25 19 är
488 1381 74 24 kändt,
577 1383 32 20 att
625 1381 65 27 enligt
705 1381 96 27 gällande
815 1379 36 26 lag
861 1385 31 15 .en

69 1409 104 21 forstman
194 1409 47 22 icke
263 1409 41 21 kan
327 1409 96 22 tillträda
444 1409 121 27 statstjenst
583 1411 52 20 utan
651 1412 32 19 att
697 1409 8 22 i
720 1409 59 22 detta
793 1407 99 22 afseende

69 1437 154 22 dokumentera
237 1437 32 27 sig
283 1437 127 27 nödtorftigt
425 1438 39 21 och
479 1438 50 21 vida
544 1438 126 21 derutöfver.
696 1437 69 22 Bland
775 1436 52 25 skäl,
838 1441 52 20 som,

69 1465 25 22 sä
115 1466 46 21 vidt
180 1466 37 27 jag
231 1466 109 27 päminner
354 1466 50 27 mig,
419 1466 107 22 utskottet
541 1467 39 20 alls
594 1467 47 21 icke
655 1466 73 22 berört
742 1466 8 21 i
765 1466 37 21 sitt
817 1464 74 21 betän-

69 1493 76 28 kande,
167 1494 53 25 skäl,
242 1500 45 16 som
309 1495 44 21 tala
374 1496 57 20 emot
445 1495 166 27 förflyttningen,
626 1495 39 21 bör
679 1495 47 21 icke
740 1495 65 20 minst
819 1492 73 21 obser-

69 1528 61 15 veras
152 1522 36 22 det
209 1523 8 20 i
238 1523 66 21 första
325 1523 158 22 reservationen
505 1523 99 27 antydda,
623 1525 33 20 att
670 1523 118 22 kostnaden
802 1521 34 21 för
851 1521 41 21 ele-
