1064 1739
338 131 25 17 R.
375 136 17 11 o.
400 131 23 16 A.
437 131 59 16 1888.
510 131 27 16 24
548 131 48 20 Maj.
809 125 52 20 1501

194 357 169 33 Torsdagen
381 357 57 27 den
457 357 33 27 24
508 357 58 34 Maj
586 357 40 27 kl.
647 357 30 26 11
697 357 21 26 f.
736 364 36 19 m.

143 420 32 21 Hr
189 419 202 22 Landtmarskalken
406 419 139 28 tillkännagaf
554 421 32 20 att
596 419 66 28 pollet
671 419 95 22 ätestälts
776 419 32 21 för
818 419 76 27 Adliga

75 450 60 20 ätten
158 447 39 22 N:o
222 449 46 25 119,
291 454 39 15 von
346 448 165 22 Willebrand
526 447 22 23 af
561 449 32 21 Hr
608 448 59 21 Knut
682 447 58 22 Felix
755 454 40 15 von
810 448 83 21 Wille-

74 477 91 25 brand,
188 476 96 26 Verkligt
305 476 102 27 Statsråd,
430 479 15 19 t.
461 476 13 22 f.
492 477 184 21 Generaldirektör
691 477 34 21 vid
740 476 154 28 Medicinalsty-

75 506 75 23 relsen,
173 507 55 19 samt
250 506 46 20 åter
317 506 87 27 uttagits
419 507 32 20 för
466 512 81 15 samma
562 507 31 19 ätt
608 505 23 21 af
644 505 31 21 Hr
689 505 103 21 Reinhold
814 505 79 21 Robert

74 540 42 15 von
131 533 206 27 Willebrand,
354 533 96 22 Ofverste
465 534 35 21 vid
516 533 173 22 Generalstaben.

145 664 223 27 Protokollsutdragen
384 665 107 27 angående
506 665 25 21 R.
548 671 17 15 o.
582 665 37 21 A:s
636 664 32 22 vid
683 664 116 27 gårdagens
810 664 84 27 plenum

75 692 80 22 fattade
178 692 74 26 beslut,
276 692 105 22 äfvensom
404 694 94 20 ståndets
521 693 69 21 beslut
606 693 40 21 den
662 694 25 20 22
703 694 77 20 dennes
795 693 48 21 med
858 698 36 16 an-

75 720 86 27 ledning
184 720 21 21 af
226 720 232 23 Riddarhusutskottets
477 722 135 21 betänkande
627 728 34 14 om
676 721 218 22 Riddarhusdirektio-

75 755 52 15 nens
142 749 113 21 berättelse
271 750 105 26 upplästes
392 750 31 21 till
437 750 109 27 justering.

144 880 132 27 Föredrogos
300 880 39 21 och
361 880 58 22 lades
440 881 33 21 till
492 880 152 27 handlingarna
660 880 103 22 särskilda
777 880 45 22 från
837 879 57 22 med-

74 909 89 21 stånden
179 908 105 27 ingångna
298 909 201 27 protokollsutdrag,
515 916 25 14 ur
554 909 71 21 hvilka
641 909 139 21 antecknades
796 911 31 19 att
844 908 51 21 Pre-

74 937 131 21 steståndets
230 937 106 21 elektorer
359 938 31 20 till
414 938 117 21 ledamöter
553 938 6 20 i
581 937 224 27 Justeringsutskottet
828 938 67 20 utsett

75 966 80 21 Rektor
202 966 150 20 Blomstedt
374 966 38 21 och
435 966 129 22 Professorn,
584 966 56 21 Frih.
658 966 99 21 Palmén
793 967 54 19 samt
862 964 33 21 till

75 994 135 27 suppleanter
225 994 153 27 Kyrkoherden
393 994 149 27 Tallgr6n
558 994 38 22 och
607 994 76 22 Pastor
725 993 168 29 Appelqvist.

377 1125 214 29 Stämpelbevillningen.

143 1181 119 27 Föredrogs
284 1182 244 27 Bevillningsutskottets
550 1182 78 26 förslag
649 1182 32 21 till
695 1180 200 27 sammanjemkning

74 1209 23 22 af
111 1210 25 20 de
151 1210 122 26 skiljaktiga
288 1210 76 28 beslut,
379 1211 58 21 hvari
452 1210 91 22 ständen
558 1212 86 20 stannat
658 1210 34 22 vid
707 1209 153 26 behandlingen
875 1207 22 22 af

75 1238 114 21 utskottets
213 1238 43 22 bet.
278 1239 40 21 N:o
338 1240 12 19 5
366 1239 6 21 i
388 1239 112 27 anledning
516 1239 21 21 af
551 1239 48 21 näd.
615 1245 59 21 prop.
690 1238 40 22 N:o
746 1239 25 20 21
787 1236 109 28 angäende

74 1266 210 28 stämpelbevillning.

144 1323 50 21 Med
210 1323 112 27 anledning
337 1324 21 22 af
373 1324 57 21 detta
445 1323 292 27 sammanjemkningsförslag
751 1322 83 28 yttrade

143 1380 57 22 Frih.
217 1381 26 21 K.
261 1380 249 28 Langenskiöld:
541 1381 10 21 I
567 1381 27 21 de
609 1380 43 27 fall,
668 1380 27 21 dä
711 1380 54 21 vissa
780 1377 116 23 förändrin-

75 1415 38 21 gar
135 1408 96 22 beslutits
247 1409 21 21 af
285 1410 75 21 endast
375 1411 31 19 ett
420 1410 70 23 ständ,
506 1410 76 20 medan
597 1411 33 19 tre
645 1408 62 22 ständ
721 1408 8 21 i
743 1413 80 16 samma
838 1406 59 21 delar

75 1437 94 27 godkänt
191 1437 143 22 betänkandet
360 1438 142 25 oförändradt,
519 1437 39 21 har
580 1437 105 21 utskottet
703 1435 107 27 föreslagit
825 1436 32 20 att
872 1434 25 22 de

75 1465 110 21 afvikande
208 1466 96 21 besluten
327 1466 69 21 skulle
418 1466 20 21 få
461 1466 91 25 förfalla,
571 1466 69 21 såsom
657 1465 115 26 vidgängna
788 1463 74 21 endast
877 1462 22 21 af

75 1496 32 18 ett
121 1494 68 21 ständ.
207 1494 33 21 Dä
256 1500 28 15 nu
298 1494 118 22 emellertid
432 1494 60 22 dessa
508 1494 72 26 frägor
594 1494 68 20 mäste
676 1493 77 21 räknas
768 1492 33 21 till
811 1491 86 25 sädana,

73 1528 46 15 som
135 1524 76 24 utgöra
230 1522 94 26 grunden
340 1522 33 22 för
387 1522 152 27 bevillningens
555 1522 168 27 uppdebitering,
739 1520 61 22 torde
816 1520 35 20 det
867 1524 33 16 er-
