1073 1731
325 140 25 17 R.
363 144 18 13 o.
393 139 23 17 4.
425 139 61 17 1888.
507 139 14 17 8
533 139 49 21 Maj.
794 133 53 21 1061

44 225 60 22 såväl
119 225 63 22 ärfda
196 231 46 16 som
258 225 116 26 förvärfda,
391 225 55 22 låter
461 225 189 21 mälsmansrätten
664 226 53 20 utan
732 223 73 22 vidare
819 223 58 22 bort-

45 254 58 27 falla,
120 254 23 21 sä
158 253 66 22 framt
238 253 90 22 hustrun
343 253 48 22 icke
405 254 39 21 vill
454 260 77 21 genom
543 253 73 22 förord
626 253 110 22 bibehälla
747 253 129 21 densamma.

114 283 42 27 Jag
179 283 56 26 sade,
259 284 32 20 att
311 282 38 28 jag
364 282 63 22 äfven
442 282 8 21 i
466 282 102 22 afseende
583 282 13 21 &
611 281 179 22 förordsfriheten
806 281 70 22 funnit

45 312 47 27 mig
118 312 8 21 i
152 312 26 21 de
200 311 181 27 inskränkningar
402 317 62 21 prop.
487 311 126 26 innehåller,
637 311 67 21 ehuru
725 311 37 27 jag
786 310 91 27 tidigare

46 341 56 21 varit
125 341 97 27 benägen
242 341 32 20 att
288 340 112 21 utsträcka
414 340 181 21 förordsfriheten
610 340 56 21 ända
682 339 87 26 derhän,
786 341 36 26 att
835 345 42 22 ma-

46 370 40 21 kar
101 370 71 21 kunde
187 368 64 22 träffa
266 368 54 21 aftal
336 375 34 15 om
382 375 25 14 en
419 369 123 27 fullkomlig
553 368 246 28 egendomsseparation.
814 368 64 21 Annu

47 399 7 20 i
70 399 70 21 denna
154 397 64 22 stund
232 397 43 21 kan
288 397 37 28 jag
340 397 48 22 icke
403 397 47 22 inse
465 399 33 20 att
513 398 71 27 nägon
599 397 56 22 väda
669 403 51 15 vore
740 397 86 20 dermed
836 396 43 21 för-

47 427 62 25 enad,
134 428 55 20 samt
204 428 46 19 tror
265 425 43 22 fast
323 433 52 20 mer,
391 428 32 19 att
439 426 61 22 detta
515 433 51 15 vore
581 428 31 19 ett
627 426 82 27 ganska
724 425 98 27 lämpligt
837 426 43 20 sätt

47 458 34 19 att
103 462 76 21 genom
202 454 160 22 erfarenhetens
384 455 125 22 vitnesbörd
532 455 22 22 få
576 455 77 27 pröfva
668 455 26 20 de
710 455 73 26 längre
798 453 82 28 gående

48 484 116 28 yrkanden,
188 489 46 16 som
255 483 21 21 vi
298 485 49 20 veta
370 485 33 20 att
424 483 104 22 omfattas
544 483 24 22 af
580 491 27 14 en
622 484 82 27 ganska
719 483 109 27 högljudd,
844 489 36 14 om

48 513 41 22 ock
112 515 56 19 ännu
191 513 18 27 ej
233 512 33 22 till
282 512 25 22 de
323 513 88 27 djupare
427 513 63 21 leden
505 513 83 27 gående
604 513 86 27 opinion
706 512 7 21 i
728 512 80 21 landet.
838 511 42 22 Ge-

49 548 50 15 nom
122 544 32 19 att
176 542 90 20 sålunda
286 543 71 25 öppna
375 544 94 26 utvägen
485 544 33 19 att
532 542 68 21 under
616 541 140 28 iakttagande
771 540 23 22 af
808 540 72 28 lagbe-

49 570 85 22 stämda
149 570 143 22 formaliteter
306 570 41 22 och
362 570 67 28 enligt
445 571 7 21 i
468 571 63 27 lagen
546 570 116 28 uppstälda
672 572 62 26 typer
744 569 71 22 tilläta
825 570 55 25 dem,

50 606 46 15 som
118 599 63 27 gäfve
204 598 107 22 företräde
334 599 23 21 åt
379 606 27 14 en
425 599 254 28 förmögenhetsordning
694 599 7 21 i
717 598 164 22 öfverensstäm-

50 628 66 21 melse
138 628 50 21 med
208 628 36 21 det
260 628 100 27 engelska
376 628 53 21 eller
444 628 66 27 ryska
525 630 103 26 systemet
644 628 24 21 af
682 627 39 22 full
736 626 146 28 sjelfständig-

50 657 37 21 het
110 657 34 21 för
166 656 96 27 hustrun,
282 658 32 20 att
329 657 88 21 dermed
431 659 55 25 göra
500 657 81 26 försök,
598 657 71 21 kunde
684 656 107 28 nämligen
806 656 28 27 pä
849 656 31 20 ett

50 685 89 28 ofarligt
162 687 43 19 sätt
224 687 94 25 utrönas,
334 686 7 20 i
357 685 57 22 hvad
428 686 51 21 män
495 686 95 27 antydda
605 686 110 27 yrkanden
730 685 36 21 vid
781 684 101 22 framtida

54 714 104 22 reformer
173 714 91 27 förtjena
279 714 107 22 afseende.
417 714 51 22 Men
484 715 27 21 dä
526 714 37 22 vid
578 714 151 28 lagförslagets
744 713 138 28 uppgörande

50 743 50 22 bort
122 745 62 25 tagas
206 743 8 21 i
236 743 142 21 betraktande
401 743 57 21 hvad
481 744 116 20 ständerna
612 744 7 20 i
635 743 32 21 sin
682 743 90 27 petition
788 742 7 21 i
810 744 72 18 ämnet

51 772 36 21 vid
111 774 84 19 semaste
218 772 102 27 landtdag
340 772 95 26 anförde,
453 772 40 22 och
509 772 105 21 likaledes
630 772 41 21 den
686 772 45 20 deri
747 770 135 26 framhällna,

52 800 85 28 mycket
159 800 171 22 beaktansvärda
352 801 92 27 mening,
465 807 47 15 som
527 801 7 21 i
551 801 40 21 den
608 800 140 27 fullständiga
763 800 121 26 förmögen-

52 829 199 27 hetsseparationen
266 836 34 14 ser
315 836 25 14 en
356 829 55 21 väda
427 829 34 21 för
476 830 98 26 familjen
584 830 40 21 och
636 829 119 26 samhället,
767 834 63 22 synes
840 828 43 27 mig

53 858 41 21 den
116 858 143 27 begränsning
281 857 23 22 af
325 858 165 26 aftalsfriheten,
507 865 47 15 som
569 858 49 21 näd.
634 864 60 21 prop.
711 857 118 21 innehäller
844 856 40 22 och

53 892 46 16 som
121 886 99 28 betingas
244 886 24 21 af
288 887 36 21 det
346 887 7 21 i
369 893 60 21 prop.
445 887 7 21 i
469 887 66 27 öfrigt
551 887 68 27 följda
634 889 86 25 system,
737 886 111 21 äfvensom
862 884 24 22 af

53 915 276 28 arfvejordsinstitutionen,
345 916 36 20 väl
396 916 45 21 läta
456 916 98 21 försvara
569 916 39 27 sig.

122 945 42 26 Jag
179 944 62 21 utber
255 944 44 27 mig
314 945 101 27 slutligen
431 944 21 21 fä
468 945 122 26 framhälla,
604 946 33 20 att
648 951 35 14 om
694 944 41 21 den
746 943 137 27 ständpunkt,

56 979 46 15 som
126 972 23 22 af
171 973 162 27 Lagutskottets
347 973 112 27 pluralitet
474 973 8 21 i
497 973 63 28 fräga
575 980 35 15 om
625 973 188 21 mälsmansrätten
828 972 56 21 inta-

54 1001 49 28 gits,
126 1001 40 22 och
189 1007 45 16 som
257 1001 38 28 går
318 1002 55 21 ända
396 1002 81 21 derhän
495 1002 7 21 i
518 1002 145 27 försiktighet,
679 1003 33 20 att
727 1001 47 22 icke
789 1006 37 15 ens
842 1000 43 21 till-

55 1030 71 27 städja
141 1030 73 21 förord
230 1037 34 14 om
280 1030 86 22 hustrus
381 1033 44 19 rätt
441 1033 32 20 att
489 1031 22 21 fä
527 1031 93 21 förvalta
635 1031 57 20 hvad
706 1031 42 21 hon
759 1036 77 21 genom
846 1029 39 21 sitt

54 1059 74 21 arbete
150 1059 35 21 till
206 1059 52 22 boet
280 1059 115 28 inbringar,
411 1059 24 22 af
449 1060 117 21 ständerna
580 1060 132 27 godkännes,
728 1059 36 21 det
778 1059 108 26 knappast

54 1087 77 22 lönade
146 1088 78 21 mödan
240 1089 32 20 att
287 1088 67 21 inläta
369 1088 32 27 sig
416 1089 29 26 pä
459 1088 7 21 i
477 1088 63 28 fräga
550 1089 94 21 varande
654 1086 230 29 lagstiftningsätgärd,

54 1116 28 21 dä
104 1116 63 21 äfven
188 1117 26 20 de
229 1116 24 21 af
266 1117 106 21 utskottet
387 1117 105 28 enhälligt
507 1117 97 22 erkända
620 1117 182 27 förbättringarna
817 1115 7 21 i
840 1115 45 28 lag-

56 1145 114 27 förslagets
186 1145 71 28 öfriga
272 1145 64 27 delar,
353 1146 71 21 säsom
440 1152 35 15 om
491 1147 87 20 makars
594 1145 198 28 gäldförbindelser,
804 1144 82 21 boskil-

54 1173 178 22 nadsförfarande
254 1181 27 14 m.
304 1181 35 20 m.,
361 1175 170 27 sammanhänga
556 1175 50 21 med
630 1174 107 27 förslagen
763 1174 6 21 i
795 1175 11 19 2
830 1173 54 26 Kap.

55 1202 10 21 I
81 1202 39 21 fall
135 1209 49 14 man
199 1203 47 20 icke
261 1203 65 27 vågar
342 1205 51 25 taga
408 1203 37 22 det
461 1205 47 26 steg
518 1204 35 21 till
563 1203 155 27 inskränkning
728 1202 24 21 af
760 1202 126 21 mälsmans-

55 1233 77 24 rätten,
152 1237 46 15 som
213 1231 7 21 i
235 1238 60 21 prop.
312 1231 95 28 föresläs,
424 1232 92 21 förlorar
531 1233 51 20 hela
597 1230 250 29 lagstiftningsätgärden
863 1229 24 22 sä

55 1259 115 28 väsentligt
185 1260 7 21 i
208 1260 97 26 intresse,
321 1263 32 18 att
368 1261 35 20 det
418 1267 51 15 vore
484 1261 50 22 bäst
550 1263 33 19 att
599 1261 44 21 läta
659 1261 123 20 densamma
793 1259 34 21 för
838 1260 49 19 när-

56 1289 94 20 varande
172 1288 88 22 törfalla
274 1289 40 21 och
329 1289 71 21 lemna
415 1289 42 22 den
472 1290 34 21 till
522 1289 124 22 framtiden.
677 1289 33 21 En
726 1289 65 21 sädan
807 1287 81 28 utgäng

57 1323 51 16 vore
130 1317 66 21 likväl
218 1318 86 27 mycket
326 1319 32 20 att
374 1318 97 27 beklaga,
487 1319 91 20 emedan
594 1319 36 20 det
646 1318 7 21 i
669 1319 26 20 de
710 1317 115 28 yrkanden,
841 1322 47 15 som

58 1345 129 22 härutinnan
210 1347 73 26 gjorts,
308 1346 66 21 finnes
389 1347 86 27 mycket
490 1347 140 28 berättigadt,
647 1347 40 21 och
703 1347 89 20 emedan
808 1345 78 22 sociala

58 1374 50 22 kraf
128 1375 24 21 af
173 1375 41 21 den
237 1376 103 27 granlaga
363 1376 39 21 och
423 1376 83 28 vigtiga
525 1376 156 26 beskaftenhet,
705 1382 45 15 som
773 1375 39 21 här
827 1373 61 22 äro
875 1369 16 39 i

59 1403 67 28 fräga,
149 1404 40 21 och
212 1404 73 21 hvilka
305 1404 7 21 i
327 1406 68 19 större
411 1405 52 21 eller
478 1405 86 21 mindre
578 1405 53 27 grad
647 1404 102 22 omfattas
764 1404 24 21 af
801 1410 26 14 en
843 1404 45 19 stor

59 1432 34 21 del
116 1432 24 21 af
161 1433 25 21 de
206 1433 108 21 tänkande
329 1433 6 21 i
352 1433 78 26 landet,
447 1434 53 20 böra
516 1434 117 27 lämpligen
649 1433 143 27 tillmötesgäs
808 1432 33 21 för
856 1432 33 19 att

58 1460 47 22 icke
128 1460 114 22 framkalla
264 1462 97 26 verkliga
383 1462 145 27 olägenheter.
560 1462 51 21 Man
633 1462 36 21 mä
687 1462 67 21 tänka
768 1461 56 21 hvad
839 1464 50 16 man

58 1490 37 20 vill
118 1496 34 14 om
174 1490 70 21 tidens
263 1490 197 22 individualistiska
474 1491 106 27 riktning,
597 1491 36 21 det
648 1491 43 21 kan
706 1490 47 21 icke
768 1490 72 24 nekas,
857 1489 33 20 att

58 1520 31 19 ett
104 1518 66 27 nägot
186 1520 68 20 större
269 1519 56 21 mätt
340 1518 23 22 af
377 1519 175 27 sjelfständighet
568 1520 7 20 i
590 1518 258 28 förmögenhetsrättsligt
858 1516 32 21 af-

58 1547 78 21 seende
152 1548 12 20 &
179 1547 101 21 hustruns
296 1547 47 21 sida
358 1548 62 20 deraf
433 1548 100 28 betingas
549 1548 40 22 och
604 1548 98 27 päkaliar
718 1554 25 14 en
756 1546 75 28 åtgärd
842 1545 49 21 från

796 1586 23 17 68
