1067 1756
187 133 56 22 1680
445 137 24 18 R.
483 141 17 14 0.
509 138 22 17 A.
544 137 59 18 1888.
622 137 23 17 31
658 137 48 21 Maj.

156 224 35 21 för
207 225 50 20 dess
272 223 110 22 förkofran
398 223 115 26 hinderligt
527 222 187 22 missförhällande
730 222 127 27 aflägsnadt,
880 223 109 26 klagomål

157 253 39 21 allt
212 252 135 22 fortfarande
362 251 117 28 förspörjas
495 251 39 22 och
546 251 159 26 önskningsmäl
721 251 62 21 äfven
794 251 35 22 vid
838 252 70 21 denna
918 252 71 21 landt-

157 281 42 27 dag
214 281 77 22 talrikt
306 280 65 21 hafva
386 280 129 21 framburits.
547 279 70 22 Dessa
632 279 158 27 önskningsmäl
814 280 65 21 hafva
898 281 92 27 mängen

156 309 57 28 gäng
228 309 47 22 icke
291 309 84 27 lyckats
389 309 64 21 vinna
468 309 25 20 R.
509 315 18 14 o.
544 308 38 21 A:s
597 308 124 26 understöd,
737 310 52 19 utan
805 308 96 22 förfallit.
932 309 58 22 Bon-

158 338 115 22 deständet
288 338 110 26 beklagar,
414 339 33 20 att
461 337 133 21 fortfarande
617 337 84 20 landets
716 336 90 22 främsta
822 337 74 22 ständs
912 337 56 28 äsigt
982 338 8 21 i

156 367 79 27 mänga
250 366 24 21 af
291 366 80 21 folkets
385 365 91 27 välgäng
490 365 127 26 berörande,
633 365 79 27 vigtiga
733 365 74 27 frägor
822 367 25 20 är
862 372 26 15 en
912 373 78 20 annan,

156 397 28 20 än
199 396 49 25 den,
264 394 80 22 folkets
358 394 69 21 flertal
442 394 69 27 hyser,
528 393 39 22 och
591 399 64 16 anser
677 394 36 21 det
735 394 60 21 desto
818 401 61 14 mera
901 395 89 27 beklag-

158 425 45 26 ligt,
220 430 46 15 som
281 423 162 22 Bondeständet
455 423 64 25 inser,
536 424 32 19 att
583 423 90 26 endrägt
688 422 32 21 för
736 424 31 19 ett
781 423 49 21 litet
845 423 51 26 folk,
912 423 78 22 sädant

156 459 45 14 som
210 452 56 24 värt,
282 453 25 20 är
322 451 148 28 oundgänglig,
486 453 22 25 ty
524 451 85 26 enighet
624 457 38 20 ger
677 451 80 26 styrka,
765 451 41 21 och
822 451 108 28 missämja
938 452 53 21 ned-

155 481 88 27 trycker
258 481 62 20 äfven
337 480 40 21 den
395 480 114 21 starkaste.

225 509 32 21 På
273 515 81 15 samma
369 508 56 27 gång
439 507 161 22 Bondeständet
615 507 40 22 har
670 510 70 19 ansett
761 508 34 21 för
817 509 33 20 sin
872 509 60 26 pligt,
956 511 35 20 att

157 539 65 25 öppet
238 537 41 22 och
294 537 64 27 ärligt
373 537 102 21 framföra
491 537 62 20 dessa
568 537 46 20 sina
628 536 94 27 känslor,
737 536 28 27 pä
780 543 83 15 samma
877 537 56 27 gäng
949 537 40 22 och

156 566 44 21 lika
217 566 137 27 oskrymtadt
369 566 38 21 ber
423 566 36 21 det
473 565 22 21 fä
509 565 70 21 uttala
594 565 32 21 sin
641 565 89 26 aktning
745 565 40 21 och
805 565 135 22 tacksamhet
955 566 35 21 för

156 595 24 21 R.
198 601 18 15 o.
233 595 39 21 A:s
287 594 184 27 tillmötesgäende
487 593 62 22 äfven
565 593 35 21 vid
623 593 70 21 denna
714 593 109 28 landtdag,
847 594 49 21 med
917 595 72 26 glädje

156 623 139 22 erkännande
311 623 26 21 de
353 625 60 19 stora
428 623 39 21 och
482 622 133 27 mängsidiga
637 622 129 27 kunskaper,
789 623 41 20 den
853 624 59 20 stora
934 623 55 21 erfa-

156 652 76 21 renhet
248 652 48 26 och,
316 651 90 22 framför
428 651 44 25 allt,
497 651 41 21 den
559 651 212 25 fosterlandskärlek,
795 651 73 21 hvilka
890 651 99 22 fortsätt-

156 681 94 26 ningsvis
266 680 25 21 sä
305 680 58 21 klart
379 679 62 22 hafva
456 679 115 22 framträdt
585 679 7 21 i
612 679 25 21 R.
661 685 19 15 o.
703 679 38 21 A:s
763 679 163 27 förhandlingar
948 680 40 21 och

156 709 76 21 beslut.
260 708 93 27 Mängen
368 709 66 26 vigtig
449 709 45 26 sak,
511 708 69 21 säsom
597 710 14 19 t.
628 714 31 15 ex.
676 708 180 27 dissenterlagens
867 709 39 20 och
918 708 71 22 straff-

155 738 73 26 lagens
249 737 164 27 godkännande,
437 737 37 21 vär
497 737 263 26 värnepligtsinstitutions
782 737 142 22 utvecklande
948 737 40 22 och

156 766 140 22 beslutandet
311 765 33 22 till
360 766 27 21 de
402 765 133 22 vidsträckta
547 765 259 27 jernvägsbyggnaderna,
829 764 73 23 bevisa
922 766 65 26 klart,

156 797 32 19 att
204 795 103 21 Finlands
323 795 88 21 ständer
427 794 72 22 förlita
514 794 32 26 sig
561 794 27 26 pä
603 794 37 21 det
655 794 69 21 finska
737 794 79 21 folkets
832 794 59 21 säväl
902 795 87 27 andliga

156 830 45 15 som
216 824 142 20 ekonomiska
373 823 74 27 styrka
463 823 39 21 och
517 825 33 19 att
565 822 164 27 enstämmighet
745 824 24 20 är
783 823 73 27 möjlig
868 825 32 19 att
916 823 71 21 ästad-

156 852 92 26 komma,
264 852 29 21 dä
309 852 36 21 det
360 852 68 26 gäller
444 854 33 19 att
491 852 74 26 afgöra
580 852 26 20 de
621 851 7 21 i
643 850 48 22 värt
710 851 62 21 lands
793 851 195 22 framätskridande

156 881 62 27 djupt
232 881 128 26 ingripande
375 880 106 27 frägorna.

224 909 53 21 Fast
294 909 116 21 förlitande
426 908 72 27 derpä,
514 910 33 20 att
561 908 26 22 R.
603 915 19 14 o.
639 908 25 21 A.
681 908 54 22 skall
750 909 60 21 ledas
825 909 6 21 i
847 909 47 21 sina
917 909 71 21 beslut

155 938 24 21 af
192 944 82 15 samma
290 938 68 26 ärliga
375 938 140 26 öfvertygelse
531 937 39 21 och
586 936 209 25 fosterlandskärlek,
812 944 45 15 som
873 938 113 26 härintills,

155 967 39 21 ber
208 966 164 22 Bondeständet
387 968 34 19 att
435 972 51 15 vara
504 966 117 21 inneslutet
636 966 7 20 i
658 966 63 26 Eder,
744 966 101 21 välborne
861 966 33 21 Hr
908 966 80 22 Landt-

155 996 129 26 marskalks,
301 997 56 19 samt
373 995 115 27 höglofliga
502 995 24 21 R.
544 1000 19 15 o.
579 995 38 20 A:s
632 994 123 22 förtroende
770 995 40 21 och
825 995 103 27 välvilja*.

227 1052 32 21 Hr
285 1052 210 22 Landtmarskalken
520 1052 118 21 besvarade
663 1052 69 21 denna
754 1052 97 28 helsning
876 1052 49 21 med
949 1052 40 22 föl-

153 1081 65 27 jande
234 1081 49 21 ord:

225 1138 37 24 R.
280 1144 19 15 0.
317 1138 26 21 A.
361 1139 120 25 emottager
491 1138 172 21 Bondeständets
679 1137 184 28 afskedshelsning
878 1139 48 21 med
936 1138 52 22 kän-

155 1167 44 21 slor
214 1167 23 21 af
250 1167 104 27 vänskap,
371 1166 133 27 högaktning
518 1166 39 22 och
573 1166 140 22 tacksamhet.
730 1167 47 21 Den
796 1167 38 26 tid,
844 1167 21 21 vi
880 1167 6 21 i
902 1173 86 21 gemen-

155 1198 56 19 samt
226 1196 75 21 arbete
318 1196 40 20 här
373 1196 104 26 tillbragt,
493 1195 98 27 gvarstär
606 1197 60 19 snart
681 1196 76 20 endast
776 1195 70 21 säsom
862 1197 32 20 ett
909 1196 79 26 minne,

154 1224 82 22 hvilket
250 1224 47 22 icke
313 1224 30 27 pä
358 1224 62 27 länge
436 1224 55 21 skall
507 1224 38 21 hos
561 1224 70 27 någon
646 1224 23 21 af
683 1230 36 16 oss
735 1224 118 22 förblekna.
884 1224 26 22 R.
926 1231 18 15 vo.
961 1225 25 21 A.

155 1255 24 19 är
194 1253 107 21 förvissad
317 1259 35 15 om
369 1255 38 24 att,
424 1253 73 21 hvilka
511 1252 268 28 meningsskiljaktigheter
794 1255 27 19 än
834 1253 69 21 under
918 1254 70 20 landt-

155 1282 150 26 dagsarbetets
328 1282 57 26 gång
407 1282 35 20 mä
465 1284 66 24 yppat
553 1282 38 26 sig,
615 1280 23 22 sä
660 1282 39 20 har
721 1282 73 26 hvarje
817 1282 69 26 stånd,
910 1282 78 22 liksom

155 1310 73 27 hvarje
243 1310 49 22 dess
307 1311 100 25 medlem,
425 1310 76 22 endast
516 1310 47 21 haft
578 1310 37 21 det
629 1310 108 22 allmänna
751 1310 63 22 bästa
829 1310 33 22 till
878 1310 49 26 mäl,
947 1310 41 22 och

154 1340 25 20 R.
196 1346 18 14 o.
231 1339 25 21 A.
273 1339 92 27 hoppas,
381 1341 33 19 att
430 1339 26 21 de
472 1339 23 21 af
514 1339 115 21 ständerna
644 1339 82 21 fattade
742 1339 98 21 besluten
863 1340 61 20 skola
938 1340 50 21 leda

154 1368 33 21 till
203 1368 59 21 detta
278 1368 55 21 måls
349 1368 179 26 förverkligande.
559 1368 27 20 Vi
602 1367 74 27 återgå
691 1374 35 16 nu,
742 1368 54 21 efter
816 1368 102 21 slutfördt
933 1368 53 26 värf,

154 1396 33 21 till
202 1396 52 22 vära
268 1397 88 27 vanliga
372 1396 193 27 sysselsättningar,
587 1396 39 21 och
649 1396 24 22 R.
691 1403 17 14 o.
725 1397 24 20 A.
773 1396 80 22 uttalar
876 1397 7 21 i
906 1403 82 15 samma

154 1425 108 22 afskedets
278 1426 65 21 stund
360 1425 34 22 tili
410 1424 161 23 Bondeständet
586 1425 37 21 sitt
639 1424 74 26 farväl,
729 1425 48 22 med
791 1425 88 27 önskan,
897 1427 32 20 att
939 1425 49 22 dess

154 1455 64 20 ärade
234 1455 142 20 medlemmar
391 1454 67 21 mätte
474 1461 26 14 en
516 1454 53 21 hvar
584 1454 35 21 vid
635 1453 143 22 äterkomsten
793 1454 33 21 till
850 1454 32 21 sin
898 1454 90 27 familje-

154 1483 59 21 krets
228 1483 22 21 fä
266 1483 85 27 ätnjuta
366 1483 30 21 all
411 1483 42 21 den
469 1482 193 27 tillfredsställelse,
679 1489 45 15 som
740 1483 76 21 endast
830 1483 108 21 vissheten
952 1489 35 15 om

154 1511 40 22 och
209 1511 154 22 medvetandet
378 1511 24 22 af
415 1511 34 22 väl
464 1511 103 28 uppfylda
582 1511 78 27 pligter
671 1511 42 22 kan
728 1511 88 22 skänka.
831 1511 25 22 R.
873 1518 19 15 o.
908 1511 26 22 A.
950 1517 37 16 an-
