1075 1739
214 126 55 21 1200
472 133 25 17 R.
511 138 16 12 0.
540 136 22 14 A.
572 134 60 17 1888.
650 134 22 17 15
684 134 49 21 Muj.

184 217 80 27 ganska
280 218 141 28 egendomligt
437 221 32 19 att
487 219 122 22 förarbeten
624 220 33 21 för
673 220 70 21 denna
758 220 35 26 lag
808 219 74 27 pägätt
898 220 37 21 der
949 220 65 21 sedan

185 246 55 21 1863
262 246 76 22 liksom
361 247 39 21 hos
423 254 39 15 oss.
493 248 32 22 De
547 248 63 22 bästa
628 248 154 22 kriminalister
798 248 74 22 Italien
888 254 49 21 eger
952 248 63 22 hafva

185 274 70 22 blifvit
270 275 99 25 anlitade,
386 276 49 22 flere
450 277 109 21 ministrar
574 277 64 21 hafva
652 278 105 20 inlemnat
772 277 32 21 till
816 277 129 27 deputerade
955 277 59 21 kam-

184 309 74 15 maren
279 304 127 22 utarbetade
428 305 85 27 förslag,
536 312 48 15 men
608 306 129 27 deputerade
754 306 123 21 kammaren
893 306 38 21 har
946 306 69 27 aldrig

184 331 82 22 kunnat
288 332 85 22 komma
395 334 32 20 till
445 335 65 26 något
525 335 96 25 resultat,
638 335 89 21 emedan
742 335 36 20 vid
794 334 220 27 detaljgranskningen

184 360 164 28 anmärkningar
371 362 72 26 gjorts,
467 369 45 15 som
535 363 63 21 hafva
621 364 95 26 splittrat
731 364 42 20 den
789 363 45 21 inre
849 363 103 25 harmoni,
968 368 45 16 som

183 389 67 21 måste
273 389 67 22 finnas
356 391 7 20 i
378 391 107 27 förslaget,
504 392 40 21 och
561 392 121 27 derigenom
697 392 120 21 kullkastat
831 392 48 21 hela
895 391 119 22 författnin-

183 424 47 20 gen.
260 418 40 27 Jag
315 419 37 21 ber
372 419 55 22 blott
441 420 22 22 få
477 422 78 20 nämna
570 423 32 19 att
617 421 7 21 i
640 421 36 21 det
691 423 76 25 nyaste
782 420 101 28 förslaget
899 420 38 22 allt
952 420 62 21 döds-

183 446 62 22 straff
259 449 23 19 är
297 449 148 21 utmönstradt.
477 449 50 21 Man
549 450 39 20 har
610 450 93 26 grundat
725 450 34 26 sig
781 450 28 26 på
829 449 40 21 den
885 448 129 28 omständig-

183 475 69 27 heten,
270 478 31 19 att
316 477 65 21 sedan
399 478 53 21 1877
469 478 136 22 dödsstraffet
624 478 47 22 icke
686 478 71 21 blifvit
771 478 8 21 i
795 478 76 21 Italien
886 478 127 27 tillämpadt.

255 532 32 22 Hr
302 533 23 21 B.
346 533 25 22 O.
395 534 156 22 Schauman:
577 535 49 21 Helt
649 535 148 27 anspråkslöst
819 535 38 21 ber
877 535 36 27 jag
939 537 31 19 att
992 535 23 21 få

183 560 75 22 förena
273 562 42 26 mig
329 563 48 20 med
393 562 49 22 flere
457 563 129 27 föregående
601 564 64 21 ärade
680 564 75 25 talare,
772 564 88 21 framför
875 564 39 21 allt
928 564 48 21 med
987 564 26 21 de

183 591 32 20 tre
230 590 73 27 första,
326 591 73 21 hvilka
414 594 51 19 utan
480 592 73 21 tvifvel
569 594 37 20 äro
622 592 23 22 af
658 593 26 21 de
700 595 55 19 mest
770 592 138 27 kompetenta
922 592 7 21 i
945 593 69 21 denna

182 618 60 27 fråga
257 618 7 21 i
280 619 58 21 detta
361 620 68 26 stånd,
453 621 41 21 den
516 622 67 20 första
606 622 46 26 den,
669 628 45 14 som
730 622 85 26 längsta
829 621 58 21 tiden
903 621 88 27 deltagit
1006 621 7 21 i

182 647 152 22 utarbetandet
357 649 22 21 af
401 649 58 21 detta
474 650 121 26 lagförslag,
612 650 39 21 och
667 650 25 21 de
708 650 37 21 två
761 650 72 25 andra,
850 650 23 21 af
885 650 72 21 hvilka
972 650 41 21 den

183 682 40 15 ena
238 676 96 22 innehaft
349 677 40 22 och
405 678 39 21 den
463 679 67 21 andra
545 681 57 19 ännu
617 679 89 22 innehar
722 678 181 28 rättslärareplats
919 678 35 22 vid
968 678 45 22 lan-

184 705 46 20 dets
253 705 133 26 universitet;
411 707 25 21 de
455 708 36 20 två
507 707 67 22 första
589 707 63 22 hafva
668 708 109 21 dessutom
793 707 89 27 deltagit
897 708 65 21 redan
977 707 36 22 vid

182 733 52 21 våra
248 733 68 22 första
331 735 127 27 landtdagar
472 736 32 21 uti
520 737 26 20 de
560 736 155 22 förberedande
731 737 104 21 arbetena
852 737 39 20 och
907 736 106 27 förslagen

182 762 33 21 till
231 763 69 21 denna
315 764 40 26 lag.
385 764 40 27 Jag
445 765 37 21 ber
497 765 22 21 få
534 765 74 21 förena
622 765 43 27 mig
680 765 49 21 med
745 765 49 21 dem
809 765 8 21 i
833 765 39 21 den
888 765 69 27 glädje
972 765 40 21 och

182 791 190 27 tillfredsställelse,
395 793 85 22 hvilken
503 794 26 21 de
548 794 80 21 uttalat
643 794 58 21 öfver
716 796 33 19 att
765 800 29 15 nu
809 793 35 22 vid
860 794 68 21 denna
943 794 69 21 landt-

183 819 41 27 dag
239 822 31 19 ett
286 820 104 22 definitivt
405 821 185 28 strafflagsförslag
610 822 46 22 icke
671 823 92 21 allenast
778 822 69 21 blifvit
863 822 149 22 framlemnadt

182 849 33 20 att
237 850 87 25 antagas
340 849 23 22 af
377 850 82 22 landets
481 851 87 21 ständer
583 853 51 19 utan
650 851 65 22 också
729 858 31 14 nu
774 851 115 27 undergått
905 851 40 22 den
959 851 52 21 nöd-

182 877 92 26 vändiga
296 878 241 29 utskottsberedningen,
562 880 59 21 detta
636 880 121 27 lagförslag,
773 886 46 15 som
835 881 24 20 är
872 881 52 20 utan
939 879 73 22 tvifvel

182 905 36 21 det
240 906 113 27 vigtigaste
375 907 47 22 icke
437 910 74 19 endast
525 909 36 20 vid
577 909 68 20 denna
660 910 52 20 utan
727 909 37 20 vid
779 911 54 18 nära
847 915 42 20 nog
904 909 41 20 alla
960 909 52 20 våra

181 933 127 28 föregående
331 935 126 28 landtdagar
479 937 104 21 ailtsedan
606 937 36 21 det
664 937 186 21 konstitutionella
875 937 136 22 statsskicket

180 962 187 27 återupplifvades,
384 965 38 21 och
439 971 25 15 en
479 966 41 26 lag,
536 972 46 15 som
597 966 81 27 utgjort
694 969 30 18 ett
740 966 24 21 af
778 966 25 21 de
821 965 117 22 förnämsta
949 966 63 21 önsk-

180 991 105 27 ningsmål
308 992 32 21 för
363 993 100 22 Finlands
483 994 45 21 folk
542 995 66 20 sedan
624 1001 80 15 samma
719 995 40 20 tid.
789 994 41 27 Jag
845 996 38 25 gör
899 995 35 20 det
949 994 61 22 äfven

180 1019 24 21 af
216 1026 81 16 samma
313 1021 68 26 orsak,
398 1028 45 15 som
459 1023 40 21 den
514 1023 68 21 första
596 1023 65 22 ärade
676 1023 84 22 talaren
775 1023 66 21 bland
857 1025 64 19 annat
935 1025 75 24 yttrat,

180 1048 84 22 derföre
286 1052 32 18 att
340 1050 61 21 äfven
421 1051 37 27 jag
473 1051 38 21 allt
527 1052 65 21 sedan
607 1052 43 21 min
666 1052 94 27 ungdom
776 1051 109 22 betraktat
900 1052 37 21 vår
952 1057 58 21 gam-

179 1077 96 27 maldags
290 1078 95 27 strafflag
400 1080 49 21 med
464 1087 25 14 en
505 1081 42 20 viss
562 1080 60 27 afsky
637 1080 42 21 kan
693 1081 37 26 jag
746 1082 58 25 säga,
820 1081 49 21 med
884 1080 98 21 afseende
997 1080 14 21 å

180 1105 26 21 de
228 1106 118 22 straffarter
370 1114 44 15 som
437 1109 24 20 så
483 1109 74 21 talrikt
579 1109 131 21 förekomma
725 1109 8 21 i
749 1109 130 21 densamma.
902 1109 58 21 såväl
983 1109 27 21 de

179 1133 103 23 affliktiva
304 1135 167 28 kroppsstraffen
492 1143 45 16 som
553 1138 26 21 de
594 1137 115 28 skymfliga.
742 1137 46 22 Och
801 1137 37 27 jag
853 1137 38 22 ber
906 1140 55 19 ännu
977 1139 32 20 att

178 1162 22 21 få
215 1163 99 27 uttrycka
336 1165 40 20 den
399 1165 70 27 glädje
488 1166 38 27 jag
547 1166 82 21 känner
652 1166 58 21 öfver
730 1168 33 19 att
779 1166 102 21 särskildt
896 1167 35 20 två
946 1166 23 21 af
983 1166 27 21 de

178 1191 146 22 förstnämnda
339 1193 101 24 talarene,
457 1195 25 20 de
498 1195 36 20 två
549 1195 71 21 hvilka
636 1195 46 21 icke
698 1195 63 20 suttit
772 1195 7 20 i
791 1194 217 27 Strafflagsutskottet

178 1219 35 21 vid
229 1220 69 21 denna
313 1221 107 28 landtdag,
437 1223 78 21 uttalat
530 1224 32 20 sin
577 1223 187 21 tillfredsställelse
780 1223 59 21 öfver
854 1225 32 19 att
897 1224 58 21 detta
965 1223 43 26 lag-

177 1248 80 28 förslag
279 1256 28 14 nu
329 1252 24 19 är
369 1251 23 21 så
405 1251 59 27 godt,
487 1253 32 20 att
534 1258 49 15 man
598 1254 52 19 utan
665 1252 79 21 tvekan
760 1252 43 21 kan
819 1253 77 25 antaga
912 1252 35 21 det
962 1257 46 16 som

178 1279 31 19 ett
224 1280 120 20 rättesnöre
359 1279 33 21 för
401 1280 171 28 lagskipningens
583 1280 164 22 handhafvande
757 1280 41 22 och
809 1280 197 22 framåtskridande.

249 1334 32 21 Hr
297 1335 190 29 Montgomery:
511 1337 41 27 Jag
571 1338 38 21 ber
624 1338 55 21 blott
694 1338 22 20 få
730 1338 77 20 förena
821 1338 43 26 mig
879 1337 48 21 med
942 1336 31 22 Hr
988 1336 13 22 J

177 1362 120 22 Grotenfelt
320 1364 51 24 deri,
395 1367 32 19 att
447 1366 147 21 diskussionen
610 1366 109 27 angäende
734 1366 161 21 bibehällandet
910 1366 51 20 eller
975 1367 34 19 ut-

176 1392 147 22 mönstrandet
339 1393 23 21 af
375 1394 136 22 dödsstraffet
527 1394 67 22 skulle
609 1394 22 22 fä
646 1395 66 25 anstä,
730 1394 34 22 till
780 1394 48 22 dess
843 1396 25 20 21
886 1394 53 27 Kap.
949 1394 59 21 kom-

175 1426 46 15 mer
239 1420 68 22 under
322 1421 127 23 diskussion.
478 1422 41 28 Jag
534 1425 38 25 gör
588 1423 36 21 det
638 1423 65 21 ocksä
719 1423 79 25 derför,
814 1424 32 20 att
859 1423 37 27 jag
910 1429 61 15 anser
981 1428 27 16 en

176 1448 120 22 diskussion
312 1450 109 26 angäende
441 1451 74 27 sjelfva
529 1452 109 26 principen
654 1452 101 26 temligen
771 1452 84 26 onödig.
886 1452 37 25 De,
940 1457 45 15 som
1000 1451 8 21 i

174 1478 83 26 princip
273 1478 57 26 hyllä
346 1479 136 22 dödsstraffet
497 1480 69 21 säsom
582 1486 25 15 en
623 1480 87 27 lämplig
720 1480 41 21 och
771 1480 76 21 rättvis
859 1479 99 24 straffart,
969 1482 38 18 äro

175 1505 64 21 bland
264 1506 25 22 de
304 1507 108 22 tänkande
427 1508 7 21 i
449 1508 72 22 landet
540 1508 48 22 icke
603 1508 23 22 sä
641 1509 82 27 mänga,
740 1508 41 22 och
796 1510 109 25 gentemot
921 1508 46 21 dem
983 1510 25 19 är

176 1534 36 20 det
228 1534 86 22 alldeles
338 1535 133 29 öfverflödigt
489 1539 32 19 att
536 1537 109 21 diskutera
660 1539 77 19 ämnet.
769 1537 44 21 Det
828 1539 24 19 är
867 1536 140 28 öfverflödigt,
