<?xml version="1.0" encoding="UTF-8"?>
<alto xmlns="http://www.loc.gov/standards/alto/ns-v3#" xmlns:xlink="http://www.w3.org/1999/xlink" xmlns:xsi="http://www.w3.org/2001/XMLSchema-instance" xsi:schemaLocation="http://www.loc.gov/standards/alto/ns-v3# http://www.loc.gov/alto/v3/alto-3-0.xsd">
	<Description>
		<MeasurementUnit>pixel</MeasurementUnit>
		<sourceImageInformation>
			<fileName>/tmp/tess_d3vbgh0s_input.PNG</fileName>
		</sourceImageInformation>
		<OCRProcessing ID="OCR_0">
			<ocrProcessingStep>
				<processingSoftware>
					<softwareName>tesseract 5.3.4</softwareName>
				</processingSoftware>
			</ocrProcessingStep>
		</OCRProcessing>
	</Description>
	<Layout>
		<Page WIDTH="1075" HEIGHT="1734" PHYSICAL_IMG_NR="0" ID="page_0">
			<PrintSpace HPOS="0" VPOS="0" WIDTH="1075" HEIGHT="1734">
				<ComposedBlock ID="cblock_0" HPOS="212" VPOS="118" WIDTH="520" HEIGHT="29">
					<TextBlock ID="block_0" HPOS="212" VPOS="118" WIDTH="520" HEIGHT="29">
						<TextLine ID="line_0" HPOS="212" VPOS="118" WIDTH="520" HEIGHT="29">
							<String ID="string_0" HPOS="212" VPOS="118" WIDTH="57" HEIGHT="22" WC="0.95" CONTENT="1058"/><SP WIDTH="202" VPOS="118" HPOS="269"/>
							<String ID="string_1" HPOS="471" VPOS="125" WIDTH="24" HEIGHT="17" WC="0.96" CONTENT="R."/><SP WIDTH="14" VPOS="125" HPOS="495"/>
							<String ID="string_2" HPOS="509" VPOS="130" WIDTH="18" HEIGHT="12" WC="0.79" CONTENT="o."/><SP WIDTH="12" VPOS="130" HPOS="527"/>
							<String ID="string_3" HPOS="539" VPOS="126" WIDTH="93" HEIGHT="17" WC="0.90" CONTENT="A.1888."/><SP WIDTH="25" VPOS="126" HPOS="632"/>
							<String ID="string_4" HPOS="657" VPOS="126" WIDTH="14" HEIGHT="17" WC="0.96" CONTENT="8"/><SP WIDTH="12" VPOS="126" HPOS="671"/>
							<String ID="string_5" HPOS="683" VPOS="126" WIDTH="49" HEIGHT="21" WC="0.96" CONTENT="Maj."/>
						</TextLine>
					</TextBlock>
				</ComposedBlock>
				<GraphicalElement ID="cblock_1" HPOS="188" VPOS="164" WIDTH="827" HEIGHT="6"></GraphicalElement >
				<ComposedBlock ID="cblock_2" HPOS="182" VPOS="210" WIDTH="833" HEIGHT="84">
					<TextBlock ID="block_1" HPOS="182" VPOS="210" WIDTH="833" HEIGHT="84">
						<TextLine ID="line_1" HPOS="182" VPOS="210" WIDTH="833" HEIGHT="29">
							<String ID="string_6" HPOS="182" VPOS="210" WIDTH="86" HEIGHT="27" WC="0.70" CONTENT="ciperna"/><SP WIDTH="18" VPOS="210" HPOS="268"/>
							<String ID="string_7" HPOS="286" VPOS="211" WIDTH="7" HEIGHT="20" WC="0.96" CONTENT="i"/><SP WIDTH="16" VPOS="211" HPOS="293"/>
							<String ID="string_8" HPOS="309" VPOS="211" WIDTH="40" HEIGHT="21" WC="0.93" CONTENT="den"/><SP WIDTH="16" VPOS="211" HPOS="349"/>
							<String ID="string_9" HPOS="365" VPOS="211" WIDTH="49" HEIGHT="21" WC="0.96" CONTENT="nåd."/><SP WIDTH="16" VPOS="211" HPOS="414"/>
							<String ID="string_10" HPOS="430" VPOS="217" WIDTH="61" HEIGHT="22" WC="0.96" CONTENT="prop."/><SP WIDTH="18" VPOS="217" HPOS="491"/>
							<String ID="string_11" HPOS="509" VPOS="212" WIDTH="39" HEIGHT="21" WC="0.93" CONTENT="och"/><SP WIDTH="17" VPOS="212" HPOS="548"/>
							<String ID="string_12" HPOS="565" VPOS="212" WIDTH="87" HEIGHT="21" WC="0.96" CONTENT="dermed"/><SP WIDTH="16" VPOS="212" HPOS="652"/>
							<String ID="string_13" HPOS="668" VPOS="214" WIDTH="97" HEIGHT="19" WC="0.93" CONTENT="närmast"/><SP WIDTH="16" VPOS="214" HPOS="765"/>
							<String ID="string_14" HPOS="781" VPOS="211" WIDTH="234" HEIGHT="23" WC="0.92" CONTENT="öfverensstämmande"/>
						</TextLine>
						<TextLine ID="line_2" HPOS="182" VPOS="238" WIDTH="833" HEIGHT="29">
							<String ID="string_15" HPOS="182" VPOS="238" WIDTH="60" HEIGHT="22" WC="0.96" CONTENT="såväl"/><SP WIDTH="22" VPOS="238" HPOS="242"/>
							<String ID="string_16" HPOS="264" VPOS="239" WIDTH="42" HEIGHT="22" WC="0.95" CONTENT="den"/><SP WIDTH="23" VPOS="239" HPOS="306"/>
							<String ID="string_17" HPOS="329" VPOS="239" WIDTH="75" HEIGHT="27" WC="0.96" CONTENT="första,"/><SP WIDTH="16" VPOS="239" HPOS="404"/>
							<String ID="string_18" HPOS="420" VPOS="246" WIDTH="45" HEIGHT="15" WC="0.96" CONTENT="som"/><SP WIDTH="16" VPOS="246" HPOS="465"/>
							<String ID="string_19" HPOS="481" VPOS="241" WIDTH="7" HEIGHT="20" WC="0.96" CONTENT="i"/><SP WIDTH="16" VPOS="241" HPOS="488"/>
							<String ID="string_20" HPOS="504" VPOS="241" WIDTH="29" HEIGHT="21" WC="0.96" CONTENT="all"/><SP WIDTH="16" VPOS="241" HPOS="533"/>
							<String ID="string_21" HPOS="549" VPOS="240" WIDTH="116" HEIGHT="27" WC="0.96" CONTENT="synnerhet"/><SP WIDTH="15" VPOS="240" HPOS="665"/>
							<String ID="string_22" HPOS="680" VPOS="241" WIDTH="42" HEIGHT="21" WC="0.96" CONTENT="den"/><SP WIDTH="15" VPOS="241" HPOS="722"/>
							<String ID="string_23" HPOS="737" VPOS="241" WIDTH="69" HEIGHT="21" WC="0.96" CONTENT="andra"/><SP WIDTH="15" VPOS="241" HPOS="806"/>
							<String ID="string_24" HPOS="821" VPOS="240" WIDTH="33" HEIGHT="21" WC="0.93" CONTENT="till"/><SP WIDTH="15" VPOS="240" HPOS="854"/>
							<String ID="string_25" HPOS="869" VPOS="240" WIDTH="146" HEIGHT="22" WC="0.96" CONTENT="betänkandet"/>
						</TextLine>
						<TextLine ID="line_3" HPOS="182" VPOS="267" WIDTH="260" HEIGHT="27">
							<String ID="string_26" HPOS="182" VPOS="267" WIDTH="78" HEIGHT="27" WC="0.92" CONTENT="fogade"/><SP WIDTH="15" VPOS="267" HPOS="260"/>
							<String ID="string_27" HPOS="275" VPOS="269" WIDTH="167" HEIGHT="21" WC="0.92" CONTENT="reservationen."/>
						</TextLine>
					</TextBlock>
				</ComposedBlock>
				<ComposedBlock ID="cblock_3" HPOS="181" VPOS="324" WIDTH="838" HEIGHT="1236">
					<TextBlock ID="block_2" HPOS="181" VPOS="324" WIDTH="838" HEIGHT="1236">
						<TextLine ID="line_4" HPOS="255" VPOS="324" WIDTH="759" HEIGHT="29">
							<String ID="string_28" HPOS="255" VPOS="324" WIDTH="32" HEIGHT="21" WC="0.96" CONTENT="Hr"/><SP WIDTH="16" VPOS="324" HPOS="287"/>
							<String ID="string_29" HPOS="303" VPOS="324" WIDTH="192" HEIGHT="29" WC="0.93" CONTENT="Montgomery:"/><SP WIDTH="24" VPOS="324" HPOS="495"/>
							<String ID="string_30" HPOS="519" VPOS="326" WIDTH="75" HEIGHT="21" WC="0.90" CONTENT="Säsom"/><SP WIDTH="16" VPOS="326" HPOS="594"/>
							<String ID="string_31" HPOS="610" VPOS="325" WIDTH="93" HEIGHT="22" WC="0.93" CONTENT="förutses"/><SP WIDTH="15" VPOS="325" HPOS="703"/>
							<String ID="string_32" HPOS="718" VPOS="326" WIDTH="89" HEIGHT="26" WC="0.96" CONTENT="kunnat,"/><SP WIDTH="16" VPOS="326" HPOS="807"/>
							<String ID="string_33" HPOS="823" VPOS="326" WIDTH="40" HEIGHT="21" WC="0.96" CONTENT="har"/><SP WIDTH="15" VPOS="326" HPOS="863"/>
							<String ID="string_34" HPOS="878" VPOS="326" WIDTH="7" HEIGHT="21" WC="0.96" CONTENT="i"/><SP WIDTH="18" VPOS="326" HPOS="885"/>
							<String ID="string_35" HPOS="903" VPOS="326" WIDTH="40" HEIGHT="21" WC="0.93" CONTENT="den"/><SP WIDTH="17" VPOS="326" HPOS="943"/>
							<String ID="string_36" HPOS="960" VPOS="326" WIDTH="54" HEIGHT="21" WC="0.93" CONTENT="före-"/>
						</TextLine>
						<TextLine ID="line_5" HPOS="183" VPOS="352" WIDTH="831" HEIGHT="31">
							<String ID="string_37" HPOS="183" VPOS="352" WIDTH="101" HEIGHT="27" WC="0.92" CONTENT="liggande"/><SP WIDTH="26" VPOS="352" HPOS="284"/>
							<String ID="string_38" HPOS="310" VPOS="353" WIDTH="224" HEIGHT="29" WC="0.89" CONTENT="lagstiftningsfrägan"/><SP WIDTH="22" VPOS="353" HPOS="534"/>
							<String ID="string_39" HPOS="556" VPOS="361" WIDTH="26" HEIGHT="14" WC="0.93" CONTENT="en"/><SP WIDTH="23" VPOS="361" HPOS="582"/>
							<String ID="string_40" HPOS="605" VPOS="355" WIDTH="48" HEIGHT="21" WC="0.91" CONTENT="icke"/><SP WIDTH="22" VPOS="355" HPOS="653"/>
							<String ID="string_41" HPOS="675" VPOS="355" WIDTH="63" HEIGHT="28" WC="0.91" CONTENT="ringa"/><SP WIDTH="22" VPOS="355" HPOS="738"/>
							<String ID="string_42" HPOS="760" VPOS="354" WIDTH="254" HEIGHT="28" WC="0.91" CONTENT="meningsskiljaktighet,"/>
						</TextLine>
						<TextLine ID="line_6" HPOS="183" VPOS="381" WIDTH="832" HEIGHT="30">
							<String ID="string_43" HPOS="183" VPOS="381" WIDTH="63" HEIGHT="21" WC="0.92" CONTENT="äfven"/><SP WIDTH="16" VPOS="381" HPOS="246"/>
							<String ID="string_44" HPOS="262" VPOS="381" WIDTH="6" HEIGHT="21" WC="0.93" CONTENT="i"/><SP WIDTH="16" VPOS="381" HPOS="268"/>
							<String ID="string_45" HPOS="284" VPOS="382" WIDTH="127" HEIGHT="28" WC="0.93" CONTENT="principiela"/><SP WIDTH="15" VPOS="382" HPOS="411"/>
							<String ID="string_46" HPOS="426" VPOS="383" WIDTH="59" HEIGHT="22" WC="0.93" CONTENT="delar"/><SP WIDTH="15" VPOS="383" HPOS="485"/>
							<String ID="string_47" HPOS="500" VPOS="383" WIDTH="116" HEIGHT="22" WC="0.92" CONTENT="framträdt"/><SP WIDTH="14" VPOS="383" HPOS="616"/>
							<String ID="string_48" HPOS="630" VPOS="383" WIDTH="58" HEIGHT="22" WC="0.93" CONTENT="inom"/><SP WIDTH="16" VPOS="383" HPOS="688"/>
							<String ID="string_49" HPOS="704" VPOS="384" WIDTH="160" HEIGHT="27" WC="0.92" CONTENT="Lagutskottet."/><SP WIDTH="23" VPOS="384" HPOS="864"/>
							<String ID="string_50" HPOS="887" VPOS="383" WIDTH="128" HEIGHT="28" WC="0.92" CONTENT="Längtifrän"/>
						</TextLine>
						<TextLine ID="line_7" HPOS="183" VPOS="410" WIDTH="832" HEIGHT="30">
							<String ID="string_51" HPOS="183" VPOS="411" WIDTH="33" HEIGHT="20" WC="0.93" CONTENT="att"/><SP WIDTH="21" VPOS="411" HPOS="216"/>
							<String ID="string_52" HPOS="237" VPOS="410" WIDTH="101" HEIGHT="23" WC="0.92" CONTENT="häröfver"/><SP WIDTH="23" VPOS="410" HPOS="338"/>
							<String ID="string_53" HPOS="361" VPOS="411" WIDTH="88" HEIGHT="22" WC="0.96" CONTENT="förvåna"/><SP WIDTH="22" VPOS="411" HPOS="449"/>
							<String ID="string_54" HPOS="471" VPOS="412" WIDTH="45" HEIGHT="28" WC="0.95" CONTENT="mig"/><SP WIDTH="22" VPOS="412" HPOS="516"/>
							<String ID="string_55" HPOS="538" VPOS="412" WIDTH="53" HEIGHT="21" WC="0.93" CONTENT="eller"/><SP WIDTH="15" VPOS="412" HPOS="591"/>
							<String ID="string_56" HPOS="606" VPOS="412" WIDTH="130" HEIGHT="28" WC="0.92" CONTENT="indigneras,"/><SP WIDTH="16" VPOS="412" HPOS="736"/>
							<String ID="string_57" HPOS="752" VPOS="412" WIDTH="69" HEIGHT="21" WC="0.96" CONTENT="finner"/><SP WIDTH="12" VPOS="412" HPOS="821"/>
							<String ID="string_58" HPOS="833" VPOS="413" WIDTH="38" HEIGHT="27" WC="0.96" CONTENT="jag"/><SP WIDTH="16" VPOS="413" HPOS="871"/>
							<String ID="string_59" HPOS="887" VPOS="413" WIDTH="69" HEIGHT="20" WC="0.93" CONTENT="denna"/><SP WIDTH="14" VPOS="413" HPOS="956"/>
							<String ID="string_60" HPOS="970" VPOS="418" WIDTH="45" HEIGHT="15" WC="0.86" CONTENT="me-"/>
						</TextLine>
						<TextLine ID="line_8" HPOS="183" VPOS="439" WIDTH="832" HEIGHT="30">
							<String ID="string_61" HPOS="183" VPOS="439" WIDTH="213" HEIGHT="29" WC="0.91" CONTENT="ningsskiljaktighet"/><SP WIDTH="14" VPOS="439" HPOS="396"/>
							<String ID="string_62" HPOS="410" VPOS="441" WIDTH="85" HEIGHT="27" WC="0.93" CONTENT="mycket"/><SP WIDTH="14" VPOS="441" HPOS="495"/>
							<String ID="string_63" HPOS="509" VPOS="441" WIDTH="124" HEIGHT="28" WC="0.93" CONTENT="förklarlig;"/><SP WIDTH="15" VPOS="441" HPOS="633"/>
							<String ID="string_64" HPOS="648" VPOS="443" WIDTH="15" HEIGHT="20" WC="0.92" CONTENT="t."/><SP WIDTH="17" VPOS="443" HPOS="663"/>
							<String ID="string_65" HPOS="680" VPOS="447" WIDTH="18" HEIGHT="16" WC="0.92" CONTENT="o."/><SP WIDTH="17" VPOS="447" HPOS="698"/>
							<String ID="string_66" HPOS="715" VPOS="448" WIDTH="27" HEIGHT="15" WC="0.95" CONTENT="m."/><SP WIDTH="18" VPOS="448" HPOS="742"/>
							<String ID="string_67" HPOS="760" VPOS="441" WIDTH="55" HEIGHT="22" WC="0.96" CONTENT="hade"/><SP WIDTH="13" VPOS="441" HPOS="815"/>
							<String ID="string_68" HPOS="828" VPOS="441" WIDTH="39" HEIGHT="28" WC="0.93" CONTENT="jag"/><SP WIDTH="10" VPOS="441" HPOS="867"/>
							<String ID="string_69" HPOS="877" VPOS="441" WIDTH="70" HEIGHT="22" WC="0.92" CONTENT="funnit"/><SP WIDTH="10" VPOS="441" HPOS="947"/>
							<String ID="string_70" HPOS="957" VPOS="441" WIDTH="58" HEIGHT="21" WC="0.91" CONTENT="frän-"/>
						</TextLine>
						<TextLine ID="line_9" HPOS="183" VPOS="469" WIDTH="832" HEIGHT="28">
							<String ID="string_71" HPOS="183" VPOS="474" WIDTH="66" HEIGHT="15" WC="0.92" CONTENT="varon"/><SP WIDTH="24" VPOS="474" HPOS="249"/>
							<String ID="string_72" HPOS="273" VPOS="469" WIDTH="62" HEIGHT="21" WC="0.92" CONTENT="deraf"/><SP WIDTH="19" VPOS="469" HPOS="335"/>
							<String ID="string_73" HPOS="354" VPOS="476" WIDTH="60" HEIGHT="15" WC="0.93" CONTENT="mera"/><SP WIDTH="21" VPOS="476" HPOS="414"/>
							<String ID="string_74" HPOS="435" VPOS="469" WIDTH="134" HEIGHT="28" WC="0.92" CONTENT="oförklarlig,"/><SP WIDTH="24" VPOS="469" HPOS="569"/>
							<String ID="string_75" HPOS="593" VPOS="470" WIDTH="40" HEIGHT="21" WC="0.93" CONTENT="och"/><SP WIDTH="22" VPOS="470" HPOS="633"/>
							<String ID="string_76" HPOS="655" VPOS="470" WIDTH="70" HEIGHT="21" WC="0.92" CONTENT="mäste"/><SP WIDTH="20" VPOS="470" HPOS="725"/>
							<String ID="string_77" HPOS="745" VPOS="470" WIDTH="38" HEIGHT="27" WC="0.96" CONTENT="jag"/><SP WIDTH="24" VPOS="470" HPOS="783"/>
							<String ID="string_78" HPOS="807" VPOS="469" WIDTH="33" HEIGHT="22" WC="0.96" CONTENT="för"/><SP WIDTH="14" VPOS="469" HPOS="840"/>
							<String ID="string_79" HPOS="854" VPOS="470" WIDTH="44" HEIGHT="21" WC="0.96" CONTENT="min"/><SP WIDTH="16" VPOS="470" HPOS="898"/>
							<String ID="string_80" HPOS="914" VPOS="470" WIDTH="35" HEIGHT="21" WC="0.93" CONTENT="del"/><SP WIDTH="15" VPOS="470" HPOS="949"/>
							<String ID="string_81" HPOS="964" VPOS="470" WIDTH="51" HEIGHT="21" WC="0.92" CONTENT="akta"/>
						</TextLine>
						<TextLine ID="line_10" HPOS="184" VPOS="497" WIDTH="831" HEIGHT="29">
							<String ID="string_82" HPOS="184" VPOS="497" WIDTH="40" HEIGHT="20" WC="0.93" CONTENT="den"/><SP WIDTH="17" VPOS="497" HPOS="224"/>
							<String ID="string_83" HPOS="241" VPOS="497" WIDTH="168" HEIGHT="29" WC="0.90" CONTENT="ständaktighet,"/><SP WIDTH="16" VPOS="497" HPOS="409"/>
							<String ID="string_84" HPOS="425" VPOS="499" WIDTH="49" HEIGHT="21" WC="0.93" CONTENT="med"/><SP WIDTH="15" VPOS="499" HPOS="474"/>
							<String ID="string_85" HPOS="489" VPOS="499" WIDTH="88" HEIGHT="21" WC="0.92" CONTENT="hvilken"/><SP WIDTH="15" VPOS="499" HPOS="577"/>
							<String ID="string_86" HPOS="592" VPOS="505" WIDTH="56" HEIGHT="20" WC="0.96" CONTENT="man,"/><SP WIDTH="16" VPOS="505" HPOS="648"/>
							<String ID="string_87" HPOS="664" VPOS="501" WIDTH="52" HEIGHT="19" WC="0.96" CONTENT="utan"/><SP WIDTH="16" VPOS="501" HPOS="716"/>
							<String ID="string_88" HPOS="732" VPOS="500" WIDTH="33" HEIGHT="20" WC="0.96" CONTENT="att"/><SP WIDTH="15" VPOS="500" HPOS="765"/>
							<String ID="string_89" HPOS="780" VPOS="499" WIDTH="51" HEIGHT="21" WC="0.96" CONTENT="vika"/><SP WIDTH="15" VPOS="499" HPOS="831"/>
							<String ID="string_90" HPOS="846" VPOS="499" WIDTH="34" HEIGHT="21" WC="0.93" CONTENT="för"/><SP WIDTH="15" VPOS="499" HPOS="880"/>
							<String ID="string_91" HPOS="895" VPOS="498" WIDTH="120" HEIGHT="28" WC="0.93" CONTENT="inflytelsen"/>
						</TextLine>
						<TextLine ID="line_11" HPOS="183" VPOS="525" WIDTH="834" HEIGHT="30">
							<String ID="string_92" HPOS="183" VPOS="525" WIDTH="24" HEIGHT="21" WC="0.96" CONTENT="af"/><SP WIDTH="21" VPOS="525" HPOS="207"/>
							<String ID="string_93" HPOS="228" VPOS="525" WIDTH="41" HEIGHT="22" WC="0.95" CONTENT="den"/><SP WIDTH="24" VPOS="525" HPOS="269"/>
							<String ID="string_94" HPOS="293" VPOS="527" WIDTH="74" HEIGHT="21" WC="0.92" CONTENT="starka"/><SP WIDTH="22" VPOS="527" HPOS="367"/>
							<String ID="string_95" HPOS="389" VPOS="527" WIDTH="217" HEIGHT="28" WC="0.92" CONTENT="opinionsströmmen"/><SP WIDTH="20" VPOS="527" HPOS="606"/>
							<String ID="string_96" HPOS="626" VPOS="527" WIDTH="7" HEIGHT="22" WC="0.92" CONTENT="i"/><SP WIDTH="15" VPOS="527" HPOS="633"/>
							<String ID="string_97" HPOS="648" VPOS="529" WIDTH="73" HEIGHT="20" WC="0.96" CONTENT="ämnet"/><SP WIDTH="15" VPOS="529" HPOS="721"/>
							<String ID="string_98" HPOS="736" VPOS="528" WIDTH="59" HEIGHT="21" WC="0.93" CONTENT="inom"/><SP WIDTH="15" VPOS="528" HPOS="795"/>
							<String ID="string_99" HPOS="810" VPOS="527" WIDTH="52" HEIGHT="22" WC="0.93" CONTENT="flere"/><SP WIDTH="15" VPOS="527" HPOS="862"/>
							<String ID="string_100" HPOS="877" VPOS="527" WIDTH="140" HEIGHT="28" WC="0.63" CONTENT="tongifvande"/>
						</TextLine>
						<TextLine ID="line_12" HPOS="183" VPOS="554" WIDTH="832" HEIGHT="30">
							<String ID="string_101" HPOS="183" VPOS="554" WIDTH="93" HEIGHT="27" WC="0.93" CONTENT="kretsar,"/><SP WIDTH="17" VPOS="554" HPOS="276"/>
							<String ID="string_102" HPOS="293" VPOS="555" WIDTH="61" HEIGHT="28" WC="0.92" CONTENT="lugnt"/><SP WIDTH="15" VPOS="555" HPOS="354"/>
							<String ID="string_103" HPOS="369" VPOS="556" WIDTH="106" HEIGHT="21" WC="0.91" CONTENT="vidhäller"/><SP WIDTH="15" VPOS="556" HPOS="475"/>
							<String ID="string_104" HPOS="490" VPOS="557" WIDTH="33" HEIGHT="21" WC="0.93" CONTENT="sin"/><SP WIDTH="15" VPOS="557" HPOS="523"/>
							<String ID="string_105" HPOS="538" VPOS="556" WIDTH="149" HEIGHT="28" WC="0.89" CONTENT="öfvertygelse."/><SP WIDTH="32" VPOS="556" HPOS="687"/>
							<String ID="string_106" HPOS="719" VPOS="557" WIDTH="34" HEIGHT="21" WC="0.89" CONTENT="Dä"/><SP WIDTH="15" VPOS="557" HPOS="753"/>
							<String ID="string_107" HPOS="768" VPOS="557" WIDTH="37" HEIGHT="20" WC="0.94" CONTENT="det"/><SP WIDTH="15" VPOS="557" HPOS="805"/>
							<String ID="string_108" HPOS="820" VPOS="558" WIDTH="44" HEIGHT="20" WC="0.96" CONTENT="sätt"/><SP WIDTH="15" VPOS="558" HPOS="864"/>
							<String ID="string_109" HPOS="879" VPOS="556" WIDTH="34" HEIGHT="21" WC="0.93" CONTENT="för"/><SP WIDTH="15" VPOS="556" HPOS="913"/>
							<String ID="string_110" HPOS="928" VPOS="556" WIDTH="87" HEIGHT="28" WC="0.93" CONTENT="frägans"/>
						</TextLine>
						<TextLine ID="line_13" HPOS="183" VPOS="583" WIDTH="833" HEIGHT="30">
							<String ID="string_111" HPOS="183" VPOS="583" WIDTH="91" HEIGHT="28" WC="0.95" CONTENT="lösning,"/><SP WIDTH="17" VPOS="583" HPOS="274"/>
							<String ID="string_112" HPOS="291" VPOS="590" WIDTH="46" HEIGHT="15" WC="0.96" CONTENT="som"/><SP WIDTH="15" VPOS="590" HPOS="337"/>
							<String ID="string_113" HPOS="352" VPOS="585" WIDTH="41" HEIGHT="21" WC="0.93" CONTENT="den"/><SP WIDTH="15" VPOS="585" HPOS="393"/>
							<String ID="string_114" HPOS="408" VPOS="585" WIDTH="48" HEIGHT="22" WC="0.93" CONTENT="näd."/><SP WIDTH="16" VPOS="585" HPOS="456"/>
							<String ID="string_115" HPOS="472" VPOS="591" WIDTH="60" HEIGHT="22" WC="0.91" CONTENT="prop."/><SP WIDTH="16" VPOS="591" HPOS="532"/>
							<String ID="string_116" HPOS="548" VPOS="585" WIDTH="126" HEIGHT="26" WC="0.91" CONTENT="innehäller,"/><SP WIDTH="17" VPOS="585" HPOS="674"/>
							<String ID="string_117" HPOS="691" VPOS="585" WIDTH="7" HEIGHT="21" WC="0.96" CONTENT="i"/><SP WIDTH="16" VPOS="585" HPOS="698"/>
							<String ID="string_118" HPOS="714" VPOS="587" WIDTH="32" HEIGHT="20" WC="0.96" CONTENT="ett"/><SP WIDTH="15" VPOS="587" HPOS="746"/>
							<String ID="string_119" HPOS="761" VPOS="591" WIDTH="39" HEIGHT="22" WC="0.96" CONTENT="par"/><SP WIDTH="15" VPOS="591" HPOS="800"/>
							<String ID="string_120" HPOS="815" VPOS="585" WIDTH="99" HEIGHT="27" WC="0.96" CONTENT="punkter,"/><SP WIDTH="12" VPOS="585" HPOS="914"/>
							<String ID="string_121" HPOS="926" VPOS="585" WIDTH="31" HEIGHT="21" WC="0.95" CONTENT="lät"/><SP WIDTH="6" VPOS="585" HPOS="957"/>
							<String ID="string_122" HPOS="963" VPOS="591" WIDTH="53" HEIGHT="16" WC="0.96" CONTENT="vara"/>
						</TextLine>
						<TextLine ID="line_14" HPOS="183" VPOS="613" WIDTH="833" HEIGHT="28">
							<String ID="string_123" HPOS="183" VPOS="618" WIDTH="60" HEIGHT="15" WC="0.92" CONTENT="mera"/><SP WIDTH="22" VPOS="618" HPOS="243"/>
							<String ID="string_124" HPOS="265" VPOS="613" WIDTH="103" HEIGHT="22" WC="0.92" CONTENT="skenbart"/><SP WIDTH="22" VPOS="613" HPOS="368"/>
							<String ID="string_125" HPOS="390" VPOS="616" WIDTH="27" HEIGHT="19" WC="0.93" CONTENT="än"/><SP WIDTH="15" VPOS="616" HPOS="417"/>
							<String ID="string_126" HPOS="432" VPOS="614" WIDTH="99" HEIGHT="27" WC="0.92" CONTENT="verkligt,"/><SP WIDTH="16" VPOS="614" HPOS="531"/>
							<String ID="string_127" HPOS="547" VPOS="613" WIDTH="85" HEIGHT="22" WC="0.91" CONTENT="afviker"/><SP WIDTH="15" VPOS="613" HPOS="632"/>
							<String ID="string_128" HPOS="647" VPOS="614" WIDTH="47" HEIGHT="21" WC="0.91" CONTENT="frän"/><SP WIDTH="16" VPOS="614" HPOS="694"/>
							<String ID="string_129" HPOS="710" VPOS="614" WIDTH="42" HEIGHT="21" WC="0.96" CONTENT="den"/><SP WIDTH="15" VPOS="614" HPOS="752"/>
							<String ID="string_130" HPOS="767" VPOS="614" WIDTH="144" HEIGHT="27" WC="0.93" CONTENT="uppfattning,"/><SP WIDTH="17" VPOS="614" HPOS="911"/>
							<String ID="string_131" HPOS="928" VPOS="613" WIDTH="88" HEIGHT="22" WC="0.93" CONTENT="hvilken"/>
						</TextLine>
						<TextLine ID="line_15" HPOS="181" VPOS="641" WIDTH="835" HEIGHT="29">
							<String ID="string_132" HPOS="181" VPOS="641" WIDTH="38" HEIGHT="27" WC="0.95" CONTENT="jag"/><SP WIDTH="21" VPOS="641" HPOS="219"/>
							<String ID="string_133" HPOS="240" VPOS="641" WIDTH="56" HEIGHT="21" WC="0.93" CONTENT="hade"/><SP WIDTH="22" VPOS="641" HPOS="296"/>
							<String ID="string_134" HPOS="318" VPOS="644" WIDTH="53" HEIGHT="19" WC="0.92" CONTENT="äran"/><SP WIDTH="19" VPOS="644" HPOS="371"/>
							<String ID="string_135" HPOS="390" VPOS="642" WIDTH="33" HEIGHT="22" WC="0.96" CONTENT="för"/><SP WIDTH="22" VPOS="642" HPOS="423"/>
							<String ID="string_136" HPOS="445" VPOS="645" WIDTH="33" HEIGHT="19" WC="0.96" CONTENT="tre"/><SP WIDTH="15" VPOS="645" HPOS="478"/>
							<String ID="string_137" HPOS="493" VPOS="643" WIDTH="25" HEIGHT="21" WC="0.96" CONTENT="är"/><SP WIDTH="15" VPOS="643" HPOS="518"/>
							<String ID="string_138" HPOS="533" VPOS="643" WIDTH="66" HEIGHT="21" WC="0.96" CONTENT="sedan"/><SP WIDTH="15" VPOS="643" HPOS="599"/>
							<String ID="string_139" HPOS="614" VPOS="643" WIDTH="34" HEIGHT="21" WC="0.93" CONTENT="för"/><SP WIDTH="15" VPOS="643" HPOS="648"/>
							<String ID="string_140" HPOS="663" VPOS="643" WIDTH="84" HEIGHT="21" WC="0.93" CONTENT="landets"/><SP WIDTH="16" VPOS="643" HPOS="747"/>
							<String ID="string_141" HPOS="763" VPOS="643" WIDTH="88" HEIGHT="21" WC="0.92" CONTENT="ständer"/><SP WIDTH="14" VPOS="643" HPOS="851"/>
							<String ID="string_142" HPOS="865" VPOS="643" WIDTH="94" HEIGHT="27" WC="0.92" CONTENT="utlägga,"/><SP WIDTH="16" VPOS="643" HPOS="959"/>
							<String ID="string_143" HPOS="975" VPOS="643" WIDTH="41" HEIGHT="21" WC="0.97" CONTENT="och"/>
						</TextLine>
						<TextLine ID="line_16" HPOS="181" VPOS="669" WIDTH="835" HEIGHT="30">
							<String ID="string_144" HPOS="181" VPOS="669" WIDTH="38" HEIGHT="27" WC="0.91" CONTENT="jag"/><SP WIDTH="22" VPOS="669" HPOS="219"/>
							<String ID="string_145" HPOS="241" VPOS="669" WIDTH="67" HEIGHT="22" WC="0.91" CONTENT="likväl"/><SP WIDTH="22" VPOS="669" HPOS="308"/>
							<String ID="string_146" HPOS="330" VPOS="670" WIDTH="95" HEIGHT="29" WC="0.91" CONTENT="bidragit"/><SP WIDTH="22" VPOS="670" HPOS="425"/>
							<String ID="string_147" HPOS="447" VPOS="672" WIDTH="34" HEIGHT="20" WC="0.93" CONTENT="till"/><SP WIDTH="14" VPOS="672" HPOS="481"/>
							<String ID="string_148" HPOS="495" VPOS="671" WIDTH="258" HEIGHT="27" WC="0.92" CONTENT="propositionsförslaget,"/><SP WIDTH="17" VPOS="671" HPOS="753"/>
							<String ID="string_149" HPOS="770" VPOS="673" WIDTH="51" HEIGHT="19" WC="0.97" CONTENT="utan"/><SP WIDTH="16" VPOS="673" HPOS="821"/>
							<String ID="string_150" HPOS="837" VPOS="672" WIDTH="33" HEIGHT="20" WC="0.96" CONTENT="att"/><SP WIDTH="15" VPOS="672" HPOS="870"/>
							<String ID="string_151" HPOS="885" VPOS="671" WIDTH="7" HEIGHT="21" WC="0.96" CONTENT="i"/><SP WIDTH="15" VPOS="671" HPOS="892"/>
							<String ID="string_152" HPOS="907" VPOS="672" WIDTH="66" HEIGHT="20" WC="0.96" CONTENT="annat"/><SP WIDTH="15" VPOS="672" HPOS="973"/>
							<String ID="string_153" HPOS="988" VPOS="672" WIDTH="28" HEIGHT="20" WC="0.97" CONTENT="än"/>
						</TextLine>
						<TextLine ID="line_17" HPOS="184" VPOS="698" WIDTH="832" HEIGHT="29">
							<String ID="string_154" HPOS="184" VPOS="704" WIDTH="26" HEIGHT="14" WC="0.92" CONTENT="en"/><SP WIDTH="20" VPOS="704" HPOS="210"/>
							<String ID="string_155" HPOS="230" VPOS="698" WIDTH="158" HEIGHT="26" WC="0.92" CONTENT="jemförelsevis"/><SP WIDTH="22" VPOS="698" HPOS="388"/>
							<String ID="string_156" HPOS="410" VPOS="700" WIDTH="83" HEIGHT="21" WC="0.93" CONTENT="mindre"/><SP WIDTH="22" VPOS="700" HPOS="493"/>
							<String ID="string_157" HPOS="515" VPOS="700" WIDTH="69" HEIGHT="27" WC="0.92" CONTENT="vigtig"/><SP WIDTH="23" VPOS="700" HPOS="584"/>
							<String ID="string_158" HPOS="607" VPOS="700" WIDTH="65" HEIGHT="27" WC="0.92" CONTENT="detalj"/><SP WIDTH="24" VPOS="700" HPOS="672"/>
							<String ID="string_159" HPOS="696" VPOS="700" WIDTH="96" HEIGHT="21" WC="0.92" CONTENT="derifrän"/><SP WIDTH="16" VPOS="700" HPOS="792"/>
							<String ID="string_160" HPOS="808" VPOS="700" WIDTH="79" HEIGHT="26" WC="0.92" CONTENT="afvika,"/><SP WIDTH="16" VPOS="700" HPOS="887"/>
							<String ID="string_161" HPOS="903" VPOS="706" WIDTH="62" HEIGHT="15" WC="0.96" CONTENT="anser"/><SP WIDTH="12" VPOS="706" HPOS="965"/>
							<String ID="string_162" HPOS="977" VPOS="700" WIDTH="39" HEIGHT="27" WC="0.96" CONTENT="jag"/>
						</TextLine>
						<TextLine ID="line_18" HPOS="183" VPOS="727" WIDTH="833" HEIGHT="29">
							<String ID="string_163" HPOS="183" VPOS="727" WIDTH="45" HEIGHT="27" WC="0.93" CONTENT="mig"/><SP WIDTH="22" VPOS="727" HPOS="228"/>
							<String ID="string_164" HPOS="250" VPOS="728" WIDTH="86" HEIGHT="27" WC="0.92" CONTENT="skyldig"/><SP WIDTH="20" VPOS="728" HPOS="336"/>
							<String ID="string_165" HPOS="356" VPOS="734" WIDTH="26" HEIGHT="16" WC="0.93" CONTENT="en"/><SP WIDTH="16" VPOS="734" HPOS="382"/>
							<String ID="string_166" HPOS="398" VPOS="728" WIDTH="119" HEIGHT="28" WC="0.92" CONTENT="förklaring"/><SP WIDTH="15" VPOS="728" HPOS="517"/>
							<String ID="string_167" HPOS="532" VPOS="728" WIDTH="60" HEIGHT="22" WC="0.93" CONTENT="öfver"/><SP WIDTH="16" VPOS="728" HPOS="592"/>
							<String ID="string_168" HPOS="608" VPOS="729" WIDTH="80" HEIGHT="27" WC="0.92" CONTENT="skälen,"/><SP WIDTH="16" VPOS="729" HPOS="688"/>
							<String ID="string_169" HPOS="704" VPOS="728" WIDTH="89" HEIGHT="22" WC="0.92" CONTENT="hvarför"/><SP WIDTH="12" VPOS="728" HPOS="793"/>
							<String ID="string_170" HPOS="805" VPOS="729" WIDTH="38" HEIGHT="27" WC="0.96" CONTENT="jag"/><SP WIDTH="15" VPOS="729" HPOS="843"/>
							<String ID="string_171" HPOS="858" VPOS="729" WIDTH="7" HEIGHT="20" WC="0.93" CONTENT="i"/><SP WIDTH="15" VPOS="729" HPOS="865"/>
							<String ID="string_172" HPOS="880" VPOS="728" WIDTH="70" HEIGHT="28" WC="0.92" CONTENT="nägon"/><SP WIDTH="15" VPOS="728" HPOS="950"/>
							<String ID="string_173" HPOS="965" VPOS="728" WIDTH="51" HEIGHT="21" WC="0.96" CONTENT="män"/>
						</TextLine>
						<TextLine ID="line_19" HPOS="184" VPOS="755" WIDTH="833" HEIGHT="30">
							<String ID="string_174" HPOS="184" VPOS="755" WIDTH="122" HEIGHT="23" WC="0.92" CONTENT="modifierat"/><SP WIDTH="15" VPOS="755" HPOS="306"/>
							<String ID="string_175" HPOS="321" VPOS="757" WIDTH="45" HEIGHT="21" WC="0.96" CONTENT="min"/><SP WIDTH="15" VPOS="757" HPOS="366"/>
							<String ID="string_176" HPOS="381" VPOS="757" WIDTH="92" HEIGHT="28" WC="0.93" CONTENT="tidigare"/><SP WIDTH="16" VPOS="757" HPOS="473"/>
							<String ID="string_177" HPOS="489" VPOS="758" WIDTH="132" HEIGHT="26" WC="0.92" CONTENT="ständpunkt"/><SP WIDTH="15" VPOS="758" HPOS="621"/>
							<String ID="string_178" HPOS="636" VPOS="758" WIDTH="7" HEIGHT="20" WC="0.93" CONTENT="i"/><SP WIDTH="11" VPOS="758" HPOS="643"/>
							<String ID="string_179" HPOS="654" VPOS="760" WIDTH="80" HEIGHT="19" WC="0.92" CONTENT="ämnet."/><SP WIDTH="23" VPOS="760" HPOS="734"/>
							<String ID="string_180" HPOS="757" VPOS="758" WIDTH="34" HEIGHT="20" WC="0.92" CONTENT="Dä"/><SP WIDTH="8" VPOS="758" HPOS="791"/>
							<String ID="string_181" HPOS="799" VPOS="758" WIDTH="38" HEIGHT="27" WC="0.96" CONTENT="jag"/><SP WIDTH="10" VPOS="758" HPOS="837"/>
							<String ID="string_182" HPOS="847" VPOS="759" WIDTH="72" HEIGHT="20" WC="0.93" CONTENT="senast"/><SP WIDTH="10" VPOS="759" HPOS="919"/>
							<String ID="string_183" HPOS="929" VPOS="757" WIDTH="88" HEIGHT="27" WC="0.93" CONTENT="yttrade"/>
						</TextLine>
						<TextLine ID="line_20" HPOS="184" VPOS="784" WIDTH="831" HEIGHT="30">
							<String ID="string_184" HPOS="184" VPOS="784" WIDTH="44" HEIGHT="27" WC="0.96" CONTENT="mig"/><SP WIDTH="16" VPOS="784" HPOS="228"/>
							<String ID="string_185" HPOS="244" VPOS="784" WIDTH="7" HEIGHT="21" WC="0.93" CONTENT="i"/><SP WIDTH="17" VPOS="784" HPOS="251"/>
							<String ID="string_186" HPOS="268" VPOS="784" WIDTH="82" HEIGHT="28" WC="0.95" CONTENT="frågan,"/><SP WIDTH="17" VPOS="784" HPOS="350"/>
							<String ID="string_187" HPOS="367" VPOS="785" WIDTH="101" HEIGHT="23" WC="0.89" CONTENT="framhöll"/><SP WIDTH="13" VPOS="785" HPOS="468"/>
							<String ID="string_188" HPOS="481" VPOS="786" WIDTH="44" HEIGHT="28" WC="0.96" CONTENT="jag,"/><SP WIDTH="16" VPOS="786" HPOS="525"/>
							<String ID="string_189" HPOS="541" VPOS="788" WIDTH="33" HEIGHT="20" WC="0.93" CONTENT="att"/><SP WIDTH="10" VPOS="788" HPOS="574"/>
							<String ID="string_190" HPOS="584" VPOS="786" WIDTH="76" HEIGHT="28" WC="0.96" CONTENT="sjelfva"/><SP WIDTH="11" VPOS="786" HPOS="660"/>
							<String ID="string_191" HPOS="671" VPOS="786" WIDTH="41" HEIGHT="22" WC="0.93" CONTENT="den"/><SP WIDTH="11" VPOS="786" HPOS="712"/>
							<String ID="string_192" HPOS="723" VPOS="786" WIDTH="149" HEIGHT="28" WC="0.92" CONTENT="lagbestämda"/><SP WIDTH="9" VPOS="786" HPOS="872"/>
							<String ID="string_193" HPOS="881" VPOS="785" WIDTH="134" HEIGHT="29" WC="0.90" CONTENT="giftorätten,"/>
						</TextLine>
						<TextLine ID="line_21" HPOS="184" VPOS="813" WIDTH="832" HEIGHT="30">
							<String ID="string_194" HPOS="184" VPOS="813" WIDTH="69" HEIGHT="27" WC="0.96" CONTENT="enligt"/><SP WIDTH="14" VPOS="813" HPOS="253"/>
							<String ID="string_195" HPOS="267" VPOS="814" WIDTH="44" HEIGHT="20" WC="0.97" CONTENT="min"/><SP WIDTH="15" VPOS="814" HPOS="311"/>
							<String ID="string_196" HPOS="326" VPOS="814" WIDTH="72" HEIGHT="27" WC="0.93" CONTENT="tanke,"/><SP WIDTH="17" VPOS="814" HPOS="398"/>
							<String ID="string_197" HPOS="415" VPOS="815" WIDTH="47" HEIGHT="22" WC="0.93" CONTENT="icke"/><SP WIDTH="15" VPOS="815" HPOS="462"/>
							<String ID="string_198" HPOS="477" VPOS="815" WIDTH="66" HEIGHT="21" WC="0.97" CONTENT="borde"/><SP WIDTH="16" VPOS="815" HPOS="543"/>
							<String ID="string_199" HPOS="559" VPOS="821" WIDTH="76" HEIGHT="21" WC="0.96" CONTENT="genom"/><SP WIDTH="16" VPOS="821" HPOS="635"/>
							<String ID="string_200" HPOS="651" VPOS="816" WIDTH="36" HEIGHT="27" WC="0.93" CONTENT="lag"/><SP WIDTH="16" VPOS="816" HPOS="687"/>
							<String ID="string_201" HPOS="703" VPOS="815" WIDTH="120" HEIGHT="27" WC="0.93" CONTENT="förändras;"/><SP WIDTH="18" VPOS="815" HPOS="823"/>
							<String ID="string_202" HPOS="841" VPOS="816" WIDTH="31" HEIGHT="20" WC="0.96" CONTENT="att"/><SP WIDTH="16" VPOS="816" HPOS="872"/>
							<String ID="string_203" HPOS="888" VPOS="814" WIDTH="41" HEIGHT="22" WC="0.96" CONTENT="den"/><SP WIDTH="15" VPOS="814" HPOS="929"/>
							<String ID="string_204" HPOS="944" VPOS="814" WIDTH="72" HEIGHT="22" WC="0.96" CONTENT="bättre"/>
						</TextLine>
						<TextLine ID="line_22" HPOS="184" VPOS="842" WIDTH="832" HEIGHT="29">
							<String ID="string_205" HPOS="184" VPOS="843" WIDTH="27" HEIGHT="19" WC="0.91" CONTENT="än"/><SP WIDTH="22" VPOS="843" HPOS="211"/>
							<String ID="string_206" HPOS="233" VPOS="842" WIDTH="71" HEIGHT="28" WC="0.91" CONTENT="nägon"/><SP WIDTH="20" VPOS="842" HPOS="304"/>
							<String ID="string_207" HPOS="324" VPOS="849" WIDTH="70" HEIGHT="15" WC="0.93" CONTENT="annan"/><SP WIDTH="16" VPOS="849" HPOS="394"/>
							<String ID="string_208" HPOS="410" VPOS="844" WIDTH="119" HEIGHT="27" WC="0.91" CONTENT="anordning"/><SP WIDTH="15" VPOS="844" HPOS="529"/>
							<String ID="string_209" HPOS="544" VPOS="846" WIDTH="72" HEIGHT="25" WC="0.92" CONTENT="syntes"/><SP WIDTH="15" VPOS="846" HPOS="616"/>
							<String ID="string_210" HPOS="631" VPOS="844" WIDTH="45" HEIGHT="27" WC="0.96" CONTENT="mig"/><SP WIDTH="14" VPOS="844" HPOS="676"/>
							<String ID="string_211" HPOS="690" VPOS="846" WIDTH="110" HEIGHT="19" WC="0.93" CONTENT="motsvara"/><SP WIDTH="15" VPOS="846" HPOS="800"/>
							<String ID="string_212" HPOS="815" VPOS="843" WIDTH="146" HEIGHT="22" WC="0.89" CONTENT="rättskänslan"/><SP WIDTH="14" VPOS="843" HPOS="961"/>
							<String ID="string_213" HPOS="975" VPOS="843" WIDTH="41" HEIGHT="21" WC="0.97" CONTENT="och"/>
						</TextLine>
						<TextLine ID="line_23" HPOS="184" VPOS="871" WIDTH="832" HEIGHT="30">
							<String ID="string_214" HPOS="184" VPOS="871" WIDTH="207" HEIGHT="22" WC="0.91" CONTENT="rättsmedvetandet"/><SP WIDTH="15" VPOS="871" HPOS="391"/>
							<String ID="string_215" HPOS="406" VPOS="873" WIDTH="39" HEIGHT="21" WC="0.93" CONTENT="hos"/><SP WIDTH="16" VPOS="873" HPOS="445"/>
							<String ID="string_216" HPOS="461" VPOS="873" WIDTH="46" HEIGHT="21" WC="0.93" CONTENT="värt"/><SP WIDTH="16" VPOS="873" HPOS="507"/>
							<String ID="string_217" HPOS="523" VPOS="873" WIDTH="45" HEIGHT="21" WC="0.97" CONTENT="folk"/><SP WIDTH="16" VPOS="873" HPOS="568"/>
							<String ID="string_218" HPOS="584" VPOS="873" WIDTH="40" HEIGHT="22" WC="0.97" CONTENT="och"/><SP WIDTH="14" VPOS="873" HPOS="624"/>
							<String ID="string_219" HPOS="638" VPOS="875" WIDTH="34" HEIGHT="19" WC="0.96" CONTENT="att"/><SP WIDTH="12" VPOS="875" HPOS="672"/>
							<String ID="string_220" HPOS="684" VPOS="873" WIDTH="38" HEIGHT="28" WC="0.97" CONTENT="jag"/><SP WIDTH="15" VPOS="873" HPOS="722"/>
							<String ID="string_221" HPOS="737" VPOS="873" WIDTH="34" HEIGHT="21" WC="0.96" CONTENT="för"/><SP WIDTH="15" VPOS="873" HPOS="771"/>
							<String ID="string_222" HPOS="786" VPOS="873" WIDTH="45" HEIGHT="21" WC="0.96" CONTENT="min"/><SP WIDTH="15" VPOS="873" HPOS="831"/>
							<String ID="string_223" HPOS="846" VPOS="873" WIDTH="35" HEIGHT="20" WC="0.93" CONTENT="del"/><SP WIDTH="10" VPOS="873" HPOS="881"/>
							<String ID="string_224" HPOS="891" VPOS="873" WIDTH="47" HEIGHT="20" WC="0.90" CONTENT="icke"/><SP WIDTH="10" VPOS="873" HPOS="938"/>
							<String ID="string_225" HPOS="948" VPOS="872" WIDTH="68" HEIGHT="27" WC="0.92" CONTENT="ansäg"/>
						</TextLine>
						<TextLine ID="line_24" HPOS="183" VPOS="899" WIDTH="832" HEIGHT="30">
							<String ID="string_226" HPOS="183" VPOS="899" WIDTH="91" HEIGHT="28" WC="0.96" CONTENT="möjligt,"/><SP WIDTH="24" VPOS="899" HPOS="274"/>
							<String ID="string_227" HPOS="298" VPOS="903" WIDTH="33" HEIGHT="19" WC="0.93" CONTENT="att"/><SP WIDTH="23" VPOS="903" HPOS="331"/>
							<String ID="string_228" HPOS="354" VPOS="901" WIDTH="71" HEIGHT="22" WC="0.92" CONTENT="säsom"/><SP WIDTH="23" VPOS="901" HPOS="425"/>
							<String ID="string_229" HPOS="448" VPOS="902" WIDTH="79" HEIGHT="21" WC="0.96" CONTENT="allmän"/><SP WIDTH="20" VPOS="902" HPOS="527"/>
							<String ID="string_230" HPOS="547" VPOS="902" WIDTH="59" HEIGHT="27" WC="0.93" CONTENT="regel"/><SP WIDTH="16" VPOS="902" HPOS="606"/>
							<String ID="string_231" HPOS="622" VPOS="901" WIDTH="109" HEIGHT="22" WC="0.93" CONTENT="fastställa"/><SP WIDTH="15" VPOS="901" HPOS="731"/>
							<String ID="string_232" HPOS="746" VPOS="901" WIDTH="71" HEIGHT="28" WC="0.91" CONTENT="nägon"/><SP WIDTH="15" VPOS="901" HPOS="817"/>
							<String ID="string_233" HPOS="832" VPOS="907" WIDTH="71" HEIGHT="16" WC="0.96" CONTENT="annan"/><SP WIDTH="15" VPOS="907" HPOS="903"/>
							<String ID="string_234" HPOS="918" VPOS="901" WIDTH="97" HEIGHT="27" WC="0.96" CONTENT="ordning."/>
						</TextLine>
						<TextLine ID="line_25" HPOS="182" VPOS="928" WIDTH="835" HEIGHT="30">
							<String ID="string_235" HPOS="182" VPOS="928" WIDTH="42" HEIGHT="27" WC="0.93" CONTENT="Jag"/><SP WIDTH="15" VPOS="928" HPOS="224"/>
							<String ID="string_236" HPOS="239" VPOS="928" WIDTH="52" HEIGHT="22" WC="0.93" CONTENT="fann"/><SP WIDTH="17" VPOS="928" HPOS="291"/>
							<String ID="string_237" HPOS="308" VPOS="929" WIDTH="43" HEIGHT="22" WC="0.93" CONTENT="den"/><SP WIDTH="16" VPOS="929" HPOS="351"/>
							<String ID="string_238" HPOS="367" VPOS="937" WIDTH="40" HEIGHT="20" WC="0.91" CONTENT="ega"/><SP WIDTH="15" VPOS="937" HPOS="407"/>
							<String ID="string_239" HPOS="422" VPOS="930" WIDTH="109" HEIGHT="22" WC="0.92" CONTENT="företräde"/><SP WIDTH="14" VPOS="930" HPOS="531"/>
							<String ID="string_240" HPOS="545" VPOS="930" WIDTH="189" HEIGHT="28" WC="0.87" CONTENT="hufvudsakligast"/><SP WIDTH="13" VPOS="930" HPOS="734"/>
							<String ID="string_241" HPOS="747" VPOS="931" WIDTH="45" HEIGHT="26" WC="0.96" CONTENT="just"/><SP WIDTH="15" VPOS="931" HPOS="792"/>
							<String ID="string_242" HPOS="807" VPOS="937" WIDTH="25" HEIGHT="14" WC="0.93" CONTENT="ur"/><SP WIDTH="17" VPOS="937" HPOS="832"/>
							<String ID="string_243" HPOS="849" VPOS="930" WIDTH="133" HEIGHT="27" WC="0.92" CONTENT="synpunkten"/><SP WIDTH="11" VPOS="930" HPOS="982"/>
							<String ID="string_244" HPOS="993" VPOS="929" WIDTH="24" HEIGHT="22" WC="0.96" CONTENT="af"/>
						</TextLine>
						<TextLine ID="line_26" HPOS="182" VPOS="957" WIDTH="833" HEIGHT="30">
							<String ID="string_245" HPOS="182" VPOS="957" WIDTH="104" HEIGHT="22" WC="0.96" CONTENT="hustruns"/><SP WIDTH="15" VPOS="957" HPOS="286"/>
							<String ID="string_246" HPOS="301" VPOS="957" WIDTH="76" HEIGHT="22" WC="0.86" CONTENT="fördel."/><SP WIDTH="28" VPOS="957" HPOS="377"/>
							<String ID="string_247" HPOS="405" VPOS="953" WIDTH="11" HEIGHT="38" WC="0.29" CONTENT="="/><SP WIDTH="5" VPOS="953" HPOS="416"/>
							<String ID="string_248" HPOS="421" VPOS="959" WIDTH="42" HEIGHT="28" WC="0.29" CONTENT="Jag"/><SP WIDTH="16" VPOS="959" HPOS="463"/>
							<String ID="string_249" HPOS="479" VPOS="959" WIDTH="73" HEIGHT="28" WC="0.96" CONTENT="ansåg,"/><SP WIDTH="16" VPOS="959" HPOS="552"/>
							<String ID="string_250" HPOS="568" VPOS="961" WIDTH="32" HEIGHT="20" WC="0.97" CONTENT="att"/><SP WIDTH="16" VPOS="961" HPOS="600"/>
							<String ID="string_251" HPOS="616" VPOS="959" WIDTH="67" HEIGHT="21" WC="0.93" CONTENT="under"/><SP WIDTH="15" VPOS="959" HPOS="683"/>
							<String ID="string_252" HPOS="698" VPOS="959" WIDTH="53" HEIGHT="22" WC="0.96" CONTENT="våra"/><SP WIDTH="15" VPOS="959" HPOS="751"/>
							<String ID="string_253" HPOS="766" VPOS="959" WIDTH="150" HEIGHT="21" WC="0.96" CONTENT="förhållanden"/><SP WIDTH="15" VPOS="959" HPOS="916"/>
							<String ID="string_254" HPOS="931" VPOS="965" WIDTH="26" HEIGHT="14" WC="0.96" CONTENT="en"/><SP WIDTH="15" VPOS="965" HPOS="957"/>
							<String ID="string_255" HPOS="972" VPOS="959" WIDTH="43" HEIGHT="26" WC="0.95" CONTENT="lag,"/>
						</TextLine>
						<TextLine ID="line_27" HPOS="183" VPOS="986" WIDTH="833" HEIGHT="28">
							<String ID="string_256" HPOS="183" VPOS="991" WIDTH="46" HEIGHT="16" WC="0.93" CONTENT="som"/><SP WIDTH="16" VPOS="991" HPOS="229"/>
							<String ID="string_257" HPOS="245" VPOS="986" WIDTH="137" HEIGHT="28" WC="0.92" CONTENT="bestämmer,"/><SP WIDTH="16" VPOS="986" HPOS="382"/>
							<String ID="string_258" HPOS="398" VPOS="989" WIDTH="33" HEIGHT="20" WC="0.93" CONTENT="att"/><SP WIDTH="14" VPOS="989" HPOS="431"/>
							<String ID="string_259" HPOS="445" VPOS="988" WIDTH="91" HEIGHT="21" WC="0.93" CONTENT="hustrun"/><SP WIDTH="16" VPOS="988" HPOS="536"/>
							<String ID="string_260" HPOS="552" VPOS="990" WIDTH="34" HEIGHT="19" WC="0.96" CONTENT="tar"/><SP WIDTH="14" VPOS="990" HPOS="586"/>
							<String ID="string_261" HPOS="600" VPOS="987" WIDTH="84" HEIGHT="22" WC="0.93" CONTENT="hälften"/><SP WIDTH="16" VPOS="987" HPOS="684"/>
							<String ID="string_262" HPOS="700" VPOS="988" WIDTH="31" HEIGHT="21" WC="0.92" CONTENT="uti"/><SP WIDTH="16" VPOS="988" HPOS="731"/>
							<String ID="string_263" HPOS="747" VPOS="988" WIDTH="57" HEIGHT="21" WC="0.93" CONTENT="hvad"/><SP WIDTH="15" VPOS="988" HPOS="804"/>
							<String ID="string_264" HPOS="819" VPOS="993" WIDTH="47" HEIGHT="16" WC="0.96" CONTENT="som"/><SP WIDTH="15" VPOS="993" HPOS="866"/>
							<String ID="string_265" HPOS="881" VPOS="989" WIDTH="24" HEIGHT="20" WC="0.96" CONTENT="är"/><SP WIDTH="11" VPOS="989" HPOS="905"/>
							<String ID="string_266" HPOS="916" VPOS="987" WIDTH="41" HEIGHT="21" WC="0.93" CONTENT="den"/><SP WIDTH="10" VPOS="987" HPOS="957"/>
							<String ID="string_267" HPOS="967" VPOS="987" WIDTH="49" HEIGHT="21" WC="0.91" CONTENT="huf-"/>
						</TextLine>
						<TextLine ID="line_28" HPOS="182" VPOS="1015" WIDTH="834" HEIGHT="29">
							<String ID="string_268" HPOS="182" VPOS="1015" WIDTH="162" HEIGHT="28" WC="0.92" CONTENT="vudsakligaste"/><SP WIDTH="21" VPOS="1015" HPOS="344"/>
							<String ID="string_269" HPOS="365" VPOS="1016" WIDTH="72" HEIGHT="21" WC="0.95" CONTENT="källan"/><SP WIDTH="15" VPOS="1016" HPOS="437"/>
							<String ID="string_270" HPOS="452" VPOS="1017" WIDTH="34" HEIGHT="21" WC="0.93" CONTENT="till"/><SP WIDTH="16" VPOS="1017" HPOS="486"/>
							<String ID="string_271" HPOS="502" VPOS="1016" WIDTH="150" HEIGHT="28" WC="0.96" CONTENT="förmögenhet"/><SP WIDTH="14" VPOS="1016" HPOS="652"/>
							<String ID="string_272" HPOS="666" VPOS="1017" WIDTH="40" HEIGHT="21" WC="0.96" CONTENT="hos"/><SP WIDTH="16" VPOS="1017" HPOS="706"/>
							<String ID="string_273" HPOS="722" VPOS="1023" WIDTH="42" HEIGHT="20" WC="0.93" CONTENT="oss,"/><SP WIDTH="16" VPOS="1023" HPOS="764"/>
							<String ID="string_274" HPOS="780" VPOS="1022" WIDTH="104" HEIGHT="15" WC="0.93" CONTENT="mannens"/><SP WIDTH="15" VPOS="1022" HPOS="884"/>
							<String ID="string_275" HPOS="899" VPOS="1015" WIDTH="117" HEIGHT="22" WC="0.91" CONTENT="arbetsför-"/>
						</TextLine>
						<TextLine ID="line_29" HPOS="183" VPOS="1043" WIDTH="833" HEIGHT="30">
							<String ID="string_276" HPOS="183" VPOS="1043" WIDTH="55" HEIGHT="26" WC="0.92" CONTENT="värf,"/><SP WIDTH="24" VPOS="1043" HPOS="238"/>
							<String ID="string_277" HPOS="262" VPOS="1046" WIDTH="33" HEIGHT="19" WC="0.96" CONTENT="att"/><SP WIDTH="15" VPOS="1046" HPOS="295"/>
							<String ID="string_278" HPOS="310" VPOS="1044" WIDTH="71" HEIGHT="22" WC="0.97" CONTENT="denna"/><SP WIDTH="15" VPOS="1044" HPOS="381"/>
							<String ID="string_279" HPOS="396" VPOS="1045" WIDTH="35" HEIGHT="27" WC="0.96" CONTENT="lag"/><SP WIDTH="15" VPOS="1045" HPOS="431"/>
							<String ID="string_280" HPOS="446" VPOS="1051" WIDTH="37" HEIGHT="16" WC="0.97" CONTENT="var"/><SP WIDTH="16" VPOS="1051" HPOS="483"/>
							<String ID="string_281" HPOS="499" VPOS="1045" WIDTH="34" HEIGHT="22" WC="0.93" CONTENT="för"/><SP WIDTH="15" VPOS="1045" HPOS="533"/>
							<String ID="string_282" HPOS="548" VPOS="1045" WIDTH="90" HEIGHT="22" WC="0.93" CONTENT="hustrun"/><SP WIDTH="16" VPOS="1045" HPOS="638"/>
							<String ID="string_283" HPOS="654" VPOS="1045" WIDTH="138" HEIGHT="28" WC="0.91" CONTENT="fördelaktig."/><SP WIDTH="30" VPOS="1045" HPOS="792"/>
							<String ID="string_284" HPOS="822" VPOS="1045" WIDTH="81" HEIGHT="22" WC="0.92" CONTENT="Vidare"/><SP WIDTH="14" VPOS="1045" HPOS="903"/>
							<String ID="string_285" HPOS="917" VPOS="1051" WIDTH="39" HEIGHT="15" WC="0.96" CONTENT="var"/><SP WIDTH="15" VPOS="1051" HPOS="956"/>
							<String ID="string_286" HPOS="971" VPOS="1044" WIDTH="45" HEIGHT="21" WC="0.96" CONTENT="min"/>
						</TextLine>
						<TextLine ID="line_30" HPOS="181" VPOS="1071" WIDTH="834" HEIGHT="30">
							<String ID="string_287" HPOS="181" VPOS="1071" WIDTH="141" HEIGHT="29" WC="0.96" CONTENT="uppfattning"/><SP WIDTH="24" VPOS="1071" HPOS="322"/>
							<String ID="string_288" HPOS="346" VPOS="1073" WIDTH="47" HEIGHT="27" WC="0.95" CONTENT="den,"/><SP WIDTH="24" VPOS="1073" HPOS="393"/>
							<String ID="string_289" HPOS="417" VPOS="1075" WIDTH="33" HEIGHT="20" WC="0.93" CONTENT="att"/><SP WIDTH="23" VPOS="1075" HPOS="450"/>
							<String ID="string_290" HPOS="473" VPOS="1073" WIDTH="63" HEIGHT="22" WC="0.92" CONTENT="äfven"/><SP WIDTH="20" VPOS="1073" HPOS="536"/>
							<String ID="string_291" HPOS="556" VPOS="1074" WIDTH="70" HEIGHT="21" WC="0.92" CONTENT="säsom"/><SP WIDTH="20" VPOS="1074" HPOS="626"/>
							<String ID="string_292" HPOS="646" VPOS="1074" WIDTH="59" HEIGHT="27" WC="0.93" CONTENT="regel"/><SP WIDTH="22" VPOS="1074" HPOS="705"/>
							<String ID="string_293" HPOS="727" VPOS="1079" WIDTH="104" HEIGHT="16" WC="0.92" CONTENT="mannens"/><SP WIDTH="22" VPOS="1079" HPOS="831"/>
							<String ID="string_294" HPOS="853" VPOS="1073" WIDTH="162" HEIGHT="22" WC="0.90" CONTENT="mälsmansrätt"/>
						</TextLine>
						<TextLine ID="line_31" HPOS="182" VPOS="1100" WIDTH="835" HEIGHT="30">
							<String ID="string_295" HPOS="182" VPOS="1100" WIDTH="68" HEIGHT="21" WC="0.93" CONTENT="borde"/><SP WIDTH="23" VPOS="1100" HPOS="250"/>
							<String ID="string_296" HPOS="273" VPOS="1101" WIDTH="126" HEIGHT="27" WC="0.92" CONTENT="bibehällas,"/><SP WIDTH="23" VPOS="1101" HPOS="399"/>
							<String ID="string_297" HPOS="422" VPOS="1102" WIDTH="90" HEIGHT="22" WC="0.92" CONTENT="emedan"/><SP WIDTH="22" VPOS="1102" HPOS="512"/>
							<String ID="string_298" HPOS="534" VPOS="1102" WIDTH="124" HEIGHT="28" WC="0.92" CONTENT="derigenom"/><SP WIDTH="22" VPOS="1102" HPOS="658"/>
							<String ID="string_299" HPOS="680" VPOS="1102" WIDTH="171" HEIGHT="28" WC="0.92" CONTENT="förvaltningens"/><SP WIDTH="22" VPOS="1102" HPOS="851"/>
							<String ID="string_300" HPOS="873" VPOS="1102" WIDTH="65" HEIGHT="22" WC="0.96" CONTENT="enhet"/><SP WIDTH="19" VPOS="1102" HPOS="938"/>
							<String ID="string_301" HPOS="957" VPOS="1102" WIDTH="60" HEIGHT="21" WC="0.96" CONTENT="inom"/>
						</TextLine>
						<TextLine ID="line_32" HPOS="182" VPOS="1128" WIDTH="835" HEIGHT="30">
							<String ID="string_302" HPOS="182" VPOS="1128" WIDTH="97" HEIGHT="28" WC="0.93" CONTENT="familjen"/><SP WIDTH="22" VPOS="1128" HPOS="279"/>
							<String ID="string_303" HPOS="301" VPOS="1130" WIDTH="72" HEIGHT="22" WC="0.92" CONTENT="bättre"/><SP WIDTH="23" VPOS="1130" HPOS="373"/>
							<String ID="string_304" HPOS="396" VPOS="1131" WIDTH="144" HEIGHT="21" WC="0.91" CONTENT="säkerstäldes"/><SP WIDTH="22" VPOS="1131" HPOS="540"/>
							<String ID="string_305" HPOS="562" VPOS="1131" WIDTH="39" HEIGHT="21" WC="0.93" CONTENT="och"/><SP WIDTH="16" VPOS="1131" HPOS="601"/>
							<String ID="string_306" HPOS="617" VPOS="1131" WIDTH="90" HEIGHT="21" WC="0.92" CONTENT="emedan"/><SP WIDTH="16" VPOS="1131" HPOS="707"/>
							<String ID="string_307" HPOS="723" VPOS="1130" WIDTH="71" HEIGHT="22" WC="0.93" CONTENT="denna"/><SP WIDTH="15" VPOS="1130" HPOS="794"/>
							<String ID="string_308" HPOS="809" VPOS="1131" WIDTH="70" HEIGHT="21" WC="0.92" CONTENT="säsom"/><SP WIDTH="15" VPOS="1131" HPOS="879"/>
							<String ID="string_309" HPOS="894" VPOS="1131" WIDTH="58" HEIGHT="27" WC="0.96" CONTENT="regel"/><SP WIDTH="15" VPOS="1131" HPOS="952"/>
							<String ID="string_310" HPOS="967" VPOS="1130" WIDTH="50" HEIGHT="22" WC="0.96" CONTENT="bäst"/>
						</TextLine>
						<TextLine ID="line_33" HPOS="182" VPOS="1157" WIDTH="835" HEIGHT="30">
							<String ID="string_311" HPOS="182" VPOS="1157" WIDTH="144" HEIGHT="29" WC="0.91" CONTENT="tillgodosäge"/><SP WIDTH="22" VPOS="1157" HPOS="326"/>
							<String ID="string_312" HPOS="348" VPOS="1158" WIDTH="109" HEIGHT="28" WC="0.93" CONTENT="familjens"/><SP WIDTH="22" VPOS="1158" HPOS="457"/>
							<String ID="string_313" HPOS="479" VPOS="1160" WIDTH="112" HEIGHT="21" WC="0.88" CONTENT="intressen."/><SP WIDTH="35" VPOS="1160" HPOS="591"/>
							<String ID="string_314" HPOS="626" VPOS="1160" WIDTH="46" HEIGHT="21" WC="0.90" CONTENT="Min"/><SP WIDTH="23" VPOS="1160" HPOS="672"/>
							<String ID="string_315" HPOS="695" VPOS="1159" WIDTH="144" HEIGHT="28" WC="0.90" CONTENT="öfvertygelse"/><SP WIDTH="22" VPOS="1159" HPOS="839"/>
							<String ID="string_316" HPOS="861" VPOS="1166" WIDTH="44" HEIGHT="20" WC="0.96" CONTENT="var,"/><SP WIDTH="23" VPOS="1166" HPOS="905"/>
							<String ID="string_317" HPOS="928" VPOS="1159" WIDTH="40" HEIGHT="22" WC="0.95" CONTENT="och"/><SP WIDTH="25" VPOS="1159" HPOS="968"/>
							<String ID="string_318" HPOS="993" VPOS="1160" WIDTH="24" HEIGHT="20" WC="0.95" CONTENT="är"/>
						</TextLine>
						<TextLine ID="line_34" HPOS="182" VPOS="1185" WIDTH="834" HEIGHT="31">
							<String ID="string_319" HPOS="182" VPOS="1185" WIDTH="141" HEIGHT="29" WC="0.93" CONTENT="fortfarande,"/><SP WIDTH="17" VPOS="1185" HPOS="323"/>
							<String ID="string_320" HPOS="340" VPOS="1189" WIDTH="33" HEIGHT="20" WC="0.96" CONTENT="att"/><SP WIDTH="14" VPOS="1189" HPOS="373"/>
							<String ID="string_321" HPOS="387" VPOS="1188" WIDTH="8" HEIGHT="21" WC="0.93" CONTENT="i"/><SP WIDTH="14" VPOS="1188" HPOS="395"/>
							<String ID="string_322" HPOS="409" VPOS="1188" WIDTH="123" HEIGHT="22" WC="0.93" CONTENT="hufvudsak"/><SP WIDTH="15" VPOS="1188" HPOS="532"/>
							<String ID="string_323" HPOS="547" VPOS="1191" WIDTH="31" HEIGHT="19" WC="0.93" CONTENT="ett"/><SP WIDTH="16" VPOS="1191" HPOS="578"/>
							<String ID="string_324" HPOS="594" VPOS="1188" WIDTH="77" HEIGHT="22" WC="0.93" CONTENT="sädant"/><SP WIDTH="15" VPOS="1188" HPOS="671"/>
							<String ID="string_325" HPOS="686" VPOS="1188" WIDTH="111" HEIGHT="22" WC="0.96" CONTENT="ordnande"/><SP WIDTH="16" VPOS="1188" HPOS="797"/>
							<String ID="string_326" HPOS="813" VPOS="1188" WIDTH="25" HEIGHT="22" WC="0.93" CONTENT="af"/><SP WIDTH="8" VPOS="1188" HPOS="838"/>
							<String ID="string_327" HPOS="846" VPOS="1188" WIDTH="170" HEIGHT="28" WC="0.92" CONTENT="förmögenhets-"/>
						</TextLine>
						<TextLine ID="line_35" HPOS="182" VPOS="1214" WIDTH="835" HEIGHT="30">
							<String ID="string_328" HPOS="182" VPOS="1214" WIDTH="166" HEIGHT="23" WC="0.92" CONTENT="förhällandena"/><SP WIDTH="23" VPOS="1214" HPOS="348"/>
							<String ID="string_329" HPOS="371" VPOS="1216" WIDTH="58" HEIGHT="22" WC="0.92" CONTENT="inom"/><SP WIDTH="22" VPOS="1216" HPOS="429"/>
							<String ID="string_330" HPOS="451" VPOS="1217" WIDTH="145" HEIGHT="27" WC="0.91" CONTENT="äktenskapet"/><SP WIDTH="15" VPOS="1217" HPOS="596"/>
							<String ID="string_331" HPOS="611" VPOS="1217" WIDTH="62" HEIGHT="21" WC="0.93" CONTENT="äfven"/><SP WIDTH="15" VPOS="1217" HPOS="673"/>
							<String ID="string_332" HPOS="688" VPOS="1217" WIDTH="139" HEIGHT="22" WC="0.92" CONTENT="motsvarade"/><SP WIDTH="16" VPOS="1217" HPOS="827"/>
							<String ID="string_333" HPOS="843" VPOS="1217" WIDTH="37" HEIGHT="21" WC="0.96" CONTENT="det"/><SP WIDTH="14" VPOS="1217" HPOS="880"/>
							<String ID="string_334" HPOS="894" VPOS="1219" WIDTH="59" HEIGHT="19" WC="0.93" CONTENT="stora"/><SP WIDTH="15" VPOS="1219" HPOS="953"/>
							<String ID="string_335" HPOS="968" VPOS="1216" WIDTH="49" HEIGHT="21" WC="0.93" CONTENT="fler-"/>
						</TextLine>
						<TextLine ID="line_36" HPOS="181" VPOS="1243" WIDTH="835" HEIGHT="30">
							<String ID="string_336" HPOS="181" VPOS="1243" WIDTH="66" HEIGHT="22" WC="0.93" CONTENT="talets"/><SP WIDTH="16" VPOS="1243" HPOS="247"/>
							<String ID="string_337" HPOS="263" VPOS="1244" WIDTH="121" HEIGHT="28" WC="0.92" CONTENT="äskädning"/><SP WIDTH="15" VPOS="1244" HPOS="384"/>
							<String ID="string_338" HPOS="399" VPOS="1246" WIDTH="40" HEIGHT="21" WC="0.96" CONTENT="och"/><SP WIDTH="14" VPOS="1246" HPOS="439"/>
							<String ID="string_339" HPOS="453" VPOS="1246" WIDTH="146" HEIGHT="27" WC="0.96" CONTENT="uppfattning,"/><SP WIDTH="16" VPOS="1246" HPOS="599"/>
							<String ID="string_340" HPOS="615" VPOS="1252" WIDTH="50" HEIGHT="15" WC="0.96" CONTENT="men"/><SP WIDTH="16" VPOS="1252" HPOS="665"/>
							<String ID="string_341" HPOS="681" VPOS="1246" WIDTH="28" HEIGHT="21" WC="0.96" CONTENT="dä"/><SP WIDTH="12" VPOS="1246" HPOS="709"/>
							<String ID="string_342" HPOS="721" VPOS="1246" WIDTH="39" HEIGHT="27" WC="0.93" CONTENT="jag"/><SP WIDTH="15" VPOS="1246" HPOS="760"/>
							<String ID="string_343" HPOS="775" VPOS="1246" WIDTH="48" HEIGHT="21" WC="0.93" CONTENT="icke"/><SP WIDTH="10" VPOS="1246" HPOS="823"/>
							<String ID="string_344" HPOS="833" VPOS="1246" WIDTH="71" HEIGHT="21" WC="0.93" CONTENT="kunde"/><SP WIDTH="11" VPOS="1246" HPOS="904"/>
							<String ID="string_345" HPOS="915" VPOS="1245" WIDTH="49" HEIGHT="21" WC="0.93" CONTENT="dela"/><SP WIDTH="11" VPOS="1245" HPOS="964"/>
							<String ID="string_346" HPOS="975" VPOS="1245" WIDTH="41" HEIGHT="21" WC="0.96" CONTENT="den"/>
						</TextLine>
						<TextLine ID="line_37" HPOS="182" VPOS="1272" WIDTH="835" HEIGHT="30">
							<String ID="string_347" HPOS="182" VPOS="1272" WIDTH="63" HEIGHT="27" WC="0.79" CONTENT="äsigt,"/><SP WIDTH="17" VPOS="1272" HPOS="245"/>
							<String ID="string_348" HPOS="262" VPOS="1279" WIDTH="46" HEIGHT="15" WC="0.96" CONTENT="som"/><SP WIDTH="15" VPOS="1279" HPOS="308"/>
							<String ID="string_349" HPOS="323" VPOS="1280" WIDTH="29" HEIGHT="14" WC="0.95" CONTENT="nu"/><SP WIDTH="16" VPOS="1280" HPOS="352"/>
							<String ID="string_350" HPOS="368" VPOS="1274" WIDTH="7" HEIGHT="20" WC="0.93" CONTENT="i"/><SP WIDTH="16" VPOS="1274" HPOS="375"/>
							<String ID="string_351" HPOS="391" VPOS="1274" WIDTH="164" HEIGHT="28" WC="0.92" CONTENT="Lagutskottets"/><SP WIDTH="15" VPOS="1274" HPOS="555"/>
							<String ID="string_352" HPOS="570" VPOS="1274" WIDTH="137" HEIGHT="22" WC="0.95" CONTENT="betänkande"/><SP WIDTH="15" VPOS="1274" HPOS="707"/>
							<String ID="string_353" HPOS="722" VPOS="1274" WIDTH="88" HEIGHT="27" WC="0.96" CONTENT="uttalas,"/><SP WIDTH="17" VPOS="1274" HPOS="810"/>
							<String ID="string_354" HPOS="827" VPOS="1276" WIDTH="32" HEIGHT="20" WC="0.96" CONTENT="att"/><SP WIDTH="10" VPOS="1276" HPOS="859"/>
							<String ID="string_355" HPOS="869" VPOS="1274" WIDTH="38" HEIGHT="22" WC="0.96" CONTENT="vär"/><SP WIDTH="10" VPOS="1274" HPOS="907"/>
							<String ID="string_356" HPOS="917" VPOS="1273" WIDTH="100" HEIGHT="29" WC="0.96" CONTENT="gällande"/>
						</TextLine>
						<TextLine ID="line_38" HPOS="181" VPOS="1300" WIDTH="836" HEIGHT="30">
							<String ID="string_357" HPOS="181" VPOS="1300" WIDTH="48" HEIGHT="28" WC="0.91" CONTENT="lags"/><SP WIDTH="22" VPOS="1300" HPOS="229"/>
							<String ID="string_358" HPOS="251" VPOS="1302" WIDTH="162" HEIGHT="28" WC="0.91" CONTENT="bestämningar"/><SP WIDTH="20" VPOS="1302" HPOS="413"/>
							<String ID="string_359" HPOS="433" VPOS="1310" WIDTH="33" HEIGHT="14" WC="0.93" CONTENT="om"/><SP WIDTH="17" VPOS="1310" HPOS="466"/>
							<String ID="string_360" HPOS="483" VPOS="1303" WIDTH="65" HEIGHT="27" WC="0.93" CONTENT="gifto-"/><SP WIDTH="15" VPOS="1303" HPOS="548"/>
							<String ID="string_361" HPOS="563" VPOS="1304" WIDTH="40" HEIGHT="21" WC="0.93" CONTENT="och"/><SP WIDTH="15" VPOS="1304" HPOS="603"/>
							<String ID="string_362" HPOS="618" VPOS="1303" WIDTH="163" HEIGHT="21" WC="0.92" CONTENT="mälsmansrätt"/><SP WIDTH="15" VPOS="1303" HPOS="781"/>
							<String ID="string_363" HPOS="796" VPOS="1309" WIDTH="51" HEIGHT="15" WC="0.93" CONTENT="vore"/><SP WIDTH="16" VPOS="1309" HPOS="847"/>
							<String ID="string_364" HPOS="863" VPOS="1302" WIDTH="102" HEIGHT="22" WC="0.91" CONTENT="särskildt"/><SP WIDTH="15" VPOS="1302" HPOS="965"/>
							<String ID="string_365" HPOS="980" VPOS="1302" WIDTH="37" HEIGHT="22" WC="0.93" CONTENT="be-"/>
						</TextLine>
						<TextLine ID="line_39" HPOS="181" VPOS="1329" WIDTH="836" HEIGHT="31">
							<String ID="string_366" HPOS="181" VPOS="1329" WIDTH="90" HEIGHT="28" WC="0.92" CONTENT="tingade"/><SP WIDTH="22" VPOS="1329" HPOS="271"/>
							<String ID="string_367" HPOS="293" VPOS="1330" WIDTH="24" HEIGHT="22" WC="0.93" CONTENT="af"/><SP WIDTH="17" VPOS="1330" HPOS="317"/>
							<String ID="string_368" HPOS="334" VPOS="1331" WIDTH="154" HEIGHT="28" WC="0.92" CONTENT="äktenskapets"/><SP WIDTH="15" VPOS="1331" HPOS="488"/>
							<String ID="string_369" HPOS="503" VPOS="1332" WIDTH="99" HEIGHT="27" WC="0.93" CONTENT="väsende,"/><SP WIDTH="17" VPOS="1332" HPOS="602"/>
							<String ID="string_370" HPOS="619" VPOS="1332" WIDTH="27" HEIGHT="21" WC="0.96" CONTENT="dä"/><SP WIDTH="12" VPOS="1332" HPOS="646"/>
							<String ID="string_371" HPOS="658" VPOS="1332" WIDTH="39" HEIGHT="28" WC="0.93" CONTENT="jag"/><SP WIDTH="15" VPOS="1332" HPOS="697"/>
							<String ID="string_372" HPOS="712" VPOS="1332" WIDTH="48" HEIGHT="21" WC="0.93" CONTENT="icke"/><SP WIDTH="15" VPOS="1332" HPOS="760"/>
							<String ID="string_373" HPOS="775" VPOS="1333" WIDTH="111" HEIGHT="26" WC="0.92" CONTENT="gentemot"/><SP WIDTH="14" VPOS="1333" HPOS="886"/>
							<String ID="string_374" HPOS="900" VPOS="1330" WIDTH="117" HEIGHT="22" WC="0.91" CONTENT="historiens"/>
						</TextLine>
						<TextLine ID="line_40" HPOS="181" VPOS="1358" WIDTH="836" HEIGHT="30">
							<String ID="string_375" HPOS="181" VPOS="1358" WIDTH="126" HEIGHT="22" WC="0.92" CONTENT="vitnesbörd"/><SP WIDTH="23" VPOS="1358" HPOS="307"/>
							<String ID="string_376" HPOS="330" VPOS="1360" WIDTH="40" HEIGHT="21" WC="0.93" CONTENT="och"/><SP WIDTH="23" VPOS="1360" HPOS="370"/>
							<String ID="string_377" HPOS="393" VPOS="1360" WIDTH="92" HEIGHT="22" WC="0.92" CONTENT="samtida"/><SP WIDTH="22" VPOS="1360" HPOS="485"/>
							<String ID="string_378" HPOS="507" VPOS="1360" WIDTH="57" HEIGHT="22" WC="0.93" CONTENT="folks"/><SP WIDTH="15" VPOS="1360" HPOS="564"/>
							<String ID="string_379" HPOS="579" VPOS="1360" WIDTH="129" HEIGHT="26" WC="0.93" CONTENT="erfarenhet,"/><SP WIDTH="18" VPOS="1360" HPOS="708"/>
							<String ID="string_380" HPOS="726" VPOS="1367" WIDTH="46" HEIGHT="15" WC="0.96" CONTENT="som"/><SP WIDTH="15" VPOS="1367" HPOS="772"/>
							<String ID="string_381" HPOS="787" VPOS="1360" WIDTH="80" HEIGHT="28" WC="0.96" CONTENT="tydligt"/><SP WIDTH="13" VPOS="1360" HPOS="867"/>
							<String ID="string_382" HPOS="880" VPOS="1360" WIDTH="37" HEIGHT="21" WC="0.93" CONTENT="vid"/><SP WIDTH="14" VPOS="1360" HPOS="917"/>
							<String ID="string_383" HPOS="931" VPOS="1359" WIDTH="86" HEIGHT="22" WC="0.92" CONTENT="handen"/>
						</TextLine>
						<TextLine ID="line_41" HPOS="182" VPOS="1386" WIDTH="835" HEIGHT="31">
							<String ID="string_384" HPOS="182" VPOS="1386" WIDTH="60" HEIGHT="28" WC="0.93" CONTENT="gifva"/><SP WIDTH="22" VPOS="1386" HPOS="242"/>
							<String ID="string_385" HPOS="264" VPOS="1390" WIDTH="33" HEIGHT="19" WC="0.93" CONTENT="att"/><SP WIDTH="22" VPOS="1390" HPOS="297"/>
							<String ID="string_386" HPOS="319" VPOS="1388" WIDTH="78" HEIGHT="27" WC="0.92" CONTENT="lyckan"/><SP WIDTH="22" VPOS="1388" HPOS="397"/>
							<String ID="string_387" HPOS="419" VPOS="1389" WIDTH="7" HEIGHT="21" WC="0.93" CONTENT="i"/><SP WIDTH="16" VPOS="1389" HPOS="426"/>
							<String ID="string_388" HPOS="442" VPOS="1390" WIDTH="143" HEIGHT="26" WC="0.92" CONTENT="äktenskapet"/><SP WIDTH="15" VPOS="1390" HPOS="585"/>
							<String ID="string_389" HPOS="600" VPOS="1390" WIDTH="40" HEIGHT="21" WC="0.93" CONTENT="och"/><SP WIDTH="15" VPOS="1390" HPOS="640"/>
							<String ID="string_390" HPOS="655" VPOS="1389" WIDTH="109" HEIGHT="28" WC="0.93" CONTENT="familjens"/><SP WIDTH="15" VPOS="1389" HPOS="764"/>
							<String ID="string_391" HPOS="779" VPOS="1389" WIDTH="64" HEIGHT="22" WC="0.96" CONTENT="bästa"/><SP WIDTH="13" VPOS="1389" HPOS="843"/>
							<String ID="string_392" HPOS="856" VPOS="1389" WIDTH="74" HEIGHT="21" WC="0.93" CONTENT="kunna"/><SP WIDTH="15" VPOS="1389" HPOS="930"/>
							<String ID="string_393" HPOS="945" VPOS="1388" WIDTH="72" HEIGHT="22" WC="0.93" CONTENT="säker-"/>
						</TextLine>
						<TextLine ID="line_42" HPOS="182" VPOS="1416" WIDTH="837" HEIGHT="28">
							<String ID="string_394" HPOS="182" VPOS="1416" WIDTH="76" HEIGHT="22" WC="0.96" CONTENT="ställas"/><SP WIDTH="23" VPOS="1416" HPOS="258"/>
							<String ID="string_395" HPOS="281" VPOS="1423" WIDTH="77" HEIGHT="21" WC="0.96" CONTENT="genom"/><SP WIDTH="24" VPOS="1423" HPOS="358"/>
							<String ID="string_396" HPOS="382" VPOS="1418" WIDTH="26" HEIGHT="21" WC="0.94" CONTENT="de"/><SP WIDTH="21" VPOS="1418" HPOS="408"/>
							<String ID="string_397" HPOS="429" VPOS="1420" WIDTH="56" HEIGHT="20" WC="0.94" CONTENT="mest"/><SP WIDTH="15" VPOS="1420" HPOS="485"/>
							<String ID="string_398" HPOS="500" VPOS="1418" WIDTH="58" HEIGHT="21" WC="0.96" CONTENT="olika"/><SP WIDTH="16" VPOS="1418" HPOS="558"/>
							<String ID="string_399" HPOS="574" VPOS="1420" WIDTH="42" HEIGHT="20" WC="0.96" CONTENT="sätt"/><SP WIDTH="16" VPOS="1420" HPOS="616"/>
							<String ID="string_400" HPOS="632" VPOS="1420" WIDTH="32" HEIGHT="20" WC="0.93" CONTENT="att"/><SP WIDTH="16" VPOS="1420" HPOS="664"/>
							<String ID="string_401" HPOS="680" VPOS="1418" WIDTH="70" HEIGHT="22" WC="0.96" CONTENT="ordna"/><SP WIDTH="15" VPOS="1418" HPOS="750"/>
							<String ID="string_402" HPOS="765" VPOS="1418" WIDTH="116" HEIGHT="21" WC="0.93" CONTENT="makarnas"/><SP WIDTH="15" VPOS="1418" HPOS="881"/>
							<String ID="string_403" HPOS="896" VPOS="1417" WIDTH="123" HEIGHT="27" WC="0.92" CONTENT="förmögen-"/>
						</TextLine>
						<TextLine ID="line_43" HPOS="181" VPOS="1444" WIDTH="836" HEIGHT="30">
							<String ID="string_404" HPOS="181" VPOS="1444" WIDTH="208" HEIGHT="29" WC="0.93" CONTENT="hetsförhällanden,"/><SP WIDTH="17" VPOS="1444" HPOS="389"/>
							<String ID="string_405" HPOS="406" VPOS="1446" WIDTH="24" HEIGHT="22" WC="0.93" CONTENT="sä"/><SP WIDTH="15" VPOS="1446" HPOS="430"/>
							<String ID="string_406" HPOS="445" VPOS="1447" WIDTH="94" HEIGHT="21" WC="0.96" CONTENT="önskade"/><SP WIDTH="13" VPOS="1447" HPOS="539"/>
							<String ID="string_407" HPOS="552" VPOS="1447" WIDTH="38" HEIGHT="27" WC="0.96" CONTENT="jag"/><SP WIDTH="15" VPOS="1447" HPOS="590"/>
							<String ID="string_408" HPOS="605" VPOS="1446" WIDTH="33" HEIGHT="22" WC="0.97" CONTENT="för"/><SP WIDTH="15" VPOS="1446" HPOS="638"/>
							<String ID="string_409" HPOS="653" VPOS="1447" WIDTH="45" HEIGHT="21" WC="0.96" CONTENT="min"/><SP WIDTH="16" VPOS="1447" HPOS="698"/>
							<String ID="string_410" HPOS="714" VPOS="1447" WIDTH="36" HEIGHT="21" WC="0.93" CONTENT="del"/><SP WIDTH="14" VPOS="1447" HPOS="750"/>
							<String ID="string_411" HPOS="764" VPOS="1447" WIDTH="73" HEIGHT="21" WC="0.96" CONTENT="lemna"/><SP WIDTH="14" VPOS="1447" HPOS="837"/>
							<String ID="string_412" HPOS="851" VPOS="1446" WIDTH="38" HEIGHT="22" WC="0.93" CONTENT="det"/><SP WIDTH="8" VPOS="1446" HPOS="889"/>
							<String ID="string_413" HPOS="897" VPOS="1445" WIDTH="120" HEIGHT="23" WC="0.72" CONTENT="vidsträck-"/>
						</TextLine>
						<TextLine ID="line_44" HPOS="181" VPOS="1474" WIDTH="837" HEIGHT="29">
							<String ID="string_414" HPOS="181" VPOS="1475" WIDTH="57" HEIGHT="20" WC="0.93" CONTENT="taste"/><SP WIDTH="22" VPOS="1475" HPOS="238"/>
							<String ID="string_415" HPOS="260" VPOS="1476" WIDTH="108" HEIGHT="25" WC="0.90" CONTENT="utrymme"/><SP WIDTH="22" VPOS="1476" HPOS="368"/>
							<String ID="string_416" HPOS="390" VPOS="1474" WIDTH="34" HEIGHT="22" WC="0.92" CONTENT="för"/><SP WIDTH="23" VPOS="1474" HPOS="424"/>
							<String ID="string_417" HPOS="447" VPOS="1475" WIDTH="84" HEIGHT="27" WC="0.92" CONTENT="aftalet,"/><SP WIDTH="23" VPOS="1475" HPOS="531"/>
							<String ID="string_418" HPOS="554" VPOS="1475" WIDTH="34" HEIGHT="21" WC="0.93" CONTENT="för"/><SP WIDTH="22" VPOS="1475" HPOS="588"/>
							<String ID="string_419" HPOS="610" VPOS="1475" WIDTH="238" HEIGHT="28" WC="0.92" CONTENT="äktenskapsförordet,"/><SP WIDTH="16" VPOS="1475" HPOS="848"/>
							<String ID="string_420" HPOS="864" VPOS="1475" WIDTH="8" HEIGHT="21" WC="0.93" CONTENT="i"/><SP WIDTH="15" VPOS="1475" HPOS="872"/>
							<String ID="string_421" HPOS="887" VPOS="1474" WIDTH="102" HEIGHT="22" WC="0.92" CONTENT="afseende"/><SP WIDTH="15" VPOS="1474" HPOS="989"/>
							<String ID="string_422" HPOS="1004" VPOS="1474" WIDTH="14" HEIGHT="21" WC="0.92" CONTENT="&amp;"/>
						</TextLine>
						<TextLine ID="line_45" HPOS="182" VPOS="1502" WIDTH="836" HEIGHT="29">
							<String ID="string_423" HPOS="182" VPOS="1502" WIDTH="146" HEIGHT="26" WC="0.92" CONTENT="gestaltandet"/><SP WIDTH="15" VPOS="1502" HPOS="328"/>
							<String ID="string_424" HPOS="343" VPOS="1504" WIDTH="50" HEIGHT="20" WC="0.93" CONTENT="utaf"/><SP WIDTH="14" VPOS="1504" HPOS="393"/>
							<String ID="string_425" HPOS="407" VPOS="1504" WIDTH="62" HEIGHT="21" WC="0.93" CONTENT="dessa"/><SP WIDTH="16" VPOS="1504" HPOS="469"/>
							<String ID="string_426" HPOS="485" VPOS="1504" WIDTH="155" HEIGHT="27" WC="0.92" CONTENT="förhällanden,"/><SP WIDTH="17" VPOS="1504" HPOS="640"/>
							<String ID="string_427" HPOS="657" VPOS="1504" WIDTH="24" HEIGHT="21" WC="0.97" CONTENT="sä"/><SP WIDTH="15" VPOS="1504" HPOS="681"/>
							<String ID="string_428" HPOS="696" VPOS="1506" WIDTH="61" HEIGHT="19" WC="0.95" CONTENT="snart"/><SP WIDTH="16" VPOS="1506" HPOS="757"/>
							<String ID="string_429" HPOS="773" VPOS="1510" WIDTH="25" HEIGHT="15" WC="0.96" CONTENT="en"/><SP WIDTH="17" VPOS="1510" HPOS="798"/>
							<String ID="string_430" HPOS="815" VPOS="1504" WIDTH="44" HEIGHT="21" WC="0.93" CONTENT="fast"/><SP WIDTH="15" VPOS="1504" HPOS="859"/>
							<String ID="string_431" HPOS="874" VPOS="1503" WIDTH="144" HEIGHT="27" WC="0.92" CONTENT="öfvertygelse"/>
						</TextLine>
						<TextLine ID="line_46" HPOS="182" VPOS="1529" WIDTH="837" HEIGHT="31">
							<String ID="string_432" HPOS="182" VPOS="1529" WIDTH="40" HEIGHT="22" WC="0.87" CONTENT="hos"/><SP WIDTH="22" VPOS="1529" HPOS="222"/>
							<String ID="string_433" HPOS="244" VPOS="1531" WIDTH="185" HEIGHT="22" WC="0.96" CONTENT="kontrahenterna"/><SP WIDTH="22" VPOS="1531" HPOS="429"/>
							<String ID="string_434" HPOS="451" VPOS="1532" WIDTH="133" HEIGHT="22" WC="0.96" CONTENT="framträdde"/><SP WIDTH="22" VPOS="1532" HPOS="584"/>
							<String ID="string_435" HPOS="606" VPOS="1539" WIDTH="34" HEIGHT="15" WC="0.96" CONTENT="om"/><SP WIDTH="24" VPOS="1539" HPOS="640"/>
							<String ID="string_436" HPOS="664" VPOS="1535" WIDTH="32" HEIGHT="19" WC="0.93" CONTENT="att"/><SP WIDTH="21" VPOS="1535" HPOS="696"/>
							<String ID="string_437" HPOS="717" VPOS="1533" WIDTH="74" HEIGHT="27" WC="0.96" CONTENT="lagens"/><SP WIDTH="16" VPOS="1533" HPOS="791"/>
							<String ID="string_438" HPOS="807" VPOS="1533" WIDTH="81" HEIGHT="27" WC="0.93" CONTENT="system"/><SP WIDTH="15" VPOS="1533" HPOS="888"/>
							<String ID="string_439" HPOS="903" VPOS="1532" WIDTH="48" HEIGHT="21" WC="0.96" CONTENT="icke"/><SP WIDTH="15" VPOS="1532" HPOS="951"/>
							<String ID="string_440" HPOS="966" VPOS="1537" WIDTH="53" HEIGHT="16" WC="0.96" CONTENT="vore"/>
						</TextLine>
					</TextBlock>
				</ComposedBlock>
			</PrintSpace>
		</Page>
	</Layout>
</alto>
