1061 1756
190 132 54 21 1526
442 137 25 17 R.
480 141 17 13 o.
509 137 22 17 A.
544 137 56 16 1888.
612 137 26 16 25
650 137 47 20 Maj.

162 223 66 26 högre
243 223 7 21 i
264 223 132 22 förhällande
411 223 33 21 till
459 223 52 21 hans
527 223 104 26 ställning,
647 229 45 15 som
708 224 24 19 är
746 222 66 27 högre
823 223 26 20 än
865 221 115 27 bataljons-

163 251 114 22 chefernes.
307 252 49 21 Med
371 252 185 22 tillfredsställelse
578 252 40 21 har
638 251 36 28 jag
696 253 42 20 sett
761 253 32 20 att
815 251 105 22 utskottet
943 250 38 21 har

161 280 107 22 förkastat
290 281 25 21 de
341 281 84 27 äsigter,
449 287 46 15 som
517 281 6 21 i
547 281 183 26 komiteförslaget
754 280 69 21 blifvit
847 279 133 26 framhällna,

161 309 105 27 nämligen
281 312 33 19 att
333 309 238 22 kavalleriofficerarene
594 309 68 21 skulle
684 309 63 21 hafva
769 309 148 20 kronohästar.
948 308 33 20 En

161 337 73 22 officer
255 338 35 21 vid
305 338 124 21 kavalleriet
444 339 39 20 bör
497 338 131 26 nödvändigt
642 338 51 20 sitta
707 337 28 27 pä
750 343 52 20 egen
824 337 56 24 häst,
903 342 78 15 annars

161 368 23 19 är
199 366 43 21 han
257 366 19 27 ej
292 366 27 27 pä
334 367 31 20 sin
380 367 63 26 plats.
458 379 28 2 —
501 367 62 20 Hvad
578 368 60 19 orten
654 365 33 22 för
708 365 148 27 förläggandet
878 365 23 21 af
920 370 61 21 rege-

161 397 81 18 mentet
258 394 107 26 beträffar,
381 395 24 21 sä
419 395 42 21 kan
474 395 36 26 jag
524 395 46 21 icke
596 395 188 20 öfverensstämma
798 394 48 21 med
869 393 111 26 utskottet,

161 429 48 14 men
224 423 36 20 det
276 425 24 18 är
315 423 61 21 äfven
391 430 26 15 en
439 423 67 27 fräga,
529 429 45 15 som
596 423 121 26 pätagligen
733 423 41 20 blir
789 422 135 27 regeringens
945 428 36 14 en-

161 451 45 21 sak.
231 451 42 21 För
288 452 43 20 min
346 451 35 22 del
395 451 104 22 vidhäller
511 451 37 27 jag
562 453 33 19 att
610 458 49 14 man
669 451 34 21 väl
713 451 71 21 kunde
794 451 57 20 finna
859 451 35 20 vid
905 451 76 20 kusten

160 479 124 26 lämpligare
298 480 57 26 plats
369 480 33 21 för
417 481 32 20 att
464 481 85 25 placera
567 481 137 25 regementet,
727 480 87 20 emedan
836 479 47 21 dess
906 479 74 26 tjenst-

161 508 75 26 göring
251 507 7 21 i
272 507 89 22 främsta
376 510 97 24 rummet,
489 509 7 20 i
511 508 101 21 händelse
626 508 23 21 af
662 508 53 26 krig,
731 508 95 21 kommer
841 509 32 20 att
886 513 52 15 vara
945 507 35 21 vid

161 536 76 21 kusten
252 535 34 22 för
300 537 183 26 gränsbevakning
498 537 38 21 och
552 537 169 26 rekonoscering,
745 537 39 20 och
807 536 27 21 dä
856 536 68 21 skulle
945 536 36 21 det

161 565 7 20 i
190 564 90 21 fredstid
302 565 70 21 bättre
394 565 46 21 lära
462 565 70 21 känna
555 565 61 21 dessa
638 565 88 21 trakter.
757 564 72 22 Blefve
851 567 131 24 regementet

161 593 93 26 förlagdt
268 593 7 20 i
290 593 131 27 Helsingfors
437 594 52 21 eller
503 588 54 31 Åbo,
573 593 24 22 så
612 594 68 20 skulle
696 593 129 26 vandringen
844 593 32 21 till
891 593 68 26 lägret
974 593 7 20 i

161 621 176 21 Willmanstrand
352 622 68 21 tillika
435 621 65 22 blifva
515 628 26 15 en
556 622 68 26 nyttig
640 623 99 20 manöver
757 621 39 22 och
818 621 164 26 rekonoscering

161 649 23 21 af
196 649 83 21 kusten.
309 650 41 26 Jag
364 650 43 21 kan
422 650 45 21 icke
483 649 110 27 återhålla,
610 652 32 19 att
654 650 38 27 jag
707 650 68 21 skulle
790 650 48 21 dela
853 649 129 26 fullkomligt

162 678 25 20 de
203 677 85 27 åsigter,
309 684 45 15 som
369 678 23 21 af
405 679 57 20 Frih.
479 685 40 14 von
541 679 58 20 Born
621 679 68 20 blifvit
712 678 102 26 uttalade,
838 685 34 14 om
895 679 36 20 det
953 685 29 14 nu

161 706 70 26 gällde
246 712 25 15 en
286 706 123 27 förändring
425 707 23 21 af
462 707 48 21 hela
532 709 107 25 systemet,
662 713 48 15 men
733 707 26 21 då
782 707 38 20 här
842 713 29 14 nu
892 707 7 20 i
922 706 61 27 fråga

161 735 95 20 kommer
272 735 74 21 endast
361 741 27 15 en
403 736 72 21 vidare
490 736 121 26 utveckling
626 735 23 21 af
662 736 41 21 den
725 735 109 22 såkallade
856 735 68 22 finska
947 742 36 14 ar-

161 764 54 25 men,
230 763 24 21 så
269 763 42 21 kan
328 764 35 21 det
378 764 47 22 icke
439 770 53 16 vara
507 765 133 21 annorlunda
655 766 27 20 än
696 765 85 26 nyttigt,
796 766 33 20 att
844 765 40 21 den
907 764 34 22 tår
957 770 25 16 en

161 792 103 27 tillbörlig
278 792 171 28 komplettering.
480 794 61 20 Hvad
556 793 99 27 slutligen
670 793 99 21 behofvet
784 795 32 19 att
838 793 83 27 förhöja
944 800 39 14 nu-

161 822 96 20 merären
273 821 47 21 från
336 822 63 24 5,000
414 822 33 21 till
463 822 62 26 5,600
540 828 48 15 man
612 822 72 26 angår,
700 821 23 21 så
746 822 39 21 har
800 822 62 21 äfven
877 822 106 21 utskottet

162 849 39 21 här
215 849 57 27 gjort
287 850 32 26 sig
334 850 87 26 förtjent
436 851 23 20 af
473 857 26 15 en
515 850 94 27 ansenlig
619 850 136 27 inbesparing
765 851 47 21 med
828 851 18 26 ej
862 851 82 21 mindre
955 852 28 19 än

161 878 42 21 400
218 884 49 15 man
283 880 57 20 emot
355 879 134 27 regeringens
504 879 86 27 förslag,
606 880 39 20 och
656 879 61 21 torde
729 879 60 21 äfven
804 879 69 21 denna
883 881 100 19 numerär

160 912 52 15 vara
227 906 23 22 af
262 907 99 21 behofvet
376 907 99 27 påkallad
500 908 39 20 och
554 907 49 22 fullt
617 908 124 21 motiverad.
771 908 33 20 En
826 908 113 27 tillökning
961 908 23 21 af

163 936 41 20 600
218 942 49 14 man
282 936 28 26 på
326 936 62 25 5,000
403 936 62 21 torde
481 936 60 21 äfven
560 936 33 22 stå
608 937 7 20 i
630 936 218 22 öfverensstämmelse
871 937 48 21 med
942 937 40 21 den

161 964 119 27 tillökning,
296 970 44 15 som
355 965 84 21 landets
454 964 122 28 befolkning
591 966 67 20 under
680 967 83 19 senaste
787 966 25 20 10
835 966 50 20 eller
910 966 23 20 11
959 965 24 21 år

162 992 90 21 erhållit.
283 993 30 27 Ty
333 993 26 21 då
382 993 148 27 befolkningen
552 994 67 21 under
642 994 25 21 de
690 996 83 19 senaste
798 994 25 21 10
846 994 50 21 åren
921 994 62 21 ökats

161 1021 49 21 med
224 1021 90 26 ungefär
330 1022 26 21 10
371 1028 56 20 proc.
444 1022 39 21 och
503 1022 62 21 dessa
586 1022 160 21 tillkommande
769 1022 41 22 600
832 1029 49 14 man
905 1024 78 25 utgöra

163 1050 26 20 12
204 1055 58 21 proc.
278 1050 27 26 på
320 1050 64 26 5,000
399 1051 128 25 nuvarande,
548 1051 72 26 tyckes
642 1050 143 22 förhållandet
808 1051 17 26 ej
849 1051 65 21 blifva
939 1053 44 19 stö-

162 1078 71 49 NE
264 1078 40 27 Jag
319 1078 96 22 anhåller
430 1079 71 21 derför
523 1081 32 19 att
576 1079 21 21 få
619 1080 131 21 understöda
771 1080 116 20 utskottets
909 1080 74 20 betän-

178 1112 60 15 ande.

232 1164 31 22 Hr
278 1164 162 28 Tigerstedt:
456 1164 74 22 Ehuru
544 1164 98 22 fackman
658 1165 5 21 i
680 1165 69 21 denna
762 1164 60 28 fråga
832 1165 40 21 har
880 1165 36 27 jag
926 1171 58 21 myc-

164 1194 36 21 ket
215 1194 74 21 tvekat
304 1196 32 19 att
351 1194 106 26 uppträda
472 1194 65 21 redan
552 1194 33 21 till
600 1194 52 26 följd
668 1194 22 21 af
704 1194 36 21 det
755 1194 51 28 föga
826 1196 103 24 generösa
948 1194 37 27 be-

164 1223 105 26 mötande,
286 1229 44 15 som
346 1224 42 21 min
403 1223 90 27 petition
508 1230 34 14 om
557 1222 130 22 hästafvelns
702 1222 146 22 förbättrande
864 1224 55 19 rönt.
947 1222 37 21 Af-

164 1258 39 14 ven
219 1251 39 21 har
271 1251 36 27 jag
322 1252 70 21 märkt
407 1258 26 14 en
448 1252 42 20 viss
507 1251 89 21 tendens
611 1253 33 19 att
659 1251 6 21 i
680 1251 116 21 allmänhet
818 1251 26 21 de
866 1251 119 26 andragan-

165 1280 47 24 den,
228 1286 45 15 som
289 1280 108 21 framförts
412 1280 23 21 af
449 1280 123 20 militäriskt
586 1280 137 26 kompetenta
743 1286 107 20 personer,
866 1281 55 19 mött
935 1278 50 27 föga

165 1308 114 27 sympatier
293 1309 7 20 i
316 1308 91 22 ståndet.
429 1308 66 21 Detta
510 1308 39 21 har
564 1308 84 27 nyligen
662 1308 146 21 konstaterats
822 1308 8 21 i
845 1308 60 21 detta
915 1307 69 26 stånd,

166 1336 27 22 då
208 1336 74 28 frågan
298 1343 34 15 om
345 1337 88 27 jernväg
447 1337 33 21 till
495 1336 83 22 Torneå
592 1336 28 28 på
636 1338 42 20 sätt
694 1337 39 21 och
748 1337 31 21 vis
796 1336 78 27 förföll,
896 1336 89 21 emedan

166 1372 26 15 en
206 1366 86 26 general
308 1366 53 21 hade
377 1366 153 21 undertecknat
545 1366 123 26 petitionen,
684 1365 70 21 fastän
769 1372 26 14 en
810 1366 101 26 magister
933 1365 52 21 eller

165 1396 59 25 prest
238 1394 62 22 fanns
315 1394 94 26 bredvid,
425 1394 61 21 äfven
501 1401 45 14 som
561 1394 23 21 af
598 1395 40 20 den
653 1394 39 21 här
702 1394 7 20 i
720 1394 84 21 ståndet
818 1394 107 21 förlorade
935 1400 16 15 s.
963 1394 21 20 k.

165 1423 187 27 generalbataljen,
371 1423 27 21 då
413 1422 75 28 frågan
503 1423 143 22 behandlades
669 1429 35 15 om
719 1423 170 21 öfverlemnande
905 1422 23 22 af
941 1424 43 19 rät-

166 1452 68 27 tighet
248 1452 32 21 till
296 1452 93 21 militära
403 1451 98 22 fackmän
517 1454 32 19 att
563 1452 54 21 efter
631 1451 150 28 godtfinnande
804 1452 83 21 fördela
909 1452 26 21 de
957 1452 27 21 90

166 1481 76 26 dagars
258 1481 77 26 öfning,
352 1487 45 15 som
412 1481 131 26 grundlagen
557 1481 121 28 medgifver.
702 1481 41 26 Jag
757 1480 85 21 befarar
857 1480 82 21 således
954 1479 30 22 äf-

166 1515 40 15 ven
224 1511 32 18 att
271 1509 7 21 i
294 1509 68 21 denna
383 1509 61 26 fråga
465 1509 58 21 mina
544 1509 149 26 andraganden
716 1509 61 20 skola
798 1515 52 14 vara
871 1509 112 26 förgäfves,

165 1543 48 15 men
228 1538 32 21 till
275 1538 52 27 följd
342 1537 23 22 af
377 1538 43 21 min
435 1537 98 27 hjertliga
548 1537 81 21 önskan
644 1539 32 20 att
694 1537 4 21 i
713 1537 48 21 mån
781 1537 23 21 af
823 1538 43 20 min
888 1537 97 26 förmåga
