1061 1756
172 135 54 21 1642
431 140 25 17 R.
469 144 17 13 o.
499 140 22 17 A,
529 140 56 16 1888.
603 140 27 16 28
643 140 48 20 Maj.

214 226 57 21 Frih.
288 232 41 15 von
344 226 123 21 Alfthan:
490 226 40 27 Jag
553 226 38 21 ber
614 228 33 19 att
668 225 21 22 få
712 224 54 23 afstå
781 224 46 22 från
843 224 61 22 ordet
919 223 54 22 efter

143 255 36 22 det
193 255 107 27 yttrande,
316 261 45 15 som
377 255 38 21 sist
430 254 98 28 afgifvits.

211 312 33 21 Hr
258 312 202 28 Pippingsköld:
484 312 50 22 Som
548 313 35 27 jag
607 312 22 22 af
642 312 147 27 indisposition
806 311 46 21 icke
868 312 24 19 är
907 310 6 20 i
929 309 44 22 till-

142 340 49 22 fälle
207 343 32 19 att
254 340 61 22 äfven
331 343 93 25 upptaga
439 341 95 21 ståndets
557 341 32 21 tid
611 340 48 22 med
679 342 31 20 ett
733 340 73 26 längre
828 338 143 27 andragande,

144 369 96 21 anhåller
252 369 37 27 jag
304 369 55 21 blott
375 371 32 19 att
422 370 20 20 få
457 369 68 21 uttala
541 369 41 26 mig
598 369 86 25 derhän,
708 370 32 20 att
762 368 66 26 enligt
847 367 43 21 min
906 366 67 22 öfver-

142 398 80 26 tygelse
238 398 36 20 det
291 398 64 21 ärade
370 398 106 21 utskottet
491 398 104 26 misstagit
615 397 37 27 sig,
677 398 26 21 då
727 397 35 21 det
784 396 104 27 åberopat
911 394 60 23 äfven

143 426 69 27 gamle
227 426 118 21 Nehrmans
361 426 125 24 auktoritet;
510 426 39 22 och
565 426 37 22 ber
618 428 32 19 att
665 426 20 21 få
701 425 84 22 ansluta
800 426 42 26 mig
858 424 31 21 till
913 424 58 22 Frih.

143 454 22 22 af
178 454 108 24 Schultén,
300 454 65 27 jemte
381 454 37 22 det
430 455 37 27 jag
482 454 123 22 hemställer
620 455 79 26 derom,
715 456 32 20 att
757 454 86 21 ståndet
853 453 76 21 månde
938 458 35 16 ac-

143 485 85 25 ceptera
246 483 39 21 den
301 483 123 27 resolution,
439 490 45 14 som
500 483 113 21 Friherren
629 484 27 26 på
671 482 56 28 goda
742 482 46 22 skäl
804 482 114 26 föreslagit.

212 539 32 21 Hr
260 539 102 21 Munck:
378 539 34 21 Då
426 539 36 27 jag
476 539 95 21 förordat
587 538 129 28 antagandet
731 538 22 22 af
769 538 115 22 utskottets
900 539 73 20 betän-

143 568 76 25 kande,
240 567 39 21 har
290 568 38 26 jag
342 567 114 27 ingalunda
472 568 94 26 godkänt
582 568 25 20 de
623 567 72 26 motiv,
711 574 45 14 som
776 569 37 19 äro
836 566 89 22 anförda
939 566 34 21 till

144 596 68 26 grund
227 596 33 20 för
274 596 60 21 detta
353 596 142 26 betänkande,
517 598 22 25 ty
562 595 61 22 äfven
643 596 37 26 jag
695 602 62 15 anser
779 595 114 27 ingalunda
915 597 58 19 stän-

145 624 65 21 derna
232 630 51 15 vara
305 624 132 26 berättigade
453 626 32 19 att
507 624 49 26 ingå
578 624 6 20 i
608 624 138 26 lagtolkning,
770 624 70 21 såsom
864 630 28 14 nu
915 623 58 21 skett

144 652 48 21 med
208 652 122 26 tolkningen
347 652 22 20 af
382 653 27 20 57
428 652 53 26 Kap.
499 652 28 21 M.
543 652 24 21 B.
583 652 89 21 likasom
693 652 37 26 jag
752 652 8 20 i
780 652 67 20 likhet
870 652 49 21 med
941 651 32 21 Hr

144 680 104 21 Mechelin
272 680 46 21 icke
332 680 67 21 heller
422 686 63 15 anser
500 680 105 22 klämmen
621 680 106 22 innehålla
742 682 32 20 ett
796 680 89 21 klander
907 679 65 27 deraf,

144 710 33 19 att
192 708 123 26 regeringen
330 708 47 21 icke
392 708 82 22 härtills
490 708 67 22 skulle
573 708 46 27 följt
639 709 67 26 lagen,
723 709 39 21 och
778 708 98 22 förordar
887 709 38 27 jag
939 709 33 21 så-

144 736 57 22 ledes
216 736 116 22 utskottets
347 736 135 22 betänkande
497 737 7 21 i
520 737 47 21 dess
582 737 78 22 helhet.

214 792 32 22 Hr
261 792 22 22 C.
300 793 24 21 A.
340 793 24 21 L.
387 793 85 27 Boije:
495 794 33 21 Då
547 794 68 21 denna
630 793 59 27 fråga
711 794 66 22 redan
792 794 68 21 blifvit
882 795 24 20 sä
929 794 46 21 vid-

145 821 69 27 lyftigt
230 821 125 25 behandlad,
372 822 34 20 vill
421 822 36 26 jag
472 822 55 21 blott
546 822 61 21 hafva
629 822 32 21 till
683 822 131 27 protokollet
836 822 137 26 antecknadt,

146 852 32 19 att
190 850 37 26 jag
242 850 140 21 understöder
397 850 116 22 utskottets
529 850 140 22 betänkande.
699 851 41 27 Jag
762 854 45 18 tror
830 852 36 20 det
888 857 51 15 vara
954 850 22 22 af

145 880 80 20 största
241 878 43 27 vigt
300 880 38 24 att,
355 878 26 22 då
397 879 19 20 vi
433 878 62 22 hafva
510 885 25 15 en
551 879 40 27 lag,
607 886 46 14 som
669 880 45 21 icke
730 880 80 21 uttalar
822 882 32 19 att
865 880 110 26 ordnings-

146 907 86 21 makten
247 907 54 21 skall
317 908 44 20 visa
376 908 70 26 någon
461 908 118 21 humanitet
595 911 44 18 mot
661 909 53 23 dem,
738 908 70 21 hvilka
831 909 69 21 såsom
923 908 52 27 yrke

146 935 94 22 bedrifva
256 936 68 20 denna
340 936 47 26 last,
404 936 38 21 och
459 936 53 26 dem,
530 942 45 15 som
587 936 61 22 locka
659 938 50 20 våra
719 943 56 21 unga
786 939 62 19 söner
858 938 27 26 på
896 937 79 21 lastens

145 964 69 21 banor
229 964 48 21 med
293 964 86 21 dermed
395 964 91 27 följande
501 964 32 21 för
556 965 48 21 hela
626 966 82 26 slägten
732 965 92 27 sorgliga
846 966 129 26 sjukdomar,

146 992 24 22 så
185 999 61 15 anser
260 993 36 26 jag
312 992 36 22 det
362 999 51 15 vara
428 993 143 27 egendomligt
586 996 31 18 att
633 994 114 26 diskutera,
757 1000 35 15 om
808 994 68 22 denna
887 994 34 27 lag
936 994 40 21 bör

147 1020 121 28 efterföljas,
285 1021 26 21 då
327 1028 28 14 nu
375 1021 116 21 ständerna
507 1022 107 21 dessutom
630 1022 94 22 beslutat
746 1025 32 19 att
799 1023 47 21 icke
868 1022 109 22 bibehålla

147 1049 59 22 detta
220 1049 124 27 stadgande,
360 1052 52 19 utan
428 1052 56 19 ännu
500 1056 56 16 mera
574 1050 113 28 förtydliga
702 1052 41 25 det,
764 1051 45 27 just
824 1052 31 20 uti
871 1052 36 20 det
921 1050 54 28 syfte

145 1078 105 20 utskottet
266 1078 39 20 här
320 1080 70 19 ansett
406 1078 35 21 det
456 1078 52 21 böra
528 1079 75 20 tolkas.
635 1079 50 21 Som
707 1080 68 26 sagdt,
796 1080 36 26 jag
855 1086 62 15 anser
939 1080 37 21 det

147 1111 50 16 vara
212 1105 143 28 egendomligt
370 1109 32 18 att
417 1113 57 20 anse,
489 1109 32 19 att
535 1107 118 22 utskottets
668 1107 135 22 betänkande
814 1108 39 21 bör
863 1107 112 26 förkastas,

147 1134 27 21 då
190 1135 35 21 det
237 1135 46 26 just
298 1135 45 21 står
357 1135 7 20 i
379 1134 218 23 öfverensstämmelse
613 1139 48 19 med
677 1136 90 27 tidigare
783 1136 76 22 beslut.
889 1136 40 27 Jag
939 1135 37 22 vill

148 1163 70 21 derför
232 1164 28 26 på
276 1163 35 21 det
326 1163 93 27 ifrigaste
434 1164 130 21 understöda
579 1165 116 21 utskottets
710 1165 141 21 betänkande.

217 1221 33 22 Hr
264 1222 33 21 W.
314 1221 83 28 Spåre
421 1221 144 22 understödde
581 1222 57 21 Frih.
655 1222 22 21 af
691 1221 113 22 Schulténs
820 1221 39 22 och
881 1221 33 22 Hr
929 1221 49 28 Pip-

149 1251 123 27 pingskölds
287 1251 115 28 yrkanden.

221 1308 59 21 Frih.
296 1309 25 21 R.
338 1309 23 20 A.
385 1308 104 21 Wrede:
512 1308 40 27 Jag
567 1310 24 19 är
607 1314 49 15 ense
675 1308 48 21 med
738 1308 32 21 Hr
785 1307 105 22 Mechelin
906 1307 74 21 derom

151 1337 32 20 att
192 1337 115 21 ständerna
316 1337 45 21 icke
369 1337 7 20 i
385 1337 67 21 andra
460 1337 35 21 fall
504 1339 34 22 än,
550 1337 27 20 dä
587 1336 37 21 det
634 1336 67 27 gäller
716 1338 32 19 att
762 1336 73 27 afgöra
850 1337 71 26 nägon
932 1335 48 22 dem

149 1364 146 27 föreliggande
311 1365 65 27 fräga,
393 1365 52 21 böra
460 1365 66 21 inläta
536 1365 32 27 sig
579 1365 26 27 pä
616 1365 138 26 lagtolkning.
770 1365 66 21 Detta
852 1366 24 19 är
891 1366 31 19 ett
937 1369 44 16 om-

150 1393 58 26 räde,
224 1399 45 16 som
285 1393 72 22 tillhör
373 1393 173 22 domaremakten
567 1393 39 22 och
629 1393 46 22 icke
698 1393 201 27 representationen.
931 1393 50 21 Men

151 1422 64 21 också
230 1422 117 22 innehåller
362 1423 40 21 den
412 1422 64 25 kläm,
486 1423 85 20 hvilken
580 1422 151 27 Lagutskottet
739 1422 39 21 här
785 1422 89 21 föreslår
882 1421 33 22 till
923 1423 58 20 stän-

151 1451 76 21 dernas
242 1451 125 27 antagande,
376 1451 47 21 icke
431 1451 69 26 nägon
510 1451 103 26 obefogad
621 1450 97 27 tolkning
725 1450 23 22 af
756 1450 70 27 lagen.
842 1449 33 22 All
887 1450 41 21 den
938 1449 44 28 lag-

151 1479 103 27 tolkning,
260 1485 46 16 som
314 1479 152 27 Lagutskottet
474 1479 73 22 tillätit
555 1479 38 27 sig,
602 1479 39 22 och
649 1485 46 16 som
701 1479 151 27 Lagutskottet
858 1478 55 22 varit
920 1480 61 20 tvun-

151 1513 41 21 gen
203 1509 31 20 att
248 1510 52 25 göra
315 1507 33 22 till
363 1507 52 28 följd
425 1507 23 22 af
457 1507 128 28 petitionens
597 1508 74 21 remiss
679 1507 33 22 till
719 1507 113 26 utskottet,
841 1506 141 23 förekommer

151 1535 8 22 i
173 1536 159 28 motiveringen.
350 1536 40 22 Om
406 1537 116 21 ständerna
536 1536 83 22 säledes
633 1535 74 23 förena
722 1535 32 28 sig
770 1542 35 15 om
821 1535 36 22 det
872 1535 110 22 uttalande
