1075 1736
204 119 54 22 1130
455 126 25 17 R.
493 131 18 12 o.
523 127 23 16 A.
560 127 58 16 1888.
637 127 19 16 11
672 127 48 20 Maj.

173 211 105 27 tilläggas.
309 212 41 26 Jag
365 212 66 21 fäster
447 212 24 21 sä
486 212 86 27 mycket
588 214 69 19 större
667 212 44 27 vigt
727 212 82 24 härvid,
825 218 45 15 som
884 212 37 27 jag
936 212 69 22 skulle

173 240 73 21 känna
269 246 25 15 en
318 240 42 22 viss
376 240 188 22 tillfredsställelse
581 241 58 21 öfver
655 242 33 20 att
702 247 78 20 genom
796 240 60 22 detta
871 240 44 22 lilla
931 241 74 27 tillägg

174 268 100 27 möjligen
290 269 72 21 kunna
377 270 63 21 vinna
455 270 36 21 det
507 270 123 26 föreslagna
645 269 124 21 uttalandet
785 271 52 19 utan
852 270 103 26 votering.

244 325 32 20 Hr
291 325 207 28 Pippingsköld:
529 327 43 20 Det
588 326 22 21 af
624 326 57 21 Frih.
698 332 42 15 von
756 326 57 21 Born
829 326 89 27 tillagda
928 327 77 26 yrkan-

176 354 36 21 det
234 355 33 19 att
290 354 46 26 ,vid
359 355 98 26 pröfning
479 355 23 21 af
518 355 50 21 sökt
590 355 97 21 tillstånd
703 355 33 20 till
750 355 100 26 jernvägs
866 355 138 26 anläggande,

175 382 89 21 befarad
287 382 134 23 konkurrens
436 384 49 21 med
501 390 71 15 annan
589 384 79 21 allmän
684 383 53 21 eller
753 383 83 22 enskild
850 383 88 27 jernväg
954 383 52 22 eller

175 411 277 22 kommunikationsanstalt
475 413 46 21 icke
545 413 65 26 enligt
634 412 128 21 ständernas
785 412 136 27 uppfattning
938 412 67 21 borde

174 439 67 22 blifva
263 440 178 25 bestämmande",
458 443 23 19 är
499 441 83 27 yttradt
598 441 6 21 i
620 441 28 20 all
664 441 124 21 allmänhet.
819 440 81 22 Genom
916 443 31 19 att
963 440 42 22 till-

175 468 63 27 lägga
261 470 56 19 ännu
341 475 25 15 en
390 469 157 28 bibestämning
570 469 66 22 sådan
654 476 45 15 som
716 470 20 24 ,i
753 469 134 26 allmänhet”,
902 472 39 24 gör
957 476 48 15 man

176 497 31 26 sig
223 497 83 27 skyldig
321 498 33 21 till
371 505 25 14 en
412 499 135 20 rhetorikens
558 498 24 21 sä
593 498 85 21 kallade
690 499 117 26 pleonasm.
829 498 42 21 Vill
883 505 49 14 man
943 498 64 21 hafva

176 532 26 14 en
218 525 67 22 sädan
300 526 61 25 fram,
378 527 23 21 sä
416 533 65 21 gerna
497 527 34 21 för
547 527 49 27 mig.

246 582 34 22 Dä
302 584 63 26 ingen
388 584 72 21 vidare
483 584 94 27 begärde
601 585 67 25 ordet,
685 584 52 21 aflät
753 584 32 21 Hr
800 584 207 22 Landtmarskalken

177 611 32 21 till
225 611 132 22 besvarande
374 612 53 22 efter
443 613 121 21 hvarandra
581 613 93 27 följande
691 614 79 20 tvänne
786 619 68 21 prop:

248 670 32 20 1:o
296 669 53 27 Den,
366 676 45 15 som
427 671 36 21 vill
479 672 31 20 att
526 670 32 21 uti
574 670 127 22 ständernis
717 670 147 27 underdäniga
881 676 47 15 svar
943 669 12 21 ä
967 669 40 21 den

177 697 48 21 nåd.
250 704 60 20 prop.
335 698 54 22 skall
409 699 50 27 ingå
475 701 30 19 ett
521 699 119 26 uttalande,
657 699 77 21 sådant
751 699 58 21 Frih.
825 705 40 15 von
881 698 56 22 Born
953 698 6 21 i
975 698 32 21 sin

177 726 133 22 reservation
324 727 118 27 föreslagit,
459 728 48 21 med
523 728 53 21 eller
592 730 51 19 utan
660 728 36 21 det
712 728 23 21 af
744 728 57 20 Frih.
813 734 41 14 von
865 727 56 21 Troil
932 726 76 28 gjorda

178 754 104 28 tillägget,
298 758 71 19 röstar
383 756 32 27 ju;

249 784 72 21 vinner
337 784 41 27 nej,
394 784 97 22 förfaller
505 785 76 27 frågan
598 792 33 14 om
648 787 31 19 ett
695 785 78 21 sådant
784 784 121 25 uttalande;

247 842 85 20 hvilken
348 848 60 20 prop.
425 842 128 22 besvarades
570 842 47 22 med
634 842 157 27 öfvervägande
805 842 29 27 ja.

248 905 34 20 2:0
305 904 53 26 Den,
383 911 44 15 som
450 905 126 26 godkänner
595 905 36 21 det
646 904 23 21 af
683 905 51 21 Frih.
758 911 41 14 von
815 905 58 20 Born
888 903 121 27 föreslagna

180 933 111 21 uttalande
307 933 147 26 oförändradt,
472 935 69 20 röstar
555 934 33 26 ja;

248 962 74 21 vinner
338 962 41 26 nej,
395 962 38 21 har
448 962 25 21 R.
490 969 18 14 o.
525 963 25 20 A.
567 962 95 21 beslutat
678 964 32 19 att
721 962 54 21 efter
787 962 65 21 orden
863 977 7 10 ,
875 961 65 26 enligt
951 962 58 19 stän-

179 990 77 21 dernas
272 990 153 27 uppfattning",
442 991 40 21 bör
497 991 91 21 insättas
604 991 65 21 orden
686 991 20 25 ,i
722 990 138 21 allmänhet*.

249 1047 46 21 Och
310 1054 45 15 som
372 1048 69 21 denna
456 1055 59 20 prop.
532 1048 128 21 besvarades
676 1048 49 21 med
737 1047 155 26 öfvervägande
903 1045 41 33 nej,
955 1045 55 22 hade

180 1075 24 22 R.
222 1081 20 16 0.
258 1077 24 20 A.
298 1077 97 26 godkänt
417 1077 57 21 Frih.
497 1083 42 15 von
559 1077 69 21 Borns
651 1076 81 27 förslag
756 1076 47 21 med
819 1075 94 27 antydda
928 1074 81 27 tillägg.

252 1133 70 22 Sedan
342 1133 91 22 sälunda
448 1134 163 26 Lagutskottets
626 1133 142 22 förevarande
784 1133 43 20 bet.
843 1132 70 21 blifvit
928 1131 82 22 slutbe-

179 1161 111 27 handladt,
306 1162 112 27 föredrogs

252 1225 164 26 Lagutskottets
439 1225 42 21 bet.
505 1225 40 20 N:o
564 1225 26 20 13
606 1225 6 20 i
628 1224 113 25 anledning
757 1223 23 21 af
795 1229 25 15 en
836 1223 57 20 inom
908 1222 24 21 R.
949 1228 20 14 o.
985 1221 26 20 A.

180 1255 56 19 samt
251 1253 106 26 Borgare-
373 1253 40 21 och
427 1253 167 22 Bondeständen
610 1253 63 20 väckt
688 1253 82 20 motion
786 1257 33 15 om
836 1250 127 32 författning
974 1255 37 26 an-

179 1281 82 26 gående
284 1282 97 21 vilkoren
397 1282 40 21 .för
451 1282 127 21 koncession
594 1281 13 21 &
622 1281 97 22 enskilda
733 1279 256 28 jernvägsanläggningar
1004 1284 7 14 i

180 1310 99 26 Finland,
295 1310 82 21 hvilket
392 1311 43 20 bet.
452 1312 51 19 utan
519 1311 122 20 diskussion
656 1309 131 28 godkändes.

495 1441 205 23 Elementarskolorna.

252 1498 123 26 Föredrogs
397 1499 114 21 Allmänna
533 1498 210 22 Besvärsutskottets
759 1497 42 21 bet.
818 1496 40 21 N:o
874 1496 27 20 27
917 1495 6 21 i
939 1494 74 34 anled-

180 1526 51 27 ning
246 1527 24 21 af
284 1527 107 21 särskilda
406 1528 57 21 inom
479 1527 91 26 Preste-,
587 1527 105 27 Borgare-
707 1526 40 22 och
757 1524 168 23 Bondeständen
935 1522 78 22 väckta
