1073 1736
349 121 26 18 R.
388 126 18 13 o.
413 121 24 17 4.
446 121 60 18 1888.
529 122 23 17 15
564 121 47 22 Maj.
824 117 53 21 1195

76 207 99 22 utveckla
191 207 112 22 desamma.
333 208 50 22 Men
397 208 35 27 jag
447 208 39 22 ber
501 208 75 22 endast
591 210 32 20 att
638 208 21 22 få
674 207 113 22 framhålla
801 209 38 24 att,
855 208 51 20 enär

76 236 68 22 sedan
160 236 56 21 1824
232 236 134 22 dödsstraffet
381 236 90 22 faktiskt
490 236 93 28 upphört
598 238 31 20 att
652 236 107 27 tillämpas
773 236 7 21 i
795 236 47 21 vårt
856 234 50 23 land

77 264 40 22 och
132 264 65 22 sedan
214 266 60 25 1826,
299 271 75 20 genom
391 272 26 14 en
432 266 76 26 åtgärd
524 265 22 21 af
559 265 195 27 regeringsmakten
775 263 131 23 beträffande

76 292 147 23 dödsstraffets
239 293 138 27 tillämpning,
394 293 118 22 detsamma
520 293 42 22 kan
573 300 60 15 anses
644 293 63 22 hafva
716 292 69 22 blifvit
795 291 109 29 upphäfdt,

76 322 34 21 ett
125 321 148 22 bibehållande
289 321 21 22 af
324 322 59 21 detta
399 321 61 22 straff
473 322 7 21 i
496 322 40 22 den
552 329 41 21 nya
615 321 122 27 strafflagen
757 327 49 16 vore
820 323 33 20 att
867 320 39 23 lik-

76 349 75 22 ställas
165 350 49 22 med
230 352 31 20 ett
275 350 162 22 återinförande.
468 350 41 27 Jag
524 351 36 21 vill
575 351 68 21 under
658 350 79 21 sådana
760 349 145 22 förhållanden

77 377 70 28 fråga:
163 379 76 21 månne
255 379 37 21 vår
307 378 207 23 brottmålsstatistik
528 379 61 27 gifvit
603 379 114 26 anledning
737 378 31 21 till
784 381 31 19 ett
830 378 76 22 sådant

77 407 158 22 återinförande
251 407 22 21 af
286 407 147 22 dödsstraffet?
459 407 112 22 Utskottet
585 408 39 21 har
639 407 7 22 i
661 407 38 22 sitt
714 407 42 21 bet.
772 407 90 21 rörande
878 407 26 20 21

78 435 63 27 Kap.,
157 441 45 16 som
218 435 112 22 återfinnes
346 437 27 26 på
389 443 47 20 pag.
453 437 34 23 59,
504 436 98 27 framlagt
617 443 25 15 en
664 435 119 27 utredning,
799 441 45 16 som
859 435 47 22 icke

77 463 67 27 gifver
158 464 49 21 stöd
221 464 33 21 för
269 471 25 14 en
309 465 66 21 sådan
391 465 55 27 åsigt
462 465 39 21 och
516 465 106 22 utskottet
637 464 124 22 framhåller
777 464 44 27 just
836 464 6 21 i
858 463 48 22 stöd

77 491 24 22 af
114 491 233 23 brottmålsstatistiken
363 493 61 22 äfven
439 494 28 27 på
482 493 93 27 följande
597 493 46 22 sida
658 495 32 19 att
705 493 84 21 landets
804 492 102 28 prokura-

78 522 58 19 torer
152 521 7 20 i
173 521 46 21 sina
234 521 76 27 afgifna
325 521 128 22 berättelser
467 521 78 22 uttalat
560 522 31 27 sig
607 522 86 25 derhän,
714 523 31 20 att
761 520 145 23 dödsstraffets

78 549 141 27 umbärlighet
242 550 37 21 hos
302 556 34 16 oss
359 553 24 18 är
405 557 77 20 genom
498 550 145 22 erfarenheten
659 549 107 28 fulleligen
781 548 123 28 ådagalagd.

78 577 11 21 I
104 577 93 27 enlighet
211 577 87 23 härmed
314 585 50 15 voro
381 579 60 21 äfven
457 579 36 21 vid
508 579 59 21 tiden
582 579 32 21 för
630 579 55 21 1863
701 579 35 21 års
751 578 101 26 landtdag
874 583 32 15 re-

76 606 76 27 gering
167 606 39 22 och
226 607 85 21 ständer
326 614 49 14 ense
391 614 34 14 om
441 607 148 22 dödsstraffets
604 607 135 26 fullständiga
756 606 128 22 afskaffande
898 605 8 21 i

78 635 38 21 vår
131 634 153 27 brottmålslag.
309 636 61 21 Hvad
386 636 42 21 kan
445 636 27 21 då
487 636 118 27 egentligen
621 642 29 15 nu
661 636 84 27 påkalla
756 637 31 20 ett
797 634 109 22 införande

78 663 22 21 af
122 663 149 22 dödsstraftet?
301 664 45 22 Här
368 664 114 27 föreligger
500 664 25 27 ju
545 671 25 15 en
586 671 45 15 mer
647 666 26 20 än
688 664 83 28 60-årig
787 663 119 23 erfarenhet

78 691 80 26 derom,
181 694 32 19 att
237 692 133 22 dödsstraffet
392 693 46 21 icke
461 700 51 14 vore
527 693 130 27 nödvändigt
671 692 33 22 för
718 692 153 29 betryggandet
886 691 22 23 af

78 720 181 22 rättssäkerheten
274 721 7 21 i
295 721 78 26 landet,
397 722 40 21 och
453 723 31 20 ett
499 722 131 26 qvartsekels
653 721 50 21 häfd
718 721 33 21 för
773 722 111 27 opinionen
899 720 8 21 i

78 748 73 22 landet
171 748 52 22 eller
244 749 33 21 för
299 750 35 21 det
356 751 23 21 så
401 750 86 22 kallade
509 750 210 22 rättsmedvetandet.
749 750 40 27 Jag
803 750 42 21 kan
860 749 46 22 icke

77 776 65 22 ställa
163 777 42 26 mig
227 778 28 26 på
277 784 69 16 annan
367 779 133 27 ståndpunkt
514 779 8 21 i
538 779 69 21 denna
622 779 66 26 fråga,
712 780 27 20 än
755 779 40 21 den
810 777 96 28 regering

78 805 40 21 och
141 806 87 21 ständer
249 806 71 27 intogo
343 807 35 21 vid
403 808 55 20 1863
481 808 35 21 års
536 808 108 26 landtdag,
663 807 40 21 och
718 807 42 21 kan
776 806 69 22 derför
860 806 46 22 icke

78 833 89 27 bidraga
190 834 31 21 till
244 835 118 21 införandet
385 836 22 21 af
428 836 136 22 dödsstraffet
586 836 31 21 uti
632 837 37 20 vår
685 836 93 26 strafflag
793 835 32 21 för
840 834 67 22 andra

78 862 60 21 brott
152 865 26 18 än
193 863 80 21 sådana
287 864 198 27 statsförbrytelser,
502 865 37 21 der
554 864 82 21 straffet
652 864 113 21 motiveras
786 864 22 21 af
820 863 86 28 politisk

78 890 163 27 nödvändighet,
264 892 103 27 nämligen
391 893 32 20 för
446 893 145 26 högförräderi
614 893 39 21 och
669 892 174 27 majestätsbrott.
873 892 34 21 Då

75 919 38 26 jag
128 919 89 22 sålunda
231 920 6 21 i
254 920 62 27 öfrigt
330 921 46 21 icke
392 921 42 21 kan
450 921 107 28 tillstyrka
579 921 120 22 införandet
714 921 21 22 af
750 920 135 23 dödsstraffet
900 920 7 21 i

79 948 37 21 vår
138 947 100 28 strafflag,
262 950 23 20 så
307 949 115 28 medgifver
441 950 38 27 jag
496 952 32 19 att
544 950 35 21 det
595 950 49 21 sker
659 949 65 22 delvis
740 949 70 22 derför
825 951 32 19 att
870 949 37 27 jag

78 976 133 27 personligen
235 977 46 21 icke
303 978 41 21 kan
367 978 77 27 fritaga
463 979 43 26 mig
520 979 47 21 från
582 978 105 28 intrycket
703 978 22 21 af
739 978 113 21 historiens
867 977 40 22 och

80 1005 38 21 vår
133 1005 41 21 tids
189 1005 126 26 skildringar
331 1013 34 15 om
381 1007 147 22 dödsstraffets
544 1007 117 26 utförande,
678 1007 39 21 och
728 1007 46 22 icke
785 1006 66 21 heller
861 1005 47 22 från

78 1033 107 27 intrycket
199 1033 23 22 af
236 1034 25 21 de
276 1036 35 20 två
327 1036 79 25 gånger
421 1036 22 21 af
458 1037 42 26 mig
515 1035 124 22 bevittnade
661 1035 76 28 dylika,
761 1035 90 28 gräsliga
866 1035 42 20 för-

79 1061 124 28 rättningar.
239 1063 42 21 För
303 1063 42 22 min
368 1064 147 27 föreställning
538 1065 46 21 står
606 1064 105 26 nämligen
735 1063 130 27 vidrigheten
888 1062 22 22 af

79 1090 138 22 dödsstraffet
233 1091 74 22 endast
320 1092 107 27 jemförlig
442 1093 49 21 med
506 1093 132 26 vidrigheten
654 1093 21 21 af
689 1093 87 22 brottet.
802 1092 41 21 Det
858 1091 51 22 lem-

79 1124 39 15 nar
132 1119 46 22 icke
193 1125 47 16 rum
256 1120 32 21 för
302 1120 116 27 begreppet
434 1127 34 15 om
484 1121 89 22 rättvisa
589 1122 5 20 i
609 1122 66 26 högre
686 1122 90 27 mening,
793 1123 50 19 utan
854 1119 55 22 blott

78 1146 117 32 begreppet
217 1154 35 15 om
275 1149 164 27 vedergällning.
471 1150 48 21 Men
539 1150 81 21 oafsedt
636 1151 61 20 dessa
719 1149 131 28 synpunkter
872 1149 38 21 ber

75 1181 39 21 jag
129 1178 32 18 att
176 1176 20 21 få
212 1176 116 27 framhålla,
345 1180 31 18 att
392 1178 36 21 det
444 1178 54 22 dock
514 1180 24 19 är
553 1178 7 21 i
575 1178 88 22 främsta
677 1181 92 19 rummet
785 1177 76 26 derför,
877 1179 32 19 att

76 1204 37 26 jag
128 1204 46 21 icke
190 1204 81 22 kunnat
285 1206 107 26 bibringas
413 1206 154 27 öfvertygelsen
590 1213 33 14 om
647 1206 146 22 dödsstraffets
815 1206 93 21 nödvän-

80 1231 72 28 dighet
167 1232 38 22 hos
221 1239 40 21 oss,
284 1240 45 15 som
342 1234 37 27 jag
399 1234 97 22 kommer
511 1237 32 19 att
559 1235 32 21 för
606 1235 42 21 min
665 1235 32 21 del
713 1237 58 20 rösta
787 1236 44 20 mot
847 1233 61 22 döds-

78 1260 89 27 straffet,
183 1263 59 20 utom
257 1262 32 21 för
305 1262 24 21 de
345 1263 194 28 statsförbrytelser
550 1263 37 28 jag
601 1264 66 21 redan
684 1263 94 22 anförde.

137 1318 32 21 Hr
183 1318 32 21 W.
232 1318 90 27 Spåre:
345 1319 41 27 Jag
404 1319 43 22 kan
462 1320 47 21 icke
524 1320 148 21 tillbakahålla
687 1322 32 19 att
735 1321 68 20 uttala
818 1326 26 15 en
860 1319 50 28 glad

79 1346 134 22 tacksamhet
235 1349 45 19 mot
301 1347 105 28 försynen,
431 1355 46 15 som
493 1349 48 21 låtit
564 1355 34 15 oss
619 1349 100 27 upplefva
735 1350 68 21 denna
818 1349 48 26 dag,
882 1348 27 21 då

80 1375 54 22 efter
149 1376 26 20 25
191 1375 34 22 års
241 1378 69 25 träget
333 1377 39 20 och
391 1377 87 27 upplyst
500 1377 119 22 samarbete
635 1378 23 21 af
678 1378 97 27 regering
798 1377 39 22 och
852 1378 57 19 stän-

80 1404 44 26 der,
147 1404 20 21 vi
189 1411 29 14 nu
240 1411 22 14 se
285 1405 36 21 det
343 1405 146 27 föreliggande
511 1406 136 27 lagförslaget
663 1406 65 21 blifva
743 1413 25 14 en
784 1405 124 26 verklighet.

79 1432 43 21 Det
137 1434 23 19 är
182 1434 52 19 utan
256 1433 72 21 tvifvel
344 1434 36 20 det
399 1436 81 19 största
494 1436 53 25 steg,
563 1441 45 15 som
623 1435 8 20 i
646 1435 47 21 vårt
708 1435 50 21 land
773 1435 64 26 tagits
853 1434 57 20 inom

80 1460 225 23 civilisationsarbetet.
337 1462 41 26 Jag
400 1462 71 21 helsar
494 1462 71 22 derför
580 1463 69 21 denna
664 1470 41 20 nya
719 1464 35 26 lag
769 1463 28 27 på
812 1463 36 21 det
862 1468 48 14 var-

80 1491 68 19 maste
163 1489 140 27 välkommen,
319 1490 40 21 och
375 1490 42 22 kan
432 1491 49 21 icke
496 1493 65 19 annat
576 1493 26 19 än
617 1492 8 20 i
641 1492 41 21 allo
699 1492 47 21 dela
761 1492 26 20 de
798 1490 113 28 principer,

80 1523 45 15 som
141 1518 7 20 i
164 1518 40 21 den
219 1518 48 21 nåd.
283 1525 60 20 prop.
359 1518 64 22 hafva
439 1520 71 21 blifvit
524 1520 102 21 uttalade.
657 1520 60 22 Dock
732 1522 24 19 är
767 1520 36 21 det
813 1519 32 21 uti
855 1520 57 20 vissa
