1067 1739
355 139 25 17 R.
392 144 18 12 o.
422 139 23 17 A.
455 140 56 16 1888.
535 139 27 18 22
574 139 49 21 Maj.
826 134 54 21 1451

80 224 60 28 syfte,
164 230 45 16 som
224 224 90 22 sålunda
328 225 178 27 sammanhänger
520 225 49 21 med
584 227 32 19 ett
631 224 78 22 fattadt
724 224 80 27 beslut;
821 228 23 25 ty
858 225 51 27 eljes

81 253 71 21 kunde
179 259 48 15 man
250 253 85 21 komma
358 253 32 21 till
413 253 122 27 betänkliga
550 253 156 27 förvecklingar
723 254 7 20 i
745 254 164 27 lagstiftningen.

81 281 34 22 En
135 281 102 27 glömska,
260 284 32 19 ett
315 281 139 28 förbiseende,
470 288 46 16 som
531 282 61 22 äfven
608 282 133 26 lagstiftaren
756 282 41 22 kan
812 285 52 25 göra
879 282 32 27 sig

80 310 85 27 skyldig
192 310 39 26 till,
258 310 72 22 kunde
346 310 27 22 då
388 310 47 22 icke
458 310 35 22 vid
512 317 81 15 samma
608 310 144 22 ständermöte
768 313 73 20 rättas.
871 311 41 27 Jag

82 338 71 22 kunde
176 338 94 27 åberopa
293 341 31 19 ett
346 338 43 27 fall,
412 346 46 14 som
474 339 68 22 under
557 340 69 20 denna
641 339 103 27 landtdag
758 339 100 27 inträffat,
874 340 38 21 der

83 374 49 15 man
147 366 46 22 ifall
208 367 22 21 af
246 367 63 22 behof
322 367 56 22 hade
392 368 82 21 kunnat
489 370 52 25 göra
556 368 98 26 gällande
670 369 31 20 ett
717 368 131 22 omedelbart
858 374 54 16 sam-

83 396 106 26 manhang
204 396 48 21 med
267 396 66 22 redan
350 395 80 23 fattade
446 396 74 22 beslut.
547 396 41 22 Till
603 396 116 22 ständerna
733 396 178 26 utdeladesinäm-

82 424 57 28 ligen
162 424 35 21 vid
216 424 140 28 landtdagens
372 424 75 28 början
463 432 26 14 en
505 425 48 22 nåd.
569 432 60 20 prop.
646 431 34 15 om
696 426 55 20 vissa
766 424 146 27 förändringar

84 453 8 21 i
109 453 60 27 fråga
192 459 34 15 om
248 453 34 21 val
303 453 33 21 till
351 453 157 27 borgmästare-
524 454 39 21 och
578 454 192 26 rådmanstjenster
784 454 7 20 i
805 454 106 21 städerna.

83 482 43 21 Det
148 481 62 27 gälde
232 488 25 14 en
280 482 142 26 begränsning
442 482 22 22 af
478 484 122 20 rösträtten.
631 482 10 22 I
656 482 48 22 nåd.
721 489 59 21 prop.
797 482 39 22 och
851 482 61 22 äfven

84 510 7 21 i
114 510 160 26 Lagutskottets
297 510 136 22 betänkande
455 510 110 28 förbisågs,
588 512 33 20 att
643 511 35 21 det
701 511 99 25 qvarstod
815 513 57 19 ännu
886 517 26 15 en

83 544 71 16 annan
170 538 82 22 skilnad
267 539 78 21 mellan
360 539 160 27 ifrågavarande
535 540 33 21 val
584 539 40 22 och
640 540 66 26 öfriga
722 539 135 22 kommunala
872 539 40 24 val,

86 567 46 26 och,
155 568 66 21 sedan
246 567 144 22 betänkandet
412 568 67 22 redan
501 568 54 22 varit
577 568 89 22 föremål
681 568 33 21 för
728 568 100 22 ståndens
843 567 70 22 beslut

86 595 39 22 och
148 596 68 22 blifvit
238 596 22 22 af
281 596 99 27 samtliga
394 597 72 21 stånd:
473 597 116 27 godkändt,
605 597 27 21 då
647 597 53 21 först
716 597 112 21 varsnades
844 596 69 22 denna

84 625 158 26 omständighet
264 631 77 21 genom
361 627 31 19 ett
407 625 92 22 rättsfall
515 626 31 20 uti
561 625 154 27 prokuratorns
730 625 121 25 berättelse,
868 631 45 15 som

86 653 28 21 dä:
136 653 83 28 nyligen
238 653 100 28 utgifvits.
369 653 73 28 Några
458 654 96 22 enskilda
569 654 213 21 ständsmedlemmar
796 654 74 22 väckte
887 654 27 21 då

86 687 27 16 en
135 683 87 25 motion,
246 682 141 22 betraktande
406 683 153 27 prokuratorns
575 683 114 21 berättelse
705 683 49 21 med
768 683 38 21 allt
821 683 45 21 skäl
882 683 32 21 så-

86 716 46 15 som
155 717 25 15 en
199 711 100 21 inträffad
314 711 106 27 händelse,
437 711 40 22 och
493 711 107 22 motionen
616 711 44 21 blef
673 711 33 22 för
721 712 65 26 några
802 711 66 27 dagar
882 717 33 16 se-

87 738 41 21 dan
143 739 99 27 godkänd
258 739 22 22 af
292 740 122 21 ständerna.
445 740 50 21 Men
508 741 36 26 jag
564 739 68 22 håller
646 740 52 24 före,
714 742 32 19 att
757 740 60 21 dessa
832 740 83 21 stånds-

88 767 136 22 medlemmar
239 768 105 21 måhända
358 768 62 22 äfven
435 769 82 21 kunnat
532 768 56 22 finna
604 770 32 19 ett
651 768 146 27 berättigande
808 770 32 20 att
849 769 67 21 väcka

88 796 107 21 motionen
218 797 50 26 deri,
292 799 32 19 att
347 797 90 22 stånden
455 798 67 26 några
538 797 64 26 dagar
617 797 90 26 tidigare
722 797 94 26 godkänt
831 803 25 15 en
872 797 43 26 lag-

88 823 127 28 förändring,
232 825 135 28 hvarigenom
382 832 49 15 man
444 826 46 27 just
504 826 96 27 åsyftade
616 828 32 19 att
658 825 93 22 likställa
762 826 154 25 borgmästare-

89 853 39 21 och
144 853 160 22 rådmansvalen
321 855 47 20 med
386 855 66 21 andra
468 855 136 21 kommunala
621 855 39 22 val,
676 861 48 14 men
734 854 88 21 faktiskt
832 854 84 27 glömde

88 881 50 22 bort
160 889 26 14 en
209 882 129 27 förordning,
362 889 46 15 som
423 883 33 22 för
472 883 120 22 ändamålet
608 883 63 21 också
687 882 91 22 behöfde
792 882 123 28 upphäfvas.

89 909 101 23 Deremot
213 911 67 22 finner
297 912 37 26 jag
349 911 37 22 det
400 912 46 21 icke
462 912 102 27 föreligga
579 914 31 19 ett
625 911 76 22 sådant
716 911 131 22 omedelbart
862 917 54 15 sam-

89 939 112 27 manhang,
218 946 34 15 om
267 947 26 14 en
309 940 82 21 enskild
406 940 91 22 medlem
512 940 22 22 af
548 942 32 19 ett
594 941 69 25 stånd,
674 940 7 21 i
691 940 101 21 händelse
802 939 115 22 ständerna

89 969 16 19 t.
125 974 31 15 ex.
173 967 103 23 förkastat
292 975 26 15 en
333 969 48 20 nåd.
398 975 67 21 prop.,
482 969 61 22 deraf
556 971 60 24 tager
630 969 32 26 sig
678 968 112 27 anledning
805 970 32 19 att
852 968 66 21 väcka

89 996 81 21 motion
192 997 8 20 i
222 1003 80 16 samma
325 999 67 24 ämne,
410 998 38 21 och
465 998 65 21 sedan
545 997 115 22 ständerna
675 997 33 21 väl
724 997 103 21 förkastat
842 997 75 25 denna,

89 1026 61 25 tager
172 1025 31 27 sig
228 1025 112 28 anledning
356 1029 31 19 att
402 1027 68 21 väcka
485 1033 26 14 en
526 1026 89 27 petition
631 1026 6 21 i
653 1028 77 19 ämnet.
761 1025 40 27 Jag
816 1025 41 22 kan
872 1025 46 22 icke

89 1051 57 23 finna
169 1056 32 19 att
224 1056 30 19 ett
276 1055 132 21 omedelbart
430 1055 153 26 sammanhang
604 1055 40 20 här
658 1054 68 22 skulle
741 1054 107 27 föreligga.
879 1053 40 22 Om

90 1087 26 15 en
139 1082 78 22 reform
240 1083 33 21 vid
294 1083 76 22 sådant
392 1083 134 22 förhållande
548 1083 46 22 icke
618 1083 40 21 blir
680 1083 129 27 genomförd,
834 1089 34 14 om
888 1084 31 19 ett

90 1112 47 25 steg
160 1111 5 20 i
188 1111 184 28 lagstiftningsväg
394 1112 48 21 icke
466 1112 40 21 blir
528 1114 90 25 uttaget,
643 1112 23 21 så
689 1112 42 21 kan
747 1111 59 21 detta
820 1113 60 25 tagas
896 1113 24 19 ut

89 1144 28 15 en
132 1145 70 16 annan
217 1141 59 26 gång.
294 1153 27 2 —
337 1140 34 21 Nu
386 1143 62 24 säges
464 1141 27 26 på
506 1147 26 15 en
548 1140 34 22 del
597 1140 49 25 håll,
659 1140 104 27 nämligen
774 1139 22 22 af
804 1139 40 22 den
855 1139 65 22 ärade

90 1167 141 26 petitionären
246 1169 53 26 sjelf,
316 1171 31 19 att
362 1169 40 21 här
417 1169 113 27 föreligger
545 1175 26 15 en
586 1168 98 22 inträftad
699 1168 107 25 händelse,
818 1174 45 15 som
878 1168 42 21 han

90 1196 74 21 stöder
186 1197 31 27 sig
240 1198 36 26 på:
300 1199 23 20 så
339 1197 49 22 föllo
404 1197 32 27 sig
452 1197 60 22 äfven
528 1197 65 22 orden
608 1197 33 21 för
656 1203 26 15 en
697 1197 67 22 talare
780 1197 44 25 bär,
847 1197 33 21 för
894 1203 27 14 en

90 1224 64 21 stund
170 1225 72 27 sedan,
258 1226 60 21 äfven
334 1226 42 21 han
391 1226 51 21 fann
458 1226 59 21 detta
532 1233 51 14 vara
598 1232 26 15 en
640 1225 99 22 inträffad
754 1225 106 22 händelse.
891 1226 30 20 Hr

91 1252 94 22 Aminoff
199 1260 61 16 anser
276 1255 35 21 det
326 1255 46 21 icke
386 1262 51 14 vara
454 1261 26 15 en
495 1254 99 22 inträffad
609 1254 107 22 händelse,
732 1257 51 19 utan
798 1253 73 22 stöder
888 1254 34 27 sig

91 1282 27 26 på
134 1283 32 19 att
184 1282 40 22 här
238 1283 92 27 förelåge
345 1286 31 19 ett
392 1284 68 21 under
475 1283 128 27 landtdagen
618 1283 77 21 fattadt
710 1283 74 26 beslut,
800 1295 30 3 —
841 1283 29 26 ja,
887 1283 35 21 det

91 1316 62 21 synes
176 1311 42 27 mig
240 1313 69 20 såsom
332 1318 34 15 om
383 1312 32 25 de,
431 1312 72 21 hvilka
518 1314 52 24 göra
586 1312 39 20 den
648 1312 102 21 moderna
764 1311 158 27 lagtolkningen

92 1338 105 27 gällande,
220 1340 46 21 icke
290 1341 73 26 riktigt
378 1340 68 22 skulle
464 1340 61 22 hafva
540 1340 104 27 klargjort
658 1340 33 21 för
706 1340 38 27 sig,
760 1341 26 26 på
802 1340 85 20 hvilken
902 1339 22 21 af

94 1367 61 21 dessa
178 1369 180 27 omständigheter
381 1369 25 21 de
423 1369 50 27 vilja
488 1368 61 22 stöda
564 1370 38 25 sig,
618 1368 51 22 eller
684 1369 47 21 med
746 1369 55 21 hvad
817 1370 31 20 ett
864 1374 58 15 ome-

94 1395 82 22 delbart
192 1398 152 26 sammanhang
360 1404 28 14 nu
403 1397 120 27 föreligger.

163 1454 31 20 Hr
216 1454 23 21 B.
266 1454 24 22 O.
314 1454 159 22 Schauman:
503 1454 41 27 Jag
565 1454 42 21 kan
622 1454 46 22 icke
683 1454 67 22 heller
765 1453 112 22 underlåta
892 1456 32 19 att

94 1482 74 25 uttala,
178 1482 35 22 det
226 1483 38 27 jag
279 1483 141 21 understöder
434 1483 34 21 Hr
483 1482 95 22 Aminoff
592 1483 39 21 och
646 1483 59 21 delar
719 1483 53 21 hans
788 1482 136 27 åskådnings-

95 1512 44 19 sätt
164 1510 6 20 i
194 1511 139 21 förevarande
356 1511 43 25 fall,
415 1511 90 22 likasom
527 1511 7 21 i
557 1513 31 19 ett
606 1514 64 18 annat
685 1511 36 22 fall
736 1512 57 21 förut
807 1510 35 22 vid
858 1510 68 22 denna
