1073 1734
350 140 25 18 R.
387 144 17 13 o.
417 140 22 16 A.
449 140 61 16 1888.
531 140 21 16 11
560 139 48 21 Maj.
817 134 55 20 1097

70 232 48 15 men
141 226 28 27 pä
191 226 41 21 den
254 226 76 26 grund,
346 227 32 19 att
392 226 36 26 jag
443 226 124 20 föreställer
582 225 48 27 mig,
647 226 33 20 att
695 225 71 21 säsom
782 226 36 20 det
832 225 68 25 heter,

70 255 63 26 Jagen
149 254 40 22 bör
205 254 48 21 med
270 254 147 26 beskedlighet
433 254 83 21 drifven
531 254 73 25 varda,
620 254 24 20 sä
660 260 62 20 synes
738 254 42 26 mig
796 256 32 19 att
838 253 62 22 äfven

71 283 36 21 vid
129 283 61 21 detta
213 283 81 21 besluts
312 282 97 22 fattande
424 283 48 21 icke
487 282 83 22 formen
586 282 73 22 alltför
673 282 85 27 mycket
773 282 76 22 månde
864 282 36 21 bc-

72 312 78 21 herska
172 312 104 25 besluten,
300 313 51 19 utan
373 311 178 26 beskedligheten
571 311 135 27 synnerligen
722 311 60 21 äfven
798 312 7 20 i
820 312 81 20 ekono-

72 340 68 22 miska
162 340 73 27 frågor
250 340 53 21 böra
318 340 132 25 observeras,
472 340 27 21 då
515 340 108 21 dessutom
640 340 101 20 särskildt
756 340 23 21 af
792 346 35 15 oss
842 340 58 26 ihåg-

72 370 96 21 kommas
191 370 46 25 bör,
260 371 32 19 att
315 369 36 21 det
374 370 24 19 är
420 368 162 22 Bondeståndet
598 368 185 27 bufvudsakligen,
800 375 44 15 som
860 369 40 21 bär

73 398 68 21 denna
164 400 72 24 tunga.
266 398 42 26 Jag
329 398 36 20 vill
389 397 86 21 derföre
499 397 87 21 förorda
601 397 165 27 inbjudningens
781 397 119 26 antagande

73 427 48 21 med
144 426 100 22 afseende
261 425 12 22 å
288 426 12 27 &
315 426 20 26 3,
351 426 112 21 lemnande
488 426 26 21 de
535 426 68 27 öfriga
619 425 187 28 önskningsmälen
822 426 12 21 å
850 426 52 25 sido,

73 457 59 19 utom
148 457 32 19 att
192 455 38 26 jag
241 454 61 21 äfven
312 461 67 20 gerna
389 455 101 21 förordar
500 455 172 21 Bondeståndets
683 455 88 26 önskan,
783 457 32 19 att
826 455 76 26 skjuts-

75 484 62 26 legan
159 484 77 21 varder
253 484 24 21 15
293 484 63 26 penni
372 483 33 22 för
420 483 122 22 kilometer.
573 483 10 21 I
599 484 25 21 de
640 483 115 22 afseenden
768 483 38 27 jag
821 489 28 15 nu
864 489 39 14 an-

74 513 52 26 tydt,
142 512 98 22 anhåller
253 512 36 27 jag
304 512 83 21 således
403 514 33 19 att
451 512 22 21 få
489 511 75 22 förena
574 512 42 27 mig
626 512 50 21 med
687 512 57 21 Frih.
756 518 41 15 von
808 512 94 21 Alfthan.

142 569 58 22 Frih.
216 569 25 21 R.
257 569 25 22 A.
301 569 108 22 Wrede:
440 569 43 26 Jag
498 569 87 21 förenar
601 569 41 27 mig
658 569 66 21 också
739 575 34 16 om
789 569 57 22 Frih.
862 575 41 14 von

77 598 99 21 Alfthans
191 598 85 27 förslag.
297 598 41 27 Jag
352 600 40 25 gör
407 599 36 20 det
459 598 60 21 säväl
535 597 72 22 derför
617 600 33 19 att
658 598 37 27 jag
706 604 62 15 anser
779 600 31 19 att
820 598 84 21 Bonde-

77 627 86 21 ståndet
189 627 132 21 beträffande
338 628 10 25 8
365 627 12 20 3
397 627 40 20 har
459 627 84 26 ganska
568 627 74 20 starka
667 627 47 21 skäl
735 626 33 21 för
788 627 32 21 sin
841 626 62 27 äsigt,

77 656 60 21 som
127 651 14 35 i
154 655 114 27 synnerhet
283 655 77 26 derför,
370 658 32 18 att
418 662 34 14 om
469 662 48 14 man
534 655 36 21 vill
582 655 149 22 åstadkomma
742 661 25 15 en
778 655 126 26 författning

77 684 46 21 utaf
134 684 115 27 spillrorna
265 684 22 21 af
301 684 69 21 denna
386 690 67 21 prop.,
470 683 23 22 sä
505 684 39 21 har
559 691 50 14 man
619 684 86 27 mycket
716 686 68 19 större
795 684 66 26 utsigt
872 685 32 20 att

76 713 78 26 lyckas,
164 719 35 15 om
214 719 49 15 man
279 713 66 20 delvis
360 713 86 21 förenar
457 713 32 26 sig
499 713 6 20 i
517 713 26 20 de
554 713 76 26 beslut,
642 719 46 14 som
699 713 26 21 de
737 713 67 26 öfriga
814 713 90 20 ständen

76 742 66 21 redan
164 741 72 27 fattat,
252 743 27 19 än
304 748 34 15 om
361 747 49 15 man
433 747 74 16 ensam
522 741 67 22 fattar
604 743 31 20 ett
650 741 78 26 beslut,
744 748 45 15 som
804 741 46 22 helt
865 741 39 21 och

76 770 66 21 hället
157 771 81 20 afviker
253 770 47 21 frän
316 771 68 20 dessa.

145 827 32 21 Hr
200 827 24 21 A.
249 827 149 21 Schauman
420 827 147 22 understödde
590 827 62 21 äfven
675 827 58 22 Frih.
748 833 42 15 von
805 826 99 22 Alfthans

76 855 86 27 förslag.

145 912 61 22 Efter
229 912 88 22 härmed
340 912 92 22 afslutad
449 913 120 21 diskussion
586 914 50 20 atlät
652 914 32 20 Hr
699 913 206 22 Landtmarskalken

79 942 31 21 till
125 942 132 20 besvarande
273 948 26 14 en
316 941 23 21 sä
354 942 133 21 formulerad
503 942 212 27 omröstningsprop.:

147 1005 54 23 Den,
218 1010 44 16 som
278 1004 33 21 till
326 1004 69 27 grund
410 1004 34 21 för
461 1004 41 21 den
518 1005 86 27 slutliga
614 1004 127 28 pröfningen
752 1004 23 22 af
783 1004 75 27 frägan
868 1004 37 22 vill

78 1034 62 26 lägga
154 1033 118 21 utskottets
286 1033 87 27 förslag,
390 1035 71 20 röstar
474 1033 33 27 ja;

149 1062 74 21 vinner
245 1062 40 26 nej,
308 1062 40 20 har
370 1062 25 20 R.
411 1068 19 15 o.
447 1063 26 20 A.
489 1062 95 21 beslutat
603 1064 33 19 att
651 1062 33 21 till
699 1063 69 26 grund
783 1062 33 21 för
831 1062 75 27 detalj-

78 1090 156 27 granskningen
250 1090 61 27 lägga
327 1090 173 22 Bondeständets
515 1090 131 28 inbjudning.

147 1153 63 27 Prop.
235 1153 128 22 besvarades
385 1154 49 20 med
458 1153 55 21 både
533 1154 24 26 ja
572 1154 39 21 och
627 1154 41 27 nej,
689 1154 86 22 hvarför
790 1154 28 26 pä
832 1154 74 21 derom

78 1181 71 27 gjordt
171 1182 95 26 yrkande
290 1182 76 21 skreds
390 1182 33 21 till
439 1182 70 22 sluten
525 1183 139 27 omröstning,
680 1183 85 21 hvilken
781 1182 61 22 utföll
858 1182 48 22 med

78 1210 28 21 30
118 1210 24 27 ja
157 1210 40 21 och
213 1211 27 20 28
255 1211 41 26 nej.

150 1267 71 21 Sedan
236 1268 86 21 ständet
338 1267 89 21 sälunda
443 1267 32 21 till
491 1268 69 26 grund
575 1267 33 21 för
624 1267 86 27 frägans
726 1268 129 26 behandling
870 1274 37 14 an-

78 1296 55 27 tagit
154 1296 118 21 utskottets
296 1295 305 29 sammanjemkningsförslag,
622 1296 133 27 granskades
774 1296 81 22 detta
844 1291 14 37 i
872 1296 36 22 de-

80 1325 37 27 talj
134 1325 40 21 och
189 1325 45 21 blef
255 1327 51 19 utan
322 1325 72 21 vidare
410 1325 168 26 anmärkningar
592 1326 8 20 i
615 1326 43 21 alla
674 1326 58 21 delar
747 1325 118 28 godkändt.

216 1456 160 29 Koncessionslag
391 1456 30 23 för
437 1455 86 24 enskilda
538 1456 233 29 jernväysanläggningar.

148 1513 120 27 Föredrogs
284 1514 165 27 Lagutskottets
465 1514 43 21 bet.
525 1515 39 21 N:o
577 1515 25 20 12
613 1515 7 20 i
630 1515 114 26 anledning
755 1514 23 21 af
787 1513 47 22 nåd.
846 1519 61 21 prop.

80 1543 39 20 N:o
136 1543 26 20 36
178 1541 109 28 angående
304 1543 97 20 enskilda
414 1543 115 26 jernvägar
540 1543 33 21 för
588 1543 79 22 allmän
682 1542 133 26 samfärdsel,
831 1544 56 19 samt
902 1542 7 21 i
