1067 1748
350 134 25 16 R.
387 138 18 12 o.
417 134 22 16 A.
447 133 59 17 1888.
521 134 26 16 24
558 133 48 21 Maj.
814 129 54 21 1517

68 222 48 21 dels
132 220 102 25 enskilda,
250 218 74 22 hvilka
339 218 71 21 tillika
425 218 72 21 fordra
511 220 60 19 utom
586 218 209 22 chef-forstmästare
812 225 25 15 en
852 220 45 20 stor

69 248 127 23 biträdande
218 246 107 29 personal.
355 246 49 21 Men
427 246 79 21 sädana
525 246 68 21 finnas
609 246 6 21 i
632 246 136 22 förhällande
783 248 7 20 i
806 248 91 21 Finland

70 278 82 28 ganska
174 276 28 21 få.
232 276 31 21 Är
287 276 36 20 det
346 275 40 21 lätt
409 274 33 21 för
459 282 26 14 en
499 281 43 21 ung
557 275 49 27 tysk
621 274 108 22 forstman
744 278 31 18 att
791 276 55 22 efter
860 277 37 21 be-

71 306 70 22 drifna
156 304 117 22 teoretiska
289 303 81 21 studier
384 303 8 21 i
407 309 26 15 en
449 304 65 20 sädan
529 304 54 26 park
598 303 40 21 och
654 304 69 20 under
734 304 47 21 dess
789 305 108 26 praktiskt

70 334 134 27 sakkunnige
226 332 160 22 forstmastares
408 331 86 28 ledning
516 332 22 21 få
560 332 41 21 den
615 332 66 21 bästa
695 332 111 27 praktiska
821 334 76 20 under-

71 363 91 27 visning,
186 362 23 21 sä
231 361 62 21 torde
316 360 36 21 det
371 360 46 20 icke
432 366 51 15 vara
497 360 41 21 lätt
552 360 85 27 möjligt
652 360 41 21 hos
708 367 34 15 oss
758 361 39 21 och
813 362 83 21 derföre

70 398 64 21 synes
149 391 49 27 mig,
222 389 70 22 sävidt
304 389 38 27 jag
365 388 83 27 förstär,
471 391 32 19 ett
518 388 69 28 afslag
601 389 28 27 pä
645 389 144 27 petitionerna
804 396 51 15 vara
869 390 28 26 pä

69 421 36 21 sin
120 420 62 27 plats,
199 418 23 22 sä
237 418 84 27 mycket
337 417 52 27 godt
403 417 62 21 äfven
480 418 7 20 i
502 418 118 21 utskottets
636 418 44 20 bet.
696 418 7 20 i
718 418 121 21 hufvudsak
850 419 46 21 der-

71 449 35 21 för
120 450 43 20 kan
177 447 69 21 finnas
261 446 92 21 anfördt.

141 504 57 22 Frih.
222 504 24 21 O.
266 503 26 21 A.
311 502 104 21 Wrede:
445 502 10 21 I
471 502 75 28 frägan
561 509 35 15 om
611 502 160 22 forstmännens
786 504 111 26 praktiska

71 533 123 27 utveckling
216 532 39 21 hos
277 537 35 15 oss
334 531 68 21 mäste
417 537 49 15 man
485 531 101 27 päminna
601 531 33 27 sig
650 533 39 25 att,
705 532 38 21 der
758 532 139 22 forstinstitut

72 565 38 19 äro
125 561 112 28 placerade
252 560 7 21 i
275 560 78 26 städer,
369 560 40 20 den
424 566 55 20 unge
494 560 153 26 forstmannen,
665 560 65 21 sedan
745 560 42 21 han
801 561 96 21 utdimit-

72 593 68 19 terats
156 590 46 21 frän
218 591 31 19 ett
264 588 76 22 sädant
355 588 91 26 institut,
463 588 39 21 och
517 588 73 21 förrän
605 588 44 22 han
664 588 96 22 inträder
771 589 7 21 i
789 589 33 21 sin
833 590 64 26 tjenst

73 619 142 26 ovilkorligen
230 620 24 18 är
268 617 139 26 förpligtigad
422 618 32 19 att
469 617 70 26 nägon
553 617 33 21 tid
596 618 123 25 prakticera
728 618 39 21 hos
777 624 27 14 en
814 618 83 21 erfaren

72 647 99 28 praktisk
187 647 110 24 forstman,
313 645 40 21 och
368 647 32 19 att
415 645 60 21 detta
490 647 61 25 göres
567 645 33 21 till
616 648 32 19 ett
663 646 70 21 vilkor
743 646 34 21 för
787 646 111 27 intagning

72 677 42 21 och
129 675 120 22 befordran.
280 674 45 21 Hos
340 680 35 15 oss
391 675 23 19 är
429 674 76 21 sådant
521 674 39 21 alls
575 673 48 22 icke
639 674 61 22 fallet
715 675 40 21 och
770 675 68 21 skulle
848 681 50 15 man

74 705 54 21 söka
143 703 122 28 organisera
281 703 65 20 saken
361 702 6 21 i
383 702 68 21 likhet
465 703 49 20 med
536 702 56 21 hvad
608 703 63 21 fallet
686 705 23 19 är
724 703 127 26 utomlands,
874 704 24 21 sä

74 733 75 26 skulle,
166 733 69 20 säsom
249 731 33 21 Hr
297 731 154 27 Pippingsköld
466 731 77 26 anfört,
559 731 120 22 resultaten
694 732 47 21 icke
753 733 71 20 kunna
831 732 67 21 blifva

74 763 116 24 desamma,
206 760 89 21 emedan
310 759 38 21 vär
363 759 153 27 forstpersonal
531 759 33 21 till
580 759 54 28 följd
642 760 25 21 af
680 760 161 21 förhällandena
850 761 48 20 icke

75 793 25 19 är
121 797 25 14 en
169 788 153 28 forstpersonal
344 788 6 21 i
370 788 65 27 högre
450 788 92 27 mening,
565 790 52 19 utan
633 788 42 22 fått
690 789 32 22 lof
736 791 32 19 att
783 789 115 21 inskränka

74 819 34 28 sig
123 819 33 21 till
172 825 26 14 en
213 817 116 26 forstpolis.
352 816 115 22 Gentemot
481 817 32 20 Hr
528 817 119 26 Hackman,
664 823 45 16 som
724 818 91 21 nämnde
828 818 70 21 Land-

76 847 139 22 bohöiskolen
231 845 39 22 och
285 845 67 27 ansäg
367 847 32 19 att
414 845 44 21 lika
472 845 35 22 väl
523 851 45 16 som
581 846 144 26 jordbrukare
739 847 65 20 vinna
818 847 33 20 sin
865 848 33 19 ut-

75 876 97 27 bildning
186 876 8 20 i
209 877 31 19 ett
254 875 24 21 sä
294 874 134 21 uteslutande
446 874 113 22 teoretiskt
581 874 100 22 läroverk
703 881 45 15 som
763 876 136 20 Landbohöi-

74 906 82 25 skolen,
172 904 68 21 likasä
255 903 71 21 kunde
341 902 104 22 forstmän
459 903 65 21 vinna
539 903 32 21 sin
586 904 119 20 teoretiska
719 904 121 27 utbildning
850 904 7 20 i
868 906 30 19 ett

76 933 134 22 uteslutande
225 932 114 21 teoretiskt
353 932 104 26 läroverk,
474 932 38 20 ber
523 932 37 26 jag
575 933 33 19 att
624 932 23 21 fä
662 932 113 21 framhälla
790 932 40 21 den
841 934 58 20 stora

75 962 112 22 skilnaden
203 961 90 21 emellan
309 962 31 19 ett
355 960 212 21 landtbruksinstitut
583 960 40 21 och
639 962 32 20 ett
685 961 90 26 institut,
789 967 46 15 som
843 961 56 21 utdi-

75 991 99 21 mitterar
188 990 188 26 statstjenstemän.

144 1047 62 22 Efter
227 1046 89 22 härmed
333 1046 95 20 afslutad
443 1045 121 22 diskussion
579 1045 53 22 aflät
647 1046 32 21 Hr
694 1046 205 22 Landtmarskalken

74 1076 36 22 till
124 1076 130 21 besvarande
270 1074 94 28 följande
377 1074 214 27 omröstningsprop.:

144 1134 52 25 Den,
213 1139 45 15 som
273 1132 124 27 godkänner
411 1132 117 21 utskottets
543 1132 142 26 betänkande,
701 1134 71 20 röstar
784 1133 32 27 ja;

144 1162 74 21 vinner
239 1161 41 27 nej,
303 1160 40 22 har
363 1160 25 22 R.
411 1166 19 16 o.
453 1160 26 22 A.
501 1160 94 22 beslutat
619 1161 70 21 lemna
711 1161 117 27 petitionen
849 1163 51 19 utan

75 1190 107 22 afseende.

145 1241 63 27 Prop.
222 1240 129 22 besvarades
366 1240 49 20 med
430 1239 157 28 öfvervägande
602 1240 43 28 nej,
667 1240 39 22 och
721 1240 54 22 hade
798 1241 25 21 R.
840 1247 18 15 o.
874 1241 26 21 A.

77 1270 90 22 sälunda
181 1269 92 21 beslutat
289 1271 32 18 att
337 1268 96 21 förkasta
447 1268 43 21 bet.

146 1399 118 28 Föredrogs
281 1399 39 21 och
335 1399 124 26 godkändes
474 1401 53 20 utan
542 1399 123 22 diskussion
680 1401 222 21 Ekonomiutskottets

77 1430 49 22 från
141 1429 127 27 föregående
283 1428 85 27 plenum
391 1429 119 26 bordlagda
532 1427 159 29 framställning
711 1431 32 19 att
758 1428 95 25 särskilda
868 1429 34 21 till

77 1459 107 22 utskottet
199 1457 138 21 remitterade
352 1456 155 29 motionsförslag
522 1457 69 21 skulle
607 1457 22 22 få
644 1457 81 24 förfalla.
