1075 1736
221 127 56 21 1110
480 133 26 17 R.
519 137 19 12 o.
550 133 23 16 A.
582 133 58 17 1888.
658 133 20 17 11
690 133 50 21 Maj.

191 219 65 22 Utom
273 218 26 22 de
314 218 53 27 skäl,
382 225 46 15 som
443 218 58 22 Frih.
517 224 42 16 von
574 218 89 22 Alfthan
678 219 68 21 redan
761 218 40 22 har
816 218 76 26 anfört,
911 219 68 22 skulle
987 219 38 28 jag

192 249 57 20 ännu
271 247 50 27 vilja
343 249 83 24 nämna,
449 249 34 20 att
505 253 35 16 om
563 247 217 28 stängselskyldighet
795 247 107 22 åhvälfves
915 248 110 27 jernvägs-

192 281 96 21 egarene,
312 275 98 27 ständiga
429 277 138 26 rättegångar
582 276 39 21 och
636 275 116 22 konflikter
767 276 48 21 med
827 276 114 27 jordegare
955 277 69 21 måste

192 305 84 27 uppstå,
300 304 39 22 och
362 304 147 22 erfarenheten
531 304 40 22 har
593 304 54 22 visat
670 306 31 20 att
724 305 25 21 så
763 304 62 22 äfven
841 304 40 22 har
895 305 54 21 varit
963 304 61 22 fallet

191 333 49 22 med
263 333 26 21 de
311 332 138 28 färdigbygda
469 332 142 28 jernvägarne
633 332 39 22 hos
696 339 41 15 oss.
768 333 47 22 Den
831 332 71 22 bättre
918 335 105 25 gräsväxt,

191 368 47 16 som
252 361 143 22 förekommer
409 362 13 21 å
435 362 127 26 jernvägens
578 361 92 27 område,
687 361 32 22 till
735 361 53 27 följd
803 361 23 22 af
839 363 32 20 att
887 362 68 21 denna
977 362 47 21 icke

191 390 94 27 afbetas,
307 390 74 22 lockar
403 389 44 22 ofta
465 390 121 22 vallherdar
602 390 40 22 och
656 390 74 26 andra,
747 392 15 20 t.
779 397 20 15 o.
815 396 27 16 m.
856 390 119 27 jordegare,
991 392 33 20 att

191 419 49 22 litet
250 420 70 26 öppna
335 420 28 26 på
378 418 93 28 gärdena
485 418 40 22 här
535 418 40 22 och
591 418 37 22 der
639 419 39 21 och
689 419 76 27 släppa
775 419 21 21 in
807 419 114 21 kreaturen
932 420 25 26 på
967 418 56 28 jern-

190 450 80 25 vägens
285 448 93 21 område.
408 448 67 21 Dessa
490 447 88 22 komma
592 447 68 21 under
674 448 61 26 tåget
751 448 40 21 och
807 448 72 24 dödas,
896 449 37 20 och
950 448 27 21 då
999 450 25 19 är

191 482 115 22 processen
320 476 76 27 färdig,
411 476 33 21 för
459 476 36 21 det
508 476 117 27 jernvägen
640 476 47 22 icke
702 476 62 22 hållit
779 476 136 27 stängslena
907 472 9 36 i
926 476 98 27 behörigt

191 505 67 23 skick.
281 505 39 21 Att
334 504 73 22 bevisa
422 507 31 19 att
468 505 95 27 gärdena
578 504 68 22 blifvit
656 504 122 28 afsigtligen
789 505 112 26 förstörda,
913 507 24 19 är
948 506 75 20 nästan

192 533 102 28 omöjligt.
319 533 40 22 Om
373 533 127 27 jordegaren
515 533 33 21 får
562 534 28 26 på
604 533 91 22 förhand
710 533 40 21 full
766 534 117 26 ersättning
899 534 34 21 vid
949 540 73 20 expro-

191 562 121 28 priationen
335 562 33 21 för
391 562 40 21 den
453 562 98 24 kostnad,
570 568 45 15 som
630 562 109 21 åhvälfves
754 562 269 27 lägenhetsinnehafvaren,

190 597 78 22 genom
290 592 32 20 att
344 590 42 21 han
409 591 74 24 måste
501 590 95 27 inhägna
610 590 37 22 sitt
662 591 95 26 område,
774 591 24 21 så
813 597 62 20 synes
890 591 43 26 mig
947 592 32 20 att
994 590 29 22 all

191 619 89 22 rättvisa
303 619 70 21 blifvit
395 619 78 21 honom
501 619 127 22 vederfaren.
658 619 49 22 Han
730 621 25 20 är
778 619 27 22 då
823 619 90 27 fritagen
929 619 46 22 från
990 621 33 20 att

191 648 99 27 inhägna,
307 647 37 22 der
359 647 42 22 han
416 647 47 22 icke
479 654 62 15 anser
556 647 77 22 sädant
648 648 74 27 nödigt
738 648 41 21 och
794 648 109 27 hägnader
917 649 28 26 pä
959 647 64 28 länga

191 677 97 22 sträckor
302 676 73 21 kunde
391 677 26 20 dä
433 676 33 21 vid
480 676 141 27 jernvägarne
636 676 139 26 bortlemnas,
791 683 48 14 men
855 676 40 21 blir
911 677 36 21 det
966 676 56 27 jern-

192 707 140 25 vägsegarnes
355 705 126 27 skyldighet,
504 705 24 21 sä
550 705 42 21 kan
611 711 48 15 man
675 711 51 15 vara
741 705 64 22 säker
819 705 34 27 pä,
869 707 32 19 att
914 705 109 26 jernvägs-

192 740 77 21 egaren
284 733 61 22 äfven
361 734 13 21 &
390 733 25 22 de
431 735 72 20 värsta
517 733 163 27 impedimenter
694 735 72 20 säsom
782 734 51 21 kärr
848 735 67 20 mäste
931 733 92 26 inhägna

191 763 33 21 för
246 764 33 20 att
301 762 71 27 undgä
387 768 109 21 processer
511 762 40 21 och
567 762 66 21 andra
648 762 150 21 ledsamheter.
828 762 41 27 Jag
883 762 140 21 understöder

191 792 29 26 pä
243 791 61 21 dessa
326 791 93 26 grunder
441 790 31 21 Hr
495 790 124 27 Stjernvalls
634 791 139 21 reservation.
803 791 41 26 Jag
860 790 35 21 vill
911 793 56 19 ännu
989 790 34 21 til-

191 820 69 27 lägga,
276 819 32 21 för
324 821 32 19 att
371 819 85 21 bemöta
471 825 26 15 en
513 819 145 26 anmärkning,
674 825 46 16 som
735 819 73 22 kunde
823 821 69 25 göras,
917 819 106 27 nämligen

192 850 32 19 att
244 847 175 27 jordlägenheten
442 847 68 22 skulle
529 847 45 22 lida
589 847 71 27 derpä,
676 848 31 27 ity
723 850 32 19 att
770 847 151 22 innehafvaren
937 847 22 22 af
973 847 50 22 den-

192 882 81 16 samma
295 875 35 22 vid
352 876 58 21 tiden
433 875 32 21 för
484 876 185 27 expropriationen
684 876 69 22 skulle
769 876 21 22 fä
805 876 96 27 uppbära
917 876 39 21 och
971 876 52 26 möj-

192 904 56 27 ligen
270 904 120 27 förskingra
411 904 49 21 hela
483 904 35 22 det
540 904 84 28 belopp,
640 911 46 15 som
701 905 35 21 vid
753 905 186 27 expropriationen
954 904 69 22 skulle

191 932 108 22 tilldömas
318 933 85 21 honom.
439 932 48 22 Men
513 934 23 20 sä
558 932 62 28 länge
642 933 127 27 lägenheten
793 936 24 19 är
839 933 6 21 i
865 933 69 21 denna
949 938 74 22 egares

191 962 65 26 hand,
272 962 23 21 sä
310 961 40 21 har
364 961 43 21 han
419 961 24 27 ju
458 961 40 21 fätt
520 961 72 21 valuta
614 961 33 22 för
669 961 249 28 stängselskyldigheten,
941 961 39 22 och
996 961 27 21 dä

192 990 40 22 den
256 990 96 26 öfvergär
375 989 31 21 till
429 996 27 22 ny
479 996 62 20 egare
564 996 75 20 genom
662 990 49 28 köp,
735 991 24 21 sä
780 991 35 21 mä
833 990 94 27 köparen
943 996 22 16 se
980 996 43 21 upp

191 1018 39 22 och
246 1018 72 22 betala
333 1019 24 21 sä
372 1018 83 28 mycket
470 1018 82 22 mindre
567 1018 33 22 för
614 1018 133 28 lägenheten,
765 1019 28 21 dä
808 1019 42 21 han
866 1020 35 20 vet
911 1020 32 20 att
953 1020 71 25 stäng-

191 1046 180 28 selskyldigheten
387 1046 80 28 äligger
482 1047 86 21 honom.

260 1104 33 21 Hr
307 1103 204 27 Pippingsköld:
543 1104 32 21 De
591 1104 91 21 Herrars
697 1104 117 27 yrkanden,
831 1110 46 15 som
893 1106 76 24 ansett,
991 1106 33 19 att

190 1132 162 27 ifrägavarande
375 1138 62 15 mom.
461 1133 66 21 mätte
550 1133 57 26 utgä,
630 1132 48 22 ville
692 1133 37 26 jag
745 1132 132 22 understöda
893 1132 38 22 och
947 1133 76 21 under-

190 1160 74 22 stöder
287 1159 71 22 derför
381 1159 59 22 äfven
457 1161 31 28 Hr
504 1160 124 27 Stjernvalls
643 1161 140 21 reservation.
814 1160 44 22 För
872 1161 80 21 sädana
964 1161 59 27 jord-

192 1195 62 20 egare
277 1188 70 22 blefve
370 1188 138 27 olägenheten
532 1189 122 27 visserligen
676 1191 76 23 större,
775 1189 84 21 hvilkas
882 1189 72 27 skogs-
972 1189 52 22 eller

191 1217 131 27 ängsskiften
337 1217 7 20 i
360 1217 157 27 längdriktning
533 1217 50 27 följa
596 1217 115 28 jernvägen
727 1219 29 20 ät.
787 1217 51 22 Men
853 1220 59 19 utom
928 1218 26 21 de
969 1218 54 25 skäl,

190 1252 46 15 som
264 1246 127 25 föregäende
418 1246 64 21 ärade
505 1246 67 21 talare
598 1246 69 21 anfört
692 1246 78 27 derför,
797 1248 32 19 att
853 1246 7 21 i
885 1246 72 27 hvarje
987 1245 36 22 fall

188 1275 117 26 jernvägen
320 1273 67 22 borde
402 1274 77 21 befrias
495 1273 46 22 frän
558 1275 248 27 stängselskyldigheten,
823 1274 48 22 ville
884 1275 37 26 jag
936 1274 87 27 tillägga

190 1305 58 19 ännu
264 1304 38 20 ett.
331 1303 46 21 Den
393 1302 92 22 betande
501 1302 108 27 boskapen
626 1303 97 21 kommer
737 1303 58 22 inom
813 1303 46 21 icke
875 1303 37 21 allt
931 1303 32 20 för
973 1303 50 26 lång

190 1331 32 21 tid
244 1331 33 21 till
298 1331 40 21 den
353 1331 98 26 insigten,
468 1333 32 19 att
516 1331 36 22 det
568 1333 23 19 är
606 1331 72 27 farligt
693 1334 32 19 att
740 1331 91 22 beträda
843 1331 125 27 jernvägen;
985 1331 38 22 all-

190 1359 59 22 deles
265 1359 72 22 säkert
352 1361 31 22 är,
399 1361 32 20 att
446 1360 114 21 kreaturen
576 1362 36 19 äro
628 1361 24 20 sä
666 1367 50 20 pass
731 1360 133 27 tillgängliga
879 1359 32 22 för
931 1359 92 22 erfaren-

190 1387 138 28 hetsintryck,
352 1388 39 21 och
414 1394 34 15 om
472 1388 64 21 ocksä
554 1395 26 14 en
596 1388 52 21 eller
663 1395 69 15 annan
748 1389 76 26 olycka
840 1389 6 20 i
862 1388 74 27 början
951 1388 72 21 kunde

189 1416 86 22 inträfla
290 1416 32 21 till
338 1416 76 21 förlust
428 1416 33 21 för
473 1416 135 27 jordegaren,
623 1417 23 22 sä
662 1417 65 22 blifva
742 1417 62 22 dessa
819 1417 100 21 förluster
934 1417 7 20 i
959 1416 63 22 fram-

189 1445 59 21 tiden
271 1445 49 27 inga
343 1445 52 21 eller
418 1445 62 26 högst
495 1445 26 27 fä,
535 1445 45 27 just
595 1446 27 26 pä
637 1446 68 26 grund
721 1445 61 21 deraf
796 1447 33 19 att
844 1445 74 27 djuren
933 1445 42 21 lärt
991 1447 32 19 att

188 1473 78 21 varsko
290 1473 37 27 sig.
358 1473 44 21 För
424 1473 63 27 öfrigt
509 1474 39 20 har
572 1473 72 27 hvarje
660 1474 114 26 jordegare
789 1474 7 20 i
812 1473 103 22 närheten
932 1473 21 21 af
965 1473 56 27 jern-

188 1503 67 25 vägen
271 1502 25 21 sä
311 1503 59 20 stora
385 1502 106 21 förmäner
507 1502 22 21 af
543 1502 75 24 denna,
634 1504 32 19 att
680 1502 104 22 förlusten
800 1502 23 21 af
837 1504 31 20 ett
883 1502 53 22 eller
955 1504 68 19 annat

187 1529 89 22 kreatur
291 1536 45 15 mer
352 1532 27 19 än
395 1530 33 22 väl
444 1532 113 25 uppväges.
