1061 1756
194 139 55 22 1558
442 145 25 17 R.
480 149 17 13 o.
509 145 22 17 A,
543 144 58 18 1888.
618 144 26 18 25
659 144 47 21 Maj.

166 236 37 17 sen
219 230 39 22 och
272 230 89 28 ungefär
375 231 27 28 1/,
418 231 34 22 del
467 231 22 21 af
501 231 65 22 femte
580 230 161 22 äldersklassen.
764 229 40 22 Om
818 235 30 15 nu
862 229 43 21 alla
915 229 70 26 dessa,

166 266 46 16 som
226 260 58 27 tjena
299 260 35 22 vid
348 260 131 26 kavalleriet,
494 260 64 22 hafva
571 260 59 27 lägre
645 265 94 21 numror,
755 258 23 22 sä
793 258 40 21 har
848 264 55 20 man,
914 257 24 22 sä
953 259 34 20 att

166 290 57 25 säga,
246 288 28 27 pä
288 288 91 22 förhand
395 289 121 26 inteckning
529 289 7 21 i
551 289 49 21 hela
614 288 65 21 femte
694 287 157 21 äldersklassen
865 287 33 21 för
913 286 73 22 kaval-

164 316 73 22 leriets
260 317 70 25 behof,
353 324 34 14 om
409 318 40 20 alls
470 317 70 26 någon
562 317 34 21 del
611 316 23 21 af
648 316 68 21 denna
731 315 130 21 åldersklass
876 314 111 22 erfordras

164 345 34 22 för
218 346 129 21 infanteriet.
377 346 30 26 Ty
425 352 34 15 om
481 346 105 26 nämligen
604 351 26 15 en
645 344 68 27 aldrig
728 344 24 21 sä
766 344 52 21 liten
834 344 35 20 del
883 343 23 22 af
919 343 66 21 femte

165 374 156 22 äldersklassen
343 374 101 22 behöfves
466 374 33 21 för
521 376 126 25 truppernas
662 372 164 28 komplettering
840 372 34 21 till
888 372 97 27 krigsnu-

164 404 76 25 merär,
263 402 24 22 sä
310 404 24 20 är
355 409 49 15 man
421 402 63 22 säker
498 402 28 28 pä
540 404 33 20 att
587 408 49 16 man
650 402 8 21 i
672 402 89 21 främsta
776 402 91 20 rummet
882 400 39 22 har
936 400 51 22 hela

164 431 255 26 kavallerikontingenten
434 432 53 20 eller
501 431 83 21 säledes
598 431 25 20 de
634 431 69 26 lägsta
720 436 116 14 numrorna
846 430 32 20 att
888 430 98 25 päräkna

165 459 40 21 och
226 459 60 21 detta
304 461 24 18 är
343 465 26 15 en
384 459 162 27 omständighet,
562 465 45 15 som
621 459 47 20 icke
683 458 33 21 fär
731 458 96 21 förbises.
858 457 77 21 Häruti
950 464 36 15 ser

163 487 36 27 jag
214 487 62 22 äfven
291 489 31 19 ett
337 487 74 21 hinder
427 489 32 20 att
473 488 72 20 kunna
560 487 106 27 tillstyrka
680 487 59 20 Frih.
754 486 89 21 Wredes
858 485 87 28 förslag.

234 543 57 22 Frih.
308 543 24 22 G.
348 544 129 21 Aminoff:
507 544 33 21 Dä
553 544 37 26 jag
604 543 84 28 yttrade
704 543 43 27 mig
762 543 44 25 sist,
822 543 56 21 hade
891 543 36 26 jag
941 542 44 22 för-

166 572 127 27 siktigheten
308 574 33 20 att
355 574 58 25 säga,
429 574 32 20 att
473 573 36 26 jag
524 572 116 22 tillsvidare
655 571 98 22 biträdde
768 571 58 22 Frih.
843 571 87 22 Wredes
940 571 44 22 för-

166 601 52 26 slag,
240 601 46 21 icke
308 601 34 20 för
364 601 37 21 det
413 601 37 27 jag
465 601 18 27 ej
500 601 67 21 skulle
583 607 51 15 anse
648 602 33 19 att
696 607 49 14 man
760 600 71 21 kunde
847 599 96 28 afhjelpa
957 600 27 21 de

166 629 131 26 svärigheter
311 629 33 21 Hr
358 629 72 21 Antell
444 629 110 22 framvisat
568 629 7 21 i
590 629 46 21 sina
650 629 149 26 beräkningar,
815 635 34 14 om
864 635 49 15 man
928 628 57 22 blott

165 657 55 22 hade
242 657 33 21 för
296 658 80 26 princip
395 659 32 20 att
441 658 26 21 de
482 657 104 27 frivilliga,
603 663 45 16 som
664 657 79 21 anmält
759 657 31 26 sig
804 657 33 21 till
852 657 132 26 kavalleriet,

166 686 78 21 stäldes
259 686 8 21 i
282 686 26 21 de
322 686 70 27 lägsta
406 693 121 15 numrorna.
556 687 42 26 Jag
612 688 24 19 är
652 686 64 21 också
731 692 50 15 ense
797 692 34 15 om
845 686 44 21 alla
904 686 26 21 de
941 685 43 22 för-

165 715 66 26 delar,
255 721 45 15 som
322 715 124 22 kavalleriet
468 715 68 21 skulle
561 715 63 21 vinna
645 721 76 21 genom
737 716 32 20 att
783 715 21 21 fä
820 715 96 26 lämpligt
931 714 52 27 folk,

165 749 45 16 som
232 743 78 21 önskar
331 743 91 22 inträda.
452 744 50 21 Men
523 744 65 21 likväl
608 744 43 21 kan
668 743 36 28 jag
718 744 46 21 icke
779 744 132 21 understöda
925 743 58 22 Frih.

165 772 89 21 Wredes
275 772 85 27 förslag.
390 773 41 26 Jag
453 779 62 15 anser
537 774 32 19 att
584 773 69 20 denna
667 772 61 27 fräga
742 772 7 21 i
765 773 36 20 det
816 774 58 19 stora
896 773 48 20 hela
959 774 26 19 är

164 800 23 21 af
208 799 23 22 sä
253 800 49 27 föga
324 801 50 26 vigt,
389 803 33 19 att
437 807 49 15 man
500 801 47 21 icke
561 801 102 21 behöfver
677 800 115 27 uppehälla
808 801 107 24 debatten,
931 801 53 21 eller

164 830 56 19 ännu
235 828 100 27 möjligen
350 835 21 15 se
388 830 31 26 sig
433 829 119 21 föranlåten
562 829 33 21 till
606 829 204 27 sammanjemkning
820 829 49 22 med
880 829 25 22 de
916 829 69 22 andra.

164 857 90 21 ständen
276 857 40 21 och
339 857 121 28 derigenom
482 858 116 27 uppskjuta
620 858 49 21 hela
690 857 188 28 kavallerifrägans
893 858 90 27 lösning.

164 885 42 22 Det
222 885 68 22 skulle
304 886 103 21 innebära
422 893 26 15 en
463 888 45 20 stor
523 886 54 21 väda
592 888 32 19 att
639 886 127 22 ätminstone
781 887 34 20 vid
830 887 69 21 denna
913 887 71 21 landt-

165 914 41 27 dag
220 914 115 27 uppehälla
350 915 31 27 sig
395 915 35 21 vid
446 915 69 21 denna
529 915 71 27 detalj.
620 915 41 27 Jag
670 917 61 25 tager
742 915 82 22 säledes
834 915 91 21 tillbaka
935 915 50 22 mitt

163 943 122 21 understöd.

232 998 61 22 Efter
322 999 89 22 sälunda
438 1000 143 28 försiggänget
605 1000 170 28 meningsutbyte
801 1000 125 23 framstälde
951 1001 33 21 Hr

163 1028 206 22 Landtmarskalken
384 1029 33 21 till
433 1029 129 21 besvarande
577 1029 92 27 följande
684 1030 211 26 omröstningsprop.:

230 1085 54 25 Den,
300 1091 45 15 som
360 1085 123 27 godkänner
497 1086 13 26 $
525 1087 26 21 86
566 1086 66 27 enligt
645 1087 116 21 utskottets
776 1086 50 27 bet.,
837 1088 70 20 röstar
919 1087 34 27 ja;

230 1114 74 20 vinner
318 1114 41 27 nej,
370 1114 39 21 har
419 1114 25 21 R.
455 1120 18 16 o.
483 1115 24 21 A.
517 1115 80 26 antagit
608 1116 33 25 $:n
652 1116 64 26 enligt
727 1115 57 21 Frih.
796 1116 89 21 Wredes
895 1116 86 27 förslag.

230 1170 64 29 Prop.
315 1171 127 23 besvarades
459 1172 48 22 med
523 1172 155 28 öfvervägande
691 1173 29 27 ja,
736 1173 39 21 och
790 1180 38 14 var
843 1173 90 22 sålunda
946 1173 37 22 be-

164 1200 118 22 tänkandet
296 1201 8 21 i
320 1201 68 21 denna
403 1201 68 27 punkt
485 1201 115 27 godkändt.

232 1258 49 21 Med
303 1258 112 27 anledning
434 1259 23 21 af
470 1259 116 21 utskottets
600 1258 80 28 förslag
694 1260 33 20 att
742 1260 11 25 $
769 1260 26 20 93
811 1259 8 21 i
834 1259 24 21 V.
874 1260 23 20 L.
914 1259 68 21 skulle

135 1296 2 2 +
162 1286 98 22 förblifva
276 1286 133 28 oförändrad,
420 1288 84 26 yttrade

231 1343 57 21 Frih.
312 1343 24 21 G.
359 1344 125 21 Aminoff:
514 1344 40 27 Jag
576 1344 67 21 skulle
666 1350 51 16 anse
732 1345 36 21 det
784 1346 58 20 orätt
856 1345 24 21 af
892 1346 42 26 mig
949 1347 33 19 att

162 1372 46 21 icke
223 1372 95 21 bevittna
334 1372 35 21 det
384 1372 129 27 fullkomligt
528 1373 78 26 riktiga
620 1373 3 20 i
633 1372 43 22 Hrr
691 1373 156 27 Wasastjernas
863 1374 39 20 och
912 1374 70 21 Lodes

163 1400 79 27 äsigter
256 1400 7 21 i
278 1401 66 21 saken
367 1400 39 22 och
429 1401 35 21 det
486 1402 87 26 misstag
595 1402 105 20 utskottet
715 1402 39 20 har
769 1402 73 26 begätt
857 1408 76 21 genom
945 1404 37 19 att

161 1428 87 22 förorda
271 1428 147 22 förkastandet
440 1429 24 21 af
484 1429 47 21 nåd.
555 1436 60 20 prop.
639 1430 31 20 uti
690 1430 69 21 denna
774 1430 16 28 8.
822 1431 40 26 Jag
878 1431 41 21 kan
934 1431 47 21 icke

161 1457 113 21 underläta
296 1460 38 24 att,
357 1457 28 21 dä
404 1458 37 26 jag
463 1464 34 15 ser
512 1460 32 19 att
558 1459 7 20 i
580 1458 145 22 betänkandet
739 1459 58 21 tiden
813 1459 33 21 för
861 1460 82 20 inträde
959 1459 24 21 af

161 1485 99 27 frivilliga
282 1488 24 18 är
328 1486 85 26 lämpad
435 1486 75 21 endast
532 1486 54 21 efter
608 1487 104 20 terminen
734 1487 33 20 för
782 1488 68 21 första
864 1488 116 21 inträdet
967 1481 15 36 i

161 1514 149 26 kadettkären,
332 1513 107 22 äfvensom
461 1515 69 26 egnad
552 1516 31 19 att
605 1517 52 24 göra
672 1515 92 26 tjensten
779 1515 23 21 sä
817 1516 42 21 lätt
873 1517 34 20 för
917 1516 63 21 dessa

160 1542 99 27 frivilliga
282 1549 45 15 som
349 1543 88 27 möjligt,
460 1543 32 21 till
513 1549 48 16 men
582 1543 34 21 för
631 1544 61 21 deras
707 1544 119 27 utbildning
842 1545 74 27 (likväl
931 1545 48 21 med
