1061 1739
189 129 54 27 1562
459 139 25 17 R.
497 144 17 12 o.
527 139 22 17 A.
557 139 57 16 1888.
627 139 25 16 25
660 138 48 21 Maj.

229 227 11 25 8
257 225 38 22 121
312 224 123 28 godkändes
450 225 52 21 utan
518 224 146 27 anmärkning.

228 294 109 21 Rubriken
353 293 40 22 och
407 294 107 26 ingressen
529 293 34 22 till
584 293 152 26 författningen
758 293 67 21 borde
844 293 32 21 till
893 293 52 26 följd
960 292 23 22 af

159 323 25 21 R.
207 329 19 15 o.
250 323 37 21 A:s
309 322 70 21 beslut
401 321 131 22 beträffande
547 322 14 25 8
576 321 27 22 93
628 321 94 27 undergå
745 321 67 21 sådan
830 321 95 26 ändring,
949 322 33 20 att

159 351 92 22 nämnda
266 351 11 26 $
293 350 68 22 skulle
377 350 45 21 deri
437 352 110 25 upptagas.

230 515 50 21 Med
297 515 113 27 anledning
426 514 62 22 deraf
496 516 33 20 att
544 515 104 27 ärsdagen
663 514 23 22 af
698 515 69 21 Deras
782 514 58 28 Kejs.
856 514 61 28 Maj:s
932 515 49 22 krö-

160 544 50 27 ning
231 544 113 21 inträffade
366 544 191 21 nästinstundande
579 544 87 26 söndag,
688 544 70 20 beslöt
779 543 25 22 R.
824 550 19 14 o.
859 544 32 26 A.,
907 544 28 27 pä
950 544 32 21 Hr

160 572 218 22 Landtmarskalkens
400 572 163 27 framställning,
586 572 34 21 för
635 573 32 20 sin
682 572 39 26 del,
739 572 35 22 det
789 572 52 26 egde
857 572 32 21 Hr
903 572 80 22 Landt-

160 600 136 22 marskalken
315 600 66 27 jemte
408 600 66 27 öfrige
488 600 81 22 talmän
584 607 76 20 genom
675 601 59 21 Hans
749 600 51 21 Exc.
816 600 167 28 Generalguver-

159 631 67 19 nören
240 628 108 22 frambära
363 629 128 21 ständernas
507 629 146 27 underdäniga
667 629 185 27 lyckönskningar.

227 794 69 21 Bland
311 794 25 21 R.
352 800 19 16 o.
387 795 37 21 A:s
438 794 138 22 medlemmar
591 795 54 21 hade
661 795 93 21 utdelats
770 795 39 21 och
824 795 114 21 bordlades
949 795 33 21 till

159 824 63 20 nästa
236 823 96 26 plenum:

228 890 176 23 Statsutskottets
426 891 126 22 hemställan
575 898 34 15 om
623 891 105 22 förstärkt
744 892 142 22 Statsutskott
901 892 33 22 för
950 892 32 22 af-

158 919 94 50 Pa
275 926 34 15 om
332 920 74 27 anslag
427 920 33 22 för
481 926 27 16 en
529 920 79 22 bibana
629 920 48 22 från
699 921 106 21 Karelska
818 921 116 27 jernvägen
949 921 34 21 till

171 949 74 21 matra.

226 1017 212 22 Bankutskottettets
461 1018 80 26 förslag
563 1018 33 21 till
619 1018 203 27 sammanjemkning
845 1018 23 22 af
882 1018 101 22 ständens

159 1045 66 21 delvis
240 1045 123 28 skiljaktiga
377 1046 71 22 beslut
463 1046 36 22 vid
514 1046 156 28 behandlingen
685 1047 23 21 af
722 1047 117 21 utskottets
854 1047 43 21 bet.
913 1047 40 21 N:o
969 1047 13 21 3

159 1074 109 26 angäende
290 1074 81 28 förslag
393 1075 32 21 till
449 1075 114 27 ändringar
577 1076 7 20 i
599 1076 40 20 och
658 1076 74 26 tillägg
747 1076 33 21 till
795 1076 139 26 reglementet
949 1075 34 21 för

159 1102 101 22 Finlands
275 1102 58 22 bank
348 1103 39 21 och
403 1103 41 21 den
459 1104 33 20 för
508 1104 83 20 banken
605 1104 113 21 utfärdade
734 1105 53 25 stat;

228 1172 222 22 Ekonomiutskottets
466 1173 67 21 andra
547 1172 79 28 förslag
637 1172 33 22 till
680 1172 204 28 sammanjemkning
894 1172 23 22 af
924 1172 59 22 stän-

160 1201 52 22 dens
234 1201 123 27 skiljaktiga
379 1201 72 22 beslut
473 1202 35 20 vid
530 1201 155 27 behandlingen
707 1202 23 20 af
749 1201 49 21 nåd.
816 1208 60 20 prop.
891 1202 40 21 N:o
949 1202 33 24 11,

159 1230 145 21 innefattande
320 1230 79 26 förslag
418 1230 33 21 till
466 1230 105 22 särskilda
585 1230 114 26 ändringar
713 1230 7 21 i
735 1230 99 27 gällande
850 1230 132 26 stadganden

159 1258 109 27 angående
284 1258 191 27 skjutshällningen
491 1258 39 22 och
545 1258 186 28 gästgifverierna
722 1254 12 36 ;

227 1327 162 27 Lagutskottets
404 1328 43 21 bet.
464 1328 39 21 N:o
519 1328 26 21 23
561 1328 6 20 i
583 1328 113 26 anledning
710 1327 24 22 af
747 1327 49 21 näd.
814 1334 60 20 prop,
890 1327 40 21 N:o
946 1327 34 25 29,

161 1355 109 27 angäende
285 1356 93 22 ändrade
394 1356 194 27 lagbestämningar
603 1362 35 16 om
652 1356 80 27 fartygs
747 1356 136 21 nationalitet
898 1355 39 22 och
948 1361 33 15 re-

159 1384 114 27 gistrering
288 1387 54 19 samt
357 1385 95 27 hypotek
466 1385 8 21 i
489 1384 80 28 fartyg;

227 1452 114 21 Allmänna
362 1452 206 22 Besvärsutskottets
590 1452 43 22 bet.
656 1453 40 21 N:o
720 1453 26 21 37
761 1453 8 21 i
784 1452 113 28 anledning
911 1452 24 21 af
949 1454 31 20 ett

159 1480 33 23 till
207 1480 25 22 R.
248 1487 19 16 o.
282 1481 25 21 A.
323 1481 88 27 ingifvet
432 1482 217 26 petitionsmemorial,
671 1482 109 27 angäende
802 1480 178 28 förbättringsan-

159 1509 51 21 stalt
225 1508 33 22 för
274 1509 98 21 drinkare
387 1516 27 14 m.
430 1515 35 20 m.;
480 1512 55 19 samt
