1059 1756
185 129 56 21 1604
439 134 25 17 R.
477 138 16 13 o.
507 134 21 16 A.
543 134 58 16 1888.
617 133 26 17 26
655 132 48 22 Maj.

157 219 141 22 derförinuan.
328 219 41 26 Jag
391 218 67 22 måste
481 218 61 22 äfven
565 224 50 15 anse
638 218 36 21 det
696 224 52 14 vara
767 223 25 15 en
807 216 99 27 förtjenst
920 216 8 21 i
943 218 36 19 ut-

156 248 92 22 skottets
270 247 142 25 betänkande,
435 249 33 19 att
483 247 106 21 utskottet
603 246 46 22 icke
665 246 70 21 inlätit
750 246 32 26 sig
796 246 28 26 pä
839 252 26 14 en
880 247 98 19 närmare

156 277 113 26 utredning
289 276 23 21 af
332 276 74 26 frägan
429 282 41 20 om,
493 276 138 21 hvilkendera
653 275 23 21 af
696 274 163 28 ifrägavarande
881 274 96 26 tjenster,

156 305 151 27 (kronofogde-
322 305 51 21 eller
389 304 200 27 häradsskrifvare-)
605 304 100 27 möjligen
720 303 70 21 kunde
805 303 104 26 indragas,
926 304 51 19 utan

154 334 111 22 inskränkt
287 334 31 26 sig
339 333 32 21 till
387 335 31 19 ett
433 333 88 21 allmänt
536 332 101 22 affattadt
652 332 117 21 uttalande.
799 332 40 26 Jag
861 331 43 21 kan
918 331 60 27 inga-

154 362 66 22 lunda
242 362 85 22 ansluta
344 362 43 26 mig
402 362 32 20 till
450 362 40 20 den
505 361 23 21 af
542 361 57 21 Frih.
615 360 156 28 Langenskiöld
786 360 96 21 uttalade
897 360 81 20 menin-

154 397 40 21 gen
217 393 32 19 att
271 390 120 24 ständerna,
407 390 62 21 äfven
485 396 34 15 om
535 396 26 15 en
575 390 90 26 petition
681 389 89 27 tidigare
785 388 46 22 icke
848 388 38 21 har
908 388 70 21 blifvit

154 420 23 20 af
195 420 124 26 regeringen
339 419 96 23 beaktad,
452 418 71 22 derför
538 418 68 21 skulle
622 418 138 26 ovilkorligen
775 424 52 14 vara
841 417 137 21 förhindrade

154 450 32 19 att
211 448 53 26 ånyo
289 447 118 22 framställa
430 449 31 20 ett
483 447 158 26 önskningsmäl
660 447 7 20 i
683 453 81 15 samma
778 446 61 27 syfte,
855 446 7 21 i
877 446 101 21 händelse

154 477 114 20 ständerna
283 476 32 21 för
331 476 63 26 öfrigt
409 482 50 15 anse
475 476 36 20 det
526 482 51 14 vara
593 475 137 26 berättigadt.
755 475 31 21 Pä
801 475 42 20 alla
859 475 61 20 dessa
930 474 47 21 skäl

154 504 38 21 ber
204 505 38 26 jag
257 504 22 21 fä
293 504 86 21 förorda
394 505 116 20 utskottets
525 503 141 22 betänkande.

221 561 32 21 Hr
275 567 40 14 von
335 561 140 21 Schrowe
498 560 57 27 afgaf
576 560 92 27 följande
688 559 117 27 skriftligen
821 559 100 22 affaitade
936 561 41 26 ytt-

153 589 78 22 rande:
261 589 42 21 Det
317 589 107 21 motständ
439 589 48 21 mitt
502 589 31 21 till
549 589 54 26 högl.
620 589 23 21 R.
661 595 18 14 o.
695 589 25 20 A.
737 588 118 21 inlemnade
865 588 112 27 petitions-

154 617 107 22 memorial
284 617 5 20 i
313 617 68 22 denna
403 617 44 25 sak,
466 618 65 21 redan
546 617 44 22 före
606 617 47 22 dess
669 617 74 21 remiss
758 616 32 22 till
805 617 87 26 utskott,
908 619 68 25 rönte,

152 652 61 21 synes
229 645 94 22 erfordra
339 647 30 20 ett
385 646 130 21 bemötande.

221 674 40 26 Jag
283 673 60 22 anför
365 674 7 21 i
391 674 122 27 petitionen,
529 674 64 21 bland
609 676 70 24 annat,
697 675 32 20 att
744 673 34 22 vid
793 673 185 22 kronolänsmans-

152 702 115 27 tjensterna
282 703 46 22 icke
339 703 58 20 alltid
408 703 80 21 kunnat
498 703 65 21 fästas
573 709 101 20 personer
684 703 48 20 med
743 702 122 27 erforderlig
875 702 102 27 bildning,

152 731 85 21 hvartill
249 731 37 26 jag
301 732 64 25 ansäg
381 737 50 15 vara
445 731 96 26 orsaken,
553 731 44 22 dels
609 731 56 26 dälig
675 731 96 26 aflöning,
784 731 44 21 dels
839 731 38 21 och
888 731 90 21 hufvud-

152 759 103 26 sakligast
270 759 149 22 länsmännens
434 759 130 28 afsättlighet
579 762 51 19 utan
645 759 128 27 ransakning
788 759 39 21 och
843 759 53 26 dom,
915 759 63 22 hvar-

153 787 45 22 före
219 788 43 26 jag,
284 788 65 26 jemte
369 789 35 20 det
416 788 37 27 jag
468 788 95 21 förordat
578 788 258 27 kronofogdetjensternas
851 788 128 27 indragning

153 815 111 22 efterhand
287 819 54 18 samt
366 816 98 21 lönernas
487 816 117 27 fördelning
626 816 76 21 mellan
725 816 144 26 länsmännen,
888 816 88 21 anhällit

152 846 32 19 att
193 844 32 21 till
233 844 228 27 länsmanstjensterna,
470 845 82 20 hvilkas
561 845 135 20 innehafvare
707 845 66 20 borde
783 846 62 25 göras
856 845 120 26 oafsättliga

151 874 51 19 utan
224 873 127 26 ransakning
374 873 39 21 och
429 873 54 25 dom,
499 873 93 21 härefter
607 873 65 21 borde
688 873 110 21 förordnas
813 873 75 21 endast
903 879 73 20 perso-

151 907 44 19 ner,
218 907 45 15 som
286 901 34 21 vid
335 901 130 22 Universitet
479 901 64 27 aflagt
557 901 49 27 prof
620 902 26 26 pä
659 901 104 27 juridiska
777 901 88 26 insigter
880 901 39 22 och
934 901 41 22 för-

151 929 76 22 skaffat
243 929 31 27 sig
289 936 69 15 annan
373 930 96 27 praktisk
484 930 125 21 kännedom.

219 958 64 21 Emot
307 959 59 20 detta
388 959 47 20 mitt
450 958 78 27 förslag
544 958 135 22 hafva'ställt
693 959 32 26 sig
740 959 56 21 Herr
811 965 40 15 von
867 959 108 26 Knorring

151 986 25 21 A.
199 986 24 21 L.
247 986 38 22 och
308 987 57 21 Frih.
389 993 40 15 von
459 986 92 22 Alfthan.
591 987 32 22 Hr
646 993 40 15 von
708 987 108 26 Knorring
846 988 71 26 ansåg,
946 989 29 25 pä

150 1015 68 26 grund
241 1015 22 21 af
285 1015 39 22 den
348 1015 125 25 erfarenhet,
495 1022 45 15 som
563 1016 41 21 han
626 1016 77 21 trodde
723 1016 31 26 sig
768 1016 68 21 under
851 1016 30 21 sin
896 1023 39 20 par
950 1017 25 20 är

150 1043 63 27 länga
235 1044 107 26 tjenstetid
365 1051 45 14 som
433 1044 192 21 landssekreterare
644 1044 62 22 hafva
732 1044 120 27 förvärfvat,
868 1045 106 26 synnerlig

150 1072 54 21 väda
227 1072 56 27 ligga
305 1073 50 24 deri,
379 1075 32 19 att
432 1073 137 21 länsmännen
584 1073 84 26 gjordes
684 1073 121 26 oafsättliga
821 1075 51 19 utan
888 1073 86 22 ransak-

150 1100 50 26 ning
215 1100 39 21 och
270 1101 54 25 dom,
341 1103 51 19 enär
407 1101 66 26 desse,
489 1101 70 21 hvilka
575 1102 61 20 stodo
652 1102 6 20 i
675 1101 69 27 daglig
759 1101 99 27 beröring
873 1102 47 20 med
936 1101 38 22 all-

150 1134 75 21 mogen
242 1129 39 21 och
296 1129 99 22 utöfvade
410 1131 31 20 ett
455 1129 120 27 betydande
589 1129 115 28 inflytande
720 1131 27 25 pä
761 1129 78 22 folkets
849 1129 81 28 sedliga
939 1133 34 18 ut-

151 1157 102 27 veckling,
273 1157 67 22 skulle
355 1158 56 21 inom
427 1165 25 14 en
469 1158 86 27 otroligt
571 1159 48 20 kort
634 1158 31 21 tid
681 1159 72 20 utöfva
768 1165 25 14 en
808 1160 76 26 ytterst
900 1159 74 26 depra-

150 1187 92 22 verande
264 1186 101 23 inverkan
387 1188 28 26 pä
436 1187 49 22 hela
507 1187 154 27 befolkningen.
691 1187 68 22 Dessa
781 1187 109 22 utlätelser
906 1187 67 21 vittna

152 1221 40 19 om,
217 1217 32 20 att
271 1216 32 21 Hr
318 1223 40 14 von
373 1216 118 27 Knorrings
506 1216 120 21 erfarenhet
641 1216 30 21 täl
686 1216 89 27 mycken
790 1216 143 27 omjustering.
963 1215 11 22 I

150 1245 51 20 våra
224 1245 71 26 dagar,
319 1246 69 21 såsom
411 1251 26 15 en
461 1245 37 21 och
522 1245 51 20 hvar
588 1245 87 25 känner,
692 1245 41 20 kan
749 1245 36 20 det
800 1245 17 26 ej
833 1244 65 21 räcka
912 1244 62 26 länge

151 1273 48 20 med
221 1279 25 16 en
271 1273 86 27 oduglig
379 1273 106 22 länsmans
508 1273 120 26 afsättning.
659 1273 28 21 Sä
709 1275 60 19 snart
787 1272 127 27 angifvelsen
929 1274 45 19 mot

150 1301 78 21 honom
251 1301 41 22 blir
314 1308 75 20 genom
412 1302 81 21 vittnen
517 1301 91 26 lagligen
633 1301 74 28 styrkt,
733 1301 39 21 och
795 1301 59 21 detta
868 1301 42 21 kan
926 1301 48 21 allt-

150 1329 67 22 förväl
232 1330 37 21 ske
284 1329 34 22 vid
333 1332 32 19 ett
379 1330 58 21 inom
453 1331 40 20 den
508 1330 95 21 kortaste
619 1330 30 21 tid
665 1329 93 22 anstäldt
773 1329 77 22 urtima
865 1329 50 27 ting,
931 1329 42 22 kan

150 1357 135 22 Guvernören
296 1360 74 25 genast
381 1359 98 26 antingen
491 1358 95 21 meddela
597 1358 72 21 afsked
681 1359 38 20 och
735 1358 123 27 suspension
874 1358 51 21 eller
940 1359 33 20 ät-

150 1385 104 22 minstone
269 1387 73 21 afräda
356 1387 77 21 honom
448 1387 46 21 frän
505 1387 102 26 tjenstens
617 1386 102 27 utöfning,
729 1386 55 21 intill
795 1387 47 20 dess
853 1387 49 20 dom
912 1386 61 25 fallit,

150 1414 39 21 och
205 1415 26 21 dä
246 1417 25 19 är
279 1415 105 22 'säkerhet
399 1421 82 16 vunnen
493 1415 72 21 derom
576 1417 32 19 att
619 1415 61 26 ingen
693 1415 100 21 orättvisa
805 1415 41 20 blir
856 1415 116 27 begängen.

150 1443 42 21 Det
214 1443 55 22 låter
291 1446 60 23 stort,
375 1446 38 19 när
433 1444 36 21 det
483 1444 54 21 talas
553 1449 34 16 om
603 1443 141 27 ,ransakning
760 1443 39 22 och
815 1444 61 20 dom"
893 1443 39 21 och
947 1450 26 15 en

148 1472 49 21 med
212 1472 65 21 saken
293 1472 80 21 mindre
388 1472 107 27 förtrogen
511 1472 41 21 kan
568 1474 33 19 tro
613 1471 69 22 dertill
693 1471 104 22 erfordras
807 1471 75 22 äratal.
906 1472 65 21 Detta

148 1501 25 19 är
195 1500 117 21 emellertid
335 1501 17 26 ej
376 1500 64 21 fallet.
471 1500 44 21 När
531 1506 26 15 en
572 1500 115 26 angifvelse
702 1502 67 24 göres,
787 1500 39 21 den
842 1501 34 20 mä
891 1506 29 15 nu
934 1500 38 21 ske

148 1528 99 27 antingen
271 1529 38 22 hos
331 1529 135 22 Guvernören
491 1528 51 22 eller
563 1527 54 22 inför
633 1528 127 25 häradsrätt,
776 1529 23 20 sä
814 1528 39 21 bör
868 1528 40 22 den
924 1528 47 22 med
