1061 1753
354 132 24 17 R.
390 136 18 13 o.
420 132 22 17 A.
452 132 58 18 1888.
530 133 27 17 24
564 132 48 22 Maj:
812 127 52 21 1511

77 219 32 19 att
126 217 69 21 denna
209 217 89 21 tendens
313 218 39 26 gör
366 217 33 27 sig
414 217 98 27 gällande
527 217 7 21 i
550 217 92 27 Sverige.
665 217 50 21 Man
726 217 39 22 har
775 218 32 27 sig
817 218 79 21 bekant

77 245 26 21 af
117 245 135 27 tidningarne
266 247 33 20 att
314 245 24 21 sä
352 247 24 20 är
391 246 67 21 fallet.
480 246 168 22 Reservanterne
664 246 64 21 hafva
737 246 39 21 här
786 248 109 20 omnämnt

77 280 26 15 en
125 274 48 22 icke
195 274 81 27 ovigtig
298 274 44 27 sak,
366 274 39 22 och
424 274 36 22 det
474 276 24 20 är
514 274 25 22 de
555 275 52 27 dyra
622 274 204 27 lefnadskostnader,
850 281 45 15 som

75 309 52 15 vore
149 302 101 22 förenade
272 303 49 21 med
336 303 184 27 undervisningen,
537 309 34 15 om
587 303 40 21 den
643 303 68 21 skulle
726 303 38 21 ske
778 303 46 21 här.
854 303 41 21 Det

79 334 24 18 är
117 337 26 15 en
159 332 44 25 sak,
220 337 45 15 som
280 338 49 14 man
344 332 47 20 icke
407 331 33 21 får
455 331 100 27 förringa.
585 331 52 21 Man
651 332 87 25 känner,
754 332 55 20 huru
820 331 76 27 fattige

74 360 114 27 ynglingar
202 359 36 22 vid
257 359 148 22 universitetet
420 365 76 21 genom
510 359 101 22 vistelsen
627 359 40 21 här
681 359 84 27 tvingas
780 361 32 19 att
827 359 68 22 öfver-

77 388 80 21 höfvan
171 388 120 21 skuldsätta
306 388 38 27 sig,
359 388 81 21 hvilket
455 388 28 27 pä
498 387 61 22 deras
574 387 104 22 framtida
693 387 26 22 lif
739 387 39 22 har
793 389 32 20 ett
839 394 57 21 myc-

76 417 39 21 ket
129 417 89 27 menligt
232 416 121 27 inflytande.
377 416 93 27 Specielt
485 416 33 21 för
533 416 150 26 forstmannen,
700 422 45 15 som
762 416 54 21 efter
826 416 70 21 slutad

75 446 53 21 kurs
143 445 55 21 skall
212 447 24 19 ut
251 445 33 21 till
300 445 134 26 ödemarken,
451 445 55 21 skall
520 445 66 21 vistas
597 445 59 26 långt
667 444 46 21 från
721 445 85 20 bildade
815 445 80 21 menni-

76 474 62 21 skors
153 473 135 28 gemenskap,
311 475 24 19 är
354 474 36 20 det
405 479 26 15 en
446 473 67 27 vigtig
528 473 44 26 sak,
596 475 33 19 att
643 473 42 20 han
700 473 46 20 icke
761 473 97 21 kommer
872 475 23 19 ut

77 503 50 20 med
141 509 26 14 en
182 502 96 27 betydlig
292 502 131 21 skuldbörda
441 501 28 28 pä
483 502 88 21 nacken.
601 501 40 22 Om
655 501 43 21 han
714 501 64 21 ocksä
793 501 52 27 eljes
859 501 36 22 be-

77 531 75 21 höfver
173 530 103 22 moralisk
296 530 180 21 motständskraft
497 529 33 22 för
545 532 32 19 att
592 530 47 21 icke
653 529 109 27 negligera
784 529 32 21 sin
831 530 65 26 tjenst

76 559 41 22 och
133 559 72 22 lockas
220 560 32 20 att
267 560 79 26 antaga
359 559 118 27 bitjenster,
494 558 23 22 sä
532 558 41 22 blir
589 558 36 21 det
639 560 56 19 ännu
708 564 60 15 mera
778 557 67 27 fallet,
862 564 33 15 om

76 588 43 22 han
142 588 36 22 vid
200 588 38 21 sitt
259 588 85 21 utträde
362 594 25 15 ur
402 587 108 22 institutet
524 587 66 21 redan
605 586 39 22 har
659 593 26 15 en
700 589 44 19 stor
759 586 136 22 skuldbörda.

77 618 34 20 En
133 623 70 15 annan
225 616 163 28 omständighet,
412 622 46 16 som
477 616 38 27 jag
536 616 47 21 icke
605 616 67 21 heller
686 616 42 20 kan
743 622 51 14 anse
808 615 87 27 ovigtig,

77 648 52 19 utan
144 646 36 21 vid
195 646 86 20 hvilken
294 646 37 26 jag
346 644 66 22 fäster
427 645 84 27 mycket
519 646 44 20 stor
573 644 51 27 vigt,
636 646 24 19 är
670 644 99 27 följande.
795 644 39 21 Att
844 650 52 21 upp-

76 674 104 22 rätthälla
194 674 41 21 den
250 674 117 21 moraliska
381 673 86 21 kraften
482 673 39 21 hos
537 680 26 14 en
577 673 46 26 kår,
647 674 32 20 att
693 672 148 22 åstadkomma
856 672 40 22 den

75 703 103 26 käranda,
203 709 46 15 som
271 708 72 15 ensam
365 702 80 21 förmär
467 701 146 27 upprätthälla
628 702 39 20 och
681 701 53 21 lifva
748 701 100 21 intresset
864 701 33 21 för

75 732 40 21 sitt
129 732 51 26 kall,
196 733 24 19 är
235 731 47 21 icke
297 737 65 21 gerna
377 731 89 27 möjligt,
482 737 35 14 om
533 730 177 27 undervisningen
725 729 49 22 sker
788 729 8 21 i
806 729 89 22 hufvud-

75 761 84 26 staden,
176 760 27 21 dä
218 760 40 21 den
274 760 95 21 deremot
383 759 42 21 blir
440 766 26 14 en
481 759 93 27 naturlig
589 758 54 28 följd
657 758 24 21 af
695 760 31 19 att
737 759 99 20 eleverna
846 758 50 27 dag-

77 789 57 27 ligen
150 789 66 21 under
231 788 37 21 tvä
282 789 35 20 ärs
332 789 32 20 tid
378 788 76 21 vistats
470 787 140 22 tillsammans
615 783 13 37 i
648 787 113 21 institutet.
791 787 51 21 Man
856 787 40 20 har

78 819 48 26 sagt
148 819 32 20 att
201 817 177 27 undervisningen
401 817 37 20 vid
459 816 65 21 Evois
545 816 47 21 icke
609 817 24 19 är
649 815 65 22 sädan
730 816 40 20 den
786 815 39 21 bör
839 821 56 20 vara,

77 847 40 20 och
132 845 166 28 petitionärerne
314 851 62 22 synas
391 845 51 27 vilja
458 845 97 26 beskyllä
577 843 120 22 forstkären
712 843 34 22 för
761 844 40 21 den
824 844 71 21 saken.

77 875 113 21 Utskottet
205 874 39 21 har
259 874 58 27 sjelft
332 873 118 22 framhällit
465 875 33 20 att
512 873 93 21 initiativ
621 873 38 21 har
674 873 72 27 utgätt
761 873 47 20 frän
818 873 78 21 lärare-

77 904 67 21 kären
159 905 32 20 att
206 903 50 27 höja
270 903 148 27 fordringarne
438 903 35 20 vid
488 902 113 26 institutet,
624 908 49 15 men
688 904 32 19 att
735 901 125 28 regeringen
875 901 23 22 af

77 932 141 21 ekonomiska
240 931 46 21 skäl
308 931 47 21 icke
376 931 82 21 kunnat
480 931 28 26 gä
525 930 21 21 in
562 930 65 27 derpä
641 930 124 21 tillsvidare.
796 929 51 22 Man
861 932 35 19 vet

77 961 66 21 ocksä
158 962 32 19 att
204 961 8 20 i
227 960 36 21 det
278 959 190 28 forstreglemente,
485 965 45 15 som
545 959 59 20 lades
619 959 34 21 till
668 958 68 27 grund
747 958 33 21 för
790 958 107 21 institutet

78 990 8 21 i
101 989 71 26 Evois,
187 989 79 21 kursen
280 995 38 14 var
332 989 85 26 mycket
432 988 73 21 vidare
520 987 40 22 och
575 993 45 16 mer
635 987 138 26 omfattande,
796 993 49 15 men
861 987 36 21 det

77 1018 78 27 ansågs
178 1018 65 20 sedan
265 1017 102 27 behöfligt
390 1019 32 19 att
444 1017 117 20 inskränka
576 1016 46 21 den.
653 1016 62 21 Hvad
730 1016 41 20 den
786 1015 110 21 finansiela

78 1046 62 21 delen
155 1046 24 21 af
192 1046 75 27 frägan
282 1046 107 26 beträffar,
406 1045 23 22 sä
444 1045 73 28 tyckes
533 1045 40 21 den
588 1051 51 15 vara
654 1044 23 22 sä
693 1044 95 27 outredd,
804 1046 34 20 att
850 1044 46 23 der-

77 1081 36 14 om
136 1075 46 20 icke
204 1074 43 21 kan
269 1075 84 26 mycket
375 1076 69 25 sägas.
474 1073 111 22 Utskottet
600 1074 39 21 har
654 1074 47 21 icke
716 1075 97 20 närmare
828 1074 68 27 belyst

78 1103 41 21 den
135 1103 39 22 och
189 1109 62 21 synes
266 1103 67 21 heller
348 1103 47 21 icke
410 1102 58 27 sjelft
483 1109 51 14 vara
549 1102 125 28 öfvertygad
689 1109 41 20 om,
746 1103 104 21 huruvida
860 1103 36 21 nä-

76 1138 44 21 gon
135 1131 97 22 finansiel
248 1131 74 27 fördel,
339 1131 23 22 af
375 1131 161 28 förflyttningen
554 1131 68 21 skulle
644 1131 66 21 blifva
725 1138 26 15 en
766 1131 59 27 följd.
855 1132 41 27 Jag

77 1161 38 20 ber
130 1162 33 19 att
177 1161 28 26 pä
220 1161 62 20 dessa
296 1160 24 21 af
333 1161 43 26 mig
391 1160 90 21 anförda
496 1160 46 21 skäl
557 1159 22 22 fä
594 1159 74 22 förena
682 1160 44 27 mig
741 1167 35 14 om
786 1160 58 21 Frih.
855 1167 41 15 von

75 1189 71 22 Borns
161 1189 138 27 slutyrkande
314 1190 33 20 att
361 1189 119 26 petitionen
495 1189 68 21 måtte
578 1188 113 21 förkastas.

146 1245 32 22 Hr
193 1245 24 22 O.
232 1245 135 22 Norrmön:
391 1246 41 27 Jag
447 1245 40 22 har
502 1245 58 22 förut
575 1252 26 15 en
616 1245 56 28 gång
687 1245 7 22 i
710 1245 58 22 detta
783 1252 46 15 rum
844 1252 52 21 upp-

78 1275 59 21 trädt
152 1274 33 21 för
200 1274 155 22 forstväsendet
371 1275 39 20 och
426 1275 48 20 sökt
489 1274 89 27 uppvisa
593 1274 169 27 obefogenheten
777 1274 23 21 af
814 1275 26 21 de
851 1274 45 22 ofta

77 1303 123 27 upprepade
215 1303 171 27 anmärkningar,
403 1309 45 16 som
463 1303 67 27 gjorts
549 1305 45 20 mot
609 1303 218 28 forstförvaltningen.
855 1303 42 22 Det

76 1334 27 19 är
117 1333 76 20 nästan
208 1331 106 28 sjelffallet
329 1333 32 20 att
376 1332 26 21 de
418 1331 94 22 sväraste
527 1332 193 27 anmärkningarna
739 1334 45 19 mot
799 1331 98 22 forstför-

78 1360 124 27 valtningen
216 1361 86 21 komma
317 1360 47 21 frän
380 1362 31 19 ett
425 1360 51 26 häll,
500 1360 37 21 der
552 1366 49 15 man
616 1361 111 20 betraktar
741 1361 93 21 kronans
850 1361 47 21 sko-

76 1395 41 21 gar
133 1389 69 21 säsom
217 1395 122 21 gemensam
354 1389 103 27 egendom
472 1388 34 22 för
520 1389 49 21 alla.
598 1389 166 21 Forstväsendet
782 1389 39 21 har
836 1389 61 27 ryckt

78 1418 63 20 dessa
156 1417 84 21 marker
255 1416 47 22 frän
318 1424 26 14 en
359 1417 67 21 sädan
443 1422 121 22 gemensam
586 1416 91 28 sköfling
692 1417 40 21 och
746 1417 88 21 bevarat
850 1418 47 20 dem

78 1445 35 21 för
127 1445 92 21 kronans
234 1445 97 27 räkning,
347 1445 40 21 och
402 1445 36 21 det
453 1447 23 19 är
492 1445 65 26 detta,
581 1451 45 15 som
648 1445 47 21 icke
709 1445 100 27 behagar.
840 1445 57 22 Utan

80 1473 156 22 forstväsendet
251 1474 69 21 skulle
335 1474 19 20 vi
369 1480 29 14 nu
414 1473 70 27 hafva,
500 1473 54 21 efter
567 1473 30 21 all
613 1473 139 27 sannolikhet,
772 1474 35 21 väl
820 1474 78 21 krono-

78 1502 157 27 skogsmarker,
250 1509 49 15 men
314 1502 60 27 ringa
389 1502 52 21 eller
455 1502 50 27 inga
520 1502 151 27 kronoskogar.
694 1502 41 27 Jag
750 1502 40 21 har
805 1502 33 21 för
853 1503 44 20 min

79 1531 35 21 del
137 1530 110 28 ingenting
268 1532 33 20 att
323 1530 89 28 tillägga
432 1530 34 22 till
481 1530 55 21 hvad
549 1530 37 28 jag
601 1529 58 23 förut
673 1530 7 21 i
695 1531 66 20 saken
775 1532 67 26 yttrat
858 1531 39 22 och
