1061 1756
198 130 56 21 1638
447 134 27 18 R.
486 138 19 13 o.
516 134 23 16 A.
548 134 59 17 1888.
625 134 28 17 28
665 134 47 21 Maj.

169 222 51 16 nens
243 215 134 22 tolererande
400 215 40 22 och
463 214 59 22 deraf
543 215 56 27 gjort
621 220 26 16 en
670 214 130 22 förebräelse
822 216 44 20 mot
882 214 40 22 den
937 214 7 21 i
960 214 38 22 det

169 244 101 23 moderna
292 243 112 23 samhället
426 243 137 27 genomförda
585 243 210 27 reglementeringen,
819 249 48 15 men
883 243 59 21 detta
957 243 40 21 ord

168 276 24 20 är
214 273 83 28 mycket
320 272 37 22 illa
379 272 65 22 valdt.
474 272 50 22 Man
539 272 43 22 kan
597 272 47 22 icke
659 272 44 22 tala
718 278 34 16 om
767 272 146 22 tolererandet
929 271 22 22 af
965 273 32 20 ett

169 302 58 26 ondt,
243 308 45 15 som
304 302 61 21 sitter
379 302 7 20 i
402 301 196 27 samhällskroppen
614 301 39 21 och
668 301 46 21 icke
729 301 42 21 kan
783 300 92 22 derifrän
886 300 110 22 utdrifvas.

170 331 40 21 Om
232 337 48 15 man
304 330 36 21 vill
363 330 52 21 eller
437 330 25 26 ej,
478 330 32 21 fär
532 336 48 15 man
601 329 32 21 lof
646 331 32 19 att
693 329 43 21 täla
752 331 31 19 ett
798 330 76 20 sädant
889 329 52 21 ondt
957 329 39 21 och

169 365 76 21 genom
260 359 50 27 inga
326 358 78 27 lagbud
419 358 41 22 kan
476 358 117 21 detsamma
608 357 134 28 öfverskylas.
774 358 42 21 Det
832 357 40 21 fria
890 357 105 26 England,

169 394 47 16 som
231 387 33 21 för
278 387 47 21 icke
340 388 23 20 sä
378 386 62 28 länge
456 386 63 22 sedan
535 386 106 28 upphäfde
657 386 39 21 den
712 386 6 21 i
734 386 66 27 nägra
816 386 72 22 städer
897 385 100 27 gällande

167 415 202 28 reglementeringen
385 415 23 21 af
420 415 171 27 prostitutionen,
606 414 32 22 fär
653 414 54 22 dock
722 414 31 22 lof
766 416 32 20 att
809 414 92 22 tolerera
911 421 26 15 en
947 421 49 20 pro-

169 444 97 22 stitution
282 443 22 22 af
318 449 57 16 mera
390 443 113 22 utvecklad
519 443 39 22 och
573 443 49 22 svår
637 444 34 21 art
686 445 26 20 än
728 443 6 21 i
750 443 26 21 de
791 442 61 23 flesta
868 443 65 21 andra
952 443 45 22 län-

170 473 42 21 der.
244 473 42 20 Det
308 477 61 21 synes
389 472 43 25 mig
454 471 126 27 uppenbart,
601 473 32 19 att
647 471 139 26 lagstiftaren,
803 471 27 22 dä
845 471 42 21 han
901 471 37 21 vill
953 471 42 21 för-

168 501 45 20 fara
236 499 127 27 allvarsamt,
379 500 68 21 mäste
462 499 54 22 fästa
538 500 32 26 sig
585 499 34 21 vid
635 499 40 22 den
691 499 126 26 erfarenhet,
833 505 45 16 som
893 499 103 22 historien

169 529 81 20 lemnar
272 528 6 21 i
302 527 97 22 afseende
421 529 13 20 &
450 527 40 22 den
505 530 56 19 rätta
576 529 90 20 naturen
681 527 23 22 af
718 528 36 21 det
768 528 165 25 samhällsonda,
949 534 47 15 som

169 557 39 21 här
230 558 70 19 möter
322 562 31 15 en.
385 557 43 20 Det
451 558 24 19 är
497 556 142 27 lagstiftarens
655 556 53 27 pligt
724 558 31 19 att
771 557 95 26 uppsöka
881 557 115 21 orsakerna

169 585 33 21 till
226 585 116 21 detsamma
357 584 40 21 och
412 585 52 21 söka
480 585 67 21 vända
563 585 31 26 sig
609 587 58 19 emot
682 585 54 21 dem.
766 585 49 21 Han
831 585 76 21 inläter
921 585 32 26 sig
968 586 28 26 pä

169 613 36 22 det
228 612 143 27 ekonomiska,
394 619 48 15 men
466 612 60 22 äfven
540 613 28 27 pä
587 613 170 26 uppfostringens
773 613 93 26 omräde,
882 613 39 22 och
936 613 59 27 läng-

169 643 55 20 samt
238 647 48 15 men
302 641 71 21 säkert
387 641 75 21 vinner
476 641 42 21 han
533 647 72 20 segrar
620 641 33 21 för
667 641 209 22 framätskridandet.
901 642 42 21 Det
954 642 42 21 kan

169 669 46 22 icke
230 669 67 22 heller
312 669 22 21 af
348 670 69 26 nägon
432 669 105 25 förnekas,
553 676 45 15 som
614 671 98 20 närmare
727 670 97 21 studerat
839 670 61 22 dessa
917 671 78 26 frägor,

170 700 32 19 att
218 700 30 19 ett
261 697 79 22 sådant
354 698 112 27 långsamt,
482 705 47 14 men
545 698 76 27 tydligt
635 698 191 23 framåtskridande
842 699 40 21 har
891 699 105 27 töisports

169 727 39 20 och
232 726 46 21 frän
301 726 96 21 ärtionde
421 726 31 21 till
475 727 96 21 ärtionde
593 727 69 21 blifvit
677 727 38 21 allt
730 727 110 27 tydligare.
871 727 73 22 Under
959 728 37 21 det

170 755 68 21 denna
259 755 120 26 utveckling
399 755 103 26 försiggär
516 755 42 21 kan
573 755 132 27 lagstiftaren
721 756 52 21 söka
788 756 114 21 inskränka
919 757 76 26 prosti-

169 783 103 23 tutionen,
297 785 52 19 söka
371 783 75 21 hindra
469 783 38 22 och
530 783 73 22 straffa
627 784 47 21 dess
694 784 104 22 lockelser
813 785 39 21 och
868 785 128 26 oordningar

169 811 39 22 och
223 811 87 22 framför
325 811 38 22 allt
377 812 53 21 söka
446 813 56 20 möta
518 812 25 21 de
559 812 95 27 skadliga
669 813 132 26 verkningar,
818 819 44 16 som
880 813 59 22 deraf
949 813 47 22 här-

168 839 56 28 flyta.
240 840 121 27 isynnerhet
375 840 7 21 i
397 840 90 22 sanitärt
502 841 125 21 hänseende.

235 869 42 20 Det
299 871 24 18 är
343 869 33 21 vid
392 869 68 21 denna
476 869 93 22 sanitära
584 869 45 22 sida
641 869 37 27 jag
694 870 93 21 önskade
802 871 65 26 nägot
882 870 113 27 uppehälla

169 897 48 26 mig.
249 897 39 21 Om
312 899 30 19 ett
365 897 103 22 samhälle
484 900 34 19 vet
533 899 32 20 att
581 900 30 19 ett
633 898 117 27 förderfligt
772 899 148 26 sjukdomsgift
942 899 53 27 spri-

171 926 35 21 des
229 925 57 21 inom
307 925 123 27 detsamma,
445 926 81 21 känner
541 927 52 20 hvar
609 927 46 21 dess
672 927 137 22 hufvudkälla
824 927 67 22 finnes
907 927 38 22 och
961 931 35 18 vet

169 956 32 19 att
224 954 68 20 denna
307 954 57 21 källa
379 954 46 21 icke
440 955 41 20 kan
496 957 89 23 utrotas,
601 955 27 21 dä
643 957 24 19 är
683 955 35 21 det
734 963 45 14 mer
794 958 27 19 än
837 956 107 27 naturligt,
963 959 33 19 att

170 982 112 22 samhället
297 982 96 27 vidtager
408 983 54 21 mätt
477 983 39 21 och
531 986 46 24 steg
592 983 33 21 för
635 986 32 19 att
677 984 81 27 skydda
768 984 32 27 sig
811 986 45 19 mot
867 984 127 22 densamma.

169 1010 43 21 Det
234 1012 24 19 är
276 1010 68 22 denna
360 1010 108 27 oafvisliga
483 1011 162 27 nödvändighet,
661 1018 45 16 som
722 1012 40 22 har
777 1013 43 21 ledt
836 1012 32 22 till
884 1013 25 21 de
924 1014 71 26 ätgär-

170 1039 43 24 der,
236 1045 44 15 som
304 1041 108 24 gentemot
435 1040 163 26 prostitutionen
622 1040 105 27 vidtagits,
751 1041 41 21 den
811 1041 184 27 reglementering,

170 1066 86 22 hvarom
272 1073 48 15 man
336 1068 23 20 sä
375 1067 83 27 mycket
473 1068 59 21 talat.
555 1068 68 22 Dessa
637 1069 100 26 ätgärder
747 1069 62 22 hafva
820 1069 175 27 hufvudsakligen

169 1095 80 21 bestätt
264 1096 7 20 i
288 1102 25 14 en
331 1096 107 26 periodisk
456 1095 117 28 besigtning
589 1096 23 22 af
625 1097 26 21 de
662 1096 33 22 för
706 1098 142 26 yrkesmässig
858 1098 137 27 prostitution

170 1123 125 22 misstänkta
310 1130 134 21 personerna.
474 1124 40 27 Jag
530 1125 35 21 vill
581 1132 28 14 nu
625 1125 46 22 icke
686 1126 38 21 här
739 1126 67 22 inläta
821 1126 43 27 mig
879 1128 27 26 pä
922 1127 26 21 de
958 1127 37 21 fel-

169 1152 126 27 aktigheter,
319 1153 25 21 de
366 1153 123 27 uppenbara
509 1154 82 26 brister,
607 1160 46 15 som
668 1154 81 22 vidlädt
764 1155 26 21 de
806 1155 56 21 olika
878 1158 69 19 sätten
963 1158 32 19 att

169 1181 123 28 genomföra
315 1181 68 22 denna
398 1182 182 28 reglementering.
611 1182 41 28 Jag
667 1185 24 19 är
706 1183 40 21 den
762 1183 66 22 första
844 1186 32 19 att
891 1184 105 26 medgifva

171 1212 31 21 att
224 1212 91 26 rutinen,
339 1211 39 23 och
394 1211 60 22 äfven
470 1211 119 29 godtycket,
605 1211 75 22 härvid
695 1212 69 28 spelat
779 1218 25 16 en
820 1212 46 22 icke
882 1212 59 28 ringa
956 1212 39 22 rol.

171 1241 50 21 Men
244 1241 35 22 det
301 1244 24 18 är
343 1240 118 28 egentligen
478 1241 40 21 den
533 1241 93 21 sanitära
641 1241 78 21 verkan
735 1242 22 20 af
772 1242 60 21 dessa
847 1242 100 26 ätgärder
959 1242 37 26 jag

171 1270 56 21 velat
249 1270 50 21 afse.
329 1269 40 27 Jag
392 1270 58 21 delar
472 1269 115 27 ingalunda
609 1270 60 21 deras
693 1272 39 24 tro,
752 1276 45 15 som
813 1270 99 21 betrakta
927 1270 69 21 denna

170 1298 176 27 reglementering
368 1299 70 20 säsom
461 1298 6 21 i
490 1298 89 21 sanitärt
601 1298 120 21 hänseende
743 1298 134 27 synnerligen
891 1299 104 21 verksam.

169 1327 43 21 Det
235 1329 23 19 är
280 1327 63 21 ocksä
358 1326 101 27 naturligt
474 1329 31 19 att
522 1327 39 21 den
577 1326 46 22 icke
638 1327 23 21 sä
677 1327 41 21 kan
734 1334 56 18 vara,
807 1326 39 22 den
862 1328 41 20 kan
919 1327 77 21 tilläm-

169 1362 38 20 pas
230 1356 75 21 endast
320 1356 27 26 pä
361 1355 22 21 fä
397 1355 76 21 ställen
489 1355 6 21 i
511 1357 31 19 ett
556 1355 50 21 land
622 1355 39 21 och
677 1362 47 15 man
740 1356 34 20 mä
789 1355 47 22 icke
852 1358 32 18 tro
901 1358 32 18 att
948 1362 48 20 pro-

169 1384 124 21 stitutionen
309 1386 24 19 är
348 1384 110 21 inskränkt
474 1384 74 20 endast
563 1384 32 20 till
611 1384 66 26 nägra
691 1386 69 19 större
776 1384 81 26 städer;
874 1384 122 21 densamma

169 1412 67 22 finnes
260 1412 103 26 öfverallt,
387 1412 66 22 ehuru
471 1413 6 20 i
494 1412 56 22 olika
565 1412 84 22 former.
680 1412 46 22 Den
742 1412 42 22 kan
800 1413 74 21 endast
889 1412 106 28 tillämpas

169 1443 44 19 mot
236 1442 64 26 nägra
324 1442 21 20 fä
367 1440 22 22 af
411 1441 53 25 dem,
490 1447 44 15 som
557 1440 79 27 sjunkit
652 1440 87 28 djupare
754 1441 6 21 i
777 1441 74 25 lasten,
868 1441 39 21 och
924 1442 72 20 vidare

168 1469 42 21 kan
234 1469 39 21 den
296 1470 46 21 icke
365 1469 76 21 hindra
466 1471 32 19 att
515 1469 60 21 äfven
591 1469 72 21 smitta
677 1476 76 19 genom
770 1470 61 21 dessa
846 1469 6 21 i
869 1470 75 25 många
959 1468 37 23 fall

168 1497 105 22 utbredes..
305 1497 48 22 Men
377 1497 71 22 säkert
470 1499 24 20 är
517 1497 6 20 i
543 1497 41 22 alla
599 1497 36 21 fall
651 1499 33 19 att
699 1504 75 20 genom
792 1498 68 21 denna
876 1497 119 27 besigtning

167 1526 78 21 talrika
260 1526 128 21 smittkällor
403 1528 62 25 göras
481 1526 115 27 oskadliga.
622 1519 19 28 Ä
656 1527 66 20 andra
738 1527 60 20 sidan
810 1528 23 19 är
844 1526 61 21 äfven
916 1527 79 25 säkert,
