1061 1736
359 134 25 17 R.
397 138 17 13 o.
427 134 22 16 A.
462 134 57 17 1888.
534 135 25 16 23
568 134 47 21 Maj.
818 128 54 22 1497

152 219 31 21 Hr
205 218 118 22 Munck:
354 220 78 26 Hvarje
455 219 34 27 lag
511 220 39 21 bör
571 220 120 26 visserligen
713 226 51 15 vara
782 220 72 25 sädan,
868 220 32 20 att

81 248 43 21 den
139 247 38 21 har
193 253 24 15 en
233 248 40 20 viss
288 248 151 27 uppfostrande
454 248 85 27 verkan,
550 255 47 15 men
608 255 48 15 man
664 248 32 21 fär
706 248 62 22 ocksä
778 248 46 22 icke
834 248 66 22 öfver-

82 276 73 21 skrida
177 275 36 21 det
235 276 89 26 möjliga.
354 276 34 21 Då
410 282 26 15 en
459 276 34 27 lag
511 277 95 21 kommer
621 279 31 18 att
667 276 111 21 framdeles
792 276 107 22 utarbetas

83 310 35 15 om
141 303 146 28 spritdrycker,
306 305 23 20 sä
344 304 40 21 bör
398 304 81 28 hänsyn
494 306 60 25 tagas
568 305 39 27 till,
622 307 32 19 att
670 305 120 21 densamma
804 305 46 21 icke
864 304 35 21 be-

81 332 85 21 fordrar
187 332 54 21 hvad
263 339 48 15 man
334 333 35 21 vill
383 333 114 22 förhindra.
527 333 50 22 Man
592 333 39 22 bör
646 339 22 16 se
682 333 33 21 till
728 335 32 19 att
774 333 45 21 icke
834 333 66 21 öfver-

83 360 103 22 trädelser
200 361 84 21 komma
299 363 31 20 att
344 361 53 22 höra
412 361 32 21 till
459 361 72 28 regeln
546 362 40 21 och
596 362 72 27 lagens
677 361 91 27 följande
779 361 31 21 till
821 361 79 22 undan-

81 391 71 25 tagen.
182 389 40 26 Jag
237 389 34 21 vill
287 390 80 21 således
382 391 32 20 att
429 396 27 15 en
471 390 34 27 lag
520 390 53 21 skall
588 391 69 20 stiitas
672 390 65 21 sådan
752 391 31 20 att
798 389 40 22 den
853 395 46 21 pas-

82 424 36 15 sar
139 417 33 22 för
194 419 46 20 värt
262 417 43 22 folk
327 419 66 20 under
408 419 121 21 nuvarande
544 419 30 21 tid
590 419 38 21 och
644 418 59 21 äfven
718 419 39 20 har
772 424 24 15 en
812 417 87 22 förbätt-

82 447 67 20 rande
170 446 84 27 verkan,
277 453 47 15 men
343 447 55 21 hvad
414 447 101 21 särskildt
530 447 39 22 den
584 453 28 15 nu
627 447 141 26 föreliggande
784 446 115 27 petitionen

83 474 106 27 beträffar,
205 475 23 21 så
243 475 34 20 vill
291 476 35 25 jag
341 475 32 21 för
388 475 43 21 min
447 475 34 22 del
493 475 66 27 jemte
574 475 153 27 godkännande
738 475 22 22 af
769 475 24 21 de
804 475 94 25 motiver,

83 509 46 15 som
152 503 22 21 af
194 503 32 21 Hr
241 503 102 22 Mechelin
358 504 131 27 framhållits,
505 504 128 21 understöda
648 504 32 21 Hr
695 503 113 22 Norrméns
822 503 77 26 förslag

83 531 80 26 derom,
179 533 32 19 att
226 532 67 21 denna
307 532 89 27 petition
412 533 66 21 måtte
496 532 79 22 lemnas
591 534 51 20 utan
658 532 101 22 afseende.

152 588 32 21 Hr
198 588 25 21 B.
239 587 24 22 O.
279 588 153 22 Schauman:
459 589 42 21 Det
516 591 23 19 är
554 589 47 21 med
616 588 111 27 anledning
743 588 22 21 af
777 588 32 22 Hr
816 587 83 22 Meche-

82 616 41 22 lins
137 617 104 26 yttrande,
257 623 45 15 som
314 617 36 26 jag
360 617 102 26 begärdet
473 617 66 22 ordet.
565 617 31 21 Hr
608 617 101 21 Mechelin
720 617 58 26 sade,
789 618 31 20 att
831 617 67 20 denna

83 645 88 27 petition
194 647 23 19 är
239 645 22 21 så
283 645 7 20 i
313 645 113 22 allmänhet
442 645 94 27 affattad,
552 647 31 20 att
598 645 122 27 regeringen
736 645 88 27 troligen
839 645 59 21 kom-

83 680 45 15 mer
150 675 32 20 att
204 673 62 22 hafva
284 675 57 20 svårt
355 675 32 20 att
402 676 49 19 veta
465 674 57 21 hvad
537 674 40 21 den
592 674 54 21 skall
661 676 50 25 göra
727 673 46 22 med
788 673 110 26 anledning

83 701 65 22 deraf.
177 702 40 27 Jag
239 704 34 19 vet
288 703 12 20 å
315 703 41 20 min
372 702 45 22 sida
432 703 52 26 icke,
501 709 33 14 om
549 703 123 26 regeringen
686 702 39 22 alls
740 702 64 21 fäster
818 702 31 26 sig
864 701 34 22 vid

83 730 27 21 de
125 730 94 21 enskilda
234 731 145 26 petitionerna,
395 737 44 15 som
455 731 108 21 föranleda
578 737 25 15 en
619 731 179 26 ständerpetition,
809 736 47 15 men
866 731 32 20 åt-

83 758 104 21 minstone
209 759 38 21 bör
270 765 25 15 en
317 759 93 22 ledamot
432 759 27 24 af
471 759 25 21 R.
513 765 17 15 o.
546 760 25 20 A.
588 759 51 22 eller
654 759 21 21 af
689 759 25 21 de
730 759 64 26 öfriga
810 758 88 22 stånden

82 789 50 24 taga
154 787 117 22 kännedom
295 787 77 26 derom,
393 787 39 22 och
447 788 36 21 det
498 787 66 22 finnes
578 788 81 26 ganska
673 787 74 28 tydligt
762 787 91 21 uttaladt
868 786 30 21 uti

83 815 26 21 de
124 815 157 27 ifrågavarande
296 816 145 27 petitionerna,
457 816 99 21 särskildt
571 817 40 20 den
626 816 56 21 inom
696 816 25 21 R.
738 822 19 15 o.
772 816 26 21 A.
817 815 80 25 väckta,

80 845 35 20 att
137 846 105 19 närmaste
264 844 64 21 målet
349 844 65 22 borde
437 851 50 15 vara
510 845 138 21 nedsättande
670 844 21 21 af
711 851 26 15 en
752 844 85 24 komit6,
852 849 45 16 som

83 871 68 22 skulle
173 872 66 21 samla
260 879 120 20 noggranna
402 873 118 21 statistiska
542 873 105 27 uppgifter
662 872 45 22 frän
721 872 128 26 brännerier,
865 873 32 20 ut-

81 900 198 27 skänkningsbolag,
303 900 230 28 fattigvärdsstyrelser,
556 901 87 27 sjukhus
658 901 38 21 och
711 901 110 27 fängelser,
836 900 61 21 hvar-

82 928 82 22 utöfver
176 929 36 26 jag
227 929 48 21 ville
289 929 86 27 tillägga
390 930 235 24 brottmälsdomstolar,
637 930 38 21 och
684 930 35 26 jag
729 929 75 22 tänker
814 929 42 27 mig
866 929 31 21 att

83 957 26 21 de
131 957 155 27 undersökning
307 958 95 26 grundad
422 958 27 27 pä
465 958 60 22 dessa
540 957 105 28 uppgifter
660 958 66 22 skulle
741 964 51 15 vara
806 957 90 27 regerin-

80 991 42 20 gen
145 992 25 14 en
191 986 132 22 välkommen
345 986 90 28 ledning,
459 993 35 15 om
517 987 39 21 den
576 986 35 21 vill
625 986 92 27 lagstifta
732 987 7 20 i
754 986 142 21 moralitetens

81 1014 95 21 intresse.
206 1014 77 21 Likaså
305 1021 61 15 anser
384 1015 38 26 jag
444 1017 33 19 att
495 1015 116 21 statistiska
626 1014 105 27 uppgifter
746 1014 66 22 skulle
827 1014 70 21 kunna

80 1041 71 22 lemna
166 1043 147 26 upplysningar
328 1043 107 27 angäende
454 1043 26 21 de
495 1044 24 21 sä
533 1043 97 21 fruktade
645 1042 198 22 lönnbrännerierna
858 1041 39 22 och

81 1070 170 27 smugglerierna,
267 1071 70 22 hvilka
352 1071 59 22 alltid
436 1071 106 27 begagnas
567 1073 69 20 säsom
661 1071 127 22 skrämskott
808 1070 22 22 af
843 1071 54 20 mot-

79 1099 128 21 ständarene
230 1099 31 21 till
275 1100 272 27 nykterhetssträfvandena
562 1100 6 21 i
584 1101 46 20 värt
645 1099 54 22 land.
728 1100 41 26 Jag
783 1099 66 21 finner
864 1099 33 21 sä-

80 1125 57 23 ledes
154 1129 31 19 att
200 1128 113 26 petitionen
333 1128 39 22 har
386 1131 31 19 ett
433 1129 90 26 verkligt
536 1128 93 22 innehäll
645 1128 38 21 och
698 1128 100 27 förtjenar
812 1129 32 20 att
859 1127 37 22 all-

80 1155 94 27 varligen
188 1156 93 22 beaktas.

151 1212 32 21 Hr
197 1212 26 22 H.
239 1214 24 21 A.
324 1214 96 21 chelin:
450 1214 34 21 Då
499 1214 105 22 utskottet
618 1213 95 27 förslagit
727 1215 32 20 att
777 1219 120 21 noggranna

81 1236 180 36 undersökningar
317 1244 30 20 tte
369 1242 102 22 anställas
493 1243 28 26 pä
543 1243 36 21 det
602 1244 32 20 att
656 1242 154 27 lagstiftningen
829 1241 7 21 i
851 1242 46 20 värt

80 1268 50 22 land
152 1269 69 21 kunde
243 1270 31 22 slä
296 1270 20 22 in
338 1272 27 26 pä
388 1277 26 15 en
433 1271 156 22 verksammare
604 1273 39 25 väg
658 1270 32 22 för
704 1270 102 28 stäfjande
822 1269 21 22 af
856 1270 41 21 den

80 1296 126 22 Ofverdrifna
228 1298 121 28 njutningen
370 1299 22 21 af
413 1299 74 21 starka
502 1299 93 27 drycker,
611 1300 24 21 sä
650 1299 139 21 förekommer
804 1298 35 22 det
854 1298 42 26 mig

79 1326 34 20 att
127 1326 104 22 utskottet
245 1327 68 21 deruti
329 1328 53 21 hade
396 1327 49 22 sökt
461 1334 26 15 en
502 1328 56 26 slags
572 1327 143 27 afloppskanal
730 1327 32 21 för
778 1327 39 22 den
834 1326 61 21 svåra

80 1354 143 32 pätryckning,
239 1361 44 15 som
299 1356 41 21 alla
356 1356 59 22 dessa
430 1356 21 21 af
465 1356 24 21 sä
504 1357 75 25 mänga
594 1356 169 22 undertecknade
784 1354 112 28 petitioner

80 1385 54 18 varit
150 1384 79 26 egnade
243 1386 32 19 att
289 1385 27 26 pä
330 1384 104 22 utskottet
449 1384 78 27 utöfva,
543 1390 25 16 en
584 1384 136 28 pätryckning
735 1384 71 26 sädan,
822 1384 31 20 att
863 1384 32 20 ut-

79 1410 81 22 skottet
183 1412 54 21 ändå
259 1412 55 22 velat
335 1413 84 21 komma
434 1412 32 22 till
482 1414 64 25 något
562 1413 54 26 slags
632 1412 107 22 uttalande
754 1412 38 22 och
807 1412 88 21 likasom

79 1438 56 26 gifva
150 1440 161 26 petitionärerne
327 1441 96 21 medhäll.
453 1441 34 26 Ja,
503 1442 39 20 här
556 1443 24 19 är
594 1441 58 26 fräga
668 1447 33 14 om
716 1443 32 19 att
762 1446 75 21 genom
851 1439 44 27 lag-

80 1467 204 28 stiftningsätgärder
305 1469 81 21 minska
408 1469 99 26 superiet.
538 1469 76 22 Likasä
633 1475 65 21 gerna
712 1469 72 27 tycker
797 1469 36 26 jag
848 1473 48 16 man

79 1495 71 21 kunde
171 1496 125 26 petitionera
317 1498 32 20 att
371 1496 102 28 styrelsen
493 1498 66 20 mätte
575 1499 49 25 taga
638 1498 7 20 i
661 1496 156 27 öfvervägande,
833 1495 63 21 huru-

79 1524 48 22 vida
141 1523 46 23 icke
203 1524 62 22 ocksä
280 1531 74 21 genom
370 1526 69 26 nägon
455 1525 155 27 undersökning
626 1525 39 22 och
680 1525 116 22 statistiska
814 1523 81 28 uppgif-
