1070 1739
322 141 26 17 R.
361 141 49 17 o.A.
418 141 60 17 1888.
501 140 21 18 17
534 141 49 22 Maj.
795 136 54 22 1299

117 227 33 22 Hr
171 228 207 22 Landtmarskalken
398 228 124 22 meddelade
537 228 53 22 härä
605 230 33 20 att
653 228 57 22 inom
726 228 152 22 Talmanskon-

46 256 100 22 ferensen
161 256 60 27 fråga
235 256 73 22 väckts
324 259 38 23 att,
378 257 6 21 i
400 256 68 22 likhet
483 257 49 21 med
546 257 56 21 hvad
618 256 35 22 vid
668 256 127 28 föregående
810 256 68 22 landt-

47 285 68 27 dagar
140 284 55 22 varit
217 284 65 27 fallet,
305 285 95 22 tillsätta
416 286 31 21 ett
462 285 210 28 Justeringsutskott,
695 285 115 22 bestäende
829 285 22 22 af
865 286 14 22 2

47 313 120 22 Jedamöter
189 313 40 22 och
252 314 13 20 2
287 314 138 27 suppleanter
445 313 47 23 från
515 314 73 27 hvarje
610 314 70 26 stånd,
701 314 80 21 hvilket
795 314 84 22 utskott

49 342 37 22 det
101 342 68 22 skulle
183 342 71 27 åligga
269 344 31 20 att
314 342 92 27 granska
414 342 255 28 Expeditionsutskottets
685 342 126 27 skrifvelser,
822 344 57 20 samt

49 372 33 20 att
106 370 54 23 efter
182 370 139 26 landtdagens
343 370 43 23 slut
408 372 7 20 i
437 371 27 22 de
481 370 44 26 fall,
541 372 27 21 då
584 371 57 22 olika
656 371 79 27 åsigter
749 371 83 27 yppade
847 371 32 27 sig

49 399 90 22 emellan
162 400 26 21 de
210 399 56 22 båda
287 400 117 24 utskotten,
424 400 67 27 jemte
505 400 245 28 Expeditionsutskottet
771 399 58 22 bilda
847 401 33 21 ett

49 430 140 20 sammansatt
211 428 89 24 utskott,
322 428 81 22 hvilket
418 428 68 22 under
504 428 87 28 ledning
606 428 22 22 af
641 428 238 27 Justeringsutskottets

50 456 129 22 ordförande
193 456 53 28 egde
261 458 32 20 att
308 456 48 23 med
370 457 125 22 ständernas
510 459 44 20 rätt
568 456 86 23 besluta
669 463 34 16 om
726 456 153 28 expeditioner-

49 490 40 16 nas
110 484 80 29 lydelse
213 485 40 22 och
276 485 44 22 deri
335 485 86 28 vidtaga
435 485 140 29 tilläfventyrs
590 486 79 27 nödiga
683 485 107 28 språkliga
805 484 74 24 rättel-

49 519 42 19 ser,
108 514 39 21 och
162 513 69 23 skulle
245 514 36 22 det
297 514 113 22 ankomma
424 515 13 21 å
452 514 165 22 Statsutskottet
632 516 33 20 att
679 514 136 22 hosstånden
826 514 54 22 före-

49 542 32 22 slå
95 542 100 28 beloppet
210 542 23 22 af
247 542 25 22 de
287 542 99 28 arvoden,
402 549 45 15 som
462 542 146 23 ledamöterne
623 543 7 21 i
653 542 127 23 omnämnda
801 544 79 20 tvänne

48 570 84 22 utskott
146 570 55 28 finge
217 571 53 21 efter
284 570 142 29 landtdagens
441 571 43 22 slut
498 571 102 28 uppbära.

119 628 66 22 Detta
206 628 249 22 Talmanskonferensens
478 628 79 28 förslag
579 628 45 22 blef
637 628 22 22 af
673 628 67 22 R..o.
756 628 24 22 A.
797 628 80 27 gilladt,

48 656 86 23 hvarför
155 657 27 21 hr
203 657 207 28 Landtmarskalken
432 658 135 27 uppmanade
593 657 97 22 ståndets
718 656 105 23 elektorer
847 658 34 20 att

48 686 117 22 verkställa
188 685 34 22 val
245 685 23 23 af
288 687 36 20 två
338 686 118 22 ledamöter
471 686 39 22 och
527 686 36 21 två
578 686 137 27 suppleanter
730 686 6 21 i
751 685 129 27 Justerings-

48 715 111 22 utskottet.

119 845 33 22 Hr
173 846 206 22 Landtmarskalken
402 845 141 28 tillkännagaf
566 845 71 22 vidare
653 848 32 19 att
700 846 58 21 inom
773 845 108 22 Talmans-

49 873 142 23 konferensen
214 874 61 22 äfven
298 875 55 22 varit
374 874 60 28 fråga
456 881 35 15 om
514 876 32 20 att
561 874 68 22 under
645 874 26 22 de
686 874 52 22 sista
754 874 91 27 dagarne
860 873 23 22 af

49 903 132 26 landtdagen
206 903 46 22 från
277 903 110 22 utskotten
411 903 109 22 inkomma
534 902 108 27 åtskilliga
657 902 224 27 sammanjemknings-

50 931 86 28 förslag,
151 931 83 22 hvilkas
248 932 112 28 tryckning
374 933 7 20 i
397 932 105 22 anseende
517 931 33 22 till
566 931 69 22 tidens
650 931 109 28 knapphet
768 931 47 22 icke
823 931 58 21 med-

51 959 82 27 hinnes,
149 960 76 22 hvaraf
237 960 64 27 följde
316 963 32 19 att
364 961 80 22 deicke
458 962 106 26 upptagas
578 960 7 21 i
600 960 117 27 samlingen
725 960 22 21 af
760 959 122 26 landtdags-

51 988 160 28 handlingarna,
227 989 71 22 hvilka
312 989 90 22 sålunda
416 989 68 22 blifvit
499 989 156 26 ofullständiga;
672 989 6 20 i
694 989 112 26 anledning
821 987 62 22 häraf

51 1017 56 22 hade
122 1017 239 23 Talmanskonferensen
377 1018 93 22 beslutat
486 1019 32 20 att
533 1019 39 20 hos
586 1017 90 22 stånden
691 1017 77 22 föreslå
784 1017 97 21 attstån-

51 1045 52 22 dens
126 1046 132 22 sekreterare
281 1047 67 22 skulle
370 1046 81 22 erhålla
473 1046 7 21 i
503 1046 97 27 uppdrag
615 1047 32 20 att
662 1045 33 22 till
710 1045 172 28 Expeditionsut-

51 1074 83 22 skottet
151 1074 130 23 öfverlemna
295 1075 107 22 afskrifter
416 1075 23 22 af
453 1075 71 28 dylika
539 1073 300 28 sammanjemkningsförslag,
854 1073 28 27 på

52 1103 37 22 det
111 1104 32 21 att
157 1103 62 23 dessa
234 1110 76 21 genom
325 1103 255 28 Expeditionsutskottets
596 1103 82 27 försorg
693 1103 66 22 måtte
773 1102 33 22 till
821 1101 62 28 tryck

51 1131 110 22 befordras
177 1132 39 22 och
232 1133 7 20 i
254 1132 116 28 samlingen
385 1132 22 23 af
420 1131 240 28 landtdagshandlingar
674 1131 89 28 intagas,

121 1190 68 27 Äfven
204 1195 60 22 detta
279 1194 78 29 förslag
371 1195 45 22 blef
430 1195 23 22 af
465 1195 87 22 ståndet
568 1194 80 28 gilladt.

364 1326 205 30 Strafflagsförslaget.

424 1378 91 28 (Forts.)

123 1430 90 22 Ståndet
227 1430 99 22 fortsatte
342 1429 92 23 derefter
449 1430 41 21 den
506 1429 35 21 vid
556 1429 118 27 gårdagens
689 1428 84 28 plenum
784 1428 100 22 afbrutna

53 1458 157 28 granskningen
226 1458 23 22 af
262 1458 227 28 Strafflagsutskottets
504 1457 44 22 bet.
564 1457 40 22 N:o
622 1460 10 19 1
649 1457 7 21 i
672 1457 111 27 anledning
799 1456 22 22 af
835 1455 48 22 nåd.

53 1493 61 21 prop.
131 1487 108 27 angående
254 1494 28 20 ny
297 1487 95 27 strafflag
407 1493 27 15 m.
450 1493 35 20 m.,
502 1488 55 20 samt
572 1486 112 27 godkände
699 1486 73 21 härvid
788 1487 51 19 utan
848 1490 36 16 an-

53 1515 112 27 märkning
181 1516 21 26 $$
220 1516 55 21 1—4
290 1515 7 22 i
311 1516 28 21 28
354 1515 53 27 Kap.
