1067 1750
193 123 54 21 1426
454 130 25 17 R.
492 134 17 13 o.
522 131 23 16 A.
553 130 59 17 1888.
631 131 22 17 19
666 131 47 21 Maj.

232 215 113 22 Allmänna
356 216 207 22 Besvärsutskottets
579 216 42 22 bet.
638 216 41 22 N:o
695 217 27 21 33
738 216 48 22 med
802 216 112 28 anledning
930 216 21 22 af
960 218 32 20 ett

163 244 32 21 till
210 244 160 22 Bondeståndet
385 244 86 28 ingifvet
489 245 186 27 petitionsförslag,
698 245 110 27 angående
831 245 118 22 ordnandet
971 245 23 21 af

163 272 141 27 fattigvården
319 273 34 21 vid
369 274 126 21 industriela
510 274 58 25 verk;

232 330 113 22 Allmänna
360 331 207 21 Besvärsutskottets
583 331 42 21 bet.
640 331 41 22 N:o
697 332 27 21 34
747 331 109 27 angående
872 333 31 19 ett
917 331 6 21 i
939 331 52 21 Bor-

163 359 135 26 gareståndet
313 360 62 20 väckt
393 360 178 26 petitionsförslag
594 366 33 15 om
651 360 90 21 revision
766 360 39 21 och
828 360 127 26 förbättring
970 359 23 21 af

162 387 83 22 landets
261 388 106 21 kartverk.

231 451 221 22 Ekonomiutskottets
468 451 41 22 bet.
526 451 40 22 N:o
584 453 26 20 19
625 452 7 21 i
647 452 114 27 anledning
777 452 21 21 af
817 454 31 19 ett
863 452 55 21 inom
941 452 49 21 Rid-

164 479 113 28 derskapet
293 479 38 22 och
347 480 68 21 Adeln
431 480 120 22 framstäldt
567 480 171 27 motionsförslag
755 487 34 14 om
806 481 88 26 ändring
906 481 22 20 af
941 481 11 26 $
962 481 28 20 49

162 508 7 21 i
184 508 150 27 förordningen
350 509 108 26 angående
473 509 278 27 kommunalförvaltningen
768 510 27 26 på
814 509 71 22 landet
908 509 21 22 af
950 509 40 21 den

162 538 13 20 5
192 537 102 21 Februari
311 538 60 25 1865,
389 537 78 22 derhän
483 540 32 19 att
530 538 140 21 kommunens
685 538 173 21 förtroendemän
873 539 34 20 må
926 538 66 21 varda

163 565 105 26 aflönade;
285 569 55 19 samt

194 698 214 23 Riddarhusutskottets
425 698 116 23 betänkande
558 698 5 23 i
579 698 98 29 anledning
694 698 20 23 af
729 698 234 24 Riddarhusdirektionens

525 733 105 23 berättelse

162 796 34 15 om
212 789 157 27 förvaltningen
385 790 22 20 af
420 790 167 26 Ridderskapets
598 790 39 21 och
649 790 78 21 Adelns
739 790 178 26 angelägenheter
928 790 61 21 emel-

161 818 35 21 lan
218 818 155 28 landtdagarne
397 819 54 21 1885
474 818 39 22 och
539 819 59 26 1888,
617 819 81 21 hvilket
714 818 135 21 betänkande
865 825 37 15 var
916 819 22 21 af
952 819 39 21 föl-

159 847 64 27 jande
239 847 90 26 lydelse:

231 876 91 21 Medelst
345 876 196 26 protokollsutdrag
565 876 22 20 af
609 876 39 21 den
673 876 26 20 13
722 875 97 21 sistlidne
839 875 57 21 Mars
911 876 40 20 har
966 876 23 21 R.

162 904 39 21 och
216 904 24 21 A.
258 904 32 21 till
305 904 228 22 Riddarhusutskottet
548 905 119 21 remitterat
683 905 40 20 den
739 904 35 20 vid
790 906 84 19 senaste
890 904 100 27 landtdag

160 933 91 21 tillsatta
273 933 266 21 Riddarhusdirektionens
563 933 114 21 berättelse
701 939 33 15 om
755 932 159 28 förvaltningen
930 933 23 21 af
965 933 25 21 R.

161 962 39 20 och
224 962 36 21 A:s
283 962 41 20 D:n
348 961 139 22 ombetrodda
510 962 183 26 angelägenheter,
717 961 40 21 och
779 962 39 26 gär
837 961 155 22 Riddarhusut-

161 990 81 21 skottet
264 996 29 15 nu
316 992 32 19 att
371 990 77 26 afgifva
472 991 35 21 det
530 991 13 21 å
565 990 105 21 utskottet
695 990 85 27 jemlikt
810 991 4 25 $
838 990 28 21 40
888 990 6 20 i
916 990 24 21 R.
965 990 24 22 O.

161 1018 154 22 ankommande
330 1019 105 27 yttrande.

228 1161 64 22 Hvad
308 1162 55 21 först
378 1162 65 27 angår
459 1162 256 28 riddarhusbyggnaden,
731 1162 24 21 sä
770 1162 40 21 har
828 1161 105 22 utskottet
956 1162 35 21 vid

159 1190 71 21 hällen
253 1197 46 20 syn,
322 1191 89 21 hvarvid
426 1191 105 21 utskottet
543 1191 80 26 jemväl
639 1191 46 21 haft
701 1191 33 21 del
750 1190 23 22 af
786 1190 131 27 protokollet
932 1191 60 21 öfver

160 1219 12 21 å
195 1219 137 22 riddarhuset
355 1220 84 21 anstäld
462 1220 119 27 besigtning
603 1219 23 22 af
647 1226 25 15 en
695 1220 33 21 för
751 1219 159 27 undersökning
929 1219 23 21 af
966 1219 25 21 de

160 1247 108 28 offentliga
284 1248 151 27 byggnaderna
449 1248 40 21 här
504 1249 7 20 i
526 1249 74 20 staden
617 1248 77 21 tillsatt
708 1248 147 23 kommission,
866 1247 69 22 funnit
946 1249 45 20 sär-

159 1276 69 21 skilda
251 1277 182 26 omständigheter
454 1277 84 27 päkalla
561 1277 194 26 uppmärksamhet,
778 1276 88 21 hvarför
886 1277 106 20 utskottet

159 1311 63 15 anser
237 1305 32 27 sig
285 1305 52 21 böra
352 1306 65 26 något
428 1306 124 27 utförligare
561 1306 75 26 bringa
647 1307 46 20 dem
704 1305 33 21 till
748 1305 24 21 R.
785 1311 19 15 o.
816 1305 38 21 A:s
864 1305 126 21 kännedom.

228 1334 75 21 Ehuru
327 1334 36 21 det
385 1336 56 25 yttre
464 1334 65 26 taket,
551 1334 66 27 enligt
631 1334 56 22 hvad
702 1334 32 21 uti
750 1334 52 21 D:ns
819 1334 114 21 berättelse
948 1334 43 20 för-

158 1362 73 26 mäles,
255 1363 55 21 efter
333 1363 40 21 den
395 1364 122 26 reparation
541 1364 116 20 detsamma
680 1362 115 27 undergått
815 1362 18 27 ej
850 1362 72 21 vidare
937 1362 54 21 skall

158 1391 56 25 läka,
231 1391 64 21 hafva
311 1392 56 20 dock
381 1392 40 21 den
436 1398 64 14 norra
515 1398 74 15 muren
605 1392 39 20 och
661 1392 149 26 angränsande
826 1391 33 21 del
875 1390 22 22 af
914 1390 76 22 vinden

158 1419 81 21 funnits
262 1420 53 20 bära
337 1420 50 26 spår
409 1420 23 21 af
452 1420 47 21 fukt
514 1420 40 21 och
569 1420 92 26 läkning,
678 1420 122 26 antagligen
816 1419 138 21 förorsakade
970 1419 23 21 af

157 1448 117 27 isbildning
297 1449 28 26 på
347 1449 122 26 takplåtens
491 1449 68 21 undre
583 1449 45 21 sida
651 1449 33 21 till
706 1448 53 27 följd
783 1448 23 21 af
828 1448 68 21 denna
911 1448 79 20 vinters

158 1478 87 26 stränga
260 1477 51 21 köld
326 1478 7 20 i
349 1477 96 27 förening
461 1478 48 21 med
525 1478 40 20 den
576 1484 72 20 genom
660 1477 179 27 vindsfyllningen
850 1476 140 27 uppstigande

157 1507 93 19 värmen.
281 1506 34 20 En
338 1508 69 19 större
429 1506 52 21 eller
503 1506 82 21 mindre
609 1506 135 26 omläggning
767 1505 23 21 af
808 1506 36 20 det
859 1507 56 25 yttre
930 1504 60 22 taket

157 1539 61 21 synes
242 1534 35 21 vid
302 1534 76 21 sädant
399 1534 133 22 förhällande
547 1535 72 20 kunna
635 1537 56 18 ännu
706 1535 69 26 nägon
791 1534 33 20 tid
840 1534 66 25 anstä,
923 1533 67 21 under
