1070 1731
342 131 24 16 R.
379 136 18 11 0.
405 131 22 16 A.
441 131 59 16 1888.
520 131 21 17 17
554 130 48 21 Maj.
818 124 54 21 1319

74 217 64 26 högst
161 217 133 27 egendomlig
316 217 107 25 karaktär,
447 217 58 21 detta
524 217 65 26 straff,
607 223 33 15 om
657 217 36 21 det
708 217 95 21 kommer
819 219 29 18 att
866 222 35 15 an-

75 246 79 21 vändas
176 246 28 27 på
226 246 68 25 grund
316 245 22 22 af
351 245 237 27 fängelsedirektionens
604 245 70 21 beslut
690 246 26 26 på
732 251 25 15 en
773 245 67 26 fånge,
857 251 44 14 som

76 274 132 27 naturligtvis
231 274 65 21 redan
318 273 67 22 blifvit
400 274 110 27 inspärrad
525 274 6 21 i
549 273 40 22 cell
604 274 32 21 för
653 273 169 28 disciplinsbrott.
854 273 48 22 Han

77 303 63 21 sitter
162 303 38 21 der
223 302 39 21 och
286 303 40 21 kan
342 303 46 20 icke
404 302 81 27 tillfoga
500 303 69 26 någon
585 303 74 25 skada;
675 303 41 20 han
733 305 23 18 är
771 303 72 26 trångt
859 308 43 15 om-

77 331 69 28 gifven
170 331 22 22 af
211 331 100 21 bastanta
325 337 78 19 murar,
419 331 39 21 och
474 331 55 22 dock
543 337 62 16 anses
620 331 36 22 det
671 331 129 26 nödvändigt
815 333 32 19 att
861 330 42 22 till-

78 360 48 22 dela
141 360 78 21 honom
234 359 77 28 prygel.
342 359 40 27 Jag
397 359 41 22 kan
453 359 46 22 icke
515 362 40 24 tro,
572 361 32 20 att
619 360 59 21 detta
694 359 99 22 behöfves
808 359 32 22 för
859 359 44 22 fän-

77 389 79 26 gelsets
170 389 100 21 säkerhet
286 388 37 21 och
336 389 37 26 jag
388 390 45 19 tror
444 388 52 26 icke,
508 389 32 21 att
550 387 142 22 förhållandet
702 388 88 21 emellan
801 388 102 27 fängelse-

79 418 122 21 direktören
224 417 39 21 och
286 417 68 21 denna
378 416 79 21 individ
480 417 67 21 skulle
570 417 64 21 blifva
656 417 70 21 bättre
746 416 31 21 för
793 417 111 21 framtiden

79 452 75 21 genom
174 445 137 22 bastonaden.
342 445 50 22 Men
414 445 73 22 säkert
509 448 24 19 är
550 447 32 20 att
597 445 119 22 införandet
730 445 7 21 i
752 445 61 27 lagen
829 445 21 21 af
863 445 41 21 till-

79 475 75 21 låtelse
168 474 32 21 till
216 474 57 27 dylik
289 473 136 28 bestraffning
440 474 69 21 skulle
523 474 56 27 gifva
595 481 24 14 en
628 473 48 22 skef
685 474 45 27 färg
740 475 23 20 åt
773 474 36 21 det
819 476 85 25 system,

79 509 45 16 som
141 503 69 21 denna
225 503 35 26 lag
275 502 54 22 afser
344 504 32 20 att
391 502 132 27 förverkliga.

150 560 31 21 Hr
204 561 24 20 A.
251 559 19 22 J.
296 560 24 21 A.
344 560 109 27 Späre:
484 560 41 21 Vid
540 560 156 27 behandlingen
712 559 22 22 af
747 559 160 27 ifrågavarande

80 588 123 27 förordning
226 589 54 20 hade
303 589 104 21 utskottet
427 588 100 22 tillhands
543 589 22 21 af
578 588 172 22 föreständarene
770 588 32 21 för
825 588 82 21 landets

81 617 99 27 samtliga
202 617 87 21 tukthus
311 617 78 27 afgifna
411 617 104 27 skriftliga
530 617 164 27 anmärkningar
710 619 56 20 emot
782 617 68 21 denna
865 616 42 22 för-

81 645 95 27 ordning.
207 646 32 21 De
262 652 50 15 voro
335 645 42 22 alla
400 646 139 26 enstämmiga
561 646 81 25 derom,
666 648 32 19 att
720 645 73 28 prygel
807 645 100 22 behöfves

81 674 32 22 för
135 674 155 27 behandlingen
309 673 23 22 af
345 674 130 21 våldsamma
490 674 79 27 fångar.
601 674 59 21 Efter
676 675 87 26 mycken
779 674 76 21 tvekan
872 673 35 22 be-

81 703 42 22 slöt
145 703 32 27 sig
199 703 105 21 utskottet
318 703 32 21 för
365 703 120 21 införandet
500 703 22 22 af
536 703 59 21 detta
610 702 60 22 straff
686 703 39 21 och
740 705 55 19 satte
811 703 36 20 det
862 703 47 20 der-

81 731 45 22 före
150 732 70 21 säsom
242 731 52 22 sista
317 731 84 25 medlet,
424 737 45 16 som
485 731 54 27 finge
555 731 114 26 användas,
685 731 46 22 icke
746 731 45 22 utaf
805 731 104 21 förestän-

83 760 66 21 daren
172 760 76 27 allena,
271 762 50 19 utan
344 760 54 21 efter
419 760 144 21 direktionens
580 760 103 27 pröfning.
713 761 33 20 Då
751 755 13 37 i
783 759 50 27 följd
848 759 62 22 häraf

82 789 39 21 allt
144 789 105 22 missbruk
272 789 22 21 af
315 789 65 27 sagda
403 789 130 21 straffmedel
548 791 24 19 är
587 789 163 27 omöjliggjordt,
765 788 96 22 anhåller
873 788 36 27 jag

82 819 33 20 att
129 817 116 22 utskottets
260 817 134 22 betänkande
410 818 67 21 mätte
492 819 93 25 antagas.

152 875 32 21 Hr
207 875 25 21 A.
249 875 195 22 Grotenfelt:
475 876 33 21 Dä
527 875 36 27 jag
578 881 29 16 nu
621 876 47 21 äter
684 875 91 27 begärde
791 875 66 25 ordet,
873 880 38 15 var

84 903 35 22 det
135 903 32 22 för
182 905 32 20 att
230 906 111 19 omnämna
357 904 42 26 det,
415 910 45 15 som
476 904 33 21 Hr
524 903 69 28 Späre
608 904 65 21 redan
689 903 76 27 anfört,
781 905 31 20 att
828 903 35 21 det
874 909 37 15 var

83 932 28 27 pä
133 932 126 27 enstämmig
282 932 91 27 begäran
396 933 22 21 af
431 932 298 27 straffängelsedirektörerne,
745 938 45 15 som
805 931 106 22 utskottet

83 960 66 22 infört
164 961 69 22 denna
248 961 138 27 bestämning.
410 961 41 27 Jag
466 961 36 22 vill
517 961 93 27 tillägga,
626 963 32 20 att
674 961 61 22 dessa
750 959 161 28 fängelsedirek-

83 991 60 20 törer
165 989 75 22 besökt
260 989 102 26 utlandet,
378 990 54 27 tagit
447 990 52 21 reda
514 991 27 26 pä
556 990 129 27 fängvärden
701 990 37 21 der
753 989 39 22 och
807 989 105 21 inhemtat

84 1019 33 20 att
138 1019 73 26 prygel
234 1018 7 21 i
263 1025 26 15 en
311 1018 34 22 del
367 1018 148 22 kulturländer
537 1019 57 21 inom
609 1017 303 28 gemensamhetsfängelserna

84 1046 112 28 tillämpas.

154 1104 32 21 Hr
201 1105 27 21 H.
245 1105 24 21 A.
286 1105 168 22 Mechelin:
485 1105 62 22 Hvad
562 1105 160 27 tillämpningen
737 1104 22 22 af
772 1103 141 28 kroppsstraf-

85 1131 30 22 fet
138 1132 7 21 i
168 1133 114 22 utländska
303 1133 104 28 fängelser
430 1133 108 25 beträffar,
561 1134 24 21 sä
607 1135 46 20 tror
665 1133 37 27 jag
717 1133 35 22 det
767 1131 101 23 förhäller
882 1131 32 28 sig

85 1162 31 26 sä,
140 1163 32 20 att
194 1169 50 15 man
266 1163 7 20 i
291 1163 65 26 nägra
370 1162 75 22 länder
460 1162 39 22 har
514 1162 110 22 bibehällit
639 1161 162 28 prygelstraffet;
818 1161 96 21 deremot

86 1192 24 19 är
126 1191 156 27 prygelstraffet
296 1191 7 20 i
318 1191 66 21 andra
400 1193 66 20 ersatt
481 1197 76 21 genom
573 1192 31 20 ett
619 1193 65 19 annat
699 1188 146 30 kroppsstraff,
856 1191 57 19 näm-

85 1218 57 28 ligen
164 1219 7 21 i
194 1220 27 21 de
242 1220 169 26 straffanstalter,
428 1220 38 21 der
485 1220 159 26 vattenledning
659 1219 73 26 finnes;
748 1219 38 21 der
801 1224 113 21 exegveras

86 1248 164 27 kroppsstraffet
272 1248 94 26 sålunda,
389 1250 32 20 att
443 1248 76 28 fången
541 1248 56 22 föres
619 1248 21 21 in
657 1248 7 21 i
680 1250 31 20 ett
726 1248 72 26 trångt
812 1253 47 15 rum
875 1246 39 22 och

87 1282 27 16 en
136 1276 50 27 kall,
204 1277 61 21 stark
280 1276 137 23 vattenstråle
432 1277 59 21 ledes
506 1278 27 26 pä
549 1277 77 21 honom
642 1276 40 22 och
698 1276 59 22 detta
771 1274 63 24 straff
853 1280 62 16 anses

87 1306 85 21 svärare
188 1307 26 20 än
230 1306 65 26 nägot
309 1305 79 27 prygel,
401 1306 23 26 ja
438 1306 25 20 sä
477 1306 65 26 svärt,
557 1307 33 20 att
605 1305 26 21 de
646 1307 55 19 mest
718 1304 135 28 bängstyriga
863 1303 53 22 eller

87 1334 143 27 gensträfviga
244 1334 96 27 vanligen
356 1334 56 21 inom
428 1340 39 21 par
482 1334 92 21 minuter
589 1334 55 26 gifva
658 1334 38 26 sig,
712 1334 63 26 lugna
791 1333 31 26 sig
837 1332 40 21 och
888 1331 27 21 be

88 1368 35 16 om
145 1362 48 22 nåd.
224 1363 50 21 Men
291 1363 26 21 dä
332 1362 6 21 i
354 1363 51 21 våra
419 1362 164 22 straffanstalter
599 1362 39 22 den
654 1364 82 20 sortens
752 1360 164 23 vattenduschar

88 1391 47 22 icke
156 1391 46 22 lära
224 1391 73 22 kunna
318 1397 102 18 serveras,
436 1398 63 14 anser
515 1391 36 27 jag
567 1392 31 20 ett
612 1390 77 22 sädant
704 1390 73 22 ultima
793 1389 61 26 ratio,
870 1394 45 16 som

88 1419 137 29 prygelstraff
245 1419 106 27 behöfvas,
374 1419 103 22 ehuruväl
499 1426 49 15 man
571 1420 27 21 dä
616 1419 129 21 ätminstone
760 1419 67 21 mäste
843 1416 73 26 önska,

89 1450 32 20 att
145 1448 39 22 den
207 1448 237 28 fängelsekommission,
467 1454 46 16 som
529 1448 92 21 dikterat
637 1448 58 21 detta
710 1446 66 27 straff,
792 1447 67 21 mätte
873 1444 44 22 för-

89 1476 46 22 fara
157 1476 49 22 med
228 1476 112 28 tillräcklig
355 1476 121 22 kännedom
492 1482 35 16 om
542 1476 87 27 fängens
643 1478 63 20 natur
722 1475 39 22 och
776 1481 35 16 om
827 1473 90 23 orsaken

89 1505 34 21 till
137 1505 41 21 den
193 1505 92 27 tredska,
301 1511 45 16 som
361 1504 122 23 föranleder
497 1505 66 21 sådan
578 1504 144 27 bestraffning.
