1070 1739
197 138 55 21 1350
465 143 23 20 R.
500 149 17 13 o.
530 145 23 17 A.
565 145 55 17 1888.
639 145 24 18 18
675 145 49 21 Maj.

168 229 116 22 hällanden
305 232 37 20 äro
365 231 72 25 andra,
458 233 27 19 än
500 231 125 22 arbetarnes
641 231 44 26 der;
701 231 52 21 vära
768 231 99 20 arbetare
882 230 58 22 lefva
953 237 47 15 mer

168 259 136 21 uteslutande
325 259 28 27 pä
370 259 151 28 vegetabilier;
538 260 41 21 den
601 260 96 27 kraftige
712 259 103 28 engelska
831 259 113 22 arbetaren
958 259 42 22 har

170 287 32 21 sin
217 287 99 28 rundliga
331 288 123 27 dagsration
469 288 25 21 af
507 289 48 21 kött
571 289 40 21 och
626 289 43 21 kan
685 289 125 27 derigenom
825 288 88 21 komma
922 288 33 21 till
966 290 32 20 ett

169 316 80 26 arbete,
266 322 45 15 som
326 316 28 27 pä
371 319 25 19 10
412 317 86 21 timmar
513 319 94 20 uträttar
622 318 126 26 detsamma,
765 323 46 15 som
827 317 24 21 af
863 323 26 15 en
900 317 98 21 arbetare

168 344 40 22 hos
224 351 40 20 oss,
282 345 100 22 skenbart
397 345 45 22 lika
456 345 87 28 kraftig,
559 346 86 22 fordrar
662 348 25 19 12
703 346 100 25 timmar;
821 346 25 21 de
861 346 71 21 ideela
955 345 44 22 for-

169 373 113 28 dringarne
304 374 68 21 måste
394 375 50 20 vika
465 375 34 21 för
521 375 27 21 de
563 377 49 19 rent
634 375 120 27 praktiska,
771 375 40 21 och
827 374 33 21 får
873 375 38 26 jag
926 373 72 22 derför

168 404 56 19 ännu
248 402 82 27 engäng
352 403 48 21 med
422 403 44 21 min
487 405 46 20 röst
555 404 132 21 understöda
701 404 33 21 Hr
748 403 119 21 Mechelins
889 403 110 21 allmänna

168 431 102 27 yrkande.
300 431 63 21 Hvad
385 438 26 14 en
436 434 25 19 18
484 432 98 21 timmars
605 432 105 22 arbetstid
729 432 8 21 i
752 432 48 21 värt
815 432 51 20 land
881 432 72 27 angär,
973 431 25 21 sä

169 459 144 22 förekommer
332 460 48 26 den,
403 463 51 19 utan
469 463 32 19 att
516 461 46 21 tala
578 467 34 15 om
629 461 26 21 de
670 460 109 29 egentliga
794 460 128 22 industriela
936 460 62 21 arbe-

168 490 52 20 tena
241 488 29 28 pä
292 489 56 21 vissa
370 491 58 19 orter
449 490 7 20 i
478 490 48 21 värt
541 490 58 26 land,
615 490 64 21 äfven
694 490 59 21 inom
767 488 230 28 jordbruksindustrin,

170 517 39 22 och
229 517 36 21 det
280 518 39 21 hos
335 518 40 20 den
391 518 107 28 egentliga
513 518 114 28 allmogen,
644 519 38 21 der
697 518 86 22 bonden
799 518 67 27 stiger
880 524 43 21 upp
938 518 28 21 kl.
983 519 14 20 3

169 546 40 22 och
223 546 48 21 icke
286 546 73 28 lägger
374 546 32 28 sig
417 546 44 22 förr
471 549 27 19 än
508 547 29 21 kl.
554 548 20 20 9.
597 548 67 21 Detta
679 548 48 20 sker
742 547 69 21 under
825 546 171 28 högsommaren;

168 575 43 21 han
233 575 41 21 har
295 575 124 28 visserligen
434 576 46 21 sina
498 576 122 27 rastetider,
643 582 49 15 men
707 576 7 21 i
730 576 44 20 alla
789 575 39 21 fall
843 578 105 25 upptager
962 582 35 14 ar-

168 604 117 27 betsdagen
301 604 89 21 sälunda
412 604 46 22 sina
478 606 25 20 18
519 604 93 22 timmar.
643 605 50 21 Meni
732 605 48 21 dess
803 604 63 21 ställe
889 604 108 27 ätertager

168 632 43 21 han
226 632 68 22 under
307 633 84 21 vintern
402 640 75 20 genom
489 634 86 27 rundlig
589 634 59 21 hvila
663 634 56 21 hvad
734 633 43 21 han
793 633 68 21 under
876 639 119 15 sommaren

168 661 174 21 Ofverförbrukat
364 662 23 21 af
408 662 32 21 sin
458 662 138 22 arbetskraft.
626 663 50 21 Han
699 662 71 22 sofver
789 662 28 21 dä
839 662 47 21 sina
908 664 12 19 9
940 661 13 22 ä
970 663 25 19 10

168 690 88 21 timmar
270 690 8 21 i
294 690 78 28 dygnet
387 690 6 21 i
409 692 31 20 ett
456 691 64 21 skede
535 691 40 21 och
590 698 112 20 reparerar
720 690 133 28 fullkomligt
874 690 56 22 hvad
952 690 43 21 han

169 718 112 22 förbrukat
302 719 68 21 under
393 725 125 16 sommaren.
549 720 67 26 Dock,
637 720 38 27 jag
696 720 38 21 vill
752 720 47 20 icke
815 719 73 21 vidare
903 719 50 27 ingä
967 719 28 27 pä

168 748 96 27 detaljer,
280 754 49 14 men
344 748 39 21 har
398 748 55 22 blott
467 748 57 22 velat
539 748 76 22 anföra
631 749 60 21 detta
709 748 70 22 säsom
803 748 96 27 exempel
922 748 71 26 derpä,

167 776 55 22 huru
245 776 62 21 äfven
330 783 26 15 en
380 778 26 20 18
424 777 97 21 timmars
536 778 116 27 arbetsdag
670 778 43 20 kan
728 779 52 19 utan
796 776 45 22 risk
855 777 68 21 under
938 776 57 22 vissa

166 805 70 21 vilkor
251 805 131 27 godkännas.

236 862 32 21 Hr
290 862 24 21 af
327 862 137 22 Lindfors:
488 863 42 21 Till
545 863 56 21 hvad
616 863 32 21 Hr
664 863 107 21 Mechelin
787 862 72 22 anfört
874 864 45 20 mot
934 863 60 20 anta-

167 891 79 27 gandet
261 891 25 21 af
299 898 25 14 en
339 892 88 20 maximi
443 892 114 27 arbetsdag
571 892 39 21 ber
622 892 38 27 jag
675 892 22 21 fä
712 892 91 26 tillägga
814 893 33 19 att
858 891 51 21 vära
919 891 76 21 klima-

167 920 58 21 tiska
248 919 149 22 förhällanden
420 922 51 26 göra
493 922 32 20 ett
544 920 77 22 sädant
636 920 162 22 bestämmande
814 920 7 21 i
837 920 27 21 de
879 919 62 22 flesta
956 919 38 21 fall

168 948 104 27 omöjligt,
296 955 33 15 om
356 955 50 14 man
429 950 75 20 tänker
527 949 32 27 sig
582 951 32 19 att
635 949 52 21 våra
710 948 198 28 byggnadsföretag
922 948 73 21 kunna

167 976 83 22 utföras
269 977 75 21 endast
359 977 67 21 under
442 978 39 20 den
497 984 125 21 gynsamma
636 984 74 15 varma
726 977 95 22 ärstiden
838 977 39 21 och
893 979 32 19 att
940 976 54 21 säle-

168 1005 36 21 des
226 1005 53 21 vära
301 1012 84 15 murare
400 1006 40 21 och
455 1007 141 26 timmermän,
612 1006 74 21 hvilka
701 1007 68 20 under
784 1006 85 21 vintern
883 1005 65 21 hafva
962 1005 32 20 in-

166 1034 88 27 genting
269 1036 33 19 att
316 1036 58 25 göra,
390 1035 67 21 mäste
473 1041 22 15 se
509 1035 34 21 till
559 1037 32 19 att
607 1035 25 21 de
647 1035 68 21 under
731 1041 121 15 sommaren
868 1034 91 27 förtjena
970 1033 25 22 sä

166 1063 86 26 mycket
267 1065 33 19 att
315 1063 35 21 det
366 1063 75 22 räcker
456 1063 33 22 till
505 1063 33 22 för
554 1064 41 21 den
610 1063 70 28 öfriga
696 1064 62 21 delen
774 1063 24 21 af
812 1063 52 21 äret.
881 1063 33 21 En
928 1063 67 26 bygg-

165 1091 195 27 nadsentreprenör
381 1092 68 21 måste
465 1092 33 21 för
513 1094 32 19 att
560 1093 73 20 kunna
648 1092 22 21 få
686 1093 38 20 sitt
740 1092 75 21 arbete
830 1091 83 22 utfördt
927 1091 68 21 räkna

165 1120 29 27 pä
216 1122 32 19 att
271 1120 22 21 fä
315 1121 97 20 använda
434 1121 45 21 sina
495 1121 98 21 arbetare
609 1121 23 21 sä
647 1121 78 27 mänga
740 1121 88 21 timmar
843 1126 45 15 som
904 1120 90 27 möjligt.

164 1149 134 21 Inskränkas
313 1149 61 21 dessa
389 1149 34 21 till
440 1150 25 20 12
480 1149 88 22 timmar
583 1149 33 22 för
626 1156 85 15 murare
722 1149 40 22 och
773 1149 142 26 timmermän,
926 1149 69 21 måste

164 1177 43 21 han
232 1177 59 27 gifva
313 1178 48 21 dem
383 1178 84 27 mycket
489 1179 83 20 mindre
588 1179 152 26 dagspenning,
763 1178 90 21 emedan
869 1177 43 21 han
927 1177 68 21 mäste

165 1206 99 21 använda
287 1206 24 21 sä
332 1207 86 26 mycket
432 1206 50 21 flere
497 1207 105 21 arbetare.
632 1207 50 21 Just
697 1207 63 21 dessa
775 1206 126 21 klimatiska
916 1205 79 22 förhäl-

164 1235 84 26 landen,
266 1241 45 15 som
327 1235 7 21 i
350 1235 67 21 andra
434 1235 79 26 länder,
530 1236 37 21 der
583 1235 112 22 skilnaden
710 1236 8 20 i
734 1237 159 25 temperaturen
909 1235 46 20 ick.
971 1236 24 19 är

165 1264 24 21 sä
204 1266 46 18 stor
265 1266 33 19 att
313 1264 84 21 arbetet
412 1264 47 21 icke
473 1265 42 20 kan
531 1264 83 21 utföras
630 1265 49 20 hela
694 1264 47 21 äret
757 1270 41 20 om,
815 1265 39 26 gör
869 1265 32 20 att
916 1263 79 21 honom

164 1292 7 21 i
195 1291 103 22 händelse
320 1292 24 21 af
366 1299 26 14 en
414 1293 86 20 maximi
524 1293 126 27 arbetsdags
664 1293 115 21 införande
794 1292 39 21 hos
849 1299 42 19 oss,
907 1291 88 22 beredes

164 1322 46 20 stor
231 1321 107 26 svärighet
354 1323 32 19 att
401 1321 22 21 fä
438 1324 31 19 ett
484 1321 73 28 ätaget
572 1322 186 27 byggnadsarbete
773 1321 84 22 utfördt
872 1321 67 20 under
954 1320 41 21 den

163 1350 64 21 korta
242 1355 74 15 varma
332 1349 102 22 ärstiden.

232 1407 33 20 Hr
288 1406 32 21 W.
344 1405 90 28 Späre:
454 1407 46 20 Den
515 1407 54 21 strid
585 1407 90 21 emellan
690 1407 84 26 kapital
799 1406 40 21 och
854 1405 79 26 arbete,
950 1411 46 15 som

162 1435 67 21 redan
253 1435 62 26 länge
337 1435 68 27 pägär
427 1435 7 21 i
457 1435 181 27 kulturländerna,
662 1435 40 21 har
723 1435 129 27 visserligen
875 1436 55 19 ännu
948 1433 48 21 icke

163 1466 74 25 trängt
253 1463 35 21 till
304 1469 40 19 oss,
361 1470 48 14 men
425 1464 36 20 det
475 1465 43 19 kan
532 1464 24 26 ju
571 1465 62 20 alltid
648 1471 52 13 vara
714 1464 83 26 nyttigt
814 1466 32 18 att
861 1463 8 20 i
884 1463 31 21 tid
931 1462 63 26 tillse,

162 1494 33 19 att
211 1492 204 21 säkerhetsventiler
430 1492 73 21 finnas.
534 1492 63 21 Hvad
612 1493 70 20 denna
697 1490 298 28 arbetarskyddsförfattning

162 1521 109 25 beträffar,
296 1520 22 21 sä
342 1520 62 22 utber
424 1521 37 27 jag
483 1521 44 27 mig
542 1521 65 21 sedan
623 1521 21 21 fä
659 1523 53 25 göra
728 1521 26 21 de
769 1520 175 26 anmärkningar,
957 1519 38 27 jag

163 1549 71 21 funnit
250 1548 47 22 skäl
313 1548 41 28 till,
370 1549 28 21 dä
414 1549 147 22 diskussionen
569 1550 133 27 paragrafvis
711 1549 151 21 förekommer.
884 1548 34 21 Nu
927 1548 68 21 skulle
