1061 1756
167 128 55 22 1672
436 132 23 19 R.
470 136 18 14 o.
501 132 23 17 A.
534 132 56 17 1888.
607 132 28 17 30
643 131 49 21 Maj.

207 219 79 22 Vidare
302 219 111 27 föredrogs

210 265 162 27 Lagutskottets
388 265 68 22 andra
464 264 81 28 förslag
560 264 32 23 till
608 264 205 27 sammanjemkning
828 263 23 22 af
865 262 101 22 ständens

140 294 123 27 skiljaktiga
285 294 70 21 beslut
377 294 35 21 vid
435 294 156 26 behandlingen
607 294 22 20 af
643 293 117 21 utskottets
776 292 135 22 betänkande
927 292 40 21 N:o

142 324 26 21 12
183 323 7 21 i
206 322 113 27 anledning
334 322 49 22 nåd.
399 328 60 21 prop.
475 322 40 21 N:o
531 322 26 22 36
574 322 109 27 angående
699 321 98 21 enskilda
810 321 114 27 jernvägar
934 320 34 22 för

141 352 79 21 allmän
236 351 125 21 samfärdsel
377 351 40 21 och
432 351 7 21 i
454 350 154 27 sammanhang
624 350 86 22 dermed
726 349 193 27 Borgareständets
933 354 35 21 ge-

141 386 49 16 nom
212 380 198 27 protokollsutdrag
432 380 25 20 R.
480 386 19 14 o.
522 380 25 20 A.
571 379 125 21 meddelade
719 378 126 28 inbjudning
864 378 8 22 i
886 378 82 22 samma

139 415 67 15 ämne.

210 465 14 28 8
240 466 12 20 6
268 466 7 20 i
290 465 242 27 författningsförslaget
552 465 89 21 befanns
657 465 46 21 icke
718 464 112 21 föranleda
844 464 33 21 till
892 463 77 28 åtgärd

139 493 49 22 frän
202 494 26 21 R.
244 500 20 15 o.
279 494 37 21 A:s
330 494 54 21 sida.

211 550 171 21 Vidkommande
398 551 10 26 $
426 551 24 20 11
468 556 62 15 mom.
547 550 12 21 3
575 549 86 28 yttrade

210 590 57 21 Frih.
290 597 42 14 von
354 590 80 21 Born:
464 589 42 28 Jag
528 589 67 22 skulle
619 589 33 22 för
673 589 43 22 min
732 589 97 22 enskilda
844 589 41 26 del,
901 589 69 21 ehuru

139 618 38 27 jag
198 618 46 21 icke
260 619 93 26 bidragit
368 618 33 22 till
416 618 25 21 R.
458 624 18 15 o.
492 619 38 20 A:s
544 618 69 21 första
627 618 78 26 beslut,
720 617 116 28 ingalunda
851 624 52 15 vara
918 617 51 22 ovil-

141 647 32 26 lig
186 649 33 19 att
234 647 6 20 i
256 647 78 21 sakens
348 647 123 21 nuvarande
486 647 48 27 läge
549 647 49 26 ingä
613 647 28 27 pä
651 647 42 21 den
703 646 212 27 sammanjemkning,
924 652 46 15 som

141 675 183 28 Borgareständet
346 675 27 27 pä
388 675 179 27 inbjudningsväg
586 675 117 27 föreslagit,
718 681 49 16 men
783 675 67 27 enligt
864 681 38 21 per
917 675 54 22 tele-

142 703 37 22 fon
200 704 141 21 införskaffad
363 704 128 27 upplysning
513 704 68 21 skulle
604 704 85 21 Preste-
708 704 39 21 och
762 703 166 22 Bondeständen
943 703 28 28 pä

143 732 147 27 förmiddagen
306 733 8 20 i
329 733 69 21 denna
414 733 34 21 del
462 732 66 22 fattat
544 733 70 21 beslut
629 739 35 15 om
679 733 155 27 godkännande
851 733 23 21 af
885 733 86 22 utskot-

142 762 44 21 tets
207 761 68 22 andra
297 761 303 28 sammanjemkningsförslag,
623 762 35 21 vid
680 761 81 22 hvilket
782 761 134 22 förhällande
939 763 32 20 ett

142 790 60 21 bifall
210 790 47 21 frän
265 790 25 21 R.
300 797 18 14 o.
335 791 36 20 A:s
386 790 47 22 sida
448 790 33 21 till
496 790 192 27 Borgareständets
703 791 125 26 inbjudning
843 791 84 21 komme
938 792 34 20 att

143 818 97 22 medföra
263 819 36 21 det
314 819 98 26 resultat,
428 820 32 20 att
475 819 84 21 Preste-
575 819 40 21 och
630 819 165 21 Bondeständen
810 819 69 22 skulle
894 821 78 20 stanna

143 847 36 21 vid
195 853 26 16 en
236 847 61 27 äsigt,
311 849 54 19 samt
380 847 26 22 R.
422 853 18 16 o.
456 847 26 22 A.
498 847 40 22 och
553 847 181 27 Borgareständet
744 847 36 22 vid
791 853 26 16 en
828 854 70 15 annan
909 847 62 28 äsigt,

144 875 21 22 d.
181 882 20 15 v.
217 882 17 15 s.
250 875 36 22 tvä
301 875 63 22 ständ
379 877 46 20 mot
440 875 43 22 tvä.
508 876 41 21 Vid
565 875 77 22 sädant
656 876 135 21 förhällande
806 883 62 21 synes
876 877 37 21 det
923 877 49 27 mig,

144 906 33 19 att
191 905 25 20 R.
232 911 19 15 o.
268 905 25 21 A.
309 905 66 21 borde
390 904 103 22 vidblifva
508 905 37 21 sitt
559 905 92 27 tidigare
667 905 77 26 beslut,
759 905 138 28 hvarigenom
912 905 61 22 detta

145 933 85 22 komme
253 935 33 20 att
307 933 109 27 uppbäras
436 935 23 20 af
472 935 33 20 tre
521 933 68 27 stånd,
606 934 20 21 d.
641 940 20 15 v.
677 940 16 15 s.
709 934 24 21 R.
750 941 19 14 o.
786 935 32 24 A.,
833 934 84 22 Preste-
933 935 39 21 och

143 961 171 22 Bondeständen.

213 1019 32 21 Hr
260 1019 118 22 Aminoff
396 1019 145 22 understödde
557 1020 58 21 Frih.
631 1026 41 15 von
687 1020 69 22 Borns
770 1020 88 28 förslag.

213 1076 11 22 I
240 1076 94 28 enlighet
348 1077 90 21 härmed
454 1076 158 22 öfverlemnade
627 1076 33 22 Hr
675 1077 208 21 Landtmarskalken
892 1078 34 20 till
936 1078 37 21 be-

145 1105 104 21 svarande
265 1111 26 15 en
306 1105 24 21 sä
345 1105 91 27 lydande
452 1106 211 26 omröstningsprop.:

216 1151 54 25 Den,
285 1156 46 16 som
346 1150 134 22 beträffande
496 1151 11 28 $
524 1152 25 21 11
566 1157 63 16 mom.
645 1151 13 21 3
674 1150 86 23 bifaller
776 1152 32 21 till
818 1151 155 28 Borgarestän-

147 1180 47 22 dets
208 1180 132 27 inbjudning,
355 1182 72 20 röstar
440 1180 34 27 ja;

215 1209 74 22 vinner
304 1209 41 28 nej,
360 1209 41 22 har
415 1210 25 21 R.
458 1215 19 16 o.
492 1209 26 22 A.
533 1208 98 23 vidhällit
646 1209 38 21 sitt
698 1208 59 22 förra
771 1208 77 22 beslut.

216 1268 79 26 Prop:n
310 1267 129 22 besvarades
454 1268 49 20 med
518 1267 155 27 öfvervägande
691 1266 41 28 nej.

217 1325 112 27 Förslaget
344 1325 134 21 beträffande
494 1325 24 26 $$
535 1325 84 21 16—18
634 1324 113 27 päkallade
762 1325 54 21 intet
831 1324 76 21 beslut.

217 1382 116 28 Angäende
348 1383 11 25 $
377 1382 26 21 19
419 1388 62 15 mom.
499 1382 10 21 1
526 1381 85 27 yttrade

218 1422 58 22 Frih.
293 1428 41 16 von
348 1422 81 22 Born:
459 1422 74 26 Enligt
547 1421 106 27 ingängen
668 1421 158 21 underrättelse
848 1420 54 22 skall
920 1421 56 21 Bon-

150 1452 113 21 deständet
286 1451 62 21 hafva
370 1451 78 21 bifallit
470 1450 192 27 Borgareständets
684 1450 132 26 inbjudning,
832 1449 40 22 och
887 1449 90 21 emedan

149 1481 25 20 R.
191 1487 19 14 o.
226 1480 24 21 A.
267 1480 163 26 ursprungligen
446 1479 100 21 omfattat
562 1484 81 15 samma
658 1478 61 26 äsigt,
740 1478 85 21 hvilken
841 1478 86 21 ståndet
941 1478 36 21 vid

150 1509 67 21 första
240 1508 230 26 sammanjemkningen
492 1507 56 21 blott
568 1506 33 21 för
616 1506 105 21 vinnande
736 1506 24 21 af
773 1506 85 27 enighet
873 1505 104 28 frängick,

151 1537 24 21 sä
198 1543 62 20 synes
276 1537 36 21 det
328 1543 28 14 nu
371 1536 35 21 för
420 1535 106 22 vinnande
541 1534 24 21 af
579 1537 32 19 tre
627 1535 74 21 ständs
716 1535 70 21 beslut
802 1535 66 21 blifva
882 1535 96 21 nödvän-
