1059 1756
353 136 25 17 R.
391 140 17 13 0.
421 136 22 17 A.
457 136 58 18 1888.
532 137 26 17 26
570 137 47 21 Maj.
821 132 53 21 1597

80 221 44 21 kan
136 221 37 27 jag
187 221 46 22 icke
248 224 65 19 annat
329 224 26 19 än
370 222 85 26 föreslä,
471 224 32 20 att
518 223 25 21 R.
559 229 19 15 o.
596 223 25 21 A.
637 223 49 21 ville
701 223 62 27 lägga
787 223 57 21 säväl
866 230 36 21 pe-

79 250 208 22 titionsmemorialet
301 257 46 15 som
361 251 146 21 betänkandet
521 252 33 20 till
569 252 161 26 handlingarna.

148 307 33 21 Hr
195 308 26 20 K.
237 308 24 21 A.
278 308 207 22 Nordenskiöld:
508 308 43 22 Det
573 310 24 19 är
621 308 73 26 kändt,
710 308 73 22 hvilka
801 309 101 27 dröjsmäl

78 335 41 21 och
134 336 72 20 hvilka
221 336 122 26 omgängar,
359 342 45 15 som
419 336 120 21 förorsakas
555 336 164 27 länestyrelsens
735 337 98 25 ärenden,
855 338 46 20 der-

78 364 84 27 igenom
178 366 32 19 att
226 364 26 21 de
267 365 54 21 först
336 365 121 21 remitteras
471 365 33 21 till
519 365 152 26 kronofogden,
694 365 109 21 hvarefter
824 365 77 21 krono-

79 392 77 27 fogden
171 393 84 21 skickar
271 393 47 21 dem
333 393 33 21 till
381 393 160 27 verkställighet
563 394 33 20 till
618 394 144 26 länsmannen,
785 394 39 21 och
847 394 54 21 efter

80 422 72 21 slutad
168 422 74 26 ätgärd
258 424 24 18 är
297 422 36 21 det
348 428 81 15 samma
445 422 96 26 omgäng,
557 422 34 21 för
605 424 32 19 att
653 422 88 21 ärendet
751 422 54 21 skall
815 422 86 22 komma

79 450 90 21 tillbaka
184 450 32 21 till
235 450 158 27 länestyrelsen.
422 450 136 22 Beträffande
581 457 25 14 en
629 457 70 14 annan
721 451 64 26 vigtig
808 451 92 21 branche

74 478 28 21 af
115 479 98 26 ärenden,
229 479 25 21 sä
269 481 24 19 är
308 479 37 21 det
359 485 81 15 samma
455 479 138 21 förhållande.
624 479 42 21 Det
685 481 25 19 är
731 479 106 27 nämligen
851 479 49 21 med

80 507 167 22 verkställandet
261 507 24 22 af
298 508 74 21 domar
387 508 40 21 och
442 508 76 26 utslag,
534 507 53 21 eller
602 507 36 22 det
659 507 80 27 vigtiga
754 514 16 14 s.
786 508 19 20 k.
823 508 77 21 exeku-

78 536 137 21 tionsverket.
246 536 43 21 Det
311 537 69 20 skulle
403 536 64 21 ocksä
490 536 84 27 mycket
596 536 87 21 enklare
705 536 138 25 handhafvas,
866 542 34 15 om

78 564 198 27 fordringsegarene
292 565 70 21 direkt
377 565 68 21 skulle
460 564 22 21 fä
497 565 70 20 lemna
583 565 45 20 sina
647 565 70 26 utslag
739 565 33 20 till
793 565 107 20 länsman-

77 599 48 15 nen.
155 593 34 21 Nu
204 593 67 21 måste
287 593 40 21 han
343 595 53 25 göra
411 593 65 21 oftast
492 599 25 15 en
533 593 49 26 lång
592 599 53 19 resa,
662 592 33 21 för
706 595 32 19 att
749 593 52 20 först
809 593 91 21 alemna

78 622 94 27 utslaget
186 622 33 21 till
234 621 151 28 kronofogden,
402 622 39 21 och
457 621 72 25 sedan,
545 621 55 22 efter
615 621 83 26 förlopp
721 621 23 21 af
764 624 32 18 tre
819 621 12 21 å
853 621 46 27 fyra

77 650 102 21 månader
193 650 47 21 åter
254 652 53 25 göra
323 657 79 14 samma
417 656 48 15 resa
483 650 33 21 för
539 652 32 19 att
593 650 53 26 lyfta
669 650 25 20 de
717 649 100 27 möjligen
839 649 60 27 intly-

77 679 65 20 tande
157 679 149 26 penningarne.
337 679 31 20 Pä
383 679 63 20 dessa
461 679 46 20 skäl
527 678 68 21 skulle
616 678 37 27 jag
674 678 87 21 förorda
782 678 116 21 utskottets

77 707 134 21 betänkande
226 708 7 20 i
249 707 40 21 den
305 707 33 21 del
355 707 35 21 det
405 709 36 19 rör
456 707 130 26 indragande
601 706 24 21 af
643 706 254 27 kronofogdetjensterna.

78 736 62 21 Hvad
156 736 95 21 deremot
273 735 102 22 beträffar
397 735 306 26 häradsskrifvaretjensterna,
726 741 45 14 som
793 734 106 22 utskottet

71 764 82 27 jemväl
168 764 90 21 föreslår
273 764 33 21 till
321 764 132 27 indragning,
469 763 24 22 sä
508 764 39 21 har
562 763 199 21 häradsskrifvaren
776 763 23 21 sä
822 763 76 27 många

76 793 41 21 och
138 793 139 27 arbetsdryga
296 793 151 26 befattningar,
470 795 33 19 att
524 793 145 24 länsmännen,
691 793 7 20 i
721 792 37 21 fall
781 792 26 21 de
830 792 68 21 skulle

76 822 87 21 komma
173 824 32 19 att
215 821 121 22 handhafva
347 821 261 27 kronofogdegöromälen,
625 820 112 27 omöjligen
748 821 68 20 skulle
826 821 72 20 kunna

77 851 116 20 verkställa
209 850 64 21 också
288 851 207 20 häradsskrifvarens
506 849 102 27 göromål,
624 851 59 19 utom
695 850 36 20 det
745 851 39 23 att,
799 849 8 21 i
821 849 77 26 många

72 879 48 26 fall,
136 879 26 21 de
177 879 46 21 icke
239 879 68 21 skulle
321 879 74 21 kunna
409 885 52 14 vara
483 879 136 26 kompetente
641 878 78 21 dertill.
749 878 49 21 Men
820 877 27 21 då
869 883 28 15 nu

77 907 77 28 många
169 908 61 21 torde
245 907 86 22 komma
345 910 33 19 att
393 907 52 27 hysa
460 907 121 26 berättigad
595 907 77 21 tvekan
688 906 33 21 för
735 906 130 26 indragande
876 905 23 22 af

76 937 254 26 kronofogdetjensterna,
347 937 88 20 emedan
451 936 25 21 de
492 935 55 27 angå
562 941 26 15 en
603 935 84 27 mycket
706 935 65 26 vigtig
793 934 103 21 kontroll-

74 965 98 26 uppbörd
188 965 39 20 och
243 965 133 26 redovisning
391 964 33 21 för
447 964 49 21 hela
510 965 69 20 länets
598 964 139 26 jordskatter,
761 963 23 20 så
807 962 33 21 får
859 963 38 26 jag

74 993 35 21 för
124 994 43 20 min
182 993 34 21 del
231 993 79 21 föreslå
325 994 36 20 det
375 992 224 27 förmedlingsförslag,
623 994 32 19 att
670 992 35 21 vid
725 991 127 21 inträffande
867 991 29 20 le-

75 1021 74 27 dighet
164 1022 23 21 af
200 1021 255 28 kronofogdetjensterna,
472 1021 108 21 desamma
594 1021 46 21 icke
656 1020 68 21 skulle
734 1019 71 22 anslås
819 1019 75 27 lediga,

74 1053 52 18 utan
141 1051 80 21 lemnas
236 1051 116 20 tillsvidare
369 1051 103 24 obesatta,
489 1049 107 22 hvarefter
610 1051 133 26 guvernören
758 1049 67 21 skulle
841 1047 55 22 före-

71 1079 36 21 slå
121 1081 32 19 att
169 1079 99 22 häradets
291 1079 96 25 länsmän
409 1079 74 26 skulle,
507 1079 27 28 på
556 1079 56 22 stäld
635 1078 195 28 uppbördsborgen,
853 1078 42 22 för-

72 1108 80 21 ordnas
167 1110 32 19 att
214 1108 101 26 bestrida,
329 1109 65 26 jemte
410 1109 31 20 sin
460 1114 52 21 egen
535 1108 64 27 tjenst
622 1109 65 20 också
709 1108 186 27 kronofogdetjen-

71 1138 50 19 sten
137 1137 39 21 och
191 1136 28 27 på
234 1143 81 15 samma
331 1139 41 19 sätt
388 1137 68 21 skulle
472 1137 36 21 det
523 1137 114 22 successivt
645 1137 91 21 förfaras
751 1137 7 20 i
774 1137 67 26 öfriga
850 1136 43 27 län,

72 1165 26 22 sä
113 1167 59 20 snart
187 1172 26 15 en
228 1165 197 27 kronofogdetjenst
440 1165 69 22 blefve
525 1166 62 27 ledig.
617 1166 130 27 Härigenom
763 1165 67 21 skulle
845 1171 49 15 man

71 1194 65 20 vinna
150 1194 123 27 fullständig
289 1195 39 20 och
344 1195 114 26 tillräcklig
473 1194 121 21 erfarenhet
607 1201 40 18 om,
663 1195 71 20 hvilka
750 1194 85 27 möjliga
851 1194 43 21 olä-

69 1222 105 27 genheter
197 1223 72 20 kunna
293 1229 51 14 vara
371 1222 100 22 förenade
497 1223 48 21 med
571 1223 40 21 den
635 1223 121 26 föreslagna
781 1222 111 21 reformen.

70 1251 76 21 Skulle
161 1253 45 19 mot
229 1251 110 21 förmodan
362 1251 123 22 densamma
507 1251 96 22 befinnas
626 1251 103 22 behäftad
750 1251 49 21 med
821 1251 72 21 alltför

72 1279 77 26 många
164 1280 141 27 olägenheter,
323 1280 22 21 så
361 1286 49 15 vore
426 1286 26 15 en
468 1280 103 27 återgång
586 1281 32 20 till
633 1281 36 20 det
688 1280 71 27 gamla
781 1279 52 22 eller
855 1286 38 14 nu-

71 1309 93 20 varande
179 1311 101 24 systemet
295 1310 77 25 ytterst
387 1309 62 20 enkel
465 1309 39 21 och
519 1309 46 21 lätt.
595 1309 75 26 Någon
686 1309 40 21 den
741 1309 92 26 ringaste
849 1307 44 22 olä-

68 1337 82 26 genhet
165 1337 23 22 af
208 1337 260 27 kronofogdetjensternas
483 1338 128 26 indragning
626 1344 63 15 anser
702 1337 37 27 jag
753 1337 46 22 icke
821 1337 73 21 kunna

69 1366 88 21 komma
172 1366 6 21 i
193 1365 60 27 fråga
267 1366 31 21 vis
313 1365 13 21 å
341 1366 31 20 vis
387 1366 161 27 redovisningen
559 1367 32 20 för
602 1366 144 21 statsmedleu.
772 1366 42 20 Det
825 1366 67 20 skulle

70 1394 48 21 icke
134 1394 62 21 hafva
211 1394 68 27 någon
295 1400 70 15 annan
379 1394 108 27 inverkan,
511 1397 27 18 än
553 1396 32 19 att
605 1395 36 21 det
664 1394 68 21 blefve
755 1396 32 19 tre
810 1393 13 22 å
845 1394 47 27 fyra

70 1423 129 26 redogörare
214 1429 45 15 mer
273 1423 7 21 i
296 1423 73 26 hvarje
384 1423 41 25 län,
445 1425 26 18 än
487 1423 56 21 hvad
565 1423 36 21 det
623 1423 76 21 hittills
721 1423 54 20 varit
798 1423 40 20 och
859 1424 33 19 att

68 1451 102 26 möjligen
185 1451 83 21 arbetet
283 1451 35 21 vid
333 1451 152 26 länestyrelsen
501 1452 67 21 skulle
584 1452 7 20 i
606 1451 70 27 någon
691 1451 49 22 mån
763 1451 65 21 blifva
849 1451 42 21 för-

68 1479 75 22 ökadt.
174 1480 61 21 Hvad
259 1480 65 21 sedan
346 1479 102 22 beträffar
469 1480 59 21 förra
550 1480 61 21 delen
636 1479 23 22 af
680 1480 117 21 utskottets
819 1479 73 21 betän-

70 1508 71 21 kande
156 1508 52 21 eller
222 1507 75 28 frågan
312 1515 33 14 om
363 1507 148 22 länsmännens
527 1508 97 27 rättsliga
639 1509 100 26 ställning
754 1508 52 21 eller
828 1508 63 21 deras

67 1536 141 27 afsättlighet,
225 1536 23 22 så
263 1537 42 20 kan
318 1537 37 26 jag
370 1535 33 22 för
418 1537 42 20 min
483 1537 34 21 del
539 1537 46 21 icke
608 1536 123 27 obetingadt
753 1536 74 21 förena
849 1536 43 26 mig
