1067 1745
178 134 56 20 1452
432 140 26 17 R.
470 144 18 13 0.
497 140 23 18 A.
533 140 59 17 1888.
609 140 27 17 22
648 140 48 21 Maj.

150 224 109 28 landtdag.
288 225 65 22 Detta
375 225 36 22 fall
434 225 62 27 gälde
518 225 148 22 förkastandet
688 224 22 23 af
724 231 26 16 en
766 224 88 28 motion,
870 226 27 26 pä
912 224 68 28 grund

150 253 22 22 af
185 253 89 22 formela
288 254 54 21 skäl.

218 310 33 22 Hr
272 310 27 22 H.
322 311 25 22 A.
370 311 144 21 Mechelin:
545 310 44 22 För
608 311 42 21 min
667 310 34 22 del
716 312 68 20 mäste
797 310 37 28 jag
849 310 74 22 förena
938 311 42 27 mig

150 345 36 15 om
201 339 41 21 den
258 339 22 22 af
293 339 57 22 Frih.
366 346 41 15 von
422 340 58 21 Born
495 341 73 20 senast
581 340 85 27 yttrade
681 340 88 26 äsigten,
786 341 32 20 att
832 339 66 27 enligt
908 340 23 21 L.
944 339 37 22 O:s

151 368 25 22 51
194 369 12 26 8
221 368 103 27 rättighet
338 370 32 20 att
385 368 107 22 inkomma
508 368 49 22 med
571 368 89 28 petition
676 368 39 22 bör
730 374 52 15 vara
796 368 108 22 beroende
914 368 66 26 deraf,

151 398 33 20 att
198 397 68 21 under
281 397 128 27 landtdagen
424 398 116 26 nägonting
555 396 101 26 inträffat,
672 403 46 15 som
733 396 7 21 i
756 398 32 20 ett
803 396 52 22 eller
870 399 66 19 annat
950 396 30 22 af-

150 426 78 21 seende
250 425 92 22 verkade
364 426 32 21 till
418 426 123 26 förändring
562 425 32 22 uti
614 425 97 27 gällande
726 425 134 26 lagstiftning
875 425 53 21 eller
942 425 38 22 be-

150 453 88 22 stående
256 453 106 22 allmänna
378 453 154 25 förhållanden,
547 456 23 25 ty
586 454 71 21 derest
672 460 48 15 man
736 453 46 22 icke
798 453 112 27 uppfattar
925 454 26 21 51
968 455 12 25 &

150 483 30 26 sä,
196 488 50 16 vore
262 482 42 25 det,
319 489 45 15 som
380 482 56 21 Frih.
453 489 40 15 von
508 483 60 21 Born
583 482 65 22 ocksä
662 482 123 26 framhällit,
801 482 47 21 icke
863 482 67 27 utsigt
948 484 34 20 att

149 511 71 27 nägon
235 513 63 25 gräns
313 511 67 22 skulle
395 511 113 22 förefinnas
523 511 33 22 för
571 511 137 27 upprepande
723 511 23 21 af
760 510 158 27 önskningsmäl
932 511 7 21 i
954 517 26 15 en

148 539 53 22 eller
223 546 69 15 annan
315 539 60 22 form.
406 540 31 21 Pä
459 540 68 27 grund
550 540 63 21 häraf
631 546 63 15 anser
706 539 38 28 jag
759 539 33 22 för
807 539 44 22 min
867 539 33 22 del
916 539 65 22 ocksä

146 568 117 27 petitionen
278 567 46 22 icke
339 568 53 22 böra
407 568 31 21 till
454 569 70 26 nägon
539 569 76 26 ätgärd
630 568 114 22 föranleda.

218 625 32 22 Hr
272 625 128 22 Aminoff:
431 626 57 21 Frih.
509 633 40 14 von
564 626 58 21 Born
638 626 39 21 har
692 625 124 27 framhällit,
832 627 32 20 att
880 625 40 22 den
936 631 34 15 om

149 654 155 27 ständigheten,
321 656 32 19 att
368 661 26 15 en
409 654 59 27 fråga
484 655 67 21 under
566 655 128 26 landtdagen
710 655 21 27 ej
746 653 69 22 blifvit
830 653 106 26 besluten,
948 656 28 19 at'

149 689 27 16 en
190 682 79 22 reform
286 683 45 20 icke
346 683 68 22 blifvit
428 683 132 27 genomförd,
576 683 18 27 ej
610 683 69 22 skulle
694 683 86 26 betinga
796 683 37 21 det
844 682 137 22 omedelbara

150 711 160 28 sammanhang,
326 711 87 22 hvarom
428 713 7 20 i
450 713 25 20 51
494 713 10 26 $
520 712 62 21 talas.
608 711 41 28 Jag
663 711 39 22 ber
717 714 33 19 att
765 711 21 21 fä
796 711 64 22 ställa
871 717 33 15 om
916 711 64 21 saken

150 739 40 23 och
212 739 69 27 fräga:
305 741 77 21 männe
399 741 45 21 icke
461 741 41 25 det,
519 743 33 19 att
567 747 25 15 en
608 740 65 27 vigtig
688 740 60 26 fräga
763 739 56 22 blott
835 740 27 26 pä
877 739 68 26 grund
960 739 23 21 af

150 768 94 26 formela
259 768 77 22 brister
351 768 114 22 förkastats
480 768 67 27 gifver
562 775 26 15 en
605 769 63 21 osökt
683 768 114 26 anledning
813 770 33 19 att
860 768 54 27 ånyo
930 770 51 24 taga

150 804 44 20 upp
216 796 80 22 saken?
326 797 78 21 Månne
422 804 48 15 man
485 798 47 21 icke
547 797 46 22 häri
608 797 43 21 kan
667 798 53 20 söka
735 799 32 19 ett
782 796 82 26 ganska
879 796 101 26 naturligt

150 826 158 27 sammanhang.
338 826 78 22 Vidare
438 826 39 22 har
499 826 58 21 Frih.
580 832 42 15 von
637 826 59 21 Born
711 825 111 27 uppgifvit,
838 828 33 18 att
883 826 37 26 jag
934 824 47 22 icke

149 854 69 21 skulle
233 854 59 21 stödt
307 854 42 26 mig
364 855 27 26 på
406 854 127 27 stadgandet
548 854 6 21 i
570 855 24 21 51
613 854 11 27 $
640 860 34 15 om
690 861 26 14 en
732 854 68 21 under
810 854 128 26 landtdagen
949 852 31 22 in-

148 882 79 22 träffad
248 882 109 22 händelse.
386 883 40 27 Jag
448 883 38 21 har
507 883 6 20 i
529 883 73 27 sjelfva
618 883 74 21 verket
707 883 60 21 stödt
782 882 43 26 mig
840 883 28 26 pä
883 881 55 22 båda
954 881 26 22 de

148 911 100 27 grunder,
264 911 70 21 hvilka
350 913 122 20 omnämnas
488 912 6 21 i
510 913 25 20 51
554 913 17 25 $,
587 911 105 26 nämligen
708 911 46 22 dels
770 911 66 26 derpä
851 913 31 19 att
897 912 31 19 ett
943 909 37 22 be-

149 939 44 22 slut
214 939 66 22 redan
295 939 69 22 blifvit
378 939 77 22 fattadt
470 940 57 21 inom
543 940 91 26 ständet,
651 939 44 22 dels
710 940 28 26 pä
753 941 33 19 att
801 939 59 22 detta
875 941 63 24 utgör
953 945 26 15 en

149 967 102 22 händelse
274 968 67 21 under
361 968 128 27 landtdagen
504 975 42 20 nog
562 969 24 21 sä
601 968 65 27 vigtig
682 969 6 20 i
703 967 99 22 afseende
818 968 13 21 &
846 969 82 20 ämnets
944 967 35 21 be-

148 996 125 22 skaffenhet.
304 996 103 27 Slutligen
430 997 35 21 vill
484 997 38 27 jag
544 997 71 22 erinra
638 997 78 25 derom,
741 999 39 21 att,
804 996 6 21 i
830 996 112 27 anledning
958 995 24 22 af

148 1025 154 27 prokuratorns
325 1025 113 22 berättelse
462 1026 38 21 och
518 1025 164 22 omnämnandet
698 1025 45 22 deri
760 1024 21 22 af
796 1027 31 19 ett
842 1024 75 27 utslag,
933 1031 45 14 som

148 1053 70 22 blifvit
240 1053 53 22 fäldt
314 1054 25 21 är
355 1055 61 23 1885,
432 1054 56 21 Frih.
506 1061 39 14 von
561 1054 58 21 Born
635 1054 39 21 och
690 1060 26 15 en
731 1059 70 16 annan
817 1053 161 26 landtdagsman

149 1082 53 21 efter
212 1083 26 20 14
248 1082 75 27 dagars
334 1081 128 28 fataljetiden
474 1083 62 21 väckt
547 1089 26 15 en
584 1083 88 21 motion,
683 1089 45 14 som
739 1081 23 22 af
771 1081 85 22 ständet
866 1081 111 27 godkänts.

218 1139 33 21 Hr
274 1139 25 21 K.
319 1139 131 22 Antell:
480 1139 40 28 Jag
537 1140 36 21 ber
588 1142 33 19 att
637 1139 20 22 få
673 1139 69 22 erinra
758 1145 35 15 om
810 1145 25 14 en
852 1138 126 27 omständig-

148 1167 44 26 het,
214 1174 46 14 som
283 1167 46 22 icke
352 1167 65 28 enligt
439 1168 56 21 hvad
514 1169 37 26 jag
575 1168 81 21 kunnat
675 1167 104 28 uppfatta.
797 1166 68 21 blifvit
880 1167 98 21 berörd
964 1162 16 38 i

150 1196 69 21 denna
234 1196 45 21 sak.
310 1196 42 21 Det
367 1198 23 19 är
406 1197 104 26 nämligen
526 1197 59 21 fallet
600 1199 39 20 att,
655 1197 65 20 sedan
736 1195 164 22 motionsrätten
912 1195 68 22 blifvit

148 1224 77 26 införd,
249 1224 117 22 innehäller
388 1226 25 20 51
438 1226 10 25 $
472 1225 6 21 i
501 1225 24 22 L.
550 1225 23 22 O.
598 1227 13 19 4
627 1231 62 15 mom.
706 1231 25 14 en
748 1223 67 28 tydlig
831 1223 148 22 bestämmelse

150 1253 73 22 derom
247 1255 33 19 att
302 1254 80 20 motion
406 1253 39 22 och
465 1255 92 26 petition
583 1254 6 21 i
606 1254 59 21 detta
681 1252 98 22 afseende
795 1252 52 21 böra
864 1252 116 21 behandlas

148 1282 28 27 pä
198 1287 82 16 samma
302 1283 48 23 sätt,
375 1284 22 25 ty
420 1282 36 21 det
474 1283 53 20 står:
544 1283 80 20 motion
640 1281 52 22 eller
708 1281 90 27 petition
814 1281 6 20 i
836 1283 82 23 ämnen,
934 1287 44 15 som

148 1309 88 22 tillhöra
250 1309 89 22 allmänt
353 1310 93 22 utskotts
462 1310 136 27 behandling,
614 1310 39 21 bör
668 1310 22 21 af
699 1309 163 27 landtdagsman
874 1308 104 22 framstäl-

148 1338 32 22 las
202 1338 7 21 i
228 1338 36 22 det
279 1338 63 22 ständ
357 1338 41 22 han
414 1338 78 26 tillhör,
507 1339 57 21 inom
581 1340 27 20 14
624 1339 65 27 dagar
704 1338 54 21 efter
772 1337 141 27 landtdagens
928 1339 51 25 öpp-

148 1367 75 21 nande.
255 1366 123 22 Sedermera
402 1368 35 20 mä
458 1368 66 21 sådan
546 1367 60 27 fråga
628 1367 45 21 icke
688 1367 72 21 kunna
776 1366 84 24 väckas,
875 1366 24 20 sä
914 1365 65 21 framt

149 1396 41 20 den
205 1395 47 21 icke
268 1395 178 27 omedelbarligen
461 1396 119 21 föranledes
596 1402 18 15 o.
632 1402 16 15 s.
664 1402 18 13 v.
713 1394 95 24 Således,
825 1400 34 15 om
876 1394 39 21 den
925 1400 54 20 upp-

148 1423 92 26 fattning
263 1423 33 21 Hr
314 1423 92 22 Aminoff
422 1424 38 21 och
477 1425 65 26 några
557 1424 67 21 andra
639 1424 64 21 ärade
718 1423 69 21 talare
803 1423 49 20 sökt
867 1424 52 24 göra
934 1421 44 27 gäl-

148 1451 63 22 lande
227 1458 50 15 vore
293 1452 69 27 riktig,
379 1453 23 20 så
418 1452 67 22 skulle
501 1453 61 21 deraf
575 1452 87 27 framgå,
678 1455 32 18 att
725 1458 25 15 en
763 1451 82 21 enskild
856 1450 123 27 landtdags-

148 1487 56 18 man,
228 1486 46 15 som
294 1480 53 21 först
369 1481 63 21 väckt
454 1487 26 15 en
496 1481 79 21 motion
591 1481 6 20 i
613 1483 31 18 ett
660 1481 84 24 ärende,
761 1486 34 15 om
813 1479 69 22 denna
898 1479 80 20 motion

148 1509 138 22 underkänts,
300 1509 30 20 låt
346 1515 50 16 vara
411 1510 27 26 på
453 1509 88 22 formela
556 1509 45 21 skäl
617 1509 51 22 eller
683 1509 6 20 i
706 1509 63 26 öfrigt
785 1508 55 21 varit
859 1507 118 26 bristfällig,

148 1537 46 21 icke
218 1537 168 27 nödvändigtvis,
410 1544 32 15 om
466 1538 40 21 han
532 1537 34 22 vill
583 1539 93 26 upptaga
691 1537 74 27 frågan
781 1537 62 26 ånyo,
860 1535 68 22 skulle
943 1535 36 22 be-
