1073 1742
188 108 56 21 1244
444 116 25 17 R.
482 120 17 13 0.
512 116 22 17 A.
546 116 58 18 1888.
628 118 22 16 15
662 117 49 21 Maj.

161 199 47 22 icke
224 200 63 26 yrkat
301 200 27 28 pä
344 202 48 21 mitt
406 202 129 22 alternativa
550 204 86 26 förslag,
652 210 45 15 som
711 204 37 26 jag
763 203 46 21 frän
821 203 75 27 början
906 203 87 28 medgaf

160 234 53 15 vara
234 228 34 22 för
290 229 63 22 bredt
375 231 146 27 formuleradt,
544 234 52 19 utan
616 232 38 27 jag
671 232 49 22 ville
735 232 49 21 med
799 232 121 22 detsamma
934 233 57 21 blott

159 257 57 27 gifva
239 263 25 15 en
288 259 116 27 antydning
418 260 6 20 i
440 260 56 22 hvad
518 260 96 28 riktning
635 261 160 27 lagstiftningen
818 260 50 22 bort
882 260 37 28 gä;
941 267 49 15 men

160 286 119 26 egentligen
300 287 94 27 föreslog
413 288 43 28 jag,
480 291 33 19 att
535 289 41 21 den
600 289 46 21 nåd.
664 296 87 20 prop:ns
766 290 139 26 formulering
921 290 69 22 skulle

159 314 67 21 varda
249 314 127 28 bibehällen,
399 317 39 21 och
459 318 37 21 det
510 320 24 18 är
549 318 28 26 pä
593 318 40 22 den
647 318 38 27 jag
699 318 121 27 egentligen
835 318 75 21 häller.
940 318 51 22 Mitt

159 342 129 22 alternativa
309 344 79 27 förslag
410 346 32 21 för
466 346 69 26 öfrigt,
551 346 78 22 sädant
644 348 36 20 det
695 346 24 22 af
732 347 43 27 mig
790 353 38 15 var
843 346 147 27 formuleradt,

159 371 95 22 innehöll
270 372 40 22 den
326 374 152 28 svaghetssynd
493 375 23 21 af
530 376 49 26 mig,
596 378 33 19 att
644 376 119 21 detsamma
778 376 48 20 med
842 376 67 26 nägra
919 374 71 22 straff-

160 400 159 28 bestämningar
341 403 48 26 gick
412 404 112 26 opinionen
547 404 32 21 till
602 406 75 23 mötes,
702 404 55 22 dock
779 404 66 21 likväl
864 404 30 25 sä,
910 406 32 19 att
958 406 32 19 ett

159 429 115 27 väsentligt
296 430 60 22 brott
370 432 84 21 utöfver
468 432 105 28 förslaget
587 433 8 21 i
610 433 147 21 betänkandet
773 432 62 22 äfven
850 433 140 21 tillräknades

159 463 91 16 mannen
266 459 40 21 och
321 460 47 21 icke
383 461 75 21 endast
474 462 99 26 gvinnan.
589 474 28 2 —
632 462 57 21 Frih.
706 468 42 15 von
763 462 57 21 Born
837 462 39 20 har
891 462 99 21 hänvisat

159 486 32 21 till
215 487 14 31 9
236 487 48 27 Kap
321 488 41 27 Jag
385 489 59 27 böjer
466 490 43 27 mig
532 490 33 21 för
588 490 53 22 hans
664 491 57 26 goda
736 492 34 20 tro
786 491 6 20 i
808 491 60 20 detta
884 490 106 28 afseende,

159 520 48 26 men
221 521 37 21 jag
274 516 86 27 undrar,
369 518 55 21 huru
440 525 26 15 en
481 519 88 21 domare
584 519 39 21 här
639 519 68 21 skulle
719 519 116 27 uppskatta
846 519 144 22 skadeersätt-

158 549 78 21 ningen
252 544 6 20 i
274 544 76 28 fräga?
380 547 32 25 Jo,
436 547 81 21 kanske
541 548 33 20 till
590 548 27 21 30
632 548 67 26 mark,
717 548 52 21 eller
785 548 33 21 för
833 554 27 14 en
876 554 76 20 person
968 548 25 21 af

160 574 68 20 större
244 572 149 29 förmögenhet
408 576 33 21 till
457 576 62 27 högst
535 576 68 28 nägra
618 577 83 21 hundra
718 577 68 24 mark,
802 577 60 21 detta
877 576 23 21 af
917 577 71 24 orsak,

158 602 34 20 att
207 601 42 21 han
264 602 46 22 icke
326 603 40 21 har
381 604 69 27 någon
465 604 150 28 föreställning
630 606 81 25 derom,
728 605 55 21 huru
799 605 129 27 ojemförligt
944 607 46 19 stor

158 629 41 21 den
221 630 78 22 förlust
314 634 30 24 är,
363 639 45 15 som
424 634 40 20 den
480 634 107 26 syfilitiskt
603 634 142 22 nedsmittade
761 634 109 26 verkligen
885 634 47 21 lidit
949 634 40 21 och

158 658 148 28 oberäkneligt
320 660 62 28 länge
400 662 59 22 lider.

229 717 31 21 Hr
275 718 23 21 P.
315 718 18 21 E
356 718 23 22 af
392 720 149 22 Forselles:
566 721 43 21 För
624 721 43 21 min
684 720 34 22 del
734 720 68 21 finner
816 720 36 27 jag
868 720 120 26 Strafflags-

160 744 106 23 utskottet
289 746 64 22 hafva
375 748 27 26 pä
426 751 31 19 ett
479 749 96 21 särdeles
593 749 88 27 lyckligt
705 751 43 19 sätt
770 749 126 21 formulerat
914 749 25 21 10
954 748 9 28 $
982 748 7 21 i

160 773 60 21 detta
242 774 48 28 Kap.
319 776 39 21 och
374 777 38 21 ber
434 779 32 19 att
481 777 21 21 fä
517 778 88 21 förorda
620 778 49 21 dess
684 778 128 26 antagande.
843 778 32 20 Hr
889 777 99 27 Pipping-

160 802 61 22 sköld
237 803 39 21 har
291 804 35 21 vid
342 805 147 22 diskussionen
506 812 33 15 om
556 807 12 21 3
584 813 63 15 mom.
663 807 6 21 i
686 807 70 21 denna
771 807 11 25 $
798 806 74 21 länkat
893 806 53 21 talet
961 805 29 27 pä

160 830 40 22 den
223 832 181 27 reglementerade
427 835 173 26 prostitutionen,
621 836 40 20 och
674 835 37 27 jag
726 835 50 21 ville
792 835 6 21 i
815 835 60 21 detta
889 834 100 22 afseende

159 862 98 29 motsäga
272 861 85 27 honom,
375 869 46 15 men
438 863 27 21 dä
480 864 59 20 tiden
555 865 24 19 är
595 864 23 21 sä
633 864 60 26 längt
708 864 150 25 framskriden,
875 863 64 26 vägar
952 863 37 26 jag

158 888 46 21 icke
227 889 73 21 vidare
323 891 115 26 uppehälla
460 892 36 21 det
518 892 114 27 höglofliga
655 892 93 25 ständet,
764 894 52 19 utan
833 891 38 22 ber
886 892 55 21 blott
956 893 34 19 att

159 919 58 19 emot
239 920 76 19 nästan
340 920 44 25 allt,
408 920 55 21 hvad
486 921 40 20 den
549 921 66 21 ärade
634 921 83 21 talaren
733 923 74 25 yttrat,
824 920 21 21 få
861 921 69 20 uttala
944 920 45 21 min

159 948 83 23 protest
266 947 38 21 och
324 948 81 27 hoppas
428 949 35 21 vid
479 951 65 19 annat
560 950 83 21 tillfälle
659 949 21 21 få
696 949 134 21 återkomma
846 949 78 21 dertill.
954 949 35 21 Nu

159 974 99 23 anhåller
277 976 38 27 jag
338 977 61 26 blott,
422 981 32 18 att
470 978 20 21 få
506 978 131 21 understöda
653 978 36 21 det
706 979 23 20 af
742 978 57 21 Frih.
817 984 41 14 von
873 978 56 21 Born
945 977 45 21 för-

159 1003 81 22 ordade
256 1005 75 26 tillägg
345 1006 7 20 i
370 1006 25 21 13
411 1006 17 27 8.

227 1061 33 21 Hr
282 1062 136 27 Hisinger:
449 1063 56 21 Frih.
529 1070 41 15 von
592 1064 57 21 Born
673 1064 39 21 har
735 1063 98 22 hänvisat
849 1063 32 21 till
896 1064 13 20 9
925 1063 62 26 Kap.,

158 1089 39 21 der
217 1090 37 21 det
268 1091 56 21 talas
340 1097 35 15 om
391 1092 136 21 skadestånd.
557 1093 41 26 Jag
613 1094 24 19 är
653 1092 131 27 fullkomligt
799 1098 50 15 ense
866 1092 47 20 med
929 1092 57 21 Frih.

158 1123 42 16 von
223 1119 57 20 Born
304 1120 80 26 derom,
403 1123 33 18 att
452 1121 59 21 detta
526 1121 81 27 kapitel
623 1121 42 21 kan
681 1121 40 21 och
738 1121 39 20 bör
793 1121 107 26 tillämpas
916 1120 27 27 på
959 1127 29 14 nu

158 1146 164 27 ifrågavarande
337 1148 45 21 fall.
412 1149 40 21 Det
469 1150 61 21 heter
545 1150 6 20 i
567 1150 97 26 kapitlet,
676 1152 32 19 att
719 1149 68 21 under
798 1149 129 21 skadestånd
939 1149 49 20 räk-

157 1181 39 14 nas
219 1177 147 26 godtgörande
383 1179 14 19 t.
414 1184 32 15 ex.
461 1178 33 21 för
510 1178 110 21 läkarelön
637 1179 52 20 eller
705 1181 66 18 annat
787 1177 68 28 dylikt
871 1177 38 22 och
925 1177 63 21 äfven

157 1203 34 21 för
207 1205 164 26 stadigvarande
387 1206 69 26 mehn,
473 1207 38 20 allt
527 1207 60 21 detta
602 1207 82 25 sådant,
701 1213 46 15 som
756 1207 34 20 vid
806 1206 63 21 dessa
879 1206 36 21 fall
926 1206 62 21 torde

157 1232 73 22 kunna
250 1233 162 27 ifrågakomma,
428 1235 24 20 så
467 1237 32 19 att
515 1235 36 21 det
567 1235 61 22 faller
644 1235 23 21 af
681 1236 31 26 sig
729 1235 62 26 sjelft,
808 1237 33 18 att
857 1235 130 20 skadestånd

157 1261 97 22 kommer
270 1265 32 18 att
318 1263 104 21 utdömas.
453 1264 118 21 Domarens
588 1264 98 27 pröfning
702 1266 24 19 är
741 1264 7 21 i
765 1264 60 21 detta
835 1263 37 21 fall
882 1263 46 22 icke
940 1263 48 20 svå-

158 1295 48 16 rare
222 1292 26 19 än
264 1291 7 21 i
287 1291 77 27 många
379 1292 68 21 andra
462 1293 43 20 fall.
529 1293 63 20 Hvad
607 1293 36 21 det
659 1293 75 26 tillägg
749 1292 57 21 Frih.
824 1298 40 14 von
880 1292 57 21 Born
947 1291 42 21 har

156 1317 113 29 föreslagit
292 1320 32 21 till
349 1321 26 20 13
398 1321 12 27 &
433 1321 108 22 beträffar,
565 1321 24 21 sä
611 1321 45 21 står
679 1321 53 21 deti
746 1321 26 21 13
789 1321 16 26 $,
828 1322 32 19 att
881 1320 40 21 den
942 1326 46 15 som

157 1347 65 22 visste
252 1348 31 27 sig
308 1355 52 14 vara
387 1349 102 22 behäftad
512 1350 49 21 med
584 1350 96 21 venerisk
706 1350 106 26 sjukdom,
838 1355 49 15 men
911 1354 76 21 genom

156 1375 115 28 lägersmä]
287 1377 104 22 öfverfört
406 1378 125 27 sjukdomen
547 1378 13 21 &
575 1385 76 19 annan,
663 1378 88 21 straffas
766 1378 48 21 med
831 1377 89 22 tukthus
936 1377 53 21 eller

156 1404 95 28 fängelse
267 1407 6 20 i
289 1406 63 27 högst
374 1406 36 21 två
433 1407 41 22 &r*
505 1407 90 21 Straffet
616 1407 39 21 här
671 1409 24 19 är
711 1408 5 19 i
733 1407 50 21 mitt
798 1406 62 27 tycke
876 1406 67 24 mildt,
960 1405 29 21 dä

156 1433 48 26 den,
221 1441 44 15 som
283 1435 93 22 öfverför
392 1435 104 26 sjukdom,
512 1435 68 21 ehuru
595 1435 111 22 medveten
722 1442 35 14 om
773 1437 33 19 att
823 1435 42 21 han
881 1436 24 19 är
916 1433 71 22 behäf-

156 1463 37 20 tad
209 1464 48 21 med
274 1465 98 20 venerisk
388 1464 104 26 sjukdom,
510 1465 60 20 detta
586 1464 89 21 oaktadt
690 1465 49 20 med
755 1464 49 21 fullt
820 1463 84 26 uppsåt,
916 1463 72 27 öfver-

156 1490 34 21 för
205 1492 126 26 sjukdomen
347 1493 28 26 pä
390 1499 70 15 annan
490 1493 66 21 Detta
571 1499 63 14 anser
647 1493 36 26 jag
693 1493 50 21 bero
756 1492 27 27 pä
799 1493 36 20 det
846 1491 142 26 förhållande,

156 1522 32 19 att
211 1521 43 24 det,
278 1521 69 21 säsom
372 1522 69 25 nägon
465 1522 67 21 talare
552 1521 65 21 redan
633 1521 58 21 förut
705 1523 75 25 yttrat,
797 1522 50 20 sker
862 1520 24 21 af
899 1520 90 26 svaghet
