1075 1736
222 122 55 22 1128
490 129 25 18 R.
528 134 18 13 o.
559 130 23 17 A.
593 130 56 17 1888.
661 130 27 22 '11
700 130 49 21 Maj.

192 220 62 15 anses
276 221 52 15 vara
347 214 24 22 af
385 222 26 14 en
426 216 43 21 viss
484 216 139 27 betydenhet,
640 216 40 22 och
696 216 98 21 anhåller
806 216 38 27 jag
859 216 74 22 derför
948 218 33 20 att
996 222 29 16 nu

191 242 23 22 få
228 242 85 22 utöfver
328 244 41 21 den
384 244 134 28 motivering,
534 245 162 21 reservationen
711 245 125 26 innehåller,
853 244 90 28 tillägga
957 246 68 27 några

192 271 45 21 ord.
258 272 41 27 Jag
314 272 37 21 vill
367 272 56 22 fästa
438 274 218 26 uppmärksamheten
671 274 36 21 vid
723 276 34 19 att
771 280 50 14 man
837 273 6 21 i
859 274 76 26 sjelfva
950 274 75 21 verket

191 299 130 22 åtminstone
337 301 48 21 från
401 301 39 21 den
457 302 133 27 ståndpunkt
602 303 38 26 jag
656 303 91 26 intager,
763 302 57 21 helst
835 302 69 21 skulle
914 302 64 21 hafva
989 309 36 14 ve-

190 328 32 21 lat
244 329 7 20 i
274 329 70 21 denna
364 330 93 21 omsider
471 337 77 21 genom
564 331 128 21 ständernas
707 331 131 21 medverkan
853 331 114 21 tillkomna
981 331 42 27 lag,

190 356 72 22 införa
284 359 32 20 ett
337 359 89 26 positivt
441 359 119 28 stadgande
576 360 6 20 i
599 360 69 21 denna
683 360 107 27 riktning;
806 365 49 15 men
871 359 60 22 detta
946 359 30 21 lät
991 360 33 27 sig

190 385 48 21 icke
260 385 116 30 lämpligen
399 389 58 26 göra.
488 388 43 21 Det
547 388 45 21 står
607 389 7 20 i
629 389 11 27 &
656 390 14 19 4
685 388 24 21 af
723 387 251 28 författningsförslaget,
991 390 33 19 att

189 414 25 27 vå
236 414 257 29 kejsaren-storfurstens
516 417 102 28 pröfning
640 417 133 26 ankommer,
789 417 106 21 huruvida
916 417 49 21 sökt
980 417 43 21 till-

190 443 64 21 ständ
269 443 34 22 till
316 445 234 28 jernvägsanläggning
564 446 36 21 mä
614 446 90 27 beviljas
720 446 53 21 eller
789 445 53 26 icke,
859 445 111 22 hvaremot
981 445 42 22 alla

190 471 70 28 öfriga
279 473 124 27 paragrafer
423 474 7 21 i
449 474 245 28 författningsförslaget
714 475 77 20 endast
813 474 45 21 tala
873 481 35 14 om
924 477 99 18 senatens

191 501 136 22 medverkan.
358 503 43 20 Det
422 509 38 15 var
483 503 91 21 sålunda
596 503 47 21 icke
658 503 91 28 möjligt,
766 505 33 19 att
814 503 7 20 i
837 505 12 19 4
865 503 12 27 &
892 509 37 15 ens
945 503 79 28 antyda

191 529 27 21 de
240 531 138 26 synpunkter,
402 537 45 15 som
469 532 67 21 borde
560 532 67 21 blifva
642 532 169 26 bestämmande,
828 533 23 25 ty
867 532 36 20 det
918 532 42 20 kan
976 532 47 21 icke

191 557 52 21 falla
265 559 69 26 nägon
357 560 22 20 in
402 562 33 19 att
457 560 59 27 gifva
536 560 136 21 föreskrifter
688 560 33 21 för
737 561 70 20 denna
822 560 78 27 högsta
915 560 106 27 pröfning,

190 592 46 15 som
256 587 25 27 ju
303 587 68 22 mäste
394 595 51 14 vara
468 589 33 20 fri.
533 589 50 20 Men
602 589 117 21 ständerna
734 589 66 21 hafva
815 589 24 20 sä
853 589 86 26 mycket
955 591 68 19 större

190 615 115 28 anledning
328 618 32 19 att
375 617 54 21 dock
444 617 70 22 uttala
530 617 32 21 sin
578 617 140 28 uppfattning
733 617 7 21 i
757 617 82 28 frägan,
855 623 46 16 som
917 617 41 21 den
973 617 48 22 näd.

189 650 61 21 Prop.
266 644 28 27 pä
309 645 39 21 sid.
364 647 13 19 4
392 645 28 27 pä
435 648 44 19 sätt
494 646 40 21 och
550 646 32 21 vis
597 646 69 27 gifver
682 646 116 27 anledning
813 646 78 26 dertill,
903 652 76 21 genom
990 647 33 20 att

190 673 80 27 antyda
292 675 32 20 att
347 681 26 14 en
388 681 28 20 ny
429 675 89 27 jernväg
533 675 109 21 mähända
656 675 43 21 kan
714 681 53 15 vara
782 675 73 26 sädan,
872 677 32 18 att
920 675 40 20 den
976 675 46 21 icke

188 704 121 19 motsvarar
331 704 32 20 ett
377 703 92 28 verkligt
484 703 72 27 behof,
573 705 52 20 utan
642 703 83 28 äsyftar
739 710 26 15 en
782 703 84 28 oskälig
881 703 139 22 konkurrens.

189 730 42 27 Jag
253 732 46 19 tror
321 731 63 21 dessa
405 733 86 26 uttryck
513 733 60 26 ,icke
595 734 121 20 motsvarar
736 734 31 19 ett
783 732 93 27 verkligt
890 731 77 22 behof*
982 732 40 21 och

188 758 83 27 väsyftä
286 766 26 14 en
328 760 84 27 oskälig
426 761 145 21 konkurrens"
587 761 78 27 kunna,
682 761 108 21 beroende
808 761 28 27 pä
847 761 106 26 subjektiv
963 761 58 26 pröf-

188 787 58 28 ning,
262 790 63 25 göras
340 789 100 26 gällande
455 789 133 22 beträffande
603 790 88 21 hvilken
708 790 87 21 enskild
802 790 90 27 jernväg
903 795 45 16 som
958 789 62 26 helst,

189 816 40 21 och
251 817 27 26 pä
294 817 68 27 grund
378 818 101 21 särskildt
496 818 23 21 af
534 819 42 20 den
591 819 24 20 af
628 819 128 27 regeringen
772 819 98 26 inslagna
883 818 138 27 jernvägspo-

188 844 82 27 litiken,
288 846 65 21 sädan
370 847 40 20 den
425 847 102 26 gestaltat
544 847 38 27 sig,
599 847 39 21 har
651 847 38 27 jag
700 849 71 20 ansett
783 847 60 21 detta
852 847 111 21 uttalande
974 847 47 21 frän

188 874 126 21 ständernas
330 874 47 21 sida
391 875 137 27 nödvändigt.
555 876 47 20 Fall
618 876 72 21 kunna
705 875 77 28 gifvas,
799 875 27 21 dä
841 875 125 27 regeringen
976 875 45 21 mä-

186 901 73 22 hända
281 902 48 22 icke
352 903 39 21 bör
407 903 52 28 följa
473 904 111 27 principen
600 904 7 21 i
623 904 60 22 detta
698 904 119 26 uttalande,
833 910 49 14 men
898 904 75 21 endast
989 904 32 21 sä-

188 936 45 15 som
256 931 167 28 undantagsfall.
453 933 10 21 I
485 933 109 21 klämmen
617 933 55 21 hade
690 933 35 21 väl
741 934 83 20 kunnat
839 932 100 27 tilläggas
955 932 66 22 orden

186 959 19 26 vi
228 959 128 22 allmänhet”
377 961 52 21 eller
443 961 18 27 ,i
477 962 85 26 regeln”
577 962 47 20 icke
639 962 40 21 bör
693 961 70 22 blifva
777 961 179 26 bestämmande";
971 968 49 14 men

187 987 13 21 ä
223 988 69 21 andra
314 989 61 21 sidan
391 992 62 24 säger
469 990 59 21 detta
544 990 33 27 sig
593 990 53 27 sjelt.
666 1003 23 3 —
707 990 32 21 Hr
755 990 113 21 Hackman
883 990 40 20 har
939 990 80 26 antydt,

186 1018 33 19 att
244 1023 26 14 en
296 1017 70 22 direkt
391 1018 175 21 konkurrerande
592 1019 84 21 enskild
701 1019 114 20 stambana
837 1018 90 21 sälunda
949 1018 71 21 kunde

183 1044 88 22 komma
286 1047 33 20 att
334 1046 87 27 byggas.
451 1047 41 21 Om
507 1054 26 14 en
550 1047 118 26 stambana,
685 1047 72 21 säsom
772 1047 21 21 vi
809 1053 43 21 nog
867 1047 66 20 hafva
948 1053 70 14 exem-

185 1073 36 26 pel
236 1074 28 27 pä
279 1074 39 21 här
333 1075 8 20 i
357 1075 79 26 landet,
452 1076 38 27 gär
505 1076 7 21 i
528 1076 56 21 krok
599 1076 52 21 eller
666 1076 7 21 i
690 1075 56 22 form
762 1075 25 22 af
801 1082 25 15 en
843 1075 98 27 triangel,
958 1075 23 21 sä
996 1077 24 19 är

185 1101 37 22 det
234 1103 25 26 ju
275 1103 125 27 uppenbart,
417 1106 32 19 att
465 1105 40 20 den
521 1105 126 27 tillgodoser
662 1105 66 27 något
743 1106 67 19 annat
825 1106 27 19 än
863 1104 55 21 blott
928 1103 91 22 trafiken

184 1131 94 21 emellan
300 1131 56 22 bäda
378 1133 169 26 ändpunkterna.
578 1133 79 22 Finnes
681 1133 27 21 dä
731 1140 26 14 en
780 1133 69 27 tredje
865 1133 73 26 punkt,
955 1133 63 21 hvars

184 1158 64 22 trafik
271 1166 50 14 man
344 1161 77 21 önskat
437 1161 120 27 tillgodose,
574 1162 24 20 sä
618 1162 68 21 lefver
701 1162 134 25 statsbanan,
853 1161 6 21 i
875 1161 102 21 händelse
992 1168 26 14 en

183 1187 192 23 konkurrensbana
397 1190 85 27 bygges,
499 1190 27 27 pä
549 1190 70 21 denna
641 1190 94 26 bitrafik,
759 1190 56 21 efter
835 1196 26 14 en
876 1189 55 28 gäng
947 1192 70 19 staten

183 1218 72 20 ansett
278 1219 32 19 att
332 1217 34 21 för
389 1218 48 21 dess
452 1219 56 21 skull
523 1219 72 21 banan
616 1219 48 21 bort
680 1219 60 21 ledas
756 1219 49 21 frän
821 1218 41 21 den
877 1218 53 21 raka
945 1218 72 21 linien.

182 1245 44 27 Jag
241 1252 63 14 anser
319 1246 7 20 i
342 1246 69 22 likhet
426 1247 49 21 med
489 1248 58 20 Frih.
564 1248 79 21 Wrede
658 1248 40 20 och
714 1248 33 20 Hr
761 1247 164 27 Pippingsköld,
941 1248 33 20 att
985 1246 33 22 för

182 1275 73 19 staten
270 1274 7 20 i
293 1274 48 21 dess
354 1275 179 27 jernvägspolitik
548 1276 89 27 betyder
648 1283 26 14 en
686 1278 69 19 större
766 1276 53 21 eller
829 1276 84 20 mindre
923 1275 94 21 inkomst

180 1301 158 27 jemförelsevis
365 1304 68 27 ringa,
456 1305 7 20 i
484 1305 114 27 jembredd
620 1305 49 21 med
692 1305 43 26 det,
759 1311 48 15 som
827 1304 37 27 jag
885 1304 50 20 ville
957 1304 60 20 kalla

181 1330 133 30 rättsfrägan
335 1332 7 20 i
358 1332 69 21 denna
443 1334 48 20 sak:
508 1334 36 20 det
560 1336 29 23 är,
606 1336 32 18 att
654 1335 71 19 staten
741 1333 24 21 af
779 1333 113 21 finansiela
908 1332 47 21 skäl
969 1332 47 21 icke

180 1360 37 20 mä
239 1360 123 21 missbruka
385 1361 32 21 sin
433 1362 52 26 eljes
501 1368 43 21 nog
558 1362 67 21 redan
640 1362 154 21 dominerande
810 1361 113 27 ställning;
939 1363 23 25 ty
977 1360 40 22 här

180 1389 25 19 är
220 1388 62 28 fråga
297 1389 47 21 icke
360 1390 56 21 blott
431 1396 35 15 om
479 1391 101 21 enskilda
595 1397 113 21 personers
719 1390 162 28 näringsfrihet,
893 1392 32 18 att
936 1389 21 21 få
969 1389 47 21 fritt

180 1416 7 20 i
212 1416 74 22 landet
308 1418 52 20 idka
383 1418 40 21 den
442 1419 86 27 rörelse,
545 1426 46 14 som
607 1421 31 19 ett
651 1419 186 27 jernvägsföretag
853 1418 96 26 innebär,
965 1420 51 19 utan

179 1444 65 22 äfven
265 1452 35 15 om
320 1447 98 20 enskilda
440 1453 113 21 personers
568 1449 44 20 rätt
628 1448 39 21 och
683 1448 62 21 bästa
761 1447 102 27 föröfrigt
882 1459 22 2 —
920 1447 37 26 jag
973 1447 43 26 syf-

179 1475 35 19 tar
236 1475 28 25 på
280 1475 27 20 de
322 1475 83 21 trakter
421 1475 40 21 och
477 1476 25 20 de
517 1477 127 20 kommuner
659 1477 6 20 i
682 1477 80 25 landet,
779 1483 47 14 som
841 1481 77 21 genom
934 1481 81 15 samma

176 1501 92 29 jernväg
283 1503 69 21 skulle
369 1504 70 21 direkt
455 1504 126 28 tillgodoses
