1070 1734
334 136 26 16 R.
373 140 18 12 0.
398 136 92 17 A.1888.
514 136 22 16 18
549 136 48 21 Maj.
809 132 53 20 1329

62 222 152 22 afskräckande
229 222 7 21 i
252 222 58 22 detta
325 222 66 22 straff.
422 223 42 21 Det
479 223 39 21 har
540 223 46 21 icke
610 229 32 20 en,
666 225 51 19 utan
740 222 50 22 flere
812 224 80 25 gänger

61 250 103 27 försports
188 250 40 22 den
250 251 76 26 klagan
342 252 32 20 att
389 251 164 26 frihetsstraffet,
569 252 70 21 såsom
656 251 36 21 det
707 251 38 21 hos
766 257 34 15 oss
816 254 23 18 är
854 257 38 15 an-

61 279 98 26 ordnadt,
186 279 104 21 måhända
313 280 27 26 pä
363 286 25 15 en
413 279 33 22 del
468 280 104 21 individer
596 280 47 21 icke
669 280 76 21 verkar
770 279 122 27 tillräckligt

62 307 99 22 affliktivt
177 307 51 22 eller
243 307 159 27 afskräckande,
419 308 39 21 och
474 309 36 21 det
525 311 23 19 är
564 308 46 22 icke
625 310 44 20 rätt
685 311 32 19 att
734 308 159 28 lagstiftningen

63 337 38 26 gär
117 336 6 20 i
139 336 40 22 den
194 336 99 27 riktning,
309 342 45 16 som
369 337 24 21 ät
411 337 71 27 dylika
506 337 106 26 klagomäl
635 337 68 21 skulle
726 336 56 28 gifva
804 340 31 18 ett
857 337 36 21 be-

61 364 128 28 rättigande.
220 365 39 26 Jag
275 371 62 16 anser
352 365 35 22 det
403 372 50 15 vara
469 365 22 22 af
504 365 76 28 högsta
596 366 43 26 vigt
660 368 32 19 att
707 365 128 22 ätminstone
851 366 41 21 den

63 395 27 20 10
105 395 12 24 &
133 396 87 25 antages
242 393 65 28 enligt
329 394 32 21 Hr
385 393 130 23 Grotenfelts
538 395 137 21 reservation.
707 394 61 21 Hvad
791 394 101 21 beträffar

63 422 26 22 de
105 422 66 27 öfriga
186 422 196 27 skiljaktigheterna
397 422 78 22 mellan
497 424 159 20 reservationen
679 423 40 21 och
742 423 149 24 betänkandet,

63 451 23 21 sä
102 453 37 19 äro
155 451 25 21 de
196 451 66 26 enligt
284 451 42 20 min
349 451 64 22 tanke
435 451 23 22 af
480 451 81 22 mindre
584 451 116 28 betydelse,
724 457 47 16 men
797 451 38 22 ber
855 451 37 27 jag

64 479 65 22 också
143 479 132 22 beträffande
291 479 46 22 dem
353 479 21 22 få
389 480 87 21 förorda
490 481 165 26 reservationen,
679 480 62 21 hvars
764 479 128 22 bestämnin-

65 514 38 20 gar
118 507 96 22 förefalla
229 507 42 27 mig
286 514 58 15 mera
364 508 109 27 sakenliga
489 509 39 21 och
543 509 108 21 korrekta.
681 509 102 21 Deremot
804 508 39 21 har
856 508 37 27 jag

64 536 54 21 intet
133 539 45 18 mot
193 538 32 19 att
239 537 25 20 R.
281 543 18 14 o.
315 538 32 25 A.,
365 537 6 20 i
388 537 93 27 enlighet
497 537 47 22 ined
559 537 56 21 hvad
631 537 32 22 Hr
678 537 99 27 Hisinger
794 537 98 29 föreslog,

64 571 35 15 om
115 565 85 21 ständet
215 565 123 26 godkänner
353 566 32 21 Hr
409 565 129 22 Grotenfelts
561 566 138 25 reservation,
723 566 26 21 dä
774 565 118 22 äterremit-

64 595 58 20 terar
137 593 53 27 Kap.
207 593 31 21 till
254 594 104 21 utskottet
372 594 33 21 för
415 594 99 27 möjligen
530 595 63 26 nödig
609 594 154 27 omredigering
778 594 6 21 i
800 601 25 14 en
841 593 52 22 eller

64 628 70 15 annan
149 621 73 28 punkt.

133 679 33 21 Hr
182 679 24 20 A.
224 679 161 22 Grotenfelt:
409 680 40 27 Jag
472 681 71 26 tyckte
566 681 43 26 mig
631 680 52 21 höra
699 683 32 18 att
747 680 31 21 Hr
793 680 99 26 Hisinger

64 707 76 21 nämde
156 709 32 20 att
203 714 47 15 man
267 709 76 20 tillåtit
355 709 87 27 fångar
454 709 103 27 förtjena
573 715 75 20 genom
665 709 37 21 sitt
717 709 79 21 arbete.
826 709 66 20 Detta

65 738 24 19 är
104 735 64 22 likväl
184 736 46 21 icke
246 743 36 15 ens
298 737 65 26 enligt
377 737 117 22 utskottets
509 737 78 26 förslag
603 737 64 26 fallet,
684 740 23 25 ty
729 737 65 27 enligt
818 737 73 26 början

65 764 22 21 af
100 765 12 20 2
128 766 11 25 8
155 767 24 18 är
194 764 76 27 fången
286 765 85 28 skyldig
387 769 32 18 att
434 766 80 21 arbeta.
545 766 62 21 Hvad
627 767 47 20 åter
696 767 74 20 remiss
792 765 100 21 beträffar

64 793 7 21 i
87 793 68 21 denna
171 793 138 28 landtdagens
333 794 49 21 elfte
397 795 80 26 timme,
493 795 67 21 skulle
573 795 37 26 jag
625 801 50 15 anse
692 795 40 21 den
748 801 49 14 vara
815 793 77 27 onödig

65 822 39 21 och
120 821 97 22 anhäller
232 824 32 19 att
279 823 47 21 mitt
341 823 84 27 förslag,
442 824 70 21 säsom
528 823 117 27 utgörande
661 830 26 14 en
708 823 147 26 omarbetning
871 821 21 22 af

65 850 54 26 Kap.
135 850 69 22 skulle
219 851 22 21 af
254 851 85 22 ständet
355 854 94 24 antagas.

134 907 31 21 Hr
180 908 19 21 J.
224 908 158 22 Grotenfelt:
406 908 51 22 Med
480 909 112 27 anledning
616 908 21 22 af
659 911 30 19 ett
713 908 83 28 uttryck
811 908 7 21 i
833 908 60 21 Frih.

64 935 89 22 Wredes
168 936 135 27 andragande
318 937 38 21 ber
369 937 36 26 jag
421 936 20 22 fä
457 937 76 21 anföra
548 940 32 18 att
596 938 35 20 det
647 937 46 22 icke
709 944 65 20 gerna
794 937 40 21 kan
850 936 43 27 läg-

64 970 38 20 gas
118 964 215 28 Strafflagsutskottet
348 965 32 21 till
395 966 41 20 last
452 968 33 19 att
505 966 62 21 hafva
589 966 49 21 sökt
660 966 108 21 förmildra
790 965 102 27 fängelse-

64 992 89 27 straffet,
169 994 120 26 derigenom
309 996 31 19 att
355 994 69 27 fånge,
440 1000 47 16 som
502 995 69 21 utstär
594 995 76 21 sådant
693 994 66 25 straff,
774 994 118 26 medgifvits

65 1023 44 25 rätt
124 1024 31 18 att
171 1022 96 22 använda
282 1029 25 15 en
324 1022 33 22 del
373 1022 22 22 af
408 1023 31 21 sin
455 1023 141 27 sparpenning
611 1023 33 21 till
657 1023 87 21 kostens
759 1022 132 26 förbättring.

64 1049 69 22 Afven
148 1050 6 21 i
170 1050 49 22 nåd.
234 1057 60 21 prop.
310 1053 24 19 är
349 1051 65 21 sådan
430 1052 103 26 rättighet
555 1052 74 27 tillagd
651 1052 47 21 icke
721 1051 55 22 blott
791 1050 102 27 fängelse-

66 1080 52 19 utan
134 1079 39 21 ock
188 1079 157 27 tukthusfånge,
365 1080 85 21 hvilken
466 1080 130 22 sistnämnda
618 1080 148 22 bestämmelse
788 1079 106 21 utskottet

65 1108 71 20 ansett
151 1107 31 28 sig
198 1107 52 22 böra
265 1108 104 27 borttaga.

133 1163 31 22 På
180 1165 68 26 grund
264 1165 21 22 af
299 1165 145 22 diskussionen
468 1165 155 23 öfverlemnade
638 1166 33 22 Hr
685 1164 208 24 Landtmarskalken

65 1191 33 22 till
113 1191 131 24 besvarande
260 1193 91 28 följande
367 1195 206 27 omröstningsprop:

133 1249 53 32 Den,
195 1255 46 16 som
250 1251 122 26 godkänner
382 1251 11 27 $
404 1253 9 19 1
427 1251 66 27 enligt
503 1251 116 22 utskottets
629 1251 140 27 betänkande,
781 1253 70 19 röstar
860 1250 32 27 ja;

133 1284 74 16 vinner
222 1280 40 26 nej,
282 1279 39 22 har
335 1279 25 21 R.
377 1286 18 15 o.
411 1280 25 21 A.
453 1279 99 22 omfattat
567 1281 33 26 $:n
616 1281 7 20 i
638 1279 94 28 enlighet
754 1279 48 22 med
817 1279 32 22 Hr
864 1279 28 21 A.

65 1305 131 24 Grotenfelts
211 1308 136 21 reservation.

135 1363 63 28 Prop.
214 1363 127 23 besvarades
357 1365 48 22 med
427 1365 155 27 öfvervägande
595 1365 30 27 ja,
648 1365 39 22 och
703 1372 37 15 var
755 1365 81 22 således
854 1365 9 20 1
881 1364 13 26 8

65 1391 105 27 godkänd.

134 1449 136 22 Beträffande
284 1451 13 19 2
313 1450 11 27 &
340 1451 13 20 4
369 1451 60 26 Kap.,
446 1457 46 15 som
516 1450 59 22 äfven
599 1451 67 21 blifvit
689 1451 66 22 under
778 1450 40 21 den
840 1448 55 22 före-

68 1477 81 27 gående
166 1478 145 22 diskussionen
327 1479 88 22 föremål
429 1479 33 22 för
486 1479 163 28 öfverläggning,
673 1479 60 22 afläts
756 1479 32 22 till
810 1477 84 22 ståndet

66 1511 26 16 en
108 1507 23 20 så
147 1506 90 27 lydande
258 1507 205 28 omröstningsprop:
