1067 1745
362 129 26 18 R.
400 133 18 14 o.
430 129 23 17 A.
462 129 60 18 1888.
537 130 25 16 18
573 129 49 22 Maj.
829 123 54 21 1379

81 215 34 21 Då
136 217 147 19 monumentet
305 215 55 21 först
383 215 55 21 efter
461 216 12 20 5
489 215 24 21 år
528 215 42 21 blir
587 215 86 27 färdigt,
690 215 40 21 har
745 215 106 21 utskottet
865 214 48 21 icke

82 245 71 20 ansett
177 243 183 28 penningefrågan
385 249 51 16 vara
462 243 24 22 af
508 244 71 27 någon
602 243 136 22 brådskande
760 242 153 23 beskaffenhet.

82 272 62 21 Hvad
164 272 36 21 det
215 272 24 21 af
253 272 149 27 delegationen
417 272 129 21 framstälda
561 272 105 27 förslaget
680 272 139 27 vidkommer,
836 272 24 21 så
873 271 41 22 har

80 301 107 21 utskottet
211 303 76 24 ansett,
309 303 33 19 att
365 301 100 27 gällande
480 301 131 28 reglemente
627 301 33 21 för
675 301 104 21 Finlands
793 301 58 21 bank
865 300 48 22 icke

80 330 89 27 medger
184 336 26 15 en
225 329 67 22 sådan
307 329 83 28 åtgärd,
406 336 47 15 som
469 330 148 27 delegationen
633 330 119 27 föreslagit.

149 387 33 22 Hr
205 387 23 21 P.
251 387 25 21 E.
300 386 24 21 af
337 387 148 21 Forselles:
508 387 44 22 För
567 387 45 21 min
628 387 34 22 del
677 387 38 21 ber
728 387 37 27 jag
779 386 56 22 blott
849 386 64 22 vörd-

81 418 56 19 samt
160 418 33 19 att
215 415 22 22 få
260 415 87 22 förorda
365 416 121 27 antagande
501 416 24 21 af
538 417 119 20 utskottets
671 415 143 26 betänkande,
830 415 83 21 hvilket

80 445 67 21 redan
170 445 8 20 i
200 446 33 19 tre
256 444 62 21 stånd
333 446 36 25 egt
384 451 54 14 rum.
469 445 42 27 Jag
525 445 43 21 kan
584 445 46 21 deri
645 445 48 21 icke
708 451 23 15 se
745 444 66 27 något
826 443 88 27 beklag-

80 473 41 28 ligt
143 473 40 22 och
199 473 82 27 hoppas
296 475 33 19 att
350 474 254 21 nästsammanträdande
627 473 87 22 ständer
736 473 47 21 icke
799 473 60 21 skola
874 478 39 15 un-

82 502 85 21 derlåta
183 504 32 19 att
230 502 74 21 vidare
319 502 7 21 i
342 502 88 21 ärendet
445 503 92 20 besluta.

153 559 58 21 Frih.
235 559 182 21 Cedercreutz:
441 554 20 27 Å
484 566 40 15 ena
547 560 61 21 sidan
630 560 43 21 kan
694 559 38 28 jag
750 559 47 21 icke
812 559 53 25 inse,
881 559 33 20 att

81 588 180 21 Bankutskottets
284 588 81 27 förslag
387 588 69 21 skulle
479 588 109 27 upphäfva
609 589 54 21 1885
679 588 36 21 års
731 587 96 22 ständers
842 587 72 21 beslut

82 619 33 19 att
138 617 134 21 fortfarande
292 617 70 21 medel
385 616 33 22 för
441 617 207 28 Alexandersstatyn
664 617 69 21 skulle
747 617 73 20 kunna
834 616 80 21 insam-

81 646 39 21 las.
146 640 19 27 Å
181 646 68 21 andra
264 646 61 21 sidan
340 646 43 21 kan
396 646 37 27 jag
449 646 48 21 icke
512 646 69 21 heller
597 653 22 14 se
634 646 71 27 någon
721 645 85 22 skilnad
821 644 92 22 emellan

82 675 26 20 de
123 675 76 26 medel,
217 681 45 15 som
278 674 23 21 af
316 674 114 21 ständerna
446 675 90 27 beviljas
551 675 8 21 i
574 675 56 21 form
646 674 24 21 af
683 676 78 19 räntan
775 674 28 27 på
818 675 32 20 ett
865 675 48 19 rän-

81 703 72 22 tefritt
176 703 35 21 lån
234 703 47 22 från
304 703 102 21 Finlands
428 703 66 27 bank,
510 704 52 21 eller
583 704 7 21 i
607 704 55 21 form
677 703 24 21 af
716 703 70 21 direkt
801 702 75 27 anslag
891 700 24 22 af

81 732 150 21 bankvinsten.

153 789 32 21 Hr
207 789 206 28 Pippingsköld:
437 789 43 21 Det
503 789 100 28 gällande
621 789 141 27 reglementet
781 788 33 21 för
829 787 85 22 banken

82 818 61 21 torde
159 818 47 21 icke
221 824 62 15 anses
299 819 72 20 kunna
385 818 78 21 hindra
478 818 132 27 antagandet
618 817 24 22 af
655 818 160 27 delegationens
825 816 88 27 förslag,

82 847 77 21 sådant
179 847 36 21 det
230 847 163 27 ursprungligen
408 853 39 14 var
462 847 52 21 eller
530 853 28 14 nu
574 846 71 22 blifvit
660 846 142 26 modifieradt,
818 847 23 25 ty
857 847 58 19 stän-

83 875 76 21 dernas
182 876 71 20 beslut
271 875 128 21 härutinnan
415 875 71 21 skulle
500 876 88 20 komma
603 877 32 19 att
650 875 125 21 hemställas
790 874 125 26 Majestätet

83 904 40 21 och
145 904 109 21 sannolikt
268 904 29 27 på
311 904 76 27 högsta
403 905 34 20 ort
452 904 48 21 icke
514 904 68 21 blifva
597 904 142 26 underkändt,
755 904 7 20 i
777 902 84 22 hvilket
876 902 39 21 fall

82 932 143 28 reglementet
247 932 56 28 finge
323 933 56 21 vika.
409 932 65 22 Hvad
489 933 47 21 åter
551 939 26 15 en
592 939 28 21 ny
636 933 115 26 insamling
766 931 108 26 beträffar,
891 930 24 22 så

82 962 70 21 måste
174 962 34 21 till
231 962 44 24 den;
289 962 50 21 med
355 964 44 19 stor
414 962 138 21 sannolikhet
567 962 81 27 vädjas,
664 961 47 22 ifall
726 961 47 22 icke
788 960 71 27 någon
873 960 42 21 lik-

83 991 63 20 artad
169 991 82 27 åtgärd,
275 997 46 15 som
344 991 40 20 den
404 990 38 28 jag
458 990 48 22 haft
524 993 52 18 äran
592 990 85 27 föreslå,
693 990 104 27 vidtages,
814 989 40 22 och
869 990 46 20 tror

82 1019 40 28 jag
137 1019 140 27 fortfarande,
294 1021 32 20 att
341 1019 36 21 det
392 1019 48 22 icke
454 1025 52 16 vore
521 1019 35 22 väl
571 1019 104 27 lämpligt,
687 1021 33 19 att
729 1019 88 26 vidtaga
827 1024 28 21 ny
866 1017 49 21 sub-

83 1048 112 27 skription,
212 1055 48 14 men
283 1048 7 21 i
313 1048 44 21 alla
379 1047 38 22 fall
440 1048 56 22 dock
518 1048 86 27 mycket
618 1048 72 21 bättre
706 1049 27 20 än
749 1049 32 20 att
795 1046 71 21 medel
881 1045 34 22 för

84 1078 85 25 statyns
191 1077 134 27 uppresande
348 1077 68 21 skulle
440 1077 72 21 direkt
534 1079 62 25 tagas
618 1077 48 21 från
685 1077 66 27 något
767 1075 57 28 slags
839 1074 76 22 bevill-

82 1105 140 28 ningsmedel.

152 1163 71 21 Sedan
246 1163 148 21 diskussionen
416 1162 55 21 härå
493 1162 115 21 förklarats
624 1161 101 28 afslutad,
742 1161 126 22 framstälde
882 1160 33 22 Hr

83 1191 208 22 Landtmarskalken
307 1191 34 22 till
356 1191 134 22 besvarande
505 1191 93 27 följande
613 1197 61 21 prop.
682 1198 13 21 :;

153 1248 53 27 Den,
223 1255 46 16 som
284 1249 124 28 godkänner
423 1249 119 21 utskottets
557 1249 143 26 betänkande,
716 1249 71 20 röstar
799 1247 33 28 ja;

156 1306 75 21 vinner
246 1306 41 27 nej,
303 1306 40 20 har
358 1306 26 21 R.
399 1312 19 14 o.
435 1305 27 21 A.
478 1305 101 22 omfattat
596 1305 32 22 Hr
643 1305 166 28 Pippingskölds
825 1304 90 26 förslag;

153 1362 39 22 och
207 1362 98 28 afgäfvos
320 1362 37 22 vid
372 1362 75 22 härom
463 1362 110 22 verkstäld
588 1362 99 28 votering
702 1363 27 21 25
743 1363 23 27 ja
781 1361 40 23 och
838 1362 25 20 18
874 1360 41 27 nej,

82 1392 86 21 hvadan
184 1392 85 21 ständet
285 1391 83 21 säledes
384 1391 84 27 antagit
483 1392 117 21 utskottets
616 1392 43 21 bet.
