1075 1736
216 112 56 21 1006
473 119 25 17 R.
511 123 18 14 0.
540 120 24 17 A.
574 120 59 17 1888.
658 120 12 17 5
682 119 50 22 Maj.

493 273 214 29 Stämpelbevillningen.

256 329 121 28 Föredrogs
397 329 247 28 Bevillningsutskottets
666 329 43 22 bet.
733 329 40 22 N:o
796 330 13 21 5
831 329 6 22 i
861 329 112 28 anledning
995 329 22 22 af

187 358 49 22 nåd.
253 364 60 21 prop.
328 357 41 23 N:o
385 359 25 21 21
428 359 109 27 angående
552 358 185 28 stämpelvillning.

254 415 73 22 Under
350 415 41 22 den
414 415 107 23 allmänna
539 415 165 28 öfverläggning,
721 421 46 16 som
782 415 7 21 i
804 415 74 27 frågan
894 415 52 27 egde
961 421 54 21 rum,

186 444 86 28 yttrade

256 489 58 22 Frih.
338 489 26 22 K.
388 489 212 27 Langenskiöld:
631 490 34 21 Då
683 490 24 21 R.
725 496 18 15 o.
761 490 24 21 A.
802 489 137 22 remitterade
954 495 60 22 prop.

186 518 41 21 N:o
250 519 26 20 21
301 524 34 15 om
355 518 178 28 stämpelvillning
548 518 33 22 till
596 518 243 27 Bevillningsutskottet,
854 518 56 21 tillät
921 518 37 27 jag
973 519 42 26 mig

186 548 32 20 att
239 545 118 23 framställa
380 547 104 22 särskilda
506 547 164 27 anmärkningar
692 549 58 20 emot
773 547 49 22 dei
837 553 58 21 prop.
912 547 103 27 ingående

186 575 229 27 lagbestämningarne,
447 575 171 27 anmärkningar,
651 575 88 22 afsedda
770 577 33 19 att
834 575 84 27 påpeka
949 576 66 26 några

186 603 139 29 stadganden,
340 610 46 15 som
401 610 88 16 numera
503 605 68 21 måste
587 610 61 16 anses
662 604 130 27 fullkomligt
808 604 132 27 otidsenliga.
967 603 48 23 Sär-

188 632 66 22 skildt
268 632 62 27 gälde
346 632 59 22 detta
419 632 133 22 beträffande
567 632 41 22 den
624 632 33 22 del
672 632 24 22 af
708 632 244 27 författningsförslaget,
968 638 46 16 som

186 661 56 21 afser
256 660 90 28 stämpel
363 662 27 26 på
404 660 129 23 fullmakter.
562 661 125 22 Emellertid
702 660 69 22 finner
783 661 38 27 jag
835 667 28 15 nu
879 660 46 22 utaf
937 660 76 23 Bevill-

185 688 178 28 ningsutskottets
386 689 140 27 betänkande,
549 691 33 20 att
603 690 106 22 utskottet
730 689 48 22 icke
800 691 71 20 ansett
891 690 36 21 det
942 689 73 27 nödigt

185 719 33 20 att
240 717 131 23 underkasta
391 718 236 28 författningsförslaget
645 719 70 27 någon
731 718 107 28 synnerlig
853 718 162 27 omredigering.

184 746 42 22 Vid
241 746 177 22 remissdebatten
433 746 111 28 påpekade
555 747 37 27 jag
608 747 112 27 nämligen,
736 748 33 20 att
783 746 34 22 för
831 746 121 22 fullmakter
962 752 52 22 upp-

185 774 63 22 bäras
271 776 59 21 utom
350 775 277 27 stämpelpappersafgiften,
643 776 105 21 särskilda
763 776 67 21 andra
845 775 84 27 afgifter
943 775 71 22 såsom

185 803 315 28 kartasigillatarekognitions-,
516 804 72 27 fattig-
599 804 39 22 och
649 804 123 22 arbetshus-
782 806 55 19 samt
848 803 167 27 krigsmanshus-

185 832 61 26 afgift
268 832 40 22 och
331 834 33 20 att
386 832 35 22 det
441 838 50 16 vore
507 832 92 28 önskligt
614 834 32 20 att
661 832 270 28 stämpelpappersafgiften
946 832 68 22 skulle

184 860 75 21 ställas
274 860 8 21 i
296 861 71 26 någon
381 861 56 26 slags
453 861 138 22 konformitet
605 862 49 21 med
670 861 62 22 dessa
747 860 84 27 afgifter
846 861 39 20 och
905 860 109 27 påpekade

183 888 37 27 jag
235 888 69 22 tillika
319 890 32 20 att
367 895 25 16 en
408 889 21 22 af
443 889 123 28 regeringen
582 890 85 21 nedsatt
689 889 80 22 komité
792 889 108 22 utarbetat
922 889 91 26 stadgar,

185 917 101 22 afseende
301 923 26 16 en
342 917 118 28 förenkling
475 918 23 21 af
510 918 186 27 bestämningarna
711 918 92 21 rörande
814 917 130 22 sistnämnda
955 917 59 27 afgif-

184 947 40 20 ter.
256 946 65 21 Detta
342 946 162 27 komitétörslag
523 947 39 21 har
584 949 57 19 ännu
663 946 46 22 icke
725 946 74 21 vunnit
813 946 135 27 regeringens
963 945 50 28 god-

184 973 120 28 kännande,
328 974 39 22 och
389 975 28 27 på
440 975 69 22 denna
530 975 68 27 grund
620 975 68 22 finner
709 974 236 27 Bevillningsutskottet
967 974 46 21 skäl

186 1004 31 20 att
240 1002 47 22 icke
302 1003 85 27 vidtaga
402 1004 69 26 någon
487 1003 95 28 vidlyftig
598 1003 154 28 omredigering
768 1003 48 22 utaf
830 1003 184 26 bestämningarna

184 1031 93 21 rörande
300 1031 238 28 stämpelbevillningen.
568 1032 44 22 För
634 1032 42 21 min
692 1032 34 21 del
741 1032 42 21 kan
796 1032 37 27 jag
848 1031 47 22 icke
909 1031 58 22 finna
982 1032 32 20 att

185 1059 236 28 Bevillningsutskottet
444 1061 46 21 häri
513 1061 46 21 haft
578 1061 69 27 någon
662 1060 97 27 grundad
775 1060 62 21 orsak
852 1061 32 20 att
899 1059 44 22 låta
957 1059 57 22 stad-

185 1087 99 27 gandena
305 1089 92 21 rörande
419 1089 232 27 stämpelbevillningen
673 1088 131 22 fortfarande
827 1094 50 15 vara
899 1089 24 21 sä
948 1088 65 21 otids-

185 1115 77 28 enliga,
278 1123 46 15 som
339 1117 26 21 de
379 1123 30 15 nu
423 1119 44 20 äro.
483 1119 22 26 ty
521 1124 34 15 om
571 1124 48 15 man
634 1117 65 22 ocksä
714 1117 47 22 icke
776 1117 69 22 skulle
859 1116 63 22 hafva
932 1116 81 22 kunnat

184 1145 53 21 ernä
252 1144 123 28 fullständig
389 1145 138 23 konformitet
534 1146 49 21 med
593 1146 146 26 stadgandena
749 1145 91 21 rörande
850 1145 163 27 kartasigillata-

184 1172 152 28 rekognitions,
360 1173 72 28 fattig-
448 1174 39 22 och
502 1174 120 22 arbetshus-
638 1176 56 20 samt
708 1172 267 28 krigsmanhusafgifterna,
991 1174 24 20 sä

184 1200 56 22 hade
264 1202 36 21 det
314 1202 129 22 ätminstone
459 1202 55 22 varit
529 1202 28 22 all
572 1202 116 27 anledning
702 1204 33 19 att
750 1202 86 21 försöka
850 1203 53 25 göra
917 1202 98 26 stadgan-

185 1229 55 22 dena
264 1230 108 27 angående
395 1231 204 28 stämpelvillningen
618 1231 25 22 sä
665 1230 114 27 tidsenliga
795 1236 46 15 som
857 1229 86 28 möjligt.
974 1229 41 28 Jag

185 1257 49 22 ville
250 1258 75 22 endast
340 1259 69 22 uttala
425 1259 58 22 detta
498 1259 7 21 i
521 1259 40 22 den
576 1259 108 22 allmänna
699 1258 154 26 diskussionen,
869 1258 88 21 emedan
977 1258 38 27 jag

185 1285 47 22 icke
248 1286 42 22 kan
305 1286 58 23 finna
378 1289 32 20 att
425 1287 235 28 Bevillningsutskottet
674 1287 41 22 här
729 1287 84 22 förfarit
827 1287 80 26 riktigt.

255 1343 33 22 Hr
309 1344 26 21 K.
360 1344 24 22 G.
409 1343 231 28 Standertskjöld:
671 1338 19 27 Ä
706 1343 39 22 sid.
761 1345 13 20 9
790 1343 6 21 i
811 1343 116 22 utskottets
942 1342 73 22 betän-

184 1371 71 22 kande
278 1372 39 21 har
338 1373 107 21 utskottet
466 1373 108 27 föreslagit
596 1373 57 21 vissa
668 1373 108 21 lättnader
791 1372 6 21 i
813 1371 117 27 utgörande
945 1371 23 21 af
980 1371 36 22 be-

184 1399 157 28 villningsskatt
359 1401 34 22 för
407 1401 118 28 ansökning
538 1408 34 15 om
588 1403 60 20 extra
663 1402 42 26 tåg,
721 1400 200 27 fraktnedsättning,
937 1405 27 16 m.
987 1405 28 16 m.

184 1428 14 21 å
212 1429 52 21 våra
276 1428 121 29 jernvägar.
429 1430 74 21 Ehuru
519 1430 68 21 denna
602 1429 83 22 lättnad
699 1429 47 21 icke
762 1429 39 21 har
816 1429 69 26 någon
900 1427 116 28 synnerligt

184 1458 46 20 stor
253 1457 95 25 bärvidd,
373 1458 27 21 då
423 1458 23 27 ju
468 1458 55 22 slika
544 1458 142 26 ansökningar
706 1457 117 27 muntligen
845 1456 20 22 få
889 1456 126 22 framställas

184 1484 39 22 hos
239 1487 108 20 närmaste
368 1486 242 24 stationsföreståndare,
625 1486 39 22 och
679 1486 73 21 hvilka
766 1485 42 21 han
823 1486 14 20 å
851 1485 102 27 tjenstens
968 1486 48 25 väg-

184 1518 40 16 nar
247 1514 33 21 får
302 1514 107 26 framföra,
431 1516 25 21 så
477 1517 25 19 är
521 1515 36 21 det
572 1515 6 21 i
594 1514 41 22 alla
650 1514 37 22 fall
702 1520 27 16 en
744 1514 90 26 lättnad,
851 1520 45 15 som
912 1513 46 21 icke
973 1512 42 22 kan
