1117 1817
219 141 55 21 1070
452 146 162 17 Presteständet
626 146 55 16 1872.
706 146 23 16 13
741 146 47 19 maj.

257 224 111 21 Professor
383 231 19 14 v.
445 231 82 14 Essen:
558 225 41 25 Jag
615 225 48 20 ville
680 225 55 20 blott
751 225 113 20 hemställa
880 225 31 20 till
925 224 92 25 ståndet,

188 253 106 22 huruvida
310 253 36 21 det
360 253 47 21 icke
422 259 49 16 vore
488 253 46 21 skäl
550 256 32 18 att
598 253 86 21 ståndet
699 253 68 21 skulle
781 253 83 21 besluta
875 253 31 26 sig
918 253 32 20 till
961 255 56 18 ännu

188 284 32 19 ett
242 282 75 26 tillägg
340 282 6 20 i
367 281 161 27 ifrågavarande
552 281 131 28 författning,
699 282 120 26 nämnligen
836 282 40 21 den
892 282 89 25 ändring
996 281 23 21 af

188 311 28 21 20
233 311 12 26 8
261 310 22 21 af
299 311 54 20 1868
369 311 34 20 års
418 310 130 27 förordning,
565 317 44 14 som
626 311 39 20 har
680 310 70 22 blifvit
765 310 118 27 ifrågasatt.

258 379 111 21 Professor
385 379 175 21 Ehrström:
588 379 50 20 Mitt
654 379 79 26 förslag
749 385 38 14 var
801 381 33 18 att
849 378 84 21 ståndet
948 378 69 21 skulle

189 410 78 23 antaga
290 407 66 26 fjerde
373 409 114 20 momentet
503 407 108 22 äfvensom
627 408 155 25 slutmeningen
798 408 6 19 i
821 407 40 20 den
877 407 76 26 nådiga
969 413 49 20 pro-

189 436 128 27 positionen,
341 436 89 21 sålunda
453 436 70 26 likväl,
540 439 32 18 att
588 437 25 20 de
630 437 67 20 skulle
714 437 78 20 ändras
808 436 31 21 till
855 436 162 21 öfverensstäm-

189 465 65 20 melse
277 465 48 20 med
349 465 54 20 hvad
419 465 23 21 af
456 465 85 20 ståndet
557 465 99 20 beslutits
672 471 33 14 om
722 466 13 19 4
751 464 40 21 och
807 465 24 20 31
849 464 28 27 &$
893 465 6 20 i
915 464 100 27 sjölagen.

189 493 41 26 Jag
252 493 49 21 ville
324 494 100 20 särskildt
439 493 56 21 fästa
510 494 217 26 uppmärksamheten
743 493 73 21 dervid
833 495 32 18 att
880 493 54 20 hvad
950 492 66 27 fjerde

189 524 117 19 momentet
321 522 116 21 innehåller
452 522 84 21 utöfver
552 522 12 27 $
580 523 12 20 4
608 523 6 20 i
630 522 94 27 sjölagen
741 522 61 21 äfven
819 522 66 21 borde
900 521 55 27 ingå.

259 590 90 21 Prosten
373 591 99 26 Hjelt:
504 590 32 21 Då
559 590 67 21 måste
648 591 63 20 också
727 591 37 20 det
779 590 74 26 tillägg
869 592 62 24 göras
947 589 70 22 dertill

189 621 33 19 att
238 619 95 26 sjölagen
349 621 23 18 är
387 621 97 24 antagen.

258 682 84 20 Doktor
364 682 172 26 Hornborg:
567 682 94 20 Oaktadt
684 682 66 26 begge
773 681 101 25 frågorna
897 682 36 20 äro
952 680 66 22 skildt

189 710 140 24 behandlade,
353 710 70 21 kunde
446 711 35 20 det
503 710 81 21 kanske
600 710 82 21 ändock
697 716 52 15 vara
765 710 45 21 skäl
826 712 32 18 att
873 710 92 24 anhälla,
981 710 36 20 det

190 739 115 24 desamma,
321 739 69 21 säsom
407 739 93 21 hörande
513 739 137 25 tillsamman,
662 738 65 22 mätte
739 738 21 21 fä
771 738 48 27 ingä
830 738 7 20 i
850 744 25 15 en
887 738 38 20 och
937 744 80 14 samma

190 767 131 27 författning.
353 768 40 26 Jag
414 767 37 21 har
475 768 69 20 blifvit
567 768 139 20 underrättad
729 769 33 19 att
785 768 6 20 i
814 767 148 26 ridderskapet
977 767 39 21 och

190 796 62 20 adeln
269 796 65 20 saken
350 796 69 21 blifvit
434 796 88 21 sälunda
539 796 103 21 besluten.

259 864 89 21 Prosten
372 864 100 27 Hjelt:
502 865 49 21 Ifall
574 864 64 22 ocksä
662 871 16 14 v.
703 867 74 25 pastor
793 864 118 26 Dahlbergs
928 864 88 26 petition

190 895 94 24 antages,
309 893 23 21 sä
355 894 94 20 kommer
472 894 27 26 pä
519 900 25 14 en
562 894 38 20 och
616 900 81 14 samma
713 894 103 25 landtdag
831 893 46 21 icke
894 892 80 21 mindre
989 894 27 18 än

189 922 47 27 fyra
258 922 148 26 förordningar
428 922 6 20 i
454 928 25 15 en
496 922 38 21 och
551 928 81 15 samma
647 922 126 26 författning
789 924 31 18 att
836 924 40 24 äga
892 928 53 14 rum.
976 921 40 20 Det

190 957 49 15 vore
262 951 27 20 dä
311 951 84 26 mycket
411 952 67 20 större
494 951 45 21 skäl
556 952 32 20 att
603 951 38 21 hos
658 951 58 21 Hans
731 951 120 26 Kejserliga
867 950 100 26 Majestät
982 950 36 20 be-

189 982 52 23 gära
263 985 25 15 en
312 986 26 20 ny
354 979 124 27 törfattning
496 986 44 14 som
558 982 104 24 upptager
677 980 5 20 i
699 980 32 26 sig
746 980 60 20 äfven
821 980 42 20 alla
879 979 25 20 de
920 985 28 13 nu
963 978 53 20 före-

190 1009 73 25 slagna
279 1008 181 26 förändringarne,
477 1008 38 21 och
533 1008 69 21 denna
617 1008 85 27 sälänge
718 1008 57 26 gälla
792 1008 68 20 säsom
875 1014 24 14 en
913 1007 105 21 interims-

190 1037 132 25 författning.

259 1105 110 21 Professor
392 1106 170 20 Ehrström:
593 1105 41 27 Jag
656 1112 62 14 anser
734 1106 40 20 den
791 1105 22 21 af
829 1105 106 26 professor
950 1104 66 20 Essen

190 1134 77 21 väckta
290 1134 74 26 frågan
388 1140 48 15 vara
459 1134 82 26 ganska
562 1134 100 26 likgiltig;
684 1136 31 19 att
731 1141 49 13 man
797 1134 41 20 kan
855 1134 54 19 hitta
924 1132 51 21 reda
990 1132 28 25 på

191 1163 54 20 hvad
262 1169 45 14 som
323 1163 5 20 i
345 1165 31 18 ett
392 1163 38 20 och
446 1168 81 15 samma
543 1164 61 19 ämne
618 1164 24 19 är
653 1163 107 26 stadgadt,
772 1162 61 21 äfven
847 1168 34 14 om
893 1162 60 20 detta
963 1161 53 20 före-

189 1191 84 21 komme
296 1192 6 20 i
325 1191 36 21 två
383 1191 50 21 eller
451 1191 49 21 flere
517 1191 157 26 författningar,
690 1192 69 20 finner
771 1191 37 26 jag
824 1191 45 20 icke
885 1196 51 14 vara
952 1188 66 27 omöj-

189 1221 44 25 ligt.
265 1220 41 26 Jag
328 1220 35 20 vill
388 1220 53 20 blott
463 1220 70 20 erinra
549 1220 79 23 derom,
645 1222 31 18 att
693 1220 18 20 vi
727 1220 34 20 vid
779 1220 68 20 denna
864 1219 101 25 landtdag
981 1218 36 20 be-

189 1249 60 20 slutit
265 1255 25 14 en
307 1248 130 26 författning,
454 1255 44 14 som
515 1249 66 26 angår
598 1249 90 26 ändring
703 1249 22 20 af
741 1250 8 19 1
769 1248 12 27 $
798 1249 25 20 15
839 1248 48 26 kap.
903 1247 24 21 R.
943 1247 23 20 B.
978 1246 40 21 och

189 1277 69 21 tillika
274 1283 25 15 en
316 1283 68 14 annan
401 1277 131 26 författning,
548 1283 46 14 som
610 1277 66 26 angår
692 1277 12 20 2
721 1277 39 21 och
777 1279 12 18 3
806 1276 25 27 $$
847 1277 6 20 i
869 1282 80 15 samma
961 1275 56 26 kap.

189 1308 51 18 utan
264 1308 33 18 att
319 1306 36 20 det
377 1305 69 22 blifvit
468 1308 44 18 satt
526 1305 8 21 i
547 1305 66 26 fråga,
631 1308 31 18 att
678 1306 25 20 de
719 1305 70 21 skulle
805 1305 96 21 utfärdas
916 1305 6 20 i
938 1310 80 15 samma

189 1334 130 27 förordning.

259 1397 83 21 Doktor
358 1397 172 26 Hornborg:
554 1397 41 27 Jag
611 1397 48 21 ville
675 1399 43 19 mot
734 1400 86 23 prosten
837 1396 58 26 Hjelt
908 1396 110 25 anmärka,

189 1428 32 19 att
243 1426 37 21 det
303 1427 32 19 väl
358 1426 46 21 icke
421 1425 101 22 behöfver
538 1426 66 21 blifva
619 1425 61 27 fråga
696 1433 33 14 om
746 1432 25 14 en
788 1425 228 25 interimsförfattning,

189 1456 52 19 utan
264 1455 42 20 kan
329 1455 34 20 väl
381 1454 153 26 författningen
551 1455 5 20 i
573 1455 42 20 alla
630 1455 37 20 fall
685 1455 64 20 blifva
765 1454 101 21 definitiv.
897 1453 42 20 För
955 1453 63 26 öfrigt

189 1483 66 20 finner
277 1483 36 26 jag
336 1483 41 25 det,
402 1483 42 21 lika
468 1489 44 15 som
536 1483 108 26 professor
667 1484 118 24 Ehrström,
802 1489 51 14 vara
869 1482 100 26 likgiltigt
983 1488 35 14 om

189 1511 62 21 dessa
273 1511 72 26 frågor
367 1511 49 26 ingå
438 1512 7 20 i
465 1519 25 14 en
507 1512 52 21 eller
574 1512 51 21 flera
641 1511 156 26 författningar.
829 1511 74 20 Bättre
919 1517 49 14 vore
983 1510 35 21 väl

189 1540 60 25 dock,
267 1546 32 15 om
317 1540 25 21 de
358 1541 68 20 skulle
442 1541 71 20 kunna
529 1540 162 21 sammanfattas
706 1541 7 20 i
729 1546 26 15 en
772 1540 59 21 enda.
