1117 1817
347 131 162 18 Presteståndet
522 132 55 17 1872.
602 132 12 17 2
626 132 48 21 maj.
855 127 42 21 909

170 212 67 21 Ordet
252 212 103 26 begärdes
369 211 55 21 först
438 211 24 20 af

169 275 90 20 Prosten
282 274 168 25 Borenius,
473 280 46 15 som
542 273 94 22 önskade
652 275 33 20 att
700 273 145 22 betänkandet
860 273 69 22 blefve

100 303 123 28 ytterligare
239 303 114 26 bordlagdt
368 302 104 21 intilldess
488 302 172 21 statsutskottets
675 302 136 21 betänkande
821 308 33 15 om
866 304 64 19 stats-

100 332 85 22 verkets
200 331 114 27 tillgångar
329 331 39 21 och
384 331 65 21 behof
463 331 31 20 till
511 331 85 21 ståndet
610 331 119 21 inkommit.

169 394 52 22 Vice
236 395 87 26 pastorn
339 393 99 22 Lilius
454 393 145 22 understödde
614 395 86 25 prosten
717 393 104 22 Borenius
837 393 40 22 och
887 393 43 21 till-

101 422 110 28 kännagaf
231 422 102 27 derjemte
355 424 33 19 att
406 422 161 21 statsutskottet
582 422 46 21 haft
644 421 33 22 för
692 422 64 27 afsigt
771 424 32 19 att
819 422 38 21 hos
872 423 58 20 stän-

101 452 66 21 derna
189 453 54 25 göra
265 450 125 22 hemställan
406 457 34 14 om
456 451 94 26 uppskof
564 451 47 20 med
628 451 100 20 ärendets
744 451 128 26 behandling
887 450 44 21 till-

101 481 48 21 dess
165 479 172 22 statsutskottets
352 479 128 26 ofvansagde
498 479 135 21 betänkande
648 479 99 27 afgifvits.

169 542 91 21 Prosten
276 541 85 27 Hjelt
376 542 65 26 ansåg
457 542 36 21 det
508 548 52 15 vara
575 541 122 27 lämpligast
706 543 33 20 att
749 542 111 21 remittera
871 543 60 20 ären-

101 571 37 21 det
159 571 33 20 till
208 571 161 20 statsutskottet
384 571 48 20 med
448 571 130 26 uppmaning
593 572 32 19 att
641 571 160 20 statsutskottet
817 570 66 22 måtte
899 570 32 21 af-

100 599 57 27 gifva
178 599 117 24 utlåtande,
312 599 105 21 huruvida
440 599 40 21 den
503 599 7 20 i
526 599 40 21 den
582 599 78 26 nådiga
676 599 159 26 propositionen
850 599 80 21 äskade

100 627 122 28 förhöjning
237 627 23 22 af
274 627 271 28 stämpelpappersafgiften
561 634 49 15 vore
626 627 23 21 af
663 627 100 22 behofvet
777 627 106 27 påkallad.

169 690 80 22 Lektor
285 690 134 21 Johnsson
434 689 102 22 förenade
552 690 32 26 sig
599 690 47 21 med
663 692 87 24 prosten
766 690 64 26 Hjelt.

169 752 32 22 På
223 752 48 21 herr
293 753 194 21 talmannens
504 752 72 21 derom
592 752 75 27 gjorda
683 752 162 27 framställning,
861 752 70 22 beslöt

100 781 87 21 ståndet
211 781 129 21 öfverlemna
362 781 162 27 ifrågavarande
546 781 136 21 betänkande
705 782 32 20 till
763 781 168 25 statsutskottet,

101 810 48 21 med
172 810 129 26 uppmaning
324 812 31 18 att
371 810 108 20 inkomma
494 810 48 21 med
558 810 118 26 utlåtande,
692 810 105 20 huruvida
811 810 41 20 den
867 810 7 20 i
890 810 41 21 den

101 838 78 27 nådiga
201 839 159 26 propositionen
384 838 79 21 äskade
486 838 122 27 förhöjning
623 838 23 21 af
659 838 272 27 stämpelpappersafgiften

100 873 39 15 var
162 866 90 27 behöflig
274 867 32 21 till
329 866 93 28 fyllande
444 867 22 21 af
487 867 141 21 statsverkets
649 867 86 27 möjliga
751 866 76 26 behof;
843 866 88 22 hvarom

101 896 156 20 underrättelse
273 896 68 20 skulle
357 896 6 20 i
378 895 197 27 protokollsutärag
593 895 109 22 meddelas
717 895 59 21 såväl
791 895 140 21 medständen

101 930 45 15 som
162 926 63 19 stats-
242 924 39 21 och
296 924 244 26 bevillningsutskotten.

171 1078 121 27 Föredrogs
308 1080 154 19 sammansatta
478 1080 63 19 stats-
552 1078 40 22 och
603 1078 217 22 ekonomiutskottets
831 1078 34 21 vid
876 1078 55 21 före-

102 1107 81 27 gäende
206 1106 85 27 plenum
314 1107 118 27 bordlagda
455 1107 136 21 betänkande
608 1107 7 21 i
630 1107 115 27 anledning
760 1107 23 21 af
796 1106 27 22 H.
839 1107 26 21 K.
881 1107 50 21 M:ts

102 1135 78 27 nädiga
202 1135 138 27 proposition,
363 1135 109 27 angäende
488 1135 74 27 anslag
576 1135 34 21 för
624 1135 123 22 inrättande
761 1135 24 21 af
799 1141 26 16 en
840 1141 27 21 ny
882 1135 50 21 kur-

102 1165 81 20 anstalt
198 1164 33 21 för
247 1163 131 28 sinnessjuke
394 1165 6 20 i
416 1164 77 21 landet.

172 1226 149 21 Betänkandet
343 1226 45 21 blef
401 1226 23 21 af
437 1226 86 21 ståndet
538 1226 104 27 enhälligt
656 1226 110 27 godkändt
782 1227 52 20 utan
849 1225 82 22 diskus-

103 1255 56 26 sion;
176 1255 80 21 hvilket
271 1255 6 21 i
293 1255 197 26 protokollsutdrag
506 1255 66 21 borde
588 1255 140 21 medständen
743 1255 40 21 och
794 1255 138 21 förenämnde

102 1283 85 22 utskott
201 1283 113 22 meddelas.

172 1438 120 27 Föredrogs
312 1440 153 20 sammansatta
480 1440 65 19 stats-
561 1439 39 20 och
616 1438 217 21 ekonomiutskottets
848 1437 36 22 vid
899 1443 35 16 se-

103 1468 61 19 naste
187 1467 83 26 plenum
291 1467 119 26 bordlagda
425 1467 136 21 betänkande
575 1467 7 21 i
598 1467 113 27 anledning
726 1467 23 21 af
762 1467 77 26 nådiga
854 1471 80 21 propo-

104 1495 90 22 sitionen
217 1495 108 27 angående
344 1495 64 22 väckt
430 1495 61 28 fråga
512 1502 35 15 om
562 1495 126 28 försäljning
702 1495 23 21 af
739 1495 194 27 statsjernvägarne

94 1524 17 22 i
126 1523 78 22 landet.

841 1557 24 18 58
