1117 1817
339 128 163 18 Presteståndet
515 129 56 16 1872.
596 128 12 16 6
620 128 48 21 maj.
852 123 41 21 959

162 208 58 21 Derå
235 208 187 26 Borgareståndet,
437 214 46 15 som
500 207 66 27 ansåg
582 208 36 20 det
626 208 85 26 jemlikt
720 208 201 25 landtgagsordnin-

94 243 41 20 gen
157 237 113 21 ankomma
293 237 12 20 å
327 237 162 20 statsutskottet
512 237 33 20 att
560 238 50 25 taga
624 236 93 21 initiativ
733 236 31 21 till
781 237 41 20 den
838 236 83 27 åtgärd,

95 271 45 16 som
154 265 35 22 vid
205 265 156 22 ofvanberörda
377 264 133 22 förhållande
527 265 66 20 borde
609 264 103 27 vidtagas,
729 265 70 20 beslöt
814 266 32 19 att
856 265 65 21 innan

94 294 73 21 vidare
192 294 117 26 tillgjordes
336 293 87 22 afvakta
450 293 42 21 den
517 293 157 26 framställning
700 293 7 21 i
732 295 78 21 ämnet,
835 293 86 21 hvilken

94 323 84 21 komme
201 324 33 19 att
256 322 23 21 af
299 322 99 21 bemälda
420 322 84 21 utskott
519 324 71 25 göras.
620 321 45 22 Och
682 321 68 22 skulle
765 322 156 21 underrättelse

95 357 35 16 om
152 351 59 21 detta
226 351 70 21 beslut
311 357 77 20 genom
403 350 198 27 protokollsutdrag
616 351 109 20 meddelas
741 351 25 20 de
783 350 65 27 öfrige
863 350 58 21 stån-

95 380 41 21 den
151 380 39 21 och
205 379 167 22 statsutskottet.

686 435 21 18 In
720 435 63 18 fidem:

616 471 76 20 Sixtus
709 470 133 21 Calamnius.
859 469 6 6 ”

163 665 68 21 Nästa
253 666 86 26 plenum
361 667 93 19 utsattes
476 665 34 21 till
532 665 121 27 måndagen
669 665 40 21 den
726 667 12 19 6
755 665 78 21 dennes
848 665 27 21 kl.
892 666 27 21 10

94 692 12 23 f.
124 700 34 20 m.,
173 694 66 21 hvarå
255 693 85 22 ståndet
355 693 103 22 åtskildes
472 694 29 21 kl.
518 694 12 21 3
547 700 17 15 e.
580 700 26 15 m.

674 761 20 17 In
707 761 63 18 fidem:

582 796 52 21 Carl
649 796 50 20 Joh.
717 796 132 28 Lindegvist.

221 1030 164 34 Mändagen
404 1030 58 28 den
480 1030 18 28 6
516 1030 61 34 maj
598 1030 41 27 kl.
658 1030 35 27 10
711 1030 22 27 f.
751 1038 40 19 m.

161 1118 69 21 Sedan
253 1117 42 21 bön
317 1118 27 26 pä
359 1117 89 22 svenska
463 1116 88 28 spräket
566 1116 110 22 förrättats
692 1117 22 21 af
727 1116 107 27 professor
849 1116 69 27 Cleve,

91 1145 79 22 skedde
191 1151 90 22 upprop,
304 1145 88 22 hvarvid
414 1146 70 21 säsom
508 1145 140 21 fränvarande
670 1145 142 21 antecknades
832 1147 87 25 prosten

92 1174 173 27 Grönberg,
280 1176 86 25 prosten
382 1174 151 21 Borenius
549 1173 39 22 och
604 1173 32 22 d:r
652 1173 173 27 Hornborg,
840 1173 42 22 alla
899 1173 22 22 af

90 1203 57 21 förut
169 1203 97 27 angifven
289 1203 70 26 orsak,
381 1204 55 20 samt
459 1202 137 27 domprosten
618 1202 93 27 Borg,
734 1201 32 22 för
782 1208 27 15 nu
824 1201 95 22 anmäldt

91 1231 184 28 sjukdomsförfall.

160 1374 41 23 Till
213 1374 104 28 justering
331 1374 109 28 upplästes
456 1375 36 21 tvä
508 1373 197 28 protokollsutdrag
715 1373 33 22 för
759 1373 40 22 den
809 1374 13 19 4
833 1373 90 21 dennes..
