1117 1817
324 128 160 19 Presteståndet
497 130 55 16 1872.
576 130 23 16 21
612 130 47 20 maj.
831 124 54 21 1161

92 211 133 26 tjenstemän,
247 209 80 21 kanske
348 209 37 26 jag
397 209 55 21 dock
468 211 56 19 orätt
539 209 123 27 uppfattadt
678 209 72 25 saken,
766 208 99 22 hvarföre
879 209 36 26 jag

91 238 124 22 hemställer
237 237 33 21 till
290 238 25 21 de
331 237 138 22 medlemmar
484 237 23 21 af
520 237 93 26 ståndet,
628 243 46 16 som
690 237 89 27 deltagit
795 238 6 20 i
817 237 98 22 ärendets

92 266 135 26 behandling,
243 266 54 21 huru
313 266 65 21 saken
394 266 40 21 bör
448 265 110 27 uppfattas
574 266 40 21 och
628 265 86 22 förstås.

159 323 80 21 Lektor
275 323 120 21 Johnson:
421 323 41 26 Jag
477 323 38 21 ber
530 325 34 19 att
579 323 21 21 få
612 322 76 22 förena
696 323 42 26 mig
748 323 6 20 i
766 322 40 21 den
817 322 97 21 anmärk-

92 352 55 27 ning,
170 357 45 16 som
237 353 86 25 prosten
344 351 59 27 Hjelt
422 351 63 27 gjort,
507 352 39 21 och
562 351 69 22 tillika
646 351 68 21 skulle
728 351 37 26 jag
780 350 85 22 anhålla
881 357 34 15 om

92 387 26 14 en
132 379 133 28 upplysning.
281 380 42 21 Det
338 380 39 21 har
392 380 76 21 hittills
478 380 118 21 ankommit
606 380 28 27 på
645 380 140 26 magistraten
795 381 32 20 att
836 381 79 25 antaga

92 409 81 21 mindre
196 408 115 27 betjening,
332 415 48 14 men
402 408 54 22 efter
478 409 60 21 detta
559 409 80 26 förslag
662 408 67 21 skulle
745 408 37 21 det
797 408 118 21 tillkomma

92 437 42 22 alla
148 437 185 27 röstberättigade.
350 437 31 22 På
397 437 61 22 hvem
473 437 97 22 kommer
585 437 69 22 denna
669 437 121 26 skyldighet
800 439 31 19 att
846 437 70 21 hvila?

92 465 132 27 fullmäktige
239 466 52 21 eller
306 465 170 22 rådhusstämma
492 467 52 20 eller
558 467 40 20 ock
614 466 153 27 magistraten?

159 523 111 22 Professor
285 523 160 22 Ehrström:
475 523 32 22 De
522 523 128 27 föregående
666 523 95 21 talarene
776 529 61 20 synes
852 522 63 21 hafva

93 551 100 22 förbisett
208 552 42 25 det,
267 554 32 19 att
318 552 2 21 i
336 552 235 27 kommunalförslaget,
586 552 78 21 sådant
678 552 37 21 det
729 551 68 22 finnes
812 552 6 21 i
833 551 82 21 utskot-

92 582 42 20 tets
156 580 135 22 betänkande
306 581 6 20 i
328 580 13 28 $
357 582 27 21 49
407 583 24 19 är
452 582 60 25 sagt:
528 581 54 26 ,Om
601 581 151 26 magistratens
767 581 148 20 sammansätt-

92 609 55 27 ning,
163 609 125 27 åligganden
303 609 40 21 och
358 609 102 27 göromål,
476 610 7 21 i
500 610 47 21 dess
563 609 107 27 egenskap
686 609 22 22 af
721 609 96 26 offentlig
825 608 90 22 embets-

92 637 121 28 myndighet
236 640 55 19 samt
313 638 91 21 domstol
426 639 7 20 i
449 638 157 26 hushållnings-
626 638 39 21 och
678 637 151 27 ordningsmål,
844 637 70 21 äfven-

92 672 45 15 som
159 666 109 26 angående
290 667 132 21 tillsättande
444 667 22 21 af
487 667 66 26 öfrige
576 667 126 26 tjenstemän
718 666 40 21 och
774 666 93 26 betjente
881 665 34 21 för

92 694 85 22 stadens
193 694 40 22 och
248 695 40 21 den
303 695 137 21 kommunala
455 695 167 27 förvaltningens
632 694 65 22 behof
708 695 57 26 gälla
776 694 55 22 hvad
841 694 73 22 derom

92 723 101 22 särskildt
208 725 25 19 är
248 724 117 26 stadgadt*.
397 724 10 21 I
422 724 81 21 sådana
517 724 147 21 förhållanden
680 723 39 21 har
735 723 18 27 ej
769 722 84 22 behöfts
869 724 46 20 sär-

93 752 54 21 skild
163 752 86 22 erinran
263 752 7 22 i
285 753 13 21 9
314 753 13 27 &
343 753 78 21 derom.
452 753 38 21 Ett
505 752 77 22 sådant
596 752 102 22 särskildt
713 752 118 26 stadgande
846 751 68 22 skulle

92 780 61 22 äfven
175 781 86 21 komma
281 781 114 22 framdeles
417 783 33 20 att
474 781 102 27 föreligga
598 782 7 20 i
621 782 41 20 den
686 781 125 27 förordning
825 786 29 16 nu
869 780 46 21 är
904 776 15 37 i

92 808 61 28 fråga
167 810 7 20 i
190 810 151 26 lagutskottets
357 810 140 22 betänkande.
528 810 10 21 I
554 810 114 27 anledning
686 810 23 21 af
723 810 70 21 lektor
807 810 107 21 Johnsons

92 838 139 26 anmärkning
245 838 96 22 anhåller
353 839 38 27 jag
406 841 32 19 att
453 838 21 22 få
484 839 70 21 erinra
564 841 33 19 att
610 839 40 21 den
661 838 78 28 nådiga
748 838 167 27 propositionen,

92 866 90 22 rörande
205 867 88 27 ändring
308 867 24 22 af
345 868 12 20 3
373 868 12 28 $
400 868 7 21 i
424 868 54 22 1789
494 867 36 22 års
551 868 118 25 försäkran,
692 867 109 21 äfvensom
823 866 92 22 nämnda

92 895 94 21 utskotts
201 895 134 23 betänkande
351 896 7 21 i
374 897 41 21 den
430 896 69 27 delen,
514 896 106 22 hvardera
635 896 92 22 rörande
746 896 133 21 tillsättande
894 895 23 21 af

92 924 82 21 mindre
189 924 108 28 betjening
307 925 6 21 i
324 925 55 27 stad,
392 927 25 19 är
428 925 232 21 öfverensstämmande
671 925 48 21 med
732 925 54 21 1789
795 924 34 22 års
836 924 78 27 grund-

91 952 41 27 lag.
161 952 39 22 Att
221 954 7 20 i
250 953 67 27 några
331 954 73 22 städer
418 954 72 26 praxis
506 954 39 21 har
560 954 54 21 varit
629 954 48 26 den,
693 956 32 19 att
741 954 26 21 de
782 953 81 21 mindre
879 953 35 21 be-

94 980 66 27 tjente
175 982 55 21 varit
245 982 91 21 tillsatta
359 982 23 22 af
396 983 146 27 magistraten,
557 982 90 22 innebär
662 982 134 27 naturligtvis
811 982 18 26 ej
845 981 69 27 någon

90 1010 89 27 ändring
195 1010 22 21 af
230 1011 137 27 grundlagen,
383 1011 85 22 hvilken
483 1011 133 21 fortfarande
630 1011 69 21 skulle
708 1011 87 21 komma
807 1013 32 19 att
849 1010 65 22 blifva

92 1038 122 22 densamma
239 1045 44 15 som
306 1040 83 22 hittills.
418 1040 42 27 Jag
475 1046 63 16 anser
552 1040 90 21 sålunda
658 1040 40 22 den
713 1040 166 25 anmärkningen
895 1039 19 27 ej

91 1066 53 22 böra
166 1067 65 21 verka
253 1068 32 21 till
307 1068 90 27 ändring
417 1068 24 22 af
455 1068 153 28 lagutskottets
624 1068 134 22 betänkande
773 1068 52 22 eller
838 1067 77 22 hindra

91 1091 128 58 Snterandet
241 1096 22 22 af
284 1096 159 28 författningen,
469 1097 66 22 sådan
559 1098 40 21 den
622 1099 21 19 af
663 1097 142 27 lagutskottet
819 1098 24 19 är
858 1096 56 22 före-

90 1130 77 20 slagen.

157 1181 91 22 Prosten
256 1182 97 27 Hjelt:
369 1183 42 27 Jag
420 1183 40 22 har
471 1183 114 27 ingalunda
593 1183 99 22 förbisett
701 1182 117 23 innehållet
829 1182 22 21 af
857 1182 27 21 49
895 1182 18 28 8.

90 1209 49 22 Men
159 1209 38 22 der
211 1210 143 23 förekommer
368 1213 32 20 ett
415 1212 93 27 uttryck,
524 1218 45 15 som
582 1212 37 27 jag
634 1211 33 22 för
682 1212 43 21 min
741 1211 34 22 del
790 1211 46 22 icke
851 1217 62 16 anser

91 1238 121 28 tillämpligt
226 1239 28 27 på
269 1239 36 22 det
320 1246 45 15 som
381 1247 29 14 nu
426 1242 24 19 är
464 1240 61 27 fråga
540 1247 42 15 om.
612 1241 45 21 Der
672 1241 56 20 talas
744 1234 18 38 ,,
757 1246 35 15 om
802 1239 111 27 magistra-

92 1269 47 19 tens
161 1269 212 26 sammansättning".
403 1269 94 22 Dermed
520 1269 79 22 förstår
618 1269 38 27 jag
678 1269 144 22 förhållandet
836 1268 78 22 mellan

90 1295 90 22 leterata
195 1296 40 22 och
249 1297 104 22 illiterata
367 1298 89 21 rådmän
471 1304 29 15 m.
515 1304 33 20 m.,
564 1298 40 21 och
620 1298 74 21 derom
708 1297 68 28 gäller
791 1297 55 22 hvad
857 1297 57 22 förut

90 1325 25 20 är
129 1325 106 27 stadgadt,
249 1331 48 16 men
312 1332 29 15 nu
357 1328 24 19 är
396 1326 83 27 frågan:
495 1327 73 22 hvilka
583 1329 40 24 äga
638 1328 44 20 rätt
696 1328 33 20 att
744 1326 85 27 deltaga
841 1325 6 22 i
857 1326 57 22 valet

89 1353 25 21 af
126 1353 62 22 dessa
203 1354 39 21 och
259 1354 69 27 öfriga
342 1355 146 27 tjenstemän?
502 1355 44 22 För
561 1355 64 28 öfrigt
639 1355 40 21 har
692 1355 37 27 jag
743 1355 20 26 ej
778 1355 66 27 något
856 1357 57 19 emot

90 1383 32 20 att
132 1381 152 28 lagutskottets
303 1383 136 22 betänkande
458 1386 95 25 antages,
570 1384 56 21 blott
646 1384 36 21 det
697 1383 47 22 icke
755 1383 28 27 på
795 1383 66 26 något
871 1385 42 19 sätt

88 1409 97 23 kommer
199 1413 32 20 att
246 1411 67 22 strida
327 1414 46 20 mot
394 1412 26 22 de
435 1412 166 28 bestämningar,
616 1419 46 15 som
676 1412 132 22 förekomma
823 1412 7 21 i
845 1412 12 21 8
873 1411 40 22 och

89 1439 13 21 9
118 1439 12 27 8
145 1440 7 21 i
167 1439 240 24 kommunalutskottets
421 1441 143 22 betänkande.

156 1497 112 33 Professor
282 1497 154 23 Ehrström:
462 1499 42 22 Det
519 1499 55 22 hade
589 1499 82 22 kanske
681 1501 81 20 rättare
778 1499 64 22 bordt
854 1499 57 22 heta:

88 1525 67 26 »huru
177 1528 140 26 magistraten
338 1529 186 20 sammansättes*.
554 1529 12 27 &
582 1529 27 20 49
628 1529 24 20 är
677 1528 130 27 ordagrannt
821 1529 8 21 i
844 1529 69 22 denna
