1117 1817
326 145 162 17 Presteständet
501 146 55 16 1872.
582 146 22 16 13
616 145 59 21 april.
848 139 41 21 647

90 224 109 27 Ofvertoge
222 224 118 27 byggandet
362 224 23 21 af
399 224 61 21 dessa
475 224 67 21 banor
558 224 39 21 och
612 224 46 21 icke
674 224 95 21 enskilda
786 224 62 25 bolag
863 228 55 17 samt

90 255 57 20 ännu
161 253 82 20 mindre
258 253 25 20 de
299 259 106 20 personer,
420 253 72 21 hvilka
508 259 28 14 nu
553 253 62 21 hafva
630 253 85 20 erhällit
730 252 123 21 koncession
870 253 48 20 der-

90 282 33 21 för
145 281 39 21 och
207 281 72 21 hvilka
301 281 45 22 icke
369 281 74 27 tyckas
458 287 52 16 vara
526 281 83 27 mycket
624 284 32 18 att
672 281 38 21 lita
725 281 34 26 pä.
793 281 39 21 Om
847 283 71 19 staten

90 310 83 27 byggde
189 309 146 28 jernvägarne,
351 309 70 22 skulle
437 310 40 21 den
493 310 127 21 förvärkade
636 310 196 21 kautionssumman
848 309 70 22 äfven-

90 345 46 15 som
152 339 40 20 den
208 344 39 15 ena
263 338 78 27 miljon,
357 345 44 14 som
417 333 47 26 Åbo
480 339 49 20 stad
544 337 169 28 fägpändamälet
723 338 99 27 erbjudit,
833 338 85 21 komma

90 369 34 20 att
145 367 34 21 för
194 367 121 21 ändamålet
329 367 113 21 användas.
472 367 41 26 Jag
528 367 118 27 tillstyrker
661 367 82 21 således
758 367 59 21 bifall
833 367 31 21 till
881 367 36 21 all-

90 398 78 19 männa
183 395 202 22 besvärsutskottets
402 395 136 22 betänkande
552 399 59 18 utom
627 395 8 21 i
651 395 40 22 den
701 395 102 27 punkten,
817 397 31 19 att
860 397 58 20 stän-

91 425 66 21 derna
179 424 32 21 till
234 425 65 20 redan
320 425 69 20 denna
412 425 101 26 landtdag
530 424 68 21 skulle
614 424 78 27 begära
707 423 63 27 nädig
785 424 133 27 proposition

91 453 81 26 härom,
193 453 89 21 likasom
296 453 37 26 jag
347 453 65 21 också
427 453 48 21 med
491 453 99 21 afseende
606 453 12 21 å
634 453 40 21 den
690 453 117 21 finansiella
822 453 59 21 sidan
897 452 23 22 af

90 482 66 21 saken
172 482 68 21 skulle
255 481 78 22 föreslå
347 483 32 19 att
395 482 172 21 statsutskottets
582 481 111 22 utlåtande
708 481 69 21 blefve
792 481 124 22 infordradt.

160 539 91 21 Prosten
271 538 168 27 Grönberg:
455 539 41 27 Jag
512 539 48 21 ville
576 539 56 21 blott
648 539 105 26 uppträda
769 541 57 19 emot
841 541 76 19 tvenne

92 567 65 21 värde
172 567 74 24 talare,
262 567 71 22 hvilka
348 568 54 21 visat
417 568 155 26 pessimistiska
586 567 101 27 farhågor
702 567 50 26 deri,
769 569 32 20 att
816 567 101 27 drycken-

92 596 132 27 skapslasten
245 595 39 22 och
304 596 187 21 brännvinsfloden
507 597 164 26 nödvändigtvis
686 596 68 21 skulle
770 596 51 21 ökas
837 596 78 27 derige-

92 631 56 19 nom,
171 627 32 18 att
225 631 26 14 en
274 625 32 20 del
323 625 22 21 af
358 625 186 21 bränvinsskatten
560 625 107 21 användes
682 625 32 20 till
727 625 188 27 jernvägsföretag.

92 653 29 21 Af
139 653 65 26 något
225 653 76 21 sådant
323 653 42 22 kan
382 654 37 26 jag
434 654 18 26 ej
469 653 44 22 låta
528 654 108 21 skrämma
651 653 48 27 mig,
715 653 89 22 emedan
820 654 35 21 det
870 653 47 22 icke

91 683 25 19 är
136 683 32 19 att
187 681 86 26 förutse,
290 684 31 18 att
336 682 186 21 brännvinsfloden
540 682 68 21 skulle
624 682 58 24 ökas,
699 681 71 21 derför
785 684 32 19 att
832 682 84 21 skatten

91 710 28 27 på
143 716 65 15 varan
231 710 112 26 förhöjdes.
374 711 33 21 Då
422 711 69 21 denna
507 710 103 27 fördyras,
626 710 66 22 borde
707 712 92 19 tvärtom
815 710 102 27 drycken-

92 739 132 27 skapslasten
246 738 66 22 hellre
335 739 80 27 stäfjas.
444 739 11 21 I
478 739 154 27 sammanhang
657 739 47 21 med
725 739 68 21 denna
808 739 59 27 fråga
882 745 34 15 om

90 767 133 27 sedligheten
241 767 39 21 och
297 768 46 21 dess
359 768 144 26 befrämjande
519 774 75 20 genom
608 768 119 26 jernvägar,
743 767 36 21 vill
792 768 37 26 jag
843 768 75 20 anföra

92 798 32 19 ett
146 798 88 19 motsatt
257 797 100 26 exempel.
388 796 31 22 På
441 797 81 21 sådana
538 798 63 22 orter,
618 796 38 21 der
671 796 103 21 industrin
791 796 104 22 bedrifves
911 796 7 21 i

91 826 69 20 större
183 824 66 25 skala,
270 824 79 22 händer
372 825 36 21 det
428 825 103 27 vanligen,
548 828 32 18 att
595 825 111 26 allmogen,
723 825 47 21 med
786 824 132 22 förbiseende

92 853 23 21 af
135 854 32 20 sin
191 853 105 27 egentliga
311 854 81 26 näring,
408 854 42 21 slår
465 854 32 26 sig
512 854 28 26 på
556 853 162 27 formansyrket,
735 853 80 21 hvilket
830 853 33 21 för
878 854 40 20 den

92 881 81 22 medför
188 882 134 21 ekonomiskt
333 882 103 22 obestånd
448 882 39 21 och
498 882 70 21 tillika
579 882 40 21 blir
630 882 111 21 moraliskt
754 882 163 27 depraverande.

90 910 42 26 Jag
147 910 68 21 skulle
230 910 82 22 således
327 910 6 21 i
347 911 124 27 jernvägars
487 911 111 27 byggande
614 911 66 21 hellre
696 917 22 15 se
729 913 31 19 ett
771 911 47 21 stöd
829 910 32 21 för
872 910 46 22 sed-

91 938 92 28 ligheten
199 941 26 19 än
241 941 97 19 tvärtom.

161 996 49 21 Vice
233 998 74 24 pastor
329 996 141 22 Törnudd:
494 996 33 22 Då
552 996 35 21 det
606 996 66 21 redan
687 996 22 21 af
722 996 23 21 så
761 996 75 26 många
852 995 67 21 talare

92 1024 47 22 med
159 1024 133 26 temmeligen
309 1024 60 22 klara
384 1025 46 21 skäl
446 1025 124 26 ådagalagts
586 1028 32 18 att
634 1031 25 15 en
673 1025 88 25 jernväg
776 1024 89 21 emellan
881 1024 38 21 Ta-

94 1053 98 21 vastehus
208 1052 39 22 och
264 1053 141 21 Tammerfors
420 1057 56 17 samt
491 1053 90 21 emellan
594 1053 77 21 Wiiala
682 1053 38 21 och
752 1053 25 21 Åbo
789 1055 24 19 är
823 1052 22 22 af
853 1052 66 22 sådan

92 1082 44 26 vigt
151 1082 32 20 för
198 1081 48 21 hela
263 1082 108 26 sydvestra
387 1082 60 21 delen
464 1082 22 21 af
500 1082 97 25 Finland,
613 1084 32 18 att
661 1082 71 27 dylika
743 1080 177 22 kommunikatio-

93 1116 37 15 ner
153 1110 45 20 icke
220 1116 57 15 mera
300 1110 70 21 kunna
393 1110 105 25 umbäras,
522 1117 62 14 anser
600 1110 36 26 jag
651 1110 72 21 vidare
739 1110 93 21 ordande
847 1109 71 21 derom

93 1137 130 28 öfverflödigt
249 1138 38 21 och
313 1138 83 22 förenar
411 1139 42 26 mig
468 1139 7 20 i
494 1138 118 22 hufvudsak
627 1139 6 20 i
650 1138 114 21 utskottets
780 1137 139 22 betänkande.

93 1166 125 21 Afvenledes
239 1165 85 23 förenar
343 1167 37 26 jag
396 1167 41 26 mig
453 1167 48 21 med
517 1167 137 26 domprosten
670 1166 87 21 Renvall
773 1166 45 21 deri
833 1168 32 19 att
880 1165 40 22 frä-

93 1201 40 20 gan
157 1195 120 21 remitteras
300 1195 31 21 till
347 1195 160 22 statsutskottet
523 1196 27 26 på
566 1195 36 22 det
618 1195 59 21 detta
693 1196 34 21 må
741 1197 57 25 yttra
813 1195 31 26 sig
859 1194 61 21 hvar-

94 1224 54 21 ifrån
169 1223 68 21 medel
260 1223 32 22 till
311 1224 127 27 jernvägens
460 1224 111 27 byggande
586 1224 72 21 kunna
673 1223 37 22 fås.
741 1223 102 27 Slutligen
859 1229 62 14 anser

89 1252 39 27 jag
142 1253 43 25 mig
200 1252 52 21 böra
268 1253 105 26 uppträda
389 1255 57 19 emot
462 1253 35 20 det
513 1252 67 25 utfall,
591 1259 45 14 som
647 1253 67 26 gjorts
725 1255 56 18 emot
792 1252 39 21 den
843 1251 77 22 aktade

93 1281 102 26 ingeniör,
218 1280 83 21 hvilken
322 1281 39 21 har
382 1281 110 21 verkställt
516 1281 25 21 de
564 1281 86 21 okulära
671 1281 207 26 undersökningarne
894 1280 27 26 på

92 1310 100 21 sträckan
214 1309 89 21 emellan
319 1309 95 27 Kaipiais
429 1309 39 22 och
484 1309 32 22 S:t
532 1309 84 22 Michel.
646 1309 40 26 Jag
702 1312 45 18 tror
762 1309 51 21 visst
828 1308 46 21 icke
889 1310 32 19 att

94 1337 41 22 han
156 1338 23 21 så
201 1337 118 27 lättsinnigt
340 1338 107 27 uppfattat
468 1339 38 20 sitt
528 1338 103 27 uppdrag,
652 1341 31 18 att
699 1337 41 22 han
756 1337 17 27 ej
789 1337 68 22 skulle
873 1336 48 21 sökt

94 1366 79 21 visshet
195 1366 72 21 derom
283 1366 104 22 huruvida
403 1367 35 21 det
453 1373 38 14 var
506 1367 82 26 möjligt
603 1369 31 19 att
650 1366 69 27 bygga
731 1366 88 26 jernväg
835 1365 6 21 i
857 1365 64 26 sagde

94 1394 99 27 riktning.
224 1395 100 21 Tvärtom
347 1397 23 19 är
390 1395 37 27 jag
449 1394 124 28 öfvertygad
594 1395 72 21 derom
682 1398 32 18 att
729 1395 41 21 han
786 1395 39 20 har
840 1393 82 22 förfarit

94 1423 47 21 med
156 1429 81 15 samma
251 1424 195 26 samvetsgrannhet
462 1423 40 22 och
516 1423 159 22 sakkännedom
692 1423 99 21 hvarmed
803 1423 40 21 han
855 1422 67 21 öfver-

94 1451 38 21 allt
153 1451 139 22 annorstädes
314 1453 56 26 gjort
392 1453 45 20 sina
460 1452 190 27 undersökningar.
680 1452 40 26 Jag
739 1451 68 22 tviflar
829 1451 45 21 icke
889 1452 33 19 att

94 1479 53 22 ifrån
171 1480 94 27 Kaipiais
287 1480 32 21 till
341 1481 32 21 S:t
396 1480 76 22 Michel
488 1483 24 19 är
526 1481 14 20 4
555 1481 36 20 mil
607 1481 94 24 sandmo,
718 1486 47 15 men
778 1480 37 27 jag
831 1483 45 18 tror
891 1480 32 19 att

94 1508 102 27 höjderna
218 1509 37 21 der
271 1509 27 21 ha
314 1509 40 22 den
371 1509 80 27 nycken
467 1511 33 19 att
514 1509 64 22 skära
594 1509 40 21 den
650 1509 105 21 blifvande
768 1509 115 26 jernvägen
899 1507 24 21 så

93 1539 33 19 att
148 1537 39 22 den
210 1537 47 22 icke
272 1537 84 22 komme
371 1540 31 19 att
417 1538 49 27 löpa
481 1538 109 27 långsmed
606 1538 54 25 dem,
676 1538 70 21 såsom
761 1537 59 21 fallet
835 1539 24 18 är
874 1536 49 21 med
