1117 1817
325 136 161 17 Presteständet
498 137 55 17 1872.
578 136 22 17 16
614 136 58 21 april.
839 132 38 21 701

81 217 39 21 och
141 216 96 21 enskilda
257 216 64 27 bolag
342 216 97 21 bibanor.
470 216 40 21 Om
533 216 59 21 detta
612 216 68 26 gäller
694 216 34 21 för
743 216 68 21 andra
828 216 81 26 länder,

81 245 24 22 så
128 245 39 20 bör
189 245 36 20 det
247 246 56 19 ännu
325 251 60 14 mera
406 244 58 27 gälla
482 244 33 21 för
530 244 97 21 Finland.
658 244 50 21 Man
724 244 43 21 kan
782 244 46 22 icke
844 245 66 21 tänka

81 275 32 20 att
135 273 124 21 stambanor
280 273 7 20 i
309 273 91 21 Finland
415 272 61 22 skola
492 273 79 26 byggas
586 273 23 21 af
622 272 108 26 enskilda;
753 273 36 21 det
805 275 24 19 är
844 273 65 22 redan

81 302 90 27 mycket,
193 308 34 15 om
250 301 95 24 bibanor,
370 301 47 22 med
440 301 118 22 understöd
574 301 23 22 af
610 303 78 24 staten,
703 301 74 21 kunna
791 301 82 22 utföras
888 301 23 22 af

81 330 102 22 enskilda.
206 330 32 21 De
254 329 65 22 blifva
333 329 96 25 sålunda,
446 330 62 21 dessa
523 330 131 25 stambanor,
670 329 104 28 obyggda,
794 336 35 15 om
839 333 71 19 staten

81 359 47 22 icke
142 359 80 21 förmår
237 358 70 22 utföra
322 359 54 20 dem.
407 358 101 21 Finlands
524 359 124 20 stambanor
664 360 37 19 äro
717 359 66 20 redan
799 358 58 22 förut
873 359 37 22 be-

82 388 88 21 stämda.
201 387 42 22 Det
265 389 24 19 är
311 387 83 21 landets
415 387 157 26 konfiguration
596 387 39 21 och
650 386 101 28 politiska
767 389 55 20 samt
837 389 72 20 natur-

82 416 153 24 förhållanden,
258 422 45 15 som
323 415 127 22 föreskrifva
464 417 96 20 närmast
575 416 37 21 två
626 415 125 22 stambanor
766 416 33 21 för
813 416 97 28 Finland,

82 445 40 21 den
137 451 40 15 ena
191 445 47 20 från
254 444 31 22 S:t
301 444 129 27 Petersburg
444 445 96 20 vesterut
556 445 32 20 till
618 444 35 26 Åbo,
664 444 39 21 och
715 444 40 21 den
767 444 67 22 andra
845 447 64 20 stam-

82 473 69 22 banan
173 473 47 21 från
243 473 132 26 Helsingfors
397 475 83 19 norrut.
510 473 46 21 Den
579 473 67 21 första
668 473 24 21 af
711 473 62 21 dessa
789 473 68 22 banor
871 473 39 22 har

82 502 65 21 redan
162 502 69 21 blifvit
250 501 32 22 till
297 503 45 20 stor
357 502 34 21 del
407 501 81 27 byggd;
512 502 36 21 det
562 501 94 22 återstår
670 501 55 22 dock
740 503 57 20 ännu
813 504 31 19 ett
858 502 52 27 godt

82 531 72 26 stycke
177 532 40 25 väg
239 531 32 20 till
293 523 54 28 Åbo.
377 530 125 27 Byggandet
517 530 23 21 af
554 530 69 21 denna
638 530 96 21 återstod
749 532 24 19 är
789 530 65 21 likväl
869 531 41 22 den

82 558 81 21 mindre
185 559 116 26 uppgiften.
332 559 28 21 Af
381 559 39 20 den
443 559 69 20 andra
528 559 77 26 banan,
622 565 46 15 som
684 558 37 27 går
736 558 47 22 från
799 559 64 22 söder
878 559 33 22 till

82 593 57 20 norr,
155 587 39 21 har
209 588 76 21 endast
300 593 25 16 en
341 587 52 21 liten
409 587 34 22 del
458 587 70 21 blifvit
544 587 76 27 byggd,
636 587 41 22 och
692 593 25 15 en
733 589 52 23 stor,
795 587 24 27 ja
831 589 80 20 största

82 616 61 21 delen
166 615 102 26 återstår;
291 616 38 21 der
351 616 40 21 har
411 615 73 22 landet
499 615 33 22 för
548 616 31 27 sig
594 622 26 15 en
635 618 53 24 stor,
704 622 25 15 en
745 616 98 27 ofantligt
858 618 51 24 stor,

81 645 23 26 ja
127 651 25 14 en
167 645 155 26 jätte-uppgift.
352 644 45 21 Den
414 644 82 21 mindre
510 644 71 21 banan
596 645 49 26 (den
660 645 78 20 lättare
753 645 110 26 uppgiften
878 647 33 20 att

84 673 67 27 bygga
174 679 25 15 en
220 673 137 27 fortsättning
379 673 23 21 af
419 673 154 21 hufvudbanan
596 673 47 21 från
664 675 58 19 öster
737 673 33 21 till
785 676 76 23 vester,
877 674 33 21 till

103 701 35 27 bo)
153 708 50 14 vore
219 702 40 20 den
275 703 114 23 närmaste,
405 701 89 21 emedan
510 702 40 20 den
567 702 63 20 södra
646 702 61 20 delen
721 701 22 21 af
752 701 73 21 landet
835 708 74 20 genom

84 730 45 21 sina
151 730 114 26 lyckligare
288 736 95 15 resurser
405 730 39 21 och
467 730 121 27 tillgångar,
610 736 76 21 genom
707 736 25 15 en
747 731 70 20 större
833 730 78 27 odling,

83 764 45 16 som
151 758 38 22 der
211 758 72 27 finnes,
305 760 39 25 gör
360 759 36 21 det
411 758 113 25 sannolikt,
540 760 33 20 att
588 758 70 22 denna
672 758 57 22 bana
743 758 56 22 skall
813 758 57 27 gifva
885 765 25 15 en

84 787 70 21 bättre
169 787 127 27 afkastning.
320 780 47 28 Åbo
382 787 42 25 län,
440 787 114 27 Egentliga
569 787 90 21 Finland
676 786 39 22 och
725 781 47 27 Åbo
783 788 48 20 stad
842 787 68 26 hafva,

84 816 69 21 såsom
177 816 22 20 af
220 822 25 15 en
268 816 68 21 talare
354 816 67 21 blifvit
437 815 127 28 framhället,
580 816 104 27 rättighet
699 818 32 19 att
746 816 85 21 komma
845 816 8 21 i
868 816 42 21 för-

84 844 93 22 bindelse
199 845 48 21 med
271 846 58 20 östra
349 844 97 26 Finland,
462 844 49 22 med
526 844 106 28 Ryssland
648 844 39 22 och
703 844 93 27 Europa.
830 844 43 22 Det
887 846 24 20 är

85 873 68 21 denna
169 873 109 27 rättighet,
293 879 45 15 som
352 873 37 27 jag
404 873 49 21 ville
468 873 28 27 gå
511 873 33 21 till
559 874 69 20 mötes
638 873 40 21 och
690 873 97 21 hvarföre
795 873 37 27 jag
842 873 69 22 skulle

84 902 107 26 tillstyrka
213 908 26 14 en
259 902 100 26 jernvägs
381 902 111 26 byggande
512 902 7 20 i
534 902 77 27 vestlig
626 901 94 27 riktning
735 901 47 21 från
797 901 114 22 Riihimäki

84 930 52 21 eller
151 930 86 21 trakten
253 930 135 27 deromkring
403 930 32 22 till
450 925 55 27 Åbo.
535 930 49 22 Men
600 937 28 15 nu
644 930 46 26 har,
701 932 48 24 eget
761 936 48 20 nog,
820 936 26 15 en
853 930 58 27 jern-

85 960 39 25 väg
146 958 69 22 blifvit
237 959 137 26 projekterad
398 961 32 19 att
452 958 52 28 utgå
520 958 6 22 i
542 959 70 21 denna
628 959 101 26 riktning,
745 959 104 26 nemligen
864 958 47 22 från

85 987 95 27 Hyvinge
202 987 32 21 till
258 988 126 26 Hangöudd,
407 994 45 14 som
476 988 67 26 ligger
558 988 113 26 sydsydost
685 987 47 21 från
747 982 54 26 Åbo.
830 987 81 21 Genom

84 1016 69 21 denna
175 1016 62 23 bana,
253 1022 46 15 som
319 1016 121 22 tillkommit
455 1018 52 20 utan
522 1016 71 27 någon
608 1016 107 27 synnerlig
730 1015 119 28 uppoffring
864 1016 47 21 från

85 1044 134 27 regeringens
241 1044 51 28 sida,
307 1044 76 22 blifver
398 1047 71 19 vestra
484 1044 62 22 delen
561 1044 23 22 af
597 1044 92 22 Finland
704 1046 43 20 satt
761 1045 7 21 i
783 1044 128 22 förbindelse

84 1073 48 21 med
155 1073 40 21 den
215 1074 58 20 östra
291 1073 38 21 och
345 1073 110 27 Ryssland.
487 1073 81 22 Genom
584 1074 70 21 denna
670 1073 55 21 bana
739 1073 96 21 kommer
850 1073 61 22 äfven

85 1102 148 26 sydostligaste
256 1101 60 22 delen
339 1102 22 21 af
381 1096 47 27 Åbo
451 1102 35 21 län
510 1104 32 19 att
564 1101 21 22 få
600 1102 118 26 afsättning
733 1102 22 20 åt
771 1103 63 20 öster.
864 1096 47 27 Åbo

85 1130 46 21 läns
152 1130 66 21 behof
238 1130 63 21 hafva
323 1130 90 21 sålunda
433 1131 123 26 derigenom
572 1131 66 20 delvis
653 1130 70 21 blifvit
737 1130 175 21 tillfredsställda.

85 1159 41 25 Jag
140 1160 72 25 säger:
229 1159 72 26 delvis,
316 1161 22 24 ty
352 1159 36 26 jag
403 1159 105 21 erkänner
524 1161 32 18 att
573 1159 25 21 de
614 1159 46 21 icke
677 1159 65 21 blifva
758 1159 35 20 det
809 1158 32 21 till
853 1158 57 22 fullo.

86 1187 39 21 Till
141 1187 51 21 fullo
207 1187 69 21 skulle
292 1187 59 21 detta
366 1188 44 25 ske,
426 1194 34 14 om
477 1193 25 16 en
518 1187 56 21 bana
592 1187 68 21 skulle
672 1188 77 26 dragas
765 1187 89 21 emellan
885 1187 26 21 Åbo

85 1215 48 22 stad
148 1215 40 22 och
203 1216 41 21 den
259 1216 106 21 blifvande
381 1216 155 27 Hangöbanan.
559 1217 41 25 Jag
616 1215 76 22 tänker
707 1216 43 27 mig
766 1217 33 20 att
809 1221 26 16 en
846 1215 66 21 sådan

86 1244 55 21 bana
163 1244 68 21 skulle
253 1244 72 21 kunna
346 1244 27 27 gå
395 1244 47 21 från
460 1239 47 26 Åbo
523 1244 33 21 till
572 1244 49 21 Salo
638 1244 39 21 och
694 1244 80 22 Svartå.
805 1244 42 21 Det
862 1250 50 15 vore

86 1273 87 26 ungefär
195 1273 36 20 det
253 1275 107 19 närmaste
383 1273 113 21 afständet.
526 1273 82 21 Genom
631 1279 26 15 en
681 1273 67 21 sädan
771 1273 56 20 bana
845 1272 67 21 skulle

86 1301 81 21 landets
188 1301 39 21 och
243 1302 135 26 regeringens
393 1302 121 27 skyldighet
529 1302 48 21 med
593 1301 101 22 afseende
709 1302 13 21 ä
737 1301 112 27 Egentliga
863 1301 48 21 Fin-

85 1330 49 21 land
152 1330 63 21 hafva
231 1330 69 21 blifvit
315 1330 102 27 uppfylld.
441 1331 50 20 Men
506 1336 29 15 nu
550 1330 61 27 fogar
627 1331 37 20 det
678 1331 31 26 sig
725 1330 23 21 sä
764 1329 148 28 besynnerligt,

86 1360 32 19 att
133 1353 138 26 Äbo-boerne
286 1359 46 21 icke
349 1359 50 26 vilja
414 1359 64 21 hafva
494 1359 68 21 denna
577 1361 46 24 väg.
654 1359 32 21 De
702 1359 50 26 vilja
766 1359 47 21 icke
828 1359 85 20 komma

86 1387 7 21 i
108 1387 39 21 rak
161 1387 129 22 förbindelse
306 1387 48 22 med
370 1389 58 19 östra
440 1387 91 22 Finland
548 1387 39 22 och
602 1387 117 28 Ryssland;
736 1393 47 16 men
799 1387 28 21 dä
841 1387 26 20 de
885 1393 28 14 nu

85 1415 46 22 icke
154 1415 50 27 vilja
225 1416 42 27 det,
291 1416 24 21 sä
337 1418 34 19 vet
389 1416 36 27 jag
440 1417 53 24 icke,
510 1416 100 21 hvarföre
626 1422 48 15 man
690 1415 54 22 skall
759 1415 90 27 pätruga
865 1415 47 20 dem

86 1451 25 14 en
134 1444 66 21 sädan
225 1445 129 26 välgerning.
384 1445 33 20 Dä
433 1445 26 20 de
474 1445 46 20 icke
536 1445 76 26 begärt
628 1451 25 15 en
668 1444 67 21 sädan
748 1444 89 27 jernväg
851 1449 62 15 anser

85 1473 35 26 jag
135 1474 32 19 att
183 1474 36 20 det
233 1479 50 15 vore
299 1475 58 19 orätt
371 1476 33 18 att
418 1473 102 27 pätvinga
536 1474 48 21 dem
600 1473 130 21 densamma.
760 1473 65 21 Detta
840 1473 24 19 är
877 1471 36 22 det

86 1507 38 16 ena
147 1501 75 26 skälet,
245 1502 98 21 hvarföre
357 1501 36 27 jag
417 1508 62 15 anser
495 1502 43 27 mig
553 1502 46 21 icke
615 1502 73 21 kunna
703 1501 57 27 gifva
775 1502 48 20 mitt
837 1500 76 21 under-

85 1530 49 21 stöd
156 1530 22 21 ät
193 1530 41 21 den
249 1530 62 27 bana,
327 1536 44 15 som
387 1525 137 26 Äbo-boerne
542 1531 72 20 önska.
646 1530 91 21 Komma
752 1530 19 21 vi
787 1529 24 22 sä
826 1528 32 22 till
873 1529 40 21 den

821 1568 22 19 45
