1117 1817
327 160 161 17 Presteständet
502 160 54 16 1872.
584 160 26 16 25
623 160 57 20 april.
859 154 41 21 833

171 239 70 22 Sedan
266 240 66 20 under
347 239 147 21 diskussionen
510 239 102 26 enhälligt
627 238 108 22 förordats
750 241 33 18 att
798 238 131 27 underdänig

103 268 88 27 petition
213 274 5 14 i
241 270 71 19 ämnet
333 267 68 22 skulle
417 267 38 22 hos
471 267 59 22 Hans
546 267 118 27 Kejserliga
681 267 100 26 Majestät
797 269 67 24 göras,
881 273 47 15 men

103 297 68 21 tillika
193 296 72 27 yrkats
281 299 32 18 att
329 296 44 21 deri
389 296 45 21 icke
450 296 68 21 skulle
534 296 48 27 ingä
598 297 66 25 nägra
676 296 80 21 sädana
772 296 157 26 bestämningar

104 331 33 16 om
161 325 35 21 det
219 324 104 22 blifvande
348 324 147 27 lagförslagets
511 325 99 25 innehäll,
626 331 45 14 som
688 323 22 22 af
725 324 104 21 utskottet
844 324 85 21 föresla-

103 354 47 26 gits,
174 353 105 22 äfvensom
302 356 32 18 att
349 353 67 21 under
431 353 82 21 litterär
529 353 39 22 och
584 353 94 21 artistisk
694 353 126 26 eganderätt
835 359 48 15 vore
899 353 30 20 in-

104 382 101 27 begripne
223 382 78 27 jemväl
323 381 177 26 öfversättningar
515 385 55 18 samt
586 381 137 25 dramatiska,
739 381 135 21 musikaliska
891 381 37 21 och

104 411 107 21 artistiska
226 411 159 26 produktioner,
400 411 6 20 i
422 410 51 27 följd
488 410 74 23 hvaraf
576 411 68 20 andra
659 410 39 21 och
713 410 69 26 tredje
793 411 136 25 meningarna

103 439 6 21 i
133 440 40 21 den
195 439 22 22 af
236 439 105 21 utskottet
356 439 119 26 föreslagna
490 439 126 21 hemställan
632 439 67 20 borde
714 445 25 14 ur
755 438 114 27 petitionen
885 440 44 19 ute-

103 468 74 22 slutas,
200 468 69 21 beslöt
293 467 180 27 Borgareständet
498 467 33 21 vid
556 467 149 26 försiggängna
727 467 155 26 omröstningar
897 469 32 18 att

104 497 129 26 underdänig
249 495 98 22 anhällan
363 496 68 21 skulle
448 496 38 21 hos
502 496 58 21 Hans
577 496 117 26 Kejserliga
710 495 99 26 Majestät
825 495 103 22 framstäl-

103 525 31 20 las
159 525 74 21 endast
259 526 78 24 «derom,
364 528 45 21 »,att
434 525 60 20 Hans
520 525 99 26 Majestät
642 524 49 21 ville
707 524 32 21 till
755 524 174 21 nästkommande

104 553 101 26 landtdag
228 553 42 21 läta
294 553 106 26 förelägga
422 553 114 21 ständerne
562 553 134 26 fullständigt
711 553 113 26 lagförslag
839 553 90 21 rörande

104 581 82 21 litterär
209 582 38 21 och
263 582 94 21 artistisk
373 582 131 26 eganderätt,
522 583 4 20 i
544 582 35 21 det
594 582 60 27 syfte,
670 583 32 19 att
717 581 110 24 författare
843 581 38 22 och
897 588 31 15 ar-

104 610 60 21 tister
179 610 107 21 lemnades
302 610 111 26 tillbörligt
429 610 66 27 skydd
512 614 44 17 mot
572 610 156 27 efterbildning,
744 616 47 15 men
807 611 26 26 pä
849 617 80 14 samma

104 639 54 26 gäng
182 639 35 20 det
240 639 115 21 allmännas
378 639 92 24 fordran,
493 642 32 18 att
541 639 135 21 värderikare
693 639 86 21 arbeten
795 638 46 22 icke
857 639 72 21 alltför

104 667 60 26 länge
181 667 136 21 undanhällas
334 667 39 21 den
389 667 38 21 fria
443 667 71 25 täflan,
530 668 68 21 skulle
614 667 143 27 tillgodoses".

173 695 39 21 Om
228 695 132 22 förestående
376 696 70 21 beslut
460 696 68 21 skulle
544 697 57 20 såväl
619 696 138 21 medständen
768 702 44 15 som
824 695 104 22 allmänna

104 723 190 23 besvärsutskottet
309 730 75 21 genom
401 724 195 27 protokollsutdrag
611 724 142 22 underrättas.

723 781 20 17 In
757 781 62 17 fidem:

685 816 22 21 S.
725 816 133 21 Calamnius.

170 902 27 25 B)
219 901 45 22 frän
288 902 146 26 ridderskapet
452 902 39 21 och
508 902 72 21 adeln:
598 903 20 24 1)
635 908 33 15 om
685 902 154 26 godkännande
854 902 23 21 af
891 902 36 21 all-

104 932 75 19 männa
202 930 201 21 besvärsutskottets
426 930 134 22 betänkande
575 930 6 21 i
598 930 113 26 anledning
726 930 21 21 af
762 931 62 20 väckt
839 931 88 26 petition

103 965 33 15 om
161 959 120 21 inrättande
307 959 20 21 af
351 965 25 15 en
400 958 31 22 för
454 959 26 21 de
503 959 68 21 skilda
588 960 61 20 länen
666 959 5 20 i
688 958 89 22 Finland
794 959 133 21 kommunala

103 987 176 27 angelägenheter
295 987 80 21 ordnad
391 988 107 26 periodisk
515 988 177 26 representation;

171 1056 21 23 2)
208 1056 23 21 sä
247 1056 98 27 lydande:

378 1142 80 27 Utdrag
481 1149 25 14 ur
521 1143 165 26 Ridderskapets
706 1142 38 21 och
762 1142 77 21 Adelns
855 1145 72 24 proto-

308 1171 49 21 koll,
379 1171 34 21 vid
436 1171 128 26 landtdagen
588 1172 5 20 i
616 1171 139 26 Helsingfors,
775 1171 40 20 den
834 1171 23 20 16
874 1171 53 24 april

309 1200 59 20 1872.

171 1267 127 25 Föredrogs:
320 1267 111 22 Allmänna
454 1268 204 21 besvärsutskottets
681 1267 134 22 betänkande
833 1268 6 20 i
855 1267 72 21 anled-

103 1295 48 27 ning
167 1295 22 22 af
202 1296 104 21 särskilda
321 1296 76 21 väckta
413 1297 113 26 petitioner
541 1303 34 14 om
591 1296 34 27 lag
636 1297 109 26 angäende
756 1296 100 22 vilkoren,
867 1295 59 22 hvar-

102 1324 67 21 under
191 1325 123 20 koncession
338 1324 31 21 för
392 1325 95 21 enskilda
508 1331 101 20 personer
625 1325 51 21 eller
692 1325 62 26 bolag
769 1328 32 18 att
818 1325 3 21 i
837 1325 90 21 Finland

103 1352 67 27 bygga
183 1353 87 26 jernväg
286 1353 40 21 kan
342 1353 22 21 af
378 1354 123 26 regeringen
518 1354 118 24 meddelas;
654 1353 38 22 och
709 1353 79 22 beslöts
797 1359 76 21 genom
884 1359 42 15 om-

102 1381 95 27 röstning
219 1384 37 23 att,
280 1382 46 21 med
343 1382 154 26 godkännande
512 1382 23 21 af
550 1383 116 20 utskottets
682 1382 89 21 berörde
788 1382 138 22 betänkande,

102 1409 31 21 till
155 1409 25 22 de
202 1410 44 21 deri
267 1410 117 27 föreslagna
401 1411 163 26 bestämningar,
580 1417 44 15 som
641 1410 66 21 borde
724 1411 28 20 uti
768 1410 158 27 ifrägavarande

102 1438 34 26 lag
157 1438 57 27 ingå,
235 1439 67 20 skulle
326 1439 58 26 fogas
408 1440 32 20 1:0
457 1441 32 19 att
504 1439 124 21 förverkade
645 1439 192 21 kautionssummor
853 1438 72 21 främst

102 1466 66 22 borde
183 1468 106 20 användas
305 1467 32 21 till
352 1467 244 22 kommunikationernas
612 1467 155 27 upphjelpande
783 1468 6 20 i
805 1467 72 21 landet
887 1467 38 21 och

102 1496 34 20 2:0
158 1498 32 18 att
211 1495 191 22 kautionssummor
418 1496 66 21 borde
500 1496 65 27 enligt
581 1497 116 20 utskottets
713 1503 38 14 ena
767 1495 111 22 alternativ
895 1495 31 21 för

102 1523 123 22 kommuner
247 1525 5 19 i
276 1524 89 21 Finland
388 1525 109 21 nedsättas
520 1531 47 15 men
591 1525 45 21 icke
660 1525 45 20 helt
727 1525 36 21 och
788 1524 65 22 hället
868 1523 54 22 bort-

102 1552 53 22 falla,
173 1553 33 20 3:0
223 1552 157 22 bestämmelser
396 1559 33 15 om
446 1553 39 21 och
501 1553 27 27 pä
544 1553 54 21 hvad
611 1555 43 20 sätt
664 1553 69 27 privat
741 1551 185 29 jernvägsanlägg-
