1117 1817
219 134 42 22 820
433 138 161 19 Presteständet
608 140 54 16 1872.
686 140 27 16 22
725 139 58 21 april.

189 219 37 26 jag
238 219 68 26 jemte
323 225 25 15 en
364 225 69 14 annan
450 219 190 21 utskottsledamot
655 220 55 20 varit
726 220 77 20 utsedd
819 221 32 19 att
866 220 93 26 granska
974 219 49 21 den-

191 254 88 15 samma.
305 247 48 21 Men
367 247 36 27 jag
419 247 66 27 ansåg
501 249 32 19 att
548 247 40 21 den
605 254 55 19 man,
677 254 43 15 som
738 247 56 22 hade
809 248 57 26 gjort
877 248 69 21 denna
957 248 66 21 öfver-

190 277 102 26 sättning,
315 277 7 20 i
345 275 54 22 finsk
422 275 161 28 språkkunskap
608 276 48 21 stod
672 277 59 20 öfver
746 277 52 26 mig;
821 277 39 21 och
876 277 67 20 ehuru
959 276 65 22 också

188 305 37 26 jag
248 305 52 20 fann
323 307 32 18 att
377 305 65 26 några
465 305 115 26 yttranden
605 311 51 14 voro
677 305 86 24 sådana,
785 307 32 19 att
830 305 37 27 jag
883 305 32 21 för
931 305 41 22 min
989 305 33 22 del

191 333 68 22 skulle
283 333 64 21 hafva
369 333 57 21 velat
441 333 63 21 hafva
520 333 47 22 dem
584 333 139 26 annorlunda,
740 333 23 21 så
780 334 110 21 riskerade
904 333 36 28 jag
955 334 19 26 ej
990 335 34 20 att

191 362 86 26 vidtaga
293 362 66 26 några
375 362 155 26 förändringar.

260 436 112 21 Professor
388 436 136 21 Forsman:
540 436 41 27 Jag
597 436 39 21 har
652 435 45 22 haft
713 437 39 20 den
769 437 90 26 olyckan
876 439 32 18 att
923 437 99 26 möjligen

191 465 49 21 såra
256 465 67 26 några
339 465 22 20 af
375 465 187 26 ståndsbröderna,
578 471 44 15 som
639 465 74 26 tyckas
731 465 88 26 specielt
835 465 63 21 hafva
913 465 41 22 fått
969 465 30 26 sig
1014 465 8 20 i

191 494 97 26 uppdrag
305 495 32 19 att
352 493 92 26 granska
460 493 185 27 öfversättningar.
675 493 42 21 Det
733 493 38 21 har
787 494 135 26 naturligtvis
939 494 18 27 ej
969 493 53 21 varit

191 523 42 21 min
250 522 91 26 mening.
363 522 41 26 Jag
420 524 44 19 tror
480 525 32 18 att
528 529 25 14 en
569 522 66 21 sådan
648 522 130 27 granskning
789 522 19 27 ej
819 524 24 19 är
853 522 24 21 så
887 523 133 26 synnerligen

191 551 46 24 lätt,
250 551 27 21 då
289 557 55 18 man,
355 551 70 20 såsom
439 554 85 23 prosten
537 551 123 26 Rosengren
673 551 106 26 anmärkt,
791 551 45 21 helt
848 551 79 27 hastigt
938 551 82 23 efteråt,

191 579 65 22 sedan
280 580 39 21 allt
340 581 23 19 är
387 579 149 27 undangjordt,
551 579 33 21 får
600 579 40 21 den
656 579 32 20 till
704 579 112 26 påseende,
834 580 22 20 så
872 582 32 18 att
917 579 36 27 jag
969 580 53 21 visst

191 610 46 19 tror
260 610 33 19 att
316 608 61 21 dessa
399 607 74 22 herrar
495 608 56 26 gjort
572 608 38 21 sitt
626 608 67 22 bästa,
710 608 69 21 såvidt
795 608 36 21 det
846 609 31 26 sig
893 610 51 24 göra
960 608 59 21 låter.

191 637 48 20 Men
253 637 38 26 jag
306 639 46 18 tror
367 638 32 19 att
415 637 49 20 felet
480 637 66 26 ligger
561 637 7 20 i
584 637 40 20 den
642 636 104 27 olyckliga
757 637 72 26 praxis
839 637 57 20 inom
909 637 111 25 utskottet,

191 668 32 18 att
239 665 18 27 ej
274 665 121 21 utlåtandet
411 665 26 26 på
452 665 66 26 begge
534 665 92 26 språken
643 665 109 26 samtidigt
766 665 100 26 justeras.
890 666 39 20 Att
943 665 79 21 sådant

191 693 55 21 låter
268 695 52 25 göra
343 694 38 26 sig,
397 694 81 20 känner
491 694 37 26 jag
543 693 23 21 af
580 693 129 25 erfarenhet,
725 694 88 20 emedan
828 694 71 26 praxis
915 695 24 19 är
953 694 66 20 sådan

190 722 58 21 inom
263 722 167 21 statsutskottet.
453 722 32 20 En
501 722 81 20 mindre
599 722 119 26 delegation
734 728 34 14 ser
779 722 54 21 först
843 729 76 20 genom
930 722 91 21 svenska

191 750 246 26 utskottsbetänkandet,
452 751 65 20 innan
533 750 35 21 det
578 750 100 26 justeras.
698 750 69 21 Sedan
782 751 35 20 det
828 750 23 21 af
860 750 161 22 statsutskottet

191 779 38 21 har
251 779 69 21 blifvit
342 780 132 26 genomsedt,
496 779 81 21 lemnas
598 779 35 21 det
649 779 32 21 till
697 779 162 27 öfversättning,
875 780 38 20 och
929 779 91 21 sålunda

191 808 49 21 sker
261 808 132 28 justeringen
416 808 27 26 på
459 808 55 20 båda
530 808 98 26 språken.
658 808 41 26 Jag
714 808 39 20 har
769 808 122 27 visserligen
908 808 18 26 ej
942 808 55 21 varit
1012 808 7 20 i

191 836 127 22 tvifvelsmål
334 843 41 18 om,
391 838 31 19 att
438 836 25 21 de
480 838 54 24 män,
550 842 45 15 som
612 836 74 26 tyckas
701 839 54 18 mest
767 843 52 14 vara
829 839 63 24 tagne
904 843 24 14 ur
939 839 80 24 preste-

191 865 94 25 ståndet,
308 866 88 20 emedan
418 865 25 21 de
464 867 36 19 äro
525 868 53 18 mest
597 865 166 27 språkkunniga,
779 866 40 20 och
835 872 44 14 som
896 865 62 21 hafva
974 865 46 21 haft

191 894 32 26 sig
245 894 7 20 i
276 894 97 26 uppdrag
395 896 32 18 att
448 894 124 26 genomläsa
595 894 25 21 de
643 893 68 21 finska
730 894 143 26 exemplaren,
890 894 32 20 för
937 894 31 20 sin
985 894 34 20 del

191 922 64 21 hafva
276 923 64 27 gjort,
364 922 55 21 hvad
441 928 44 15 som
509 922 38 21 har
570 922 82 21 kunnat
667 922 44 21 låta
726 924 53 24 göra
794 923 38 26 sig,
849 923 47 21 med
913 929 25 15 en
953 922 67 21 sådan

191 952 80 25 praxis,
287 957 45 15 som
348 951 39 21 har
403 952 53 20 varit
472 952 40 20 den
528 951 162 21 förherskande.

261 1025 153 27 Kyrkoherden
436 1024 140 22 Järnefelt:
599 1026 40 26 Jag
662 1026 35 20 vill
716 1026 55 21 blott
787 1026 102 21 anmärka
905 1028 31 18 att
949 1026 35 26 jag
1000 1025 20 27 ej

191 1054 27 27 på
234 1054 65 27 något
314 1056 43 19 sätt
372 1054 68 21 funnit
456 1054 41 26 mig
512 1054 68 21 sårad.
605 1054 40 26 Jag
660 1054 39 21 har
714 1054 55 22 blott
785 1054 168 28 upplysningsvis
964 1054 57 21 velat

191 1082 98 22 meddela
305 1082 56 21 hvad
373 1082 37 27 jag
424 1088 49 22 nyss
489 1083 96 21 nämnde.

261 1151 83 21 Doktor
359 1151 149 26 Hornborg:
524 1151 40 27 Jag
580 1151 35 21 vill
632 1151 69 21 såsom
718 1153 31 19 ett
764 1151 123 28 ytterligare
903 1151 117 22 mildrande

191 1179 46 21 skäl
260 1179 56 27 gifva
334 1179 102 22 tillkänna
452 1182 32 19 att
498 1180 106 21 utskottet
620 1179 43 22 ofta
678 1180 53 21 råka
745 1180 7 20 i
769 1187 26 14 en
810 1181 48 20 svår
874 1179 144 26 mellanhand;

191 1214 48 15 man
257 1208 33 21 får
305 1208 43 21 ofta
363 1208 141 27 påminnelser
519 1211 31 18 att
566 1208 88 27 skynda,
671 1208 66 21 ehuru
753 1215 48 15 man
817 1209 61 21 sitter
894 1209 5 20 i
915 1209 105 21 utskottet

190 1235 32 22 till
245 1236 28 21 kl.
297 1237 12 21 9
333 1237 71 26 hvarje
427 1237 63 21 afton.
521 1237 33 21 Då
577 1237 41 21 kan
642 1237 36 21 det
699 1237 72 21 hända
787 1244 25 14 en
829 1237 39 22 och
884 1243 68 15 annan
969 1237 50 21 liten

190 1264 72 27 lapsus
279 1265 80 26 calami,
375 1265 84 21 hvilken
476 1265 64 26 enligt
556 1266 46 21 mitt
619 1265 61 28 tycke
697 1265 79 22 enhvar
791 1265 66 22 borde
873 1266 92 21 ursäkta.

260 1333 89 22 Prosten
371 1334 158 27 Rosengren:
551 1335 42 20 Det
616 1337 24 19 är
655 1335 17 26 ej
690 1335 107 26 angående
813 1335 40 21 den
869 1335 68 21 finska
953 1335 67 21 öfver-

190 1362 127 27 sättningen,
336 1362 37 27 jag
395 1362 39 21 har
456 1363 88 21 anhållit
567 1369 34 15 om
620 1363 68 25 ordet,
705 1366 52 19 utan
773 1364 90 21 rörande
880 1364 35 21 det
930 1363 89 22 svenska

191 1391 128 26 exemplaret
339 1390 22 21 af
375 1391 149 21 betänkandet.
554 1391 41 27 Jag
610 1392 79 21 önskar
703 1395 32 18 att
751 1392 20 21 få
787 1393 73 20 förena
876 1393 42 26 mig
931 1392 46 21 med
993 1392 26 21 de

190 1419 74 25 talare,
288 1425 45 16 som
356 1419 61 22 hafva
440 1419 100 25 förordat,
564 1424 32 17 att
618 1420 164 27 formuleringen
805 1421 68 21 skule
894 1421 57 21 sluta
972 1421 47 20 med

190 1447 63 22 ordet
277 1447 155 27 tillgodoses",
457 1455 45 14 men
522 1451 32 18 att
570 1449 64 21 också
650 1449 51 21 sista
717 1452 116 19 momentet
849 1449 66 21 borde
931 1450 87 25 intagas,

190 1475 6 21 i
217 1475 68 22 likhet
300 1477 47 21 med
362 1476 55 21 hvad
433 1477 142 21 öfverläraren
592 1477 99 22 Kiblman
707 1477 114 27 föreslagit.
853 1478 31 27 Ty
901 1478 36 21 der
952 1477 68 21 finnas

191 1505 187 26 omständigheter,
394 1511 44 15 som
454 1506 18 26 ej
489 1505 66 22 borde
571 1506 35 21 vid
621 1506 127 27 petitionens
762 1507 115 20 affattande
893 1507 94 20 förbises.
