1117 1817
317 144 162 18 Presteståndet
492 145 56 17 1872.
576 145 23 17 16
612 144 59 22 april.
849 139 43 22 653

90 225 50 22 med
154 224 52 22 flere
220 224 113 21 förordade
347 223 61 28 syfte,
424 226 32 19 att
471 224 69 21 medel
555 224 33 21 till
603 224 160 27 ifrågavarande
781 224 64 22 behof
853 224 68 22 skulle

90 253 91 22 beredas
205 258 76 21 genom
304 258 26 16 en
352 252 7 21 i
379 252 68 22 likhet
465 252 49 22 med
529 252 174 27 sjöfartsafgiften
719 252 39 22 och
774 252 54 23 efter
843 252 78 23 dennes

91 281 140 28 upphörande
253 281 54 21 intill
330 281 106 27 utgängen
452 281 22 22 af
488 281 36 22 det
539 281 30 26 är,
586 281 26 22 då
628 281 177 22 nästkommande
819 281 102 27 landtdag

90 310 75 26 slutas,
180 309 107 28 utgående
301 309 59 28 afgift
376 310 49 21 med
440 310 13 21 3
468 310 29 27 ?/,
512 310 24 21 af
549 309 147 26 tullsatserna;

161 367 22 26 2)
199 366 48 22 med
269 366 155 22 underrättelse
442 366 73 22 derom
531 368 33 21 att
578 367 92 26 ständet,
686 367 35 22 vid
735 366 151 29 föredragning
901 367 23 21 af

92 395 107 22 allmänna
222 395 202 22 besvärsutskottets
440 395 135 22 betänkande
590 395 6 22 i
612 395 115 28 anledning
742 396 22 21 af
778 396 77 23 väckta
869 395 53 28 peti-

92 425 70 21 tioner
176 424 91 21 rörande
283 423 140 22 afskaffandet
438 423 52 22 eller
501 424 137 27 nedsättning
648 424 40 22 och
697 425 96 26 jemnare
803 424 119 27 fördelning

91 453 25 22 af
136 452 253 28 postförvaltarearvodet
411 452 32 22 för
465 453 112 26 utdelning
599 452 23 22 af
640 453 113 26 tidningar,
769 453 32 21 till
816 454 106 21 utskottet

90 481 171 22 &terremitterat
283 481 88 22 ärendet
393 481 32 21 för
448 483 32 20 att
502 481 122 22 omarbetas
639 481 7 21 i
662 481 36 22 det
713 481 55 28 syfte
783 483 33 20 att
831 481 91 28 postför-

91 509 203 28 sändningsafgiften
310 510 83 21 komme
409 511 31 20 att
455 510 51 26 utgä
522 510 30 21 uti
567 510 56 21 vissa
638 512 89 25 procent
741 509 21 22 af
776 510 145 28 tidningarnas

92 538 227 28 prenumerationspris
325 545 4 19 ;

161 595 23 27 3)
200 595 108 26 angäende
330 595 155 28 godkännande
507 595 23 22 af
544 595 106 22 allmänna
665 595 204 23 besvärsutskottets
885 595 37 22 be-

92 623 108 22 tänkande
222 623 7 22 i
251 623 113 28 anledning
383 623 22 22 af
418 630 27 15 en
460 624 57 21 inom
533 623 156 23 bondeständet
704 624 63 22 väckt
783 625 88 27 petition
887 631 34 15 om

92 652 130 22 förändrade
237 653 92 26 grunder
344 652 33 21 för
391 652 326 28 räntepersedleomsättningen;

162 715 22 27 4)
206 714 149 22 innehällande
378 715 154 22 underrättelse
555 715 73 22 derom
650 716 33 21 att
705 716 92 26 ständet,
819 716 34 22 vid
868 716 54 21 före-

93 743 105 27 dragning
213 744 22 21 af
249 743 173 22 bankutskottets
437 743 116 23 berättelse
568 744 58 22 öfver
641 744 108 22 verkstäld
761 744 128 27 granskning
902 743 23 22 af

92 772 102 22 Finlands
216 772 69 22 banks
307 772 92 28 styrelse
420 772 39 22 och
475 772 120 22 tillständet
610 773 49 21 med
675 772 26 22 de
716 773 68 21 under
799 773 124 21 ständernas

92 800 83 27 garanti
192 800 39 22 och
247 801 51 21 värd
313 800 78 22 ställda
405 800 82 28 fonder,
503 800 88 22 beslutit
606 803 33 19 att
654 800 34 22 val
702 801 23 22 af
733 801 190 27 bankfullmäktige

93 828 39 22 och
152 829 104 22 revisorer
276 832 56 19 samt
350 829 138 28 suppleanter
502 829 34 21 för
551 829 105 22 hvardera
670 829 69 22 skulle
755 830 54 22 efter
823 829 100 23 särskildt

93 857 70 22 dertill
179 858 99 21 utfärdad
293 858 89 22 kallelse
397 858 125 22 verkställas
538 858 108 22 äfvensom
657 860 33 20 att
700 858 105 27 d6charge
815 858 33 22 för
857 858 66 22 bank-

94 886 134 22 direktionen
251 886 67 22 borde
339 886 22 22 af
382 887 115 21 ständerna
520 887 108 21 meddelas
648 888 56 20 samt
719 886 204 22 bankodirektionen

94 914 101 27 delgifvas
217 921 77 21 genom
315 915 115 27 skrifvelse,
453 921 46 15 som
514 915 69 21 skulle
598 917 111 25 uppsättas
724 914 23 23 af
760 915 164 27 expeditionsut-

90 943 84 21 skottet
196 944 39 21 och
257 944 158 22 underskrifvas
438 943 22 22 af
480 944 50 21 herr
552 944 197 22 landtmarskaiken
771 944 40 22 och
826 943 97 27 samtlige

94 971 130 25 talmännen;

163 1034 22 27 5)
200 1034 48 22 med
264 1034 200 27 tillkännagifvande
480 1034 73 22 derom'
569 1036 33 20 att
617 1034 92 26 ståndet,
725 1034 35 22 vid
774 1034 149 27 föredragning

93 1062 25 22 af
138 1062 151 27 lagutskottets
312 1062 133 22 betänkande
466 1063 7 21 i
496 1062 114 28 anledning
632 1062 23 23 af
672 1063 79 27 nädiga
765 1063 158 27 propositionen

95 1091 110 27 angående
220 1091 117 27 ersättning
352 1092 32 21 till
400 1092 80 21 vittnen
496 1092 7 20 i
518 1092 80 21 sådana
609 1092 74 26 grofva
694 1091 107 26 brottmål,
812 1091 31 21 uti
853 1091 71 21 hvilka

95 1119 78 22 allmän
195 1119 101 27 åklagare
320 1126 50 21 eger
392 1120 46 21 föra
460 1120 66 25 talan,
548 1120 167 21 återremitterat
730 1120 146 21 betänkandet
891 1119 33 22 till

94 1147 107 22 utskottet
215 1147 34 22 för
264 1150 32 19 att
311 1148 120 22 omarbetas
446 1149 7 20 i
469 1149 36 21 det
520 1148 22 22 af
556 1149 75 21 herrar
646 1155 41 15 von
702 1148 88 22 Hellens
806 1148 39 21 och
861 1147 63 22 Edel-

96 1176 60 22 sköld
172 1176 113 22 förordade
301 1177 62 27 syfte;

164 1240 22 25 6)
202 1239 109 27 angående
333 1240 154 27 godkännande
510 1240 22 21 af
548 1239 152 28 lagutskottets
715 1239 136 22 betänkande
866 1239 6 21 i
888 1245 37 15 an-

96 1267 85 28 ledning
203 1267 22 22 af
246 1268 77 27 nådiga
343 1269 158 27 propositionen
516 1275 35 15 om
567 1268 120 27 antagande
703 1268 22 22 af
739 1275 26 15 en
781 1267 144 29 fridlysnings-

93 1297 78 26 stadga
185 1296 33 22 för
233 1303 46 21 gas-
295 1297 39 22 och
350 1297 194 27 vattenledningar;

164 1359 22 27 7)
208 1359 110 27 angående
333 1360 75 21 remiss
423 1359 32 22 till
470 1359 185 28 sjölagsutskottet
670 1359 23 22 af
706 1359 77 28 nådiga
798 1359 128 28 propositio-

96 1394 41 15 nen
152 1394 34 15 om
201 1388 70 21 stads-
287 1388 40 21 och
342 1388 220 27 landtmannafartygs
577 1388 135 23 likställande
727 1389 7 20 i
749 1388 99 22 afseende
858 1388 13 21 å
881 1389 45 20 rät-

96 1416 94 27 tigheten
206 1416 32 21 till
255 1417 62 21 deras
333 1417 145 27 begagnande;
496 1417 39 22 och

164 1479 21 26 8)
201 1478 110 27 angående
325 1479 155 28 godkännande
496 1479 22 22 af
531 1480 172 21 statsutskottets
718 1479 135 22 betänkande
869 1478 6 21 i
889 1485 38 15 an-

96 1507 85 27 ledning
195 1507 24 22 af
232 1507 77 22 väckta
324 1508 182 27 petitionsförslag
521 1515 34 15 om
570 1508 125 27 försäljning
710 1508 23 22 af
747 1508 26 22 de
789 1507 82 22 mindre
887 1507 40 22 och

94 1535 94 22 kontroll
205 1535 57 22 öfver
278 1536 26 21 de
319 1538 70 21 större
403 1537 47 21 utaf
464 1537 84 22 militie-
563 1537 40 22 och
619 1537 130 22 civilstatens
763 1536 113 22 boställen.

835 1575 23 17 42
