1117 1817
294 13 54 47 OO
644 13 170 47 mm"...
821 13 16 47 D.
860 13 255 47 ouIaa—

352 147 161 17 Presteständet
526 147 54 17 1872.
605 147 11 16 7
628 146 48 21 maj.
863 140 42 20 979

106 226 206 21 Landtmarskalken
328 226 54 25 att,i
393 226 219 21 öfverensstämmelse
629 226 47 20 med
693 226 54 19 hvad
764 225 6 20 i
787 225 145 20 talmanskon-

106 255 96 21 ferensen
218 256 81 19 ansetts
316 254 102 27 lämpligt,
434 254 92 21 tillsätta
542 256 31 19 ett
586 254 116 26 justerings
717 253 85 21 utskott
817 253 114 21 bestäende

106 284 23 21 af
141 283 36 21 två
200 283 117 20 ledamöter
332 283 39 20 och
387 283 56 20 olika
458 283 78 26 många
551 283 139 26 suppleanter
704 281 47 22 från
768 281 72 27 hvarje
857 281 74 25 stånd;

106 314 32 19 att
153 312 34 20 vid
203 311 56 21 valet
274 311 23 20 af
311 311 47 21 dem
370 311 99 21 afseende
485 311 67 21 borde
567 313 63 24 göras
646 311 52 20 derå
714 313 33 18 att
763 311 40 20 den
820 316 37 15 ene
873 309 59 22 såväl

106 340 23 21 af
150 340 146 21 ledamöterna
318 346 44 15 som
379 340 165 27 suppleanterna
559 339 69 22 skulle
643 345 51 15 vara
710 339 36 21 det
761 339 68 20 finska
845 338 87 27 språket

106 369 81 26 mäktig
210 369 33 20 för
265 370 32 19 att
319 368 105 21 utskottet
447 368 67 21 måtte
539 368 78 26 kunna,
634 369 38 20 der
688 367 23 21 så
727 367 114 22 erfordras,
857 367 75 26 göra
921 363 14 36 i

105 397 104 26 språkligt
232 397 119 20 hänseende
373 397 78 26 nödiga
474 397 99 20 rättelser
589 397 30 20 uti
635 397 26 20 de
677 396 69 21 finska
761 396 134 27 exemplaren
911 395 22 22 af

105 425 127 21 ständernas
257 425 145 26 underdåniga
432 432 48 15 svar
506 425 26 27 på
549 426 25 21 de
600 425 77 26 nådiga
693 425 192 26 propositionerna;
900 426 31 19 att

105 454 60 21 detta
189 453 118 27 Justerings
332 453 88 22 Utskott
445 455 54 26 ägde
526 453 93 27 granska
646 454 39 21 och
706 455 57 19 rätta
785 453 25 20 de
825 453 23 21 af
861 453 71 26 Expe-

106 482 77 21 ditions
206 483 105 20 utskottet
333 485 97 24 uppsatte
450 482 231 27 redaktionsförslagen
705 481 46 26 och,
774 482 64 21 sedan
854 481 77 21 sådant

104 511 57 21 skett
185 511 71 21 derom
280 511 38 21 hos
341 511 72 27 hvarje
432 511 63 22 stånd
516 512 90 24 anmäla,
629 510 108 21 hvarefter
758 510 172 27 expeditionerne

105 539 65 22 borde
196 540 30 20 uti
252 541 27 20 24
304 541 95 20 timmars
424 541 30 20 tid
472 540 69 21 hållas
565 539 12 22 å
601 539 77 21 bordet
694 539 31 21 uti
741 539 40 21 den
797 539 56 21 lokal
869 541 61 18 utan-

104 568 34 21 för
168 568 170 21 Presteståndets
370 569 146 25 sessionsrum,
546 569 36 20 der
612 569 154 20 sammansatta
795 567 68 21 Stats-
891 567 39 21 och

105 597 104 20 Ekonomi
225 597 105 20 utskottet
345 597 45 21 haft
405 598 45 20 sina
466 597 179 24 sammanträden,
662 597 27 26 på
705 597 36 20 det
756 597 52 20 hvar
824 596 39 21 och
873 602 25 15 en
909 595 22 22 af

104 625 101 21 ståndens
221 626 136 20 medlemmar
373 626 70 21 kunde
459 626 85 21 komma
550 621 12 36 i
582 625 82 21 tillfälle
680 627 32 18 att
724 625 23 20 af
757 625 173 26 expeditionerna

104 656 51 24 taga
171 654 117 21 kännedom
305 655 39 20 och
361 655 109 25 öfvertyga
486 655 32 25 sig
533 656 32 19 att
581 654 212 21 Ständernas-beslut
805 653 69 21 blifvit
885 653 44 21 deri

104 682 73 27 rigtigt
193 682 134 27 uppfattade;
344 689 45 14 men
406 685 32 19 att
453 683 121 26 Justerings
590 682 111 24 utskottet,
718 682 63 20 hvars
794 682 135 20 verksamhet

105 710 64 22 borde
195 711 88 21 fortfara
309 712 43 20 tills
377 712 42 20 alla
443 711 47 21 från
516 711 118 21 Ständerne
660 711 104 26 utgående
786 710 143 26 expeditioner

104 739 114 26 undergått
242 740 135 26 granskning,
401 740 71 25 borde,
499 740 54 20 efter
578 740 140 24 landtdagens
743 738 126 27 afblåsning,
895 738 34 21 vid

105 768 173 21 förekommande
294 768 45 21 skäl
356 768 31 21 till
403 768 166 26 anmärkningar
584 771 57 18 emot
657 768 139 26 Expeditions
811 768 117 20 utskottets

104 797 122 21 redaktions
241 797 79 26 förslag
335 797 159 21 sammanträda
511 797 46 21 med
574 797 148 21 nästbemälda
745 796 82 20 utskott
843 796 38 21 och
898 796 29 21 uti

104 827 139 19 sammansatt
259 826 88 25 utskott,
363 826 47 20 med
418 826 126 20 ständernas
557 827 49 24 rätt,
624 825 75 27 pröfva
711 825 24 21 de
747 825 74 26 gjorda
831 825 98 20 anmärk-

104 854 101 26 ningarne
221 854 39 21 och
276 854 85 26 vidtaga
377 855 26 20 de
418 854 122 26 ändringar,
557 860 45 15 som
618 854 72 21 kunna
705 860 62 14 anses
778 853 81 27 nödiga.

676 928 20 16 In
709 927 62 17 fidem:

582 968 73 20 Victor
671 968 25 20 de
712 969 22 19 la
753 967 106 28 Chapelle.

171 1059 22 27 b)
209 1066 33 14 om
258 1060 155 26 godkännande
430 1060 22 20 af
468 1060 108 21 allmänna
591 1060 203 21 besvärsutskottets
812 1060 115 21 betänkan-

104 1089 47 25 den,
167 1088 36 21 det
218 1094 39 15 ena
272 1088 7 20 i
295 1088 112 26 anledning
422 1088 24 21 af
459 1089 56 20 inom
532 1089 98 26 samtliga
646 1089 89 21 stånden
752 1089 75 21 väckta
843 1089 84 26 petitio-

104 1123 37 14 ner
164 1117 90 20 rörande
275 1117 194 20 vidmakthållande
485 1118 39 20 och
541 1117 129 26 utvidgande
685 1117 23 20 af
722 1118 39 19 den
777 1117 68 20 finska
860 1117 68 21 afdel-

104 1145 76 26 ningen
196 1145 34 20 vid
252 1145 156 21 normalskolan
424 1146 6 20 i
447 1145 139 27 Helsingfors,
603 1145 39 21 och
658 1145 36 21 det
710 1146 67 20 andra
793 1146 6 20 i
815 1145 112 27 anledning

104 1173 22 21 af
147 1180 25 15 en
195 1173 32 21 till
249 1173 167 22 bondetståndet
435 1174 92 26 ingifven
550 1174 89 27 petition
656 1174 109 27 angående
781 1174 146 27 omarbetning

103 1201 24 21 af
140 1209 28 14 nu
183 1202 97 27 gällande
296 1202 124 27 författning
436 1209 33 14 om
486 1202 156 27 fattigvården;

172 1260 20 26 c)
209 1265 33 15 om
265 1259 154 26 godkännande
442 1259 22 22 af
478 1262 154 19 sammansatta
652 1262 65 19 stats-
733 1259 39 22 och
796 1259 131 22 ekonomiut-

103 1288 91 21 skottets
211 1287 134 22 betänkande
360 1288 7 21 i
382 1288 113 26 anledning
510 1288 23 21 af
547 1288 77 27 nådiga
644 1288 159 27 propositionen
819 1287 108 28 angående

102 1318 39 19 väc
157 1319 9 18 t
181 1316 60 27 fråga
256 1323 33 14 om
305 1317 125 26 försäljning
445 1316 23 21 af
482 1317 195 26 statsjernvägarne
693 1317 6 20 i
716 1317 78 21 landet.

153 1481 4 4 —
170 1453 120 26 Föredrogs
313 1453 107 21 allmänna
442 1453 206 22 besvärsutskottets
674 1454 135 21 betänkande
828 1453 47 21 med
891 1459 36 15 an-

102 1481 85 26 ledning
213 1481 22 21 af
258 1482 106 21 särskilda
389 1482 56 21 inom
472 1483 98 26 samtliga
597 1482 91 21 stånden
713 1483 77 20 väckta
814 1482 113 27 petitioner

102 1510 91 21 rörande
216 1510 206 27 skollagstiftningen
446 1511 39 21 och
508 1511 273 27 undervisningsväsendets
797 1510 131 22 ordnande
914 1506 18 36 i

100 1538 80 21 landet.
