1117 1817
230 147 41 21 742
442 151 163 18 Presteståndet
619 152 55 17 1872.
699 152 26 17 20
739 152 58 21 april.

202 232 56 22 fallit
280 231 77 22 honom
381 231 63 28 högst
468 231 151 28 besynnerligt,
644 233 32 20 att
691 231 46 22 icke
752 231 107 22 utskottet
875 232 39 21 och
930 231 18 28 ej
963 230 67 22 heller

200 261 37 27 jag
251 260 71 22 såsom
337 262 109 20 reservant
460 260 41 21 har
515 260 63 27 yrkat
593 260 28 27 på
636 260 104 22 definitivt
756 260 165 26 organiserande
931 259 23 22 af
962 260 68 21 denna

204 289 79 22 anstalt
305 296 29 15 nu
356 289 72 26 redan,
451 289 40 21 och
506 288 40 21 har
561 289 25 21 hr
602 289 201 27 kontraktsprosten
818 289 7 22 i
841 289 76 21 sådant
931 287 99 23 afseende

204 317 123 25 framhållit,
349 319 33 20 att
404 317 68 22 andra
494 317 211 27 bildningsanstalter
719 318 7 21 i
742 317 73 22 landet
830 317 70 22 blifvit
915 317 65 22 redan
995 316 35 21 vid

203 347 62 22 deras
289 346 68 22 första
377 346 123 21 inrättande
515 345 105 22 definitivt
634 347 157 26 organiserade.
823 346 80 22 Härvid
918 346 63 21 utber
993 345 37 26 jag

203 376 43 26 mig
266 377 33 20 att
313 375 22 21 få
349 375 83 26 påpeka
448 377 31 19 ett
494 374 94 27 misstag.
619 375 42 21 Det
676 375 39 21 har
729 375 67 21 redan
811 374 70 22 blifvit
896 374 88 22 nämndt
998 375 32 20 att

203 403 116 28 Jyväskylä
341 403 135 22 seminarium
499 403 33 22 till
555 409 26 15 en
604 403 76 27 början
702 409 38 16 var
761 403 144 27 provisionelt,
921 403 38 21 och
975 402 55 21 hvad

203 432 158 22 normalskolan
384 431 108 26 beträffar,
516 433 23 20 är
562 432 40 21 den
624 433 57 20 ännu
703 431 55 22 efter
781 432 28 21 10
823 431 36 22 års
874 431 156 22 verksamhet
1019 427 16 34 i

203 461 61 21 detta
284 461 141 26 provisionela
440 461 66 21 skick.
537 460 42 22 Det
595 462 24 20 är
634 461 89 21 emedan
738 467 26 14 en
780 460 115 27 tillräcklig
910 459 120 22 erfarenhet

204 490 47 21 med
267 489 39 22 afs.
323 489 13 22 &
351 489 71 27 dylika
437 489 111 26 anstalter,
564 489 74 22 såvida
653 489 63 22 deras
731 489 157 27 omplantering
901 489 8 21 i
924 489 46 21 vårt
980 487 50 22 land

204 518 63 25 afses,
291 519 56 20 ännu
369 517 20 27 ej
412 519 24 20 är
457 523 91 19 vunnen,
566 524 46 15 som
628 518 36 21 det
680 517 66 22 borde
761 524 52 15 vara
828 518 47 21 icke
890 517 55 22 blott
960 516 70 22 välbe-

204 547 69 26 tänkt,
296 548 51 19 utan
367 548 53 20 nära
434 553 42 20 nog
492 546 130 27 nödvändigt
634 548 32 20 att
681 546 44 21 låta
741 547 168 20 blindinstitutet
928 546 2 21 i
946 545 83 27 Kuopio

205 581 25 16 en
252 575 75 27 period
349 575 22 22 af
391 576 13 20 5
427 575 24 21 år
474 574 78 22 framåt
572 581 52 15 vara
639 575 76 22 endast
730 575 147 27 provisoriskt.
908 575 48 21 Men
972 574 60 21 deraf

204 603 63 28 följer
286 604 121 27 ingalunda,
422 603 70 22 såvidt
504 603 38 27 jag
556 603 42 22 kan
614 603 74 26 förstå,
704 605 32 20 att
753 604 36 21 det
804 603 55 22 skall
874 603 73 22 ställas
962 603 27 26 på
1004 609 26 15 en

204 632 38 25 fot,
259 639 44 15 som
319 632 34 21 för
367 632 119 21 detsamma
501 632 127 27 omöjliggör
643 632 147 27 uppfyllandet
799 632 24 21 af
832 633 32 20 sin
874 631 155 22 bestämmelse.

204 661 100 21 Tvärtom
327 667 61 20 synes
404 661 36 21 det
455 661 42 25 mig
512 661 88 21 alldeles
616 661 57 21 klart
689 663 37 22 att,
743 667 34 15 om
793 661 70 25 någon
878 660 81 26 verklig
974 659 56 22 erfa-

205 689 75 21 renhet
301 689 48 21 med
371 688 38 22 afs.
433 689 13 21 å
469 689 25 21 de
517 689 82 21 blindes
615 690 126 26 uppfostran
757 689 39 21 och
812 689 53 21 vård
880 688 53 22 skall
949 689 80 25 vinnas,

205 718 24 21 så
250 718 41 21 bör
311 718 106 21 anstalten
436 718 68 21 förses
519 718 48 20 med
583 718 43 21 alla
641 718 26 21 de
684 718 74 25 medel,
775 718 71 20 hvilka
861 718 34 21 för
909 716 121 22 ändamålet

205 752 62 16 anses
288 746 140 27 nödvändiga.
458 746 54 21 Tror
527 752 49 15 man
592 746 32 27 sig
639 753 41 20 nog
696 746 50 22 klok
763 749 32 19 att
810 749 14 19 t.
841 752 38 20 ex.,
895 746 70 21 såsom
980 746 50 20 herr

204 774 104 22 Mechelin
331 775 7 21 i
360 775 182 26 borgareständet.
564 775 74 21 kunna
659 775 104 26 försäkra,
787 776 33 20 att
842 781 25 15 en
889 773 140 23 blindanstalt

204 804 46 21 icke
273 803 101 22 behöfver
396 805 69 19 större
487 803 151 21 lärarekrafter
659 805 27 19 än
708 804 86 21 hvilken
817 810 69 14 annan
908 803 60 21 skola
983 808 45 16 som

205 832 68 25 helst;
296 838 62 15 anser
380 838 55 20 man,
458 832 70 21 säsom
544 832 106 21 utskottet
665 832 40 21 har
719 832 63 27 gjort,
798 832 183 26 ändamälsenligt,
996 833 33 19 att

204 860 122 22 lärarinnan
351 867 34 15 om
410 860 68 27 dagen
501 860 45 22 stär
568 860 34 22 för
624 860 85 22 klassen
731 860 40 22 och
795 866 33 16 om
851 862 73 20 natten
947 860 82 26 intager

204 889 153 21 värdarinnans
380 889 19 21 d.
420 896 19 14 v.
462 895 16 15 s.
500 890 74 26 pigans
591 889 72 27 tjenst,
679 889 27 21 dä
721 890 42 20 kan
779 896 50 14 man
844 889 53 21 visst
911 891 64 25 pruta
990 888 38 22 och

205 920 64 24 pruta
290 918 90 27 mycket.
410 918 48 21 Men
480 918 28 21 dä
529 918 35 21 mä
586 924 49 15 man
658 918 46 21 icke
719 918 68 21 heller
802 918 54 21 efter
871 918 13 20 5
900 917 34 21 ärs
950 917 30 21 tid
995 919 34 19 tro

205 947 31 26 sig
251 952 51 16 vara
316 947 42 21 viss
374 952 33 16 om
424 946 40 22 den
480 946 127 26 erfarenhet,
623 946 107 22 institutet
745 947 80 21 vunnit.
854 946 40 27 Jag
909 952 62 15 anser
982 946 46 21 der-

205 974 46 22 före
273 975 55 27 goda
350 975 47 21 skäl
419 975 45 21 tala
485 974 33 22 för
536 975 36 21 det
586 975 103 27 yrkande,
705 982 45 14 som
766 975 65 21 ocksä
846 975 7 21 i
869 974 73 28 sjelfva
957 974 73 22 verket

205 1004 58 21 delas
279 1004 23 21 af
315 1004 111 26 utskottet,
442 1004 64 22 näml.
522 1006 32 19 att
569 1004 107 21 institutet
694 1004 3 21 i
713 1004 85 26 Kuopio
815 1004 38 21 bör
868 1004 22 21 fä
905 1003 81 27 ätnjuta
1006 1002 24 22 sä

204 1032 85 27 mycket
311 1032 74 26 medel,
409 1038 44 16 som
476 1032 33 22 för
530 1032 118 22 detsamma
671 1034 24 20 är
714 1032 97 28 begärdt.
842 1032 115 22 Skilnaden
972 1032 6 20 i
994 1031 36 21 det

204 1060 60 22 fallet
279 1061 90 21 emellan
385 1061 115 21 utskottets
515 1061 82 27 förslag
612 1061 40 21 och
667 1061 43 21 min
726 1061 131 21 reservation
872 1062 24 20 är
911 1060 119 27 egentligen

205 1090 76 21 endast
303 1090 47 25 den,
373 1092 33 19 att
421 1090 105 21 utskottet
540 1090 113 26 förmenat,
669 1092 34 19 att
717 1090 167 21 blindanstalten
901 1088 58 22 säväl
976 1089 53 21 1872

205 1124 44 15 som
274 1118 54 21 1873
351 1118 66 22 borde
438 1120 109 25 emottaga
568 1119 77 20 endast
667 1119 28 20 20
717 1119 71 20 elever
803 1118 40 21 och
858 1120 32 19 att
905 1118 54 21 först
976 1118 54 20 1874

205 1146 72 22 dessas
299 1147 58 21 antal
381 1147 38 21 bör
438 1147 53 21 ökas
506 1147 32 21 till
554 1147 34 21 30.
620 1147 38 21 Att
674 1147 59 21 detta
748 1147 90 21 innebär
853 1153 26 15 en
894 1153 37 14 ren
947 1145 82 26 förlust,

204 1175 55 21 huru
282 1181 48 15 man
351 1177 26 20 än
393 1178 60 24 tager
468 1176 72 24 saken,
556 1175 62 22 torde
632 1175 36 27 jag
682 1175 47 22 icke
745 1175 93 22 behöfva
853 1177 98 19 närmare
965 1174 65 21 fram-

204 1203 64 25 hälla,
284 1204 39 21 och
339 1203 81 28 hoppas
433 1204 37 27 jag
484 1206 32 19 att
531 1204 86 21 ständet
632 1204 84 21 bifaller
732 1204 32 21 till
781 1204 26 21 de
822 1204 77 27 medel,
911 1209 35 15 om
958 1203 72 21 hvilka

204 1232 99 22 anhållan
319 1232 68 22 blifvit
401 1233 68 27 gjord.
491 1233 81 21 Härvid
588 1232 38 22 ber
638 1233 38 26 jag
691 1234 32 20 att
737 1232 22 22 få
774 1233 84 26 påpeka
873 1233 57 20 ännu
944 1238 26 15 en
985 1237 45 16 om-

204 1261 127 26 ständighet,
353 1261 63 22 näml.
439 1261 40 22 den
499 1263 33 20 att
547 1261 106 22 särskilda
668 1261 134 27 hyresmedel
817 1261 46 22 icke
878 1262 56 19 ännu
950 1261 80 20 ansetts

203 1295 52 16 vara
278 1290 23 21 af
320 1289 162 22 förhällandena
504 1289 120 28 päkallade.
655 1290 39 21 Att
715 1296 49 15 man
787 1292 46 19 tror
854 1291 33 20 att
909 1289 41 21 den
966 1288 63 22 total-

204 1324 88 20 summa,
311 1325 45 14 som
372 1318 39 21 har
426 1318 69 22 blifvit
510 1319 80 26 begärd
606 1318 32 22 för
654 1319 113 25 anstalten,
783 1320 24 19 är
823 1318 33 21 för
871 1318 48 26 hög,
935 1317 95 22 kommer

204 1347 31 26 sig
255 1347 46 26 just
321 1347 65 25 deraf,
402 1349 32 19 att
450 1347 120 27 pätagligen
586 1347 56 22 vissa
657 1350 72 24 poster
745 1347 46 22 deri
806 1349 38 19 äro
860 1346 33 21 för
908 1346 72 28 dryga,
996 1346 34 21 sä-

204 1381 45 16 som
272 1377 15 20 t.
309 1381 32 16 ex.
363 1375 144 28 beräkningen
522 1375 34 22 för
571 1375 74 28 sjelfva
660 1375 135 22 underhållet
810 1375 23 22 af
847 1375 105 26 eleverna,
965 1375 65 26 jemte

203 1404 67 27 några
292 1404 67 21 andra
378 1407 78 24 poster.
486 1399 162 32 Ärsafgifterna,
665 1411 33 14 om
715 1405 26 20 de
757 1404 65 21 också
837 1403 69 27 aldrig
921 1403 67 22 skulle
1003 1403 27 26 gå

204 1433 66 26 högre
289 1435 26 19 än
332 1433 32 21 till
380 1433 27 21 50
422 1433 67 27 mark,
504 1435 53 24 göra
573 1433 54 21 dock
642 1433 77 27 nägot;
736 1433 40 21 och
789 1433 38 26 jag
842 1435 45 18 tror
903 1434 32 19 att
951 1431 79 22 anstal-

203 1463 36 20 ten
261 1461 47 22 icke
330 1461 55 22 skall
406 1461 86 22 komma
512 1462 7 21 i
534 1461 140 28 förlägenhet,
690 1468 35 15 om
741 1462 41 21 den
797 1461 33 21 får
845 1461 85 27 åtnjuta
945 1461 35 20 det
995 1460 35 21 be-

203 1491 67 25 gärda
292 1490 102 27 anslaget.
425 1490 48 21 Men
494 1491 37 26 jag
554 1490 56 22 inser
632 1490 65 21 ocksä
720 1490 53 24 icke,
796 1489 87 22 hvarför
897 1495 50 15 man
963 1488 67 22 skulle

202 1521 65 24 pruta
289 1519 74 27 derpä;
386 1521 22 24 ty
430 1519 61 21 äfven
513 1525 35 15 om
570 1519 70 26 nägon
663 1519 114 26 besparing
799 1518 41 21 kan
855 1520 70 25 göras,
942 1517 39 22 och
995 1517 35 27 jag

203 1549 45 19 tror
270 1549 33 20 att
320 1554 25 15 en
361 1547 65 22 sädan
442 1547 41 22 kan
498 1549 70 25 göras,
584 1549 24 20 är
624 1547 36 22 det
675 1547 54 22 dock
744 1547 44 22 min
803 1547 91 27 mening,
911 1546 69 22 säsom
994 1545 36 28 jag
