1117 1817
346 132 164 18 Presteståndet
525 134 57 16 1872.
606 134 14 16 4
632 134 48 20 maj.
849 129 41 21 923

92 214 64 27 lägga
174 213 84 21 landets
273 213 87 21 ständer
375 213 63 26 nådig
453 212 133 27 proposition
602 213 109 26 angående
726 213 159 27 upphäfvandet
900 214 22 21 af

92 241 129 28 stadgandet
236 241 6 21 i
258 242 13 21 9
286 241 48 27 kap.
351 241 12 21 6
379 241 12 28 $
407 241 191 21 Handelsbalken*.

162 270 80 21 Härom
266 269 67 22 skulle
355 269 197 28 protokollsutdrag
568 269 95 22 utfärdas
678 269 32 21 till
725 269 139 22 Medständen
881 271 39 20 och

93 298 132 22 förbemälda
240 298 93 21 Utskott.
831 310 4 3 -

715 349 21 18 In
748 349 63 18 fidem:

681 384 20 21 S.
720 384 132 21 Calamnius.

163 470 22 23 d)
209 476 34 15 om
266 469 154 26 godkännande
442 469 23 22 af
487 469 79 22 doktor
592 469 123 27 Hornborgs
731 470 127 21 reservation
875 472 45 19 mot

94 498 106 22 allmänna
221 498 203 21 besvärsutskottets
446 498 78 27 förslag
548 498 32 21 till
602 499 204 26 sammanjemkuning
827 498 22 22 af
862 499 57 21 stän-

94 528 51 20 dens
167 527 56 20 olika
239 526 68 21 beslut
322 527 6 20 i
344 526 111 27 anledning
471 526 23 21 af
508 527 116 21 utskottets
640 527 134 21 betänkande
789 528 5 19 i
811 527 58 26 fräga
885 533 34 15 om

94 555 147 28 postarvodets
265 555 130 21 afskaffande
418 555 51 21 eller
493 555 48 22 dess
564 555 136 27 nedsättning
715 556 40 21 och
767 556 95 26 jemnare
877 556 42 21 för-

94 584 90 27 delning.

163 732 120 26 Föredrogs
298 732 172 22 bankutskottets
486 733 49 21 2:ne
551 732 154 24 betänkanden,
721 732 36 22 det
773 739 38 15 ena
825 732 7 21 i
845 732 73 22 anled-

93 762 50 26 ning
165 760 23 22 af
209 760 76 27 nädiga
307 761 157 26 propositionen
487 767 34 15 om
543 761 73 27 tillägg
632 761 31 21 till
679 761 132 26 stadgandet,
827 762 90 20 rörande

94 790 95 26 grunden
212 789 32 21 för
266 789 101 21 Finlands
390 790 67 20 banks
480 789 226 27 sedelutgifningsrätt;
732 790 35 21 det
789 790 66 21 andra
869 796 46 20 ang.

94 818 126 21 förändrade
235 818 130 26 stadganden
382 824 33 15 om
432 818 40 21 den
487 818 69 26 ärliga
570 818 118 22 revisionen
704 818 22 21 af
740 818 99 21 Finlands
850 818 67 22 banks

94 846 95 22 tillständ
206 846 39 22 och
259 846 134 27 förvaltning.

162 903 123 22 Bordlades.

161 1063 120 27 Föredrogs
297 1063 215 22 ekonomiutskottets
528 1063 135 22 betänkande
678 1063 6 21 i
700 1063 112 26 anledning
824 1062 21 26 af
859 1062 60 22 Hans

93 1092 117 26 Kejserliga
226 1091 109 27 Majestäts
351 1092 76 26 nådiga
442 1092 138 27 proposition,
597 1092 108 26 angående
721 1092 88 26 ändring
824 1091 22 21 af
854 1097 65 21 grun-

94 1120 40 21 den
149 1120 33 21 för
197 1120 166 27 tolagsafgiftens
379 1120 143 22 beräknande.

162 1177 124 22 Bordlades.

162 1320 119 26 Föredrogs
307 1319 106 22 allmänna
437 1320 206 21 besvärsutskottets
667 1319 32 22 till
725 1319 6 22 i
747 1320 41 26 dag
802 1318 116 27 bordlagde

93 1348 140 27 betänkande,
257 1349 49 21 med
328 1349 113 26 anledning
463 1349 23 21 af
508 1349 62 21 väckt
593 1349 89 26 petition
703 1355 33 14 om
752 1347 167 22 ambulatoriska

93 1377 83 22 skolors
197 1377 121 22 inrättande
337 1377 6 21 i
367 1377 26 21 de
415 1377 160 27 grekisk-ryska
594 1376 175 27 församlingarne
789 1376 7 21 i
818 1375 100 26 Finland;

93 1405 86 22 hvarvid
196 1405 61 22 ordet
271 1405 53 22 först
339 1405 95 22 tillsades

162 1469 109 22 Professor
287 1469 153 26 Forsman,
456 1475 46 15 som
518 1469 94 27 yttrade:
629 1469 70 22 Sedan
712 1469 36 26 jag
763 1468 56 26 hört,
835 1466 32 23 till
877 1465 44 22 min

94 1499 57 20 stora
174 1498 115 26 förväning,
313 1500 32 19 att
360 1498 156 21 bondeständet
532 1497 32 22 lär
578 1497 63 22 hafva
657 1497 80 26 antagit
753 1497 116 31 utskottets
885 1494 35 22 be-

93 1527 114 26 tänkande,
231 1529 23 19 är
277 1526 35 22 det
334 1527 49 20 med
399 1533 25 15 en
440 1527 42 21 viss
497 1526 77 21 tvekan
587 1526 37 27 jag
640 1527 38 26 gär
694 1527 31 20 att
740 1527 50 25 taga
805 1526 116 26 petitionen
