1117 1817
338 147 162 17 Presteständet
512 148 55 17 1872.
592 148 27 16 30
633 148 58 20 april.
859 142 41 21 885

102 228 69 26 hafva,
193 229 33 20 att
249 227 18 26 ej
289 227 82 27 behaga
394 227 123 27 nägondera
540 227 22 21 af
584 227 25 21 de
632 230 103 18 motsatta
754 227 118 26 äsigternas
888 227 41 20 för-

102 263 92 15 svarare.
225 256 38 26 De,
288 262 44 15 som
356 256 49 27 vilja
430 259 32 18 att
478 256 266 27 hällskjutsningsafgiften
761 255 53 22 skall
830 255 100 21 förblifva

102 285 43 21 lika
169 285 34 26 låg
226 291 44 14 som
295 285 80 24 hittills,
399 285 63 26 tycka
486 287 32 18 att
534 285 34 20 det
584 286 23 19 är
623 287 57 18 orätt
696 288 31 17 att
744 284 78 21 föreslå
837 290 25 15 en
879 283 50 21 liten

102 313 121 27 förhöjning
239 313 38 21 och
294 313 31 24 de,
342 319 45 15 som
403 313 46 22 äter
465 313 50 27 vilja
530 313 6 21 i
552 313 66 21 likhet
634 313 48 21 med
698 313 106 21 utskottet
817 312 61 21 hafva
889 312 40 21 den

103 343 31 20 till
152 343 9 20 1
179 342 60 21 mark
256 342 27 21 50
297 342 69 26 penni,
383 342 63 27 tycka
461 344 33 19 att
510 342 35 21 det
560 348 51 15 vore
627 342 33 21 för
676 342 53 21 litet.
755 342 44 20 När
814 347 47 15 man
875 341 55 20 skall

103 371 88 21 försöka
215 373 32 18 att
268 370 72 27 jemka
365 371 76 21 mellan
468 373 103 18 motsatta
596 371 111 25 intressen,
723 370 23 21 sä
762 370 41 21 blir
818 370 34 21 det
869 369 60 26 enda,

104 400 35 21 det
155 401 89 19 rättaste
260 402 32 17 att
307 399 54 21 söka
375 399 56 21 finna
447 405 25 15 en
488 399 59 26 billig
562 399 118 26 medelväg.
704 399 44 21 Här
764 401 23 18 är
803 399 39 20 den
858 404 71 15 resan-

104 429 36 20 des
163 428 89 21 intresse
275 427 86 22 alldeles
385 431 89 18 motsatt
490 428 40 21 den
546 428 142 27 skjutsandes,
704 431 21 24 ty
739 428 24 26 ju
776 427 96 26 billigare
888 426 41 21 han

104 456 49 27 sjelf
167 457 78 26 slipper
260 457 60 23 fram,
336 456 47 21 dess
408 457 71 20 bättre
496 459 24 18 är
536 457 36 20 det
587 456 33 21 för
636 457 85 20 honom.
753 456 9 21 I
778 455 104 22 anseende
898 455 31 20 till

104 488 33 19 att
152 486 65 26 priset
234 485 53 21 bäde
309 485 32 21 för
363 485 112 21 underhäll
491 485 39 21 och
546 485 48 21 häst
610 485 40 21 och
666 485 156 26 tjenstefolkets
838 483 92 27 atlöning

104 514 39 21 och
159 515 38 20 allt
213 514 38 20 har
265 514 59 26 stigit
349 514 40 21 och
404 514 132 21 fortfarande
552 516 24 19 är
592 514 6 20 i
614 514 103 27 stigande,
733 514 24 20 sä
773 513 106 21 förefaller
894 512 36 21 det

104 543 43 26 mig
163 542 54 21 bäde
233 543 84 20 rättvist
333 543 38 20 och
397 543 108 26 naturligt,
522 544 31 19 att
569 549 48 14 man
634 543 6 20 i
658 543 67 26 nägon
742 542 47 21 män
806 541 125 28 tillgodoser

104 571 65 21 ocksä
184 571 52 20 hans
252 573 48 24 rätt,
317 577 44 14 som
379 571 53 21 skall
448 571 91 21 fortfara
552 571 47 21 med
612 571 211 26 skjutsningstungan
835 571 22 20 sä
869 570 61 26 länge

105 600 19 26 ej
149 600 36 21 det
209 599 142 22 förhällandet
376 606 27 15 nu
426 600 42 21 kan
490 600 78 21 ändras
584 612 27 3 —
627 603 32 17 att
675 606 48 15 man
739 599 123 27 tillgodoser
877 598 54 21 hans

105 630 43 19 rätt
170 628 64 21 ocksä
255 635 74 20 genom
353 631 32 18 att
410 629 41 21 han
468 629 32 20 fär
517 629 64 26 nägot
596 628 84 27 förhöjd
697 629 116 26 skjutslega
829 627 38 22 och
883 629 47 19 der-

106 657 45 21 före
173 657 64 26 yrkar
256 657 37 26 jag
315 663 27 14 nu
366 657 27 27 pä
415 660 32 18 att
473 657 85 21 ständet
574 658 5 20 i
595 657 70 27 nägon
682 657 48 21 män
747 657 65 20 borde
828 656 55 21 fästa
899 655 32 27 sig

105 686 34 20 vid
161 686 122 26 petitionen.
315 686 89 20 Prosten
426 685 59 27 Hjelt
508 686 49 20 sade
580 688 32 18 att
628 688 31 19 ett
675 685 124 27 förhöjande
815 685 22 20 af
851 684 80 26 skjuts-

106 715 61 25 legan
193 714 68 21 skulle
286 714 119 21 motarbeta
430 715 36 20 det
492 714 60 27 syfte,
574 720 46 15 som
644 714 65 21 borde
725 720 50 15 vara
791 714 92 25 önskligt
897 713 34 21 för

106 743 51 21 hvar
173 742 38 21 och
228 749 31 19 en,
276 745 31 19 att
323 743 103 27 nemligen
442 743 21 21 få
479 743 191 27 hällskjutsningen
681 743 64 21 ställd
756 743 27 26 pä
793 741 136 27 entrepenad.

104 772 41 25 Jag
161 772 72 26 tycker
249 774 32 18 att
296 772 35 20 det
347 772 39 20 alls
401 772 45 21 icke
463 772 42 20 kan
521 778 51 14 vara
588 772 64 26 nägot
669 772 81 20 hinder.
781 771 30 26 Ty
825 770 23 27 ju
865 771 64 25 högre

105 800 129 26 skjutslegan
263 802 28 22 är,
318 800 47 21 dess
392 800 82 21 mindre
500 800 90 21 behöfva
615 801 25 20 de
657 800 71 21 betala
746 801 23 20 ät
783 799 146 21 arrendatorn.

104 828 43 21 Det
159 830 23 19 är
197 828 88 21 sålunda
301 835 26 15 en
343 829 90 27 lindring
448 829 34 21 för
495 829 165 27 jordbrakaren,
671 829 100 26 antingen
783 828 24 21 de
819 828 26 20 dä
855 827 74 27 sjelfva

105 857 88 26 skjutsa,
210 857 51 21 eller
276 857 103 21 öfverläta
395 858 22 21 ät
433 864 26 14 en
474 858 134 20 arrendator.
632 858 42 20 Det
690 861 31 17 att
732 858 25 20 de
769 857 18 26 ej
799 857 49 26 vilja
859 862 70 15 arren-

106 886 50 20 dera
172 889 29 23 ut,
218 888 50 18 utan
285 886 74 26 sjelfva
375 887 87 26 skjutsa,
480 887 62 20 beror
553 887 52 23 äter,
619 892 44 15 som
676 886 38 21 här
725 886 64 21 ocksä
799 887 24 19 är
835 884 93 24 nämndt,

106 914 26 26 pä
155 914 152 26 missförständ,
331 917 32 19 att
386 916 25 20 de
427 916 17 26 ej
462 915 66 21 förstä
544 916 36 20 sitt
596 917 48 24 eget
660 916 88 20 intresse
765 914 50 21 eller
831 914 30 20 sin
878 919 52 21 egen

106 942 73 22 fördel.
210 943 42 21 För
268 944 63 26 öfrigt
355 944 36 20 ber
404 944 36 26 jag
453 946 33 19 att
501 944 21 20 få
537 944 86 20 bemöta
639 944 45 20 vice
699 946 74 24 pastor
789 942 140 21 Westerlund.

105 971 40 27 Jag
167 972 78 20 förstär
267 972 107 26 verkligen
397 973 18 26 ej
432 973 55 20 hvad
504 972 40 21 han
561 975 71 18 menat
648 972 48 21 med
711 972 32 21 sin
760 971 93 21 lastfulla
868 976 61 21 rapp-

106 1000 61 21 höna.
197 1000 41 26 Jag
261 1000 38 21 har
321 1001 68 26 aldrig
412 1001 73 21 träffat
508 1001 26 27 pä
558 1001 68 26 någon
643 1001 72 24 sådan,
732 1003 51 19 utan
799 1001 80 20 lemnar
895 999 35 21 det

106 1028 22 21 ät
151 1028 76 22 honom
251 1029 48 27 sjelf
320 1032 32 18 att
374 1032 98 19 närmare
497 1030 110 26 begrunda
623 1030 54 20 hvad
694 1030 36 20 det
745 1030 41 20 kan
802 1035 57 14 vara.
890 1028 40 26 Jag

106 1057 38 21 har
169 1059 53 19 trott
247 1060 32 18 att
304 1060 65 24 tunga
395 1059 93 20 voiturer
504 1059 69 20 skulie
588 1058 72 21 kunna
676 1058 67 21 kallas
759 1057 108 26 lastdigra,
883 1062 47 15 men

106 1086 18 26 ej
147 1086 100 21 lastfulla.
284 1086 47 22 Men
356 1087 52 21 hans
431 1087 110 26 rapphöna
564 1087 66 21 måtte
654 1094 51 14 vara
726 1086 71 26 något,
812 1092 44 14 som
873 1085 18 27 ej
907 1086 24 20 är

107 1114 64 21 kändt
187 1114 128 22 åtminstone
331 1116 6 19 i
353 1116 64 20 södra
432 1116 61 21 delen
510 1116 21 20 af
546 1115 79 21 landet.

175 1171 83 21 Doktor
280 1172 166 27 Alopaeus:
478 1172 61 21 Flere
555 1172 67 21 talare
639 1172 61 21 hafva
715 1171 123 28 ytterligare
854 1170 77 21 uttalat

107 1201 25 20 de
156 1200 52 25 skäl,
231 1207 44 14 som
294 1201 37 26 jag
347 1201 45 20 haft
407 1204 32 18 att
455 1200 75 22 anföra
545 1201 33 21 för
594 1201 56 20 mina
667 1201 64 21 redan
747 1200 84 27 yttrade
847 1199 84 26 äsigter,

106 1229 7 20 i
129 1229 68 20 denna
220 1229 65 26 fräga.
316 1229 41 26 Jag
379 1229 39 21 har
440 1229 84 22 derföre
548 1230 75 21 endast
640 1230 74 26 begärt
729 1229 61 21 ordet
806 1228 46 21 med
867 1228 64 25 afsigt

106 1260 32 18 att
154 1257 84 22 bemöta
253 1261 31 18 ett
299 1258 116 26 pästäende
431 1258 23 21 af
468 1259 200 26 kontraktsprosten
679 1258 87 21 Berner.
797 1257 47 21 Han
859 1255 73 28 pästär

106 1288 32 19 att
153 1286 6 21 i
176 1286 90 21 Savolax
289 1286 106 27 allmogen
418 1289 23 19 är
464 1287 84 26 mycket
565 1287 95 26 benägen
676 1289 31 18 att
723 1287 55 26 gifva
793 1285 138 26 skjutsnings-

106 1314 98 21 besväret
226 1315 27 27 pä
269 1315 148 26 entreprenad.
448 1315 48 22 Men
519 1316 37 27 jag
571 1315 40 21 har
627 1322 25 14 en
668 1315 44 21 helt
727 1321 69 15 annan
813 1313 120 22 erfarenhet

107 1345 26 19 än
159 1343 48 25 han,
231 1344 42 26 jag,
296 1350 45 15 som
365 1344 38 21 har
426 1344 67 27 tjenat
509 1351 25 14 en
551 1344 31 21 tid
598 1344 22 21 af
635 1345 64 20 minst
721 1344 27 21 26
765 1344 24 20 är
803 1343 6 20 i
825 1345 106 18 närmaste

106 1372 146 26 grannsocken
275 1372 31 21 till
329 1372 84 21 honom.
444 1373 137 21 Guvernören
598 1373 7 20 i
620 1373 48 20 vårt
683 1373 35 20 län
734 1373 39 20 har
788 1372 49 20 flere
853 1371 79 27 gånger

107 1401 108 21 hemställt
231 1407 32 15 om
277 1401 19 26 ej
307 1401 230 27 skjutsningsbesväret
548 1401 70 22 kunde
630 1401 118 27 bortgifvas
758 1401 27 26 pä
796 1400 135 26 entrepenad,

108 1429 39 22 och
162 1429 73 27 hvarje
249 1429 56 27 gäng
321 1430 38 21 har
374 1430 106 27 allmogen
496 1433 88 18 motsatt
609 1431 32 26 sig
656 1431 59 20 detta
728 1429 27 28 pä
765 1429 165 27 kyrkstämman.

107 1458 60 21 Dock
192 1460 24 19 är
239 1459 41 20 min
304 1459 77 21 socken
405 1459 47 25 den,
475 1465 75 20 genom
574 1459 84 21 hvilken
678 1461 59 18 stora
752 1460 65 25 vägen
833 1457 38 27 gär
885 1456 47 21 frän

108 1487 61 21 söder
185 1487 32 21 till
232 1487 91 26 Kuopio,
340 1487 38 21 der
393 1491 31 17 ett
440 1487 49 21 vida
504 1489 69 19 större
589 1488 59 20 antal
664 1487 73 21 hästar
753 1487 67 21 finnas
835 1485 27 27 pä
877 1487 56 25 gäst-

107 1515 96 26 gifveriet
228 1517 26 19 än
271 1515 40 21 den
327 1516 77 21 socken
424 1516 7 21 i
447 1516 140 26 Pieksämäki,
609 1517 6 20 i
631 1516 85 21 hvilken
732 1515 200 26 kontraktsprosten

107 1543 80 22 Berner
211 1545 24 20 är
259 1544 167 27 tjenstgörande.
456 1545 10 20 I
491 1545 42 20 min
556 1545 78 21 socken
658 1547 24 18 är
704 1544 229 27 skjutsningsbesväret
