1117 1817
226 124 43 22 830
430 128 163 18 Presteståndet
605 129 55 17 1872.
685 130 26 16 25
723 128 59 22 april.

195 210 33 21 för
250 209 74 27 hvarje
347 209 41 26 dag
411 208 67 22 under
501 208 49 22 hela
566 209 40 21 den
622 208 31 21 tid
670 208 26 22 de
711 209 6 20 i
732 208 66 27 sagde
814 208 107 27 egenskap
936 208 23 22 af
972 208 57 22 leda-

195 239 70 21 möter
280 240 37 19 äro
333 239 93 25 tvungne
441 239 32 20 att
490 237 67 21 vistas
573 237 7 21 i
595 236 139 27 Helsingfors.

270 306 90 21 Prosten
382 305 140 22 Borenius
545 305 98 28 upplyste
658 307 32 20 att
705 305 35 22 vid
755 307 86 20 senaste
857 305 102 28 landtdag
974 305 55 22 hade

200 334 103 23 arbetena
318 334 90 27 fortgått
423 334 32 21 till
470 334 75 27 början
560 334 23 21 af
594 334 38 27 juli
648 334 76 22 månad
740 334 40 22 och
797 334 106 22 arvodena
919 334 54 22 varit
986 334 44 22 lika

200 363 33 22 för
248 363 43 22 alla
305 362 218 22 utskottsledamöter.

270 431 111 22 Professor
396 437 17 15 v.
431 431 87 22 Essen
534 431 49 21 ville
598 433 32 20 att
645 433 32 20 ett
692 431 108 22 bestämdt
811 431 78 22 arvode
900 431 66 22 borde
980 431 49 22 fixe-

200 466 35 15 ras
258 460 40 21 och
321 459 96 22 erinrade
439 459 68 22 tillika
528 459 80 27 derom,
631 462 33 19 att
685 460 158 22 universitetets
858 462 171 25 representanter

200 489 47 21 icke
262 489 84 26 åtnjuta
361 489 64 26 något
440 489 84 21 arvode.

270 551 84 22 Doktor
369 551 137 22 Hornborg
541 551 100 22 förenade
656 551 32 27 sig
703 551 48 22 med
767 551 136 27 domprosten
919 551 56 27 Borg
989 551 39 22 och

201 580 108 27 professor
329 586 18 15 v.
369 580 66 21 Essen
458 582 56 19 samt
536 580 66 26 ansåg
624 580 83 21 skilnad
729 580 48 21 icke
792 579 51 22 böra
859 581 63 26 göras
938 580 90 21 emellan

200 609 147 22 ledamöterna
369 609 6 20 i
398 609 139 26 expeditions-
560 608 40 22 och
620 608 233 27 justeringsutskotten,
875 609 69 21 såsom
961 608 67 22 öfver-

201 637 84 22 läraren
301 637 98 22 Kihlman
414 637 114 27 föreslagit.

270 700 84 22 Doktor
374 700 146 27 Alopaeus
542 700 100 21 förenade
665 700 31 26 sig
718 700 7 20 i
747 700 120 21 hufvudsak
887 700 48 21 med
951 699 77 22 doktor

201 728 121 28 Hornborg.

271 787 147 26 Öfverläraren
439 790 131 23 Kihlman
595 791 95 27 frångick
711 792 31 21 sin
758 791 53 22 först
826 791 95 21 uttalade
937 791 89 26 mening.

270 854 81 22 Rektor
373 854 155 22 Rosendal
551 854 66 27 ansåg
632 854 102 22 likaledes
749 854 93 22 arvoden
858 853 64 22 blifva
937 854 43 21 lika
994 854 34 21 för

201 882 42 22 alla
259 882 216 22 utskottsledamöter.

271 946 141 26 Domprosten
428 946 77 26 Borg
520 946 122 26 upprepade
658 945 37 22 sitt
710 945 139 23 förenämoda
859 945 80 27 förslag
949 946 78 21 beträf-

201 974 62 22 fande
279 974 112 22 arvodena.

270 1037 73 27 Härpä
358 1036 141 22 framställdes
514 1036 92 28 följande

271 1100 142 27 Proposition:

269 1163 69 20 Anser
359 1162 128 27 högvördiga
502 1162 86 22 ständet
604 1162 6 21 i
626 1162 132 27 Helsingfors
774 1163 85 22 bosatte
874 1163 151 22 utskottsleda-

201 1192 69 21 möter
285 1191 52 21 böra
352 1190 80 22 erhälla
446 1191 79 21 arvode
540 1191 52 22 eller
608 1191 60 21 icke?
690 1191 46 22 Den
753 1197 45 16 som
815 1191 104 22 erkänner
935 1192 47 21 dem
993 1199 32 14 ar-

201 1219 60 27 vode,
277 1226 72 15 svarar
361 1219 34 27 ja;
411 1219 40 22 den
467 1219 35 22 det
517 1219 47 22 icke
579 1221 45 26 gör,
640 1226 73 15 svarar
729 1220 40 27 nej.

269 1282 130 21 Besvarades
415 1282 47 21 med
477 1283 27 20 28
518 1282 22 27 ja
556 1282 39 21 och
611 1283 14 20 4
640 1283 42 26 nej.
713 1282 45 22 Och
773 1283 104 22 stannade
892 1283 85 21 ständet
992 1284 32 21 sä-

201 1311 58 21 ledes
281 1311 6 20 i
311 1311 34 21 det
367 1310 75 26 beslut,
464 1313 32 19 att
517 1311 78 26 jemväl
614 1311 6 20 i
636 1311 133 27 Helsingfors
784 1311 85 22 bosatte
884 1311 138 22 ledamöter
1010 1306 15 36 i

201 1339 140 28 expeditions-
356 1339 39 22 och
407 1339 226 28 justeringsutskotten
648 1341 41 26 äga
703 1340 97 27 uppbära
815 1340 85 21 arvode.

269 1402 63 21 Emot
347 1401 91 22 beslutet
453 1402 135 22 reserverade
603 1402 32 27 sig
650 1402 148 28 kyrkoherden
814 1403 144 22 Snellman.

269 1465 56 21 Herr
346 1464 175 22 talmannen
546 1465 156 22 öfverlemnade
717 1466 122 22 sedermera
854 1467 23 20 ät
891 1466 87 21 ständet
993 1469 32 19 att

200 1495 56 25 yttra
271 1493 31 27 sig
317 1493 59 22 öfver
391 1493 35 21 det
442 1493 22 22 af
477 1493 137 27 domprosten
629 1494 57 27 Borg
701 1494 132 22 framställda
843 1494 79 27 förslag
934 1495 90 22 rörande

201 1522 92 21 arvoden
308 1521 31 22 för
354 1521 244 23 utskottsledamöterna.
