1117 1817
221 141 54 21 1086
438 146 162 18 Presteståndet
612 148 55 16 1872.
693 148 23 16 14
728 147 47 21 maj.

191 226 78 21 vation.
301 226 60 21 Hvad
382 227 47 20 åter
444 226 39 21 den
500 226 22 21 af
535 226 148 27 kyrkoherden
700 226 114 23 Helander,
831 228 72 24 pastor
919 226 99 21 Törnudd

191 255 39 21 och
252 254 67 21 andra
342 255 76 26 afgifna
437 255 158 20 reservationen
612 254 106 23 beträffar,
735 256 23 20 så
774 255 39 20 kan
829 255 36 26 jag
880 255 32 20 för
927 255 42 21 min
985 253 33 22 del

191 283 114 26 ingalunda
328 283 73 21 förena
424 283 40 26 mig
480 283 6 20 i
502 283 26 20 de
543 283 87 26 åsigter,
646 289 45 15 som
707 283 38 21 der
760 285 37 19 äro
813 283 102 21 uttalade.
946 282 73 23 Skulle

191 312 36 21 det
243 318 50 15 vara
309 311 121 27 tillräckligt
446 311 32 21 för
493 313 31 19 att
541 311 98 22 befordra
655 318 25 15 en
697 312 114 26 vetenskap
828 312 33 21 vid
875 312 143 21 universitetet

191 342 31 19 att
248 346 48 15 man
324 341 74 20 endast
421 340 61 26 höjde
505 339 147 27 fordringarne
675 341 5 20 i
702 347 81 14 samma
798 342 61 19 ämne
876 341 33 20 vid
925 341 93 20 student-

192 375 93 19 examen,
302 369 23 20 så
341 368 67 21 skulle
424 375 47 14 man
488 369 47 20 med
551 375 81 14 samma
647 369 46 20 skäl
709 369 27 21 då
748 369 72 20 kunna
829 371 51 24 säga
891 371 31 19 att
936 369 82 20 hvilken

191 397 117 26 profession
335 403 43 15 som
405 397 53 21 helst
484 397 33 20 vid
542 397 148 21 universitetet
710 403 49 15 vore
775 397 128 26 öfverflödig.
933 397 85 22 Samma

191 429 117 22 argument,
335 421 56 35 some
401 425 25 21 af
448 428 162 18 reservanterna
626 425 84 22 anföras
726 426 41 21 kan
783 426 105 26 nemligen
905 426 112 26 tillämpas,

191 455 68 20 såsom
288 454 146 27 kyrkoherden
460 453 108 22 Snellman
592 454 65 21 redan
681 455 103 24 anmärkt,
801 454 46 21 icke
863 455 54 20 blott
933 458 43 17 mot
991 460 26 15 en

191 482 117 27 profession
324 483 6 20 i
345 482 87 24 finskan,
449 485 50 18 utan
517 484 75 19 nästan
608 485 44 18 mot
670 483 81 21 hvilken
768 483 117 26 profession
898 489 43 15 som
955 482 61 21 helst.

190 511 143 26 Domprosten
356 511 87 21 Renvall
467 511 38 20 har
528 512 27 25 på
576 513 44 18 sätt
635 511 39 21 och
691 511 29 21 vis
737 511 71 26 vädjat
824 511 31 21 till
872 511 145 22 consistorium

191 539 150 25 academicum,
366 539 135 22 förmenande
526 542 32 19 att
586 546 34 14 om
648 540 98 21 behofvet
761 539 23 22 af
798 546 24 14 en
839 540 76 21 svensk
932 539 85 22 lärostol

191 568 107 27 verkligen
314 568 67 21 skulle
397 575 48 14 vara
461 569 23 20 så
500 568 112 25 kännbart,
628 574 45 15 som
690 569 6 20 i
712 568 141 27 petitionerna
870 569 94 26 antydes,
980 568 36 21 det

191 596 68 21 skulle
282 597 53 20 varit
358 597 117 20 consistorii
492 597 54 20 både
561 597 121 26 skyldighet
697 597 39 21 och
752 597 103 26 rättighet
871 600 31 18 att
917 600 48 23 taga
980 596 37 21 ini-

191 625 59 21 tiativ
274 625 5 20 i
302 625 71 25 saken,
398 625 38 21 och
461 625 27 21 då
506 625 76 21 sådant
598 625 45 21 icke
659 625 62 26 skett,
739 625 70 21 kunde
825 632 48 14 man
890 625 59 21 deraf
962 625 56 21 sluta

190 653 33 21 till
246 655 32 19 att
301 653 98 22 behofvet
423 654 105 26 verkligen
547 654 46 21 icke
610 660 49 15 vore
674 653 133 27 synnerligen
825 655 122 25 trängande.
977 653 40 26 Jag

190 681 38 22 ber
251 684 32 18 att
306 682 69 20 dertill
398 682 20 21 få
441 682 101 20 anmärka
564 684 32 18 att
612 682 98 21 behofvet
726 682 21 21 af
762 688 25 15 en
804 682 87 21 lärostol
907 682 6 20 i
929 682 88 21 svenska

190 710 87 26 språket
301 710 114 26 ingalunda
439 710 39 21 har
502 710 54 21 varit
582 710 103 22 förbisedt
710 710 23 22 af
746 710 153 26 consistorium,
916 710 101 21 ehuruväl

191 745 47 14 man
267 739 45 21 icke
337 741 70 19 ansett
433 739 59 21 detta
517 738 64 22 behof
598 745 50 15 vara
665 739 36 21 det
716 741 54 19 mest
786 739 184 27 magtpåliggande
985 738 33 21 för

190 767 103 25 tillfället;
315 767 35 21 det
365 767 66 21 finnes
446 768 64 20 också
526 767 107 26 åtskilliga
649 768 66 20 andra
731 768 158 26 vetenskapliga
906 767 63 21 behof
982 767 34 20 vid

191 796 152 26 universitetet,
366 802 47 15 men
436 796 146 21 consistorium
607 796 38 20 har
667 796 63 21 likväl
752 796 73 20 tvekat
841 798 31 19 att
887 798 51 24 göra
954 796 63 20 fram-

190 824 100 26 ställning
306 824 71 21 derom
393 825 13 20 å
420 824 66 26 högre
502 826 39 22 ort,
558 825 87 20 emedan
663 831 47 14 man
727 825 38 21 har
780 825 55 20 varit
851 824 122 27 öfvertygad
983 830 33 14 om

191 855 31 19 att
238 853 139 21 statsverkets
392 853 113 26 tillgångar
520 853 46 21 icke
582 853 68 21 skulle
666 853 32 21 för
714 853 131 21 närvarande
863 853 102 26 medgifva
980 853 35 20 nå-

190 883 37 24 got
250 884 47 24 nytt
319 882 72 26 anslag
413 882 31 20 för
467 881 150 21 universitetet.
649 882 41 20 Det
711 884 24 18 är
751 881 22 21 af
786 882 79 20 sådana
881 881 135 21 ekonomiska

190 909 45 21 skäl
259 916 45 15 som
327 910 144 21 consistorium
492 910 94 21 hvarken
602 910 6 20 i
625 910 68 21 denna
709 910 52 21 eller
776 910 106 26 åtskilliga
898 910 65 20 andra
978 910 38 20 lik-

191 938 74 21 artade
281 938 71 26 frågor
367 941 69 19 ansett
451 939 31 26 sig
497 939 71 20 kunna
584 939 49 26 ingå
649 938 31 21 till
692 939 65 25 högre
769 941 34 18 ort
815 939 46 20 med
873 939 68 25 någon
953 938 63 21 fram-

191 966 106 27 ställning.
328 967 30 21 På
381 968 67 26 grund
471 967 22 21 af
514 967 56 21 hvad
585 967 37 27 jag
637 967 70 21 anfört
723 967 68 21 skulle
805 967 35 26 jag
857 967 84 21 förorda
956 970 58 18 anta-

190 996 79 26 gandet
285 996 22 20 af
321 996 244 20 utskottsbetänkandet.

259 1047 84 21 Doktor
385 1047 138 27 Lampön.*)

259 1092 120 22 Statsrädet
394 1092 131 22 Lindelöf
539 1092 121 27 aflägsnade
675 1093 31 26 sig
722 1092 52 21 härä
785 1092 32 21 för
833 1092 182 27 embetsgöromäl.

259 1139 89 20 Prosten
391 1145 162 19 Rosengren:
570 1138 56 22 Vore
640 1139 35 26 jag
692 1145 25 14 en
733 1139 76 20 svensk
826 1145 48 14 man
885 1138 51 21 eller
947 1137 67 22 skulle

186 1167 37 26 jag
246 1167 68 27 bygga
337 1167 38 21 och
397 1167 26 21 bo
439 1167 56 21 inom
512 1167 54 22 Svea
582 1167 56 21 rikes
653 1169 94 24 gränser,
763 1166 68 21 skulle
845 1167 36 26 jag
896 1166 64 21 tänka
975 1166 39 21 och

189 1195 44 21 tala
254 1202 45 15 som
323 1202 25 15 en
364 1195 75 22 svensk
454 1195 78 26 höfves,
550 1202 47 15 men
614 1202 27 14 nu
656 1198 24 18 är
694 1195 35 26 jag
745 1201 26 15 en
787 1195 54 20 finsk
858 1201 45 15 man
921 1195 38 21 och
975 1195 39 21 bor

189 1224 56 21 inom
269 1224 101 21 Finlands
393 1224 134 21 landamären
544 1224 39 21 och
598 1225 45 20 stär
658 1224 55 21 inför
728 1230 26 15 en
770 1223 53 21 finsk
840 1223 174 27 representation,

189 1252 83 22 derföre
296 1253 34 20 vill
351 1253 37 26 jag
410 1253 64 21 tänka
496 1253 40 20 och
555 1253 44 20 tala
614 1259 45 14 som
675 1259 25 14 en
716 1252 55 21 finsk
787 1258 55 15 man.
872 1252 39 26 Jag
927 1252 40 21 kan
982 1253 32 20 sä-

189 1280 64 22 lunda
276 1281 46 21 icke
337 1281 112 26 godkänna
465 1281 40 21 den
521 1281 141 27 uppfattning,
678 1287 45 15 som
740 1281 38 20 här
793 1281 22 20 af
829 1281 106 26 åtskilliga
951 1281 63 20 ärade

188 1310 67 21 talare
283 1309 67 22 blifvit
374 1310 125 25 framställd,
525 1309 71 21 hvilka
619 1309 62 21 hafva
696 1309 95 27 godkänt
807 1309 160 26 ifrägavarande
981 1311 34 18 ut-

188 1338 212 23 skottsbetänkande,
416 1339 106 26 grundadt
538 1339 26 26 pä
580 1338 26 21 de
622 1341 75 18 tvenne
713 1338 146 26 ifrägakomne
867 1337 146 26 petitionerna.

187 1367 41 26 Jag
243 1367 60 20 delar
319 1367 43 21 helt
377 1367 39 21 och
431 1367 66 21 hället
513 1367 39 21 den
565 1367 140 26 uppfattning,
715 1373 44 14 som
769 1366 102 21 särskildt
879 1366 136 26 domprosten

188 1395 89 21 Renvall
302 1395 39 21 har
365 1395 112 22 framställt
503 1395 45 26 och,
568 1401 45 15 som
630 1395 63 21 ocksä
709 1397 23 19 är
749 1395 84 20 biträdd
850 1395 22 20 af
886 1395 72 20 rektor
973 1394 41 21 Ro-

187 1424 80 21 sendal.
298 1424 41 26 Jag
361 1423 91 28 begärde
475 1424 61 21 ordet
552 1423 64 22 likväl
632 1424 75 21 endast
722 1424 6 20 i
744 1423 63 26 afsigt
822 1425 32 19 att
869 1423 20 21 få
905 1423 33 20 vid
955 1423 59 20 detta

188 1452 83 21 tillfälle
294 1453 87 26 uppläsa
397 1453 65 26 några
479 1452 120 27 yttranden,
615 1458 45 15 som
677 1454 50 19 nära
745 1451 75 22 beröra
837 1452 57 21 detta
910 1453 67 22 ämne,
994 1448 22 23 af

256 1526 16 21 *)
285 1526 26 17 Dr
328 1526 87 22 Lampöns
434 1525 85 23 skriftliga
536 1525 90 18 uttalande
639 1525 63 18 saknas
715 1525 5 18 i
733 1525 114 22 protokollen.
870 1525 30 17 Uti
913 1524 100 18 memorial-

187 1548 104 23 protokollet
303 1549 56 17 finnes
372 1549 104 18 antecknadt
488 1549 65 17 »röstar
565 1549 27 17 för
604 1549 117 17 betänkandet
733 1549 33 17 och
779 1548 109 23 petitionen».

846 1571 40 22 Utg.
899 1576 47 12 anm.
