1117 1817
317 146 161 18 Presteståndet
491 148 53 16 1872.
564 148 21 16 13
603 148 58 21 april.
841 144 42 20 633

84 227 68 22 skilda
173 227 88 26 linjerna
281 227 5 20 i
303 227 98 22 afseende
417 228 13 21 å
445 227 90 22 trafiken
552 228 123 26 ömsesidigt
690 228 84 21 komma
790 230 32 19 att
837 228 74 21 under-

84 256 69 27 stödja
177 255 124 26 hvarandra,
318 255 39 22 och
373 256 89 21 sålunda
478 257 40 20 den
535 262 40 15 ena
590 256 63 27 linjen
670 256 55 21 låter
740 263 25 14 en
781 258 46 19 stor
842 257 33 21 del
891 256 22 22 af

84 285 33 20 sin
140 283 63 22 trafik
224 284 123 21 inströmma
363 285 27 26 på
406 285 39 21 den
462 285 67 21 andra
544 285 40 21 och
600 287 98 18 tvärtom.
729 285 32 21 De
777 285 73 27 banor,
866 291 45 15 som

85 313 82 21 derföre
183 313 28 27 på
226 315 30 18 ett
271 312 103 27 betydligt
389 315 43 19 sätt
446 313 88 21 inverka
550 313 26 27 på
592 313 119 22 hvarandra
727 313 38 22 och
778 315 79 25 .utgöra
873 313 38 22 lik-

84 347 46 15 som
153 348 25 15 en
201 341 136 27 fortsättning
353 341 22 22 af
388 341 127 25 hvarandra,
531 342 91 21 ledande
638 341 97 26 trafiken,
752 342 40 21 den
808 349 39 14 ena
862 342 49 27 inpå

84 371 42 20 den
148 370 73 25 andra,
244 369 67 22 skulle
329 370 34 26 jag
379 370 56 21 kalla
450 370 130 21 stambanor.
611 371 43 20 Det
669 372 25 19 är
709 370 58 21 detta
783 377 45 14 som
845 371 67 21 måste

85 398 60 27 afses,
169 399 27 21 då
213 399 34 20 det
261 398 67 27 gäller
343 401 32 18 att
390 399 118 21 bestämma
524 401 30 19 ett
568 399 184 27 jernvägssystem.
785 399 74 26 Någon
875 406 37 15 an-

85 433 42 15 nan
143 428 84 26 mening
241 427 41 21 kan
295 427 37 26 jag
347 427 18 27 ej
381 427 55 22 fatta
450 427 6 21 i
474 427 61 22 ordet
548 427 146 25 ,stambana*.
715 427 42 22 Det
769 427 42 22 kan
823 434 28 15 nu
862 435 49 14 vara

86 455 59 27 fräga
167 462 42 20 om,
232 455 70 22 hvilka
324 455 68 22 banor
414 458 69 19 staten
508 455 54 22 skall
585 455 75 28 bygga.
691 456 50 21 Man
758 456 40 21 kan
815 458 50 25 säga
880 459 31 19 att

86 486 69 19 staten
178 484 86 21 alldeles
284 484 45 21 icke
352 484 39 21 bör
413 485 90 26 anlägga
519 485 69 26 nägon
604 485 62 23 bana,
682 487 51 18 utan
748 485 70 21 lemna
833 485 39 21 allt
889 486 23 21 ät

86 513 40 20 den
142 513 96 21 enskilda
253 512 198 27 företagsamheten.
482 513 41 21 Det
539 513 61 22 torde
616 513 80 22 kanske
712 514 18 26 ej
750 520 51 15 vara
817 513 95 28 lämpligt

86 541 46 26 här,
156 543 31 19 att
209 543 70 19 staten
302 541 79 27 bygger
401 541 42 22 alla
464 542 74 24 banor,
555 548 49 15 vare
619 542 32 26 sig
666 544 64 19 stam-
745 542 52 21 eller
812 542 98 25 bibanor;

86 569 71 21 dertill
173 569 62 22 hafva
250 570 19 21 vi
285 570 17 26 ej
319 569 117 28 tillgångar.
468 571 40 26 Jag
524 573 45 18 tror
584 570 83 21 derföre
683 572 32 19 att
731 571 34 20 det
781 570 68 22 blefve
859 571 52 21 nöd-

86 598 87 26 vändigt
195 600 32 19 att
246 598 114 21 inskränka
376 599 25 21 de
417 599 23 21 af
453 601 70 19 staten
539 599 69 27 bygda
622 599 140 26 jernvägarne
778 600 29 24 sä,
823 602 32 18 att
871 599 40 22 den

86 625 79 28 bygger
188 627 25 20 de
237 627 103 26 egentliga
363 627 157 24 stambanorna,
542 627 18 21 d.
585 634 18 14 v.
626 633 17 16 s.
666 627 26 22 de
708 627 73 26 banor,
798 629 26 25 pä
840 628 71 21 hvilka

87 654 72 27 hvarje
182 655 89 27 tillbygd
293 655 30 21 bit
345 655 87 22 förökar
453 655 90 22 trafiken
568 657 26 25 pä
618 656 25 21 de
661 656 57 21 förut
734 657 68 26 bygda
819 657 91 24 delarne,

87 682 86 22 dermed
199 683 54 21 dock
278 683 146 22 oförhindradt
449 686 32 20 att
505 684 67 27 bygga
595 684 95 26 bibanor,
715 690 34 16 om
768 685 40 21 den
823 686 24 20 sä
863 685 47 21 kan.

86 711 78 22 Likasä
180 712 51 21 böra
247 712 17 26 ej
281 712 94 22 enskilda
391 712 107 22 förbindas
513 715 33 19 att
561 712 69 28 bygga
646 712 95 22 bibanor.
768 713 50 21 Man
834 714 34 21 mä
883 720 28 14 nu

86 746 51 15 anse
160 740 36 22 det
220 746 50 16 vara
292 741 33 21 väl
348 741 52 21 eller
415 741 42 27 illa,
473 744 32 18 att
521 741 26 22 de
560 741 120 27 jernvägar,
696 748 45 15 som
756 742 65 21 redan
837 742 74 24 finnas,

88 768 67 22 blifvit
177 769 96 26 anlagda,
294 770 23 21 sä
332 770 67 21 måste
415 776 47 15 man
478 770 63 21 likväl
557 773 50 23 taga
622 770 7 21 i
644 770 154 27 öfvervägande
813 771 98 26 utgängs-

87 797 119 26 punkterna
230 798 32 20 för
284 798 61 21 dessa
360 798 68 21 banor
443 799 26 21 dä
487 799 18 20 vi
521 799 61 21 skola
598 798 117 22 bestämma
730 805 41 20 nya
787 799 124 21 bansträck-

87 825 80 27 ningar.
199 826 44 22 Och
267 827 26 21 dä
316 827 19 20 vi
357 833 28 15 nu
406 827 61 21 hafva
483 834 25 15 en
523 827 88 27 jernväg
627 827 45 21 från
688 827 31 21 S:t
735 827 128 27 Petersburg
879 828 32 20 till

87 854 112 22 Riihimäki
223 855 39 21 och
286 861 25 15 en
335 862 74 20 annan,
433 862 45 15 som
501 856 50 21 skär
575 856 75 25 denna,
670 855 45 22 frän
732 856 131 26 Helsingfors
879 856 32 21 till

87 882 137 26 Tavastehus,
240 884 23 20 sä
279 884 67 21 mäste
361 884 40 21 den
417 884 66 27 derpä
495 884 92 27 följande
601 884 125 21 stambanan
742 884 33 21 stä
788 884 5 21 i
807 890 104 15 samman-

86 910 56 28 hang
157 912 47 21 med
221 912 66 21 dessa.
318 912 31 21 En
365 913 65 21 sädan
446 913 112 21 stambana
573 914 22 20 ät
611 919 50 15 norr
676 912 41 22 kan
729 913 18 27 ej
758 914 26 26 gä
796 913 31 21 till
840 919 70 15 annan

87 941 35 19 ort
136 942 26 19 än
177 940 113 22 Bottniska
305 941 72 21 vikens
393 942 54 23 kust,
464 942 31 20 till
512 942 64 20 Wasa
591 942 91 20 trakten.
715 942 44 20 Den
775 942 67 20 mäste
860 941 51 21 fort-

86 970 67 20 sättas
176 969 31 21 till
231 969 147 27 Tammerfors,
405 970 64 21 redan
485 970 22 21 af
522 970 35 21 det
572 970 52 25 skäl,
641 972 32 18 att
688 970 223 27 Tammerfors-banan

87 998 24 19 är
134 997 38 21 den
198 998 53 21 enda
273 1004 45 15 som
335 998 38 21 bär
387 998 37 27 sig.
456 998 125 22 Sedermera
596 998 40 21 bör
651 998 40 21 den
706 998 70 26 fortgå
792 998 31 21 till
839 998 72 22 Öster-

87 1024 80 26 botten,
191 1026 87 22 emedan
301 1033 25 15 en
348 1028 66 20 sädan
438 1027 56 21 bana
516 1027 38 21 har
575 1028 68 25 nägon
660 1026 108 28 betydelse
783 1026 69 22 säsom
869 1027 33 21 för

87 1052 105 23 bindande
207 1057 76 19 tvenne
299 1057 58 19 stora
372 1056 146 21 kuststräekor
534 1056 47 21 med
597 1056 120 20 hvarandra
733 1056 38 20 och
785 1055 126 21 afskärande

87 1082 28 26 pä
135 1082 92 22 snedden
251 1084 35 20 det
308 1084 45 21 inre
368 1084 21 21 af
404 1084 76 21 landet.
512 1084 74 21 Denna
601 1084 68 21 skulle
682 1084 36 26 jag
734 1084 55 21 kalla
806 1090 24 15 en
847 1087 64 18 stam-

87 1110 62 22 bana.
179 1111 101 22 Deremot
296 1113 41 20 kan
349 1112 38 27 jag
401 1113 18 26 ej
436 1112 53 22 fatta
505 1119 26 15 en
546 1112 55 22 bana
616 1112 46 21 från
678 1112 76 22 Wiiala
770 1112 31 21 till
817 1106 46 27 Åbo
880 1112 31 21 sä-

87 1145 46 14 som
148 1145 25 15 en
189 1140 116 21 stambana.
336 1141 32 21 En
385 1141 111 21 stambana
511 1141 32 21 till
558 1135 47 27 Äbo
621 1141 68 20 mäste
704 1141 27 26 gä
747 1144 23 17 ut
785 1141 45 21 frän
846 1141 66 20 Riihi-

88 1167 55 21 mäki
165 1169 23 20 åt
205 1171 68 18 vester
291 1169 38 21 och
346 1170 120 21 sedermera
481 1169 32 22 till
529 1163 53 31 Åbo,
598 1169 90 21 sålunda
704 1169 104 26 nämligen
824 1171 32 19 att
872 1169 40 21 den

88 1195 22 21 af
131 1197 104 21 utskottet
257 1197 117 27 föreslagna
397 1198 63 26 linjen
480 1198 68 21 skulle
563 1198 73 21 förena
658 1198 32 26 sig
706 1198 48 21 med
769 1197 144 22 densamma
895 1191 21 39 i

88 1225 84 21 trakten
188 1225 22 21 af
223 1225 110 27 Loimijoki
350 1226 76 27 kapell.
456 1227 33 21 En
505 1227 65 21 sådan
583 1227 55 20 bana
652 1226 67 21 skulle
733 1227 106 21 dessutom
851 1225 62 22 hafva

89 1253 40 20 den
144 1253 108 22 förmonen
268 1254 87 21 framför
372 1255 164 25 Wiiala-banan,
552 1255 34 21 för
601 1257 32 19 att
649 1255 17 26 ej
683 1255 44 21 tala
743 1261 33 14 om
793 1255 72 24 andra,
881 1257 32 18 att

88 1281 41 20 den
151 1282 108 26 verkligen
281 1283 68 21 skulle
365 1284 26 26 gå
407 1290 75 20 genom
498 1284 36 21 det
550 1284 22 21 af
586 1284 105 20 utskottet
706 1284 24 21 så
746 1284 83 27 mycket
844 1283 69 27 bepri-

88 1309 51 22 sade
154 1309 188 24 fabriksdistriktet
361 1312 2 21 i
379 1312 113 26 Tammela,
510 1315 21 24 ty
548 1313 39 20 den
599 1312 68 21 skulle
676 1312 75 26 dragas
764 1318 75 20 genom
850 1312 63 21 södra

88 1339 78 20 kanten
189 1339 22 20 af
233 1339 106 22 Tammela
360 1341 62 26 sjöar,
447 1342 26 25 '/,
489 1341 36 20 mil
548 1341 62 21 söder
633 1347 33 15 om
688 1340 81 26 Jokkis,
793 1340 39 22 och
848 1340 65 21 sedan

88 1367 85 21 komma
195 1367 20 22 in
240 1369 25 26 pä
288 1369 39 21 den
351 1369 56 27 linje,
430 1375 46 15 som
502 1369 106 21 utskottet
624 1369 38 22 har
678 1369 113 26 föreslagit.
823 1369 48 20 Men
888 1375 25 14 en

88 1395 65 22 sådan
176 1397 122 26 sträckning
321 1397 44 22 från
389 1398 112 21 Riihimäki
524 1398 33 21 till
575 1391 47 28 Åbo
638 1397 68 22 skulle
721 1397 64 22 likväl
801 1397 61 21 hafva
879 1397 35 21 det

88 1427 57 18 emot
167 1425 37 26 sig,
221 1428 32 18 att
268 1426 39 21 den
328 1425 68 22 blefve
411 1427 46 20 litet
472 1427 74 26 längre
560 1428 27 19 än
604 1426 38 21 den
660 1426 51 29 från,
721 1426 76 21 Wiiala
812 1425 32 22 till
859 1419 54 32 Åbo,

88 1453 19 20 d.
124 1459 17 14 v.
159 1459 15 15 s.
191 1456 32 19 tre
239 1454 35 21 mil
291 1454 78 27 längre.
400 1455 48 21 Men
471 1461 28 15 nu
514 1455 67 21 finnes
597 1455 36 21 det
648 1461 25 15 en
690 1454 162 27 omständighet,
869 1460 45 15 som

88 1481 18 26 ej
123 1481 32 22 får
169 1482 80 21 lemnas
265 1489 25 14 ur
313 1483 59 26 sigte,
390 1484 39 21 den
445 1484 112 27 nämligen,
572 1485 32 20 att
620 1478 127 26 Åboboerne
764 1483 17 26 ej
798 1485 37 19 äro
851 1482 64 27 nöjda

88 1510 48 21 med
157 1517 25 14 en
205 1511 66 21 sådan
294 1511 117 26 stambana,
426 1515 51 18 utan
494 1512 66 21 önska
576 1514 33 19 att
624 1512 70 21 banan
710 1511 31 21 till
757 1511 76 22 Wiiala
849 1511 66 21 måtte

88 1537 67 23 kallas
171 1539 116 22 stambana.
318 1541 42 20 Det
375 1541 42 21 kan
434 1541 17 26 ej
465 1541 66 21 nekas
547 1543 32 18 att
594 1540 157 22 Wiiala-banan
768 1542 23 19 är
802 1540 21 21 af
833 1539 82 28 mycket
