1117 1817
20 18 155 37 post
208 18 50 37 a=
272 18 32 37 ="”l
325 18 294 37 Ma"
815 18 302 37 "um

339 161 164 18 Presteständet
516 163 55 16 1872.
596 163 13 15 4
622 162 46 20 maj.
853 158 40 21 951

94 243 87 24 kandet,
203 248 73 15 svarar
297 242 30 26 ja;
351 241 40 22 den
408 242 35 21 det
458 241 47 22 icke
520 243 45 25 gör,
582 248 73 15 svarar
670 242 40 26 nej.
742 242 79 21 Vinner
836 243 33 26 nej
885 243 40 22 har

94 272 86 21 ständet
198 271 81 25 antagit
295 271 35 20 det
346 270 22 21 af
381 269 53 28 prof.
452 270 63 21 Cleve
531 270 5 21 i
552 271 53 20 hans
622 270 151 22 ofvanstäende
789 271 135 27 andragande

95 299 123 22 framstälda
233 299 78 25 förslag
327 298 30 21 till
374 299 89 26 petition
479 299 6 20 i
502 301 78 19 ämnet.

163 355 130 22 Besvarades
313 355 48 21 med
379 356 25 21 19
418 355 23 26 ja
457 357 45 19 mot
519 356 25 21 13
560 356 40 26 nej.
632 355 46 22 Och
694 355 44 22 blef
752 355 82 22 säledes
849 357 75 21 betän-

95 385 80 21 kandet
197 384 21 21 af
237 384 84 21 ständet
345 384 117 26 godkändt;
480 383 86 22 hvarom
581 384 155 21 underrättelse
753 385 65 20 borde
834 385 89 22 medelst

95 412 194 28 protokollsutdrag
305 412 47 27 afgä
363 412 31 21 till
408 412 138 21 medständen
559 413 39 20 och
611 413 106 21 allmänna
725 413 197 22 besvärsutskottet.

164 555 120 26 Föredrogs
307 557 151 19 sammansatta
481 557 63 19 stats-
567 555 39 22 och
630 555 215 22 ekonomiutskottets
861 555 62 22 bord-

96 583 62 27 lagda
181 583 134 22 betänkande
334 584 7 20 i
365 583 113 27 anledning
494 583 58 22 säväl
568 583 21 22 af
604 584 59 21 Hans
679 583 118 27 Kejserliga
813 584 109 26 Majestäts

96 612 76 27 nädiga
194 612 137 27 proposition,
356 619 34 14 om
409 612 133 27 uppförande
557 612 22 21 af
594 613 35 20 tvä
644 612 101 27 fyrbäkar
760 612 6 20 i
782 612 86 27 Ladoga
883 613 38 26 sjö,

95 647 46 16 som
157 641 39 20 ock
211 641 23 20 af
247 641 76 26 nådiga
338 641 160 26 propositionen
514 641 110 26 angående
639 641 118 26 utgörande
773 641 21 20 af
809 641 113 26 bevillning

96 669 32 21 för
146 670 53 20 1873
215 669 39 21 och
270 669 121 27 påföljande
405 670 30 25 år,
451 669 70 21 såvidt
536 669 104 26 sistsagde
656 669 131 26 proposition
804 669 61 21 berör
881 669 41 21 frå-

96 704 40 20 gan
160 704 33 14 om
216 697 131 22 inrättandet
369 697 21 21 af
408 704 24 14 en
449 697 32 27 fyr
496 698 13 20 å
524 698 108 26 Bogskärs
647 698 152 20 undervattens
814 697 33 22 ref
859 698 64 21 söder

166 726 53 21 land.

163 784 66 21 Ordet
245 783 102 27 begärdes
362 783 52 21 först
429 783 21 21 af

162 840 83 22 Doktor
267 840 142 25 Granfelt,
432 846 46 15 som
500 840 93 27 yttrade:
618 840 43 21 För
685 840 43 21 min
751 840 34 21 del
803 840 68 22 skulle
884 840 37 27 jag

94 870 85 20 förorda
201 869 39 21 den
263 869 136 25 reservation,
422 875 45 15 som
491 871 24 19 är
530 868 70 27 inlagd
616 868 22 22 af
652 868 183 22 kommunalrådet
851 868 70 22 Meur-

94 904 48 14 man
158 898 39 21 och
213 898 5 20 i
234 897 83 21 hvilken
334 898 49 20 herr
398 897 59 27 Hjelt
472 897 40 21 har
526 897 82 21 förenat
624 897 41 26 sig;
681 897 45 21 helt
741 897 39 21 och
792 897 63 21 hållet
866 897 54 21 hvad

94 925 101 22 beträffar
218 926 36 21 det
275 926 55 20 förra
355 928 121 24 momentet,
500 926 105 26 nemligen
627 926 57 27 fyrar
698 926 7 20 i
720 926 87 26 Ladoga
822 926 37 26 sjö,
875 932 45 15 som

92 954 37 27 jag
153 955 6 20 i
175 954 67 21 likhet
258 954 49 21 med
322 957 159 19 reservanterne
497 960 63 15 anser
575 954 71 21 kunna
662 960 50 15 vara
728 954 123 26 tillräckligt
867 954 54 26 höga

95 983 48 21 med
165 984 67 20 sextio
255 982 41 22 fots
319 982 49 26 höjd
392 982 38 22 och
446 982 90 22 sålunda
552 983 62 21 kosta
630 982 86 22 mindre.
747 982 62 22 Hvad
824 984 46 20 åter
886 983 35 21 det

94 1012 96 31 sednare,
207 1011 102 27 nemligen
325 1011 107 26 Bogskärs
446 1011 43 21 båk
505 1011 106 26 beträffar,
628 1012 30 24 så,
674 1011 67 21 ehuru
755 1011 35 27 jag
801 1011 120 26 visserligen

96 1040 17 26 ej
140 1040 34 21 vill
191 1039 55 21 hålla
262 1040 27 26 på
305 1040 42 23 det,
363 1039 68 21 skulle
445 1040 36 26 jag
497 1040 129 21 åtminstone
643 1039 47 27 vilja
706 1042 97 18 närmare
819 1039 102 27 begränsa

94 1068 157 21 reservationen
275 1068 95 25 sålunda,
395 1071 31 18 att
450 1068 69 21 denna
534 1068 107 26 Bogskärs
657 1068 52 21 båks
725 1068 129 26 uppförande
869 1068 52 21 eller

94 1096 46 22 icke
165 1096 130 28 uppförande
321 1097 68 20 skulle
414 1096 20 22 få
460 1096 51 22 bero
537 1096 21 21 af
580 1096 173 28 öfverstyrelsens
768 1096 32 21 för
815 1096 106 21 allmänna

94 1125 123 26 byggnader
239 1125 100 20 särskildt
361 1124 120 22 affordrade
501 1125 117 24 utlåtande,
634 1125 45 21 deri
695 1125 65 20 sedan
775 1125 145 20 kostnadsför-

94 1153 68 26 slaget
183 1155 96 19 närmare
306 1153 67 21 skulle
389 1153 133 21 bestämmas.
554 1153 10 21 I
580 1153 100 21 händelse
696 1153 59 21 detta
770 1153 17 26 ej
805 1153 116 26 öfverstege

94 1182 92 22 200,000
202 1182 67 24 mark,
287 1182 64 21 borde
367 1182 36 21 det
418 1181 23 22 af
454 1181 86 22 ståndet
556 1181 102 22 förordas.

163 1238 90 21 Prosten
269 1238 162 21 Durchman:
455 1238 41 25 Jag
511 1237 85 22 förenar
612 1238 42 26 mig
670 1237 56 22 ialla
738 1237 74 22 delar
804 1233 14 35 i
827 1244 92 15 reserva-

95 1266 71 21 tionen
182 1266 39 21 och
237 1266 36 21 det
289 1273 36 14 var
341 1267 82 21 derföre
436 1267 37 26 jag
488 1266 94 27 begärde
598 1267 66 21 ordet.

163 1323 88 22 Prosten
274 1323 185 27 Rosengren:
491 1324 41 25 Jag
554 1323 85 21 förenar
662 1324 41 25 mig
729 1323 64 22 också
818 1323 47 21 med
888 1329 32 16 re-

94 1354 142 19 servanterne.

163 1409 81 21 Lektor
265 1409 154 21 Johnsson:
442 1409 40 26 Jag
499 1409 36 20 vill
558 1409 54 21 blott
629 1411 82 23 nämna,
729 1411 31 18 att
772 1409 37 26 jag
824 1409 17 26 ej
858 1415 62 14 anser

94 1439 142 23 reservanten,
253 1437 183 22 kommunalrädet
452 1437 118 25 Meurman,
587 1437 61 21 hafva
664 1437 93 21 minskat
771 1437 6 20 i
793 1437 64 26 riktig
873 1443 47 20 pro-

93 1467 84 26 portion
200 1472 101 15 summan.
331 1466 33 21 Dä
386 1466 41 21 han
451 1465 34 21 vill
509 1465 78 22 föreslä
610 1465 163 28 uppbyggandet
797 1465 23 22 af
837 1471 24 15 en
878 1465 41 21 bäk

94 1495 47 21 med
157 1495 66 21 sextio
239 1494 41 21 fots
296 1495 55 25 höjd,
368 1495 23 20 sä
408 1495 92 20 minskar
516 1494 41 21 han
574 1494 47 21 hela
636 1494 187 26 anslagssumman,
840 1499 44 15 som
896 1495 24 20 är

92 1523 93 25 400,000
208 1523 42 25 mk,
273 1523 47 21 med
336 1523 78 26 40,000
429 1523 66 20 mark.
528 1522 40 21 Om
584 1523 68 20 bäken
669 1525 24 18 är
708 1523 65 26 högre
789 1522 50 22 eller
854 1521 66 27 lägre,

93 1553 24 20 sä
137 1552 38 21 har
191 1551 40 21 den
245 1551 23 26 ju
283 1557 81 15 samma
379 1551 97 26 kostnad,
494 1551 55 21 hvad
565 1551 184 27 lysningsapparat
763 1551 39 21 och
817 1550 103 27 grundval
