1117 1817
339 126 161 18 Presteståndet
513 127 53 17 1872.
592 128 20 16 11
629 127 48 20 maj.
858 122 40 20 997

171 206 120 27 Föredrogs
305 206 198 27 sjölagsutskottets
514 206 34 21 vid
558 206 128 27 föregäende
697 206 160 21 sammanträde
867 206 63 21 bord-

103 235 63 28 lagda
189 234 134 22 betänkande
346 234 7 21 i
375 235 115 26 anledning
510 235 23 20 af
546 234 78 27 nådiga
639 235 160 26 propositionen
820 234 109 27 angående

104 270 27 21 ny
146 263 73 28 sjölag.

172 321 143 26 Domprosten
330 320 127 21 Renvall
473 320 99 22 erinrade
587 322 33 19 att
635 320 33 21 till
684 319 50 28 följe
749 319 24 22 af
787 320 96 21 ständets
893 320 37 21 be-

105 349 42 22 slut
169 349 35 21 vid
225 349 140 26 landtdagens
387 348 75 28 början
485 349 67 21 borde
567 348 146 22 betänkandet
727 349 124 26 ytterligare
868 347 63 22 bord-

105 377 61 27 ligga,
190 377 89 22 emedan
301 377 40 21 den
363 377 68 22 finska
454 377 182 27 öfversättningen
657 377 23 22 af
694 377 146 21 betänkandet
854 377 75 21 först
917 373 16 35 i

106 407 40 26 dag
161 406 89 21 kommit
265 405 85 22 ständet
365 405 111 22 tillhanda.

174 463 143 26 Domprosten
340 463 78 27 Borg
434 463 39 21 och
491 465 86 24 prosten
620 468 152 21 Rosengren
789 463 142 21 understödde

107 492 136 26 domprosten
255 491 96 22 Renvall.

175 549 89 21 Prosten
288 548 84 27 Hjelt
394 549 94 26 föreslog
512 551 31 19 att
563 548 146 22 betänkandet
724 548 69 21 skulle
808 549 123 26 ytterligare

107 577 126 27 bordläggas
249 577 33 21 till
297 583 17 15 e.
330 583 27 15 m.

175 634 90 21 Ständet
280 634 69 21 beslöt
364 636 33 19 att
412 634 44 21 läta
472 634 146 21 betänkandet
633 634 119 21 tillsvidare
767 634 117 27 bordligga.

177 805 119 26 Föredrogs
312 805 152 27 lagutskottets
480 805 118 27 bordlagda
614 805 136 21 betänkande
767 806 5 20 i
789 804 113 27 anledning
911 804 23 22 af

108 833 77 27 nådiga
200 834 158 26 propositionen
373 834 110 26 angående
499 834 119 26 förklaring
633 834 23 21 af
670 834 27 21 24
713 834 39 21 och
769 834 27 20 29
812 834 26 26 $$
854 834 6 20 i
881 833 50 21 kon-

108 862 142 26 kursstadgan
266 862 39 21 den
321 863 13 21 9
350 862 114 22 november
482 863 61 21 1868.

177 919 66 21 Ordet
257 918 96 22 tillsades
368 919 53 21 först

177 976 148 22 Öfverläraren
341 976 149 22 Kihlman:
513 976 45 22 Den
574 976 41 26 lag,
631 982 45 16 som
693 976 24 22 är
735 977 54 21 1868
804 976 74 22 utkom
897 983 36 15 an-

108 1005 80 27 gäende
210 1004 144 25 konkursmäl,
377 1005 40 21 har
439 1005 41 21 den
496 1005 138 27 obestridliga
649 1005 126 26 förtjensten
791 1007 31 19 att
837 1004 96 22 förkorta

108 1034 57 21 tiden
180 1035 33 20 för
228 1034 150 21 konkursmäls
393 1034 121 26 afgörande.
545 1034 33 20 Dä
593 1034 68 20 under
677 1034 118 26 förgängna
805 1034 23 20 är
838 1035 32 19 ett
881 1033 52 21 kon-

109 1062 93 22 kursmä!
223 1062 70 21 kunde
308 1068 51 15 vara
374 1062 117 27 anhängigt
506 1068 26 16 en
548 1062 49 26 lång
612 1062 52 27 följd
680 1062 23 21 af
717 1062 24 21 är
757 1062 38 21 har
810 1062 35 21 det
861 1068 28 14 nu
904 1062 29 21 vi-

108 1093 35 19 sat
165 1091 32 27 sig
212 1091 54 21 efter
281 1090 24 22 är
322 1092 55 20 1868
391 1093 33 19 att
439 1091 62 21 äfven
517 1091 111 27 vidlyftiga
643 1091 138 21 konkursmä!
798 1090 63 22 blifva
876 1090 57 21 inom

106 1119 153 26 jemförelsevis
281 1119 49 21 kort
353 1119 30 21 tid
406 1120 105 26 afgjorda.
542 1120 42 20 Det
606 1121 24 20 är
654 1120 69 20 denna
738 1120 113 25 grundsats
867 1119 66 20 som
918 1115 19 35 i

109 1147 183 27 konkursstadgan
313 1147 23 22 af
351 1148 39 21 den
407 1149 11 20 9
435 1147 116 23 november
568 1148 54 21 1868
638 1147 38 22 har
692 1147 69 22 blifvit
776 1147 89 24 uttalad,
881 1147 52 21 hvil-

109 1176 40 24 ken
171 1182 61 21 synes
252 1176 42 27 mig
316 1182 76 20 genom
409 1177 39 21 den
464 1177 114 26 kejserliga
594 1176 161 27 propositionen
771 1176 39 21 och
825 1176 60 21 äfven
901 1175 32 22 till

109 1205 39 21 och
169 1205 47 21 med
239 1211 75 20 genom
337 1205 153 26 lagutskottets
514 1205 135 22 betänkande
668 1211 52 14 vara
736 1205 32 20 till
784 1211 26 15 en
825 1205 42 20 viss
881 1204 52 27 grad

108 1233 101 24 lederad.
242 1233 73 27 Enligt
332 1233 114 27 kejserliga
461 1233 160 28 propositionen
637 1233 69 22 skulle
722 1239 26 15 en
759 1233 175 26 fordringsegare,

108 1267 45 16 som
175 1261 18 27 ej
216 1261 57 22 inom
296 1262 39 21 den
357 1262 8 21 i
387 1263 62 25 lagen
464 1262 104 27 stadgade
584 1262 58 21 tiden
658 1262 71 22 kunde
744 1261 99 28 uppgifva
859 1261 75 26 högsta

108 1290 99 27 beloppet
222 1291 24 21 af
259 1291 31 21 sin
305 1291 94 26 fordran,
415 1291 83 22 erhälla
513 1297 25 15 en
554 1291 98 26 förlängd
668 1291 37 26 tid,
720 1290 34 22 för
769 1292 32 20 att
816 1290 34 21 vid
866 1290 68 22 denna

108 1319 43 21 tids
171 1319 80 27 utgäng
273 1319 106 27 uppgifva,
403 1319 55 24 hvad
481 1319 43 23 han
544 1319 34 21 vid
594 1319 154 26 förfallodagen
764 1319 18 27 ej
799 1319 69 22 kunde
884 1324 51 21 upp-

107 1347 61 28 gifva.
200 1347 161 28 Propositionen
383 1350 69 25 yttrar
475 1349 32 26 sig
529 1348 7 21 i
556 1348 60 21 detta
628 1347 101 22 afseende
744 1347 93 22 särdeles
853 1347 82 26 knapp-

108 1376 94 27 händigt.
233 1377 45 20 Den
303 1378 62 25 säger
387 1377 76 22 endast
485 1379 33 20 att
540 1377 36 21 fall
600 1376 72 21 kunna
694 1375 91 25 inträffa,
801 1376 6 21 i
823 1375 72 22 hvilka
909 1381 26 15 en

108 1405 97 26 tolkning
227 1405 24 21 af
285 1405 14 28 $&
323 1405 28 21 24
373 1405 40 21 och
439 1407 26 20 29
481 1406 20 26 ej
518 1411 49 15 vore
583 1405 204 22 tillfredsställande.
818 1405 41 20 Det
873 1409 62 21 synes

109 1434 42 26 mig
173 1434 66 21 likväl
262 1439 69 16 såsom
355 1433 67 22 borde
438 1434 36 21 det
490 1440 51 15 vara
556 1433 84 28 möjligt
654 1433 34 22 för
702 1433 186 27 fordringsegaren
903 1433 32 20 att

108 1462 71 21 kunna
202 1462 56 21 inom
281 1462 40 21 den
342 1462 37 26 tid,
403 1468 44 16 som
463 1468 89 16 numera
567 1462 7 21 i
590 1461 187 28 konkursstadgan
792 1462 33 21 för
839 1460 24 22 år
880 1460 55 21 1868

108 1492 25 20 är
153 1491 102 24 bestämd,
279 1491 99 26 uppgifva
401 1491 37 22 sitt
454 1491 76 26 högsta
546 1490 193 27 fordringsbelopp.
770 1490 33 21 Då
818 1495 25 16 en
858 1495 77 20 person

108 1519 39 21 har
168 1519 57 27 gjort
248 1520 87 25 cession,
359 1519 161 22 sammanträda
541 1519 192 27 fordringsegarne,
756 1519 40 21 och
819 1517 118 22 domstolen
