1117 1817
321 128 160 17 Presteständet
494 129 57 17 1872.
576 129 28 16 20
617 128 57 21 april.
844 124 41 22 733

86 209 7 20 i
109 209 46 20 dem
172 208 23 21 sä
211 208 84 26 mycket
310 208 73 27 hellre,
398 214 45 15 som
459 208 43 21 han
518 209 39 20 har
572 209 84 25 erkänt,
667 210 32 19 att
710 209 7 20 i
730 209 103 21 herrarne
844 209 70 21 Meur-

86 243 60 15 mans
169 236 39 21 och
231 236 119 27 Nylanders
373 237 137 25 reservation,
533 237 86 21 hvilken
639 237 37 27 jag
691 237 34 21 för
739 237 44 21 min
799 237 56 22 deli
871 238 42 21 allo

86 265 129 27 godkänner,
239 265 66 26 ligger
322 265 64 26 nägot
401 265 87 25 förnuft,
504 265 88 26 hvilket,
609 272 33 15 om
657 265 37 27 jag
709 265 19 27 ej
743 266 107 26 misstagit
865 266 48 27 mig,

86 296 52 19 nära
160 299 42 20 nog
225 293 68 21 blifvit
315 296 43 19 satt
375 293 6 21 i
397 293 60 27 fräga
472 293 23 22 af
509 300 26 15 en
551 293 128 27 föregäende
695 294 52 21 värd
763 295 75 25 talare,
854 295 60 23 dom-

86 324 87 25 prosten
195 322 64 27 Borg,
283 321 26 22 dä
324 321 42 22 han
381 324 67 25 yttrat
464 324 32 20 att
512 323 25 21 de
552 323 7 20 i
575 329 81 15 samma
672 323 131 21 reservation
818 323 96 22 uttalade

87 351 107 26 äsigterna
209 357 50 15 vore
275 351 102 26 orimliga,
393 351 39 21 och
443 353 33 19 att
487 351 69 22 denna
568 351 123 27 orimlighet
701 351 27 27 pä
739 352 32 21 sin
782 351 51 27 höjd
843 351 71 22 kunde

88 379 98 22 ursäktas
208 385 76 20 genom
307 379 40 21 den
370 379 70 27 lofliga
461 379 218 28 sparsamhetstanke,
696 386 45 15 som
756 380 35 21 för
807 381 107 21 desamma

87 408 47 27 läge
149 408 32 21 till
197 408 74 26 grund.
298 407 42 22 Det
355 414 45 15 som
413 408 37 27 jag
466 408 119 21 emellertid
601 411 47 18 tror
663 409 6 20 i
685 408 74 27 sjelfva
771 409 74 22 verket
858 409 56 27 ligga

88 437 33 21 till
142 437 69 26 grund
233 436 34 21 för
289 436 48 21 hela
360 437 166 26 reservationen,
549 439 25 19 är
592 437 122 22 framstäldt
729 437 27 27 pä
773 438 26 21 15
815 438 46 25 sid.,
877 438 38 21 der

88 465 35 22 det
145 465 73 22 heter:
242 464 140 27 ,Isynnerhet
405 465 27 21 dä
454 465 62 27 fråga
538 468 24 19 är
578 472 34 17 om
628 465 143 22 finsktalande
787 466 72 21 blinda
874 466 40 22 och

88 494 61 21 deras
163 493 157 26 undervisning,
336 493 68 22 mäste
420 500 48 15 man
483 495 6 20 i
503 494 30 21 all
549 494 116 27 synnerhet
675 494 78 25 beakta
765 494 150 23 lefnadssättet

88 522 38 21 hos
147 522 112 27 allmogen,
280 524 22 25 ty
317 522 33 21 till
365 522 46 26 den,
428 523 40 21 och
483 522 67 22 oftast
564 523 33 21 till
612 523 41 21 den
668 523 110 26 fattigaste
793 523 85 22 klassen
894 524 21 21 af

88 551 123 21 densamma
226 551 52 20 höra
293 551 62 21 dessa
370 551 75 21 elever.
477 551 119 22 Hurudana
614 552 26 21 de
656 551 48 22 hem
720 553 44 24 äro,
780 551 47 22 från
842 552 72 22 hvilka

88 579 26 21 de
136 579 86 21 komma
244 579 39 22 och
306 579 31 21 dit
357 580 26 21 de
398 579 68 22 måste
482 580 122 27 återvända,
619 580 62 21 torde
696 580 18 27 ej
731 587 51 14 vara
796 581 34 21 för
845 581 69 27 någon

89 608 102 25 obekant;
215 608 40 21 lätt
277 609 24 20 är
319 608 64 21 ocksä
398 610 32 19 att
446 609 91 21 bedöma
551 609 55 21 huru
622 609 62 21 deras
699 609 74 21 hemlif
787 609 6 22 i
809 610 104 22 anseende

88 636 33 21 till
143 637 84 25 bostad,
249 641 44 16 mat
309 637 39 21 och
363 637 67 21 andra
445 637 149 22 förhållanden
610 637 135 22 harmoniera
760 638 48 21 med
824 639 36 21 det
875 638 39 22 lef-

90 665 103 25 nadssätt,
210 665 87 21 hvarvid
312 665 25 21 de
353 665 6 21 i
375 665 108 22 institutet
499 666 79 26 vänjas,
594 666 40 21 och
650 667 47 20 med
713 667 26 20 de
754 666 124 22 läroämnen
888 667 27 21 de

90 693 36 21 der
149 693 100 22 inhemta.
280 694 10 20 I
313 694 25 21 de
358 693 60 22 flesta
432 694 38 21 fall
485 694 55 22 skall
556 694 40 22 den
612 694 169 27 barmhertighet
796 701 49 15 man
860 696 55 20 visat

89 722 47 20 dem
153 723 74 20 endast
242 722 30 21 bli
287 728 25 15 en
328 722 54 22 härd
396 722 104 27 grymhet,
517 723 28 21 dä
560 724 26 21 de
602 723 86 21 komma
703 725 32 19 att
750 723 117 22 ätervända
881 724 34 21 till

89 750 154 26 förhällanden,
266 750 62 22 hvars
351 751 74 21 elände
447 752 107 21 institutet
577 752 39 21 har
631 752 43 21 lärt
688 752 48 21 dem
752 754 32 19 att
799 752 52 27 inse,
867 753 48 21 med

90 779 83 21 minnen
197 779 39 21 och
257 780 126 26 fordringar,
405 786 44 15 som
462 780 76 23 endast
553 780 67 22 väcka
636 780 39 22 hos
690 780 48 22 dem
753 780 65 22 bitter
833 781 82 22 saknad

90 808 39 20 och
144 807 105 27 missnöje.
280 808 65 22 Detta
359 808 56 27 slags
431 808 175 28 barmhertighet,
626 815 46 15 som
687 810 76 20 endast
777 809 94 27 förnöjer
883 810 32 25 sin

90 836 107 22 utöfvares
219 843 55 20 egna
295 838 70 20 ömma
387 837 93 23 känslor,
496 844 48 15 men
559 838 79 21 skadar
654 838 38 22 sitt
705 838 97 27 föremål,
817 838 43 21 kan
873 838 42 28 jag,

90 865 33 21 för
143 865 44 21 min
209 865 40 26 del,
265 865 18 27 ej
298 866 135 26 godkänna".
462 866 43 21 För
520 866 70 27 öfrigt,
606 866 28 22 dä
650 866 36 22 det
701 868 24 20 är
739 866 60 27 fråga
814 873 34 15 om
863 867 52 21 fort-

90 900 64 14 varon
177 893 23 22 af
221 894 40 21 den
283 894 7 21 i
307 894 85 27 Kuopio
407 895 107 21 inrättade
530 895 154 21 läroanstalten
699 895 41 21 och
755 895 104 21 huruvida
875 896 40 21 den

90 922 54 21 skall
159 922 98 27 utvidgas
273 922 51 22 eller
339 923 26 27 ej,
381 923 23 21 sä
418 924 32 20 lär
466 924 60 21 detta
536 923 177 27 hufvudsakligen
724 924 51 21 bero
787 924 23 21 af
818 924 41 21 den
872 931 42 15 om-

90 950 154 28 ständigheten,
267 958 34 14 om
324 958 48 14 man
395 952 40 21 har
455 954 33 19 att
503 952 97 27 päräkna
614 958 82 16 samma
711 952 58 22 anta]
785 953 70 21 elever
869 959 46 15 som

90 979 75 22 hittills
188 977 52 25 der
262 982 32 19 ett
315 982 76 20 större.
420 980 43 22 Det
484 986 76 16 senare
583 981 39 21 har
641 981 128 21 åtminstone
793 981 23 21 af
829 984 86 24 prosten

90 1008 109 25 Borenius,
223 1008 46 26 och,
291 1008 68 22 säsom
380 1009 37 27 jag
438 1012 52 22 tror,
506 1010 47 20 med
570 1009 54 27 skäl,
640 1009 69 22 blifvit
723 1009 120 27 ifrägasatt.
874 1010 42 22 Det

90 1036 66 21 finnes
179 1037 104 26 nemligen
307 1040 31 18 ett
353 1037 81 23 faktum
450 1044 46 15 som
512 1040 39 25 gör
566 1040 32 19 ett
613 1038 127 22 tvifvelsmä!
755 1038 111 28 härvidlag
881 1039 35 21 be-

90 1065 109 26 rättigadt.
229 1065 66 21 Detta
310 1066 88 26 faktum,
421 1068 23 19 är
467 1066 41 21 den
532 1067 6 21 i
557 1066 132 27 Helsingfors
704 1067 106 21 inrättade
825 1068 90 21 svenska

90 1094 81 25 skolan,
187 1093 92 27 hvilken,
295 1094 66 27 enligt
376 1095 54 21 hvad
446 1095 41 21 den
502 1095 78 27 nådiga
595 1096 160 26 propositionen
771 1095 105 27 upplyser,
892 1098 24 19 är

91 1123 76 20 ämnad
190 1124 32 19 att
245 1123 72 26 intaga
341 1124 25 20 10
385 1124 75 26 elever,
476 1130 48 15 men
540 1124 64 21 likväl
620 1126 57 19 ännu
692 1124 19 27 ej
727 1124 40 21 har
782 1124 77 21 räknat
869 1131 47 16 mer

91 1152 26 19 än
139 1150 64 27 högst
225 1151 19 20 9.
275 1151 49 21 Man
348 1152 38 21 har
408 1151 82 22 således
514 1152 18 27 ej
555 1153 84 26 lyckats
660 1155 32 18 att
707 1152 22 21 få
744 1153 31 20 dit
791 1152 39 21 den
848 1153 67 21 10:de.

91 1178 70 27 Något
177 1179 68 27 dylikt
259 1179 96 22 kommer
370 1181 98 26 troligen"
476 1181 66 21 också
557 1183 33 19 att
604 1181 85 21 inträffa
702 1181 3 21 i
715 1181 92 27 Kuopio.
829 1181 11 22 I
851 1181 66 22 förbi-

90 1207 80 27 gående
186 1208 42 21 kan
241 1208 36 27 jag
292 1209 72 21 vidare
379 1209 19 26 ej
415 1209 113 22 underlåta
542 1211 33 20 att
589 1209 57 22 fästa
655 1209 216 28 uppmärksamheten
881 1210 36 22 vid

91 1236 39 21 den
152 1236 80 27 kalkyl,
255 1237 137 27 domprosten
414 1237 57 28 Borg
494 1238 89 21 anställt
605 1238 59 21 öfver
678 1239 36 20 det
729 1238 84 27 belopp,
829 1245 45 15 som
889 1245 28 15 en

91 1265 119 26 uppskolad
233 1265 58 22 blind
313 1266 42 21 kan
377 1273 62 14 anses
461 1267 93 26 förtjena
570 1273 34 15 om
620 1266 52 26 året,
688 1267 40 21 och
743 1267 81 21 hvilket
839 1267 77 27 belopp

91 1293 48 21 herr
154 1293 138 28 domprosten
307 1295 74 26 anslog
395 1295 33 21 till
443 1296 42 21 200
501 1295 68 22 mark.
585 1295 40 22 Om
641 1302 29 15 nu
684 1302 26 14 en
721 1295 120 27 uppskolad
851 1295 64 24 blind,

91 1328 25 15 en
139 1321 67 22 sådan
221 1323 111 27 nemligen,
351 1329 46 17 som
413 1323 38 22 har
466 1323 68 22 friska
548 1323 170 28 kroppskrafter,
734 1324 19 27 ej
768 1324 42 21 kan
825 1324 92 27 förtjena

90 1356 45 16 mer
150 1352 26 19 än
193 1351 41 21 200
249 1352 61 21 mark
325 1358 34 15 om
375 1352 53 27 året,
444 1353 23 20 så
482 1352 98 22 betviflar
593 1353 38 26 jag
644 1355 32 19 att
691 1353 36 21 det
743 1354 23 19 är
781 1353 47 21 skäl
838 1355 33 19 att
881 1353 35 22 be-

91 1379 62 22 kosta
167 1379 33 22 för
215 1380 78 21 honom
309 1387 25 15 en
350 1381 39 27 dyr
403 1381 157 27 undervisning,
576 1381 52 22 eller
643 1381 33 21 för
691 1382 40 21 den
747 1383 60 25 nytta
823 1381 41 21 han
874 1381 43 22 kan

91 1407 148 23 åstadkomma
261 1409 102 26 uppoffra,
387 1409 69 22 såsom
480 1410 51 21 herr
553 1410 138 27 domprosten
711 1409 80 28 jemväl
806 1409 110 26 beräknat,

90 1437 63 26 4,000
169 1437 66 22 mark.
266 1437 31 27 Ty
314 1438 37 27 jag
365 1441 36 18 vet
416 1439 18 26 ej
448 1439 46 26 just
509 1438 55 21 hvad
581 1445 45 15 som
642 1439 68 21 skulle
726 1439 77 21 hindra
817 1445 25 14 en
858 1438 59 21 blind

91 1468 39 24 att,
145 1467 51 20 utan
218 1468 33 19 att
272 1466 40 22 alls
334 1467 27 20 ha
383 1467 47 26 gått
447 1467 6 21 i
469 1467 68 26 skola,
553 1467 92 26 förtjena
660 1467 41 21 200
717 1467 62 21 mark
794 1467 73 21 brutto
883 1473 34 16 om

91 1493 51 22 året.
173 1495 38 20 Att
233 1495 42 21 han
299 1495 23 21 så
344 1495 42 22 kan
408 1497 60 26 göra,
492 1496 36 21 det
551 1499 46 17 tror
610 1495 37 28 jag
662 1497 32 20 att
709 1502 45 15 mer
769 1497 27 20 än
812 1501 25 16 en
852 1495 65 22 bland

90 1523 106 27 allmogen
219 1524 54 21 skall
296 1524 72 21 kunna
389 1525 79 26 intyga.
499 1524 124 22 Yttermera
646 1525 38 20 har
701 1525 137 26 domprosten
853 1523 64 28 Borg,

826 1563 22 17 47
