1117 1817
231 120 42 21 798
446 124 161 19 Presteständet
620 127 56 17 1872.
700 127 26 17 22
739 126 58 21 april.

201 205 208 27 bevillningsmedel;
432 211 47 15 men
504 212 34 14 om
560 205 111 26 samteliga
686 206 90 21 stånden
792 206 133 21 annorlunda
941 206 91 23 besluta,

201 233 24 22 sä
247 234 69 21 skulle
332 234 35 20 väl
382 233 162 22 statsutskottet
559 233 27 27 gä
602 235 126 20 ständernas
744 234 129 26 önskningar
889 235 5 20 i
910 234 73 27 frägan
999 233 32 22 till

201 264 75 19 mötes.
309 262 62 21 Hvad
395 262 35 21 det
452 262 110 25 beträffar,
586 265 32 18 att
633 263 160 26 protokollerna
809 263 6 20 i
831 263 64 26 längd
911 263 38 21 och
966 262 65 22 bredd

201 291 39 21 och
255 291 7 21 i
278 291 107 21 mähända
399 291 46 23 ock,
461 291 70 20 säsom
548 291 93 26 önskligt
655 297 58 19 vore,
729 291 86 27 djuplek
832 291 33 21 vid
881 291 69 21 denna
962 291 68 21 landt-

201 320 41 26 dag
258 319 85 22 komma
359 321 33 19 att
407 319 64 21 blifva
488 326 40 21 nog
544 319 119 28 vidlyftiga,
679 319 24 22 sä
719 322 46 19 tror
778 320 37 26 jag
829 322 39 23 att,
885 326 34 15 om
930 326 47 15 man
990 319 41 22 för-

201 348 59 21 delar
276 348 47 21 dem
339 348 28 26 pä
383 348 12 21 5
411 348 29 25 är,
456 349 78 25 utgöra
550 348 26 21 de
592 348 36 24 tal,
644 354 45 15 som
705 348 70 21 blifvit
790 348 79 26 hällna,
881 348 19 27 ej
913 348 24 21 sä
948 349 84 26 mycket

200 377 33 21 för
251 377 73 26 hvarje
340 377 30 20 är.
401 377 45 20 Den
462 376 23 21 af
499 379 87 24 prosten
602 377 59 26 Hjelt
676 377 121 26 äberopade
814 377 74 21 82:dra
904 377 126 26 paragrafen

200 405 105 22 utesluter
327 405 19 26 ej
370 405 66 21 heller
459 405 137 26 möjligheten
618 405 23 21 af
658 405 286 27 landtdagsprotokollernas
959 405 71 27 tryck-

200 434 49 27 ning
270 440 77 20 genom
373 433 202 27 bevillningsmedel.
606 434 44 21 Der
674 435 24 20 är
724 435 108 26 stadgadt:
859 436 32 19 att
917 434 113 21 allmänna

199 463 117 21 kostnader
338 462 39 21 och
399 462 87 27 utgifter
504 463 3 20 i
523 462 39 21 och
578 462 34 21 för
628 463 137 26 landtdagen,
781 463 47 20 med
843 463 110 26 undantag
967 462 23 21 af
1004 463 26 20 de

199 491 6 21 i
221 491 72 27 23:dje
309 491 39 21 och
364 491 62 20 28:de
441 491 151 26 paragraferne
609 491 134 26 omnämnde,
759 491 105 21 bestridas
880 491 48 21 med
944 491 85 26 tillgän-

199 525 44 21 gar,
267 520 26 21 de
315 520 38 21 der
371 519 71 27 infiyta
457 526 76 20 genom
549 519 116 27 bevillning
680 520 53 21 eller
748 519 67 22 andra
831 520 107 21 allmänna
953 520 75 24 medel,

199 548 113 21 hvaröfver
334 549 114 20 ständerna
471 549 72 20 kunna
565 548 89 27 förfoga.
684 549 42 20 Det
749 550 24 19 är
796 548 23 21 ät
836 549 114 20 ständerna
965 549 63 21 alltså

199 577 155 21 Ofverlemnadt
372 578 32 19 att
419 577 81 26 afgöra,
516 577 55 20 hvad
588 583 44 14 som
649 579 64 24 utgör
729 577 114 20 allmänna
858 577 115 21 kostnader
988 577 40 21 och

198 605 89 27 utgifter
308 605 7 21 i
339 605 39 21 och
397 605 32 21 för
445 605 138 27 landtdagen;
600 605 39 21 och
655 605 71 21 fastän
741 606 7 20 i
764 606 69 21 81:sta
848 606 126 26 paragrafen
990 612 34 15 an-

198 634 85 21 märkes
305 636 44 25 ,att
374 634 162 26 propositioner,
561 634 246 21 utskottsbetänkanden
833 634 108 21 äfvensom
969 636 56 19 stän-

199 663 78 21 dernas
300 662 120 22 skrifvelser
442 663 34 20 till
498 662 96 27 kejsaren
619 663 40 20 och
677 663 212 25 landtdagsbesluten
905 663 60 21 skola
980 665 46 18 sär-

197 691 70 21 skildt
289 691 46 21 från
356 690 82 28 trycket
454 690 112 27 utgifvas'*,
583 691 23 21 sä
622 692 61 26 säges
699 691 36 21 det
750 691 26 27 ej,
791 693 32 19 att
838 691 54 25 icke,
908 691 45 21 ifall
969 693 55 19 stän-

198 720 66 21 derna
287 719 77 21 sädant
389 719 97 26 ästunda,
509 720 275 26 landtdagsprotokollerna
805 719 103 22 likaledes
927 720 51 20 böra
994 720 32 21 till

197 748 62 27 tryck
285 748 116 21 befordras.
431 748 30 27 Ty
484 748 121 26 ständerna,
631 754 45 15 som
701 748 12 21 ä
736 748 79 21 folkets
839 750 80 24 vägnar
943 748 83 21 besluta

197 777 110 27 angäende
331 776 145 27 bevillningar,
498 776 63 21 hafva
583 777 33 21 väl
639 776 64 22 ocksä
725 778 44 20 rätt
791 779 33 19 att
846 778 57 26 säga,
926 777 55 21 huru
1000 777 26 21 de

197 806 97 21 lemnade
310 805 166 26 bevilltingarne
491 805 61 21 skola
566 806 115 20 användas.
705 805 58 21 Ifrån
779 805 107 21 allmänna
901 805 123 21 statsmedel

196 834 102 22 bekostas
320 834 19 26 ej
363 834 26 20 de
409 834 95 26 utgifter,
521 840 45 14 som
582 836 125 19 omnämnas
722 834 7 21 i
745 834 70 26 23:dje
831 834 39 21 och
887 834 61 21 28:de
963 840 61 20 para-

195 862 106 27 graferne.
333 862 40 27 Jag
391 862 33 21 får
440 864 56 20 ännu
511 862 114 22 framhålla
640 863 43 21 min
699 862 55 26 äsigt
770 869 33 15 om
820 863 53 21 både
889 865 75 24 nyttan
984 863 39 21 och

195 891 160 27 lämpligheten,
373 891 23 27 ja
418 891 33 21 till
475 891 39 21 och
534 891 49 21 med
598 891 185 27 nödvändigheten
800 892 22 20 af
836 891 186 27 landtdagsproto-

196 920 108 21 kollernas
323 920 117 26 tryckning.
470 920 151 21 Kostnaderna
643 920 33 20 för
699 920 142 26 tryckningen
864 920 23 21 af
908 920 25 21 de
955 920 69 20 skilda

195 949 102 21 ständens
312 948 130 27 protokoller
452 948 71 22 kunde
535 948 54 22 dock
603 948 94 22 minskas
709 948 96 24 sälunda,
818 951 33 19 att
861 948 162 25 bondeständet,

195 978 63 20 hvars
274 977 138 21 medlemmar
427 977 32 21 till
475 976 92 22 flertalet
582 979 38 19 äro
636 977 68 21 finska
719 977 93 25 talande,
828 977 68 21 skulle
909 977 72 26 ätnöja
991 977 32 26 sig

195 1006 47 21 med
265 1008 32 19 att
320 1005 21 21 fä
363 1006 159 26 protokollerna
545 1006 85 26 tryckta
655 1006 55 21 blott
727 1006 28 26 pä
771 1006 73 27 finska,
859 1006 75 20 medan
950 1008 73 24 proto-

194 1034 97 22 kollerna
307 1035 58 21 öfver
380 1034 26 21 de
422 1037 31 18 tre
470 1034 67 27 öfriga
552 1034 101 22 ständens
668 1034 166 27 förhandlingar,
847 1034 70 22 hvilka
929 1034 93 27 försiggä

194 1063 27 27 pä
237 1064 96 24 svenska,
349 1063 64 21 blifva
428 1063 85 27 tryckta
528 1063 75 21 endast
618 1063 28 27 pä
662 1064 97 20 svenska.

263 1120 141 31 Domprosten
425 1120 85 26 Borg:
533 1120 40 21 Till
597 1120 35 21 det
650 1120 23 21 af
687 1120 138 26 domprosten
841 1120 88 21 Renvall
945 1120 76 32 gjorda

193 1149 137 27 andragande
345 1148 36 21 vill
394 1148 37 27 jag
445 1149 105 26 genmäla,
566 1151 32 18 att
611 1149 37 26 jag
664 1148 129 21 ätminstone
810 1151 45 18 tror
870 1149 61 26 ingen
947 1149 6 20 i
972 1148 48 21 hela

193 1177 86 22 ständet
294 1177 63 22 hafva
372 1177 138 22 missförstätt
526 1177 136 27 domprosten
678 1177 55 21 ända
749 1177 87 25 derhän,
852 1179 33 19 att
900 1177 41 20 han
952 1177 68 21 skulle

192 1206 65 22 hafva
279 1208 54 19 trott
355 1206 147 26 domprostens
526 1206 84 26 mening
625 1212 52 15 vara
693 1208 32 19 att
740 1205 54 27 yrka
809 1205 27 28 pä
852 1205 168 27 presteständets

192 1235 143 26 protokollers
357 1235 111 26 tryckning
490 1235 28 26 pä
541 1235 79 20 allmän
644 1235 124 24 bekostnad,
785 1235 47 20 med
848 1234 134 21 uteslutande
998 1234 24 21 af

192 1264 26 21 de
233 1264 68 21 andra
315 1263 105 22 ständens.
452 1263 28 22 Sä
496 1263 39 21 har
551 1263 127 22 ätminstone
692 1263 36 27 jag
744 1263 19 27 ej
779 1263 87 21 förstätt
881 1263 138 26 domprosten

191 1291 101 22 Renvalls
313 1292 90 27 mening,
426 1294 59 24 utan,
507 1292 44 21 helt
573 1292 73 21 enkelt
666 1293 69 20 säsom
752 1292 53 21 hans
820 1295 49 23 eget
883 1291 136 26 andragande

191 1321 78 27 tydligt
289 1320 93 21 innehöll
405 1321 39 20 och
460 1321 39 20 här
513 1321 56 20 varit
584 1320 61 27 fräga
661 1327 40 20 om,
718 1323 32 18 att
765 1320 168 27 presteständets
947 1322 72 25 proto-

191 1349 79 22 kollers
292 1349 111 27 tryckning
418 1349 68 22 skulle
502 1349 101 21 bekostas
618 1355 76 20 genom
709 1349 80 22 allmän
805 1349 120 26 bevillning.
956 1348 61 21 Hvad

191 1379 26 20 de
232 1379 67 20 andra
315 1378 99 21 ständens
430 1378 142 26 protokollers
583 1378 112 27 tryckning
707 1377 73 27 angär,
794 1378 37 21 har
844 1377 19 27 ej
874 1377 65 27 nägot
949 1377 69 21 blifvit

190 1407 63 27 sagdt
269 1407 22 21 af
305 1407 135 26 domprosten
456 1407 89 21 Renvall
561 1406 79 21 derom.
671 1407 32 20 De
719 1407 86 20 komma
821 1407 33 20 väl
870 1406 33 26 dä,
919 1405 61 22 äfven
992 1406 27 20 de

191 1437 32 20 att
245 1436 85 27 tryckas
350 1435 48 21 med
420 1435 202 27 bevillningsmedel.
653 1435 48 21 Men
718 1435 37 26 jag
771 1437 35 19 vet
822 1435 25 26 ej,
864 1441 34 14 om
911 1434 36 27 jag
963 1434 55 21 inför

191 1464 59 21 detta
273 1463 129 28 högvördiga
424 1464 63 21 ständ
502 1463 102 22 behöfver
619 1465 82 24 nämna,
717 1466 32 19 att
766 1463 27 21 dä
809 1463 147 26 ridderskapet
971 1469 45 15 som

189 1493 19 26 ej
225 1494 156 25 representeras
398 1492 22 21 af
434 1493 62 20 valda
508 1495 172 24 representanter
692 1493 45 25 och,
750 1492 65 26 enligt
826 1492 55 21 hvad
893 1497 34 16 oss
938 1491 78 21 bekant

189 1523 30 25 är,
241 1522 61 20 alltid
322 1521 137 21 härförinnan
482 1521 48 21 lätit
552 1521 74 27 trycka
642 1521 46 21 sina
703 1521 132 26 protokoller
850 1521 27 26 pä
893 1520 123 22 riddarhus-
