1117 1817
229 138 41 22 652
438 143 162 18 Presteständet
614 144 55 17 1872.
695 144 22 16 16
730 144 59 22 april.

270 224 70 21 Sedan
363 226 60 19 nästa
444 223 215 28 plenisammanträde
682 223 68 21 blifvit
766 225 67 19 utsatt
849 222 31 21 till
896 222 96 26 tisdagen
1008 222 18 21 d.

201 253 26 21 16
243 252 55 27 april
315 252 89 21 klockan
421 253 25 20 10
461 252 14 21 f.
492 258 33 19 m.,
541 251 102 22 ätskildes
658 251 86 22 ståndet
759 251 28 21 kl.
803 251 41 28 !/,3
861 257 18 15 e.
895 257 26 15 m.

810 319 21 18 In
843 319 58 18 fidem:

718 359 53 22 Carl
785 359 52 22 Joh.
853 359 134 28 Lindegvist.

323 617 146 34 Tisdagen
487 618 58 27 den
564 617 34 28 16
616 617 80 34 april
713 617 42 28 kl.
773 617 36 28 10
826 617 23 29 f.
868 625 38 20 m.

270 697 70 23 Sedan
355 698 85 26 plenum
456 700 91 25 öppnats
562 698 48 21 med
626 697 42 21 bön
684 697 27 27 pä
726 698 91 21 svenska
831 698 88 27 spräket
933 697 23 22 af
967 700 61 19 stats-

200 726 63 22 rädet
278 726 140 26 Lindelöf,
434 726 80 22 skedde
525 732 89 21 upprop,
623 726 73 21 dervid
712 727 69 21 säsom
793 726 140 22 fränvarande
944 726 84 22 anteck-

201 754 66 22 nades
291 757 86 25 prosten
403 755 71 26 Lilius,
496 755 22 21 af
537 754 57 22 förut
615 754 96 28 angifven
735 754 70 25 orsak,
827 754 39 22 och
881 754 148 28 kyrkoherden

199 783 59 21 Roos
280 783 32 21 för
335 790 28 14 nu
382 784 83 21 anmäld
482 783 139 27 opasslighet;
637 783 6 21 i
659 783 153 27 sammanhang
827 783 100 21 hvarmed
942 786 86 24 prosten

201 812 131 26 Rosengren,
347 812 27 27 pä
389 812 112 26 anmodan,
517 812 73 22 anhöll
606 818 34 15 om
656 811 93 27 ledighet
764 812 33 21 för
812 811 147 28 kyrkoherden
972 812 56 21 Roos

199 840 56 22 ifrän
277 840 41 22 den
343 841 24 20 17
389 840 77 22 dennes
484 840 33 22 till
533 840 115 22 mänadens
662 840 50 26 slut,
727 840 7 21 i
749 840 106 22 anseende
871 840 70 21 dertill
957 843 31 18 att
1003 840 25 22 hr

200 868 150 28 kyrkoherden
370 875 37 15 var
428 869 109 21 nödsakad
557 871 33 19 att
604 868 95 28 företaga
715 875 25 15 en
755 875 48 15 resa
818 869 6 21 i
840 868 97 22 ändamål
953 871 31 19 att
1000 868 28 22 af-

200 896 63 28 lägga
285 897 48 27 prof
354 897 33 22 för
409 897 225 28 kyrkoherdetjensten
656 898 6 20 i
676 897 82 28 Ulfsby.
791 896 39 22 Till
846 897 69 22 denna
929 896 99 23 anhällan

199 926 50 21 fann
265 926 85 22 ständet
364 926 77 27 skäligt
456 926 69 22 lemna
540 926 38 21 sitt
593 926 65 21 bifall.

271 1091 39 21 Till
333 1091 104 27 justering
462 1091 108 28 upplästes
594 1091 107 28 protokoll
727 1092 32 21 för
783 1092 40 21 den
846 1092 26 20 21
889 1091 40 22 och
945 1092 26 21 25
987 1091 42 22 för-

201 1120 56 21 lidne
274 1126 62 15 mars.

272 1296 120 27 Föredrogs
417 1296 91 28 följande
532 1296 48 22 frän
606 1297 137 21 medständen
764 1297 101 21 inkomna
880 1296 150 27 protokollsut-

203 1325 59 26 drag,
278 1324 115 27 nemligen:

274 1393 25 27 A)
322 1393 46 22 frän
391 1393 147 28 ridderskapet
560 1393 39 22 och
622 1393 72 22 adeln:
725 1394 21 27 1)
770 1393 48 22 med
831 1393 201 26 tillkännagifvande

205 1421 80 26 derom,
309 1424 32 19 att
356 1422 90 25 ständet,
462 1422 34 21 vid
512 1422 150 27 föredragning
677 1422 23 21 af
713 1422 170 21 statsutskottets
899 1421 133 22 betänkande

204 1450 6 20 i
233 1450 114 27 anledning
369 1451 22 20 af
412 1451 74 26 nädiga
509 1451 160 26 propositionen
690 1457 34 15 om
747 1451 114 21 anvisande
877 1450 21 21 af
913 1450 72 26 anslag
1000 1449 33 22 till

204 1479 117 21 understöd
339 1479 33 21 för
387 1479 26 21 de
428 1479 126 22 kommuner
569 1479 6 21 i
591 1479 79 26 landet,
687 1479 70 21 hvilka
773 1481 36 19 äro
826 1479 48 21 med
889 1479 143 26 ingvartering

204 1507 23 20 af
247 1509 87 26 trupper
357 1507 51 22 eller
430 1507 92 22 militära
544 1508 143 26 inrättningar
705 1509 84 20 svärast
803 1507 128 27 betungade,
948 1507 86 21 beslutit

204 1535 110 22 remittera
337 1536 86 21 ärendet
446 1536 31 21 till
498 1537 204 21 ekonomiutskottet
717 1536 6 21 i
739 1537 36 21 det
791 1536 22 21 af
826 1536 50 21 herr
891 1542 40 15 von
947 1535 86 22 Alfthan
