1117 1817
206 132 55 21 1178
429 136 161 18 Presteståndet
603 138 55 16 1872.
682 138 23 16 21
717 137 48 21 maj.

176 217 159 21 sammansköto
358 216 23 21 af
403 217 95 21 enskilda
521 218 67 20 medel
604 217 118 22 kostnaden
737 217 34 21 för
786 218 26 20 de
827 217 114 26 exemplar,
957 222 44 15 som

177 245 84 27 belöpte
285 246 32 26 sig
339 245 28 27 på
389 245 49 21 våra
462 245 192 27 kontraktskyrkor
676 245 38 22 och
736 246 89 21 skänkte
841 245 47 21 dem
905 245 31 21 till
952 245 49 26 kyr-

176 274 74 21 korna.
281 275 49 20 Just
350 274 48 21 med
417 274 99 21 afseende
531 275 13 20 &
559 274 62 21 dessa
637 274 187 27 omständigheter,
839 274 48 21 med
903 273 99 22 afseende

176 302 13 21 å
212 303 40 20 den
277 303 60 26 ringa
360 303 64 26 utsigt
447 304 19 19 vi
483 302 69 25 hafva,
566 305 32 18 att
614 303 69 21 denna
698 302 245 27 landtdagsprotokoller
958 308 45 15 mer

176 333 26 19 än
226 332 25 20 de
273 331 68 21 första
363 331 60 21 skola
446 331 63 21 hafva
532 331 85 27 åtgång,
640 331 40 22 och
701 331 36 21 det
755 331 100 27 slutligen
871 331 41 21 blir
928 333 31 19 att
974 330 27 27 på

177 360 189 21 kommittenterna
389 359 85 22 hvälfva
496 362 31 19 ett
542 360 81 26 ganska
640 360 103 27 betydligt
763 360 92 21 tillskott
871 359 32 21 till
919 359 42 22 alla
976 359 26 21 de

177 389 66 26 dryga
257 388 96 26 utgifter,
369 388 26 21 de
411 389 57 20 förut
483 389 85 20 kommo
585 391 32 18 att
633 389 68 23 hafva,
718 389 38 20 och
773 389 47 20 med
837 388 98 21 afseende
951 388 51 21 derå

177 419 32 18 att
222 417 37 26 jag
275 417 69 26 aldrig
359 417 42 20 kan
423 417 47 21 med
487 418 42 20 min
544 419 45 19 röst
606 417 88 26 bidraga
709 417 32 21 till
758 419 31 19 att
805 417 143 21 arkivmedlen
961 417 40 20 till-

176 446 72 26 gripas
272 445 79 24 härtill,
371 445 34 21 får
417 446 36 26 jag
468 446 124 27 ytterligare
608 452 100 21 upprepa,
725 447 32 19 att
770 446 36 26 jag
821 445 33 22 för
869 445 132 21 närvarande

177 476 114 19 motsätter
307 474 42 26 mig
365 474 61 21 deras
442 475 117 26 tryckning.

246 531 142 26 Domprosten
404 531 126 21 Renvall:
562 531 73 21 Ehuru
656 531 37 26 jag
712 531 47 20 med
776 531 41 20 min
833 531 135 26 uppfattning
980 531 23 21 af

177 559 69 27 vigten
263 559 22 21 af
299 559 112 27 landtdags
426 559 170 27 protokollernas
612 560 112 26 tryckning
739 560 161 25 ursprungligen
917 560 83 26 yttrade

177 589 42 26 mig
242 588 87 25 derhän,
349 590 32 19 att
403 589 181 20 omkostnaderna
606 588 33 21 för
658 589 25 20 de
699 595 81 14 samma
796 588 67 21 skulle
880 590 59 24 tagas
955 587 45 22 från

177 617 25 21 de
215 617 32 20 för
262 617 268 26 landtdagskostnadernas
552 617 118 26 utgörande
688 617 95 20 lemnade
800 617 199 26 bevillningsmedel,

177 646 24 21 så
223 645 38 21 har
282 645 42 26 jag,
347 645 25 21 då
396 646 36 20 det
454 645 64 21 likväl
534 645 17 26 ej
568 652 54 14 vann
639 645 96 21 ståndets
752 645 64 26 bifall,
832 645 6 20 i
853 645 96 21 enskilda
965 645 36 21 be-

177 674 172 26 svärsutskottet,
371 673 68 21 såsom
463 674 65 21 också
550 674 45 25 här,
619 674 97 20 förordat
736 674 143 21 kostnaderna
896 673 104 27 utgående

177 702 46 22 från
239 702 60 21 arkiv
315 702 89 26 medlen,
420 702 88 21 emedan
522 702 37 27 jag
574 708 62 15 anser
652 704 32 19 att
703 702 25 21 de
745 702 62 20 hafva
823 702 68 20 blifvit
907 702 93 21 samlade

177 731 38 27 för,
239 737 33 15 om
297 731 18 26 ej
336 732 44 25 just
399 730 59 22 detta
480 731 64 21 likväl
561 733 31 19 ett
606 731 82 26 ganska
703 732 52 19 nära
771 731 121 25 beslägtadt
908 730 38 21 och
962 730 38 21 lik-

177 760 72 20 artadt
271 759 106 21 ändamål.
398 760 39 20 och
456 759 36 27 jag
508 762 45 18 tror
569 760 64 20 också
648 766 34 20 nu,
698 762 33 18 att
741 760 83 20 landets
840 761 88 24 prester,
944 765 55 15 sam-

177 788 48 21 lade
240 788 32 20 till
296 790 121 24 prestmöte,
434 788 18 26 ej
468 788 68 21 skulle
552 795 51 14 vara
618 788 24 21 så
657 788 126 26 småaktiga,
799 790 32 18 att
847 788 25 20 de
888 787 68 21 skulle
971 788 29 20 af-

176 817 56 26 gifva
255 818 32 20 ett
309 817 140 21 misstroende
471 819 72 19 votum
567 820 45 18 mot
634 816 164 27 presteständet,
821 816 126 21 församladt
967 817 33 20 vid

177 846 69 20 denna
269 846 107 26 landtdag,
399 846 27 20 då
448 846 26 20 de
494 846 6 20 i
516 846 77 26 många
608 846 68 20 andra
691 845 95 26 oändligt
800 845 84 27 mycket
899 845 102 26 vigtigare

177 874 62 21 saker
262 877 75 24 trygga
360 874 31 26 sig
413 874 33 20 vid
470 874 118 26 omdömen,
604 880 45 15 som
666 874 48 20 dess
729 875 172 25 representanter
917 874 39 20 här
971 874 29 20 af-

176 902 61 27 gifva.
277 902 61 21 Hvad
361 903 36 21 det
420 902 106 25 beträffar,
550 909 46 15 som
620 903 137 26 domprosten
777 902 62 26 Borg'
849 902 104 25 anmärkt,
969 904 31 19 att

176 932 39 20 allt
239 931 66 21 borde
327 932 26 26 gå
376 932 6 20 i
406 931 94 26 ordning,
524 931 22 21 så
562 934 36 18 vet
610 932 37 26 jag
662 931 20 27 ej
697 930 55 22 hvad
768 931 143 26 ordningslöst
927 930 38 21 här
980 930 22 21 af

176 961 67 20 andra
265 960 108 26 påyrkats.
405 960 141 26 Domprosten
568 960 57 26 Borg
640 960 50 21 sade
706 959 71 26 också,
793 961 32 19 att
841 960 61 26 ingen
918 960 81 20 mensk-

177 989 28 26 lig
228 988 117 27 beräkning
366 988 39 21 har
420 988 80 21 kunnat
516 991 54 22 veta,
588 989 54 20 huru
658 988 83 27 mycket
757 988 160 26 protokollerna
933 988 67 20 skulle

177 1018 54 26 stiga
246 1017 39 21 till.
316 1017 45 21 Den
380 1017 122 27 beräkning,
519 1023 44 15 som
580 1018 85 26 gjordes
681 1017 22 21 af
718 1017 97 21 enskilda
831 1016 169 21 besvärsutskot-

176 1048 37 24 tet,
229 1048 24 18 är
269 1046 64 20 likväl
349 1046 111 26 mensklig;
478 1050 21 22 ty
515 1046 65 20 sedan
596 1046 35 21 det
648 1046 112 20 uträknats
776 1048 32 18 att
824 1045 32 21 till
873 1045 39 21 den
930 1046 9 20 1
959 1045 41 27 maj

177 1075 41 21 300
241 1074 81 22 skrifna
344 1074 39 21 ark
398 1074 54 21 hade
469 1075 128 26 tillkommit,
614 1074 121 21 beräknade
752 1080 48 15 man
817 1074 54 20 efter
887 1074 113 26 menskligt

176 1103 40 21 och
240 1103 122 26 bristfälligt
385 1105 43 19 sätt
443 1103 33 21 för
491 1104 42 26 maj
549 1104 77 20 månad
642 1104 42 20 200
699 1103 45 25 ark,
761 1103 39 21 och
816 1109 48 15 man
880 1102 71 27 tyckte
968 1102 32 25 då,

176 1134 32 18 att
224 1132 27 20 all
269 1132 88 20 rättvisa
371 1132 67 25 gjorts
460 1132 23 20 åt
498 1132 169 26 presteståndets
684 1132 148 20 medlemmars
847 1131 54 20 både
918 1130 82 21 tal-lust

176 1160 39 21 och
231 1160 127 26 talförmåga
378 1160 39 21 och
439 1162 32 19 att
487 1161 61 20 äfven
565 1161 26 20 de
607 1160 69 27 plena,
692 1166 44 15 som
753 1160 34 21 vid
803 1159 140 26 landtdagens
959 1159 41 21 slut

175 1189 69 21 skulle
260 1195 39 20 ega
315 1195 52 19 rum,
384 1189 106 26 inrymdes
506 1190 5 19 i
528 1189 68 21 denna
612 1189 78 26 kalkyl,
707 1189 39 20 och
763 1189 52 20 efter
832 1195 24 14 en
873 1188 66 21 sådan
955 1188 45 20 kal-

175 1217 36 28 kyl
236 1218 73 26 tyckes
331 1217 36 21 det
382 1218 48 25 mig,
446 1223 45 15 som
507 1223 48 15 man
572 1218 18 26 ej
607 1217 23 21 så
646 1217 87 21 alldeles
749 1217 28 26 på
792 1217 46 20 höft
853 1216 68 21 skulle
938 1216 62 21 hafva

176 1245 120 22 beräknadt
321 1246 118 21 kostnaden
454 1246 33 21 för
501 1246 171 27 protokollernas
688 1246 117 26 tryckning.
836 1245 41 26 Jag
891 1251 63 14 anser
969 1245 31 20 så-

176 1275 57 21 ledes
252 1278 33 17 att
305 1275 157 26 presteståndet
477 1275 109 26 ingenting
602 1275 67 20 skulle
686 1275 81 20 riskera
782 1274 34 21 vid
832 1276 32 19 att
880 1273 73 21 bifalla
969 1273 32 21 till

175 1304 120 25 antagande
312 1303 23 21 af
349 1303 95 21 enskilda
460 1303 204 21 besvärsutskottets
680 1303 141 21 betänkande.
852 1302 149 21 Protokollens

175 1332 142 27 renskrifning
339 1333 5 20 i
367 1331 50 22 flere
438 1332 106 26 exemplar
567 1334 24 19 är
613 1332 124 25 visserligen
761 1338 25 14 en
808 1333 65 24 utväg
888 1333 32 18 att
935 1331 67 20 rädda

175 1361 48 21 dem
246 1361 48 20 från
314 1361 148 26 förskingring,
487 1367 47 14 men
558 1361 69 20 denna
650 1362 64 25 utväg
729 1362 24 19 är
769 1360 76 21 endast
860 1365 26 16 en
901 1359 101 21 nödfalls-

175 1391 71 25 utväg,
262 1389 46 21 ifall
325 1389 40 21 den
381 1395 34 15 om
430 1390 62 20 deras
507 1389 113 27 tryckning
636 1389 18 26 ej
671 1389 69 21 skulle
755 1389 27 26 gå
798 1389 90 26 igenom.

245 1447 142 26 Domprosten
410 1445 80 28 Borg:
522 1446 42 21 Det
587 1448 23 18 är
630 1446 75 21 endast
721 1445 33 21 för
769 1448 33 18 att
817 1445 47 21 med
881 1445 67 26 några
963 1445 38 20 ord

175 1475 21 20 få
220 1475 102 21 hembära
343 1475 43 20 min
407 1474 133 21 tacksamhet
563 1475 23 20 åt
608 1474 106 27 professor
734 1474 111 26 Forsman,
861 1480 44 15 som
923 1473 79 21 erinrat

175 1503 43 27 mig
239 1509 34 16 om
298 1510 25 15 en
347 1503 44 25 sak,
415 1509 44 15 som
481 1503 37 26 jag
540 1503 49 27 sjelf
603 1503 18 26 ej
638 1503 39 20 har
692 1503 60 26 gifvit
764 1502 38 21 akt
817 1502 64 27 uppå,
897 1502 104 26 nemligen

175 1534 32 19 att
227 1532 38 27 jag
288 1532 45 21 ofta
353 1531 108 28 begagnar
476 1532 62 21 ordet
554 1531 118 22 bibliothek
687 1531 80 21 istället
782 1531 33 21 för
831 1531 59 21 arkiv
906 1537 45 14 som
965 1530 36 27 jag
