1117 1817
309 126 162 19 Presteständet
484 128 56 17 1872.
567 128 22 17 16
602 127 60 22 april.
841 121 41 21 675

86 208 129 27 fortfarande
235 207 62 27 hyser
318 214 82 14 samma
415 207 85 26 äsigter,
516 209 32 19 att
564 214 26 15 en
604 207 89 26 jernväg
707 206 48 21 frän
770 206 141 21 Tammerfors

85 237 23 22 ät
123 235 137 22 Österbotten
275 235 68 22 skulle
357 235 34 21 för
406 235 72 22 landet
493 235 7 22 i
516 235 32 22 sin
563 235 74 22 helhet
652 235 95 21 medföra
762 236 69 19 större
845 235 66 25 nytta,

86 267 26 19 än
126 265 114 26 jernvägen
256 264 88 21 emellan
360 263 141 22 Tammerfors
518 264 40 21 och
593 264 33 25 Äbo,
643 263 23 22 af
678 263 51 26 skäl,
744 269 46 15 som
803 263 37 26 jag
850 261 62 22 utbe-

88 294 38 21 der
147 293 42 26 mig
207 295 32 18 att
254 295 67 19 straxt
336 292 21 21 få
371 295 99 19 närmare
485 293 104 26 utveckla,
605 293 24 20 sä
644 291 32 22 får
688 291 37 27 jag
740 291 64 21 likväl
820 290 93 22 förklara

87 324 32 19 att
133 322 60 21 äfven
206 321 36 27 jag
256 321 34 21 vid
306 321 58 21 detta
379 321 82 21 tillfälle
477 321 96 22 kommer
588 323 32 19 att
632 322 58 20 rösta
705 319 33 22 för
757 319 120 28 byggandet
892 319 21 21 af

87 345 66 27 Äbo—
166 341 72 40 Wiiala
253 350 74 27 banan,
344 350 88 21 emedan
446 350 37 27 jag
498 352 24 19 är
538 349 123 28 öfvertygad
676 355 34 16 om
726 350 32 20 att
773 349 68 26 någon
856 348 55 26 jern-

87 378 148 27 vägsbyggnad
254 379 23 21 ät
299 378 137 21 Österbotten
459 378 46 21 icke
524 379 96 20 kommer
635 379 32 20 att
682 377 22 22 af
717 377 114 22 ständerna
845 377 67 21 föror-

88 407 43 26 das,
147 407 62 21 innan
225 407 62 22 södra
303 407 61 21 delen
380 407 22 21 af
416 406 72 22 landet
503 407 40 21 fätt
558 407 46 21 sina
620 406 129 27 önskningar
764 406 7 21 i
787 405 98 22 afseende
899 406 14 21 ä

85 436 220 27 jernvägsbyggnader
320 435 106 28 uppfylda,
443 435 39 22 och
498 435 89 22 emedan
600 435 37 27 jag
652 437 24 19 är
686 435 43 21 lika
740 434 129 27 öfvertygad,
880 436 33 19 att

85 465 24 26 ju
128 464 49 22 flere
191 465 112 26 jernvägar
318 465 6 20 i
339 464 64 21 södra
418 464 60 21 delen
494 463 23 22 af
530 463 74 22 landet
618 464 86 21 komma
720 463 32 27 till
767 463 68 26 ständ,
851 463 61 21 desto

87 493 132 26 oafvisligare
235 493 40 21 blir
289 492 100 21 behofvet
404 493 22 20 af
440 493 62 21 deras
517 492 148 26 utsträckning
680 493 23 20 ät
718 491 143 25 Österbotten,
873 491 40 21 och

88 521 59 22 desto
163 523 42 19 förr
221 521 84 22 komma
321 521 25 21 de
361 521 61 21 äfven
438 524 32 18 att
485 521 107 26 företagas
607 520 89 22 oaktadt
711 520 42 21 alla
769 520 26 21 de
810 520 102 26 miljoner,

87 555 46 16 som
148 549 31 21 till
195 543 46 28 Åbo
258 549 79 22 banans
349 549 112 22 utförande
472 549 116 23 erfordras:
602 549 89 22 emedan
699 549 46 26 just
755 555 75 20 genom
840 548 73 27 sjelfva

85 578 146 27 jernvägarne,
254 579 39 20 den
315 578 140 27 öfvertygelse
478 578 38 21 allt
532 585 58 14 mera
606 577 53 22 skall
675 577 75 27 stadga
765 577 38 26 sig,
819 579 32 19 att
866 577 47 21 hela

88 606 100 22 Finlands
211 607 98 21 framtida
334 607 121 26 utveckling
477 607 64 21 beror
564 606 22 21 af
606 606 92 21 nämnda
713 605 200 22 kommunikations-

88 635 111 25 anstalten,
223 638 32 18 att
279 635 74 25 medel,
379 641 45 16 som
440 635 32 22 till
488 635 109 22 desamma
612 635 115 25 användas,
743 633 64 23 blifva
821 634 93 21 indirekt

88 670 74 20 genom
179 664 89 26 höjande
285 664 21 20 af
320 664 83 21 landets
411 663 112 22 välstånd
518 658 10 37 i
536 664 75 26 högsta
622 663 52 27 grad
684 663 179 26 fruktbringande,
874 662 39 22 och

90 694 32 19 att
136 692 6 20 i
157 692 52 26 följd
224 692 61 21 deraf
298 695 44 18 mot
357 693 136 26 upptagande
508 692 23 22 af
544 692 90 22 statslän
651 691 32 22 för
698 691 111 27 byggande
823 691 23 21 af
857 691 57 26 jern-

88 722 64 25 vägar
174 721 65 26 några
263 721 170 26 betänkligheter
452 721 47 21 icke
522 720 62 22 böras
600 720 68 28 hysas.
699 720 40 26 Jag
755 720 64 26 vågar
833 719 6 21 i
855 720 60 20 detta

88 749 99 22 afseende
202 750 93 26 åberopa
310 749 96 27 Sveriges
422 749 100 27 exempel.
553 750 33 21 Då
602 749 110 21 derstädes
727 748 34 21 vid
777 749 71 21 1853—
859 748 55 22 1854

87 778 62 21 årens
174 778 85 26 riksdag
284 778 40 21 den
349 778 66 21 första
437 778 226 27 jernvägsbyggnaden
678 777 87 26 beslöts,
781 777 27 21 då
823 776 92 22 derefter

88 806 68 21 under
171 806 26 22 de
212 806 91 27 följande
318 808 51 20 åren
385 806 37 22 allt
436 806 51 22 flere
503 807 90 21 statslån
609 808 104 25 upptogos
728 806 32 20 för
770 806 112 20 utförande
894 804 22 22 af

86 834 119 28 jernvägar,
230 836 23 20 så
279 842 37 14 var
337 835 105 21 allmänna
464 835 111 27 meningen
597 837 32 19 att
650 835 59 21 detta
730 840 38 15 var
787 834 35 21 det
836 835 79 20 största

88 864 191 21 statsekonomiska
298 864 95 26 misstag,
409 863 32 22 för
456 866 33 19 att
504 864 46 21 icke
566 866 51 24 säga
632 870 27 15 en
674 869 37 15 ren
727 862 122 28 galenskap;
866 868 49 15 man

89 892 75 21 trodde
185 895 32 18 att
239 893 58 20 detta
313 892 68 22 skulle
396 892 48 22 leda
460 892 32 21 till
508 892 83 22 landets
606 891 133 27 fullkomliga
754 892 54 24 ruin,
823 892 32 20 att
870 890 45 22 lan-

90 920 46 22 dets
151 922 51 20 sista
218 921 172 27 penningemedel
406 920 68 22 skulle
489 922 51 25 utgå
555 920 32 22 till
603 922 74 20 räntor
692 920 39 21 och
747 920 128 24 amortering
895 918 22 22 af

90 949 26 21 de
137 949 113 21 utländska
272 950 123 24 statslånen,
418 952 32 18 att
466 956 25 15 en
507 949 124 26 fullständig
646 948 157 22 statsbankrutt
818 954 50 15 vore
883 949 32 20 att

89 977 86 27 förutse,
191 984 26 14 m.
233 984 26 15 m.
276 984 45 15 som
337 978 21 21 af
372 978 41 21 den
428 978 69 21 tidens
513 978 77 21 talrika
606 978 205 26 tidningsuppsatser
825 976 6 21 i
845 978 71 19 ämnet

90 1008 95 24 nogsamt
200 1007 44 21 står
259 1008 32 20 att
306 1006 101 22 inhämta.
438 1006 48 22 Men
500 1006 37 27 jag
552 1006 80 21 tillåter
648 1006 42 26 mig
705 1008 32 19 att
751 1005 65 27 fråga,
831 1004 84 22 hvilken

89 1035 75 21 svensk
188 1041 47 15 man
259 1034 68 22 skulle
349 1042 88 14 numera
452 1035 90 21 klandra
558 1035 40 21 den
615 1035 27 21 då
657 1034 95 26 inslagna
764 1036 65 24 vägen
846 1033 70 21 såsom

90 1063 81 21 mindre
191 1063 180 27 ändamålsenlig?
393 1064 42 21 Det
458 1064 107 21 allmänna
588 1063 120 21 välståndet
730 1063 39 21 har
794 1062 58 26 stigit
877 1061 39 22 och

90 1091 81 22 landets
194 1092 121 26 utveckling
337 1092 40 21 har
398 1092 89 27 fortgått
508 1092 32 21 till
564 1098 25 15 en
609 1092 58 21 förut
682 1091 69 21 oanad
766 1090 55 27 höjd,
837 1090 80 21 hvilket

89 1120 82 21 bevisas
193 1120 61 21 deraf
277 1122 31 19 att
333 1124 100 23 exporten
456 1120 22 21 af
490 1120 126 27 jordbruks-
632 1120 39 21 och
687 1118 230 27 ladugårdsprodukter

89 1147 39 22 har
151 1149 64 21 sedan
239 1149 40 21 den
301 1149 58 21 tiden
375 1155 45 15 mer
435 1151 27 19 än
477 1149 154 26 ättadubblats,
644 1149 42 20 och
703 1150 31 19 att
749 1147 167 26 insättningarne

91 1177 30 21 uti
136 1177 187 22 lifränteanstalter
338 1177 39 22 och
393 1177 131 27 sparbanker
540 1177 66 21 under
622 1177 52 21 sista
688 1177 47 20 året
751 1175 116 27 öfverstigit
882 1177 34 19 ut-

90 1206 137 27 tagningarne
250 1206 47 21 med
322 1209 33 18 tre
371 1206 101 27 miljoner.
504 1205 204 22 Statsinkomsterna
724 1205 61 21 hafva
801 1204 60 21 ökats
877 1203 39 22 och

91 1234 109 27 medgifva,
217 1235 87 21 oaktadt
320 1235 114 26 utgifterna
448 1234 33 22 för
494 1234 170 27 jernvägslänen,
679 1236 59 19 stora
753 1233 74 26 anslag
836 1231 33 22 för
880 1231 38 22 all-

90 1265 59 18 mänt
164 1263 81 26 nyttiga
259 1263 104 26 ändamål,
381 1263 47 21 med
444 1265 32 20 ett
491 1263 48 21 ord:
556 1263 72 21 landet
643 1261 96 22 befinner
753 1261 32 27 sig
800 1261 6 21 i
817 1261 36 21 det
863 1261 55 21 mest

91 1291 144 22 blomstrande
257 1292 101 26 tillstånd,
382 1291 39 22 och
444 1291 91 22 orsaken
558 1291 32 21 till
605 1291 39 22 allt
660 1291 59 21 detta
734 1292 24 19 är
771 1290 145 27 jernvägarne.

159 1319 40 27 Jag
224 1319 89 22 utbeder
339 1320 42 27 mig
406 1327 28 14 nu
456 1323 33 18 att
510 1320 20 21 fä
550 1320 82 27 päpeka
649 1320 65 25 nägra
730 1318 187 26 omständigheter,

90 1354 53 19 som,
166 1347 65 28 enligt
254 1349 42 21 min
318 1349 91 26 mening,
425 1351 51 24 göra
492 1355 26 15 en
531 1349 90 26 jernväg
636 1347 32 22 till
683 1341 47 34 Äbo
746 1347 33 21 för
794 1347 35 21 det
844 1348 73 19 närva-

91 1376 66 22 rande
179 1377 81 21 mindre
283 1377 191 27 magtpäliggande,
494 1379 26 19 än
536 1383 26 15 en
578 1377 58 27 dylik
648 1376 33 21 till
697 1375 144 22 Österbotten.
870 1368 48 27 Åbo

92 1405 57 22 stads
172 1405 47 27 läge
234 1408 24 19 är
273 1406 36 21 det
325 1409 54 18 mest
393 1412 138 21 gynnsamma
546 1405 7 21 i
569 1405 98 22 afseende
682 1405 13 20 å
709 1403 209 28 sjökommunikatio-

92 1439 43 16 ner.
166 1434 89 21 Stadens
271 1435 39 21 och
326 1435 39 21 den
383 1434 159 27 kringliggande
557 1434 97 21 traktens
669 1433 96 22 välstånd
777 1435 40 24 gör
827 1432 36 21 det
875 1433 44 20 tro-

92 1462 39 27 ligt
155 1465 31 19 att
209 1469 25 15 en
255 1463 88 26 jernväg
365 1463 93 21 derifrån
481 1462 61 22 äfven
558 1468 76 21 genom
650 1461 82 22 enskild
748 1460 171 27 företagsamhet,

92 1493 50 19 utan
158 1493 81 20 statens
255 1491 89 26 bistånd,
360 1492 7 21 i
383 1498 26 15 en
424 1497 50 16 snar
488 1491 87 22 framtid
590 1491 96 21 kommer
702 1490 31 21 till
745 1489 72 26 stånd;
829 1488 90 22 nämnde

92 1518 55 23 bana
162 1519 75 22 blifver
251 1520 46 21 icke
313 1521 69 26 någon
398 1520 118 26 stambana,
531 1521 51 20 utan
599 1519 55 21 blott
670 1525 26 15 en
711 1518 84 26 bibana,
805 1517 55 22 hvad
871 1523 49 15 man
