1117 1817
345 173 163 17 Presteständet
521 174 57 16 1872.
601 174 26 16 22
640 173 57 21 april.
862 168 41 21 817

104 254 34 21 vid
163 253 66 21 första
254 253 105 26 päseende
381 252 69 22 skulle
472 252 74 28 tyckas
570 259 55 14 vara.
656 253 43 20 Det
721 252 92 27 framgär
829 253 64 21 ocksä
907 259 26 15 ur

104 281 241 28 petitionsmemorialet,
368 281 75 21 liksom
467 287 26 15 ur
516 281 106 21 allmänna
641 281 202 21 besvärsutskottets
859 281 74 22 betän-

104 311 76 20 kande.
210 310 42 21 Det
268 309 61 22 heter
344 309 122 27 visserligen
482 310 135 27 eganderätt,
634 316 47 14 men
696 309 17 26 ej
731 309 40 22 kan
789 309 39 21 den
839 309 56 22 hvila
906 311 27 25 pä

104 345 82 16 samma
208 338 68 27 grund
291 345 45 14 som
352 345 68 14 annan
437 338 133 27 eganderätt.
601 338 31 26 Ty
647 337 68 22 skulle
731 338 40 21 den
787 338 57 21 hvila
859 338 72 27 derpä,

104 367 68 22 skulle
194 367 40 21 den
260 366 132 27 oafhändligt
407 367 65 21 ocksä
488 366 85 22 tillhöra
589 366 124 22 författaren
729 366 39 21 och
785 367 52 20 hvar
852 367 38 20 och
906 373 26 15 en

104 402 45 15 som
173 401 75 21 genom
272 396 47 26 laga
341 395 50 26 fång
406 395 39 21 har
460 395 92 22 kommit
566 395 6 20 i
588 395 125 27 ätnujtande
729 395 64 23 deraf,
810 395 38 22 och
864 395 68 22 skulle

104 424 89 22 sälunda
218 424 18 27 ej
253 423 52 22 efter
321 425 68 25 nägon
406 424 42 21 viss
463 424 31 21 tid
512 423 158 22 konventionelt
686 423 70 22 kunna
771 424 84 21 ändras.
885 424 47 21 Den

104 453 45 22 stär
171 453 6 21 i
200 455 97 19 närmare
318 452 159 26 sammanhang,
493 453 70 20 säsom
580 452 42 26 mig
637 458 68 21 synes,
722 452 47 21 med
785 453 147 26 patenträttig-

104 481 71 26 heten,
198 487 45 15 som
267 481 181 26 upphofsmannen
464 481 33 21 till
513 487 25 15 en
555 481 95 26 praktisk
666 480 123 28 uppfinning
805 486 54 21 eger.
890 481 42 22 Det

104 513 25 19 är
151 517 25 14 en
199 512 142 24 uppmuntran
363 509 34 21 för
419 509 72 22 snillet
513 509 39 22 och
575 509 110 21 lärdomen
701 512 31 18 att
747 509 18 27 ej
783 511 80 20 tröttna
878 510 6 20 i
899 509 33 22 sin

105 539 82 26 nyttiga
209 538 134 21 verksamhet
366 538 39 21 och
428 541 24 18 är
471 538 69 21 tillika
556 545 26 14 en
597 537 157 28 vedergällning
769 539 22 20 ät
807 538 70 21 snillet
893 538 39 21 och

104 567 110 21 lärdomen
237 567 32 20 för
292 567 61 21 deras
375 567 153 21 bemödanden.
559 567 42 21 Det
616 569 24 18 är
655 566 33 21 för
702 566 40 21 den
758 566 62 25 skull,
836 573 45 15 som
897 567 35 21 det

106 595 106 22 allmänna
234 596 88 26 pätager
344 595 31 26 sig
399 602 25 14 en
447 595 143 27 beskattning,
614 595 52 21 eller
682 595 113 21 öfverläter
810 595 75 22 liksom
901 597 31 20 ett

106 624 99 27 monopol
229 624 22 21 åt
273 624 125 21 författaren
414 624 52 21 eller
482 624 46 26 den,
545 625 23 20 ät
584 624 83 21 hvilken
684 624 41 21 han
741 623 38 22 har
795 624 137 21 öfverlemnat

106 652 30 21 sin
159 655 49 18 rätt.
240 652 88 22 Derföre
352 653 40 20 kan
417 653 39 21 den
480 652 64 21 ocksä
560 652 53 21 efter
628 659 26 14 en
671 653 40 20 viss
727 652 30 21 tid
773 653 103 26 upphöra,
893 652 39 22 och

105 681 42 26 mig
163 687 61 21 synes
239 682 69 20 säsom
325 687 33 15 om
374 680 195 22 besvärsutskottet
584 681 55 21 hade
654 680 56 27 gjort
721 682 50 22 rätt,
784 687 33 15 om
831 682 35 20 det
877 680 54 22 hade

105 709 60 21 slutit
185 710 31 26 sig
239 710 31 20 till
294 710 39 20 den
356 709 41 27 lag,
415 716 45 14 som
476 710 6 20 i
498 709 76 21 sädant
590 709 120 21 hänseende
725 709 66 27 gäller
806 710 7 20 i
828 709 103 27 England,

105 738 104 26 nemligen
225 741 32 18 att
273 738 35 21 det
323 738 68 21 skulle
406 738 76 21 fixeras
494 744 26 15 en
531 739 41 20 viss
584 738 36 26 tid,
634 738 67 21 under
711 738 84 21 hvilken
809 738 122 21 verkställa-

105 773 36 15 ren
164 766 22 22 af
208 769 31 19 ett
261 767 104 21 artistiskt
381 766 51 22 eller
447 766 94 22 litterärt
556 767 51 21 verk
623 766 69 22 skulle
706 766 82 26 ätnjuta
804 766 127 27 förlagsrätt,

106 797 14 19 t.
136 801 30 15 ex.
184 796 5 20 i
206 796 27 20 45
249 796 24 20 är
288 795 39 21 här
341 795 7 21 i
364 795 95 21 Finland.
491 795 49 21 Men
557 802 33 14 om
607 795 125 21 författaren
747 795 68 21 skulle
827 795 53 21 lefva
891 794 40 22 alla

106 824 26 20 45
156 824 58 24 åren,
237 824 68 21 skulle
327 824 41 21 han
391 824 21 21 få
434 824 84 26 åtnjuta
533 824 150 26 förlagsrätten
700 823 31 21 till
746 824 31 21 sin
793 823 81 21 lefnads
889 823 43 21 slut

106 852 39 21 och
168 852 92 22 derefter
283 855 56 19 ännu
358 855 15 18 t.
389 859 31 15 ex.
437 852 5 20 i
460 853 26 21 10
502 853 24 21 är
542 852 132 27 arfvingarne
690 852 52 21 eller
756 852 175 22 rättsinnehafva-

106 886 36 16 ren
159 881 82 26 ätnjuta
256 887 80 15 samma
351 883 50 19 rätt.
430 880 41 27 Jag
487 883 45 19 tror
548 881 69 23 ocksä,
634 883 32 19 att
681 880 42 22 alla
739 881 25 21 de
777 880 98 25 fördelar,
886 886 45 16 som

106 909 104 21 utskottet
233 910 78 20 önskar
326 909 62 21 vinna
403 910 23 20 åt
441 916 25 14 en
483 910 95 20 utmärkt
593 909 116 25 författare,
727 909 120 27 derigenom
863 908 68 22 skulle

105 937 128 27 tillgodoses.
264 938 30 27 Ty
317 940 31 19 att
371 938 109 21 utsträcka
504 938 34 21 det
562 938 55 21 ända
640 938 31 21 till
688 938 27 21 30
731 938 51 21 eller
797 938 27 20 50
840 939 24 20 år
879 938 52 20 efter

105 966 52 22 hans
173 966 48 22 död,
237 967 68 21 skulle
321 966 106 22 bestämdt
442 966 108 22 förnärma
566 967 36 20 det
617 966 106 22 allmänna
739 966 98 22 behofvet
852 968 31 19 att
899 966 31 21 till

105 995 36 20 det
163 995 116 26 möjligaste
301 995 72 27 billiga
388 995 43 27 pris
447 995 81 21 erhålla
544 996 144 26 produkterna
704 995 22 21 af
740 1002 25 14 en
781 995 75 21 afliden
873 1000 58 16 mans

104 1023 66 21 snille.
202 1023 39 22 Om
267 1024 19 20 vi
312 1026 15 18 t.
353 1030 30 15 ex.
407 1024 65 21 tänka
496 1030 34 15 oss
553 1024 124 26 Runebergs
692 1024 95 24 arbeten,
803 1024 43 27 (om
860 1024 37 26 jag
911 1023 18 27 ej

105 1052 132 21 missminner
260 1053 47 25 mig,
330 1053 23 21 så
375 1058 38 15 var
436 1053 36 21 det
494 1053 24 21 år
543 1054 62 24 1830,
629 1059 45 14 som
691 1052 41 21 han
748 1052 61 26 utgaf
822 1051 109 28 ,Serviska

104 1080 133 27 folksänger*
254 1081 38 21 och
308 1088 37 20 par
361 1082 24 20 år
401 1081 91 21 derefter
508 1080 66 22 första
590 1081 60 21 delen
667 1081 22 21 af
702 1081 46 21 sina
764 1081 76 27 dikter)
855 1081 23 21 så
894 1082 37 19 äro

105 1115 27 14 nu
157 1110 28 20 40
201 1110 24 20 år
240 1109 121 26 förgångna,
378 1110 39 20 och
433 1116 34 14 om
483 1110 22 20 åt
522 1110 76 20 honom
615 1112 56 18 ännu
688 1109 99 21 förunnas
805 1110 24 20 10
845 1110 34 20 års
895 1108 36 22 lef-

105 1137 47 26 nad,
176 1138 23 20 så
222 1137 67 21 skulle
313 1138 35 21 det
371 1138 27 21 då
421 1144 50 15 vara
495 1139 27 20 50
538 1139 30 23 år,
585 1137 39 22 och
640 1137 121 22 sedermera
776 1137 74 23 skulle,
867 1137 64 26 enligt

104 1166 115 21 utskottets
241 1166 84 26 förslag,
349 1166 52 21 hans
424 1166 191 21 rättsinnehafvare
639 1166 62 21 hafva
725 1167 34 20 det
775 1167 6 20 i
797 1167 26 20 50
839 1166 24 21 år
879 1165 52 22 efter

105 1193 53 22 hans
181 1195 48 25 död,
253 1195 18 20 d.
298 1201 17 14 v.
332 1201 15 15 s.
367 1195 40 20 100
422 1195 30 21 år.
483 1195 33 21 Då
532 1194 68 22 skulle
616 1195 143 21 allmänheten
774 1195 109 21 beskattas
899 1193 32 22 till

106 1225 30 18 ett
159 1223 42 26 pris
225 1223 21 21 af
267 1224 68 25 någon
351 1223 146 22 bokhandlare
513 1223 52 22 eller
580 1230 70 14 annan
666 1230 83 19 person,
765 1229 44 15 som
826 1223 38 21 har
880 1223 51 26 köpt

105 1251 247 27 förläggarerättigheten
376 1251 22 22 af
418 1252 52 21 hans
486 1252 192 21 rättsinnehafvare
692 1252 33 21 för
740 1254 31 19 ett
786 1251 49 28 pris,
851 1251 81 21 hvilket

106 1279 25 21 de
154 1279 61 22 hafva
238 1279 94 28 betingat
354 1281 31 26 sig
411 1281 53 20 efter
480 1281 52 20 hans
549 1281 111 26 bortgång,
677 1281 38 20 och
732 1280 79 21 hvilket
825 1279 106 22 sannolikt

105 1308 74 21 blifver
202 1309 126 26 fullkomligt
350 1309 43 21 lika
414 1309 57 27 högt,
486 1315 46 15 som
548 1315 34 15 om
598 1309 58 21 tiden
673 1309 54 21 hade
743 1309 68 20 blifvit
826 1308 105 21 bestämdt

104 1336 33 21 till
153 1337 74 21 endast
244 1339 25 19 10
285 1338 24 20 är
325 1337 52 22 efter
393 1337 52 22 hans
462 1338 47 21 död.
541 1337 69 22 Saken
626 1337 68 22 skulle
706 1332 89 37 sålunda.
803 1337 66 20 blifva
881 1337 50 20 enk-

105 1365 51 26 lare,
172 1372 34 14 om
223 1372 47 15 man
286 1366 67 21 skulle
369 1366 57 21 sluta
441 1367 31 26 sig
487 1366 31 21 till
536 1367 40 20 den
592 1366 87 27 princip,
691 1372 45 15 som
748 1365 97 27 England
856 1365 73 27 hyllar.

104 1393 86 22 Kanske
206 1401 37 14 var
259 1395 35 20 det
310 1395 81 20 derföre
407 1395 202 26 ändamälsenligast
624 1398 32 18 att
673 1395 46 20 hela
736 1395 25 20 de
777 1395 35 20 tvä
827 1394 51 21 sista
889 1400 41 15 me-

104 1422 103 27 ningarna
222 1423 68 21 skulle
305 1424 56 26 utgå.
378 1424 24 20 sä
418 1426 31 19 att
464 1423 36 21 det
515 1423 68 21 skulle
599 1423 50 21 heta
666 1426 45 21 ,att
726 1423 82 21 landets
819 1421 112 28 höglotliga

104 1451 87 21 ständer
213 1452 66 21 mätte
302 1451 31 21 till
356 1452 59 21 Hans
438 1452 118 26 Kejserliga
572 1452 100 26 Majestat
688 1452 47 26 ingä
752 1451 47 22 med
815 1457 24 15 en
856 1450 74 21 under-

105 1479 63 27 dänig
183 1480 100 21 anhällan
299 1481 79 24 derom,
395 1482 32 19 att
442 1480 60 21 Hans
517 1480 119 27 Kejserliga
652 1480 100 26 Majestät
768 1480 48 21 ville
831 1479 32 20 till
875 1481 56 18 näst-

104 1507 127 22 kommande
245 1509 102 26 landtdag
363 1509 44 20 läta
422 1509 108 27 förelägga
545 1509 115 20 ständerna
675 1509 132 26 fullständigt
817 1507 114 27 lagförslag

104 1537 90 20 rörande
216 1537 83 21 litterär
315 1537 38 21 och
370 1537 94 22 artistisk
481 1538 131 25 eganderätt,
628 1538 7 20 i
652 1537 36 21 det
702 1537 53 27 syfte
771 1539 32 19 att
821 1535 109 22 författare

104 1564 39 21 och
166 1565 86 22 artister
275 1565 107 22 lemnades
398 1565 110 27 tillbörligt
524 1565 68 27 skydd
608 1569 44 18 mot
668 1565 157 26 efterbildning,
840 1570 48 15 men
903 1565 28 26 pä
