1117 1817
221 130 41 20 968
459 134 162 17 Presteständet
634 134 54 17 1872.
712 134 12 16 6
736 134 48 20 maj.

191 216 34 19 att
247 214 6 21 i
279 214 40 21 den
335 220 41 20 nya
391 213 89 21 kanalen
498 214 33 20 vid
547 213 87 26 Taipale
650 214 75 20 verkar
740 213 189 26 strömsättningen
945 215 32 19 att
992 213 30 20 in-

191 242 102 27 löpandet
315 242 6 21 i
345 242 120 21 densamma
481 241 68 22 blifvit
564 243 85 20 svårare
665 244 25 19 än
706 242 7 21 i
729 242 40 21 den
785 241 76 26 gamla.
893 241 33 22 Då
941 248 28 14 nu
984 241 39 21 här

192 273 24 19 är
231 273 32 18 ett
278 271 104 21 farvatten
398 269 46 22 fullt
460 270 21 21 af
496 272 114 19 strömmar
626 271 38 20 och
680 270 75 27 grund,
772 270 39 21 och
828 276 102 21 passagen
941 271 24 20 så
975 271 48 20 svår

192 302 33 18 att
247 299 92 27 fartyget
363 299 66 21 måste
452 301 136 19 manövreras
606 299 98 20 stundom
720 305 76 20 genom
813 299 71 20 enkelt
899 299 52 21 smal
967 301 55 24 port,

192 334 76 21 genom
290 328 83 26 klippor
395 327 38 21 och
456 327 74 27 grund,
554 327 56 21 inser
626 327 52 21 hvar
694 327 37 22 och
749 333 25 15 en
790 333 45 15 som
851 329 43 19 sett
909 327 115 21 farvattnet

193 357 22 20 af
236 357 55 20 huru
313 360 46 17 stor
379 356 43 26 vigt
438 356 68 21 denna
521 356 37 21 sak
574 358 30 19 är.
635 356 162 26 Undersökning
813 355 66 22 borde
896 355 127 22 åtminstone

193 385 38 21 ske
247 385 103 21 huruvida
365 385 46 20 icke
426 384 104 27 reglering
546 385 23 20 af
584 385 157 20 vattenståndet
756 385 42 20 kan
815 384 46 21 med
878 384 77 21 lätthet
971 385 53 20 före-

193 416 67 24 tagas.
291 413 76 22 Dertill
388 413 67 21 skulle
478 413 44 21 helt
545 413 73 21 säkert
636 413 47 26 inga
699 415 68 19 större
784 413 116 20 kostnader
915 412 108 27 behöfvas,

193 448 48 15 men
265 448 26 15 en
315 444 44 19 stor
382 442 54 21 vinst
452 441 29 21 bli
496 442 32 21 för
544 441 48 22 hela
608 441 258 26 kommunikationslinjen
883 448 42 20 upp
941 442 22 20 åt
976 448 47 14 nor-

194 471 40 21 den
258 470 55 21 förbi
336 470 82 26 Kuopio
442 471 55 20 ända
516 470 32 21 till
571 472 185 25 vattensystemets
777 472 70 24 gräns.
877 470 41 25 Jag
933 469 32 22 för
981 470 43 21 min

194 499 33 21 del
251 499 118 25 tillstyrker
384 499 82 21 derföre
482 501 31 19 att
528 499 158 26 presteståndet
701 499 84 20 bifaller
801 505 25 14 en
842 499 131 26 underdånig
988 505 34 20 pe-

193 528 63 21 tition
272 527 6 21 i
295 529 76 19 ämnet.

263 584 90 21 Prosten
369 585 190 24 Rosengren:
590 585 42 21 Det
648 587 24 18 är
687 585 32 20 väl
735 587 61 19 sannt
814 587 32 18 att
861 591 25 14 en
902 591 51 14 snar
968 584 55 27 hjelp

195 613 66 21 oftast
277 615 24 19 är
317 619 24 14 en
359 613 75 21 dubbel
451 614 55 26 hjelp
526 614 38 20 och
581 616 32 18 att
629 616 29 18 ett
675 613 49 26 folk,
741 620 45 14 som
802 613 86 21 arbetar
904 614 26 25 på
945 613 31 21 sin
992 615 32 19 ut-

194 641 103 26 veckling,
321 641 39 21 bör
383 641 55 28 hylla
461 643 39 20 den
524 643 82 25 åsigten
630 645 42 24 ,att
694 643 78 26 lyckan
789 643 46 19 står
851 642 47 20 dem
915 641 107 27 djerfvom

195 669 42 25 di",
261 670 40 20 och
324 673 32 17 att
375 677 46 14 man
438 671 81 21 således
535 671 45 20 icke
597 670 39 21 bör
652 671 47 21 med
715 672 68 24 någon
800 670 77 26 sjuklig
892 670 132 20 tveksamhet

194 698 67 21 inlåta
283 698 32 26 sig
337 698 27 27 på
386 699 87 26 företag,
492 705 44 15 som
553 699 53 21 efter
622 698 27 22 all
666 700 103 25 mensklig
785 698 39 22 och
839 699 54 20 sund
909 698 115 26 beräkning

195 729 36 19 äro
255 726 174 27 fruktbringande
452 728 39 21 och
515 728 87 26 nyttiga,
622 734 46 14 men
684 728 13 21 å
712 728 67 20 andra
795 728 59 20 sidan
870 729 24 19 är
910 727 35 21 det
961 727 63 21 också

195 762 26 14 en
237 756 94 26 sanning.
349 756 54 20 hvad
419 756 39 21 den
475 756 109 21 romerska
600 756 87 21 skalden
703 759 72 23 säger:
794 758 62 20 .sunt
872 756 74 20 modus
960 756 20 20 in
991 762 33 14 re-

195 783 45 25 bus,
265 786 48 19 sunt
335 784 49 21 certi
401 784 89 28 denigue
505 785 71 21 fines*.
610 785 41 21 Det
667 784 65 22 finnes
749 785 55 21 ändå
821 787 30 18 ett
867 785 59 22 mått,
942 784 83 21 utöfver

195 812 81 21 hvilket
291 812 46 22 icke
353 813 39 20 den
409 813 185 21 eftertänksamme
611 814 39 20 och
666 813 61 21 kloke
744 813 107 27 patrioten
867 812 39 20 bör
916 812 65 21 önska
992 814 33 19 att

196 841 66 26 några
277 840 82 27 företag
375 841 59 21 skola
450 842 124 24 utsträckas,
592 842 87 20 emedan
696 842 71 26 hvarje
783 842 39 20 sak
838 841 61 21 alltid
911 842 45 20 står
966 842 6 20 i
983 841 42 21 för-

196 869 99 21 hållande
318 869 31 21 till
373 870 65 21 andra
461 870 187 26 omständigheter,
667 870 70 21 hvilka
753 870 45 21 icke
814 870 60 21 alltid
891 870 71 20 kunna
977 869 47 21 med

197 898 40 20 den
261 898 61 21 bästa
343 898 47 26 vilja
406 899 106 27 afhjelpas.
544 899 33 21 Då
592 906 29 14 nu
636 899 114 21 ständerna
766 898 62 22 hafva
844 898 87 21 beslutit
946 898 31 26 sig
992 898 33 20 för

194 926 125 27 jernvägars
341 927 131 27 anläggning,
495 927 70 21 hvilka
588 927 155 26 otvifvelaktigt
765 928 69 20 såsom
850 933 64 21 nyare
930 927 95 20 kommu-

197 954 175 22 nikationsmedel
397 956 36 21 och
457 957 68 20 såsom
550 956 110 27 äsyftande
683 956 194 21 kommunikations
893 954 133 28 öppnande
1013 950 16 38 i

198 983 25 21 de
247 983 59 21 delar
321 984 22 20 af
356 984 77 26 landet,
450 991 44 15 som
512 985 60 21 hafva
589 984 35 21 det
644 987 78 19 största
737 984 67 22 behof
818 984 65 25 deraf,
900 986 35 18 äro
952 986 31 18 att
1000 984 26 26 på

198 1012 35 20 det
257 1012 75 26 högsta
347 1012 91 26 förerda,
455 1013 105 21 förefaller
578 1014 36 20 det
629 1014 42 26 mig
687 1014 80 20 mindre
785 1013 129 23 välbetänkt,
931 1015 31 18 att
977 1019 49 14 man

197 1040 110 26 samtidigt
322 1041 67 21 skulle
405 1044 49 18 utan
472 1043 65 20 måtta
553 1042 71 21 ikläda
641 1042 31 26 sig
688 1042 65 21 andra
769 1042 93 26 utgifter,
879 1041 70 21 hvilka
966 1041 60 21 torde

198 1075 51 15 vara
272 1069 33 21 för
327 1070 36 20 det
385 1070 73 26 fattiga
481 1070 68 22 finska
570 1070 67 21 folket
654 1071 37 20 allt
706 1070 32 21 för
754 1073 71 23 tunga.
857 1070 40 26 Jag
913 1070 65 20 finner
995 1071 31 19 att

198 1097 105 21 utskottet
319 1098 38 20 har
373 1098 45 21 med
434 1100 80 24 ganska
530 1100 67 20 sunda
614 1099 38 21 och
668 1099 47 21 fullt
731 1098 196 22 tillfredsställande
940 1098 46 21 skäl
998 1098 28 21 af-

198 1126 63 26 slagit
282 1126 60 21 dessa
365 1127 117 26 petitioner.
513 1128 39 26 Jag
569 1128 38 20 har
623 1128 121 25 derigenom
761 1128 39 20 alls
816 1127 45 21 icke
877 1127 98 20 förnekat
991 1126 35 21 de-

198 1160 34 15 ras
256 1155 107 26 betydelse
386 1155 38 21 och
446 1159 64 24 nytta.
542 1156 40 25 Jag
598 1156 66 21 fattar
678 1156 64 21 saken
760 1157 73 20 endast
849 1156 70 20 såsom
936 1161 25 15 en
976 1155 50 21 tids-

198 1182 60 26 fråga
274 1183 39 21 och
329 1190 62 15 anser
407 1184 59 24 blott,
483 1187 32 18 att
531 1185 33 20 vid
581 1185 69 20 denna
666 1185 101 25 landtdag
784 1191 47 14 man
849 1184 45 21 icke
910 1183 39 22 bör
964 1185 26 24 gå
1002 1184 25 21 så

199 1211 88 21 alldeles
303 1212 105 25 omåttligt
423 1213 86 26 tillväga
525 1213 38 21 och
578 1213 49 27 vilja
638 1213 91 26 betunga
741 1213 72 21 landet
825 1213 46 20 med
883 1212 71 21 alltför
963 1212 64 27 dryga

199 1240 144 26 bevillningar,
368 1241 68 21 såsom
460 1241 120 27 ovilkorligt
603 1241 67 22 skulle
691 1241 63 21 blifva
771 1241 58 21 fallet
845 1247 34 14 om
896 1247 47 14 man
959 1240 68 22 skulle

199 1269 83 20 besluta
305 1269 30 26 sig
351 1269 32 20 för
398 1269 39 21 den
454 1277 38 14 ena
509 1270 51 21 eller
576 1271 40 20 den
632 1270 67 21 andra
715 1270 22 21 af
750 1270 161 26 ifrågavarande
926 1275 102 21 upprens-

199 1297 81 26 ningar.
310 1297 39 27 Jag
372 1297 58 22 delar
452 1299 5 20 i
474 1299 41 20 allo
532 1299 115 21 utskottets
663 1299 135 26 uppfattning
813 1298 22 21 af
849 1299 65 20 saken
931 1298 38 21 och
984 1297 44 22 för-

199 1332 52 14 enar
274 1327 41 25 mig
339 1333 33 14 om
395 1327 47 21 dess
465 1327 142 27 slutyttrande
631 1327 57 21 öfver
704 1327 41 21 alla
762 1327 62 21 dessa
840 1327 187 26 petitionsförslag.

200 1354 94 21 Sålunda
317 1355 38 20 har
375 1355 36 26 jag
434 1356 63 21 också
518 1358 92 24 motsagt
626 1356 77 21 doktor
719 1356 112 26 Alopaeus.
863 1355 42 21 Det
921 1355 40 21 kan
977 1355 52 21 visst

200 1389 50 15 vara
271 1383 59 22 fallet
345 1386 32 19 att
393 1387 12 16 t.
424 1391 30 14 ex.
470 1384 64 21 Pielis
550 1384 63 21 kanal
629 1384 39 21 har
684 1391 24 14 en
724 1385 107 26 synnerlig
847 1383 117 28 betydelse;
982 1389 46 16 men

200 1413 58 20 östra
281 1412 89 21 Finland
393 1412 39 21 har
455 1412 67 21 blifvit
540 1413 148 26 lyckliggjordt
703 1413 7 21 i
726 1413 36 21 det
777 1413 109 21 afseendet
902 1411 85 22 framför
1003 1412 25 21 de

200 1440 67 27 öfriga
284 1441 84 21 delarne
384 1441 21 20 af
418 1441 72 21 landet
506 1441 39 21 och
562 1441 35 22 det
613 1442 41 21 kan
669 1442 33 21 väl
718 1444 64 19 vänta
798 1444 49 18 utan
864 1440 106 28 synnerlig
988 1440 40 21 för-

200 1469 43 21 lust
259 1473 55 17 samt
330 1475 49 16 vara
395 1469 79 22 belåtet
488 1470 48 21 med
553 1470 41 24 det,
611 1477 45 14 som
672 1470 75 21 hittills
763 1469 68 22 blifvit
846 1469 77 27 gjordt,
938 1469 31 20 till
982 1472 47 18 dess

201 1497 92 27 följande
316 1498 207 27 ständerförsamling
547 1499 47 20 åter
617 1499 40 20 kan
680 1498 57 22 finna
756 1498 47 22 skäl
822 1501 32 18 att
870 1498 76 26 bevilja
961 1497 69 21 medel

201 1525 78 22 härtill.
312 1527 38 21 Om
373 1527 36 20 det
431 1529 23 19 är
478 1529 30 19 ett
530 1529 64 19 sannt
610 1527 39 21 och
665 1527 90 26 verkligt
771 1527 69 26 behof,
857 1527 23 21 så
895 1528 39 25 gör
949 1525 35 22 det
999 1525 31 28 sig
