1117 1817
209 157 55 21 1058
426 162 161 17 Presteständet
599 162 56 18 1872.
680 162 23 17 13
715 162 48 21 maj.

249 241 52 22 Vice
322 245 75 24 pastor
419 242 112 21 Lilius:
562 242 41 26 Jag
625 241 37 22 vill
678 241 55 22 blott
748 243 57 19 ännu
821 241 56 21 fästa
892 240 115 28 uppmärk-

179 270 111 22 samheten
312 270 73 22 dervid
407 270 54 21 huru
485 270 36 21 det
540 269 85 28 mycket
647 270 41 21 lätt
709 270 43 21 kan
775 269 86 22 komma
879 270 49 21 bort
943 269 64 26 något

179 299 78 22 sädant
273 299 38 21 der
325 299 107 26 gammalt,
448 301 51 19 utan
515 300 33 19 att
562 300 86 25 presten
664 300 24 19 är
703 299 28 26 pä
748 298 37 21 det
800 299 93 25 ringaste
907 301 42 18 sätt
960 297 46 22 der-

179 328 34 21 till
234 327 105 22 vällande.
370 327 48 22 Han
441 327 39 21 har
502 327 18 27 ej
544 327 61 21 alltid
625 327 117 27 nycklarna
757 327 40 21 hos
813 327 37 26 sig,
866 329 22 25 ty
903 327 7 21 i
925 327 82 26 kyrkan

180 356 27 28 gå
229 356 78 27 många
329 362 106 21 personer.
466 356 49 21 Han
538 356 42 21 kan
603 355 19 27 ej
637 355 35 22 stå
687 356 40 21 och
742 355 83 22 bevaka
841 355 44 25 allt,
901 362 45 15 som
962 357 24 19 är
1000 355 7 21 i

179 385 91 27 kyrkan,
285 385 40 21 och
340 385 83 21 ändock
438 384 76 21 blifver
529 384 36 21 det
580 384 115 27 tjenstefel,
711 391 34 14 om
762 384 65 27 nägot
841 384 96 22 kommer
953 384 53 21 bort.

249 453 112 21 Professor
383 459 19 15 v.
425 453 108 21 Essen:
564 453 40 26 Jag
627 453 74 26 tycker
723 453 33 21 för
782 453 42 20 min
841 453 33 20 del
890 455 31 18 att
937 453 36 21 det
988 452 20 27 ej

180 487 67 22 gerna
269 481 42 22 kan
334 481 118 22 tillkomma
470 481 70 26 nägon
556 487 69 15 annan
641 483 27 19 än
684 484 85 25 presten
786 483 32 19 att
834 481 54 21 vaka
903 481 58 21 öfver
975 483 33 19 att

179 510 40 21 allt
233 510 96 21 förvaras
353 510 39 21 och
408 512 24 19 är
446 510 7 21 i
468 510 78 25 behäll,
562 516 45 15 som
623 509 55 22 skall
694 510 68 21 finnas
777 510 40 21 och
833 509 42 22 han
891 509 66 22 mäste
973 509 33 21 väl

179 539 84 21 således
285 545 23 15 se
331 539 32 21 till
386 541 32 18 att
440 539 49 26 inga
511 538 116 27 obehöriga
652 545 102 20 personer
769 538 86 21 komma
871 538 58 21 öfver
945 538 61 21 dessa

179 567 179 22 minnesmärken.
389 567 39 21 Om
451 567 42 21 han
508 567 7 21 i
532 567 36 21 det
590 567 110 21 afseendet
724 567 85 26 brister,
832 567 24 21 sä
874 567 39 21 har
928 567 41 20 han
982 566 24 27 ju

179 595 74 28 begätt
269 598 32 19 ett
316 595 105 27 tjenstefel
437 596 39 21 och
492 597 24 20 är
531 595 43 21 han
589 595 116 28 angelägen
722 602 34 15 om
772 598 33 19 att
821 595 58 21 detta
901 595 105 27 tjenstefel

179 625 19 26 ej
214 624 55 21 skall
293 624 84 21 komma
392 625 21 20 in
429 625 6 20 i
451 624 230 27 meritförteckningen,
708 625 34 20 mä
758 624 41 21 han
816 624 50 21 akta
882 625 31 26 sig
929 623 77 22 derför.

179 653 84 21 Doktor
278 653 100 26 Alopeus
394 653 112 21 anmärker
521 655 33 19 att
569 653 72 26 dylika
656 653 70 26 gamla
742 653 63 21 saker
821 653 40 20 lätt
876 653 71 20 kunna
964 653 42 20 för-

179 681 58 21 faras
259 681 7 21 i
289 681 50 21 vära
362 681 57 21 kalla
443 681 39 21 och
498 681 83 27 fuktiga
597 681 117 21 sakristior.
745 681 42 27 Jag
801 687 74 15 menar
889 683 32 18 att
937 681 36 21 det
986 681 20 27 ej

179 716 51 14 vore
245 710 38 20 illa
298 716 34 15 om
347 710 70 20 denna
431 710 125 26 förordning
571 710 55 21 hade
637 710 40 20 den
689 709 88 27 päföljd,
788 712 32 18 att
830 709 176 27 församlingarna

179 738 70 22 blefve
265 740 94 25 tvungna
373 740 33 19 att
420 738 80 21 inrätta
515 738 109 21 eldstäder
639 738 6 21 i
662 738 147 21 sakristiorna.

247 806 207 28 Kontraktsprosten
470 806 167 27 Sohlberg:
668 806 49 22 Med
733 806 116 26 anledning
864 806 22 21 af
900 806 106 27 professor

179 841 18 15 v.
214 836 79 20 Essens
309 835 98 21 sednaste
428 836 99 26 yttrande
542 835 37 21 vill
592 835 37 27 jag
645 835 76 21 endast
736 835 71 21 erinra
823 836 73 20 derom
911 838 32 18 att
959 841 47 21 pro-

179 864 82 20 fessorn
285 870 61 20 synes
371 864 62 20 hafva
447 864 67 26 glömt
529 865 33 19 att
578 864 36 20 det
628 864 68 20 finnes
712 864 65 20 ocksä
793 864 152 26 kyrkovärdar,
961 870 45 14 som

178 892 6 21 i
200 892 67 21 första
290 892 55 21 hand
367 892 53 21 böra
442 899 50 14 vara
512 892 114 27 ansvariga
640 892 34 21 för
689 892 120 27 kyrkornas
825 892 109 26 egendom.
965 892 41 21 För

178 920 64 27 öfrigt
265 921 38 21 ber
323 921 36 27 jag
381 923 33 19 att
435 921 21 21 få
471 921 73 21 förena
561 921 43 27 mig
619 921 48 21 med
684 921 43 21 vice
743 923 89 25 pastorn
847 920 67 22 Lilius
930 921 5 21 i
952 921 52 21 hans

177 950 107 26 yttrande.

246 1018 143 28 Domprosten
404 1018 142 21 Renvall:
576 1018 44 27 Mig
636 1024 62 21 synes
713 1020 32 19 att
762 1018 70 22 denna
847 1019 12 25 $
874 1024 50 15 vore
940 1018 64 21 allde-

177 1047 31 21 les
223 1047 128 26 nödvändig,
366 1047 45 21 ifall
426 1053 48 15 man
489 1046 108 27 verkligen
613 1047 35 21 vill
664 1047 63 21 vinna
743 1047 44 26 det,
803 1053 45 15 som
863 1047 7 20 i
885 1046 119 22 författnin-

176 1081 41 21 gen
233 1075 86 27 åsyftas.
350 1075 50 22 Som
426 1076 64 20 redan
506 1075 70 21 blifvit
592 1076 106 24 anmärkt,
714 1075 23 21 sä
753 1077 25 19 är
794 1076 35 20 det
844 1075 113 27 sjelffallet,
973 1077 31 19 att

177 1104 47 25 den,
247 1110 46 15 som
316 1104 39 20 har
377 1104 85 27 uppsigt
485 1104 59 21 öfver
566 1104 90 27 kyrkan,
682 1104 68 21 mäste
766 1104 64 21 hafva
845 1104 86 26 uppsigt
946 1103 59 22 öfver

176 1132 36 21 det
227 1138 46 15 som
289 1132 94 21 förvaras
399 1132 44 23 och,
459 1133 6 20 i
481 1133 102 20 händelse
598 1132 22 21 af
633 1132 142 26 värdslöshet,
792 1133 133 26 naturligtvis
941 1132 64 21 ocksä

177 1167 61 15 svara
266 1161 77 21 derför.
373 1161 40 21 Om
438 1167 48 15 man
509 1161 7 20 i
540 1161 72 21 stället
634 1161 32 21 för
690 1161 119 25 ,embetets
829 1163 92 24 vägnar"
937 1162 67 19 sätter

177 1189 115 28 ntjenstens
307 1189 98 27 vägnar",
430 1189 41 22 kan
487 1189 34 22 det
538 1196 52 15 vara
604 1190 90 27 ungefär
709 1190 125 25 detsamma,
851 1192 22 24 ty
889 1189 62 21 dessa
967 1189 37 21 ord

176 1217 79 28 nyttjas
278 1218 125 27 promiscue.
434 1219 113 20 Dessutom
571 1218 41 21 blir
634 1219 62 26 ingen
719 1221 53 18 utan
795 1218 89 26 behörig
900 1218 48 21 dom
965 1217 39 22 och

176 1247 130 26 ransakning
321 1246 57 21 fälld.

243 1315 57 21 Herr
315 1315 121 22 talmannen
452 1315 133 22 framställde
601 1315 52 21 härä
668 1315 95 28 följande

243 1377 136 27 Proposition
387 1385 5 14 :

242 1440 129 22 Godkännes
387 1442 10 25 $
414 1441 12 21 8
442 1441 136 25 oförändrad,
596 1441 52 21 eller
666 1441 60 21 icke?
757 1441 47 20 Den
821 1446 45 15 som
881 1440 123 27 godkänner

173 1469 34 27 8:n
230 1469 135 26 oförändrad,
388 1475 74 16 svarar
474 1470 32 26 ja;
533 1470 41 21 den
590 1469 37 22 det
642 1469 47 22 icke
704 1471 45 25 gör,
765 1475 74 15 svarar
855 1469 40 26 nej.
926 1469 79 21 Vinner

172 1497 42 28 nej,
236 1497 41 21 har
300 1497 85 22 ståndet
408 1499 82 26 antagit
513 1498 35 21 det
571 1498 23 21 af
613 1498 32 21 d:r
660 1499 102 25 Alopaeus
777 1498 76 26 gjorda
869 1497 39 22 och
924 1497 22 22 af
960 1497 44 21 vice

170 1528 75 25 pastor
269 1526 66 21 Lilius
357 1527 145 21 understödda
524 1527 156 23 amandement,
697 1527 67 26 enligt
779 1526 82 21 hvilket
875 1526 7 21 i
898 1529 25 18 st.
940 1526 13 21 f.
969 1525 36 22 det

171 1554 8 21 i
195 1555 93 21 nämnda
303 1555 11 27 $
330 1555 120 27 föreslagna
465 1561 77 15 ansvar
558 1555 66 21 borde
640 1555 81 22 införas
731 1555 162 21 bestämmande
905 1555 20 21 af
936 1555 68 21 böter.
