1117 1817
208 120 56 22 1124
424 126 163 18 Presteståndet
599 127 57 17 1872.
681 128 24 16 18
717 128 47 21 maj.

177 205 56 22 halft
247 205 59 22 sekel
321 206 48 21 hela
384 206 68 21 denna
467 206 51 21 fond
533 207 104 27 uppstått,
654 207 65 22 blifva
734 208 34 21 vid
783 207 142 22 stiftsmötena
941 206 67 22 hörde

175 233 67 22 innan
258 234 68 21 clerus
341 233 111 23 comitialis
467 234 96 23 besluter
577 235 33 27 sig
624 235 32 22 till
672 235 69 22 denna
758 235 82 27 åtgärd.

355 291 32 22 På
401 291 103 22 Enskilda
519 291 208 23 Besvärsutskottets
742 294 87 25 vägnar:

516 349 27 20 4.
560 348 27 21 G.
603 348 67 29 Borg.

247 403 123 23 Bordlades.

247 546 11 21 I
281 547 105 21 anseende
408 547 32 22 till
463 547 244 22 talmanskonferensens
726 547 157 22 sammanträde
898 547 28 22 kl.
943 548 26 26 1/,
981 548 22 21 11

178 574 83 23 afbröts
276 575 95 22 ständets
386 575 84 28 plenum
486 576 40 21 och
541 575 111 23 fortsattes
666 577 47 20 åter
728 576 29 21 kl.
773 577 28 26 3/,
811 577 33 21 11.

247 739 121 28 Föredrogs
391 740 95 23 enskilda
508 741 204 23 besvärsutskottets
735 741 78 27 förslag
828 741 32 21 till
875 740 132 28 underdänig

178 768 90 28 petition
291 768 72 22 derom
386 771 32 19 att
440 770 25 21 H.
482 770 26 21 K.
525 770 41 22 M:t
580 770 49 22 ville
643 776 76 22 genom
735 770 158 27 framläggande
908 769 22 22 af
943 769 64 27 nådig

177 797 133 27 proposition
326 799 49 25 taga
390 798 89 22 initiativ
494 798 31 22 till
541 798 148 28 upphäfvande
705 799 22 21 af
742 800 25 20 10
783 798 94 27 punkten
892 798 7 22 i
914 800 92 25 prester-

178 825 87 27 skapets
280 825 121 28 privilegier
415 826 23 22 af
450 826 41 23 den
508 828 27 21 16
550 826 92 23 oktober
658 828 60 26 1723,
733 828 24 21 sä
773 826 99 28 lydande:

228 900 240 23 PRESTESTÄNDETS

188 944 107 24 ENSKILDA
311 939 199 31 BESVÄRSUTSKOTT.

312 970 77 36 BENA,
576 974 41 22 Till
633 974 138 28 Högvördiga
786 974 169 22 Presteståndet.

200 1018 123 23 Helsingfors,
335 1018 17 18 d.
361 1019 25 17 16
394 1019 40 23 maj
443 1019 55 18 1872.

247 1121 70 22 Sedan
332 1122 134 27 Högvördiga
482 1122 160 22 Presteständet
659 1122 7 21 i
682 1122 197 27 protokollsutdrag
893 1122 24 21 af
925 1122 40 21 den
978 1123 28 20 25

177 1149 96 22 förvikne
289 1150 53 27 april
357 1149 32 22 till
404 1151 37 20 sitt
451 1150 103 22 Enskilda
563 1151 174 21 Besvärsutskott
747 1150 167 21 äterremitterat
924 1150 82 21 utskot-

177 1180 43 20 tets
235 1178 80 27 förslag
329 1178 32 21 till
377 1179 131 27 underdänig
522 1179 90 27 petition
628 1185 35 15 om
680 1179 149 27 upphäfvande
845 1178 23 21 af
881 1179 26 21 de
922 1178 83 23 Preste-

177 1207 86 22 ständet
285 1213 75 20 genom
381 1208 26 21 10
422 1207 94 27 punkten
531 1207 7 22 i
554 1207 26 22 de
595 1207 33 22 för
642 1207 85 22 ständet
744 1207 40 22 den
801 1208 26 21 16
843 1207 90 22 oktober
950 1207 56 22 1723

176 1235 58 27 gifna
255 1235 121 28 privilegier
397 1235 157 23 tillförsäkrade
572 1235 227 28 undantagsförmäner
813 1235 7 22 i
835 1235 49 22 stad
899 1235 40 22 och
953 1241 53 22 upp-

177 1263 70 28 dragit
262 1264 24 21 ät
299 1265 106 21 utskottet
419 1266 33 20 att
466 1264 78 27 afgifva
558 1266 47 26 nytt
622 1263 78 28 förslag
715 1264 6 21 i
737 1265 38 20 det
789 1263 60 28 syfte,
865 1270 46 15 som
927 1264 78 27 profes-

176 1297 37 17 sor
231 1291 124 22 Ehrströms
369 1293 136 27 andragande
519 1293 8 21 i
541 1293 90 22 ärendet
645 1292 118 27 förstsagde
779 1293 40 26 dag
835 1291 123 28 innehåller,
973 1293 33 21 får

176 1320 107 22 utskottet
298 1321 108 21 vördsamt
424 1321 32 22 till
472 1321 136 28 Högvördiga
623 1321 161 22 Presteständet
799 1321 129 21 öfverlemna
942 1321 63 22 efter-

175 1348 93 28 följande
282 1349 79 27 förslag
375 1349 32 22 till
421 1349 89 28 petition
525 1349 7 22 i
543 1349 82 22 ämnet:

262 1429 170 27 Stormäktigste,
448 1429 157 28 Allernädigste
620 1429 89 28 Kejsare
725 1429 40 22 och
781 1429 127 22 Storfurste!

245 1485 48 23 Det.
309 1485 22 22 af
352 1485 204 22 Storfurstendömet
578 1485 101 22 Finlands
694 1485 87 22 ständer
796 1485 89 22 tillsatta
901 1485 104 22 särskilda

175 1513 83 22 utskott
281 1514 34 21 för
337 1513 128 28 behandling
486 1514 23 22 af
529 1515 69 21 Eders
613 1514 118 27 Kejserliga
746 1514 111 27 Majestäts
872 1514 32 21 till
920 1520 28 15 nu
963 1514 41 22 för-
