1117 1817
231 136 42 21 626
450 144 162 18 Presteståndet
625 145 55 17 1872.
705 145 22 17 13
740 144 58 21 april.

202 225 85 21 evident
303 225 40 22 och
357 224 133 28 fullständigt
505 226 13 21 å
534 227 42 20 5:te
592 226 40 20 och
648 226 42 20 6:te
705 225 59 21 sidan
781 225 60 24 visat,
859 226 32 20 att
906 225 38 21 allt
959 224 71 22 vidare

202 253 95 22 ordande
322 254 73 21 derom
420 256 24 19 är
469 253 133 27 öfverflödigt
624 253 39 22 och
687 253 36 22 det
744 255 23 19 är
789 253 60 22 äfven
873 253 65 27 derpä
951 253 35 27 jag
1002 259 28 15 nu

201 282 96 27 grundar
318 282 48 21 mitt
388 281 78 28 förslag
488 285 32 18 att
543 282 40 21 den
602 282 79 21 insatta
696 282 201 25 kautionssumman,
914 288 48 15 vare
976 281 54 27 sig
1019 277 15 36 i

202 311 47 21 dess
266 311 72 21 helhet
353 311 52 21 eller
419 311 56 21 blott
490 312 70 25 någon
576 311 33 21 del
626 310 65 25 deraf,
706 311 47 20 icke
769 311 34 20 mä
818 310 115 26 medgifvas
949 310 31 21 till
994 311 36 20 nä-

201 341 38 24 got
261 342 66 18 aunat
346 339 96 21 ändamål
460 341 27 19 än
503 339 85 22 hvartill
604 339 40 21 den
660 339 68 21 blifvit
743 339 74 26 insatt;
835 339 39 21 och
889 339 93 26 återigen
998 341 33 18 att

202 368 48 21 med
269 367 123 22 statsmedel
408 368 112 27 uppbygga
536 367 162 22 T:fors—T:hus
714 367 69 22 banan
799 367 48 22 med
862 367 132 22 uteslutande
1010 367 22 21 af

201 390 119 27 Äbobanan
341 403 62 14 anser
416 396 36 27 jag
467 403 51 14 vara
534 403 25 14 en
576 397 24 21 sä
615 399 46 19 stor
677 396 102 21 orättvisa
795 398 57 19 emot
886 396 27 21 Äbo
929 395 38 22 och
982 395 49 27 syd-

202 426 71 20 vestra
289 425 96 26 Finland,
402 427 31 19 att
449 425 36 21 det
501 425 17 26 ej
536 425 66 22 borde
618 425 85 21 komma
717 425 7 20 i
740 425 64 26 fräga.

272 453 72 27 Enligt
366 453 42 21 min
431 454 65 21 tanke
512 454 51 21 böra
579 453 75 22 härvid
669 453 92 27 följande
777 453 178 27 omständigheter
970 455 60 24 tagas

203 481 32 21 till
257 482 86 21 rättvist
365 482 163 25 öfvervägande:
553 483 50 26 1:0).
627 482 49 21 Som
700 482 113 21 ständerna
832 488 28 15 nu
875 481 18 26 ej
909 481 70 21 kunna
994 481 36 22 be-

202 510 56 21 sluta
277 517 34 14 om
326 511 173 26 utsträckningen
516 511 22 20 af
550 511 169 26 jernvägsbanan
735 512 74 19 norrut
824 510 46 21 frän
886 510 73 26 T:fors,
975 516 56 15 eme-

202 539 41 20 dan
270 539 48 26 inga
343 539 134 26 nödvändiga
498 539 154 22 förberedande
674 539 100 26 ätgärder
797 539 98 26 vidtagits
918 539 31 21 för
965 539 65 21 andra

201 567 69 21 banor
292 569 26 19 än
342 567 25 22 de
391 567 22 21 af
425 568 105 21 utskottet
546 567 119 27 föreslagna
680 568 39 21 och
735 568 36 21 det
786 567 60 22 äfven
862 567 112 22 framdeles
989 567 41 22 kan

201 595 64 22 blifva
293 596 167 26 problematiskt.
486 596 104 21 huruvida
616 599 30 18 ett
669 596 181 27 jernvägsföretag
871 596 54 21 ända
941 602 41 21 upp
998 595 32 22 till

201 624 56 27 höga
283 624 81 21 norden
391 631 36 14 ens
450 625 42 20 kan
514 625 87 21 komma
624 625 5 20 i
646 625 64 26 fråga,
726 625 24 21 sä
766 631 49 14 vore
831 625 36 20 det
883 624 101 22 obetänkt
999 626 31 19 att

201 653 68 20 under
293 652 55 21 blott
371 653 64 21 sädan
458 653 152 27 förutsättning
632 653 69 27 bygga
721 653 88 26 jernväg
829 653 32 21 till
876 653 74 22 T:fors.
981 653 48 22 Man

202 681 67 21 mäste
284 681 23 25 ju
322 681 53 21 först
391 681 61 21 hafva
469 681 56 21 klart
540 681 33 21 för
588 682 38 26 sig,
642 682 103 20 huruvida
761 688 26 14 en
803 681 56 22 bana
874 681 31 21 till
916 682 54 32 höga
981 688 49 14 nor-

202 709 39 21 den
266 709 39 21 bär
320 710 31 26 sig
367 710 38 21 och
422 710 60 21 äfven
498 710 82 21 lemnar
596 710 126 26 behällning.
754 710 49 21 Man
819 712 68 24 säger,
902 712 32 19 att
945 710 85 26 jernvä-

201 744 39 20 gar
263 738 98 21 befordra
385 738 77 27 kultur,
486 738 71 27 odling
578 738 39 22 och
633 738 106 26 välmäga;
756 738 115 27 sanningen
887 738 22 22 af
923 739 57 21 detta
995 739 36 26 pä-

201 766 90 21 stäende
309 766 35 21 vill
357 766 37 27 jag
410 767 31 21 till
458 773 25 15 en
500 767 32 21 del
550 767 110 27 medgifva.
691 767 49 21 Men
755 767 68 21 skulle
839 767 125 27 pästäendet
979 769 51 19 utan

201 794 154 27 inskränkning
371 802 49 14 vara
435 797 69 23 sannt,
520 796 24 20 sä
560 783 66 34 borde
639 795 222 27 jernvägsbyggnader
876 796 6 20 i
899 796 64 20 första
974 795 56 21 hand

202 823 101 26 anläggas
328 824 7 20 i
361 824 124 21 ödemarker
510 824 40 21 och
571 824 55 26 glest
648 824 112 21 befolkade
778 824 89 21 trakter.
897 824 48 21 Men
960 830 28 15 nu
1006 826 24 19 är

202 852 95 26 verkliga
321 852 141 22 förhällandet
487 852 45 22 helt
554 852 138 22 annorlunda.
727 852 156 27 Jernvägarnas
905 852 125 27 anläggning

202 880 97 26 betingas
315 883 90 19 tvertom
422 881 21 21 af
458 881 90 27 verkligt
564 881 90 21 erkändt
669 881 64 21 behof
743 882 38 20 och
793 881 123 27 uppbyggas
929 881 53 21 blott
993 881 37 21 der

201 915 49 15 man
266 909 81 21 kunnat
363 910 130 26 nägorlunda
509 910 101 24 beräkna,
627 912 31 19 att
673 909 104 27 företaget
792 910 68 21 skulle
876 910 52 21 bära
938 910 37 26 sig.
992 909 38 21 Att

202 939 50 19 utan
279 938 98 21 afseende
403 938 66 26 härpå
494 938 68 27 bygga
584 938 121 27 jernvägar,
729 938 55 21 blott
805 938 32 21 för
858 940 32 19 att
905 938 84 21 afvakta
1004 944 26 15 en

201 966 99 21 framtida
325 966 72 27 odling
413 966 51 22 eller
479 966 32 21 för
526 969 32 19 att
573 966 79 22 bereda
668 973 25 15 en
709 967 39 21 och
764 973 69 15 annan
849 967 62 21 turist
926 966 57 27 nöjet
998 968 32 20 att

202 994 48 21 med
266 994 156 33 begvämlighet
436 997 53 24 göra
504 995 46 21 sina
566 995 99 27 utflygter
680 995 52 21 eller
743 995 155 28 framforsla
874 990 28 41 en
910 995 39 21 och
961 1000 68 16 annan

201 1023 110 25 smörtina,
327 1030 61 14 anser
404 1023 36 27 jag
456 1023 32 21 för
503 1026 31 18 ett
549 1025 119 25 vanvettigt
683 1024 86 27 företag.
801 1025 43 25 2:0)
863 1024 30 21 Ar
908 1023 65 27 enligt
987 1023 43 21 min

202 1051 65 21 tanke
291 1040 161 33 T:hus—T'fors
469 1052 79 21 banans
565 1059 108 15 ensamma
688 1052 155 33 uppbyggande
858 1053 17 26 ej
893 1052 21 22 af
927 1053 24 20 sä
967 1052 64 21 allde-

201 1079 31 22 les
255 1080 120 26 nödvändig
391 1080 145 22 beskaffenhet
551 1081 94 21 hvarken
661 1081 33 21 för
709 1081 73 21 landet
797 1081 6 20 i
819 1082 32 20 sin
867 1081 71 21 helhet
953 1080 17 27 ej
986 1080 44 22 hel-

201 1108 31 21 ler
248 1109 100 21 särskildt
363 1108 32 22 för
411 1109 89 21 nämnde
516 1112 41 22 ort,
574 1112 31 18 att
619 1110 36 25 jag
671 1110 47 20 med
734 1110 52 25 godt
801 1114 94 16 samvete
908 1109 69 21 kunde
988 1108 42 22 till-

201 1137 74 26 styrka
297 1137 59 21 detta
371 1137 88 26 företag.
490 1137 42 22 Det
548 1143 50 16 vore
614 1138 46 21 icke
676 1137 136 27 fördelaktigt
827 1138 32 21 för
875 1137 71 22 landet
961 1137 6 20 i
983 1137 47 22 dess

201 1165 73 21 helhet
289 1168 38 20 att,
344 1166 47 21 med
407 1166 132 21 förbiseende
555 1166 22 21 af
611 1166 26 21 Åbo
654 1166 39 21 och
704 1166 109 27 sydvestra
823 1166 100 21 Finlands
935 1165 95 26 intresse,

201 1193 96 27 företaga
313 1195 160 20 utsträckandet
488 1194 22 21 af
521 1195 116 26 jernvägen
654 1195 45 21 frän
715 1195 65 21 T:hus
795 1195 31 20 till
838 1195 69 21 T:fors
918 1195 54 20 blott
983 1194 48 21 med

201 1222 40 21 den
263 1222 157 28 förutsättning,
436 1225 32 19 att
484 1223 68 21 denna
568 1223 55 21 bana
638 1223 54 21 skall
709 1225 75 24 utgöra
799 1223 139 22 förbindande
954 1223 76 21 länken

201 1251 6 20 i
227 1251 241 22 H:fors—Osterbotten
492 1251 69 27 linien,
586 1252 88 21 emedan
698 1252 42 25 det,
757 1252 64 26 enligt
837 1252 41 21 min
894 1251 70 26 tanke,
982 1257 48 16 vore

201 1279 82 26 ganska
306 1279 103 22 obetänkt
433 1283 33 18 att
490 1286 28 15 nu
541 1280 38 21 här
602 1280 6 21 i
631 1287 25 14 en
680 1280 215 27 ständerförsamling,
911 1282 51 19 utan
977 1280 53 21 före-

201 1307 82 26 gående
308 1314 123 20 noggranna
456 1309 190 26 undersökningar,
673 1309 47 21 med
746 1309 101 21 Finlands
872 1309 61 20 karta
949 1309 32 20 för
996 1314 34 16 oss

201 1336 66 27 derpä
290 1336 56 28 efter
366 1337 68 26 behag
457 1337 65 26 draga
544 1337 71 21 streck
638 1337 39 22 och
693 1337 91 22 diktera:
801 1338 38 20 der
853 1337 54 21 skall
923 1339 65 24 vägen
1004 1338 27 25 gä

200 1365 53 20 fram
278 1365 31 20 till
333 1365 149 26 Österbotten;
499 1369 22 24 ty
537 1372 27 15 en
576 1366 199 27 jernvägsbyggnad
790 1365 108 28 företagen
915 1365 74 21 endast
1004 1366 27 25 pä

201 1393 23 21 sä
249 1393 107 22 beskaffad
382 1394 91 21 anställd
497 1395 76 20 okulär
595 1395 158 26 undersökning
769 1395 70 20 kunde
854 1401 48 14 man
918 1393 112 22 kanhända

200 1421 22 22 få
245 1423 72 25 ångra,
341 1422 72 27 sedan
427 1423 105 21 anställda
547 1423 64 21 säkra
627 1424 160 20 instrumentala
803 1423 181 26 undersökningar
998 1421 33 22 för

201 1450 41 21 den
266 1450 110 21 tilltänkta
399 1450 173 22 Österbottniska
595 1451 81 22 banans
688 1451 145 28 anläggande
848 1449 183 28 förhandengifvit,

200 1480 33 19 att
256 1481 66 24 vägen
345 1479 48 20 med
410 1481 68 20 större
494 1480 68 21 fördel
578 1480 40 21 kan
635 1480 32 21 till
684 1480 137 21 Österbotten
838 1480 79 27 byggas
932 1479 46 22 från
994 1479 36 21 nå-

200 1513 41 20 gon
265 1513 69 16 annan
361 1511 33 17 ort
413 1510 25 19 än
455 1508 74 26 T:fors,
546 1508 40 21 och
602 1509 108 26 nödgades
726 1509 32 21 till
773 1509 49 26 följe
839 1508 60 22 deraf
912 1508 73 27 frångå
1000 1509 31 20 ett

201 1535 136 22 förutfattadt
359 1535 75 22 beslut.
467 1537 32 21 En
519 1537 229 27 jernvägsanläggning
772 1537 108 22 beräknad
903 1537 76 21 enkom
999 1536 33 21 för
