1117 1817
230 125 42 21 878
434 130 162 18 Presteståndet
608 132 56 16 1872.
688 132 27 16 30
728 132 60 20 april.

198 210 171 27 jordbrukarens
389 210 159 27 ökedagsverke
572 211 38 21 och
634 212 27 20 då
686 212 35 20 det
741 211 24 21 så
780 214 31 23 är,
827 212 42 21 kan
882 212 37 27 jag
934 212 27 27 på
976 212 54 21 intet

201 241 43 20 sätt
265 239 114 21 instämma
401 239 7 20 i
430 241 87 24 prosten
534 239 69 26 Hjelts
622 239 122 27 påstående,
759 243 34 18 att
807 240 132 27 skjutslegan
955 241 19 26 ej
990 240 40 22 bör

201 268 73 21 kunna
293 267 101 27 jemföras
415 268 47 21 med
485 267 197 28 spannmålspriset.
712 268 29 27 Ty
766 269 7 20 i
789 268 111 27 spannmål
916 269 63 21 hafva
994 275 35 15 ur-

201 297 136 26 sprungligen
360 296 131 27 dagsverken
514 296 69 21 blifvit
608 299 86 18 ersatta.
726 297 32 21 Då
783 297 138 26 spannmålen
947 304 37 15 var
1004 299 25 20 så

201 325 66 26 billig,
291 331 44 15 som
359 325 39 20 den
418 325 7 20 i
445 325 75 26 början
536 325 23 21 af
573 325 53 21 sista
641 325 146 22 århundradet
803 332 43 19 var,
863 326 23 21 så
901 326 41 21 fick
957 328 72 20 natur-

201 354 71 26 ligtvis
288 353 40 21 den
343 353 123 27 skjutsande
482 353 48 21 vida
546 360 58 15 mera
620 354 33 21 för
669 354 31 21 sin
715 354 169 27 skjutspenning,
900 357 26 18 än
942 355 41 21 han
999 361 29 15 nu

201 382 34 21 får
249 382 34 21 för
297 382 31 21 sin
344 382 67 21 mark.
441 382 25 26 Fj
483 382 67 21 heller
566 382 41 21 kan
622 383 37 26 jag
674 383 113 21 instämma
801 383 7 20 i
827 383 202 27 kontraktsprosten

201 411 116 26 Sohlbergs
332 410 123 27 påstående,
470 412 33 19 att
518 417 34 14 om
569 411 131 26 skjutslegan
715 411 55 21 skall
783 411 102 27 jemföras
896 412 47 21 med
956 413 71 26 något,

201 440 24 21 så
246 441 25 19 är
295 439 37 21 det
352 439 47 21 med
415 439 100 26 höpriset.
545 439 26 26 Ej
588 441 24 19 är
627 440 36 21 det
679 440 47 21 med
743 440 33 27 hö,
793 447 45 14 som
855 441 172 26 dagspenningen

201 470 97 19 ersättes.
329 468 53 21 Lika
404 467 46 22 litet
473 468 41 21 kan
535 467 37 27 jag
588 468 187 22 öfverensstämma
791 469 47 21 med
855 469 77 21 doktor
947 470 80 26 Alopxi

200 497 96 26 yrkande
318 497 27 26 pä
368 497 31 20 ätt
414 496 85 21 bonden
515 497 69 21 skulle
601 497 98 26 bevekas,
713 497 23 26 ja
751 497 84 27 tvingas
850 500 33 19 att
898 498 88 26 uppläta
1001 498 29 27 pä

201 525 141 26 entreprenad
373 525 156 26 —skjutsningens
550 525 165 26 verkställande,
739 526 129 27 derigenom,
893 529 32 18 att
951 527 77 26 skjuts-

201 555 62 26 legan
287 556 23 19 är
332 554 65 26 ringa.
428 553 66 26 Höjas
513 554 55 21 skall
592 554 46 21 den.
669 554 129 27 Visserligen
821 557 24 18 är
869 555 35 21 det
920 558 61 18 sannt
996 557 34 20 att

200 582 324 27 hällskjutsningsskyldigheten
550 583 67 20 borde
642 582 46 21 helt
710 583 39 21 och
775 583 67 22 hållet
867 583 84 27 afilyftas
973 584 55 21 ifrån

198 611 83 27 jorden,
298 617 46 14 men
360 611 23 20 sä
399 611 61 26 länge
477 611 35 20 det
528 611 18 26 ej
562 611 42 20 kan
621 611 43 27 ske,
680 613 24 19 är
720 612 35 20 det
771 612 33 20 väl
821 612 70 21 bättre
909 615 31 18 att
951 613 77 20 ätmin-

201 643 60 18 stone
277 640 69 26 nägon
362 639 90 27 lindring
468 639 166 22 ästadkommes.
657 640 25 26 Ej
697 647 50 14 vore
763 640 36 21 det
809 641 85 26 mycket
905 647 33 14 om
951 641 76 26 skjuts-

200 669 63 26 legan
285 668 74 26 höjdes
381 668 47 20 med
452 669 28 19 50
502 668 34 27 ?/,.
567 668 34 20 Nu
618 670 24 18 är
656 669 137 20 föreskrifvet
808 669 5 20 i
830 669 27 26 pä
873 669 155 21 administrativ

200 699 41 25 väg
263 697 101 21 utkomna
387 696 151 27 författningar
560 699 33 18 att
616 697 40 21 den
679 697 13 21 å
707 697 43 21 håll
766 697 88 21 stående
871 697 18 27 ej
905 700 24 18 är
945 698 83 26 skyldig

201 728 32 18 att
253 727 52 25 göra
329 731 56 15 mera
407 727 25 19 än
456 732 26 14 en
498 725 69 27 skjuts
584 731 33 15 om
634 726 73 26 dagen.
737 725 41 21 Låt
798 726 40 21 den
855 732 50 15 vara
923 726 47 27 1'/,
985 727 43 25 mil,

201 754 26 21 då
253 754 34 21 får
311 754 42 20 han
378 754 33 20 för
435 754 49 20 hela
508 754 32 20 sin
560 754 40 26 dag
618 754 46 26 11/,
681 754 65 21 mark.
777 754 41 27 Jag
835 755 78 21 undrar
928 755 52 20 hvar
996 758 32 18 ett

201 783 145 26 ökedagsverk
368 782 32 21 fås
422 782 32 21 för
480 782 46 27 11/,
546 782 68 21 mark.
645 782 76 21 Männe
737 783 37 21 det
789 783 18 27 ej
824 790 51 14 vara
891 784 45 20 skäl
953 783 26 21 då
995 786 33 18 att

201 811 64 21 också
291 812 36 20 det
349 811 68 21 skälet
432 813 60 24 tages
515 812 6 20 i
538 811 149 21 betraktande.
716 812 73 26 Några
805 812 64 20 värde
880 812 69 21 talare
964 812 64 20 hafva

199 840 88 27 påstått,
311 842 32 18 att
365 846 25 14 en
406 839 38 21 och
460 846 69 14 annan
546 840 100 26 möjligen
662 840 46 21 utaf
722 840 26 21 de
764 840 125 27 skjutsande
905 840 62 21 hafva
983 841 42 20 för-

199 868 73 22 klarat
287 868 31 26 sig
334 868 85 21 belåtna
434 868 48 21 med
498 868 40 21 den
554 868 123 27 nuvarande
694 869 121 26 ordningen.
846 869 47 21 Men
907 869 37 27 jag
959 869 67 21 måste

199 898 7 20 i
222 898 37 20 det
274 898 73 20 förena
360 897 41 26 mig
416 897 47 21 med
479 897 45 21 vice
539 899 74 25 pastor
628 896 64 27 Öller,
707 900 33 18 att
756 897 36 21 det
807 898 39 20 har
862 898 56 21 skett
935 898 22 20 af
971 898 55 20 oför-

200 926 69 21 stånd.
298 926 41 21 Det
361 925 38 21 har
421 926 57 20 skett
499 926 23 20 af
543 926 53 20 hans
619 926 71 20 kända
712 926 109 26 oförmåga
844 928 32 19 att
895 926 71 21 känna
980 926 47 21 sina

199 961 54 20 egna
269 954 98 24 fördelar,
384 956 31 19 att
431 956 56 19 sätta
508 956 44 19 rätt
567 954 66 21 värde
648 955 27 25 på
691 955 31 20 sin
735 954 36 21 tid.
803 954 106 22 Orättvist
924 955 39 20 har
978 961 48 21 pro-

199 986 47 18 sten
269 983 121 26 Rosengren
417 983 90 21 erkännt
534 983 36 21 det
593 989 56 19 vara,
669 985 31 19 att
716 983 309 27 hållskjutsnigsskyldigheten

199 1012 68 27 ligger
283 1011 28 27 på
323 1012 82 26 jorden.
435 1012 42 20 Det
492 1013 24 19 är
532 1012 35 20 det
583 1011 71 21 också.
681 1012 48 20 Men
744 1012 99 21 hvarföre
859 1012 68 21 skulle
942 1012 85 21 ståndet

199 1040 28 22 då
251 1040 19 27 ej
291 1042 51 25 göra
364 1040 54 21 helst
440 1040 65 26 något
520 1040 33 21 till
568 1040 111 21 lindrande
695 1040 22 21 af
731 1040 59 21 detta
805 1047 60 18 onus,
881 1040 76 21 hvaraf
972 1040 54 21 både

199 1070 138 20 ekonomiska
353 1068 38 22 och
407 1068 115 22 moraliska
534 1069 79 21 skador
628 1069 149 26 oundvikligen
793 1069 57 27 följa.
881 1069 40 26 Jag
936 1070 41 20 kan
993 1069 33 21 så-

199 1098 58 20 ledes
281 1098 18 26 ej
321 1100 64 18 annat
401 1099 25 19 än
442 1097 75 21 förena
532 1098 43 26 mig
590 1098 48 20 med
654 1098 115 20 utskottets
785 1098 135 21 betänkande
936 1098 31 20 till
984 1098 42 20 alla

199 1126 65 21 delar.
295 1126 42 21 Det
351 1128 24 19 är
389 1126 123 26 visserligen
528 1128 69 23 sannt,
614 1132 45 15 som
675 1126 38 21 här
729 1127 6 20 j
751 1127 41 26 dag
807 1126 70 21 blifvit
892 1127 88 26 yttradt,
993 1129 32 18 att

199 1155 62 20 äfven
277 1158 69 17 staten
361 1154 50 21 eller
426 1155 139 25 statskassan,
578 1156 70 19 staten
663 1161 45 14 som
724 1155 102 20 bekostar
842 1155 184 21 embetsmännens

198 1189 65 20 resor,
280 1183 82 21 komme
378 1185 32 18 att
424 1183 50 24 lida,
490 1189 48 15 men
554 1183 62 20 äfven
632 1183 36 21 det
683 1183 39 21 bör
737 1183 40 21 och
787 1183 42 21 kan
842 1183 110 27 afhjelpas,
964 1183 60 21 hvar-

198 1212 45 21 före
260 1212 105 21 allmänna
380 1211 192 22 besvärsutskottet
586 1212 82 26 ganska
683 1211 70 28 visligt
769 1212 38 21 har
821 1213 7 20 i
844 1213 37 20 sitt
898 1212 67 20 andra
980 1218 45 14 mo-

199 1243 57 19 ment
277 1241 108 26 föreslagit
407 1242 42 25 ,att
472 1241 115 20 ständerna
610 1240 66 21 måtte
696 1241 5 20 i
726 1241 170 26 underdånighet
911 1241 39 20 hos
966 1241 59 20 Hans

198 1269 119 27 Kejserliga
339 1269 98 26 Majestät
458 1269 87 21 förorda
562 1269 126 26 vidtagande
704 1269 23 21 af
740 1270 26 20 de
781 1269 151 26 förändringar
947 1269 7 20 i
969 1275 55 15 rese-

197 1299 140 25 reglementet
359 1297 38 22 och
420 1297 67 27 öfriga
509 1298 105 21 likartade
637 1298 138 26 stadganden,
799 1298 86 21 hvartill
906 1299 39 20 den
961 1297 64 27 höjda

199 1327 130 26 skjutslegan
345 1327 40 20 kan
401 1333 61 14 anses
478 1326 129 21 föranleda.”

267 1384 88 21 Prosten
370 1383 96 26 Hjelt:
487 1383 41 27 Jag
543 1383 105 21 erkänner
664 1383 68 27 villigt
747 1385 32 19 att
794 1383 230 27 skjutsningsbesväret

197 1415 24 19 är
237 1419 26 15 en
279 1415 64 24 tunga
358 1411 32 21 för
402 1412 134 26 jordbruket,
553 1418 48 15 men
617 1413 36 20 det
668 1414 57 19 rätta
740 1413 67 20 sättet
817 1414 32 19 att
862 1412 84 21 minska
957 1411 67 22 denne

197 1443 24 19 är
237 1443 32 19 att
285 1441 27 20 all
328 1441 117 26 skjutsning
461 1441 73 20 ställes
548 1441 28 26 på
592 1441 145 26 entreprenad.
769 1441 41 20 Det
825 1443 24 18 är
867 1441 67 20 kändt
949 1442 32 19 att
996 1440 28 21 då

197 1470 130 26 skjutslegan
342 1469 23 21 år
389 1470 53 21 1850
458 1469 114 27 förhöjdes,
588 1469 106 26 uppsades
716 1470 169 26 entreprenaden
901 1469 28 26 på
943 1469 81 26 ganska

197 1499 77 26 många
289 1498 22 21 af
325 1499 26 20 de
367 1498 80 25 ställen,
463 1498 37 21 der
514 1499 40 20 den
570 1498 68 21 blifvit
653 1498 111 27 ingången.
785 1499 66 26 Höjer
862 1505 49 14 man
922 1504 28 14 nu
961 1498 61 26 legan

196 1527 32 21 till
253 1529 9 19 1
287 1527 60 20 mark
369 1527 27 20 50
418 1527 63 26 penni
503 1527 34 20 för
552 1527 71 24 milen,
640 1527 22 20 sä
677 1527 96 21 kommer
788 1533 49 15 man
853 1527 122 26 derigenom
990 1528 34 19 att
