1117 1817
232 140 42 21 672
443 144 162 18 Presteståndet
619 146 55 16 1872.
699 145 23 17 16
735 144 59 21 april.

202 225 116 21 instämma
340 226 6 19 i
370 227 74 24 pastor
459 220 69 25 Öllers
544 224 6 21 i
567 224 41 27 dag
622 224 75 27 gjorda
712 224 103 27 yrkande,
831 226 32 19 att
879 225 47 21 med
942 224 70 22 beslut
1026 224 7 21 i

204 253 66 22 saken
293 253 68 21 skulle
384 253 68 26 anstå,
480 253 81 21 tilldess
576 253 19 20 vi
611 253 41 22 fått
668 255 107 24 emottaga
792 253 133 22 betänkande
940 253 6 21 i
963 252 69 22 anled-

204 282 51 27 ning
271 281 22 22 af
307 281 76 27 nådiga
399 281 159 28 propositionen
574 287 34 15 om
625 281 204 26 statsjernvägarnas
845 281 126 27 försäljning.
993 281 41 27 Jag

205 317 63 15 anser
290 310 103 27 nemligen
418 311 25 20 de
464 316 28 15 nu
514 309 127 28 ifrågasatta
659 309 218 27 bansträckningarne
892 317 50 14 vara
958 309 22 22 af
993 310 40 21 den

205 341 59 19 stora
280 339 49 26 vigt,
346 341 32 19 att
393 339 26 21 de
434 338 53 21 böra
502 338 106 27 företagas
624 338 60 22 äfven
700 345 34 14 om
750 338 48 21 icke
813 338 122 27 försäljning
944 339 22 21 af
972 341 62 19 stats-

203 367 142 27 jernvägarna
361 367 6 21 i
383 367 89 21 Finland
488 367 97 21 kommer
600 369 32 20 att
648 373 38 20 ega
701 373 56 18 rum,
772 373 26 15 en
809 367 130 27 försäljning,
949 367 84 22 hvilken

203 396 38 27 jag
264 395 108 22 dessutom
395 396 27 27 på
438 395 89 22 förhand
543 395 68 22 skulle
627 402 51 15 anse
690 396 70 21 såsom
777 402 25 15 en
819 395 74 28 olycka
908 396 31 21 för
955 396 77 21 landet.

275 453 91 21 Prosten
382 453 87 26 Hjelt:
486 453 77 21 Pastor
578 453 110 26 Dahlberg
703 453 39 21 har
760 453 66 21 redan
842 453 121 24 frambållit,
979 453 54 21 huru

205 481 71 22 banan
291 481 32 22 till
339 476 46 27 Åbo
401 481 70 27 ingick
486 481 6 21 i
508 481 36 22 det
560 488 54 20 svar,
630 488 45 15 som
688 481 115 22 ständerna
819 482 41 21 den
878 483 25 20 14
918 481 52 28 april
980 481 54 22 1864

207 509 32 22 till
263 510 60 21 Hans
346 510 100 27 Majestät
468 510 90 27 afgåfvo.
586 510 12 21 I
620 510 60 21 detta
701 517 49 14 svar
772 510 114 27 beviljades
904 510 82 27 garanti
1002 509 32 22 till

208 539 111 26 byggande
335 539 22 20 af
370 539 41 25 två,
428 539 22 21 af
463 539 60 21 Hans
539 539 100 26 Majestät
654 539 120 26 föreslagna
791 539 72 26 banor,
879 539 103 26 nemligen
993 539 40 21 den

206 573 40 15 ena
262 567 90 21 emellan
367 567 219 21 Riihimäki—Lahtis
602 567 40 22 och
658 567 39 21 den
713 568 68 21 andra
797 567 88 22 emellan
905 568 129 21 Tavastehus

206 595 177 25 —Tammerfors,
398 595 116 27 hvarjemte
530 597 6 20 i
552 596 125 21 skrifvelsen
692 596 101 21 särskildt
808 596 108 21 framhölls
933 597 35 21 det
987 596 46 21 skäl

205 624 32 21 till
260 624 61 21 dessa
344 624 78 21 banors
445 625 117 26 byggande,
586 627 32 19 att
639 625 25 20 de
680 625 68 20 skulle
764 627 77 24 utgöra
856 625 105 26 naturliga
976 625 58 21 delar

206 652 51 21 eller
273 652 75 21 länkar
364 652 21 21 af
399 653 35 21 två
450 653 130 27 stambanor,
596 659 44 15 som
657 653 68 22 skulle
741 653 46 22 dels
802 653 96 22 förbinda
913 653 120 22 hufvudsta-

207 680 39 22 den
263 681 47 21 med
326 681 69 26 någon
411 682 67 25 punkt
493 681 35 21 vid
544 680 151 22 Österbottens
711 682 50 20 kust
776 681 41 22 och
832 681 75 22 beröra
923 682 25 20 de
964 681 68 22 bördi-

205 711 60 24 gaste
289 709 86 21 delarne
393 709 24 21 af
430 709 68 22 denna
514 710 92 26 provins,
624 710 44 21 dels
685 710 59 21 ledas
760 710 46 21 från
821 704 48 27 Åbo
885 710 50 22 eller
951 710 82 21 landets

205 738 111 27 sydvestra
331 738 50 21 kust
403 738 31 20 till
450 738 48 22 dess
513 740 59 19 östra
586 740 64 25 gräns
665 741 58 19 emot
738 738 111 28 Ryssland.
880 739 28 21 Af
918 739 64 21 dessa
997 739 37 21 ba-

206 772 39 15 nor
261 768 24 19 är
300 766 55 22 blott
371 772 25 15 en
413 767 33 21 del
462 766 108 22 fulländad
586 767 104 26 nemligen
707 767 222 23 Riihimäki—Lahtis,
941 767 38 21 och
992 767 39 21 den

205 794 88 22 fortsatt
314 795 32 21 till
369 794 135 27 Petersburg,
528 795 111 21 hvaremot
662 796 26 20 de
707 796 67 26 begge
791 796 66 21 andra
872 796 161 21 bansträcknin-

204 829 69 21 garna
295 825 56 19 ännu
374 826 37 18 äro
430 824 140 21 ofulländade.
603 824 91 21 Lemnas
710 824 74 27 frågan
800 831 29 15 nu
843 825 13 20 ä
871 824 53 25 sido,
940 825 24 21 sä
979 824 53 22 före-

204 852 68 26 ligger
295 853 47 20 äter
363 854 32 19 ett
417 852 91 27 uppskof
530 852 48 21 med
594 855 31 19 ett
644 852 75 27 beslut,
736 859 46 15 som
797 853 66 21 redan
879 855 23 19 är
917 853 77 21 fattadt
1009 854 25 20 är

207 880 62 25 1863,
285 887 47 15 men
349 881 59 21 detta
422 880 93 28 uppskof
536 881 88 21 innebär
640 881 69 21 tillika
725 883 31 19 ett
771 881 147 27 upphäfvande
934 882 21 20 af
969 882 64 26 sagde

204 908 78 22 beslut.
313 909 30 27 Ty
359 909 36 21 det
411 911 23 19 är
449 909 56 21 klart
521 911 31 19 att
568 910 65 21 sedan
649 916 48 15 man
713 910 80 21 fattadt
808 910 69 21 beslut
893 916 33 15 om
935 910 97 27 uppskof,

205 937 42 21 kan
263 944 48 14 man
328 938 39 21 lätt
383 938 65 26 derpä
458 939 82 25 grunda
552 938 74 24 andra,
637 938 54 22 efter
702 938 210 27 omständigheterna
924 938 108 26 grundade

205 966 99 26 anspräk.
335 966 34 21 Nu
385 966 61 21 hafva
462 966 19 21 vi
496 966 89 22 kommit
600 967 24 21 sä
640 967 64 27 längt,
721 969 32 19 att
769 967 36 21 det
820 967 66 26 gäller
901 973 34 15 om
947 969 31 19 att
986 966 47 22 full-

205 994 51 26 följa
271 994 74 27 sjelfva
367 997 107 25 systemet,
494 995 38 21 och
548 996 7 20 i
572 996 35 20 det
622 998 101 25 systemet
739 996 61 26 ingär
815 996 60 21 äfven
891 1002 25 14 en
932 996 54 21 bana
1001 995 31 21 till

226 1022 33 26 bo,
284 1023 83 21 hvilken
391 1023 113 26 ingalunda
529 1024 41 21 kan
587 1024 109 22 betraktas
712 1025 69 21 såsom
798 1025 68 26 någon
883 1024 83 26 bibana,
981 1026 52 19 utan

204 1053 65 24 utgör
284 1051 65 27 enligt
366 1052 54 21 1863
436 1052 34 21 års
486 1053 97 20 ständers
598 1052 116 28 skrifvelse,
730 1059 26 15 en
773 1052 22 22 af
809 1052 156 22 stambanorna.
988 1054 44 25 Att,

205 1080 71 20 såsom
293 1080 153 21 bondeståndet
462 1080 94 26 föreslår,
573 1080 129 22 öfverlemna
718 1082 69 20 denna
804 1081 65 21 banas
885 1081 109 27 byggande
1010 1082 23 21 åt

205 1110 31 19 ett
252 1108 92 22 enskildt
359 1108 69 27 bolag,
445 1111 23 19 är
484 1109 36 21 det
535 1116 81 15 samma
630 1116 46 15 som
692 1112 32 19 att
741 1110 44 21 helt
800 1110 39 21 och
855 1110 66 21 hållet
939 1110 93 22 förkasta

204 1136 102 27 förslaget
329 1143 33 15 om
391 1137 47 21 dess
460 1137 133 27 anläggning.
624 1138 31 27 Ty
680 1138 129 21 öfverlemna
834 1138 19 21 vi
878 1139 49 20 våra
950 1139 83 26 jernba-

205 1171 50 15 nors
272 1165 109 27 byggande
397 1167 22 20 åt
434 1166 96 21 enskilda
546 1166 68 26 bolag,
632 1167 71 21 kunna
719 1167 19 20 vi
755 1167 68 26 aldrig
839 1169 62 18 vänta
916 1167 65 26 några
996 1167 38 21 ba-

204 1199 39 15 nor
268 1193 6 21 i
298 1195 47 20 vårt
367 1194 57 24 land,
444 1194 76 21 liksom
536 1195 130 21 förfarandet
682 1196 47 21 med
745 1195 76 26 Hangö
837 1195 69 21 banan
922 1195 66 22 borde
1003 1195 30 21 af-

204 1222 91 21 skräcka
317 1223 78 21 enhvar
419 1223 54 21 ifrån
493 1225 31 19 att
540 1230 37 15 ens
593 1223 65 22 tänka
674 1225 27 26 på
716 1226 32 19 att
764 1224 69 21 lemna
849 1224 60 21 dessa
925 1224 50 21 våra
990 1224 43 27 vig-

204 1251 45 26 tiga
273 1251 178 26 angelägenheter
466 1251 22 21 åt
504 1251 142 27 utländingar,
671 1252 71 21 hvilka
765 1254 52 25 göra
836 1253 46 20 dem
899 1252 32 21 till
945 1252 88 22 föremål

204 1279 33 21 för
253 1279 177 22 sviodleriaffärer
446 1280 38 21 och
500 1280 64 21 totalt
580 1280 92 22 förstöra
688 1281 83 21 landets
787 1281 76 21 kredit.

273 1307 110 22 Professor
399 1308 102 22 Forsman
518 1309 39 21 har
572 1309 35 21 vid
620 1312 84 19 senaste
720 1309 85 27 plenum
817 1309 114 22 frambållit
942 1309 91 27 följande

205 1336 180 27 omständigheter
408 1337 70 21 såsom
501 1337 85 22 talande
609 1340 59 19 emot
690 1332 47 27 Åbo
760 1338 77 21 banan.
867 1338 47 21 Den
929 1338 66 21 första
1010 1340 24 19 är

204 1364 47 27 den,
276 1367 32 19 att
333 1365 203 27 kostnadsförslaget
558 1368 25 19 är
605 1366 33 21 för
657 1367 44 26 lågt
717 1367 128 25 beräknadt;
863 1367 39 21 den
918 1367 66 21 andra
1001 1369 32 20 att

203 1393 159 22 rentabiliteten
380 1396 24 19 är
419 1394 32 21 för
466 1395 70 20 starkt
558 1395 138 27 framhällen;
714 1395 40 21 den
771 1395 74 26 tredje,
873 1397 32 19 att
925 1395 108 27 jernvägs-

203 1428 93 21 rayonen
317 1424 24 19 är
356 1422 72 21 alltför
444 1423 44 21 vidt
504 1423 105 21 utsträckt
634 1423 40 22 och
690 1424 40 21 den
746 1423 73 27 fjerde,
836 1425 32 20 att
882 1423 77 22 Wiiala
974 1423 18 27 ej
1009 1426 24 19 är

203 1452 58 19 rätta
277 1451 192 26 utgångspunkten.
500 1451 213 28 Kostnadsförslaget
731 1452 32 21 för
779 1452 192 27 bansträckningen
985 1446 47 27 Åbo

203 1478 106 22 —VWiiala
325 1479 39 22 och
381 1479 91 22 derifrån
488 1480 31 21 till
536 1480 149 26 Tammerfors,
702 1483 23 19 är
741 1481 115 28 uppgjordt
871 1481 22 21 af
906 1487 26 15 en
948 1480 21 21 af
984 1481 50 21 våra

203 1507 118 22 förnämsta
340 1507 226 28 jernvägsingeniörer.
597 1509 43 21 Det
660 1511 24 19 är
699 1509 116 27 uppgjordt
831 1509 46 22 med
894 1509 87 27 mycken
997 1509 36 21 be-

203 1535 92 27 sparing,
313 1537 94 24 emedan,
423 1539 39 19 när
477 1537 65 22 linien
558 1537 109 27 uppgicks,
684 1539 112 26 meningen
813 1544 37 15 var
865 1540 32 19 att
913 1537 121 28 byggandet
