1117 1817
341 143 162 18 Presteståndet
516 144 56 17 1872.
590 144 22 16 13
628 144 58 20 april.
857 138 41 21 649

100 223 42 21 kan
166 222 45 21 icke
227 222 63 21 blifva
305 222 59 21 fallet
379 222 49 21 med
443 216 153 28 Wiiala—Åbo
612 222 76 21 banan.
720 222 49 21 Man
785 222 38 21 har
839 223 88 21 visserli-

100 257 40 20 gen
163 253 53 24 sagt,
239 253 32 18 att
287 251 35 21 det
337 251 47 21 icke
400 251 41 21 kan
458 257 50 15 vara
524 251 31 21 till
571 251 69 26 någon
656 251 67 21 skada
737 253 32 19 att
784 251 144 27 produkterna

101 280 72 21 kunna
196 279 56 21 föras
274 279 100 27 antingen
398 279 32 22 till
451 273 47 28 Åbo
523 279 51 22 eller
590 279 31 21 till
637 279 138 27 Helsingtors.
805 279 40 26 Jag
860 279 69 22 skulle

101 314 56 20 anse,
174 310 31 19 att
221 307 35 22 det
271 308 45 21 icke
331 314 50 15 vore
397 308 73 25 skada,
487 314 35 15 om
538 308 26 21 de
579 308 46 21 icke
641 307 39 22 alls
695 308 84 21 komme
787 307 32 22 till
829 308 98 27 Helsing-

99 337 50 24 fors,
165 338 50 19 utan
231 336 55 21 blott
300 336 32 21 till
367 336 35 21 Åbo.
432 336 48 21 Men
491 336 45 22 från
548 337 203 26 statsjernvägarnes
761 337 109 21 ekonomis
880 343 47 20 syn-

100 365 68 26 punkt
183 367 23 19 är
222 365 35 21 det
273 371 25 15 en
315 365 95 22 bestämd
426 365 80 26 förlust,
523 365 27 22 då
565 371 80 15 samma
661 364 163 28 trafikqvantum
835 365 92 22 fördelas

100 394 28 26 på
143 395 76 20 tvenne
234 393 67 27 linjer,
317 405 28 4 —
361 400 26 15 en
403 393 81 25 förlust,
500 400 45 15 som
561 393 41 22 kan
618 394 103 21 uträknas
736 394 48 21 med
799 394 69 27 vanlig
878 394 50 21 arit-

101 421 71 22 metik.
203 421 39 23 Om
259 428 47 15 man
322 423 27 26 på
365 423 12 20 2
393 422 67 21 banor
476 422 93 21 fördelar
584 429 25 14 en
626 424 82 25 export,
723 428 45 15 som
785 422 42 21 lika
842 422 33 21 väl
885 422 42 22 kan

100 450 113 28 inrymmas
236 451 27 27 på
285 457 32 19 en,
339 453 24 19 är
385 451 37 21 det
436 451 63 26 klart,
516 453 32 19 att
563 451 33 21 väl
612 451 46 21 icke
674 451 25 21 de
715 450 148 26 trafikerande,
879 457 48 15 men

98 479 115 26 jernvägen
236 479 91 21 drabbas
348 479 22 22 af
391 479 110 22 förlusten.
532 479 38 22 Att
592 480 47 21 åter
660 479 69 22 banan
749 479 32 21 till
795 473 47 28 Åbo
858 479 69 22 direkt

100 507 46 22 från
161 507 112 22 Riihimäki
289 509 24 20 är
328 508 23 21 af
364 514 26 15 en
406 514 69 15 annan
490 507 152 27 beskaffenhet,
658 510 32 19 att
705 508 40 21 den
761 508 106 27 verkligen
883 508 44 21 står

100 537 70 20 såsom
191 535 111 22 stambana
326 536 39 21 och
387 539 31 18 att
442 536 35 21 det
495 543 38 14 var
548 543 26 14 en
589 536 67 22 sådan
672 536 56 21 bana
744 543 47 15 man
807 537 73 21 tänkte
895 536 32 27 sig

103 565 60 25 1864,
187 564 26 21 då
236 570 48 15 man
303 565 70 21 talade
389 571 33 15 om
439 571 25 15 en
480 565 69 27 sydlig
564 565 117 26 stambana,
697 571 62 15 anser
771 565 36 27 jag
822 571 49 15 vara
887 565 39 21 all-

101 592 57 22 deles
173 592 111 27 sjelffallet.
315 593 42 22 Det
372 595 24 19 är
412 593 120 28 visserligen
548 595 69 25 sannt,
633 596 33 19 att
680 593 39 22 der
733 593 46 22 icke
795 593 56 22 skett
861 594 65 26 några

100 621 187 27 undersökningar,
304 628 47 15 men
364 622 37 26 jag
416 625 46 18 tror
476 623 42 26 mig
534 623 76 24 känna,
626 625 32 18 att
672 622 146 27 ingeniörerne
833 623 6 20 i
854 622 73 21 landet

101 652 37 19 äro
158 650 22 21 af
201 650 39 21 den
259 651 70 26 tanke,
346 653 32 19 att
394 651 68 21 denna
477 651 50 26 linje
542 651 46 21 icke
605 653 24 19 är
644 651 87 21 förenad
747 651 47 21 med
809 650 118 29 synnerliga

100 678 137 26 svårigheter.
267 679 50 21 Man
342 679 39 21 har
406 679 122 21 tillockmed
550 681 67 24 yttrat
640 681 38 24 att,
702 685 33 15 om
752 679 64 21 också
831 686 26 14 en
872 679 55 21 bana

100 706 68 22 skulle
185 707 78 27 byggas
279 707 89 22 emellan
385 707 75 21 Wiiala
476 708 39 22 och
531 701 54 31 Åbo,
598 708 69 21 måste
683 708 63 21 likväl
761 708 44 21 förr
819 708 52 21 eller
880 707 47 22 sed-

101 741 50 15 nare
173 741 26 15 en
222 742 69 15 annan
313 736 104 27 derjämte
439 736 79 27 byggas
534 736 46 21 från
596 736 112 22 Riihimäki
723 737 23 21 åt
760 736 113 27 Loimijoki
888 736 38 21 till.

100 763 43 22 För
165 763 64 27 öfrigt
248 764 38 22 ber
298 765 43 26 jag,
357 767 33 19 att
405 764 21 22 få
440 766 53 26 göra
508 765 66 27 några
589 765 166 26 anmärkningar
768 765 35 21 vid
818 764 21 22 af
852 764 75 22 åtskil-

100 792 43 26 liga
157 792 68 22 talare
240 792 64 22 fällda
318 793 119 27 yttranden.
468 793 61 21 Hvad
546 794 40 20 den
602 793 22 21 af
632 793 78 21 doktor
721 794 113 26 Hornborg
844 794 83 20 rekom-

100 820 126 23 menderade
241 821 90 22 bibanan
347 822 33 21 till
396 821 108 22 Tammela
520 822 107 26 beträffar,
644 822 36 21 vill
693 822 37 27 jag
745 824 76 19 nämna
836 824 39 24 att,
892 828 34 15 om

100 849 36 21 det
156 851 24 19 är
202 849 58 27 fråga
281 856 34 16 om
337 852 32 20 att
391 850 48 22 leda
460 856 25 16 en
508 850 79 22 bibana
603 850 32 22 till
651 850 69 22 denna
735 853 40 23 ort,
791 851 23 21 så
829 850 41 22 kan
887 850 39 21 den

100 877 48 22 med
170 878 86 22 alldeles
277 885 80 15 samma
377 878 67 22 fördel
466 879 58 21 föras
546 879 46 21 från
610 878 96 22 Kalvola.
737 879 75 21 Dertill
827 878 100 22 behöfves

99 906 82 22 således
205 906 46 22 icke
276 907 75 21 Wiiala
374 908 76 20 banan.
480 908 39 21 Att
561 908 107 21 Åboboerne
690 908 46 21 icke
759 908 48 26 vilja
822 907 61 21 hafva
899 913 26 15 en

96 934 89 27 jernväg
209 935 32 21 till
263 935 119 28 Riihimäki,
408 936 35 21 det
463 938 24 20 är
510 942 24 16 en
556 936 45 26 sak,
624 942 46 15 som
690 936 37 27 jag
745 936 46 22 icke
806 936 41 21 kan
863 936 62 21 neka.

100 963 83 21 Doktor
197 963 114 28 Hornborg
327 964 39 22 har
381 965 6 20 i
403 964 57 22 detta
476 964 99 22 afseende
590 965 104 24 anmärkt,
710 967 33 19 att
757 965 33 26 de,
806 964 71 22 hvilka
891 970 34 16 sa-

100 992 40 20 ken
155 992 72 26 angår,
245 992 50 22 böra
311 993 62 21 hafva
388 993 63 21 frihet
465 996 33 18 att
514 994 116 21 bestämma
646 993 156 27 sträckningen,
817 993 52 21 eller
883 995 42 19 sät-

100 1022 31 20 tet
146 1020 54 21 huru
216 1021 26 21 de
257 1022 66 20 önska
339 1021 28 21 bli
383 1021 159 27 lyckliggjorda.
572 1022 94 21 Alldeles
682 1022 77 26 rigtigt,
775 1028 34 15 om
820 1022 25 21 de
854 1021 72 27 sjelfve

100 1048 77 28 bygga;
195 1055 46 15 men
259 1052 23 19 är
297 1050 36 21 det
348 1052 76 23 staten,
440 1056 46 15 som
502 1052 38 25 gör
556 1050 42 26 det,
610 1052 67 20 måste
688 1050 36 22 det
734 1050 105 22 allmänna
849 1050 76 21 intres-

100 1079 32 19 set
153 1077 6 21 i
182 1077 88 22 främsta
291 1081 92 19 rummet
405 1078 129 27 tillgodoses.
564 1079 40 21 Till
625 1079 62 21 dessa
701 1079 106 21 allmänna
822 1079 104 21 intressen

100 1106 77 21 räknar
199 1106 38 26 jag
261 1107 121 27 visserligen
405 1107 64 21 också
491 1108 42 26 det,
557 1110 32 19 att
604 1114 25 15 en
646 1108 23 21 så
684 1107 119 27 betydande
818 1107 47 21 stad
881 1113 45 15 som

120 1134 26 21 bo
169 1134 139 27 ovilkorligen
331 1135 107 22 förbindes
457 1136 48 21 med
518 1136 166 27 jernvägsnätet,
701 1142 48 15 men
765 1136 58 21 detta
838 1135 89 22 intresse

100 1162 42 21 kan
158 1161 163 24 tillfredsställas
337 1165 26 26 på
379 1166 65 19 annat
459 1166 43 19 sätt
518 1167 26 18 än
560 1171 77 20 genom
656 1164 77 21 Wiiala
749 1165 75 20 banan.
855 1163 72 22 Skulle

99 1197 74 20 genom
197 1191 82 22 enskild
305 1192 165 27 företagsamhet
495 1199 26 15 en
544 1193 104 26 jernhbana
669 1193 32 20 till
724 1193 76 21 Wiiala
817 1193 47 21 från
900 1192 27 21 Åbo

100 1219 83 22 komma
199 1219 32 22 till
247 1221 68 23 stånd,
332 1227 62 16 anser
407 1221 36 27 jag
458 1223 33 19 att
507 1221 69 22 denna
588 1221 89 27 jernväg
692 1227 71 16 ensam
779 1221 66 22 borde
855 1221 21 21 få
887 1221 41 20 till-

99 1247 116 27 godonjuta
240 1249 40 21 den
305 1249 125 22 förverkade
455 1249 107 27 miljonen,
586 1256 34 15 om
643 1250 69 21 denna
734 1249 62 22 nämil.
813 1249 114 22 förverkas.

100 1276 303 23 Tammerfors—Tavastehus
422 1278 70 21 banan
508 1279 42 20 kan
566 1278 66 27 enligt
648 1279 43 21 min
706 1279 85 26 mening
805 1278 46 21 icke
866 1277 63 22 hafva

99 1305 64 26 nägot
186 1307 91 25 anspräk
299 1307 71 26 derpä.
401 1307 39 26 Jag
456 1307 87 21 förenar
559 1307 43 26 mig
617 1307 71 22 derför
703 1307 48 21 med
766 1307 162 26 kontraktspro-

98 1335 47 19 sten
166 1333 81 22 Berner
269 1337 32 19 att
324 1335 100 27 miljonen
441 1335 39 21 bör
495 1335 67 27 gifvas
578 1337 70 20 säsom
664 1337 32 20 ett
710 1336 102 27 premium
828 1335 33 21 för
876 1334 53 22 utfö-

98 1362 77 21 randet
199 1363 22 20 af
233 1363 76 22 banan.
341 1364 62 21 Hvad
417 1363 51 22 flere
483 1364 69 21 talare
567 1364 130 21 fortfarande
713 1364 110 26 förmenat,
838 1364 41 21 kan
893 1363 37 27 jag

98 1390 115 27 ingalunda
229 1392 105 27 medgifva
349 1393 70 21 såsom
436 1394 49 23 rätt,
499 1393 105 26 nemligen
616 1395 32 18 att
670 1386 131 38 Tammerfors
831 1392 98 21 Tavaste-

99 1419 39 20 hus
153 1419 39 21 och
209 1415 154 27 Wiiala—Åbo
379 1421 95 21 banorna
490 1421 75 26 kedjas
580 1421 42 21 fast
637 1421 7 21 i
660 1421 124 26 hvarandra,
799 1423 22 25 ty
832 1421 26 21 de
868 1420 62 21 hafva

99 1447 86 22 absolut
199 1448 54 22 intet
269 1449 135 22 ekonomiskt
418 1449 104 22 samband
538 1449 142 22 sinsemellan.
711 1450 46 21 Den
773 1457 38 14 ena
827 1452 24 19 är
866 1449 63 20 nämil.

98 1475 56 22 blott
176 1483 27 15 en
219 1477 78 22 bibana
313 1479 26 20 dä
355 1478 98 21 deremot
468 1478 41 21 den
526 1478 57 21 förra
598 1480 24 19 är
638 1485 26 14 en
680 1478 140 21 hufvudbana.
849 1477 83 22 Endast

98 1504 41 21 den
160 1507 156 26 gemenskapen
337 1507 74 20 kunna
434 1507 25 21 de
482 1507 64 21 hafva
569 1507 48 20 med
633 1507 120 21 hvarandra
767 1509 32 19 att
814 1507 66 25 nägra
895 1512 36 15 en-

98 1532 67 21 skilda
189 1534 46 22 icke
258 1535 66 21 önska
348 1534 110 27 öfvertaga
483 1525 86 41 Wiiala
589 1529 47 28 Abo
660 1535 76 26 banan,
759 1542 34 14 om
809 1535 26 21 de
849 1534 46 22 icke
911 1534 20 21 få
