1117 1817
204 161 54 20 1172
411 165 161 18 Presteståndet
585 167 55 16 1872.
665 167 22 16 21
700 166 47 21 maj.

173 245 133 27 protokoller
329 245 58 22 först.
418 245 74 21 Denna
515 245 113 27 landtdags
651 246 142 26 protokollers
809 246 112 27 tryckning
936 248 24 19 är
975 252 25 15 en

173 275 48 20 rent
245 274 108 27 praktiskt
379 273 123 22 ekonomisk
527 273 67 28 fråga.
626 274 49 21 Man
696 274 133 25 förutsätter,
852 277 32 19 att
907 275 39 21 den
962 281 38 14 nu-

173 303 95 21 varande
283 302 140 27 landtdagens
442 302 133 27 protokoller
590 303 68 21 skulle
675 303 85 21 komma
768 305 33 19 att
809 303 81 22 erhålla
899 310 25 15 en
933 305 67 20 större

173 331 118 26 afsättning
314 333 26 19 än
359 331 41 21 den
415 331 126 27 föregående
557 331 147 27 landtdagens,
719 335 52 18 utan
787 334 33 19 att
835 331 28 28 på
878 332 65 27 något
958 334 43 19 sätt

173 360 50 27 vilja
246 359 26 28 gå
295 360 36 21 det
352 359 106 22 allmänna
478 359 110 22 omdömet
602 360 6 21 i
624 360 79 27 förväg,
720 360 137 21 hvilkendera
872 360 128 27 landtdagen

174 389 69 21 skulle
259 388 63 21 hafva
338 395 25 14 en
379 390 68 19 större
463 388 109 27 betydelse
588 388 34 22 för
636 389 90 21 Finland
741 389 41 21 och
793 389 48 21 dess
852 389 94 26 framtid,
960 389 40 22 den

173 417 130 27 föregående
319 416 52 22 eller
387 417 39 21 den
442 417 128 21 nuvarande.
595 417 62 21 Hvad
672 417 47 22 åter
734 417 102 22 särskildt
851 418 150 21 användandet

174 446 23 21 af
218 445 232 22 archivmedelsfonden
473 445 33 22 för
529 445 61 22 detta
612 446 98 21 ändamål
725 446 110 26 beträffar,
851 447 23 20 så
889 453 63 14 anser
964 447 37 26 jag

175 476 32 20 att
222 474 75 27 frågan
313 476 24 19 är
353 474 36 21 det
403 475 108 20 närmaste
526 474 130 27 fullkomligt
670 475 81 21 formel.
776 475 41 26 Jag
831 475 74 27 tycker
921 477 32 20 att
961 475 39 22 den

174 504 51 26 vigt,
249 509 45 15 som
317 502 23 21 af
361 503 101 21 herrarne
477 503 64 26 Borg,
557 503 101 27 Alopeus
674 503 39 22 och
729 503 60 27 Hjelt
804 503 53 22 fästs
874 504 79 25 dervid,
969 506 32 19 att

174 533 62 21 dessa
251 532 70 21 medel
336 531 19 27 ej
371 531 67 22 skulle
454 531 21 22 få
489 531 115 26 användas,
622 532 47 21 med
684 532 82 21 mindre
777 532 90 21 kassans
875 532 126 27 principaler

174 561 69 21 skulle
271 560 71 27 höras,
367 560 108 21 förefaller
501 559 43 27 mig
569 561 82 25 ganska
676 561 107 26 minutiös,
799 561 70 21 såsom
885 561 80 21 silande
980 560 22 21 af

173 595 96 22 myggor.
299 589 153 22 Generationer
474 588 23 21 af
515 591 97 24 pastorer
628 589 64 21 hafva
706 588 70 22 bildat
791 589 70 22 denna
876 589 62 22 kassa
953 590 47 21 med

174 618 82 27 ganska
278 618 61 26 ringa
362 617 79 27 bidrag.
472 617 32 21 De
526 617 124 22 nuvarande
672 618 179 26 generationerna
869 618 22 21 af
905 621 96 24 pastorer

174 647 69 22 skulle
258 653 29 14 nu
302 646 22 21 få
339 647 69 20 uttala
422 646 32 26 sig
470 646 80 26 derom,
566 646 71 21 fastän
653 646 19 27 ej
688 646 55 22 blutt
759 644 26 23 de
801 649 37 19 äro
854 649 147 24 representan-

174 678 40 23 ter,
230 678 53 18 utan
298 675 61 21 äfven
375 675 25 21 de
419 675 65 25 öfrige
498 675 107 20 ordinarie
621 677 110 24 presterna
746 675 6 21 i
769 675 66 21 stiftet
852 675 63 21 hafva
931 681 69 21 repre-

175 704 163 22 sentationsrätt
361 703 39 21 och
422 702 19 27 ej
464 703 70 21 dertill
558 703 63 21 hafva
643 703 99 27 bidragit.
773 704 51 20 Man
847 704 70 21 kunde
932 703 27 22 dä
974 703 28 27 pä

175 739 82 15 samma
272 734 43 19 sätt
330 734 51 25 säga
396 733 32 19 att
443 732 26 20 de
485 732 85 25 böcker,
586 738 46 15 som
648 732 67 21 skulle
731 732 68 26 köpas
814 732 34 21 för
863 733 62 21 dessa
933 732 68 21 medel

175 761 33 22 till
231 760 100 22 archiven
355 761 18 26 ej
394 760 68 22 skulle
484 760 22 21 få
526 760 107 27 begagnas
648 760 22 21 af
684 761 67 21 andra
767 762 27 20 än
809 763 105 25 pastorer,
930 761 18 26 ej
965 766 36 16 ens

175 790 22 21 af
220 789 125 27 kapellaner
369 790 57 26 eller,
452 789 118 21 skollärare
596 790 51 20 eller
674 789 213 27 universitetslärare,
908 789 53 21 efter
976 789 25 21 de

175 818 110 28 ingenting
304 818 33 21 till
351 818 108 21 desamma
474 817 64 21 hafva
553 817 95 27 bidragit
663 818 38 21 och
714 818 37 27 jag
767 821 46 18 tror
827 820 39 24 att,
883 824 32 15 om
931 820 71 25 pasto-

176 853 61 16 rerne
261 847 69 21 skulle
352 846 110 27 tillfrågas,
485 846 69 22 skulle
570 846 26 21 de
612 846 18 27 ej
646 852 51 16 anse
713 847 59 21 detta
787 853 52 15 vara
853 849 66 19 annat
934 848 27 19 än
976 853 26 15 en

176 876 125 21 formalitet.
332 874 82 28 Frägan
430 876 24 20 är
468 875 106 26 nämligen
585 874 105 22 huruvida
702 875 76 27 medel,
790 876 61 26 ringa
863 876 6 20 i
880 876 31 25 sig
921 874 81 28 sjelfva,

176 904 160 26 sammanbragt
351 904 66 21 under
432 904 118 22 decennier,
566 903 68 22 skulle
645 904 22 20 få
677 904 108 21 användas
793 904 33 21 till
835 904 167 27 presteständets

176 932 103 23 behofver
301 932 28 28 pä
350 932 35 22 det
408 938 39 16 ena
469 932 52 22 eller
543 932 69 21 andra
627 934 71 25 sättet,
714 932 39 22 och
770 939 33 15 om
819 932 100 22 archiven
935 932 67 22 skulle

175 962 22 22 fä
219 962 33 20 sin
275 961 144 27 förstärkning
441 961 99 27 antingen
556 967 76 21 genom
648 961 90 21 böckers
753 961 121 27 inköpande
890 961 51 21 eller
957 961 45 21 der-

175 991 85 27 igenom
277 992 32 20 att
323 990 127 27 föregående
465 989 139 27 landtdagars
620 990 139 26 protokoller,
768 990 73 21 hvilka
849 990 61 21 äfven
919 990 83 21 komme

176 1021 32 20 att
231 1019 88 21 tillhöra
342 1019 104 25 archiven,
470 1018 91 27 tryckas.
591 1018 45 22 Och
652 1018 69 22 blefve
736 1019 37 21 det
788 1018 69 28 någon
873 1018 128 27 behållning,

176 1048 24 21 så
214 1047 85 22 tillfölle
315 1048 123 20 densamma
453 1047 102 21 archivet.
580 1046 39 22 Om
636 1047 63 21 också
714 1047 19 27 ej
749 1047 44 21 alla
808 1047 79 21 böcker
903 1047 27 27 på
939 1049 63 19 stats-

175 1076 118 22 utskottets
314 1076 72 22 förord
409 1075 45 22 från
470 1076 104 26 beviljade
588 1076 68 21 medel
672 1076 69 22 skulle
757 1076 100 24 erhållas,
873 1076 24 21 så
911 1076 91 21 erhållas

175 1105 66 21 likväl
257 1105 32 21 till
306 1104 99 22 archiven
420 1105 26 20 de
462 1104 86 27 dyraste
564 1104 40 22 och
619 1104 120 28 vigtigaste.
770 1104 42 22 Det
828 1106 23 20 är
867 1111 26 15 en
908 1104 95 22 nödvän-

177 1133 72 27 dighet
265 1135 32 19 att
313 1140 48 15 man
377 1139 28 15 nu
420 1132 18 27 ej
455 1133 127 26 uppskjuter
593 1133 61 21 äfven
665 1134 68 20 denna
741 1133 115 26 landtdags
865 1133 137 26 protokoller.

176 1162 30 27 Ty
219 1162 24 27 ju
259 1161 74 27 längre
348 1168 48 15 man
412 1162 125 26 uppskjuter
552 1161 94 27 dermed,
662 1162 59 21 desto
737 1161 86 22 svårare
840 1161 40 22 blir
889 1162 36 21 det
933 1161 69 22 seder-

176 1197 59 15 mera
251 1193 32 18 att
298 1191 22 20 få
335 1190 47 21 dem
398 1190 94 26 tryckta;
508 1190 40 21 och
564 1190 70 21 denna
650 1191 111 26 tryckning
770 1197 63 14 anser
839 1190 38 27 jag
885 1189 117 22 emellertid

176 1225 52 16 vara
255 1219 120 27 nödvändig
401 1219 54 20 både
482 1218 33 22 för
540 1219 26 21 de
590 1219 92 26 följande
697 1219 155 26 landtdagarne
869 1219 39 21 och
923 1218 33 21 för
971 1220 31 19 att

176 1249 71 20 lemna
270 1247 23 22 åt
315 1248 66 21 andra
401 1247 124 27 fullständig
546 1247 40 22 och
602 1254 108 20 noggrann
726 1248 157 21 underrättelse
899 1254 34 15 om
949 1247 55 21 hvad

176 1276 159 27 presteståndet
358 1277 7 20 i
384 1276 83 21 landets
482 1276 181 27 angelägenheter
678 1276 38 21 har
731 1276 69 26 tänkt,
816 1276 55 21 talat
886 1276 39 21 och
941 1276 61 27 gjort,

176 1305 81 21 hvilket
283 1305 74 21 endast
383 1310 75 21 genom
484 1311 123 20 noggranna
634 1305 132 26 protokoller
791 1305 42 21 kan
849 1305 112 26 inhemtas,
977 1310 26 15 en

176 1333 127 26 kännedom,
327 1340 44 15 som
394 1333 27 27 på
443 1333 54 22 intet
519 1335 44 19 sätt
578 1333 42 21 kan
636 1339 61 16 anses
713 1339 52 16 vara
780 1333 125 27 tillräckligt
920 1339 82 15 vunnen

177 1368 75 21 genom
268 1362 204 27 tidningsreferater,
488 1361 72 22 hvilka
575 1363 37 20 äro
629 1361 55 22 både
694 1362 173 27 knapphändiga,
877 1361 127 27 bristfälliga

177 1391 40 21 och
233 1390 45 21 ofta
293 1394 15 18 t.
325 1397 19 14 o.
360 1397 27 15 m.
403 1390 22 21 af
439 1390 57 21 förut
511 1390 69 22 fattad
596 1391 85 26 mening
696 1391 117 26 färglagda.

246 1448 144 27 Domprosten
411 1448 91 27 Borg:
533 1448 41 27 Jag
593 1448 36 21 vill
646 1449 89 26 upplysa
749 1449 80 26 derom,
845 1451 33 18 att
891 1449 36 26 jag
943 1447 61 21 verk-

177 1477 56 26 ligen
255 1483 39 15 var
317 1477 131 21 närvarande
465 1477 7 21 i
488 1477 105 21 utskottet
609 1477 27 21 dä
652 1477 36 21 det
702 1483 38 15 var
755 1477 61 27 fråga
831 1483 34 15 om
882 1477 61 21 dessa
959 1476 45 21 kal-

176 1505 67 27 kyler,
271 1511 46 16 som
343 1505 104 22 utskottet
473 1505 7 22 i
505 1505 38 22 sitt
568 1505 135 22 betänkande
721 1505 130 22 framhåller.
882 1505 41 26 Jag
939 1505 65 21 hörde

177 1533 112 28 uppgifvas
304 1537 31 18 ett
351 1534 52 21 visst
418 1534 57 21 antal
491 1533 83 22 skrifna
588 1534 46 25 ark,
650 1540 46 16 som
711 1534 69 21 skulle
797 1534 64 21 hafva
876 1534 80 21 funnits
971 1533 33 21 till

177 1563 40 20 den
236 1564 8 19 1
262 1563 49 26 maj.
343 1562 109 22 Huruvida
473 1563 69 21 denna
557 1562 84 27 uppgift
656 1569 38 14 var
708 1563 42 21 viss
767 1563 51 21 eller
833 1563 19 26 ej
869 1563 37 21 det
921 1565 34 19 vet
968 1562 36 27 jag
