1117 1817
326 115 162 18 Presteständet
500 116 54 16 1872.
581 116 23 16 16
616 115 59 21 april.
850 110 40 21 691

92 196 61 22 lands
175 196 93 25 ständer,
291 196 26 21 dä
335 195 36 22 det
386 195 92 27 troligen
494 195 35 21 vid
545 197 62 19 nästa
622 194 101 28 landtdag
738 195 63 21 torde
815 195 86 22 komma
915 196 7 21 i

92 225 60 27 fräga
175 226 32 19 att
229 224 20 21 fä
265 230 25 15 en
305 224 56 21 bana
376 223 33 22 till
424 219 148 26 Österbotten.
603 223 31 27 Ty
650 224 27 20 dä
693 222 138 23 Österbotten
847 224 75 21 erkän-

93 260 37 15 nes
145 260 29 14 nu
189 259 51 15 vara
255 252 80 27 ganska
349 252 109 26 isoleradt,
475 252 25 21 sä
515 252 73 27 tycker
601 252 37 27 jag
656 253 32 20 att
702 258 50 15 man
767 251 20 27 ej
803 251 40 22 bör
858 252 65 27 draga

93 282 59 27 längt
167 284 24 19 ut
207 281 27 27 pä
248 281 58 21 tiden
322 281 48 21 med
386 283 32 19 att
432 283 101 19 närmare
549 280 83 22 ansluta
648 281 35 20 det
698 280 32 21 till
746 280 69 27 öfriga
831 280 58 22 delar
901 281 24 21 af

93 311 72 21 landet
187 310 33 21 för
241 312 32 19 att
288 309 75 22 hindra
378 309 26 22 de
418 315 76 16 varma
508 309 88 21 känslor
610 311 33 19 att
658 309 79 24 svalna,
753 315 46 15 som
815 309 37 22 der
868 309 55 22 före-

93 339 68 22 finnas
176 341 44 19 mot
236 339 36 20 det
287 339 52 26 dyra
353 338 146 21 fosterlandet.

163 395 154 28 Kyrkoherden
359 395 126 22 Helander:
509 395 96 22 Emedan
613 395 38 27 jag
661 395 64 22 ocksä
735 395 23 21 af
766 395 58 22 mina
834 395 89 22 kommi-

96 427 70 20 tenter
181 425 41 21 fick
237 425 7 21 i
260 425 102 26 uppdrag,
379 426 32 19 att
425 424 119 27 framlägga
560 430 25 15 en
601 424 90 27 petition
707 430 34 15 om
753 430 26 15 en
789 424 90 27 jernväg
891 424 33 22 till

96 449 146 30 Österbotten,
261 454 23 21 sä
299 453 38 21 har
349 453 38 27 jag
401 455 73 19 ansett
489 453 43 26 mig
547 453 77 26 pligtig
639 454 32 20 att
686 453 33 20 för
734 459 26 14 en
776 453 49 21 kort
840 453 31 22 tid
886 453 38 21 be-

95 485 52 24 gära
162 483 61 20 ordet
239 482 6 21 i
261 482 68 21 denna
343 481 67 27 fräga.
436 481 77 22 Denna
528 481 102 27 petitions
645 481 134 22 inlemnande
795 481 23 22 af
827 482 44 26 mig
880 481 45 22 blef

96 511 84 26 onödig,
197 510 26 21 dä
239 510 104 21 likartade
358 510 115 27 petitioner
488 510 130 21 inlemnades
631 509 7 22 i
649 510 27 21 de
687 509 68 28 öfriga
764 510 95 21 ständen.
883 510 41 27 Jag

95 539 40 21 har
157 539 83 21 derföre
263 539 46 21 med
331 539 90 21 intresse
441 541 89 19 motsett
546 539 36 21 det
597 538 108 22 allmänna
719 538 204 22 besvärsutskottets

96 567 134 22 betänkande
245 567 6 21 i
267 568 68 21 denna
349 567 60 27 fräga
425 567 40 22 och
481 567 49 21 med
545 567 45 21 lika
604 567 90 21 intresse
705 567 120 27 genomläst
835 568 36 21 det
884 567 40 22 och

96 596 65 21 ocksä
182 596 73 27 tycker
275 596 37 27 jag
334 597 41 26 mig
399 595 22 22 af
442 596 41 21 den
502 602 28 15 nu
545 595 110 28 pägäende
671 595 146 22 diskussionen
833 596 6 21 i
856 597 68 20 denna

96 625 80 27 vigtiga
197 625 38 21 sak
253 625 63 20 hafva
332 625 39 21 fätt
387 625 25 20 de
427 625 160 27 upplysningar,
603 631 44 15 som
661 624 37 27 jag
713 624 32 21 för
761 625 43 20 min
820 625 34 21 del
870 625 54 21 varit

96 653 7 22 i
126 653 66 22 behof
212 653 26 22 af.
269 653 42 22 Det
325 653 38 21 har
379 653 84 22 derföre
479 654 56 20 varit
550 653 33 21 för
598 653 43 27 mig
657 653 23 21 af
692 655 80 19 största
787 653 90 22 intresse
891 655 33 20 att

97 682 52 27 följa
164 682 47 21 med
227 682 153 24 diskussionen,
396 682 48 21 med
460 682 110 26 undantag
586 682 23 21 af
622 682 41 20 den
679 681 62 21 korta
751 682 75 26 episod
837 682 28 21 dä
876 688 48 21 pro-

96 710 68 22 fessor
186 710 115 22 Forsmans
322 710 130 27 upplysande
475 710 137 27 andragande
634 710 7 21 i
660 710 69 21 denna
744 710 61 27 fräga
819 710 24 22 sä
858 710 66 22 hand-

97 740 86 26 gripligt
205 739 40 21 och
267 739 80 21 kanske
369 740 33 20 för
424 738 136 28 grofkornigt
582 739 23 21 af
618 745 26 15 en
660 738 67 22 talare
743 739 180 21 tillbakavisades.

98 768 48 21 Men
160 768 23 26 ju
198 774 59 15 mera
269 768 36 27 jag
321 768 46 26 följt
382 768 48 21 med
446 768 156 27 diskussionen,
618 768 121 21 destomera
754 767 39 21 har
805 768 38 27 jag
855 767 70 22 blifvit

98 796 123 28 öfvertygad
242 803 34 15 om
299 798 39 24 att,
359 796 89 22 oaktadt
466 791 139 27 Österbotten
621 796 65 22 ocksä
700 796 69 21 skulle
784 796 72 22 kunna
870 802 55 21 upp-

98 825 45 21 visa
164 826 43 20 lika
229 826 39 20 och
291 825 79 22 kanske
393 832 58 14 mera
474 825 88 21 talande
584 825 46 21 skäl
646 825 33 21 för
694 825 36 21 det
745 827 32 19 att
793 825 69 21 banan
877 824 48 22 frän

98 854 143 21 Tammerfors
263 857 74 18 norrut
359 854 67 21 skulle
447 854 132 26 uppbyggas,
602 856 26 18 än
652 854 26 21 de
699 853 45 21 skäl
760 856 44 23 äro,
819 860 45 14 som
881 854 44 20 tala

97 882 33 22 för
146 889 25 15 en
187 882 54 21 bana
257 882 46 22 frän
319 882 130 22 Tavastehus
464 882 34 22 till
508 878 54 28 Äbo,
575 882 24 21 sä
609 882 39 21 har
658 882 37 27 jag
706 882 53 21 dock
770 882 69 21 blifvit
851 882 73 21 derom

98 911 129 27 öfvertygad,
243 913 32 19 att
291 912 68 20 denna
374 911 55 21 bana
440 911 33 21 till
483 905 47 27 Åbo
544 911 39 21 bör
595 911 54 21 först
660 910 64 22 blifva
735 910 68 28 färdig
813 911 22 21 af
843 910 82 27 hvarje-

98 939 70 22 handa
190 940 45 21 skäl
259 939 39 22 och
319 940 80 21 kanske
415 940 69 21 skulle
496 940 38 27 jag
549 940 21 21 få
586 941 113 19 omnämna
714 939 73 21 ibland
803 940 61 21 dessa
879 939 46 21 skäl

98 969 43 26 det,
164 970 31 19 att
217 968 27 22 dä
267 968 40 22 den
331 975 39 15 ena
390 968 139 27 ändpunkten
552 968 23 21 af
592 968 69 21 banan
677 968 66 21 tillför
758 974 35 15 oss
808 974 62 15 varor
885 968 40 21 och

98 996 80 22 kanske
199 997 60 21 äfven
282 997 65 27 nägot
366 1000 64 18 annat
446 997 46 21 frän
509 999 64 23 öster,
589 997 23 20 sä
628 996 69 22 skulle
712 996 47 26 den,
775 1003 45 15 som
836 996 67 22 slutar
917 996 8 21 i

98 1020 53 31 Åbo,
175 1025 91 21 derifrän
289 1026 21 20 in
332 1026 7 21 i
361 1026 73 21 landet
456 1026 70 21 införa
545 1026 71 26 något,
632 1032 45 14 som
694 1025 70 21 kunde
779 1025 58 27 tjena
852 1025 31 21 till
899 1031 26 15 en

98 1054 64 26 nödig
183 1054 125 21 motverkan
324 1059 57 17 emot
399 1055 105 26 importen
520 1054 120 22 österifrän.
670 1054 40 26 Jag
725 1054 40 21 har
779 1054 60 27 tyckt
854 1054 71 25 ocksä,

99 1082 27 22 dä
145 1083 37 26 jag
201 1082 88 27 jemfört
305 1083 60 21 dessa
380 1083 79 27 förslag
475 1089 33 15 om
526 1089 25 15 en
567 1082 56 22 bana
638 1082 46 22 frän
699 1082 116 22 Riihimäki
830 1082 32 21 till
877 1076 48 28 Åbo

98 1111 83 21 direkte
203 1111 40 21 och
265 1111 46 21 från
333 1111 239 28 Tavastehus—Wiiala
593 1111 33 21 till
648 1106 53 31 Åbo,
725 1113 32 19 att
779 1111 33 21 för
828 1111 40 21 den
883 1111 42 21 till-

98 1140 90 21 ämnade
210 1139 70 22 banan
302 1140 32 21 till
356 1135 138 26 Österbotten
518 1146 50 15 vore
590 1139 72 22 säkert
684 1140 40 21 den
741 1139 38 22 der
794 1139 70 21 banan
879 1139 46 21 från

98 1167 143 29 Tammerfors
262 1168 31 21 till
336 1169 25 21 Åbo
385 1168 22 22 af
428 1169 84 27 mycket
534 1170 69 19 större
619 1170 66 25 nytta.
715 1168 126 27 Derigenom
857 1167 69 22 skulle

99 1197 104 26 nemligen
219 1197 137 21 Österbotten
371 1197 173 22 sammanbindas
558 1197 18 26 ej
588 1197 131 26 nödtvunget
732 1197 75 20 endast
817 1197 47 20 med
875 1196 52 21 Hel-

98 1225 97 27 singfors,
217 1228 51 19 utan
290 1226 63 21 också
375 1226 63 21 hafva
459 1225 84 22 tillfälle
566 1227 32 20 att
621 1228 113 24 exportera
754 1225 47 21 sina
816 1231 62 15 varor
893 1224 33 21 till

98 1249 54 26 Åbo.
183 1254 89 21 Derföre
293 1255 68 20 skulle
375 1255 38 26 jag
428 1255 32 20 för
476 1255 42 20 min
536 1254 33 21 del
584 1253 53 28 yrka
652 1255 34 26 pä,
703 1256 32 19 att
751 1254 40 21 den
806 1253 120 27 föreslagna

98 1277 225 27 Wiiala—Åbobanan
345 1283 69 21 skulle
436 1283 80 27 byggas
537 1283 24 21 så
576 1289 45 15 som
637 1283 7 21 i
659 1282 116 22 utskottets
793 1282 133 21 betänkande

99 1313 24 19 är
143 1311 118 27 föreslaget.
293 1311 48 22 Men
357 1318 34 15 om
407 1312 65 21 sedan
489 1312 62 21 dessa
566 1311 67 21 banor
649 1311 66 22 blifva
729 1311 128 26 fulländade,
874 1310 52 22 hvil-

99 1339 37 22 ket
150 1339 33 22 väl
199 1340 61 21 torde
275 1341 52 20 böra
342 1340 37 21 ske
395 1343 51 19 utan
461 1340 99 27 uppskof,
576 1340 74 21 landet
664 1339 69 22 skulle
751 1339 91 22 behöfva
856 1339 70 27 någon

99 1368 57 21 hvila
178 1368 33 21 för
229 1371 32 19 att
277 1369 70 21 hemta
363 1375 40 21 nya
418 1369 88 26 krafter,
522 1369 24 21 så
561 1368 68 22 skulle
644 1369 67 26 enligt
725 1369 50 21 mitt
789 1368 137 21 förmenande

100 1397 36 21 det
156 1403 51 16 vara
227 1399 85 20 rättvist
334 1399 32 20 att
387 1397 132 28 tillgängliga
542 1397 68 22 medel
630 1397 26 21 då
671 1397 32 21 till
719 1397 55 21 allra
789 1397 54 21 först
857 1396 68 21 skulle

99 1425 68 28 biifna
184 1427 101 26 anslagna
299 1426 33 21 för
344 1427 127 26 jernvägens
486 1426 138 27 fortsättning
639 1425 46 22 från
701 1425 142 22 Tammerfors
858 1425 68 26 uppåt

100 1449 143 29 Österbotten,
259 1461 44 15 som
319 1455 6 21 i
341 1455 105 22 anseende
462 1455 32 21 till
510 1455 236 21 kommunikationerna
757 1457 24 18 är
794 1453 79 22 kanske
887 1453 40 22 den

100 1485 54 19 mest
169 1483 122 22 vanlottade
307 1483 60 22 delen
382 1483 23 22 af
418 1484 48 21 vårt
481 1483 56 22 land.
568 1483 41 27 Jag
624 1483 68 21 skulle
711 1483 84 21 derföre
811 1483 7 20 i
833 1481 40 22 allo
885 1481 42 22 för-

99 1517 40 16 ena
154 1512 43 27 mig
212 1512 48 21 med
275 1512 45 22 vice
335 1515 73 24 pastor
423 1512 67 21 Lilius
506 1511 40 22 och
562 1512 26 21 de
606 1511 75 27 talare,
693 1517 45 16 som
751 1511 96 22 förordat
859 1512 69 26 vägen
