1117 1817
221 129 42 21 912
447 134 162 18 Presteståndet
622 136 56 16 1872.
699 136 13 17 2
724 136 47 20 maj.

192 214 77 21 kerhet
291 215 34 20 vid
348 214 114 27 öfvergång
484 214 24 21 af
521 215 101 26 fastighet
638 215 46 21 från
699 222 26 14 en
741 216 57 20 hand
813 215 33 21 till
863 222 69 15 annan
947 222 76 20 genom

192 243 50 26 köp.
274 243 29 21 Sä
323 243 60 26 länge
407 243 35 21 det
456 249 50 15 vore
524 243 84 26 möjligt
623 245 32 19 att
670 243 95 27 köparen
781 244 71 21 kunde
867 244 80 21 förlora
963 250 61 20 egen-

193 271 78 21 domen
294 272 126 25 derigenom,
436 274 33 19 att
483 272 70 26 någon
569 272 114 21 bördsman
699 273 120 26 uppträdde
835 273 45 25 och,
895 276 45 18 mot
955 273 69 26 erläg-

192 301 70 25 gande
273 300 24 21 af
305 300 176 27 köpeskillingen,
497 301 48 20 ville
561 301 89 26 tillegna
666 301 31 26 sig
713 301 129 26 densamma,
857 301 24 21 så
896 301 71 21 kunde
983 301 40 21 den

193 335 40 20 nye
249 329 95 26 köparen
359 329 46 21 icke
421 329 99 21 betrakta
535 329 31 26 sig
582 329 70 21 såsom
668 335 62 21 egare
746 329 23 21 af
782 330 76 25 godset
869 330 40 21 och
920 331 46 20 med
978 331 46 20 det-

193 363 82 15 samma
290 357 87 26 vidtaga
393 357 25 21 de
433 357 161 27 förbättringar,
610 364 46 15 som
672 358 41 21 han
729 359 6 19 i
751 359 66 20 annat
833 357 37 22 fall
881 358 71 21 kunde
962 361 59 24 göra.

193 386 107 21 Kulturen
323 386 6 20 i
352 386 72 21 landet
446 386 40 21 och
508 386 48 21 dess
578 387 101 26 framsteg
694 386 69 21 blefve
780 386 65 27 derpå
860 387 91 21 lidande.
982 387 41 21 Vid

192 414 78 21 sådant
290 414 132 21 förhållande
447 415 66 26 ansåg
535 413 86 22 talaren
645 415 142 26 lagutskottet
811 415 64 21 hafva
900 417 44 19 rätt
970 422 52 19 upp-

193 442 66 21 fattat
282 443 80 26 frågan,
379 443 27 21 då
421 443 105 21 utskottet
541 443 119 21 framhållit
675 443 148 27 önskligheten
839 444 22 21 af
875 444 147 21 bördsrättens

193 471 70 21 totala
285 471 154 27 upphäfvande.
470 471 80 22 Sådant
573 479 37 14 var
634 472 54 21 dock
711 472 46 21 icke
778 472 115 27 föreslaget
909 473 6 20 i
931 473 39 20 den
986 472 37 21 nå-

193 500 50 26 diga
265 500 159 26 propositionen
443 500 39 21 och
498 501 36 20 det
550 501 68 20 skulle
634 501 108 20 erfordras
758 503 31 18 ett
805 501 106 26 vidlyftigt
926 501 97 21 omarbe-

192 529 65 20 tande
273 529 24 20 af
310 529 122 20 densamma
446 529 33 20 för
494 531 32 19 att
541 529 35 21 vid
592 529 69 21 denna
677 529 103 26 landtdag
798 530 71 20 kunna
881 531 55 20 sätta
947 529 76 21 sådant

192 557 7 20 i
215 557 67 26 fråga.
313 557 149 25 Reservanten,
485 557 49 21 herr
554 564 19 14 v.
590 558 94 25 Hellens,
701 564 44 15 som
761 559 61 20 äfven
839 559 100 20 omfattat
954 559 69 20 denna

192 585 62 26 åsigt,
271 585 77 27 ansåge
363 587 37 20 det
415 586 63 21 också
494 592 51 15 vara
560 587 130 26 nödvändigt
705 589 32 18 att
753 587 85 20 anhålla
854 593 33 14 om
900 593 25 14 en
938 593 26 20 ny
976 593 47 20 pro-

192 614 94 26 position
307 614 7 21 i
337 616 76 23 ämnet,
436 614 45 21 ifall
500 615 68 20 denna
585 615 55 26 åsigt
656 615 83 21 komme
755 617 33 19 att
803 617 52 24 göra
869 616 32 25 sig
916 615 105 26 gällande.

193 643 152 25 Lagutskottet
366 643 54 20 hade
441 643 131 21 fördenskull
589 643 45 21 icke
650 643 49 21 sökt
715 644 111 21 omarbeta
842 643 157 27 lagstiftningen
1015 644 6 20 i

193 673 74 19 ämnet
281 671 8 20 i
305 671 35 21 det
355 671 60 27 syfte,
431 678 45 14 som
492 673 118 19 utskottets
626 672 110 26 pluralitet
751 675 72 17 ansett
839 678 50 14 vara
905 673 36 19 det
958 675 62 17 rätta.

193 699 50 21 Men
269 699 28 21 då
319 700 39 20 den
382 700 76 26 nådiga
479 700 171 26 propositionens
673 700 80 27 förslag
777 700 64 21 likväl
863 707 50 14 vore
929 702 32 20 ett
976 703 46 24 steg

191 728 86 26 framåt,
300 728 54 21 hade
377 728 105 21 utskottet
504 728 100 22 omfattat
628 729 64 26 detta,
714 729 40 21 och
777 729 34 21 vill
835 730 82 20 talaren
941 730 38 20 ock
994 729 28 26 på

192 757 60 20 detta
268 756 46 21 skäl
329 756 86 22 förorda
430 758 129 26 antagandet
575 757 23 21 af
611 758 116 20 utskottets
738 758 142 25 betänkande,
891 758 131 26 tilläggande

192 787 33 19 att
247 786 138 20 bördsrätten
407 786 6 20 i
429 786 36 20 vår
483 786 31 20 tid
530 786 81 26 ganska
627 786 45 20 ofta
687 786 39 21 och
742 786 107 21 måhända
864 786 66 21 oftast
946 787 75 26 begag-

192 814 65 20 nades
280 814 46 20 icke
349 814 33 20 för
405 816 31 19 att
458 814 132 21 tillförsäkra
605 814 151 22 anförvandter
771 815 126 27 eganderätt
912 815 32 21 till
960 816 61 20 deras

191 842 142 27 fädernejord,
357 845 52 18 utan
426 843 32 20 för
474 845 32 19 att
520 843 106 27 förhjelpa
641 845 79 19 vänner
735 844 40 20 och
791 850 106 20 personer,
915 850 45 14 som
975 844 45 20 icke

194 876 49 15 vore
266 871 74 26 skylde
363 871 48 21 med
427 871 96 27 säljaren,
540 872 31 20 till
589 872 120 20 åtkomsten
725 872 24 20 af
762 878 26 15 en
804 872 99 26 lägenhet
919 872 33 21 för
968 872 53 21 billi-

191 905 51 20 gare
266 900 50 26 pris,
339 901 27 19 än
385 900 40 20 den
440 900 68 21 skulle
524 900 70 21 blifvit
610 900 80 21 försåld
705 900 84 22 direkte
804 900 33 21 till
853 901 54 21 dem.
939 901 33 21 Då
987 901 34 21 så-

192 928 67 20 lunda
276 928 133 21 bördsrätten
425 928 109 22 medförde
548 929 50 21 vida
616 931 69 19 större
701 929 38 21 och
755 929 130 27 fullkomligt
901 930 43 20 lika
959 930 63 20 svåra

192 956 144 27 olägenheter,
353 963 45 15 som
415 958 24 20 de
460 957 22 21 af
496 959 86 25 prosten
599 958 123 26 Rosengren
737 957 135 26 framhållna,
888 958 65 26 ansåg
969 958 53 21 tala-

191 991 38 15 ren
251 985 61 21 äfven
336 986 59 20 detta
421 992 51 14 vara
495 988 31 18 ett
548 986 54 26 skäl,
623 992 45 15 som
692 986 70 21 talade
784 986 33 21 för
832 986 152 27 inskränkning
1000 986 23 22 af

192 1013 136 21 bördsrätten
344 1014 39 20 och
399 1014 119 26 antagande
534 1014 22 21 af
570 1014 153 27 lagutskottets
741 1015 142 21 betänkande.

261 1070 50 22 Vice
333 1073 86 24 pastorn
435 1071 102 21 Lilius
552 1072 56 21 hade
623 1071 59 21 äfven
699 1072 121 22 erfarenhet
835 1072 24 21 af
872 1072 147 22 bördsrättens

191 1098 161 22 missbrukande
375 1100 94 23 sålunda,
485 1102 33 19 att
533 1106 108 20 personer,
658 1107 44 15 som
718 1101 46 21 icke
780 1103 35 25 egt
831 1102 115 25 bördsrätt,
962 1101 58 21 lånat

192 1134 64 14 namn
279 1128 23 19 af
321 1128 86 24 sådana,
430 1134 45 15 som
496 1128 111 21 bördsrätt
630 1129 129 26 tillkommit,
783 1130 39 20 och
840 1130 116 21 försträckt
971 1130 48 21 dem

190 1155 178 28 bördsskillingen
395 1158 61 24 samt,
483 1157 65 21 sedan
572 1157 130 22 domstolens
727 1158 71 26 utslag
822 1158 62 25 fallit,
910 1160 110 25 upprättat

190 1184 111 27 köpebref,
325 1185 135 27 hvarigenom
482 1185 157 22 bördsmannen
662 1186 107 21 öfverlåtit
793 1187 130 26 egendomen
941 1187 23 21 åt
979 1187 40 21 den

191 1219 45 15 som
257 1213 115 21 försträckt
387 1214 150 26 penningarna,
554 1215 39 20 och
609 1215 28 26 på
652 1215 67 20 sådan
733 1215 70 27 grund
819 1215 67 22 borde
901 1216 29 21 all
945 1215 73 22 börds-

190 1243 44 20 rätt
255 1241 124 27 upphäfvas.
410 1242 48 21 Men
482 1243 26 20 dä
532 1243 36 21 det
583 1243 66 26 enligt
664 1243 117 22 utskottets
797 1244 136 21 betänkande
948 1246 72 25 syntes

191 1270 96 21 medföra
309 1271 136 27 svärigheter,
461 1272 32 20 att
507 1271 29 27 pä
551 1278 25 14 en
592 1271 57 28 gäng
663 1275 52 24 göra
731 1273 23 20 sä
769 1273 46 21 vidt
830 1273 131 21 omfattande
977 1273 43 27 lag-

190 1298 155 27 förändringar,
369 1300 88 20 emedan
477 1300 25 21 de
518 1300 69 21 säsom
604 1301 62 20 äfven
682 1301 49 21 herr
745 1307 19 14 v.
781 1301 88 22 Hellens
884 1302 6 20 i
906 1302 32 20 sin
953 1308 66 15 reser-

189 1327 74 20 vation
286 1327 103 25 anmärkt,
413 1328 83 21 komine
518 1331 32 18 att
573 1329 77 21 beröra
673 1336 25 15 en
721 1330 78 26 mängd
815 1330 150 27 författningar
980 1330 40 21 och

191 1355 66 22 borde
273 1356 34 21 stä
322 1357 6 19 i
343 1356 103 21 samband
462 1357 47 20 med
526 1363 25 15 en
567 1357 125 28 förändring
707 1358 22 21 af
738 1359 160 26 lagstiftningen
911 1359 109 26 angäende

189 1386 58 24 pant,
271 1384 62 27 gäfva
355 1385 39 20 och
419 1387 133 24 testamente,
576 1385 23 22 sä
622 1386 113 22 förordade
758 1388 82 20 talaren
864 1387 119 27 antagande
1000 1387 22 21 af

191 1413 118 21 utskottets
324 1413 140 22 betänkande.

259 1470 90 21 Prosten
373 1470 180 27 Rosengren
579 1472 107 26 genmälte
710 1472 109 26 professor
844 1472 112 21 Ehrström
980 1473 40 20 och

190 1497 72 22 kunde
284 1499 46 21 icke
353 1498 57 21 finna
432 1501 32 19 att
485 1506 76 20 genom
580 1500 151 21 bibehällande
746 1501 23 20 af
784 1501 136 21 bördsrätten
936 1501 62 20 äfven
1014 1501 6 21 i

189 1526 41 21 den
252 1527 61 25 ringa
335 1528 153 27 utsträckning,
511 1535 46 14 som
579 1529 83 20 talaren
684 1529 103 26 förordat,
808 1529 129 27 jordbruket
952 1529 68 22 skulle
