1117 1817
350 147 162 19 Présteståndet
517 149 63 17 1872.
605 149 83 21 16-maj.
847 145 52 21 1119

98 230 45 21 hus.
175 229 40 25 Jag
230 231 24 18 är
270 229 104 20 måhända
390 229 17 25 ej
424 228 121 27 berättigad
561 231 32 18 att
609 231 146 24 representera
771 228 82 22 landets
865 230 63 26 peda-

97 264 72 21 goger,
190 257 33 20 för
245 259 32 19 att
299 257 68 21 uttala
391 258 68 25 någon
479 257 63 20 tanke
559 257 109 26 angående
684 257 156 22 normalskolan
857 258 5 20 i
879 258 49 21 Hel-

98 286 90 27 singfors
211 287 68 19 större
302 285 51 22 eller
376 285 82 21 mindre
482 285 115 26 duglighet,
621 289 21 23 ty
666 285 34 26 jag
715 287 24 20 är
755 292 24 14 en
797 287 94 25 pedagog
907 287 22 21 af

99 315 70 26 gamla
185 316 78 22 sorten,
280 316 50 19 utan
347 320 53 15 vana
416 314 38 21 och
471 314 118 21 kännedom
606 314 5 20 i
628 314 26 21 de
669 320 64 21 nyare
749 315 131 26 metoderna,
894 315 34 21 de-

97 349 35 15 ras
155 342 91 21 fördelar
269 343 51 20 eller
343 343 61 20 deras
427 342 85 27 möjliga
528 342 34 21 fel.
593 342 49 21 Men
658 343 68 20 såsom
744 342 31 21 far
791 343 32 20 till
839 350 25 14 eu
881 350 45 20 son,

96 378 46 15 som
167 373 23 19 är
211 371 45 20 elev
279 371 20 20 af
317 371 68 20 denna
401 371 121 26 inrättning,
540 371 38 21 och
594 371 90 21 sålunda
699 371 47 20 med
763 371 67 26 någon
848 372 78 21 känne-

97 400 48 21 dom
163 406 33 15 om
213 399 166 21 normalskolans
395 399 151 26 beskaffenhet,
564 405 62 15 anser
638 399 37 26 jag
691 400 42 25 mig
748 399 5 20 i
770 399 41 22 alla
827 400 36 21 fall
879 400 47 21 full-

97 428 88 27 komligt
201 428 123 26 kompeteut
340 430 31 18 att
386 427 74 26 uttala,
479 431 31 17 att
526 427 142 27 inrättningen
685 429 26 25 pä
727 430 30 19 ett
773 429 94 21 utmärkt
883 431 43 20 sätt

96 457 61 27 fyller
180 457 127 20 åtminstone
330 456 31 21 sin
385 456 60 27 plats.
478 456 45 21 Den
540 456 38 21 har
593 456 88 27 lyckats,
697 457 89 20 oaktadt
801 457 124 27 lärareplat-

96 491 62 15 serna
182 485 31 20 till
235 487 78 19 största
338 485 60 21 delen
419 487 36 18 äro
472 486 27 25 på
514 487 59 18 extra
590 485 104 20 ordinarie
710 487 49 21 stat,
776 485 33 21 vid
825 486 31 26 sig
872 486 54 21 fästa

96 513 109 22 utmärkta
227 513 111 26 förmågor,
362 513 70 21 hvilka
456 513 68 21 skulle
547 513 61 21 hafva
632 513 79 21 kunnat
735 514 32 20 för
783 515 30 20 sin
831 515 94 20 utkomst

96 541 99 22 förskaffa
217 543 31 25 sig
271 542 163 25 fördelaktigare
457 542 79 26 platser
559 542 27 26 på
608 545 65 18 annat
688 541 51 22 håll:
757 542 40 21 den
814 543 38 20 har
868 543 57 21 dess-

97 573 57 18 utom
178 571 5 20 i
200 571 97 20 afseende
312 571 12 20 å
340 571 94 26 disciplin
452 570 38 21 och
508 571 107 20 elevernes
631 571 113 20 moraliska
761 571 56 24 vård,
834 571 41 26 mig
891 578 34 13 ve-

96 599 78 26 terligt,
195 599 18 26 ej
230 599 79 20 lemnat
324 600 64 25 något
405 599 61 26 öfrigt
482 601 32 18 att
531 599 71 20 önska.
633 599 40 26 Jag
693 599 38 20 har
747 602 53 18 trott
817 600 40 26 mig
874 600 51 21 böra

96 627 68 22 uttala
188 628 36 20 det
246 627 192 26 hufvudsakligaste
454 627 22 20 af
491 628 42 20 min
549 627 55 26 åsigt
620 634 33 13 om
670 627 81 24 skolan,
768 628 69 21 derför
853 631 32 18 att
899 635 26 14 en

96 656 84 26 opinion
204 656 38 21 här
265 656 5 20 i
291 656 159 23 hufvudstaden,
467 662 26 14 en
510 656 92 26 opinion,
618 662 44 15 som
679 656 85 21 sednast
780 656 39 21 har
833 657 40 20 fått
889 657 36 21 sitt

96 684 75 27 högsta
192 684 83 27 uttryck
299 690 74 20 genom
397 684 35 21 det
456 690 40 20 nya
519 684 139 26 språklycéet,
678 685 48 20 sökt
741 688 50 17 utan
807 685 116 21 återvändo

96 712 65 27 draga
177 712 155 22 normalskolan
349 715 5 18 i
371 715 99 19 smutsen.
496 713 41 21 Det
553 714 23 19 är
592 713 68 20 denna
677 713 91 26 opinion,
785 719 43 15 som
841 714 36 26 jag
888 720 36 15 an-

94 747 35 15 ser
144 741 42 27 mig
201 742 71 20 kunna
288 741 138 26 tillbakavisa,
442 741 39 21 och
497 741 64 27 yrkar
577 744 31 18 att
624 741 116 27 petitionen
757 744 92 24 antages.

165 798 50 21 Vice
238 800 72 24 pastor
332 798 206 21 Vesterlund:
570 798 38 21 Om
630 800 31 18 ett
676 798 185 26 petitionsförslag,
877 805 46 15 som

96 826 79 27 åsyftar
191 833 24 15 en
232 827 41 20 viss
286 826 329 26 kommunikationsförbättring,
627 826 140 21 förekommer
778 827 54 20 inom
845 830 78 23 preste-

96 855 94 24 ståndet;
208 862 33 14 om
258 856 35 20 det
309 855 88 25 bevisar,
415 857 31 19 att
462 854 120 22 förbättrad
592 855 181 21 kommunikation
786 855 39 21 kan
839 856 84 20 komma

96 883 103 21 tusentals
220 890 101 20 personer
343 884 39 20 och
405 883 48 21 hela
469 883 122 21 landsorten
608 883 32 21 till
656 884 65 26 godo;
738 884 23 20 så
777 884 40 20 kan
833 884 36 21 det
884 884 39 20 lik-

95 912 33 20 väl
144 912 43 20 låta
203 912 31 26 sig
249 912 98 25 förklara,
364 914 32 18 att
411 912 58 20 uetta
485 912 63 20 stånd
564 912 63 20 afslär
638 918 26 14 en
675 912 65 20 sådan
752 912 94 26 petition.
873 912 49 22 Men

94 940 28 21 då
137 946 24 15 en
178 941 88 25 petition
282 940 56 21 inom
354 947 80 14 samma
450 940 62 21 stånd
523 940 147 24 förekommer,
682 940 83 21 hvilken
776 941 79 27 åsyftar
869 948 52 20 upp-

94 969 87 21 förande
203 969 21 21 af
244 972 30 18 ett
289 969 93 24 skolhus,
398 975 45 15 som
460 968 74 22 länder
550 969 74 21 endast
640 970 65 24 några
718 969 139 21 hundradetal
874 976 48 20 per-

93 1003 62 15 soner
171 997 31 21 till
219 998 94 25 fromma,
331 1004 46 14 men
397 1004 45 14 som
459 997 63 21 likväl
540 998 4 19 i
561 998 31 20 sin
609 1004 48 14 mon
675 997 112 27 befrämjar
802 998 119 21 lärdomens

94 1026 38 20 och
155 1026 133 26 bildningens
311 1027 5 19 i
340 1027 46 20 vårt
408 1026 49 20 land
473 1026 117 26 framgång,
606 1026 23 20 så
645 1026 69 20 kunde
731 1032 46 14 man
794 1026 67 26 aldrig
878 1027 43 25 nöj-

93 1054 68 26 aktigt
183 1054 93 21 förklara
299 1054 51 21 eller
373 1054 99 24 försvara,
497 1057 32 18 att
552 1054 59 21 detta
626 1054 69 26 stånd,
711 1060 44 14 som
773 1054 148 22 företrädesvis

93 1087 157 22 representerar
266 1083 107 21 lärdomen
390 1083 39 21 och
445 1082 122 27 bildningen
584 1083 4 20 i
605 1083 79 25 landet,
700 1082 67 22 skulle
779 1085 100 19 motsätta
889 1084 32 26 sig

93 1114 31 18 ett
146 1112 76 20 sådant
238 1112 185 25 petitionsförslag.
454 1112 96 20 Emedan
564 1112 37 25 jag
616 1118 62 14 anser
694 1112 35 20 det
745 1118 49 14 vara
810 1111 111 27 angeläget

93 1139 39 22 och
155 1139 62 26 högst
233 1139 80 26 vigtigt,
330 1142 31 18 att
377 1140 84 21 ståndet
477 1139 117 21 bibehåller
610 1139 31 21 sin
657 1139 101 21 karaktär
774 1139 21 21 af
809 1140 111 21 vetenska-

93 1174 50 20 pens
166 1174 98 20 gynnare,
288 1169 73 20 idkare
385 1168 37 21 och
440 1170 85 23 vänner,
542 1168 22 20 så
580 1168 67 21 måste
660 1168 42 26 jag,
720 1168 87 21 oaktadt
823 1170 30 19 ett
870 1169 50 20 visst

92 1196 181 21 missförbållande
296 1197 146 26 förekommer,
466 1196 107 27 tillstyrka
594 1197 127 25 antagandet
743 1196 22 21 af
782 1196 137 21 förevarande

91 1221 216 35 petitionsmermorial.
830 1234 5 5 .

160 1281 80 21 Rektor
257 1282 166 21 Rosendal:
448 1282 41 20 Det
506 1284 23 19 är
545 1282 5 20 i
566 1281 112 27 anledning
695 1281 20 21 af
730 1282 69 25 nägot,
815 1287 44 14 som
871 1287 47 21 pro-

91 1309 66 22 fessor
180 1310 101 21 Forsman
305 1311 89 26 yttrade,
418 1317 43 14 som
484 1311 37 26 jag
541 1309 97 22 anhäller
653 1312 31 18 att
700 1309 31 21 till
747 1310 47 21 mitt
810 1309 55 21 förra
881 1317 37 14 an-

91 1339 86 20 förande
201 1341 54 18 ännu
279 1339 20 21 få
315 1339 60 26 lägga
391 1339 58 20 några
472 1339 45 20 ord.
550 1339 108 20 Professor
674 1339 101 20 Forsman
793 1345 77 18 menar,
887 1341 31 18 att

90 1367 85 21 ståndet
191 1367 64 21 borde
273 1368 76 24 afgifva
365 1370 30 17 ett
411 1367 195 21 förtroendevotum
623 1367 31 20 för
670 1367 155 20 normalskolan
843 1373 74 20 genom

90 1398 33 18 att
144 1396 67 20 såsom
236 1397 31 19 sin
291 1399 92 23 upptaga
401 1396 160 26 ifrävsavarande
579 1396 94 26 petition.
705 1395 70 21 Gäller
792 1396 35 20 det
843 1398 31 18 att
890 1395 27 20 at-

90 1424 55 25 gifva
161 1427 30 18 ett
207 1425 75 20 sådant
299 1428 77 21 votum,
392 1427 23 18 sä
432 1425 39 20 kan
486 1425 37 25 jag
539 1425 101 24 försäkra,
658 1427 31 18 att
702 1424 37 26 jag
750 1424 71 20 dervid
835 1424 17 26 ej
865 1423 52 21 skall

90 1459 49 14 vara
163 1453 38 20 den
225 1453 50 20 sista
314 1453 47 20 Men
386 1453 56 20 detta
465 1459 63 20 synes
551 1453 42 26 mig
616 1459 50 14 vara
682 1459 24 14 en
723 1452 36 21 sak
776 1453 32 20 för
824 1453 36 25 sig,
878 1452 39 21 och

90 1481 40 21 den
152 1481 60 26 fråga
235 1482 52 25 åter,
303 1488 44 14 som
365 1488 26 13 nu
408 1481 118 26 föreligger,
543 1487 25 15 en
584 1481 44 21 helt
644 1487 75 18 annan,
736 1487 24 14 en
777 1483 47 18 rent
839 1481 78 20 ekono-

90 1509 59 21 misk.
180 1510 54 20 Ville
257 1516 47 14 man
329 1509 115 22 emellertid
469 1509 49 22 med
541 1510 47 20 dess
612 1509 82 26 lösning
717 1509 98 21 förbinda
830 1511 31 19 ett
876 1509 41 20 för-

89 1538 160 21 troendevotum
266 1538 32 21 för
314 1538 163 24 normalskolan,
494 1538 94 21 önskade
602 1538 36 27 jag
654 1538 31 20 för
701 1538 42 20 min
759 1537 40 26 del,
815 1539 32 19 att
858 1537 59 21 detta

450 1346 3 7 1
