1117 1817
343 126 162 17 Presteståndet
520 127 56 16 1872.
601 127 25 17 25
639 126 59 21 april.
866 122 39 20 851

108 207 107 27 professor
231 206 111 21 Ehrström
358 206 39 21 har
411 206 51 21 baft.
486 206 46 21 När
547 213 27 14 en
588 206 57 27 gång
655 206 105 21 kriminell
773 206 163 27 preskriptions-

107 236 33 21 tid
162 235 73 25 finnes,
250 235 41 20 kan
308 235 34 27 jag
357 234 46 22 icke
418 235 68 20 förstå
502 237 66 19 annat
586 237 26 18 än
628 237 32 19 att
676 235 26 20 de
718 235 62 21 civila
794 235 142 26 rättsansprå-

108 265 42 20 ken
172 263 68 22 måste
263 263 51 27 följa
337 263 127 21 densamma.
495 263 42 21 Det
560 269 62 21 synes
641 263 43 27 mig
699 263 70 22 såsom
785 269 33 15 om
835 263 36 21 det
885 269 50 15 vore

108 294 33 19 ett
163 292 128 27 fullkomligt
305 292 85 26 gäckeri
406 292 48 21 med
469 292 49 21 hela
535 292 39 21 den
590 292 24 21 af
627 293 61 25 lagen
704 292 111 21 bestämda
829 291 106 27 preskrip-

108 321 122 24 tionstiden,
247 320 26 21 då
289 327 25 14 en
330 327 76 20 person
422 321 67 20 under
505 327 26 14 en
547 327 70 14 annan
632 321 74 20 rubrik
722 321 46 20 åter
783 321 68 20 skulle
864 321 71 20 kunna

108 350 87 26 bringas
217 349 55 21 inför
293 351 56 19 rätta
372 349 39 21 och
434 349 53 21 hans
507 349 101 21 förseelse
624 349 51 21 eller
690 349 105 21 förmenta
810 349 125 26 förbrytelse

106 378 30 21 då
158 378 72 21 kunna
251 378 130 21 undersökas
400 377 38 22 och
454 377 110 27 granskas.
594 378 43 21 Det
652 378 66 26 gifver
733 378 75 21 endast
823 377 112 26 anledning

109 407 31 21 till
163 407 120 26 kittslighet
305 406 39 21 och
367 406 163 27 hämndlystnad
554 408 33 19 att
607 407 90 20 sålunda
713 407 66 26 draga
794 409 23 18 ut
833 407 26 25 på
875 406 58 21 tiden

108 436 55 21 ända
179 435 31 21 till
226 436 41 21 den
283 435 51 20 sista
349 435 85 26 möjliga
449 435 113 27 terminen,
577 441 46 15 som
639 435 66 21 finnes
718 435 33 21 för
761 435 26 21 de
798 435 61 21 civila
871 436 60 19 rätts-

108 465 131 26 anspråkens
261 464 161 26 giltiggörande.
453 464 31 20 En
505 470 77 20 person
597 464 41 23 kan
656 464 85 21 komma
756 464 54 21 fram
826 463 46 21 med
889 463 45 21 sina

108 493 131 26 påståenden
255 492 63 21 sedan
335 509 4 7 ,
341 493 33 24 de
390 492 116 21 tilltalades
522 492 141 21 försvarsskäl
679 493 22 20 af
712 493 31 20 tid
754 492 39 21 och
804 492 128 26 omständig-

107 521 60 21 heter
190 521 81 21 kunnat
292 521 113 25 försvinna,
429 521 137 26 hvarigenom
589 521 137 26 brottslighet
748 521 81 20 kunnat
844 520 89 21 finnas
922 516 14 36 i

108 549 80 22 sådana
203 550 118 25 gerningar,
338 549 77 25 hvilka,
431 551 6 19 i
453 550 31 20 sin
501 550 75 26 början
593 550 92 26 åtalade,
699 549 70 21 blifvit
780 549 33 21 för
824 549 109 27 oskyldiga

107 578 113 25 ansedda",
236 578 39 21 och
292 580 37 19 när
344 579 23 20 så
379 579 49 20 sker
438 579 42 20 kan
492 578 42 21 han
547 578 46 21 icke
604 579 68 20 väcka
682 578 69 27 någon
763 578 170 21 rekonventions-

106 607 66 21 talan.
202 607 30 27 Ty
248 607 39 20 den
303 607 65 21 andre
384 607 41 20 kan
440 609 62 24 säga:
518 607 47 21 icke
582 607 38 20 har
634 607 36 26 jag
686 607 56 21 velat
759 607 80 20 tilltala
856 607 76 20 honom

107 635 34 22 för
163 635 62 24 brott,
246 636 36 26 jag
304 635 48 21 ville
376 635 54 22 blott
452 635 22 21 få
489 638 25 18 ut
529 636 43 20 min
588 635 86 22 fordran
692 635 38 22 och
747 635 35 22 det
797 637 24 19 är
835 635 76 21 endast
926 635 7 20 i

107 665 40 20 den
170 664 70 27 afsigt,
263 670 44 15 som
333 671 27 13 nu
383 664 51 20 hans
455 664 137 26 brottslighet
608 665 90 20 kommit
714 664 31 21 till
762 664 46 21 tals.
839 664 44 20 När
898 664 35 20 det

106 692 45 22 ofta
173 692 67 27 gäller
263 692 120 27 obetydliga
398 692 208 27 fordringsanspråk,
624 694 34 20 vet
671 692 36 27 jag
722 693 45 21 icke
783 692 86 21 hvarför
883 698 49 14 man

107 727 58 15 mera
181 723 81 19 ömmar
277 721 32 21 för
325 722 40 20 den
382 728 50 14 enas
444 722 125 26 penningar,
582 723 26 19 än
619 721 33 21 för
662 722 39 20 den
715 722 78 20 andras
803 721 55 26 goda
870 726 63 15 namn

107 750 38 21 och
162 750 67 26 rykte.
252 750 29 26 Ty
298 750 35 20 det
348 750 41 20 kan
406 750 70 20 hända
491 752 33 19 att
539 750 41 20 han
596 750 46 20 icke
658 752 27 18 är
699 750 105 26 brottslig,
817 752 50 18 utan
878 748 55 22 blott

105 778 94 22 förment
222 778 82 27 skyldig
321 778 39 21 och
376 778 118 22 emellertid
510 780 24 19 är
549 779 42 21 han
607 781 69 18 utsatt
691 778 34 21 för
740 778 38 21 allt
793 778 36 21 det
844 778 89 26 obehag,

106 813 45 15 som
174 813 25 15 en
216 807 104 21 kriminell
338 807 158 26 undersökning
512 807 91 25 medför;
621 807 39 21 och
676 808 69 20 såsom
761 807 36 21 det
812 806 66 24 heter,
895 806 38 21 all-

106 836 30 20 tid
153 836 81 20 fastnar
249 836 36 20 det
300 836 35 20 vid
350 836 168 26 smutskastning
534 836 82 20 ändock
633 836 64 26 något
713 835 27 27 på
755 841 110 21 personen,
877 835 56 26 isyn-

106 864 75 21 nerhet
197 871 33 14 om
246 864 115 21 förseelsen
377 864 40 21 har
432 864 114 26 försiggått
565 866 24 20 10
605 864 24 21 år
645 864 58 21 förut
716 864 39 21 och
767 864 25 21 de
803 864 130 26 omständig-

106 893 67 25 heter,
197 899 45 15 som
258 892 68 22 skulle
342 893 62 21 hafva
420 893 81 21 kunnat
517 893 71 27 hjelpa
604 893 78 21 honom
698 899 25 15 ur
739 893 52 21 hans
807 892 126 26 obehagliga

106 922 108 26 situation,
236 921 62 21 hafva
313 921 55 21 fallit
383 922 49 20 bort
447 928 25 14 ur
488 922 81 20 minnet
586 922 54 20 både
656 922 38 20 hos
711 922 77 20 honom
805 921 38 21 och
859 921 73 20 andra.

104 950 42 27 Jag
162 956 61 15 anser
239 950 82 21 derföre
337 950 38 21 allt
390 950 138 26 fortfarande,
548 952 39 22 att,
604 950 38 21 der
657 956 25 15 en
698 949 185 27 preskriptionstid
900 948 33 22 för

106 978 101 22 brottmål
230 978 73 27 finnes,
326 979 39 20 bör
388 979 47 21 med
453 979 69 21 denna
538 979 41 21 den
595 979 61 21 civila
672 978 212 27 preskriptionstiden
900 977 32 21 öf-

104 1009 172 19 verensstämmä.

173 1064 84 21 Doktor
279 1064 173 27 Hornborg:
484 1064 90 22 Prosten
598 1064 122 27 Rosengren
745 1063 122 22 framstälde
884 1063 49 21 mitt

104 1093 28 27 pä
147 1092 146 27 förmiddagen
308 1092 79 28 afgifna
402 1094 100 26 yttrande
518 1093 6 21 i
540 1094 40 20 den
596 1093 73 26 dager,
685 1092 69 22 säsom
770 1098 33 15 om
817 1092 36 26 jag
863 1092 68 20 skulle

106 1121 61 21 hafva
190 1122 57 20 velat
269 1121 95 21 förmena
388 1122 151 26 mälsäganden
562 1123 33 19 att
612 1121 82 21 erhälla
709 1120 126 21 skadeständ
853 1120 33 21 för
901 1122 31 19 ett

105 1150 107 26 verkligen
236 1149 103 28 begänget
362 1150 64 21 brott.
458 1150 44 27 Mig
525 1150 63 21 torde
611 1156 51 15 vara
684 1149 80 22 tillätet
787 1151 32 18 att
833 1149 100 26 päminna

104 1179 80 26 derom,
207 1180 33 19 att
261 1179 35 20 det
318 1179 46 20 icke
388 1185 36 14 var
447 1178 61 27 fråga
524 1185 34 14 om
574 1180 32 19 ett
621 1178 110 26 verkligen
747 1177 104 26 begånget
866 1177 65 26 brott,

104 1210 51 18 utan
177 1213 32 14 om
234 1207 79 20 sådana
331 1207 48 27 mål,
395 1207 37 21 der
448 1207 83 21 brottet
546 1207 116 26 ingalunda
677 1213 37 14 var
729 1205 136 28 ädagalagdt,
880 1208 52 18 utan

104 1235 106 22 måhända
225 1235 69 22 kunde
310 1242 51 14 vara
376 1236 104 27 fingeradt
496 1236 76 21 endast
587 1236 33 21 för
635 1238 32 18 att
683 1235 156 21 tillfredsställa
850 1233 81 22 enskild

104 1265 69 20 hämd.
205 1264 82 26 Tillika,
307 1264 67 21 ehuru
387 1265 37 26 jag
439 1264 67 27 ansäg
522 1265 42 26 mig
578 1264 57 21 helst
651 1264 52 21 böra
719 1263 75 21 förena
808 1263 43 26 mig
866 1263 6 20 i
889 1263 43 26 lag-

104 1299 48 15 man
178 1292 115 27 Cajanders
315 1293 138 25 reservation,
478 1293 113 27 uppstälde
612 1293 37 26 jag
672 1295 31 18 ett
725 1294 66 19 annat
812 1291 119 25 alternativ,

104 1321 119 27 nämnligen
239 1321 7 21 i
261 1321 36 22 det
312 1321 61 28 syfte,
389 1324 38 22 att,
443 1321 7 21 i
466 1322 102 21 händelse
579 1321 37 21 det
626 1321 131 26 högvördiga
769 1320 84 21 ständet
864 1319 67 22 skulie

103 1351 57 20 finna
182 1350 33 21 för
230 1350 51 26 godt
295 1352 32 19 att
343 1350 90 21 omfatta
448 1351 118 20 utskottets
582 1350 135 21 betänkande
733 1349 70 21 säsom
818 1349 44 24 sitt,
877 1348 7 21 i
899 1348 33 21 sä-

104 1379 51 21 dant
177 1378 37 21 fall
236 1379 44 26 just
304 1379 31 20 till
358 1379 158 27 förebyggande
540 1379 22 21 af
583 1379 101 21 chikaner
702 1379 31 20 ett
749 1378 75 26 tillägg
839 1377 32 21 till
887 1377 45 20 det-

103 1413 82 15 samma
208 1413 49 15 vore
279 1407 137 27 nödvändigt,
439 1407 122 27 nämnligen
583 1414 26 14 en
632 1407 132 26 häntydning
783 1412 33 15 om
833 1411 25 16 cn
874 1405 58 26 dylik

104 1436 125 27 anklagares
250 1436 121 27 skyldighet
393 1438 33 19 att
448 1436 78 21 stända
548 1442 78 15 ansvar
650 1435 65 27 enligt
730 1434 151 26 förordningen
897 1439 34 15 om

102 1464 164 27 ärekränkning,
289 1464 88 21 emedan
401 1465 35 20 det
459 1465 43 20 kan
524 1471 53 14 vara
600 1471 25 14 en
647 1464 93 26 bagatell
757 1463 34 21 för
806 1463 77 21 honom
899 1463 33 20 att

102 1493 69 27 plikta
193 1495 14 19 t.
230 1499 31 15 ex.
283 1493 34 20 för
333 1493 237 27 rättegängsmissbruk.
601 1493 43 20 För
660 1492 64 27 öfrigt
740 1492 39 21 har
794 1492 137 25 domprosten

102 1521 89 22 Renvall
206 1521 47 22 med
269 1521 85 22 talande
370 1522 47 21 skäl
433 1522 69 27 belyst
520 1522 41 21 den
576 1522 73 21 saken.
680 1521 39 26 Jag
735 1527 50 15 vore
801 1519 65 22 ocksä
881 1519 50 27 böjd
