1117 1817
223 154 42 21 840
434 158 160 18 Presteständet
606 160 55 16 1872.
686 160 25 16 25
724 159 60 21 april.

194 239 82 22 barnet.
307 239 47 21 Den
376 239 74 26 fattiga
471 238 90 27 gvinnan
578 239 32 20 fär
625 238 82 21 således
723 245 72 14 ensam
813 239 64 26 draga
893 238 82 26 försorg
990 243 34 16 om

195 268 76 21 barnet
294 268 38 21 och
356 267 90 22 förlorar
468 267 41 21 alla
524 267 148 26 rättsanspråk
689 273 34 14 om
741 267 112 21 underhåll
869 267 22 21 af
905 267 72 21 fadren
993 266 33 21 för

194 297 37 21 sitt
255 297 60 23 barn,
337 296 39 21 och
400 296 42 21 ofta
465 295 61 22 faller
546 295 77 22 barnet
636 296 44 26 just
697 295 122 23 härigenom
835 295 141 27 fattigvården
993 295 31 21 till

193 325 48 21 last.
273 325 48 21 Men
345 325 95 21 deremot
462 324 74 25 skulle,
560 328 45 17 tror
626 324 42 27 jag,
687 325 7 20 i
710 323 36 22 fall
763 330 26 15 en
805 324 184 27 preskriptionstid
1005 323 22 22 af

197 354 25 21 10
245 354 26 21 år
293 353 52 26 egde
367 359 53 17 rum,
442 353 50 21 flere
515 353 127 20 skandalösa
662 353 145 26 rättegångar,
823 359 45 14 som
885 359 27 14 nu
928 353 97 25 existera,

194 382 98 27 upphöra
315 381 51 22 eller
388 382 126 21 åtminstone
537 381 127 21 förminskas
679 381 38 21 och
733 381 62 21 äfven
812 382 76 25 många
903 381 66 21 andra
982 381 43 21 olä-

195 410 102 27 genheter
319 410 121 26 derigenom
463 409 87 27 afböjas.
582 409 44 22 När
649 410 75 21 barnet
740 409 41 21 blir
798 410 25 21 10
839 410 24 20 år
878 409 107 27 gammalt,
1002 411 24 19 är

195 439 37 21 det
248 439 64 21 redan
328 439 23 21 så
366 441 60 23 stort,
442 441 32 18 att
489 438 87 21 modren
592 437 41 22 lätt
649 438 40 21 kan
705 438 126 21 underhålla
847 438 36 21 det
899 438 39 21 och
953 437 72 22 fadren

195 467 68 22 skulle
287 468 63 20 också
373 467 96 26 troligen,
494 467 5 20 i
522 466 35 21 fall
581 467 40 20 han
639 467 69 20 kunde
724 466 83 27 tvingas
823 466 69 21 dertill
909 473 75 20 genom
1000 472 25 15 en

197 496 74 26 längre
286 496 30 21 tid
333 498 25 19 än
375 496 12 20 2
403 496 29 26 år,
448 496 17 26 ej
482 501 74 20 genom
574 495 94 25 svekliga
684 495 104 21 lockelser
803 495 24 22 så
838 495 40 21 lätt
889 495 137 26 undandraga

197 525 30 26 sig
243 525 32 20 sin
293 524 124 27 ovilkorliga
432 523 119 28 skyldighet
564 524 5 20 i
586 523 60 21 detta
661 523 99 22 afseende
785 537 24 2 —
828 524 41 21 Det
884 523 67 22 finnes
963 523 63 22 också

197 553 67 21 andra
287 553 35 21 fall
345 553 6 20 i
375 552 109 21 enahanda
506 552 63 27 syfte;
593 552 39 21 och
653 553 36 26 jag
712 553 73 26 tycker
801 555 32 18 att
849 553 36 20 det
899 554 25 19 är
939 551 87 22 alldeles

198 581 85 22 rättvist
306 583 31 19 att
361 581 46 24 den,
430 587 45 15 som
497 587 75 20 genom
596 583 31 18 ett
650 581 58 20 brott
731 583 40 23 gör
789 581 66 21 skada
870 582 22 20 åt
908 587 25 14 en
949 587 76 20 annan,

197 610 64 21 också
286 610 127 21 åtminstone
436 609 44 24 bör,
504 609 66 21 likaså
586 609 33 21 väl
634 615 45 15 som
696 615 25 15 en
737 615 70 15 annan
822 609 108 27 gäldenär,
946 611 80 19 ersätta

198 639 40 20 den
262 639 72 24 skada,
358 644 44 15 som
426 638 40 21 han
490 637 99 27 tillfogar,
613 638 72 21 såvida
704 638 40 21 han
762 639 72 20 derom
851 638 90 27 lagligen
958 637 68 21 öfver-

196 670 65 23 tygas.
293 667 62 21 Hvad
370 667 39 20 här
423 667 93 25 återigen
532 666 38 21 har
587 666 67 21 blifvit
670 667 87 20 nämndt
774 673 34 14 om
824 669 31 18 att
871 673 25 15 en
912 666 114 21 skandalös

196 696 112 25 rättegång
322 695 65 21 borde
403 694 92 22 medföra
512 694 152 21 rekonvention
682 695 65 25 enligt
763 695 151 26 författningen
930 700 33 15 om
980 696 44 19 äre-

196 724 126 26 kränkning,
345 724 23 20 så
389 726 24 18 är
428 724 35 20 det
479 722 101 26 naturligt
596 726 32 18 att
644 730 24 14 en
686 729 83 20 person,
787 730 33 14 om
837 724 35 20 det
887 723 91 23 utredes,
994 725 33 19 att

196 752 41 21 han
254 752 105 27 oskyldigt
375 752 68 21 blifvit
458 752 67 25 kräfd,
540 752 33 20 för
589 752 40 20 den
646 752 55 20 skull
717 752 42 20 kan
775 752 52 26 yrka
843 753 27 26 på
885 758 82 15 ansvar.

266 809 111 21 Professor
392 809 175 21 Ehrström:
598 809 41 26 Jag
657 808 39 22 har
711 808 30 22 till
759 809 42 21 min
818 809 75 26 fägnad
910 810 65 20 redan
991 808 32 22 till

197 840 69 19 större
289 838 60 21 delen
373 838 67 20 blifvit
461 838 144 20 förekommen
629 838 23 20 af
672 837 78 21 doktor
770 837 112 27 Alopaeus,
898 838 6 20 i
920 837 55 21 hvad
987 837 37 27 jag

197 867 90 21 ämnade
303 868 54 24 säga.
389 866 41 21 Det
445 872 60 20 synes
522 866 41 26 mig
579 872 49 14 vara
644 866 86 21 alldeles
746 866 62 24 klart,
825 867 70 20 såsom
911 866 64 21 också
992 869 32 17 ut-

197 896 81 20 skottet
294 895 5 20 i
313 896 37 20 sitt
365 895 132 21 betänkande
513 894 128 25 framhåller,
658 897 32 18 att
701 894 39 21 den
752 894 86 22 fordran
850 896 27 25 på
887 894 136 25 skadestånd,

197 930 45 14 som
259 930 25 14 en
300 930 82 20 person,
398 923 83 21 hvilken
496 929 74 19 genom
587 926 31 18 ett
634 923 58 21 brott
707 923 46 21 lidit
769 923 73 25 skada,
858 923 120 27 derigenom
993 930 31 14 er-

199 952 73 24 håller,
296 955 23 18 är
334 951 21 21 af
371 952 152 27 privaträttslig
540 954 68 22 natur,
625 952 38 20 och
680 955 31 17 att
727 952 47 25 den,
791 952 67 20 ehuru
873 952 32 20 till
921 953 36 19 sitt
973 958 51 20 upp-

199 980 36 22 hof
257 980 56 22 olika
335 981 65 20 andra
423 980 59 22 civila
504 980 125 27 fordringar,
645 980 64 21 likväl
725 983 22 18 är
764 987 25 14 en
805 980 40 21 den
862 980 105 22 enskildes
983 980 41 21 for-

199 1009 58 24 dran,
282 1009 82 21 hvilken
388 1009 40 21 han
452 1009 38 21 bör
513 1010 70 20 kunna
604 1008 20 22 få
647 1011 51 24 göra
713 1008 100 27 gällande
829 1009 38 21 och
884 1009 83 21 hvilken
984 1009 40 21 den

199 1037 110 27 brottslige
325 1038 68 20 såsom
409 1038 107 26 gäldenär,
532 1038 89 20 likasom
638 1038 71 25 hvarje
726 1044 68 14 annan
811 1037 107 27 gäldenär,
935 1040 24 18 är
969 1038 56 26 skyl-

199 1066 34 26 dig
255 1069 31 18 att
308 1066 110 21 honorera.
447 1066 41 21 Vid
509 1066 75 21 sådant
600 1066 131 21 förhållande
747 1072 62 21 synes
826 1066 40 25 mig
883 1066 63 21 också
962 1066 62 26 ingen

197 1095 84 21 skilnad
297 1095 5 19 i
318 1094 97 22 afseende
430 1096 12 20 å
458 1094 63 26 tiden,
541 1095 56 20 inom
615 1094 83 21 hvilken
715 1094 68 22 denna
799 1094 85 21 fordran
901 1095 38 20 bör
955 1095 20 21 få
990 1099 34 17 ut-

199 1124 70 25 sökas,
292 1123 52 21 böra
366 1123 84 21 komma
466 1123 71 26 ifråga.
568 1123 42 20 Det
626 1125 66 18 sättes
707 1123 122 26 visserligen
845 1123 72 26 ifråga,
931 1123 40 21 och
986 1123 39 21 har

199 1152 60 21 äfven
275 1152 6 20 i
297 1152 40 25 dag
353 1151 22 21 af
389 1151 133 26 domprosten
541 1151 88 21 Renvall
646 1154 53 18 satts
715 1152 5 19 i
736 1151 67 26 fråga,
819 1154 32 18 att
867 1155 30 18 ett
913 1151 64 26 brott,
994 1158 30 15 se-

199 1180 40 21 dan
263 1180 36 21 det
321 1181 82 25 engång
424 1186 75 20 genom
523 1180 97 21 kriminel
636 1180 142 27 preskription
795 1180 92 27 upphört
903 1183 32 18 att
950 1182 76 24 utgöra

198 1208 89 22 föremål
310 1209 31 20 för
363 1208 43 21 åtal
422 1208 6 21 i
443 1208 97 21 afseende
555 1209 13 20 å
584 1207 143 28 bestraffning,
743 1208 84 21 derföre
843 1209 17 26 ej
877 1209 66 20 heller
959 1209 67 20 borde

199 1237 20 21 få
242 1239 75 25 utgöra
340 1237 86 21 föremål
448 1237 33 20 för
496 1237 156 26 undersökning
668 1237 6 20 i
690 1237 98 21 afseende
803 1237 13 21 ä
832 1237 158 21 bestämmande
1004 1238 21 20 at

199 1266 128 27 ersättnings
341 1265 123 27 skyldighet.
496 1265 48 22 Men
561 1266 58 21 detta
634 1265 42 21 kan
692 1266 33 26 jag
741 1265 32 21 för
789 1266 41 21 min
847 1266 32 20 del
896 1265 17 26 ej
931 1272 49 15 anse
992 1266 34 21 så-

199 1301 44 14 som
268 1297 70 22 annat,
362 1297 25 18 än
412 1300 24 15 en
460 1294 133 27 besynnerlig
611 1294 181 21 sentimentalitet.
824 1294 49 21 Man
887 1296 24 19 är
926 1295 52 20 rädd
994 1296 33 19 att

200 1329 50 14 oroa
267 1323 38 21 den
322 1323 95 21 stackars
432 1322 146 27 brottslingen,
594 1322 32 21 för
642 1325 32 18 att
689 1323 66 20 förmå
771 1322 77 21 honom
865 1325 31 18 att
911 1324 52 25 göra
975 1325 49 22 rätt,

200 1351 103 27 nemligen
326 1354 31 18 att
375 1353 78 19 ersätta
468 1351 46 24 den,
531 1357 45 15 som
592 1357 76 20 genom
684 1351 51 21 hans
752 1351 59 21 brott
826 1351 46 21 lidit
886 1351 75 25 skada;
978 1357 47 15 men

200 1386 48 15 man
272 1382 38 24 gör
325 1380 31 26 sig
371 1380 18 26 ej
406 1380 63 26 något
485 1384 93 17 samvete
596 1379 22 21 af
632 1382 32 19 att
680 1379 32 21 för
728 1380 39 21 den
785 1380 82 21 lidande
883 1379 84 22 afskära
982 1381 45 19 rät-

200 1409 94 26 tigheten
311 1412 31 17 att
358 1408 62 21 blitva
435 1408 112 27 godtgjord
563 1408 32 21 för
611 1409 39 20 den
667 1408 82 24 förlust,
767 1408 40 21 han
824 1408 51 21 lidit.
907 1408 42 21 Det
965 1410 23 19 är
1000 1414 26 15 en

200 1437 63 26 logik,
280 1443 45 15 som
341 1437 105 20 förefaller
462 1437 40 26 mig
517 1437 80 26 ganska
613 1437 138 26 besynnerlig.
783 1437 44 20 Här
842 1437 39 21 har
896 1437 39 20 ock
951 1439 53 19 satts
1018 1437 7 20 i

200 1465 65 27 fråga,
289 1468 31 19 att
343 1465 127 25 antagandet
492 1465 20 21 af
528 1465 144 21 betänkandet
688 1465 70 21 kunde
774 1465 109 21 föranleda
899 1465 128 22 skandalösa

200 1500 115 20 processer.
346 1493 82 22 Doktor
443 1493 105 27 Alopaeus
561 1494 39 21 har
614 1494 65 21 redan
697 1494 74 26 vigtigt
788 1493 121 26 framhållit,
925 1494 99 21 hurusom

201 1523 36 20 vår
261 1523 129 26 lagstiftning
410 1522 65 26 gifver
497 1522 99 21 domaren
621 1522 79 28 medel
712 1525 31 18 att
758 1523 23 20 åt
797 1523 46 25 den,
860 1529 44 14 som
920 1522 64 27 yrkar
999 1523 28 26 på

200 1551 159 24 rekonvention,
382 1550 55 27 gifva
460 1550 36 21 full
519 1551 137 26 upprättelse.
687 1551 65 21 Äfven
777 1551 93 21 önskade
888 1551 36 26 jag
937 1551 20 21 få
972 1551 55 21 fästa
