1117 1817
224 118 41 21 692
436 121 162 18 Presteståndet
612 122 55 17 1872.
694 122 22 17 16
729 122 60 21 april

194 202 34 22 till
243 202 146 25 Österbotten,
405 208 48 15 men
470 202 49 21 med
534 202 41 21 den
592 202 115 25 skilnaden,
725 204 32 19 att
768 202 40 21 den
820 202 64 21 södra
894 202 131 24 stambanan,

195 231 70 22 såsom
287 230 146 28 projekteradt
449 232 31 23 är,
496 229 54 22 först
565 229 69 22 skulle
648 230 65 21 blifva
728 230 76 27 färdig.
835 230 108 27 Föröfrigt
957 229 69 22 skulle

192 260 37 27 jag
244 259 74 22 förena
333 259 42 26 mig
390 259 48 21 med
454 259 55 25 dem,
524 265 45 15 som
585 259 63 26 yrkat
663 260 27 25 pä
705 259 100 21 ärendets
821 259 155 27 hänskjutande
992 258 33 21 till

195 288 162 21 statsutskottet
373 287 132 22 beträffande
520 287 80 22 medels
616 288 115 21 anvisande
747 288 33 21 till
791 288 41 21 den
843 287 118 28 föreslagna
969 287 55 27 jern-

195 319 79 25 vägens
290 316 115 27 byggande.

265 373 153 27 Kyrkoherden
440 373 146 21 Järnefelt:
618 373 70 21 Också
707 373 38 26 jag
768 373 40 21 har
827 373 69 21 såsom
913 373 112 22 medlem
1011 369 18 35 i

195 402 108 21 allmänna
318 401 194 22 besvärsutskottet
528 400 112 23 uraktlåtit
656 404 32 19 att
703 402 86 21 anmäla
799 402 129 21 reservation
939 402 6 21 i
957 402 68 21 denna

195 430 61 27 fråga
271 430 7 21 i
294 431 35 20 det
345 430 60 27 syfte,
422 436 45 15 som
484 430 45 21 vice
544 433 74 24 pastor
633 430 67 21 Lilius
716 430 72 21 anfört
803 431 39 20 och
859 430 22 21 af
889 437 80 14 samma
978 430 46 21 skäl

197 465 46 15 som
265 459 49 21 han.
345 459 49 21 Men
409 459 37 27 jag
461 459 63 20 utber
539 459 43 26 mig
597 461 31 18 att
644 460 27 25 på
687 459 36 21 det
737 465 107 15 varmaste
860 459 21 20 få
896 459 72 21 förena
982 459 43 26 mig

197 488 8 21 i
220 487 27 22 de
261 488 86 27 åsigter,
363 494 45 15 som
423 487 74 22 rektor
512 487 97 28 Hallstén
625 487 40 22 och
680 487 45 21 vice
739 490 75 24 pastor
830 487 65 22 Lilius
910 490 66 25 yttrat
991 494 34 15 om

195 517 126 26 jernvägens
337 516 147 27 utsträckning
500 516 32 21 till
548 516 145 24 Österbotten,
709 516 100 21 hvarföre
822 516 37 27 jag
869 517 107 20 vördsamt
989 523 35 14 an-

197 545 74 25 håller,
287 547 32 19 att
335 545 83 21 ståndet
433 545 35 21 må
484 544 55 21 fästa
554 545 99 21 afseende
664 545 27 26 på
702 545 25 20 de
739 545 22 21 af
770 545 91 21 nämnde
871 545 67 21 talare
950 545 75 27 gjorda

197 573 181 27 slutpåståenden.
409 573 41 21 För
474 573 64 27 öfrigt
560 573 125 22 instämmer
704 573 37 27 jag
765 573 65 22 också
845 574 47 21 med
909 574 26 21 de
949 574 75 25 talare,

197 608 45 15 som
258 602 63 27 yrkat
335 603 27 26 på
377 602 75 21 remiss
468 601 32 22 till
516 602 168 21 statsutskottet.

267 659 90 21 Prosten
381 659 167 21 Durchman:
579 659 33 21 Då
631 659 37 26 jag
690 659 38 21 har
748 659 75 27 begärt
839 660 61 20 ordet
915 659 35 21 vid
965 660 59 20 detta

197 688 90 26 tillfälle,
310 688 24 21 så
355 688 40 20 har
418 688 36 20 det
477 688 57 20 skett
557 688 76 20 endast
648 688 32 20 för
696 690 31 18 att
743 688 86 21 bemöta
845 690 31 19 ett
890 688 98 26 yttrande
1003 688 24 20 af

197 716 78 22 doktor
290 716 119 27 Hornborg.
440 716 48 22 Han
503 716 95 25 menade,
614 718 32 20 att
662 716 80 21 utrikes
759 716 27 26 på
801 716 57 21 frakt
873 717 98 26 seglande
982 716 44 21 far-

197 747 37 25 tyg
255 745 18 27 ej
293 745 68 21 skulle
378 748 59 24 tagas
453 745 7 21 i
476 744 141 22 betraktande
633 744 35 21 vid
684 746 166 25 ötvervägandet
865 745 23 21 af
899 745 125 27 jernvägens

197 774 116 26 byggande.
344 774 60 21 Efter
427 774 48 20 mitt
497 774 61 26 ringa
580 773 96 21 förstånd
699 775 24 19 är
746 774 36 20 det
801 774 46 26 just
861 774 162 26 fartygsredare,

196 802 123 27 isynnerhet
335 803 32 25 de,
384 802 82 21 hvilkas
482 802 69 27 fartyg
561 802 57 26 segla
632 802 27 27 på
671 802 82 21 utrikes
764 802 65 26 frakt,
843 808 44 15 som
899 802 52 21 böra
963 802 62 26 lägga

197 831 107 27 synnerlig
319 831 44 27 vigt
378 831 7 21 i
400 830 114 28 vågskålen
530 831 35 20 vid
581 830 164 22 bedömmandet
761 831 22 21 af
797 832 70 20 denna
881 832 44 20 sak.
949 830 29 27 Ty
989 836 34 16 om

196 860 70 26 någon
283 860 79 21 rörelse
377 860 7 20 i
399 860 73 20 landet
487 859 73 22 finnes,
577 865 44 15 som
637 860 128 26 importerar
780 860 125 26 penningar,
920 860 24 20 så
954 861 23 19 är
988 860 36 20 det

194 888 45 27 just
262 888 69 22 denna
353 887 173 28 sjöfartsrörelse,
542 894 45 15 som
604 888 82 21 således
701 888 7 20 i
724 888 40 21 den
781 888 60 22 delen
858 888 41 21 kan
915 888 109 21 betraktas

196 917 33 21 för
250 917 83 21 landets
349 917 78 25 moder,
444 917 28 21 då
487 917 95 21 deremot
598 923 75 20 genom
690 917 89 25 mången
795 923 70 15 annan
880 917 79 21 rörelse
973 922 50 20 pen-

196 946 76 26 ningar
294 945 31 21 till
348 948 45 18 stor
415 945 32 21 del
471 945 79 21 drifvas
572 948 30 18 ut.
632 945 75 21 Ibland
729 946 80 20 sådana
823 945 201 27 penningsamlande

196 974 73 21 städer
291 976 24 19 är
336 974 40 21 den
391 974 43 21 lilla
450 974 75 21 staden
541 974 119 21 Brahestad
676 980 87 15 numera
780 981 33 20 en,
829 974 62 21 hvars
907 974 67 26 fartyg
990 980 33 20 ge-

196 1009 49 15 nom
267 1003 81 21 utrikes
363 1003 81 21 frakter
460 1002 56 21 inför
531 1002 90 27 troligen
638 1003 25 21 de
679 1005 67 19 mesta
761 1003 123 27 penningar.
915 1002 73 22 Ehuru
1004 1002 18 27 ej

196 1031 150 27 redogörelsen
367 1031 32 21 för
419 1034 75 24 export
517 1031 39 21 och
579 1032 79 26 import
679 1032 81 20 utvisar
782 1034 65 18 annat
863 1033 26 19 än
905 1033 32 19 att
952 1031 72 21 landet

196 1060 68 21 skulle
286 1060 85 21 komma
392 1060 7 21 i
422 1060 83 25 förlust,
528 1060 24 21 så
576 1060 66 21 måste
666 1060 35 21 det
717 1060 82 21 ändock
816 1060 67 21 finnas
898 1060 65 26 något
978 1066 45 14 som

196 1088 68 22 håller
287 1090 36 20 det
345 1095 62 21 uppe.
437 1088 10 21 I
466 1088 64 27 öfrigt
545 1088 59 22 delar
617 1088 37 28 jag
669 1095 80 15 samma
765 1089 65 21 tanke
845 1089 90 21 rörande
950 1088 74 27 sjelfva

195 1117 73 24 saken,
285 1124 44 14 som
343 1118 36 25 jag
395 1118 63 20 också
473 1117 7 20 i
496 1117 37 26 går
548 1118 84 25 yttrade
643 1117 39 21 och
696 1117 84 21 hvilken
792 1118 157 25 professorerne
960 1117 63 20 Fors-

196 1152 49 15 man
265 1146 39 21 och
321 1145 62 22 Cleve
398 1145 83 24 uttalat,
498 1145 39 22 och
553 1145 87 21 framför
656 1145 38 22 allt
709 1146 85 21 förenar
807 1146 36 27 jag
858 1146 43 26 mig
916 1145 47 21 med
978 1145 45 21 vice

195 1177 74 24 pastor
292 1174 66 21 Lilius
377 1174 39 21 och
432 1174 73 21 rektor
520 1174 97 21 Hallstén
634 1174 39 21 och
688 1174 65 27 yrkar
767 1175 28 26 på
810 1175 77 20 sakens
902 1173 73 22 remiss
991 1173 32 22 till

195 1203 167 21 statsutskottet.

264 1260 90 21 Prosten
371 1260 147 26 Grönberg
533 1259 71 22 afstod
619 1259 47 22 från
682 1260 67 21 ordet.

264 1317 84 21 Doktor
371 1317 161 27 Hornborg:
562 1317 41 26 Jag
623 1317 68 21 finner
706 1319 32 19 att
753 1319 32 19 ett
801 1317 22 21 af
837 1317 57 21 mina
909 1316 113 27 yttranden

195 1345 70 22 blifvit
280 1346 141 21 missförstådt
436 1345 23 22 af
473 1349 31 18 ett
518 1352 40 21 par
570 1345 74 26 talare,
656 1346 39 21 och
706 1346 27 21 då
746 1346 36 21 det
794 1345 99 27 möjligen
906 1346 41 20 kan
960 1345 62 21 hafva

195 1374 70 21 blifvit
287 1375 141 21 missförstådt
450 1374 62 21 äfven
536 1375 22 20 af
578 1375 74 24 andra,
675 1374 24 21 så
713 1374 37 21 vill
763 1374 37 27 jag
816 1373 159 28 tillkännagifva
990 1376 32 18 att

195 1403 36 21 det
246 1403 115 27 ingalunda
375 1409 38 15 var
427 1403 43 21 min
486 1403 64 26 afsigt
565 1405 33 19 att
612 1403 93 26 förringa
720 1403 71 26 vigten
808 1403 23 20 af
844 1403 26 21 de
883 1402 138 27 sifferuppgif-

194 1433 39 24 ter,
250 1438 45 15 som
311 1432 73 21 rektor
399 1431 97 22 Hallstén
512 1431 77 28 anfört,
604 1434 52 19 utan
667 1431 75 22 endast
753 1433 32 19 att
795 1431 109 25 anmärka,
915 1433 32 19 att
958 1431 63 20 bland

195 1460 47 21 dem
265 1461 60 21 äfven
349 1460 79 21 sådana
449 1460 96 21 faktorer
567 1460 93 27 ingingo,
679 1460 71 21 hvilka
767 1460 18 27 ej
801 1460 34 21 stå
850 1460 6 21 i
872 1460 64 27 något
951 1459 71 22 direkt

193 1488 134 23 förhållande
349 1489 32 21 till
404 1489 49 21 våra
475 1489 109 21 tilltänkta
597 1489 258 26 jernvägsanläggningar.
880 1489 41 26 Jag
936 1488 39 21 hör
993 1494 29 15 nu

194 1519 33 20 att
241 1520 88 24 prosten
344 1517 121 22 Durchman
481 1517 65 22 också
560 1517 42 22 fäst
618 1517 32 27 sig
662 1518 45 26 just
722 1517 35 21 vid
773 1517 117 22 detsamma
905 1517 116 27 yttrandet.
