1117 1817
207 137 54 21 1112
437 141 163 19 Presteståndet
612 142 56 17 1872.
694 142 22 17 18
728 142 48 21 maj.

247 222 22 27 2)
285 228 35 15 om
335 222 155 27 godkännande
505 222 23 21 af
540 228 82 15 samma
637 222 95 21 utskotts
747 221 259 27 sammanjemkningsför-

177 250 47 27 slag
238 250 8 21 i
261 251 115 26 anledning
391 251 23 21 af
426 251 144 27 petitionerna
586 257 34 14 om
636 251 41 26 lag,
694 251 110 26 angående
819 250 103 25 vilkoren,
943 250 63 21 hvar-

176 279 69 21 under
266 279 126 22 koncession
415 282 31 18 att
471 279 7 21 i
493 279 89 21 Finland
600 279 70 27 bygga
683 279 89 27 jernväg
787 279 42 21 kan
845 279 23 20 af
881 279 125 26 regeringen

177 308 120 24 meddelas;

248 371 23 26 3)
294 377 34 14 om
352 371 73 20 remiss
445 370 33 21 till
500 372 156 19 sammansatta
671 371 44 26 lag-
731 370 40 21 och
787 370 183 21 ekonomiutskott
984 369 24 22 af

179 399 78 27 nådiga
278 399 160 27 propositionen
455 405 33 15 om
505 399 127 21 utfärdande
648 399 24 21 af
685 405 25 15 en
727 399 82 26 stadga,
825 398 110 27 angående
950 398 58 21 flott-

178 428 51 25 ning
244 427 23 21 af
281 427 140 27 skogsalster;

247 491 24 27 4)
295 497 34 15 om
351 486 74 26 remiss
440 491 33 20 till
488 490 208 21 ekonomiutskottet
711 490 22 21 af
747 490 78 27 nådiga
841 490 166 27 propositionen,

179 519 110 27 angående
304 519 136 27 tillverkning
455 519 40 21 och
511 519 125 27 försäljning
652 519 22 21 af
688 519 27 25 öl,
731 522 73 23 porter
819 519 40 21 och
874 519 67 21 andra
951 519 57 26 jästa

179 548 101 27 drycker;

248 612 23 26 5)
293 617 35 14 om
350 611 120 26 antagande
492 610 23 21 af
534 611 109 21 allmänna
662 611 205 21 besvärsutskottets
882 610 126 27 inbjudning

179 641 33 20 att
234 639 96 22 utesluta
352 639 239 27 specialbestämningar
614 646 26 15 ur
662 640 39 21 den
724 639 147 27 underdåniga
891 639 117 26 petitionen

180 675 33 14 om
237 668 36 26 lag
295 668 108 26 angående
424 668 83 21 litterär
528 668 39 21 och
590 669 97 20 artistisk
708 668 92 26 egande-
815 668 40 21 och
871 667 136 27 förlagsrätt;

249 730 23 27 6)
296 737 34 15 om
346 731 154 26 godkännande
516 732 23 20 af
553 731 152 25 lagutskottets
721 730 136 22 betänkande
872 731 7 21 i
895 730 113 26 anledning

181 760 24 20 af
219 759 77 27 nådiga
312 760 157 26 propositionen
485 766 33 14 om
534 760 120 26 antagande
670 760 23 20 af
707 766 25 14 en
748 759 132 27 författning,
899 759 109 26 angående

182 788 93 21 forntida
291 788 180 21 minnesmärkens
486 788 102 21 fredande
604 788 39 21 och
659 788 133 26 bevarande;

251 851 23 27 7)
291 857 33 15 om
341 850 136 22 förkastande
493 851 23 21 af
529 851 107 21 allmänna
652 851 206 21 besvärsutskottets
874 850 134 21 betänkande

183 880 7 20 i
216 880 115 26 anledning
349 879 23 21 af
390 880 55 20 inom
462 879 148 27 ridderskapet
626 880 39 20 och
682 879 61 21 adeln
760 882 56 18 samt
831 879 178 27 borgareståndet

183 908 76 21 väckta
277 908 181 27 petitionsförslag
474 914 33 15 om
523 908 121 21 inrättande
660 908 22 21 af
696 915 25 14 en
737 908 43 21 fast
796 908 87 21 lärostol
899 908 33 21 för
947 914 61 14 sven-

182 937 39 21 ska
244 937 40 21 och
307 936 149 22 fornnordiska
474 936 63 28 språk
553 937 35 21 vid
604 936 119 27 Kejserliga
739 937 132 21 Alexanders
885 936 125 22 universite-

183 967 32 19 tet
229 966 7 20 i
251 966 98 20 Finland.

252 1028 86 21 Hvilket
353 1028 148 21 antecknades.

250 1205 121 26 Föredrogs
394 1205 106 22 allmänna
522 1205 205 22 besvärsutskottets
751 1205 136 22 betänkande
907 1205 47 21 med
973 1211 37 14 an-

183 1233 86 26 ledning
291 1234 23 20 af
334 1234 77 21 väckta
432 1234 182 27 petitionsförslag
634 1235 91 20 rörande
740 1235 129 24 inrättande,
886 1233 124 27 utvidgning

184 1262 40 21 och
249 1262 149 21 bibehållande
414 1263 22 21 af
449 1263 55 21 vissa
520 1263 151 21 läroanstalter
686 1263 13 21 å
714 1263 105 21 särskilda
835 1265 58 18 orter
909 1263 6 20 i
931 1262 78 21 landet.

250 1325 125 21 Bordlades.

248 1479 123 32 Föredrogs
395 1479 151 27 lagutskottets
565 1480 136 21 betänkande
716 1480 7 21 i
738 1479 115 28 anledning
869 1479 23 22 af
906 1481 31 20 ett
953 1480 57 21 inom

182 1503 99 40 samtliga
296 1507 90 22 stånden
402 1509 62 20 väckt
479 1509 86 25 förslag,
581 1509 92 20 rörande
688 1515 26 14 en
730 1509 135 26 underdånig
875 1509 89 26 petition
976 1514 33 15 om

181 1536 122 21 inrättande
319 1536 23 21 af
355 1536 19 27 ej
390 1537 80 20 mindre
486 1543 25 15 en
528 1537 77 27 högsta
620 1537 98 27 domstol,
734 1539 27 19 än
778 1539 31 20 ett
825 1539 47 25 nytt
884 1537 83 21 embete
977 1537 33 21 för
