1117 1817
210 122 41 21 760
432 127 162 18 Presteståndet
608 128 56 17 1872.
688 128 27 17 20
727 128 59 21 april.

181 208 72 27 dylika
275 207 153 21 förhållanden.
458 208 42 25 Jag
522 206 86 22 förenar
623 208 43 26 mig
682 207 83 22 derföre
782 208 49 20 med
847 207 67 22 baron
929 207 59 26 Boije
1004 207 7 20 i

180 236 54 21 hans
258 236 137 21 reservation.
425 235 47 22 Men
494 235 37 27 jag
554 235 74 26 skulle,
651 236 5 21 i
680 236 67 21 likhet
769 236 48 21 med
841 238 86 24 prosten
947 235 63 28 Hjelt,

181 265 68 21 önska
272 265 93 26 tillägga,
389 266 32 19 att
442 264 116 21 kreditivet
580 264 39 21 bör
634 265 56 26 gälla
705 265 56 20 blott
777 265 32 20 till
825 266 62 19 nästa
903 265 107 26 landtdag.

181 293 39 22 Ett
241 293 92 21 kreditiv
356 293 39 20 har
417 293 128 21 karakteren
566 293 23 20 af
603 299 25 15 en
645 293 122 26 bevillning,
784 293 40 21 och
840 293 39 21 bör
895 293 81 21 således
992 293 19 26 ej

181 322 90 26 beviljas
286 322 33 21 för
334 321 73 27 längre
422 321 30 21 tid
468 323 27 19 än
511 321 47 21 från
575 321 103 27 landtdag
694 321 31 22 till
741 322 110 27 landtdag.

251 378 122 22 Statsrådet
392 378 156 21 Lindelöf:
573 379 41 20 Det
629 378 41 21 kan
687 378 122 27 visserligen
825 385 52 14 vara
892 379 7 20 i
915 378 95 21 theorien

181 407 83 26 riktigt,
288 409 32 19 att
343 409 69 19 staten
432 407 23 20 så
471 407 47 21 litet
534 413 44 15 som
595 407 83 26 möjligt
693 407 94 21 befattar
802 407 32 26 sig
849 407 49 21 med
913 407 97 20 undsätt-

182 435 170 28 ningsåtgärder,
367 438 52 18 utan
435 435 141 22 öfverlemnar
592 436 40 20 den
650 435 22 21 åt
687 435 40 21 den
738 435 97 21 enskilda
845 435 169 27 välgörenheten.

182 465 39 21 och
245 464 171 27 spekulationen;
440 470 46 15 men
509 464 33 21 för
566 466 32 19 att
621 471 25 14 en
662 464 67 21 sådan
745 464 69 21 theori
830 464 54 21 skall
900 463 63 22 hafva
978 464 32 20 sin

182 493 53 22 fulla
257 493 140 26 tillämpning,
420 493 23 21 så
458 492 126 21 förutsättes
600 493 42 24 det,
658 495 33 18 att
705 493 107 20 industrin
828 493 39 20 och
883 493 128 26 näringarna

181 522 75 21 vunnit
272 528 25 14 en
313 522 48 20 vida
377 523 67 19 större
461 521 38 21 och
516 521 155 27 mångsidigare
688 521 122 26 utveckling
822 523 27 19 än
860 521 39 21 hos
910 527 34 15 oss
955 523 56 18 ännu

182 552 25 19 är
230 550 66 21 fallet.
325 550 42 21 Det
388 549 130 24 förutsättes,
535 552 32 19 att
583 556 33 15 om
633 550 156 26 produktionen
805 550 57 21 inom
879 552 31 19 ett
925 549 86 22 område

182 579 101 21 förlamas
306 584 74 20 genom
404 578 68 26 någon
496 580 69 19 större
588 579 81 26 olycka,
693 579 36 20 det
745 579 55 20 skall
817 585 50 14 vara
882 579 82 26 möjligt
979 580 32 19 att

183 608 64 20 vinna
262 607 118 26 ersättning
396 607 70 21 derför
482 607 55 21 inom
554 609 31 18 ett
600 609 66 18 annat
682 607 93 21 område.
807 607 66 21 Detta
888 609 23 19 är
927 607 38 20 hos
975 613 35 14 oss

183 637 56 20 ännu
259 636 19 25 ej
295 635 66 21 fallet.
391 635 107 21 Industrin
515 635 39 21 hos
569 641 34 15 oss
620 637 24 19 är
656 635 155 27 jemförelsevis
827 635 48 27 föga
891 635 119 21 utvecklad.

183 664 224 26 Sädesproduktionen
430 666 62 24 utgör
515 665 83 19 landets
621 664 157 26 hufvudnäring
801 664 38 21 och
861 665 18 19 vi
895 667 36 17 äro
948 665 6 19 i
970 664 40 20 den

183 693 52 26 grad
259 692 105 22 beroende
387 692 64 27 deraf,
474 695 32 18 att
528 699 34 15 om
586 692 40 21 den
650 692 78 26 felslär,
752 692 81 22 hvilket
853 694 72 25 tyvärr
939 692 72 21 alltför

183 721 46 21 ofta
250 721 103 24 inträffar,
377 721 36 21 det
436 721 138 21 ekonomiska
596 720 119 22 tillståndet
733 721 5 21 i
755 721 73 21 landet
844 721 62 21 hotas
922 722 46 20 med
984 727 26 15 en

183 750 77 20 allmän
283 750 110 26 rubbning.
423 750 37 20 Att
475 750 103 26 styrelsen
594 750 6 20 i
617 750 80 20 sådana
712 750 37 20 fall
766 749 38 21 bör
821 750 84 20 komma
920 750 89 20 emellan

183 778 33 21 för
237 781 32 18 att
293 778 68 21 såvidt
384 778 80 27 möjligt
487 780 24 18 är
527 778 75 21 hindra
618 778 88 26 olyckan
723 781 31 18 att
770 781 79 23 antaga
865 778 72 21 alltför
953 780 57 19 stora

183 807 155 26 proportioner,
361 806 32 21 lär
413 806 18 27 ej
452 807 70 21 kunna
538 807 111 21 bestridas.
681 807 42 20 Det
738 813 51 15 vore
804 806 129 22 åtminstone
949 807 18 26 ej
983 806 27 27 på

183 837 32 19 sin
231 835 56 27 plats
303 839 32 17 att
349 835 102 26 styrelsen
466 836 34 20 vid
518 836 70 26 dylika
604 835 97 21 tillfällen
714 835 69 21 skulle
795 835 92 21 förhålla
899 836 31 26 sig
940 835 69 21 såsom

184 870 25 14 en
233 864 70 26 passiv
325 864 109 20 åskådare.
466 864 40 21 Det
529 866 24 18 är
576 864 33 20 väl
625 864 82 26 möjligt
723 866 31 18 att
771 864 28 21 fel
815 864 69 21 blifvit
900 864 111 26 begångna

184 892 39 22 och
239 893 70 20 såsom
326 893 92 25 exempel
436 892 65 26 derpå
516 892 39 21 har
570 899 49 14 man
635 892 117 21 framhållit
765 893 26 20 de
804 892 149 27 tillgöranden,
966 898 44 15 som

183 921 53 26 egde
260 928 45 14 rum
329 922 66 20 under
419 921 53 21 1856
488 921 39 21 och
545 922 54 20 1862
616 921 34 21 års
666 922 132 24 missväxter,
814 928 47 14 men
878 921 49 21 felet
943 921 72 21 skulle:

183 950 54 20 dock
253 950 64 20 hafva
332 950 54 20 varit
401 950 49 20 vida
465 952 76 21 större,
558 956 32 14 om
608 950 109 26 ingenting
733 950 26 20 då
776 950 46 20 från
838 950 114 26 styrelsens
965 950 46 20 sida

183 978 70 21 blifvit
275 978 80 26 gjordt;
379 978 6 20 i
407 978 41 20 alla
468 978 112 21 händelser
595 980 24 19 är
634 981 33 18 att
683 978 81 26 hoppas
780 981 33 19 att
829 978 39 21 den
884 978 126 26 erfarenhet,

183 1013 45 15 som
245 1008 65 20 redan
327 1006 67 22 blifvit
409 1012 89 19 vunnen,
515 1006 55 22 skall
587 1007 114 21 framdeles
717 1007 86 21 komma
815 1007 32 21 till
857 1007 63 27 godo.
936 1006 74 22 Såsom

183 1038 32 18 ett
237 1036 90 20 resultat
342 1036 22 20 af
378 1036 68 20 denna
462 1035 121 21 erfarenhet
600 1038 37 18 har
654 1042 47 14 man
718 1035 104 27 uppställt
837 1036 39 20 den
893 1038 70 18 satsen
979 1038 32 18 att

183 1064 104 26 styrelsen
310 1064 18 26 ej
351 1064 38 20 bör
412 1064 72 21 utdela
507 1064 101 21 allmosor
632 1064 50 21 eller
705 1064 84 21 direkta
812 1064 123 25 understöd,
960 1066 50 18 utan

183 1092 86 21 komma
293 1093 25 20 de
341 1092 120 21 nödställda
483 1092 31 21 till
535 1093 56 26 hjelp
607 1099 75 20 genom
699 1095 32 18 att
747 1093 79 21 bereda
842 1092 170 27 arbetsförtjenst

183 1121 93 20 medelst
291 1121 118 20 ordnandet
424 1121 22 20 af
460 1121 162 27 allmännyttiga
637 1121 90 26 företag,
745 1121 52 20 eller
813 1122 64 20 ocksä
889 1128 75 19 genom
976 1121 35 20 län

183 1149 23 21 ät
221 1149 154 21 kommunerna
391 1149 49 21 eller
456 1149 96 21 enskilda
568 1149 159 27 arbetsgifvare.
759 1149 42 21 Det
817 1149 33 21 mä
861 1150 104 21 erkännas
979 1152 32 17 att

183 1180 31 19 ett
237 1177 77 22 sådant
336 1177 121 22 förfarande
480 1180 24 19 är
527 1179 36 20 det
583 1179 84 26 riktiga.
699 1178 47 21 Men
764 1178 33 21 för
812 1181 32 18 att
860 1179 101 26 styrelsen
977 1177 34 22 mä

184 1207 67 20 under
274 1213 25 14 en
322 1207 129 20 allmännare
474 1207 75 26 olycka
573 1207 72 20 kunna
663 1207 108 26 bispringa
787 1207 26 21 de
829 1207 127 20 nödlidande
972 1206 39 21 och

183 1237 52 24 göra
251 1235 36 21 det
302 1236 6 20 i
325 1235 112 26 tillräcklig
453 1235 65 26 skala,
534 1235 108 21 erfordras
657 1236 75 25 medel,
749 1241 44 15 som
810 1236 71 21 kunna
897 1235 115 26 öfverstiga

183 1264 141 21 statsverkets
346 1263 33 21 för
401 1264 93 21 tillfället
517 1264 119 27 disponibla
659 1263 120 27 tillgångar.
810 1265 33 20 Då
859 1271 48 14 man
923 1264 89 21 sålunda

184 1292 13 21 å
219 1299 40 14 ena
280 1293 59 20 sidan
363 1292 109 27 erkänner,
495 1293 39 21 och
558 1293 36 20 det
612 1293 63 20 hafva
691 1293 5 20 i
713 1293 73 26 sjelfva
802 1293 74 20 verket
891 1293 42 20 alla
947 1293 63 26 gjort,

184 1323 32 18 att
237 1321 37 20 fall
297 1321 72 20 kunna
391 1321 85 21 inträffa
496 1321 28 21 dä
547 1321 114 27 styrelsens
678 1321 150 21 mellankomst
846 1323 23 19 är
885 1321 125 26 nödvändig,

183 1349 24 20 sä
230 1355 63 21 synes
315 1349 36 21 det
371 1350 42 25 mig
434 1356 50 14 vara
500 1356 26 15 en
542 1351 134 25 motsägelse,
693 1356 33 15 om
743 1356 48 15 man
807 1350 13 21 å
835 1350 68 21 andra
919 1350 59 21 sidan
992 1349 18 26 ej

183 1378 35 21 vill
242 1380 53 24 göra
317 1379 63 26 något
405 1379 32 20 för
458 1380 32 19 att
509 1379 78 20 bereda
604 1380 64 25 utväg
684 1379 78 20 dertill.
793 1379 50 20 Man
858 1379 39 20 har
913 1378 98 21 anmärkt

183 1410 58 17 emot
265 1407 35 20 det
323 1407 93 26 begärda
434 1407 119 26 kreditivet,
570 1410 32 18 att
618 1407 35 21 det
670 1409 24 18 är
709 1407 73 21 alltför
798 1407 119 27 obetydligt
932 1407 33 20 för
979 1409 33 18 att

183 1435 88 21 dermed
293 1435 65 26 nägot
373 1435 127 27 väsendtligt
516 1436 68 21 skulle
600 1436 72 20 kunna
688 1437 99 20 uträttas.
819 1436 42 20 Det
877 1437 23 19 är
916 1436 5 20 i
937 1435 75 27 sjelfva

182 1464 75 21 verket
280 1464 75 21 sädant
378 1466 32 18 att
432 1470 74 20 genom
531 1465 47 20 dess
602 1464 119 27 beviljande
744 1464 69 27 nägon
837 1464 107 27 svärighet
959 1464 53 21 eller

183 1492 114 26 olägenhet
319 1492 31 21 för
365 1492 81 21 banken
464 1493 18 26 ej
498 1499 66 20 gerna
579 1493 41 21 kan
637 1493 137 26 uppkomma.
806 1493 47 20 Men
871 1493 35 20 det
921 1498 61 21 synes
998 1492 13 21 ä

183 1521 66 20 andra
267 1521 58 20 sidan
342 1527 50 14 vara
408 1521 124 27 tillräckligt
548 1524 54 19 stort
618 1521 33 21 för
667 1525 32 17 att
715 1522 6 20 i
737 1521 82 22 nödens
835 1521 63 21 stund
915 1521 39 21 och
972 1523 42 19 när
