<?xml version="1.0" encoding="UTF-8"?>
<alto xmlns="http://www.loc.gov/standards/alto/ns-v3#" xmlns:xlink="http://www.w3.org/1999/xlink" xmlns:xsi="http://www.w3.org/2001/XMLSchema-instance" xsi:schemaLocation="http://www.loc.gov/standards/alto/ns-v3# http://www.loc.gov/alto/v3/alto-3-0.xsd">
	<Description>
		<MeasurementUnit>pixel</MeasurementUnit>
		<sourceImageInformation>
			<fileName>/tmp/tess_sappilel_input.PNG</fileName>
		</sourceImageInformation>
		<OCRProcessing ID="OCR_0">
			<ocrProcessingStep>
				<processingSoftware>
					<softwareName>tesseract 5.3.4</softwareName>
				</processingSoftware>
			</ocrProcessingStep>
		</OCRProcessing>
	</Description>
	<Layout>
		<Page WIDTH="1117" HEIGHT="1817" PHYSICAL_IMG_NR="0" ID="page_0">
			<PrintSpace HPOS="0" VPOS="0" WIDTH="1117" HEIGHT="1817">
				<GraphicalElement ID="cblock_0" HPOS="14" VPOS="570" WIDTH="8" HEIGHT="638"></GraphicalElement >
				<ComposedBlock ID="cblock_1" HPOS="345" VPOS="127" WIDTH="564" HEIGHT="26">
					<TextBlock ID="block_0" HPOS="345" VPOS="127" WIDTH="564" HEIGHT="26">
						<TextLine ID="line_0" HPOS="345" VPOS="127" WIDTH="564" HEIGHT="26">
							<String ID="string_0" HPOS="345" VPOS="132" WIDTH="162" HEIGHT="18" WC="0.90" CONTENT="Presteståndet"/><SP WIDTH="13" VPOS="132" HPOS="507"/>
							<String ID="string_1" HPOS="520" VPOS="133" WIDTH="54" HEIGHT="17" WC="0.96" CONTENT="1872."/><SP WIDTH="25" VPOS="133" HPOS="574"/>
							<String ID="string_2" HPOS="599" VPOS="132" WIDTH="26" HEIGHT="17" WC="0.89" CONTENT="30"/><SP WIDTH="13" VPOS="132" HPOS="625"/>
							<String ID="string_3" HPOS="638" VPOS="132" WIDTH="59" HEIGHT="21" WC="0.93" CONTENT="april."/><SP WIDTH="172" VPOS="132" HPOS="697"/>
							<String ID="string_4" HPOS="869" VPOS="127" WIDTH="40" HEIGHT="21" WC="0.96" CONTENT="889"/>
						</TextLine>
					</TextBlock>
				</ComposedBlock>
				<GraphicalElement ID="cblock_2" HPOS="111" VPOS="166" WIDTH="827" HEIGHT="4"></GraphicalElement >
				<ComposedBlock ID="cblock_3" HPOS="112" VPOS="211" WIDTH="827" HEIGHT="114">
					<TextBlock ID="block_1" HPOS="112" VPOS="211" WIDTH="827" HEIGHT="114">
						<TextLine ID="line_1" HPOS="181" VPOS="211" WIDTH="758" HEIGHT="28">
							<String ID="string_5" HPOS="181" VPOS="212" WIDTH="128" HEIGHT="21" WC="0.92" CONTENT="Godkänner"/><SP WIDTH="23" VPOS="212" HPOS="309"/>
							<String ID="string_6" HPOS="332" VPOS="212" WIDTH="85" HEIGHT="21" WC="0.96" CONTENT="ståndet"/><SP WIDTH="23" VPOS="212" HPOS="417"/>
							<String ID="string_7" HPOS="440" VPOS="212" WIDTH="108" HEIGHT="20" WC="0.92" CONTENT="allmänna"/><SP WIDTH="20" VPOS="212" HPOS="548"/>
							<String ID="string_8" HPOS="568" VPOS="212" WIDTH="205" HEIGHT="21" WC="0.92" CONTENT="besvärsutskottets"/><SP WIDTH="22" VPOS="212" HPOS="773"/>
							<String ID="string_9" HPOS="795" VPOS="211" WIDTH="144" HEIGHT="28" WC="0.96" CONTENT="föreliggande"/>
						</TextLine>
						<TextLine ID="line_2" HPOS="112" VPOS="240" WIDTH="827" HEIGHT="27">
							<String ID="string_10" HPOS="112" VPOS="241" WIDTH="141" HEIGHT="26" WC="0.96" CONTENT="betänkande,"/><SP WIDTH="26" VPOS="241" HPOS="253"/>
							<String ID="string_11" HPOS="279" VPOS="241" WIDTH="50" HEIGHT="20" WC="0.95" CONTENT="eller"/><SP WIDTH="25" VPOS="241" HPOS="329"/>
							<String ID="string_12" HPOS="354" VPOS="240" WIDTH="59" HEIGHT="21" WC="0.96" CONTENT="icke?"/><SP WIDTH="30" VPOS="240" HPOS="413"/>
							<String ID="string_13" HPOS="443" VPOS="240" WIDTH="47" HEIGHT="21" WC="0.96" CONTENT="Den"/><SP WIDTH="16" VPOS="240" HPOS="490"/>
							<String ID="string_14" HPOS="506" VPOS="246" WIDTH="45" HEIGHT="15" WC="0.96" CONTENT="som"/><SP WIDTH="17" VPOS="246" HPOS="551"/>
							<String ID="string_15" HPOS="568" VPOS="240" WIDTH="124" HEIGHT="27" WC="0.95" CONTENT="godkänner"/><SP WIDTH="14" VPOS="240" HPOS="692"/>
							<String ID="string_16" HPOS="706" VPOS="240" WIDTH="145" HEIGHT="21" WC="0.96" CONTENT="betänkandet"/><SP WIDTH="15" VPOS="240" HPOS="851"/>
							<String ID="string_17" HPOS="866" VPOS="246" WIDTH="73" HEIGHT="15" WC="0.96" CONTENT="svarar"/>
						</TextLine>
						<TextLine ID="line_3" HPOS="112" VPOS="268" WIDTH="827" HEIGHT="29">
							<String ID="string_18" HPOS="112" VPOS="271" WIDTH="29" HEIGHT="26" WC="0.89" CONTENT="ja;"/><SP WIDTH="24" VPOS="271" HPOS="141"/>
							<String ID="string_19" HPOS="165" VPOS="270" WIDTH="40" HEIGHT="21" WC="0.96" CONTENT="den"/><SP WIDTH="24" VPOS="270" HPOS="205"/>
							<String ID="string_20" HPOS="229" VPOS="269" WIDTH="35" HEIGHT="21" WC="0.96" CONTENT="det"/><SP WIDTH="21" VPOS="269" HPOS="264"/>
							<String ID="string_21" HPOS="285" VPOS="269" WIDTH="47" HEIGHT="21" WC="0.96" CONTENT="icke"/><SP WIDTH="23" VPOS="269" HPOS="332"/>
							<String ID="string_22" HPOS="355" VPOS="271" WIDTH="44" HEIGHT="24" WC="0.96" CONTENT="gör,"/><SP WIDTH="17" VPOS="271" HPOS="399"/>
							<String ID="string_23" HPOS="416" VPOS="275" WIDTH="74" HEIGHT="15" WC="0.96" CONTENT="svarar"/><SP WIDTH="15" VPOS="275" HPOS="490"/>
							<String ID="string_24" HPOS="505" VPOS="269" WIDTH="39" HEIGHT="26" WC="0.96" CONTENT="nej."/><SP WIDTH="32" VPOS="269" HPOS="544"/>
							<String ID="string_25" HPOS="576" VPOS="269" WIDTH="80" HEIGHT="20" WC="0.96" CONTENT="Vinner"/><SP WIDTH="15" VPOS="269" HPOS="656"/>
							<String ID="string_26" HPOS="671" VPOS="268" WIDTH="40" HEIGHT="27" WC="0.96" CONTENT="nej,"/><SP WIDTH="17" VPOS="268" HPOS="711"/>
							<String ID="string_27" HPOS="728" VPOS="268" WIDTH="39" HEIGHT="21" WC="0.96" CONTENT="har"/><SP WIDTH="15" VPOS="268" HPOS="767"/>
							<String ID="string_28" HPOS="782" VPOS="268" WIDTH="85" HEIGHT="21" WC="0.96" CONTENT="ståndet"/><SP WIDTH="15" VPOS="268" HPOS="867"/>
							<String ID="string_29" HPOS="882" VPOS="269" WIDTH="57" HEIGHT="21" WC="0.96" CONTENT="velat"/>
						</TextLine>
						<TextLine ID="line_4" HPOS="113" VPOS="297" WIDTH="608" HEIGHT="28">
							<String ID="string_30" HPOS="113" VPOS="298" WIDTH="94" HEIGHT="27" WC="0.91" CONTENT="afstyrka"/><SP WIDTH="16" VPOS="298" HPOS="207"/>
							<String ID="string_31" HPOS="223" VPOS="298" WIDTH="88" HEIGHT="27" WC="0.96" CONTENT="petition"/><SP WIDTH="16" VPOS="298" HPOS="311"/>
							<String ID="string_32" HPOS="327" VPOS="297" WIDTH="91" HEIGHT="22" WC="0.93" CONTENT="rörande"/><SP WIDTH="16" VPOS="297" HPOS="418"/>
							<String ID="string_33" HPOS="434" VPOS="297" WIDTH="144" HEIGHT="27" WC="0.91" CONTENT="skjutslegans"/><SP WIDTH="16" VPOS="297" HPOS="578"/>
							<String ID="string_34" HPOS="594" VPOS="297" WIDTH="127" HEIGHT="27" WC="0.96" CONTENT="förhöjning."/>
						</TextLine>
					</TextBlock>
				</ComposedBlock>
				<ComposedBlock ID="cblock_4" HPOS="113" VPOS="354" WIDTH="826" HEIGHT="109">
					<TextBlock ID="block_2" HPOS="113" VPOS="354" WIDTH="826" HEIGHT="109">
						<TextLine ID="line_5" HPOS="181" VPOS="354" WIDTH="758" HEIGHT="27">
							<String ID="string_35" HPOS="181" VPOS="355" WIDTH="130" HEIGHT="21" WC="0.92" CONTENT="Besvarades"/><SP WIDTH="23" VPOS="355" HPOS="311"/>
							<String ID="string_36" HPOS="334" VPOS="355" WIDTH="48" HEIGHT="21" WC="0.96" CONTENT="med"/><SP WIDTH="24" VPOS="355" HPOS="382"/>
							<String ID="string_37" HPOS="406" VPOS="355" WIDTH="25" HEIGHT="20" WC="0.96" CONTENT="10"/><SP WIDTH="21" VPOS="355" HPOS="431"/>
							<String ID="string_38" HPOS="452" VPOS="354" WIDTH="23" HEIGHT="27" WC="0.94" CONTENT="ja"/><SP WIDTH="15" VPOS="354" HPOS="475"/>
							<String ID="string_39" HPOS="490" VPOS="354" WIDTH="40" HEIGHT="21" WC="0.97" CONTENT="och"/><SP WIDTH="16" VPOS="354" HPOS="530"/>
							<String ID="string_40" HPOS="546" VPOS="355" WIDTH="28" HEIGHT="20" WC="0.96" CONTENT="24"/><SP WIDTH="16" VPOS="355" HPOS="574"/>
							<String ID="string_41" HPOS="590" VPOS="354" WIDTH="40" HEIGHT="27" WC="0.95" CONTENT="nej,"/><SP WIDTH="16" VPOS="354" HPOS="630"/>
							<String ID="string_42" HPOS="646" VPOS="354" WIDTH="39" HEIGHT="21" WC="0.96" CONTENT="och"/><SP WIDTH="16" VPOS="354" HPOS="685"/>
							<String ID="string_43" HPOS="701" VPOS="354" WIDTH="70" HEIGHT="21" WC="0.96" CONTENT="blefvo"/><SP WIDTH="16" VPOS="354" HPOS="771"/>
							<String ID="string_44" HPOS="787" VPOS="354" WIDTH="82" HEIGHT="21" WC="0.96" CONTENT="således"/><SP WIDTH="15" VPOS="354" HPOS="869"/>
							<String ID="string_45" HPOS="884" VPOS="354" WIDTH="55" HEIGHT="22" WC="0.96" CONTENT="både"/>
						</TextLine>
						<TextLine ID="line_6" HPOS="113" VPOS="383" WIDTH="826" HEIGHT="27">
							<String ID="string_46" HPOS="113" VPOS="383" WIDTH="144" HEIGHT="22" WC="0.95" CONTENT="betänkandet"/><SP WIDTH="25" VPOS="383" HPOS="257"/>
							<String ID="string_47" HPOS="282" VPOS="383" WIDTH="39" HEIGHT="22" WC="0.93" CONTENT="och"/><SP WIDTH="25" VPOS="383" HPOS="321"/>
							<String ID="string_48" HPOS="346" VPOS="383" WIDTH="205" HEIGHT="27" WC="0.91" CONTENT="petitionsförslaget"/><SP WIDTH="15" VPOS="383" HPOS="551"/>
							<String ID="string_49" HPOS="566" VPOS="383" WIDTH="23" HEIGHT="21" WC="0.95" CONTENT="af"/><SP WIDTH="14" VPOS="383" HPOS="589"/>
							<String ID="string_50" HPOS="603" VPOS="383" WIDTH="85" HEIGHT="21" WC="0.96" CONTENT="ståndet"/><SP WIDTH="15" VPOS="383" HPOS="688"/>
							<String ID="string_51" HPOS="703" VPOS="383" WIDTH="132" HEIGHT="25" WC="0.93" CONTENT="förkastade;"/><SP WIDTH="16" VPOS="383" HPOS="835"/>
							<String ID="string_52" HPOS="851" VPOS="383" WIDTH="88" HEIGHT="21" WC="0.92" CONTENT="hvarom"/>
						</TextLine>
						<TextLine ID="line_7" HPOS="113" VPOS="411" WIDTH="826" HEIGHT="28">
							<String ID="string_53" HPOS="113" VPOS="413" WIDTH="155" HEIGHT="21" WC="0.96" CONTENT="underrättelse"/><SP WIDTH="25" VPOS="413" HPOS="268"/>
							<String ID="string_54" HPOS="293" VPOS="412" WIDTH="68" HEIGHT="21" WC="0.96" CONTENT="skulle"/><SP WIDTH="15" VPOS="412" HPOS="361"/>
							<String ID="string_55" HPOS="376" VPOS="412" WIDTH="7" HEIGHT="21" WC="0.92" CONTENT="i"/><SP WIDTH="16" VPOS="412" HPOS="383"/>
							<String ID="string_56" HPOS="399" VPOS="411" WIDTH="199" HEIGHT="28" WC="0.92" CONTENT="protokollsutdrag"/><SP WIDTH="16" VPOS="411" HPOS="598"/>
							<String ID="string_57" HPOS="614" VPOS="411" WIDTH="123" HEIGHT="27" WC="0.95" CONTENT="expedieras"/><SP WIDTH="15" VPOS="411" HPOS="737"/>
							<String ID="string_58" HPOS="752" VPOS="411" WIDTH="32" HEIGHT="21" WC="0.93" CONTENT="till"/><SP WIDTH="16" VPOS="411" HPOS="784"/>
							<String ID="string_59" HPOS="800" VPOS="411" WIDTH="139" HEIGHT="22" WC="0.90" CONTENT="medstånden"/>
						</TextLine>
						<TextLine ID="line_8" HPOS="113" VPOS="441" WIDTH="378" HEIGHT="22">
							<String ID="string_60" HPOS="113" VPOS="441" WIDTH="40" HEIGHT="22" WC="0.96" CONTENT="och"/><SP WIDTH="15" VPOS="441" HPOS="153"/>
							<String ID="string_61" HPOS="168" VPOS="441" WIDTH="107" HEIGHT="21" WC="0.92" CONTENT="allmänna"/><SP WIDTH="15" VPOS="441" HPOS="275"/>
							<String ID="string_62" HPOS="290" VPOS="441" WIDTH="201" HEIGHT="21" WC="0.92" CONTENT="besvärsutskottet."/>
						</TextLine>
					</TextBlock>
				</ComposedBlock>
				<ComposedBlock ID="cblock_5" HPOS="113" VPOS="497" WIDTH="826" HEIGHT="85">
					<TextBlock ID="block_3" HPOS="113" VPOS="497" WIDTH="826" HEIGHT="85">
						<TextLine ID="line_9" HPOS="181" VPOS="497" WIDTH="758" HEIGHT="28">
							<String ID="string_63" HPOS="181" VPOS="498" WIDTH="64" HEIGHT="21" WC="0.96" CONTENT="Emot"/><SP WIDTH="12" VPOS="498" HPOS="245"/>
							<String ID="string_64" HPOS="257" VPOS="498" WIDTH="92" HEIGHT="21" WC="0.96" CONTENT="beslutet"/><SP WIDTH="10" VPOS="498" HPOS="349"/>
							<String ID="string_65" HPOS="359" VPOS="497" WIDTH="137" HEIGHT="28" WC="0.96" CONTENT="reserverade"/><SP WIDTH="11" VPOS="497" HPOS="496"/>
							<String ID="string_66" HPOS="507" VPOS="498" WIDTH="31" HEIGHT="25" WC="0.96" CONTENT="sig"/><SP WIDTH="12" VPOS="498" HPOS="538"/>
							<String ID="string_67" HPOS="550" VPOS="497" WIDTH="138" HEIGHT="27" WC="0.93" CONTENT="domprosten"/><SP WIDTH="11" VPOS="497" HPOS="688"/>
							<String ID="string_68" HPOS="699" VPOS="497" WIDTH="18" HEIGHT="21" WC="0.91" CONTENT="B"/><SP WIDTH="9" VPOS="497" HPOS="717"/>
							<String ID="string_69" HPOS="726" VPOS="503" WIDTH="53" HEIGHT="20" WC="0.95" CONTENT="org."/><SP WIDTH="18" VPOS="503" HPOS="779"/>
							<String ID="string_70" HPOS="797" VPOS="497" WIDTH="43" HEIGHT="21" WC="0.95" CONTENT="vice"/><SP WIDTH="11" VPOS="497" HPOS="840"/>
							<String ID="string_71" HPOS="851" VPOS="499" WIDTH="88" HEIGHT="24" WC="0.96" CONTENT="pastorn"/>
						</TextLine>
						<TextLine ID="line_10" HPOS="113" VPOS="525" WIDTH="825" HEIGHT="28">
							<String ID="string_72" HPOS="113" VPOS="527" WIDTH="150" HEIGHT="24" WC="0.91" CONTENT="Törnudd,"/><SP WIDTH="23" VPOS="527" HPOS="263"/>
							<String ID="string_73" HPOS="286" VPOS="527" WIDTH="44" HEIGHT="20" WC="0.96" CONTENT="vice"/><SP WIDTH="26" VPOS="527" HPOS="330"/>
							<String ID="string_74" HPOS="356" VPOS="528" WIDTH="87" HEIGHT="25" WC="0.93" CONTENT="pastorn"/><SP WIDTH="17" VPOS="528" HPOS="443"/>
							<String ID="string_75" HPOS="460" VPOS="526" WIDTH="86" HEIGHT="25" WC="0.92" CONTENT="Öller,"/><SP WIDTH="17" VPOS="526" HPOS="546"/>
							<String ID="string_76" HPOS="563" VPOS="526" WIDTH="201" HEIGHT="26" WC="0.96" CONTENT="kontraktsprosten"/><SP WIDTH="15" VPOS="526" HPOS="764"/>
							<String ID="string_77" HPOS="779" VPOS="525" WIDTH="104" HEIGHT="22" WC="0.96" CONTENT="Berner"/><SP WIDTH="16" VPOS="525" HPOS="883"/>
							<String ID="string_78" HPOS="899" VPOS="526" WIDTH="39" HEIGHT="21" WC="0.96" CONTENT="och"/>
						</TextLine>
						<TextLine ID="line_11" HPOS="114" VPOS="555" WIDTH="278" HEIGHT="27">
							<String ID="string_79" HPOS="114" VPOS="555" WIDTH="107" HEIGHT="27" WC="0.96" CONTENT="professor"/><SP WIDTH="40" VPOS="555" HPOS="221"/>
							<String ID="string_80" HPOS="261" VPOS="555" WIDTH="131" HEIGHT="21" WC="0.96" CONTENT="Ehrström."/>
						</TextLine>
					</TextBlock>
				</ComposedBlock>
				<ComposedBlock ID="cblock_6" HPOS="112" VPOS="704" WIDTH="825" HEIGHT="84">
					<TextBlock ID="block_4" HPOS="112" VPOS="704" WIDTH="825" HEIGHT="84">
						<TextLine ID="line_12" HPOS="180" VPOS="704" WIDTH="757" HEIGHT="27">
							<String ID="string_81" HPOS="180" VPOS="704" WIDTH="121" HEIGHT="27" WC="0.88" CONTENT="Föredrogs"/><SP WIDTH="22" VPOS="704" HPOS="301"/>
							<String ID="string_82" HPOS="323" VPOS="706" WIDTH="153" HEIGHT="19" WC="0.88" CONTENT="sammansatta"/><SP WIDTH="23" VPOS="706" HPOS="476"/>
							<String ID="string_83" HPOS="499" VPOS="706" WIDTH="62" HEIGHT="19" WC="0.91" CONTENT="stats-"/><SP WIDTH="15" VPOS="706" HPOS="561"/>
							<String ID="string_84" HPOS="576" VPOS="704" WIDTH="41" HEIGHT="22" WC="0.93" CONTENT="och"/><SP WIDTH="15" VPOS="704" HPOS="617"/>
							<String ID="string_85" HPOS="632" VPOS="704" WIDTH="215" HEIGHT="21" WC="0.92" CONTENT="ekonomiutskottets"/><SP WIDTH="16" VPOS="704" HPOS="847"/>
							<String ID="string_86" HPOS="863" VPOS="704" WIDTH="74" HEIGHT="21" WC="0.92" CONTENT="betän-"/>
						</TextLine>
						<TextLine ID="line_13" HPOS="113" VPOS="732" WIDTH="824" HEIGHT="28">
							<String ID="string_87" HPOS="113" VPOS="732" WIDTH="69" HEIGHT="22" WC="0.95" CONTENT="kande"/><SP WIDTH="15" VPOS="732" HPOS="182"/>
							<String ID="string_88" HPOS="197" VPOS="733" WIDTH="7" HEIGHT="20" WC="0.93" CONTENT="i"/><SP WIDTH="15" VPOS="733" HPOS="204"/>
							<String ID="string_89" HPOS="219" VPOS="733" WIDTH="112" HEIGHT="26" WC="0.92" CONTENT="anledning"/><SP WIDTH="21" VPOS="733" HPOS="331"/>
							<String ID="string_90" HPOS="352" VPOS="732" WIDTH="23" HEIGHT="22" WC="0.93" CONTENT="af"/><SP WIDTH="21" VPOS="732" HPOS="375"/>
							<String ID="string_91" HPOS="396" VPOS="732" WIDTH="77" HEIGHT="27" WC="0.92" CONTENT="nädiga"/><SP WIDTH="22" VPOS="732" HPOS="473"/>
							<String ID="string_92" HPOS="495" VPOS="734" WIDTH="166" HEIGHT="26" WC="0.93" CONTENT="propositionen,"/><SP WIDTH="24" VPOS="734" HPOS="661"/>
							<String ID="string_93" HPOS="685" VPOS="732" WIDTH="109" HEIGHT="27" WC="0.92" CONTENT="angäende"/><SP WIDTH="23" VPOS="732" HPOS="794"/>
							<String ID="string_94" HPOS="817" VPOS="733" WIDTH="72" HEIGHT="26" WC="0.91" CONTENT="anslag"/><SP WIDTH="15" VPOS="733" HPOS="889"/>
							<String ID="string_95" HPOS="904" VPOS="732" WIDTH="33" HEIGHT="22" WC="0.96" CONTENT="för"/>
						</TextLine>
						<TextLine ID="line_14" HPOS="112" VPOS="761" WIDTH="687" HEIGHT="27">
							<String ID="string_96" HPOS="112" VPOS="761" WIDTH="121" HEIGHT="21" WC="0.91" CONTENT="inrättande"/><SP WIDTH="15" VPOS="761" HPOS="233"/>
							<String ID="string_97" HPOS="248" VPOS="761" WIDTH="23" HEIGHT="21" WC="0.96" CONTENT="af"/><SP WIDTH="14" VPOS="761" HPOS="271"/>
							<String ID="string_98" HPOS="285" VPOS="768" WIDTH="26" HEIGHT="14" WC="0.96" CONTENT="en"/><SP WIDTH="15" VPOS="768" HPOS="311"/>
							<String ID="string_99" HPOS="326" VPOS="768" WIDTH="27" HEIGHT="20" WC="0.93" CONTENT="ny"/><SP WIDTH="15" VPOS="768" HPOS="353"/>
							<String ID="string_100" HPOS="368" VPOS="761" WIDTH="121" HEIGHT="21" WC="0.91" CONTENT="kuranstalt"/><SP WIDTH="14" VPOS="761" HPOS="489"/>
							<String ID="string_101" HPOS="503" VPOS="761" WIDTH="33" HEIGHT="21" WC="0.93" CONTENT="för"/><SP WIDTH="16" VPOS="761" HPOS="536"/>
							<String ID="string_102" HPOS="552" VPOS="762" WIDTH="132" HEIGHT="26" WC="0.93" CONTENT="sinnessjuke"/><SP WIDTH="15" VPOS="762" HPOS="684"/>
							<String ID="string_103" HPOS="699" VPOS="762" WIDTH="6" HEIGHT="20" WC="0.96" CONTENT="i"/><SP WIDTH="16" VPOS="762" HPOS="705"/>
							<String ID="string_104" HPOS="721" VPOS="761" WIDTH="78" HEIGHT="21" WC="0.95" CONTENT="landet."/>
						</TextLine>
					</TextBlock>
				</ComposedBlock>
				<ComposedBlock ID="cblock_7" HPOS="180" VPOS="818" WIDTH="123" HEIGHT="22">
					<TextBlock ID="block_5" HPOS="180" VPOS="818" WIDTH="123" HEIGHT="22">
						<TextLine ID="line_15" HPOS="180" VPOS="818" WIDTH="123" HEIGHT="22">
							<String ID="string_105" HPOS="180" VPOS="818" WIDTH="123" HEIGHT="22" WC="0.90" CONTENT="Bordlades."/>
						</TextLine>
					</TextBlock>
				</ComposedBlock>
				<ComposedBlock ID="cblock_8" HPOS="112" VPOS="967" WIDTH="824" HEIGHT="84">
					<TextBlock ID="block_6" HPOS="112" VPOS="967" WIDTH="824" HEIGHT="84">
						<TextLine ID="line_16" HPOS="181" VPOS="967" WIDTH="755" HEIGHT="27">
							<String ID="string_106" HPOS="181" VPOS="967" WIDTH="120" HEIGHT="27" WC="0.92" CONTENT="Föredrogs"/><SP WIDTH="23" VPOS="967" HPOS="301"/>
							<String ID="string_107" HPOS="324" VPOS="967" WIDTH="39" HEIGHT="21" WC="0.93" CONTENT="och"/><SP WIDTH="22" VPOS="967" HPOS="363"/>
							<String ID="string_108" HPOS="385" VPOS="967" WIDTH="113" HEIGHT="21" WC="0.90" CONTENT="bordlades"/><SP WIDTH="26" VPOS="967" HPOS="498"/>
							<String ID="string_109" HPOS="524" VPOS="968" WIDTH="156" HEIGHT="20" WC="0.90" CONTENT="sammansatta"/><SP WIDTH="15" VPOS="968" HPOS="680"/>
							<String ID="string_110" HPOS="695" VPOS="968" WIDTH="64" HEIGHT="20" WC="0.92" CONTENT="stats-"/><SP WIDTH="16" VPOS="968" HPOS="759"/>
							<String ID="string_111" HPOS="775" VPOS="967" WIDTH="38" HEIGHT="21" WC="0.93" CONTENT="och"/><SP WIDTH="16" VPOS="967" HPOS="813"/>
							<String ID="string_112" HPOS="829" VPOS="967" WIDTH="107" HEIGHT="21" WC="0.92" CONTENT="ekonomi-"/>
						</TextLine>
						<TextLine ID="line_17" HPOS="112" VPOS="995" WIDTH="824" HEIGHT="27">
							<String ID="string_113" HPOS="112" VPOS="996" WIDTH="117" HEIGHT="21" WC="0.92" CONTENT="utskottets"/><SP WIDTH="16" VPOS="996" HPOS="229"/>
							<String ID="string_114" HPOS="245" VPOS="996" WIDTH="134" HEIGHT="21" WC="0.92" CONTENT="betänkande"/><SP WIDTH="11" VPOS="996" HPOS="379"/>
							<String ID="string_115" HPOS="390" VPOS="996" WIDTH="6" HEIGHT="20" WC="0.93" CONTENT="i"/><SP WIDTH="13" VPOS="996" HPOS="396"/>
							<String ID="string_116" HPOS="409" VPOS="996" WIDTH="115" HEIGHT="26" WC="0.93" CONTENT="anledning"/><SP WIDTH="12" VPOS="996" HPOS="524"/>
							<String ID="string_117" HPOS="536" VPOS="995" WIDTH="23" HEIGHT="21" WC="0.93" CONTENT="af"/><SP WIDTH="9" VPOS="995" HPOS="559"/>
							<String ID="string_118" HPOS="568" VPOS="996" WIDTH="77" HEIGHT="26" WC="0.93" CONTENT="nädiga"/><SP WIDTH="12" VPOS="996" HPOS="645"/>
							<String ID="string_119" HPOS="657" VPOS="996" WIDTH="158" HEIGHT="26" WC="0.93" CONTENT="propositionen"/><SP WIDTH="13" VPOS="996" HPOS="815"/>
							<String ID="string_120" HPOS="828" VPOS="996" WIDTH="108" HEIGHT="26" WC="0.92" CONTENT="angäende"/>
						</TextLine>
						<TextLine ID="line_18" HPOS="113" VPOS="1024" WIDTH="688" HEIGHT="27">
							<String ID="string_121" HPOS="113" VPOS="1024" WIDTH="62" HEIGHT="21" WC="0.90" CONTENT="väckt"/><SP WIDTH="15" VPOS="1024" HPOS="175"/>
							<String ID="string_122" HPOS="190" VPOS="1024" WIDTH="61" HEIGHT="27" WC="0.92" CONTENT="fräga"/><SP WIDTH="16" VPOS="1024" HPOS="251"/>
							<String ID="string_123" HPOS="267" VPOS="1031" WIDTH="34" HEIGHT="15" WC="0.97" CONTENT="om"/><SP WIDTH="16" VPOS="1031" HPOS="301"/>
							<String ID="string_124" HPOS="317" VPOS="1024" WIDTH="123" HEIGHT="27" WC="0.94" CONTENT="försäljning"/><SP WIDTH="14" VPOS="1024" HPOS="440"/>
							<String ID="string_125" HPOS="454" VPOS="1024" WIDTH="24" HEIGHT="21" WC="0.93" CONTENT="af"/><SP WIDTH="14" VPOS="1024" HPOS="478"/>
							<String ID="string_126" HPOS="492" VPOS="1024" WIDTH="193" HEIGHT="27" WC="0.92" CONTENT="statsjernvägarne"/><SP WIDTH="16" VPOS="1024" HPOS="685"/>
							<String ID="string_127" HPOS="701" VPOS="1024" WIDTH="6" HEIGHT="21" WC="0.95" CONTENT="i"/><SP WIDTH="16" VPOS="1024" HPOS="707"/>
							<String ID="string_128" HPOS="723" VPOS="1024" WIDTH="78" HEIGHT="22" WC="0.96" CONTENT="landet."/>
						</TextLine>
					</TextBlock>
				</ComposedBlock>
				<ComposedBlock ID="cblock_9" HPOS="112" VPOS="1172" WIDTH="825" HEIGHT="113">
					<TextBlock ID="block_7" HPOS="112" VPOS="1172" WIDTH="825" HEIGHT="113">
						<TextLine ID="line_19" HPOS="181" VPOS="1172" WIDTH="755" HEIGHT="27">
							<String ID="string_129" HPOS="181" VPOS="1172" WIDTH="120" HEIGHT="27" WC="0.91" CONTENT="Föredrogs"/><SP WIDTH="23" VPOS="1172" HPOS="301"/>
							<String ID="string_130" HPOS="324" VPOS="1173" WIDTH="39" HEIGHT="21" WC="0.92" CONTENT="och"/><SP WIDTH="24" VPOS="1173" HPOS="363"/>
							<String ID="string_131" HPOS="387" VPOS="1173" WIDTH="113" HEIGHT="21" WC="0.92" CONTENT="bordlades"/><SP WIDTH="23" VPOS="1173" HPOS="500"/>
							<String ID="string_132" HPOS="523" VPOS="1173" WIDTH="107" HEIGHT="22" WC="0.92" CONTENT="allmänna"/><SP WIDTH="15" VPOS="1173" HPOS="630"/>
							<String ID="string_133" HPOS="645" VPOS="1173" WIDTH="202" HEIGHT="22" WC="0.92" CONTENT="besvärsutskottets"/><SP WIDTH="16" VPOS="1173" HPOS="847"/>
							<String ID="string_134" HPOS="863" VPOS="1173" WIDTH="73" HEIGHT="21" WC="0.93" CONTENT="betän-"/>
						</TextLine>
						<TextLine ID="line_20" HPOS="112" VPOS="1201" WIDTH="825" HEIGHT="28">
							<String ID="string_135" HPOS="112" VPOS="1201" WIDTH="69" HEIGHT="21" WC="0.96" CONTENT="kande"/><SP WIDTH="22" VPOS="1201" HPOS="181"/>
							<String ID="string_136" HPOS="203" VPOS="1201" WIDTH="6" HEIGHT="21" WC="0.93" CONTENT="i"/><SP WIDTH="24" VPOS="1201" HPOS="209"/>
							<String ID="string_137" HPOS="233" VPOS="1201" WIDTH="112" HEIGHT="27" WC="0.91" CONTENT="anledning"/><SP WIDTH="22" VPOS="1201" HPOS="345"/>
							<String ID="string_138" HPOS="367" VPOS="1201" WIDTH="24" HEIGHT="22" WC="0.96" CONTENT="af"/><SP WIDTH="20" VPOS="1201" HPOS="391"/>
							<String ID="string_139" HPOS="411" VPOS="1201" WIDTH="57" HEIGHT="22" WC="0.94" CONTENT="inom"/><SP WIDTH="22" VPOS="1201" HPOS="468"/>
							<String ID="string_140" HPOS="490" VPOS="1202" WIDTH="99" HEIGHT="27" WC="0.93" CONTENT="samtliga"/><SP WIDTH="22" VPOS="1202" HPOS="589"/>
							<String ID="string_141" HPOS="611" VPOS="1201" WIDTH="90" HEIGHT="22" WC="0.91" CONTENT="ständen"/><SP WIDTH="22" VPOS="1201" HPOS="701"/>
							<String ID="string_142" HPOS="723" VPOS="1201" WIDTH="76" HEIGHT="22" WC="0.91" CONTENT="väckta"/><SP WIDTH="24" VPOS="1201" HPOS="799"/>
							<String ID="string_143" HPOS="823" VPOS="1201" WIDTH="114" HEIGHT="26" WC="0.92" CONTENT="petitioner"/>
						</TextLine>
						<TextLine ID="line_21" HPOS="112" VPOS="1229" WIDTH="825" HEIGHT="28">
							<String ID="string_144" HPOS="112" VPOS="1230" WIDTH="91" HEIGHT="21" WC="0.91" CONTENT="rörande"/><SP WIDTH="22" VPOS="1230" HPOS="203"/>
							<String ID="string_145" HPOS="225" VPOS="1229" WIDTH="205" HEIGHT="22" WC="0.92" CONTENT="vidmakthällandet"/><SP WIDTH="19" VPOS="1229" HPOS="430"/>
							<String ID="string_146" HPOS="449" VPOS="1230" WIDTH="39" HEIGHT="21" WC="0.93" CONTENT="och"/><SP WIDTH="16" VPOS="1230" HPOS="488"/>
							<String ID="string_147" HPOS="504" VPOS="1231" WIDTH="140" HEIGHT="26" WC="0.92" CONTENT="utvidgandet"/><SP WIDTH="15" VPOS="1231" HPOS="644"/>
							<String ID="string_148" HPOS="659" VPOS="1230" WIDTH="23" HEIGHT="21" WC="0.97" CONTENT="af"/><SP WIDTH="14" VPOS="1230" HPOS="682"/>
							<String ID="string_149" HPOS="696" VPOS="1231" WIDTH="41" HEIGHT="20" WC="0.96" CONTENT="den"/><SP WIDTH="15" VPOS="1231" HPOS="737"/>
							<String ID="string_150" HPOS="752" VPOS="1230" WIDTH="68" HEIGHT="21" WC="0.93" CONTENT="finska"/><SP WIDTH="15" VPOS="1230" HPOS="820"/>
							<String ID="string_151" HPOS="835" VPOS="1229" WIDTH="102" HEIGHT="22" WC="0.92" CONTENT="afdelnin-"/>
						</TextLine>
						<TextLine ID="line_22" HPOS="112" VPOS="1258" WIDTH="438" HEIGHT="27">
							<String ID="string_152" HPOS="112" VPOS="1264" WIDTH="39" HEIGHT="20" WC="0.96" CONTENT="gen"/><SP WIDTH="15" VPOS="1264" HPOS="151"/>
							<String ID="string_153" HPOS="166" VPOS="1258" WIDTH="35" HEIGHT="21" WC="0.93" CONTENT="vid"/><SP WIDTH="16" VPOS="1258" HPOS="201"/>
							<String ID="string_154" HPOS="217" VPOS="1259" WIDTH="157" HEIGHT="21" WC="0.92" CONTENT="normalskolan"/><SP WIDTH="15" VPOS="1259" HPOS="374"/>
							<String ID="string_155" HPOS="389" VPOS="1259" WIDTH="6" HEIGHT="20" WC="0.95" CONTENT="i"/><SP WIDTH="17" VPOS="1259" HPOS="395"/>
							<String ID="string_156" HPOS="412" VPOS="1259" WIDTH="138" HEIGHT="26" WC="0.96" CONTENT="Helsingfors."/>
						</TextLine>
					</TextBlock>
				</ComposedBlock>
				<ComposedBlock ID="cblock_10" HPOS="111" VPOS="1395" WIDTH="825" HEIGHT="91">
					<TextBlock ID="block_8" HPOS="111" VPOS="1395" WIDTH="825" HEIGHT="91">
						<TextLine ID="line_23" HPOS="180" VPOS="1395" WIDTH="756" HEIGHT="33">
							<String ID="string_157" HPOS="180" VPOS="1401" WIDTH="121" HEIGHT="27" WC="0.96" CONTENT="Föredrogs"/><SP WIDTH="24" VPOS="1401" HPOS="301"/>
							<String ID="string_158" HPOS="325" VPOS="1395" WIDTH="41" HEIGHT="28" WC="0.93" CONTENT="och"/><SP WIDTH="25" VPOS="1395" HPOS="366"/>
							<String ID="string_159" HPOS="391" VPOS="1401" WIDTH="115" HEIGHT="22" WC="0.84" CONTENT="bordlades"/><SP WIDTH="16" VPOS="1401" HPOS="506"/>
							<String ID="string_160" HPOS="522" VPOS="1402" WIDTH="107" HEIGHT="21" WC="0.93" CONTENT="allmänna"/><SP WIDTH="15" VPOS="1402" HPOS="629"/>
							<String ID="string_161" HPOS="644" VPOS="1401" WIDTH="203" HEIGHT="23" WC="0.92" CONTENT="besvärsutskottets"/><SP WIDTH="16" VPOS="1401" HPOS="847"/>
							<String ID="string_162" HPOS="863" VPOS="1401" WIDTH="73" HEIGHT="21" WC="0.93" CONTENT="betän-"/>
						</TextLine>
						<TextLine ID="line_24" HPOS="111" VPOS="1429" WIDTH="825" HEIGHT="28">
							<String ID="string_163" HPOS="111" VPOS="1429" WIDTH="70" HEIGHT="22" WC="0.96" CONTENT="kande"/><SP WIDTH="14" VPOS="1429" HPOS="181"/>
							<String ID="string_164" HPOS="195" VPOS="1430" WIDTH="7" HEIGHT="21" WC="0.93" CONTENT="i"/><SP WIDTH="16" VPOS="1430" HPOS="202"/>
							<String ID="string_165" HPOS="218" VPOS="1430" WIDTH="113" HEIGHT="27" WC="0.92" CONTENT="anledning"/><SP WIDTH="22" VPOS="1430" HPOS="331"/>
							<String ID="string_166" HPOS="353" VPOS="1430" WIDTH="24" HEIGHT="21" WC="0.96" CONTENT="af"/><SP WIDTH="20" VPOS="1430" HPOS="377"/>
							<String ID="string_167" HPOS="397" VPOS="1437" WIDTH="26" HEIGHT="15" WC="0.96" CONTENT="en"/><SP WIDTH="22" VPOS="1437" HPOS="423"/>
							<String ID="string_168" HPOS="445" VPOS="1431" WIDTH="33" HEIGHT="20" WC="0.93" CONTENT="till"/><SP WIDTH="24" VPOS="1431" HPOS="478"/>
							<String ID="string_169" HPOS="502" VPOS="1430" WIDTH="156" HEIGHT="22" WC="0.93" CONTENT="bondeständet"/><SP WIDTH="24" VPOS="1430" HPOS="658"/>
							<String ID="string_170" HPOS="682" VPOS="1430" WIDTH="92" HEIGHT="27" WC="0.92" CONTENT="ingifven"/><SP WIDTH="21" VPOS="1430" HPOS="774"/>
							<String ID="string_171" HPOS="795" VPOS="1429" WIDTH="88" HEIGHT="28" WC="0.92" CONTENT="petition"/><SP WIDTH="16" VPOS="1429" HPOS="883"/>
							<String ID="string_172" HPOS="899" VPOS="1436" WIDTH="37" HEIGHT="15" WC="0.92" CONTENT="an-"/>
						</TextLine>
						<TextLine ID="line_25" HPOS="111" VPOS="1457" WIDTH="792" HEIGHT="29">
							<String ID="string_173" HPOS="111" VPOS="1458" WIDTH="81" HEIGHT="27" WC="0.92" CONTENT="gäende"/><SP WIDTH="16" VPOS="1458" HPOS="192"/>
							<String ID="string_174" HPOS="208" VPOS="1459" WIDTH="148" HEIGHT="26" WC="0.91" CONTENT="omarbetning"/><SP WIDTH="15" VPOS="1459" HPOS="356"/>
							<String ID="string_175" HPOS="371" VPOS="1458" WIDTH="23" HEIGHT="22" WC="0.97" CONTENT="af"/><SP WIDTH="13" VPOS="1458" HPOS="394"/>
							<String ID="string_176" HPOS="407" VPOS="1465" WIDTH="29" HEIGHT="15" WC="0.96" CONTENT="nu"/><SP WIDTH="14" VPOS="1465" HPOS="436"/>
							<String ID="string_177" HPOS="450" VPOS="1459" WIDTH="99" HEIGHT="26" WC="0.93" CONTENT="gällande"/><SP WIDTH="16" VPOS="1459" HPOS="549"/>
							<String ID="string_178" HPOS="565" VPOS="1459" WIDTH="125" HEIGHT="27" WC="0.92" CONTENT="författning"/><SP WIDTH="15" VPOS="1459" HPOS="690"/>
							<String ID="string_179" HPOS="705" VPOS="1465" WIDTH="34" HEIGHT="15" WC="0.93" CONTENT="om"/><SP WIDTH="16" VPOS="1465" HPOS="739"/>
							<String ID="string_180" HPOS="755" VPOS="1457" WIDTH="148" HEIGHT="28" WC="0.92" CONTENT="fattigvärden."/>
						</TextLine>
					</TextBlock>
				</ComposedBlock>
				<GraphicalElement ID="cblock_11" HPOS="1108" VPOS="891" WIDTH="9" HEIGHT="663"></GraphicalElement >
			</PrintSpace>
		</Page>
	</Layout>
</alto>
