1117 1817
341 125 161 18 Presteståndet
515 126 56 18 1872.
595 126 25 17 18
632 126 48 20 maj.
848 121 55 21 1133

102 207 23 22 af
148 207 53 21 hans
219 206 107 27 yttrande,
349 208 32 19 att
403 205 43 22 han
466 205 48 22 icke
528 212 39 15 var
581 205 63 21 säker
659 205 27 26 på
701 205 104 22 huruvida
821 206 36 21 det
871 206 62 27 ringa

103 235 65 26 antal,
183 241 46 15 som
244 234 41 21 han
301 233 104 22 hänförde
420 233 32 22 till
468 234 54 26 dem,
538 233 72 22 hvilka
624 233 56 22 hade
696 233 81 22 finskan
793 233 32 22 till
839 234 94 22 moders-

104 264 47 25 mål,
167 263 108 26 verkligen
291 262 68 22 skulle
374 269 50 15 vara
440 262 21 22 af
476 262 41 22 den
532 261 180 22 beskaffenheten.
735 261 49 22 Man
801 263 66 21 måste
881 262 52 27 hysa

103 292 72 22 tvifvel
198 298 34 15 om
257 291 40 22 den
320 291 76 27 grund,
415 291 28 27 på
459 291 84 21 hvilken
560 291 69 21 denna
644 290 117 27 beräkning
776 291 23 21 af
812 291 121 22 läroverket

104 320 67 22 blifvit
185 320 112 27 uppgjord.
327 319 43 22 För
385 322 32 19 att
432 320 72 21 kunna
518 319 92 22 bedöma
624 319 72 21 halten
711 319 24 21 af
748 319 61 22 dessa
819 319 113 28 uppgifter,

104 349 67 21 måste
193 355 48 15 man
264 349 70 20 känna
354 348 102 27 grunden,
476 347 54 22 efter
545 347 86 22 hvilken
646 353 49 16 man
711 347 39 22 har
765 350 70 19 ansett
849 347 83 23 finskan

103 377 52 22 eller
177 377 104 22 svenskan
304 383 51 15 vara
377 377 135 25 modersmål,
534 383 34 14 om
590 376 37 21 det
646 378 24 19 är
684 375 65 26 fallet,
766 378 32 19 att
812 377 120 22 hvarochen

104 405 53 27 elev,
179 412 46 15 som
248 405 41 22 kan
312 405 96 26 svenska,
428 405 40 21 har
492 405 59 22 detta
573 404 32 21 till
628 404 127 22 modersmål
780 405 52 22 eller
847 411 33 16 om
896 405 37 22 det

107 436 24 19 är
151 433 65 28 fallet,
232 436 32 19 att
279 434 72 27 hvarje
367 434 51 23 elev,
434 434 6 21 i
456 433 64 22 hvars
535 434 49 21 hem
599 433 69 22 finska
684 433 60 25 talas,
761 439 34 16 om
810 433 42 22 han
868 435 64 21 också

104 462 42 22 kan
169 463 96 26 svenska,
288 463 39 21 har
347 461 82 22 finskan
450 462 32 21 till
499 462 134 21 modersmål.
663 462 40 27 Jag
719 464 45 19 tror
779 464 38 25 att,
833 469 34 15 om
883 469 49 16 man

104 493 60 24 tager
178 492 66 21 saken
266 497 25 15 ur
307 491 40 21 den
362 497 74 15 senare
452 491 141 27 synpunkten,
609 490 113 22 resultatet
737 490 41 21 blir
793 491 137 22 annorlunda.

104 519 85 22 Samme
211 520 64 21 ärade
300 520 67 21 talare
389 520 54 21 hade
466 520 97 21 deremot
586 525 27 15 en
632 519 109 27 synnerlig
758 519 83 22 misstro
857 519 32 22 till
906 521 26 21 de

104 548 118 21 statistiska
245 548 56 26 data,
331 555 45 14 som
406 548 6 21 i
443 548 241 21 utskottsbetänkandet
708 547 68 22 blifvit
800 548 131 23 framhällna.

105 577 48 20 Han
176 579 61 24 säger
259 577 105 26 nämligen
387 579 37 24 att,
448 577 27 21 då
498 583 25 14 en
547 576 111 28 kyrkobok
673 576 142 27 genomgicks,
830 579 37 25 tog
882 583 49 16 man

106 605 41 21 alla
170 605 53 26 dem,
246 611 45 16 som
314 605 66 22 hörde
403 605 30 21 till
456 604 250 28 ståndspersonsklassen
722 605 31 20 till
769 605 162 23 svensktalande

103 633 40 22 och
166 634 26 21 de
215 634 64 27 öfrige
302 634 32 21 till
350 633 147 27 finsktalande,
514 633 70 22 fastän
600 634 36 21 det
651 633 141 28 uttryckligen
806 634 7 21 i
828 634 103 23 utskotts-

104 662 149 25 betänkandet,
278 669 45 15 som
349 663 86 21 baserar
460 663 32 25 sig
522 663 27 26 på
572 662 36 21 det
631 664 124 23 transsumt,
776 669 45 15 som
843 663 88 27 åtföljde

103 691 123 25 petitionen,
248 690 60 22 heter
331 693 32 19 att
385 691 59 21 desse
468 691 63 25 2,334
552 690 46 22 icke
621 690 67 21 hörde
711 690 32 21 till
758 690 173 28 ständspersons-

104 718 90 26 klassen,
218 722 51 18 utan
291 719 32 21 till
347 719 39 21 den
409 719 117 21 arbetande
542 719 39 21 och
597 719 26 21 de
640 719 81 21 mindre
735 718 125 23 bemedlade
875 720 54 22 klas-

102 754 68 15 serna.
201 748 42 21 Det
265 747 66 22 finnes
354 750 56 19 ännu
427 748 51 21 flere
501 748 53 21 barn
576 748 58 21 inom
657 747 128 27 skolåldern,
800 747 71 23 hvilka
887 748 44 22 dels

103 776 52 21 höra
177 776 32 22 till
232 777 247 25 ständspersonsklassen
500 776 40 22 och
555 776 45 22 dels
616 776 32 21 till
664 776 119 22 handlande
799 776 39 22 och
854 777 77 21 handt-

103 805 95 25 verkare,
221 811 46 15 som
287 806 46 20 icke
355 807 36 19 äro
414 808 108 24 upptagne
544 804 7 21 i
574 805 70 21 denna
668 804 109 27 kategori;
796 805 81 22 säledes
893 808 37 20 äro

102 833 185 27 ständspersoners
303 834 59 24 barn,
379 834 129 21 handlandes
524 834 40 21 och
580 833 222 22 handtverkmästares
817 834 52 21 barn
885 834 46 22 icke

103 861 118 22 inneslutne
244 862 56 21 inom
323 862 69 21 denna
415 862 129 21 omnämnda
566 862 88 27 uppgift,
678 868 46 15 som
747 862 140 22 kontrolleras
903 864 28 26 pä

103 890 137 27 mängfaldigt
262 893 49 24 sätt,
333 890 45 22 dels
399 897 77 20 genom
491 890 108 28 personlig
614 890 133 27 bekantskap
763 890 48 22 med
826 891 103 27 hemmen,

102 918 99 22 eftersom
224 919 80 21 barnen
327 919 54 21 hade
399 920 45 25 gätt
467 919 6 21 i
496 919 55 21 finsk
574 919 52 21 eller
648 919 77 21 svensk
740 918 128 27 skriftskola,
885 920 45 22 dels

103 947 64 21 ocksä
183 948 52 21 efter
251 948 40 21 den
306 948 126 25 kännedom,
446 954 46 15 som
503 948 34 21 för
546 948 64 26 öfrigt
622 947 62 21 fanns
697 954 34 14 om
744 948 85 22 barnen.
846 948 84 23 Samme

102 976 67 21 talare
191 976 92 22 nämnde
303 976 64 22 också
382 978 38 25 att,
436 977 28 21 dä
478 976 70 22 finska
563 976 120 22 folkskolan
699 976 6 21 i
721 970 46 27 Åbo
783 976 94 28 började,
893 984 36 15 an-

102 1004 70 21 mälde
193 1006 32 25 sig
248 1006 75 20 endast
346 1007 31 19 ett
402 1006 82 20 mindre
506 1005 60 21 antal
580 1004 70 22 finska
665 1004 59 22 barn.
755 1005 64 21 Detta
834 1006 96 22 kommer

103 1033 44 21 helt
163 1034 71 20 enkelt
250 1034 65 26 deraf,
330 1036 33 19 att
378 1034 66 21 under
460 1040 26 14 en
503 1034 49 26 lång
567 1033 52 27 följd
635 1034 23 20 af
671 1033 30 27 år,
718 1033 39 21 och
769 1034 18 26 ej
802 1034 53 21 allra
866 1034 64 23 minst

102 1062 69 20 under
193 1062 41 21 den
257 1065 83 18 senaste
362 1063 64 25 tiden,
449 1063 41 20 den
514 1062 56 27 åsigt
588 1062 39 21 har
642 1062 57 27 gjort
713 1062 33 26 sig
760 1062 97 26 gällande
872 1063 57 22 inom

103 1090 40 21 den
166 1090 64 28 lägre,
252 1091 117 21 arbetande
388 1091 189 21 samhällsklassen
591 1091 7 21 i
614 1085 54 31 Åbo,
685 1093 32 19 att
729 1097 49 15 man
793 1092 136 28 nödvändigt,

102 1118 34 21 för
150 1121 32 19 att
197 1119 22 21 få
234 1120 31 26 sig
280 1120 70 25 någon
366 1120 100 26 bildning,
482 1120 70 21 måste
567 1120 47 20 lära
628 1120 33 25 sig
675 1120 96 20 svenska.
802 1120 76 27 Många
888 1121 42 21 för-

102 1147 72 21 äldrar
200 1147 63 22 hafva
285 1148 90 21 anhållit
397 1154 34 15 om
446 1150 32 19 att
495 1149 63 20 deras
573 1148 53 21 barn
642 1147 67 22 måtte
725 1147 22 22 få
761 1148 46 21 lära
823 1149 31 26 sig
869 1149 60 22 detta

103 1175 70 28 språk,
195 1176 90 21 oaktadt
308 1177 26 21 de
356 1177 74 26 sjelfva
447 1177 47 21 icke
510 1177 70 21 kände
596 1176 112 25 svenskan,
725 1176 127 22 åtminstone
867 1177 63 28 högst

103 1204 124 27 obetydligt.
258 1205 65 21 Detta
344 1207 53 25 göra
420 1205 32 26 de,
476 1205 90 22 emedan
589 1205 25 21 de
630 1207 34 19 tro
680 1207 32 19 att
727 1205 90 22 svenska
831 1206 98 26 språkets

102 1232 120 23 kännedom
245 1235 24 19 är
292 1234 137 27 ovilkorligen
453 1234 122 27 nödvändig
595 1233 34 22 för
652 1235 32 20 att
708 1233 62 22 deras
794 1234 52 21 barn
869 1235 60 22 skola

102 1261 71 22 kunna
196 1262 81 21 erhålla
300 1263 100 26 bildning.
430 1262 46 22 Och
500 1263 60 21 detta
583 1264 24 19 är
626 1268 25 15 en
667 1262 88 22 alldeles
770 1263 92 27 naturlig
877 1264 52 27 följd

103 1290 65 25 deraf,
191 1293 32 19 att
245 1285 47 27 Åbo
315 1291 39 21 har
369 1292 77 21 saknat
462 1298 26 14 en
504 1292 66 26 högre
586 1290 193 27 bildningsanstalt,
796 1291 37 22 der
847 1292 82 22 finskan

102 1320 55 20 varit
179 1320 232 26 undervisningsspräk.
441 1320 43 22 Det
500 1320 122 26 onaturliga
637 1319 140 27 förhållande,
793 1326 44 15 som
853 1326 75 21 genom

102 1347 63 21 ofvan
187 1348 110 27 påpekade
321 1349 183 26 omständigheter
518 1349 148 26 uppkommer,
682 1347 69 23 skulle
766 1349 84 21 komma
865 1350 22 21 in
902 1351 27 26 på

102 1381 26 16 en
149 1377 94 26 naturlig
259 1379 46 25 väg,
320 1377 45 21 ifall
385 1378 2 20 i
402 1372 47 27 Åbo
464 1377 70 22 skulle
550 1378 91 20 inrättas
656 1377 272 28 undervisningsanstalter,

102 1404 38 22 der
155 1405 82 21 finskan
253 1405 83 22 komme
352 1406 33 21 till
396 1407 31 20 sin
437 1408 45 19 rätt
492 1406 71 21 såsom
574 1405 232 28 undervisningsspråk.
826 1407 32 21 De
871 1407 58 26 data,

102 1439 45 16 som
163 1436 86 25 prosten
265 1434 58 27 Hjelt
338 1435 88 21 anförde
441 1435 47 21 från
506 1435 26 21 de
546 1435 70 21 finska
631 1434 118 22 socknarne
764 1435 39 21 och
818 1441 34 15 om
866 1435 63 22 deras

101 1462 139 21 ekonomiska
261 1463 149 22 förhållanden
432 1463 73 22 kunna
522 1464 48 21 icke
584 1463 90 21 inverka
688 1463 28 27 på
731 1464 69 21 denna
814 1463 45 22 sak.
889 1463 40 23 Om

102 1491 65 21 också
181 1491 46 21 icke
251 1491 118 28 ordentliga
384 1491 119 22 folkskolor
519 1493 38 20 der
572 1491 69 22 finnas
656 1492 113 27 inrättade,
785 1492 23 21 så
822 1492 27 21 ha
864 1491 65 23 likväl

102 1519 62 22 dessa
183 1522 59 19 orter
261 1526 25 15 en
301 1521 82 26 ganska
397 1522 41 25 god
454 1521 152 26 undervisning
621 1521 7 20 i
644 1521 51 26 läsa,
711 1520 80 22 skrifva
807 1520 39 23 och
861 1521 69 22 räkna

839 1559 22 19 72
