1117 1817
200 137 43 21 984
406 143 1 4 '
417 142 161 18 Presteständet
591 143 56 17 1872.
672 143 11 17 7
696 143 47 21 mai.

173 224 32 19 att
227 228 48 15 man
291 222 28 27 pä
338 222 67 26 grund
421 222 22 21 af
456 222 41 21 den
513 222 127 25 erfarenhet,
664 228 44 15 som
731 222 105 21 härintills
859 222 84 21 vunnits
966 227 36 16 an-

172 250 82 27 gäende
270 250 119 21 inkomsten
405 250 45 21 frän
466 250 65 27 sagde
544 251 120 26 jernvägar,
681 251 64 20 redan
762 250 42 21 kan
821 253 76 24 antaga
913 253 33 18 att
961 251 39 20 den

172 278 138 22 ränteförlust
335 279 12 20 &
371 278 250 28 anläggningskapitalet,
645 279 137 22 €tatsverket
801 279 5 20 i
823 279 39 21 och
885 279 32 20 för
940 279 62 21 deras

173 307 143 21 trafikerande
339 307 39 21 och
403 310 83 18 remont
501 307 96 22 kommer
612 309 32 19 att
660 307 123 26 vidkännas,
799 307 46 22 icke
860 307 61 22 torde
937 307 63 21 blifva

171 336 24 21 sä
217 335 95 27 betydlig
330 337 32 20 att
386 335 40 22 den
449 335 45 22 icke
510 335 48 22 fullt
573 338 109 24 motväges
698 336 23 21 af
735 336 26 21 de
777 335 98 24 fördelar,
891 342 45 15 som
953 336 48 21 här-

172 363 51 28 flyta
249 364 22 21 af
285 364 60 21 dessa
366 363 76 22 banors
457 363 149 22 bibehällande
621 365 6 20 i
644 364 85 22 Statens
744 371 46 19 ego,
806 364 33 21 för
854 364 31 21 sin
902 364 33 21 del
951 370 50 16 anse

173 399 26 14 en
220 392 123 27 försäljning
365 392 23 21 af
410 393 24 20 de
456 392 80 21 Finska
557 393 192 27 statsjernvägarne
773 393 17 26 ej
814 399 50 15 vara
882 392 33 21 för
930 393 71 21 landet

172 421 119 26 förmänlig.

242 449 81 22 Härom
338 449 69 22 skulle
421 449 31 21 till
470 449 138 23 medständen
625 449 39 22 och
681 449 113 22 Allmänna
805 449 198 22 Besvärsutskottet

173 478 196 27 protokollsutdrag
385 477 99 22 utfärdas.

800 541 21 17 In
833 541 63 17 fidem:

758 593 21 20 S.
799 591 132 22 Calamnius.

243 677 18 21 3)
279 682 33 16 om
329 677 152 25 godkännande
497 677 22 21 af
536 677 107 21 allmänna
655 677 202 21 besvärsutskottets
867 677 135 22 betänkande

173 705 6 21 i
203 705 114 26 anledning
337 705 22 21 af
380 706 55 20 inom
456 705 98 26 samtliga
577 706 89 20 ständen
691 706 76 21 väckta
782 705 114 27 petitioner
910 706 90 21 rörande

173 734 204 21 vidmakthällandet
400 734 37 21 och
461 734 139 26 utvidgandet
620 734 23 21 af
662 734 39 21 den
726 734 68 21 finska
817 734 132 26 afdelningen
965 734 35 21 vid

173 762 158 21 normalskolan
348 762 5 20 i
370 762 140 27 Helsingfors;

242 820 23 24 4)
282 825 33 15 om
337 819 153 26 godkännande
509 819 22 21 af
544 826 81 14 samma
649 819 93 21 utskotts
759 819 133 21 betänkande
907 819 7 21 i
929 819 73 21 anled-

174 847 49 26 ning
246 847 22 21 af
290 854 25 14 en
338 847 31 21 till
386 847 154 22 bondeständet
559 848 90 26 ingifven
666 848 88 26 petition
771 848 109 26 angäende
896 847 104 22 omarbet-

174 875 49 27 ning
239 875 23 21 af
276 882 27 14 nu
319 876 96 26 gällande
430 876 124 26 författning
570 882 33 15 om
620 876 147 27 fattigvården.

243 934 22 19 5)
290 932 46 21 med
355 932 154 22 underrättelse
526 933 72 21 derom
615 935 32 19 att
662 933 95 21 ständets
774 932 106 22 elektorer
895 932 32 22 till
943 932 58 22 leda-

174 962 69 20 möter
265 961 6 21 i
295 960 218 27 jusceringsutskottet
528 964 67 18 utsett
610 961 74 21 herrar
698 962 125 26 Tengström
840 961 39 21 och
895 961 107 21 Fabritius

174 992 55 19 samt
253 989 32 21 till
310 989 134 27 suppleanter
467 990 73 20 herrar
562 990 99 21 Jaatinen
678 990 38 21 och
731 990 99 24 Jansson,
847 990 106 21 äfvensom
969 990 32 20 till

175 1017 112 27 suppleant
302 1018 5 20 i
324 1018 236 27 expeditionsutskottet
575 1018 49 22 herr
640 1018 95 22 Masalin.

244 1075 19 25 6)
279 1075 24 21 sä
319 1074 99 27 lydande:

449 1153 82 27 Utdrag
562 1154 22 21 af
613 1154 190 27 Borgareständets
834 1154 106 27 protokoll
968 1154 34 21 vid

383 1182 126 27 landtdagen
525 1183 6 20 i
547 1183 133 26 Helsingfors
697 1183 40 21 den
753 1184 13 19 4
783 1183 41 26 Maj
844 1183 59 21 1872.

246 1250 130 26 Föredrogs:
403 1250 161 27 Lagutskottets
590 1251 133 21 betänkande
749 1251 5 20 i
781 1251 113 26 anledning
910 1250 21 22 af
945 1251 59 21 Hans

176 1278 118 27 Kejserliga
313 1279 109 26 Majestäts
443 1279 81 26 Nädiga
540 1280 138 26 proposition,
694 1280 111 26 angäende
820 1279 89 26 ändring
925 1279 5 20 i
946 1279 57 21 stad-

178 1307 95 26 gandena
290 1313 33 15 om
339 1307 53 21 börd
400 1311 54 17 samt
470 1307 151 22 viderboendes
637 1308 38 21 och
692 1309 66 20 nabos
775 1307 142 27 lösningsrätt.

246 1335 40 21 Vid
301 1335 147 27 försiggängna
464 1336 156 26 omröstningar
635 1336 44 21 blef
693 1343 62 14 mom.
775 1337 32 20 1:0
823 1336 6 20 i
846 1336 158 27 propositionen

177 1363 39 22 och
233 1363 143 22 betänkandet
391 1363 22 22 af
426 1364 180 26 Borgareständet
622 1365 46 20 icke
684 1367 93 24 antaget,
794 1367 51 18 utan
855 1364 48 21 ville
912 1364 91 25 ständet,

177 1392 6 21 i
209 1392 94 26 enlighet
325 1392 48 21 med
396 1393 53 20 hvad
470 1393 56 21 Herr
541 1399 41 15 von
598 1393 87 21 Hellens
700 1393 6 20 i
722 1393 58 21 förra
795 1393 62 21 delen
873 1393 22 20 af
909 1393 47 21 dess
972 1399 31 15 re-

177 1421 106 20 servation
307 1423 56 19 emot
385 1421 143 21 betänkandet
550 1422 96 26 päyrkat,
670 1421 85 22 anhålla
779 1424 32 19 att
831 1428 27 21 ny
873 1421 131 27 proposition

177 1449 90 21 rörande
291 1449 107 21 bördsrätt
420 1449 31 21 till
472 1450 48 26 jord
543 1450 13 21 &
578 1450 73 21 landet
670 1450 69 21 kunde
756 1450 250 21 nästsammanträdande

177 1477 92 22 Ständer
295 1477 118 27 föreläggas
437 1479 5 20 i
459 1478 35 21 det
519 1478 61 27 syfte,
606 1481 31 18 att
660 1479 37 20 allt
713 1478 55 22 hvad
785 1479 34 26 lag
835 1478 51 21 eller
901 1478 106 21 särskilda

177 1505 150 27 författningar
349 1506 74 27 stadga
446 1507 108 26 angäende
578 1509 43 19 rätt
636 1509 32 19 att
684 1508 5 19 i
705 1507 54 21 börd
775 1507 46 20 lösa
837 1507 51 23 säld,
905 1506 102 21 bortskif-

177 1534 43 27 tad,
245 1537 94 24 pantsatt
355 1535 51 20 eller
420 1541 76 20 genom
512 1535 62 26 gäfva
589 1535 52 21 eller
657 1537 129 20 testamente
801 1535 119 26 bortgifven
936 1535 70 26 fastig-
