1117 1817
240 124 42 21 690
458 129 162 17 Presteståndet
633 130 54 16 1872.
713 130 22 16 16
748 129 60 21 april.

211 216 82 14 samma
309 209 88 24 trakter,
413 215 45 15 som
476 215 29 14 nu
521 208 97 21 kommer
632 211 32 19 att
679 209 154 26 genomskäras
848 209 23 21 af
880 201 163 28 Wiiala
964 197 20 43 --
994 201 49 28 Åbo-

210 238 78 24 banan,
311 239 52 20 enär
384 237 62 22 äfven
469 237 41 21 den
531 237 59 21 förra
604 237 90 22 kommit
709 239 32 20 att
756 237 60 22 ledas
831 243 76 22 genom
922 235 120 24 Loimijoki.

210 266 50 21 Men
284 267 59 20 detta
365 268 23 19 är
411 268 31 19 ett
462 266 97 26 misstag,
575 268 23 25 ty
614 266 39 21 den
670 266 49 21 linie
735 266 64 21 hvars
816 266 157 27 undersökning
1007 265 36 21 Åbo-

209 295 82 21 boerna
313 295 54 21 1895
394 295 44 21 läto
458 294 124 24 verkställa,
606 295 40 20 och
670 295 62 20 hvars
748 295 162 26 utgångspunkt
926 301 37 14 var
978 293 66 22 Riihi-

209 324 65 24 mäki,
298 323 128 27 genomskär
447 323 55 21 först
525 323 110 21 Tammela
656 323 39 21 och
715 323 96 26 Somero,
826 323 49 21 kom
892 323 92 21 derifrån
999 322 44 22 in
1033 318 14 36 i

211 352 32 22 S:t
267 352 95 21 Mårtens
385 352 39 21 och
446 352 64 26 drogs
533 354 71 19 vester
626 358 33 15 om
682 351 76 22 Lundo
775 352 68 27 kyrka
858 352 33 21 till
906 346 47 27 Åbo
969 357 74 22 genom

210 381 129 21 Tavasttull.
369 381 49 20 Men
444 381 54 20 1862
522 380 140 21 verkställdes
684 381 29 26 på
731 381 138 26 regeringens
884 380 118 21 bekostnad
1018 385 25 16 en

211 415 28 21 ny
256 409 160 27 undersökning
431 409 22 21 åt
469 409 37 21 det
521 411 103 19 motsatta
640 409 66 21 hållet
721 409 73 21 utmed
811 411 67 25 vägen
893 409 32 20 till
937 409 106 20 Tammer-

212 438 45 21 fors
282 437 49 22 med
353 437 114 27 Loimijoki
490 437 68 27 kyrka
580 438 32 21 till
631 437 166 27 utgångspunkt,
814 437 107 22 hvarifrån
937 437 35 21 två
987 437 57 20 olika

213 466 121 27 riktningar
354 466 124 27 föreslogos,
495 466 39 21 den
551 473 40 14 ena
607 468 57 19 öster
680 466 39 21 och
735 467 40 20 den
791 467 68 20 andra
874 468 70 19 vester
959 471 33 16 om
1008 465 35 21 nå-

212 502 39 20 gra
266 497 59 19 stora
342 495 56 26 sjöar
413 495 6 20 i
436 495 94 21 Urdiala.
560 495 48 21 Den
623 495 52 21 sista
694 495 121 26 riktningen
831 495 71 21 valdes
917 494 24 21 af
954 494 39 21 den
1009 500 34 15 or-

212 524 45 26 sak,
281 526 33 19 att
331 523 252 27 jernvägssträckningen
599 525 58 19 öster
672 529 34 16 om
722 523 90 22 Urdiala
827 524 57 26 sjöar
899 523 66 21 skulle
981 523 63 21 hafva

212 553 91 20 kommit
318 555 31 18 att
365 553 26 26 gå
406 559 76 20 genom
498 554 60 19 stora
572 552 51 21 kärr
638 552 40 21 och
694 558 77 18 moras,
787 552 84 21 hvilkas
886 552 91 26 fyllande
988 551 54 22 hade

210 581 84 21 fordrat
317 581 97 26 orimliga
436 581 122 21 kostnader.
599 581 45 20 Den
673 581 150 26 ursprungliga
845 580 197 21 Riihimäki—-Äbo-

210 611 68 25 vägen
302 610 38 20 har
363 610 81 21 således
467 609 18 27 ej
508 609 70 27 någon
600 609 128 27 gemenskap
752 610 48 21 med
821 609 40 22 den
876 615 28 15 nu
919 609 119 26 föreslagna

210 633 159 26 Åbo—Wiiala.

280 666 51 50 viä
354 697 73 25 pastor
448 695 137 21 Törnudd:
616 694 40 27 Jag
679 694 38 22 har
737 695 75 27 begärt
827 695 61 21 ordet
904 695 47 21 med
967 694 70 22 anled-

211 724 52 26 ning
286 724 23 20 af
330 723 39 21 den
392 724 146 26 anmärkning,
561 729 45 15 som
629 723 202 27 kontraktsprosten
847 723 103 27 Sohlberg
965 722 73 28 gjorde

211 755 45 19 mot
280 752 162 22 betänkandets:
468 752 20 25 ,i
510 752 85 21 hvilken
611 758 25 15 en
653 752 54 21 bana
723 752 32 21 till
772 753 63 21 Wasa
851 752 60 21 äfven
927 752 65 21 borde
1007 751 31 21 in-

211 781 120 27 begripas*.
357 781 41 21 Det
413 787 37 15 var
466 781 104 26 nemligen
588 780 18 27 ej
622 780 117 22 utskottets
749 782 86 25 mening
847 783 32 19 att
891 781 67 21 banan
971 780 67 21 skulle

211 810 58 20 föras
293 810 80 20 direkte
396 810 31 20 till
451 809 65 21 Wasa
539 810 39 20 och
595 809 93 21 derifrän
703 810 60 26 längs
779 810 75 21 kusten
871 816 42 20 upp
929 809 32 21 till
976 808 62 22 Uleä-

212 838 59 27 borg.
302 838 33 21 En
350 838 66 21 rädan
431 838 94 26 riktning
540 838 23 20 af
576 838 70 21 banan
662 838 67 21 skulle
745 838 136 26 naturligtvis
891 838 68 26 aldrig
969 838 71 20 kunna

211 867 87 21 komma
312 867 7 21 i
335 866 64 28 fräga.
430 866 49 22 Men
496 866 89 22 orsaken
602 866 98 22 hvarföre
716 866 65 22 Wasa
796 867 65 21 skildt
876 866 116 27 utpekades
1001 872 38 14 var

211 896 40 20 den
275 898 32 18 att
329 896 104 20 utskottet
448 896 66 26 ansäg
530 896 36 20 det
582 902 51 14 vara
648 895 105 27 sjelffallet
769 898 33 18 att
817 902 26 14 en
859 895 54 21 bana
929 895 31 21 till
976 894 63 21 Wasa

211 924 66 21 borde
299 926 62 24 göras
384 924 68 26 färdig
475 924 64 20 innan
562 924 36 21 det
619 924 41 20 kan
676 924 65 21 blifva
757 924 61 27 fräga
834 930 33 15 om
883 926 32 18 att
930 924 68 26 bygga
1013 929 26 15 en

212 953 55 21 bana
290 953 31 21 til!
343 952 112 27 Uleäborg.
486 952 33 21 Dä
538 952 116 27 jernvägen
676 952 90 27 troligen
783 953 96 21 kommer
893 955 33 18 att
940 952 47 26 gä
977 948 13 35 i
1004 952 36 21 det

211 982 46 20 inre
279 981 23 21 af
323 981 63 21 Wasa
410 981 40 25 län,
472 981 129 21 ätminstone
624 981 18 27 ej
666 983 98 19 närmare
787 982 76 20 kusten
879 983 26 19 än
922 981 78 26 Lappo,
1017 980 23 21 sä

211 1010 69 21 skulle
302 1010 35 21 det
353 1010 51 21 visst
419 1010 63 20 hafva
498 1010 54 20 varit
567 1010 75 26 riktigt
658 1012 32 19 att
705 1012 61 24 säga:
784 1010 73 24 ,,hvari
875 1016 24 14 en
916 1009 76 21 bibana
1008 1008 32 22 till

212 1039 65 21 Wasa
293 1038 66 22 borde
374 1038 142 27 inbegripas'*;
534 1045 46 14 men
597 1039 61 21 ordet
674 1038 103 28 ,bibana*
795 1038 44 22 blef
852 1038 101 22 undviket
969 1038 22 21 af
1000 1038 39 21 den

212 1068 121 26 anledning,
349 1070 32 18 att
397 1073 46 15 man
460 1068 73 26 tyckes
552 1067 63 21 hafva
630 1073 26 15 en
672 1068 75 26 panisk
763 1067 155 21 förskräckelse
933 1067 32 21 för
980 1066 60 22 ordet

213 1096 86 23 bibana,
323 1096 38 21 och
385 1102 49 14 anse
454 1098 32 18 att
502 1096 69 26 nägon
588 1096 64 21 sädan
669 1096 68 26 aldrig
752 1096 42 21 kan
810 1096 85 20 komma
909 1096 32 20 till
957 1095 61 21 ständ
1033 1094 7 22 i

213 1125 97 20 Finland.
341 1125 61 20 Hvad
424 1124 32 21 för
478 1124 64 27 öfrigt
565 1124 63 21 saken
645 1125 6 20 i
667 1125 32 20 sin
715 1124 72 21 helhet
804 1124 105 26 beträffar,
925 1124 66 21 mäste
1004 1123 36 27 jag

211 1153 106 26 medgifva
339 1155 32 18 att
391 1153 37 26 jag
450 1153 69 20 blifvit
539 1153 92 26 mäktigt
647 1153 76 21 berörd
740 1153 23 20 af
777 1153 40 21 den
834 1155 87 25 stränga
935 1152 83 27 logiken
1034 1151 6 21 i

211 1181 107 28 professor
341 1181 73 22 Cleves
437 1181 45 26 ord,
506 1188 47 14 men
577 1182 80 26 nödgas
680 1181 82 22 ändock
778 1181 93 22 vidhälla
887 1181 54 21 hvad
954 1181 37 26 jag
1006 1181 35 20 vid

211 1211 58 20 förra
291 1211 84 26 plenum
399 1210 90 27 yttrade,
512 1210 105 27 nemligen
642 1212 32 19 att
690 1210 70 21 banan
776 1210 32 21 till
824 1204 47 27 Åbo
887 1210 39 21 bör
941 1209 78 27 byggas
1034 1209 8 21 i

212 1239 152 26 sammanhang
387 1239 47 20 med
455 1239 51 20 eller
522 1239 130 20 åtminstone
668 1239 53 21 efter
737 1245 25 15 en
778 1239 55 21 bana
850 1239 45 20 från
911 1238 131 21 Tavastehus

211 1267 33 21 till
269 1267 146 27 Tammerfors,
432 1267 38 21 och
487 1267 36 21 det
539 1267 17 26 ej
574 1267 76 21 endast
665 1267 34 21 för
714 1267 26 21 de
756 1270 59 19 stora
831 1267 149 27 uppoffringar,
996 1273 46 14 som

212 1291 47 26 Åbo
277 1296 47 21 stad
339 1296 39 21 har
393 1296 68 21 iklädt
476 1296 32 26 sig
524 1295 34 22 för
573 1298 33 19 att
620 1296 150 21 åstadkomma
786 1303 25 14 en
827 1296 72 25 sådan,
914 1297 52 19 utan
981 1295 61 21 äfven

211 1325 33 20 för
267 1327 33 18 att
324 1324 82 21 bevaka
421 1325 25 20 de
462 1325 85 26 andliga
563 1324 124 27 intressena,
702 1325 73 20 hvilka
789 1325 74 20 rektor
878 1324 105 21 Rosendal
999 1329 43 16 om-

213 1355 82 19 nämnt.
326 1353 38 22 Om
389 1359 27 14 nu
438 1353 122 26 ständerna,
582 1353 69 21 såsom
668 1359 46 15 man
731 1353 90 27 hoppas,
837 1353 76 26 bevilja
928 1352 67 21 medel
1010 1352 34 21 till

213 1388 26 15 en
253 1382 90 27 jernväg
358 1381 32 21 till
407 1376 44 27 Åbo
468 1382 38 21 och
523 1381 121 28 derigenom
661 1381 65 22 binda
742 1382 69 21 denna
828 1382 46 21 stad
891 1381 38 22 och
945 1381 47 21 hela
1008 1381 36 21 det

211 1411 111 26 sydvestra
345 1410 89 21 Finland
457 1412 98 19 närmare
579 1410 32 21 till
634 1411 110 20 nationens
768 1411 69 26 hjerta
860 1413 55 18 samt
931 1409 113 22 sämedelst

211 1439 100 27 lyckades
334 1441 116 24 uppvärma
472 1439 32 27 de,
520 1439 67 26 enligt
602 1439 74 21 rektor
691 1439 117 22 Rosendals
824 1439 144 24 förmenande,
985 1438 59 21 svala

211 1467 88 22 känslor
314 1474 45 15 som
375 1468 37 20 der
426 1467 64 27 hysas
506 1467 33 22 för
555 1467 36 21 det
607 1468 68 26 öfriga
690 1474 157 20 gemensamma
865 1467 177 26 fäderneslandet,

211 1496 24 21 så
259 1497 81 26 hoppas
362 1496 36 27 jag
419 1496 39 21 ock
474 1499 32 18 att
521 1503 81 14 samma
616 1497 120 26 patriotism
753 1497 55 20 skall
823 1498 53 25 göra
892 1496 32 27 sig
938 1495 105 27 gällande,

212 1524 18 27 ej
255 1526 74 20 endast
353 1525 38 21 hos
407 1525 35 21 det
458 1525 66 21 finska
540 1524 68 22 folket
623 1525 6 21 i
645 1525 32 20 sin
693 1525 79 26 helhet,
788 1528 52 18 utan
857 1525 67 21 skildt
939 1524 38 21 hos
993 1524 51 21 Fin-
