1117 1817
211 119 41 21 754
423 123 161 17 Presteståndet
597 124 56 16 1872.
678 124 26 16 20
717 123 58 21 april.

182 206 25 19 är
222 204 37 21 det
275 204 71 26 också,
362 207 45 18 tror
420 204 43 26 jag,
479 203 52 22 allas
546 204 56 25 äsigt
617 205 33 19 att
665 204 122 25 regeringen
803 203 40 21 bör
858 203 87 28 ingripa.
961 202 48 22 Men

184 233 89 20 emedan
290 232 39 21 den
343 232 44 27 just
402 231 38 22 bör
455 231 82 28 ingripa
552 231 6 21 i
575 232 25 21 de
616 232 95 21 svåraste
726 231 159 25 situationerna,
901 233 24 20 så
935 234 24 19 är
971 232 39 21 den

183 261 28 21 då
226 261 70 25 också,
313 261 32 20 för
361 263 32 18 att
408 261 70 20 kunna
493 260 116 27 någonting
625 262 86 24 uträtta,
726 260 130 26 nödvändigt
867 260 100 21 hänvisad
978 259 32 22 till

182 289 103 22 utlandet.
316 289 131 27 Regeringen
472 289 73 24 måste,
566 289 35 21 vid
616 289 80 21 sådana
712 289 131 26 tidpunkter,
859 289 52 21 söka
927 289 83 21 utländ-

182 318 39 21 ska
235 318 42 21 lån.
308 317 60 22 Inom
384 317 71 22 landet
471 319 23 19 är
510 317 36 21 det
561 317 129 26 fullkomligt
705 317 96 26 omöjligt
817 319 31 19 att
864 317 33 22 vid
909 323 25 16 en
945 317 65 22 sådan

181 346 102 27 tidpunkt
306 346 118 27 uppbringa
447 352 25 15 en
496 345 65 22 sådan
577 352 88 19 summa,
682 352 45 15 som
743 352 50 14 vore
810 345 97 27 behöflig.
937 346 73 21 Redan

183 375 39 21 den
244 375 115 26 förgångna
381 374 69 22 tidens
473 374 119 21 erfarenhet
612 374 56 21 visar
684 374 41 21 det.
776 381 11 14 År
803 375 55 20 1862
875 376 89 25 upptogs
980 377 30 18 ett

182 403 35 21 lån
239 403 22 21 af
283 404 12 20 6
316 403 97 26 miljoner
428 403 39 21 och
483 403 55 20 1867
555 404 12 20 7
583 402 103 27 miljoner.
717 403 85 21 Sådana
817 409 94 15 summor
926 403 84 26 bringar

182 438 48 15 man
253 431 18 27 ej
296 431 127 22 tillsamman
443 431 5 21 i
465 431 67 21 nödår
547 431 56 21 inom
619 431 78 21 landet.
728 431 43 21 Det
786 431 39 21 har
840 431 65 22 också
919 431 90 27 regerin-

183 466 39 21 gen
238 460 49 26 sjelf
301 460 76 21 uttalat
393 460 38 21 och
448 460 75 26 begärt
538 459 90 22 kreditiv
644 459 119 27 egentligen
775 460 77 21 endast
863 460 33 21 för
906 462 32 19 att
948 460 62 20 vinna

183 489 30 20 tid
236 488 33 21 för
284 489 45 21 låns
346 489 135 26 upptagande
496 489 6 20 i
519 488 101 21 utlandet.
652 488 73 21 Skulle
740 495 28 14 nu
784 489 63 26 ingen
863 495 68 14 annan
947 490 63 24 utväg

183 517 67 21 finnas
273 517 32 21 för
328 517 41 21 tids
389 517 103 21 vinnande
508 519 26 18 än
550 519 31 18 ett
596 517 102 20 kreditivs
714 517 125 26 beviljande,
855 517 24 21 så
893 517 68 21 skulle
974 517 35 26 jag

183 552 51 15 vara
257 546 40 21 den
318 545 65 22 första
398 548 32 19 att
445 545 105 28 tillstyrka
566 545 124 21 detsamma.
721 545 30 27 Ty
768 545 73 21 derom
857 547 24 20 är
893 546 36 26 jag
945 545 64 21 allde-

183 574 30 21 les
229 580 50 15 ense
295 576 32 19 att
343 574 149 26 skyndsamhet
507 580 33 15 om
557 573 75 22 hösten
649 575 23 20 är
683 574 86 21 alldeles
781 574 168 27 oundgängligen
959 574 51 21 nöd-

183 603 84 26 vändig.
297 603 48 20 Men
365 602 37 27 jag
424 602 57 21 inser
502 602 86 21 alldeles
613 603 18 25 ej
651 602 186 26 nödvändigheten
853 603 21 20 af
889 605 30 19 ett
934 603 76 21 sådant

183 631 97 21 kreditiv.
311 631 130 26 Regeringen
456 631 42 21 kan
514 631 80 21 erhålla
606 631 40 20 den
658 630 104 27 behöfliga
774 631 99 26 miljonen
883 631 45 21 helt
939 631 70 21 enkelt

183 666 75 20 genom
275 662 32 18 att
321 660 69 20 vända
405 660 31 26 sig
451 659 32 21 till
498 659 100 21 Finlands
615 659 57 21 bank
687 659 48 21 med
750 659 101 21 anhållan
867 666 34 14 om
912 659 41 21 lån.
969 659 40 27 Jag

183 688 42 20 kan
246 688 17 26 ej
288 687 107 22 föreställa
418 688 41 26 mig
476 690 31 18 att
522 687 101 21 Finlands
639 687 56 21 bank
710 687 75 26 skulle,
802 694 33 14 om
852 688 157 21 förhållandena

183 722 77 15 annars
283 716 69 22 tillåta
375 716 38 21 den
431 719 31 18 att
478 716 75 26 bevilja
569 716 41 25 lån,
627 718 64 24 vägra
707 718 31 19 ett
754 716 34 21 lån
805 717 22 20 åt
842 722 26 15 en
885 716 63 26 kund,
964 722 44 15 som

183 746 67 20 måste
271 751 60 15 anses
347 747 94 24 prestera
456 744 41 22 den
513 744 165 27 fullkomligaste
693 744 106 26 säkerhet,
817 745 67 26 någon
901 745 108 26 låntagare

183 773 42 21 kan
240 776 102 24 prestera.
372 772 56 22 Utan
444 773 98 21 afseende
559 773 50 21 derå
624 775 32 19 att
671 773 68 21 tinska
754 776 70 18 staten
841 774 66 21 måste
919 780 39 20 ega
968 773 40 21 för-

183 802 89 20 troende
295 802 38 21 hos
353 802 99 20 Finlands
475 802 63 23 bank,
562 804 23 18 är
608 801 100 22 Finlands
731 802 56 20 bank
808 802 23 21 åt
845 802 80 20 Finska
939 804 69 19 staten

183 830 84 27 skyldig
282 831 113 26 4,680,000
412 830 40 26 mk,
469 830 39 21 och
524 830 68 21 denva
608 830 62 21 skuld
686 831 67 21 måste
769 830 32 21 väl
818 837 49 14 vara
881 837 25 15 en
917 830 92 22 tillräck-

183 858 29 27 lig
234 859 90 26 garanti,
347 865 32 15 om
401 859 35 21 det
458 859 64 21 också
544 859 17 26 ej
585 858 69 22 skulle
669 859 67 21 finnas
751 859 70 26 någon
837 865 68 15 annan
921 858 32 22 för
969 859 39 21 den

184 893 40 15 ena
240 887 79 27 miljon,
335 894 44 14 som
395 887 67 21 skulle
479 887 93 26 begäras.
604 887 72 21 Skulle
692 887 73 26 frågan
781 887 73 21 ställas
870 888 29 25 så,
910 894 44 14 som
966 887 42 21 lek-

183 918 34 18 tor
232 916 106 21 Johnsson
354 915 58 21 ställt
427 916 47 22 den,
490 918 32 19 att
538 916 54 26 välja
608 916 89 20 emellan
713 918 32 19 att
761 916 68 21 samla
839 922 25 14 en
876 916 57 21 skatt
943 916 6 20 i
960 916 48 21 Fin-

183 944 60 21 lands
259 944 56 21 bank
331 944 51 21 eller
397 947 31 18 att
444 944 44 21 låta
503 951 25 15 en
545 944 33 21 del
594 944 22 21 af
630 944 99 21 nationen
745 945 27 25 gå
788 944 73 24 under,
877 945 24 21 så
916 944 41 22 kan
974 944 35 22 det

184 973 33 21 väl
233 973 68 26 aldrig
317 973 84 21 komma
416 973 5 20 i
437 972 59 26 fråga
511 975 27 19 än
554 975 31 19 att
602 973 66 21 rädda
683 973 106 26 nationen,
807 973 27 21 då
849 973 40 21 den
905 973 41 21 kan
961 974 47 20 räd-

183 1002 37 20 das
236 1002 48 20 med
300 1002 120 26 penningar.
452 1001 49 21 Men
518 1002 36 20 det
569 1004 23 18 är
608 1001 18 27 ej
643 1002 58 26 fråga
718 1002 80 21 derom.
829 1002 47 20 Den
893 1002 33 20 del
942 1001 23 21 af
973 1008 36 14 na-

183 1030 71 20 tionen.
286 1036 44 15 som
351 1032 23 19 är
389 1030 6 20 i
411 1030 65 26 fråga,
492 1030 41 21 kan
549 1030 77 21 räädas
642 1030 27 26 pä
686 1030 34 21 det
735 1032 49 24 sätt,
801 1036 45 15 som
859 1030 37 26 jag
911 1030 38 21 här
964 1030 45 21 haft

183 1060 51 19 äran
258 1058 74 24 uttala,
355 1058 38 22 och
417 1064 62 15 anser
498 1058 37 27 jag
558 1058 70 27 förthy
652 1061 31 18 att
699 1058 36 22 det
750 1058 94 27 begärda
859 1058 112 22 kreditivet
986 1061 24 19 är

183 1087 89 27 onödigt
295 1087 37 21 och
356 1087 118 27 obehöfligt.
504 1087 32 21 Då
552 1093 28 15 nu
596 1086 71 22 dertill
684 1087 95 21 kommer
795 1089 32 19 att
841 1087 118 26 kreditivet,
976 1088 33 20 så-

183 1122 45 14 som
244 1118 159 18 reservanterne
419 1116 61 20 hafva
495 1116 121 22 framhållit,
632 1116 41 20 kan
687 1115 64 21 blifva
761 1115 104 27 skadligt,
876 1116 132 21 alldenstund

183 1144 36 21 det
241 1144 69 21 skulle
333 1143 108 22 framkalla
465 1143 113 22 förlitande
601 1144 27 26 pä
651 1144 130 27 regeringen,
803 1144 81 21 hvilket
897 1144 36 26 jag
949 1150 60 15 anser

182 1178 45 15 som
249 1179 26 14 en
291 1172 21 21 af
327 1173 25 20 de
367 1174 78 19 största
461 1172 106 21 nationela
583 1173 93 26 olyckor.
706 1172 39 25 Dä,
763 1175 62 24 säger
837 1173 43 26 jag,
896 1172 114 21 kreditivet

182 1201 13 20 å
218 1207 40 14 ena
281 1201 58 21 sidan
354 1201 45 20 icke
415 1203 23 18 är
454 1200 101 27 behöfligt
570 1201 40 21 och
625 1201 13 20 ä
653 1201 66 21 andra
734 1201 61 21 sidan
811 1201 42 21 kan
869 1201 63 21 blifva
947 1201 62 21 skad-

182 1229 45 26 ligt,
250 1229 74 21 tvekar
345 1230 36 25 jag
404 1229 17 26 ej
444 1231 32 19 att
492 1229 92 27 afstyrka
601 1229 119 26 antagande
735 1229 22 21 af
771 1230 148 21 statsutskotts
935 1229 73 22 betän-

182 1258 69 21 kande
268 1258 39 21 och
323 1260 32 19 att
369 1257 72 21 förena
457 1258 42 26 mig
515 1258 47 21 med
578 1261 167 18 reservanterna.
769 1258 42 21 Det
822 1257 67 22 finnes
900 1260 31 19 ett
941 1257 69 22 kredi-

183 1287 36 24 tiv,
242 1293 46 14 som
312 1287 38 20 bör
372 1286 72 21 ställas
460 1286 32 21 för
508 1286 39 21 den
564 1286 67 21 finska
647 1287 106 25 nationen,
771 1287 39 20 och
826 1287 59 21 detta
900 1288 24 19 är
939 1286 69 21 arbet-

181 1314 102 26 samhets,
305 1314 170 27 sparsamhetens
498 1315 38 21 och
562 1315 126 21 omtankens
711 1315 97 21 kreditiv.
839 1309 30 27 Är
893 1315 54 21 1867
965 1321 43 19 var,

183 1344 69 20 säsom
276 1349 25 15 en
325 1343 56 21 känd
395 1343 110 22 författare
520 1345 73 25 yttrat,
610 1346 30 18 ett
655 1343 119 26 välsignadt
789 1344 30 25 är,
833 1344 45 26 just
893 1343 70 22 derför
977 1346 32 19 att

183 1371 36 21 det
234 1371 59 22 lärde
309 1372 40 21 den
365 1371 66 22 finska
446 1372 100 21 nationen
562 1375 32 18 att
610 1378 48 15 man
675 1372 40 21 kan
727 1372 26 21 dö
767 1372 162 27 hungersdöden
940 1373 6 20 i
959 1372 50 21 Fin-

181 1399 57 26 land,
254 1402 55 19 trots
325 1400 40 21 alla
381 1400 134 27 regeringens
530 1401 177 26 ansträngningar
722 1400 39 21 och
777 1403 54 18 trots
842 1401 42 20 alla
895 1401 39 21 den
947 1401 62 21 krist-

181 1429 42 26 liga
250 1428 201 27 barmhertighetens
474 1429 146 21 bemödanden
642 1432 55 18 samt
720 1431 33 19 att
776 1429 75 21 endast
866 1429 143 22 arbetsamhet

182 1457 39 21 och
243 1457 133 26 sparsamhet
399 1459 35 19 äro
458 1457 26 21 de
504 1459 56 20 rätta
576 1457 153 27 hjelpkällorna
745 1458 6 20 i
768 1457 71 27 dylika
854 1457 43 22 fall.
927 1457 32 22 Då
972 1457 37 27 jag

181 1485 91 22 sälunda
292 1486 90 27 afstyrkt
397 1486 129 26 antagandet
541 1486 21 21 af
577 1486 158 27 propositionen
752 1486 60 21 äfven
828 1486 6 21 i
851 1486 39 21 den
907 1486 40 25 del,
963 1492 45 15 som

181 1513 22 21 af
224 1515 105 20 utskottet
351 1513 67 22 blifvit
443 1514 107 27 tillstyrkt,
568 1517 22 18 är
607 1515 36 20 det
659 1514 56 21 klart
730 1516 33 19 att
776 1514 36 27 jag
827 1515 24 21 så
866 1515 83 27 mycket
965 1521 43 16 mer
