1117 1817
228 120 43 22 676
452 125 162 17 Presteständet
627 126 55 18 1872.
701 126 22 17 16
735 126 58 21 april.

199 208 27 19 än
243 206 6 20 i
266 208 88 19 motsatt
369 205 93 28 syftning
478 206 34 21 mä
529 206 73 21 derom
618 206 81 26 anföra,
715 208 52 19 enär
781 206 54 21 ifrän
851 207 123 21 densamma
985 206 48 26 inga

199 234 139 27 utgreningar
359 234 85 21 komma
466 235 33 20 att
521 235 58 27 utgä,
602 235 128 21 ätminstone
752 235 46 20 icke
813 234 7 21 i
836 241 25 15 en
877 241 50 15 snar
941 234 90 22 framtid.

199 263 104 22 Deremot
318 262 68 22 skulle
402 269 25 14 en
444 263 56 21 bana
516 263 32 20 till
564 263 145 26 Osterbotten,
725 263 70 22 säsom
811 263 108 27 professor
931 263 101 22 Forsman

199 291 68 22 redan
283 291 105 25 anmärkt,
405 291 98 22 förbinda
518 293 78 20 tvenne
612 291 130 22 vidsträckta
758 292 73 21 kuster
847 292 47 21 med
907 292 125 26 hvarandra,

201 320 40 21 och
265 320 27 27 pä
315 319 93 22 snedden
431 320 141 26 genomskära
595 320 48 21 hela
666 320 78 21 landet.
775 320 98 21 Nämnde
888 321 55 21 bana
958 320 72 24 skulle,

201 348 67 27 enligt
293 348 54 21 hvad
373 347 184 28 öfverstelöjtnant
582 348 90 27 Pipping
694 349 91 26 upplyst,
809 349 6 20 i
838 349 106 21 anseende
959 349 30 21 till
1006 349 25 21 de

202 379 55 19 mest
282 383 123 21 gynsamma
429 377 242 26 terrängförhällanden,
700 377 72 21 kunna
799 377 79 28 byggas
907 377 125 27 ojemförligt

201 405 86 27 mycket
311 405 95 27 billigare
428 407 27 19 än
479 406 69 26 någon
572 412 69 15 annan
660 406 89 26 jernväg
772 406 7 21 i
795 406 79 21 landet.
906 407 41 20 Det
962 408 24 19 är
1001 408 31 19 ett

201 434 150 21 konstateradt
373 433 81 22 faktum
477 436 32 19 att
530 434 140 27 jernvägarne
692 434 6 21 i
721 434 73 21 landet
809 434 45 21 haft
869 434 32 21 sin
916 435 115 20 förnämsta

202 462 39 22 och
257 462 193 27 hufvudsakligaste
466 462 94 21 inkomst
576 463 21 21 af
611 463 124 26 ladugärds-
751 463 39 21 och
807 463 185 26 skogsprodukter,
1005 462 27 21 dä

203 491 97 21 deremot
314 491 119 21 inkomsten
450 491 22 21 af
483 491 183 28 jordbruksalster
681 491 54 22 varit
750 491 81 27 ganska
847 492 66 26 ringa,
927 491 38 22 och
974 490 22 22 af
1005 491 26 20 de

202 519 57 22 förra
281 519 38 21 har
335 519 32 21 väl
383 526 26 15 en
422 520 88 26 jernväg
525 519 46 22 frän
588 519 138 22 Österbotten
742 522 33 19 att
790 520 95 27 päräkna
900 520 48 21 vida
963 521 69 20 större

203 547 102 25 tillförsel,
322 550 27 19 än
364 554 26 15 en
404 548 86 26 jernväg
506 548 46 21 från
588 548 34 21 Åbo.
656 549 113 20 Dessutom
785 549 68 21 måste
869 548 32 21 väl
917 548 115 27 medgifvas

203 578 32 20 att
251 583 25 14 en
290 577 87 26 jernväg
394 577 65 20 mäste
475 577 148 21 ästadkomma
638 583 26 15 en
681 577 46 21 vida
743 579 69 20 större
828 577 40 21 och
881 577 106 26 hastigare
998 578 32 19 ut-

202 605 98 26 veckling
323 605 6 20 i
349 611 25 14 en
391 605 101 26 landsort,
508 605 38 22 der
558 605 76 27 jorden
651 605 6 21 i
673 605 51 27 följd
739 605 22 21 af
775 605 53 21 brist
843 607 28 25 pä
886 605 145 22 kommunika-

203 634 70 21 tioner
288 634 32 20 för
336 633 35 22 det
385 634 132 21 närvarande
533 634 81 27 knappt
630 640 50 20 eger
696 635 64 24 nägot
776 634 175 27 penningevärde,
964 634 66 21 ehuru

203 662 122 22 densamma
341 664 55 19 ännu
412 662 87 21 innehar
514 662 32 21 sin
561 662 154 26 ursprungliga,
728 663 129 26 jungfruliga
868 662 162 26 alstringskraft,

203 691 24 21 så
249 692 32 19 att
302 690 153 22 sädesskörden
478 690 22 21 af
520 691 56 21 ända
594 690 32 22 till
643 691 62 21 30:de
720 691 76 21 kornet
812 691 46 21 icke
874 693 36 19 äro
927 690 103 26 ovanliga,

203 719 28 21 då
253 719 96 21 deremot
370 719 74 26 jorden
467 718 7 22 i
496 719 64 21 södra
580 719 62 21 delen
658 719 22 21 af
694 719 73 21 landet
782 726 75 20 genom
873 719 50 21 flere
939 719 90 21 hundra-

203 748 60 26 åriga
285 747 113 21 oafbrutna
420 748 152 21 sädesskördar
594 747 69 21 blifvit
678 748 5 20 i
699 748 42 26 hög
756 748 51 26 grad
823 748 115 25 utmattad;
955 750 21 24 ty
992 748 38 20 der

203 778 57 19 ännu
283 776 23 21 så
329 776 83 27 mycket
426 776 92 21 återstår
533 778 32 19 att
580 778 59 24 göra,
656 776 37 22 der
707 776 62 22 skola
784 776 191 26 företagsamheten
990 776 40 21 och

203 804 133 27 kapitalerna
361 804 56 22 finna
432 805 36 21 det
483 804 79 22 rikaste
578 804 38 22 fält
631 805 33 21 för
678 805 32 21 sin
727 804 140 26 verksamhet,
883 805 39 21 och
932 805 37 26 jag
983 804 47 21 tvif-

203 834 33 20 lar
258 833 46 21 icke
319 835 32 19 att
367 833 25 21 de
407 834 60 20 skola
482 833 52 21 söka
549 834 32 25 sig
597 835 40 25 väg
652 833 31 21 till
700 834 25 20 de
741 833 121 27 uppodlade
878 834 152 20 ödemarkerna

204 868 34 14 om
254 861 55 21 blott
324 862 208 21 kommunikationen
549 862 30 20 dit
595 862 68 21 blefve
678 868 77 20 genom
771 868 25 15 en
807 862 88 26 jernväg
905 862 123 20 förmedlad.

203 890 45 21 Min
272 890 82 26 mening
377 892 24 19 är
422 892 31 19 att
473 890 44 27 just
540 890 30 21 uti
593 890 154 22 ödemarkerna
762 890 147 22 rikedomarne
924 890 56 26 ligga
995 890 33 20 be-

203 918 81 27 grafna,
310 918 39 22 och
365 921 32 18 att
412 919 35 21 det
462 918 56 22 blott
533 918 100 22 behöfves
649 919 112 27 tidsenliga
777 918 206 22 kommunikationer
998 918 34 21 för

204 949 32 19 att
252 947 106 21 desamma
374 947 70 21 kunna
460 947 90 21 derifrän
567 948 133 26 upphämtas.
732 948 49 20 Med
797 950 31 18 ett
843 948 45 23 ord,
904 954 25 14 en
943 948 88 26 jernväg

203 976 24 21 ät
249 982 64 15 norra
335 976 85 21 delarne
442 976 22 21 af
485 976 72 21 landet
572 978 24 19 är
611 976 6 20 i
634 976 111 27 bokstaflig
762 976 89 26 mening,
868 976 39 21 och
923 982 44 14 mer
982 978 26 18 än
1024 975 6 21 i

204 1006 31 20 ett
258 1004 104 26 afseende,
385 1010 26 15 en
434 1004 79 27 verklig
535 1004 94 27 lifsfräga
651 1004 32 22 för
702 1005 91 21 nämnäe
809 1004 126 26 landsorter,
951 1007 22 24 ty
988 1004 42 21 min

205 1032 139 27 öfvertygelse
359 1034 30 25 är,
405 1035 32 19 att
449 1039 34 15 om
499 1033 34 21 vid
550 1036 83 18 senaste
649 1034 59 20 svåra
726 1033 67 21 nödär
809 1040 25 14 en
847 1033 88 26 jernväg
948 1033 30 21 dit
988 1039 42 20 upp

204 1061 87 26 funnits,
313 1062 24 20 sä
358 1061 68 21 skulle
447 1062 75 25 mänga
546 1062 88 21 tusende
654 1062 22 20 af
690 1062 54 26 dem,
761 1068 44 14 som
822 1062 27 20 dä
865 1062 84 20 dukade
964 1062 67 20 under

204 1090 33 21 för
253 1090 160 26 hungersdöden
429 1090 38 21 och
484 1090 80 26 hunger
580 1090 63 26 tyfus,
655 1090 67 21 blifvit
733 1090 99 21 räddade.
848 1090 113 25 emedan,
950 1086 13 34 i
976 1090 53 20 brist

204 1119 27 26 pä
247 1118 211 26 kommunikationer,
475 1125 37 14 var
527 1118 95 21 tillförsel
639 1119 22 21 af
668 1119 95 25 spanmä!
774 1118 46 21 från
831 1119 104 26 Ryssland
945 1118 31 21 dit
988 1124 42 20 upp

205 1147 68 20 under
298 1146 161 22 menförestiden
472 1153 36 14 om
525 1147 64 21 våren
605 1153 26 15 en
647 1153 37 16 ren
700 1147 130 27 omöjlighet,
847 1147 38 21 och
902 1147 68 20 kunde
985 1147 45 20 icke

205 1175 98 25 erhällas,
326 1181 34 15 om
381 1177 26 19 än
428 1175 40 22 den
489 1175 68 21 blifvit
576 1176 98 26 uppvägd
690 1176 48 21 med
753 1175 56 27 guld.
840 1176 43 21 För
899 1175 62 26 öfrigt
976 1174 54 21 skall

205 1203 36 22 det
257 1205 59 20 snart
331 1210 42 20 nog
389 1203 42 22 visa
446 1205 32 26 sig
493 1210 34 15 om
543 1207 200 24 representanterna
759 1204 32 21 för
807 1205 62 20 södra
885 1204 60 21 delen
957 1203 21 22 af
987 1203 43 21 lan-

205 1231 36 22 det
263 1238 51 15 anse
333 1235 32 18 att
382 1233 62 20 ocksä
457 1233 66 21 andra
538 1235 59 19 orter
613 1233 89 21 behöfva
717 1234 65 25 nägra
795 1233 119 26 jernvägar,
931 1232 27 21 dä
973 1238 59 15 nem-

204 1259 57 28 ligen
284 1261 114 21 ständerna
420 1261 84 21 komma
520 1263 32 19 att
568 1261 106 22 behandla
689 1261 60 22 Haus
765 1261 110 26 Majestäts
891 1261 76 26 nädiga
982 1267 48 20 pro-

204 1288 93 27 position
320 1295 33 15 om
375 1289 121 27 försäljning
512 1290 22 21 af
548 1290 199 26 statsjernvägarne.
778 1289 41 27 Jag
834 1289 89 27 befarar,
939 1289 38 21 och
993 1289 39 21 har

205 1317 120 26 anledning,
349 1321 32 18 att
404 1317 22 22 af
439 1318 49 21 herr
503 1318 120 21 Ehrnroths
638 1318 137 27 andragande
791 1319 5 20 i
811 1318 150 25 adelsständet,
976 1320 56 18 samt

204 1345 159 28 ridderskapets
383 1346 6 21 i
405 1346 92 27 enlighet
513 1347 85 20 dermed
614 1347 81 21 fattade
711 1347 70 21 beslut
796 1349 40 23 tro,
852 1349 33 19 att
900 1345 60 22 deraf
974 1346 17 26 ej
1008 1348 25 19 är

204 1374 85 27 mycket
311 1376 31 19 att
361 1374 86 27 hoppas.
478 1375 116 26 Sluteligen
610 1375 90 22 utbeder
712 1375 37 26 jag
764 1375 42 26 mig
821 1377 32 19 att
869 1375 20 22 få
905 1374 79 26 anföra,
1000 1377 33 18 att

204 1402 36 21 det
255 1405 39 24 gör
309 1403 42 26 mig
366 1403 90 26 verkligt
471 1403 52 22 ondt
538 1406 33 19 att
586 1403 63 26 finna,
665 1407 32 18 att
712 1403 106 26 ätskilliga
833 1403 22 22 af
869 1403 95 22 ständets
975 1403 57 20 med-

204 1430 95 25 lemmar,
322 1431 39 22 och
384 1431 73 22 främst
479 1432 64 21 bland
567 1433 47 20 dem
634 1432 70 21 lektor
719 1432 127 25 Rosendahl,
861 1434 68 25 yttrat
944 1433 31 20 att
990 1431 42 21 alla

204 1459 72 26 frägor
291 1465 34 16 om
341 1460 160 22 instrumentala
516 1461 188 26 undersökningar,
720 1461 73 21 vidare
809 1463 26 19 än
847 1461 61 21 dessa
918 1466 28 15 nu
957 1459 76 26 ifräga-

204 1487 99 26 varande,
318 1487 32 22 för
365 1489 68 21 denna
448 1489 56 26 gång
520 1489 18 27 ej
554 1489 68 22 skulle
638 1489 85 22 komma
739 1490 6 20 i
761 1489 65 26 fråga.
