<?xml version="1.0" encoding="UTF-8"?>
<alto xmlns="http://www.loc.gov/standards/alto/ns-v3#" xmlns:xlink="http://www.w3.org/1999/xlink" xmlns:xsi="http://www.w3.org/2001/XMLSchema-instance" xsi:schemaLocation="http://www.loc.gov/standards/alto/ns-v3# http://www.loc.gov/alto/v3/alto-3-0.xsd">
	<Description>
		<MeasurementUnit>pixel</MeasurementUnit>
		<sourceImageInformation>
			<fileName>/tmp/tess_11q525rm_input.PNG</fileName>
		</sourceImageInformation>
		<OCRProcessing ID="OCR_0">
			<ocrProcessingStep>
				<processingSoftware>
					<softwareName>tesseract 5.3.4</softwareName>
				</processingSoftware>
			</ocrProcessingStep>
		</OCRProcessing>
	</Description>
	<Layout>
		<Page WIDTH="1117" HEIGHT="1817" PHYSICAL_IMG_NR="0" ID="page_0">
			<PrintSpace HPOS="0" VPOS="0" WIDTH="1117" HEIGHT="1817">
				<ComposedBlock ID="cblock_0" HPOS="218" VPOS="136" WIDTH="551" HEIGHT="27">
					<TextBlock ID="block_0" HPOS="218" VPOS="136" WIDTH="551" HEIGHT="27">
						<TextLine ID="line_0" HPOS="218" VPOS="136" WIDTH="551" HEIGHT="27">
							<String ID="string_0" HPOS="218" VPOS="136" WIDTH="55" HEIGHT="21" WC="0.95" CONTENT="1022"/><SP WIDTH="161" VPOS="136" HPOS="273"/>
							<String ID="string_1" HPOS="434" VPOS="142" WIDTH="162" HEIGHT="17" WC="0.91" CONTENT="Presteståndet"/><SP WIDTH="14" VPOS="142" HPOS="596"/>
							<String ID="string_2" HPOS="610" VPOS="142" WIDTH="54" HEIGHT="17" WC="0.96" CONTENT="1872."/><SP WIDTH="25" VPOS="142" HPOS="664"/>
							<String ID="string_3" HPOS="689" VPOS="143" WIDTH="19" HEIGHT="15" WC="0.96" CONTENT="11"/><SP WIDTH="13" VPOS="143" HPOS="708"/>
							<String ID="string_4" HPOS="721" VPOS="142" WIDTH="48" HEIGHT="21" WC="0.96" CONTENT="maj."/>
						</TextLine>
					</TextBlock>
				</ComposedBlock>
				<GraphicalElement ID="cblock_1" HPOS="192" VPOS="173" WIDTH="823" HEIGHT="9"></GraphicalElement >
				<ComposedBlock ID="cblock_2" HPOS="256" VPOS="221" WIDTH="476" HEIGHT="26">
					<TextBlock ID="block_1" HPOS="256" VPOS="221" WIDTH="476" HEIGHT="26">
						<TextLine ID="line_1" HPOS="256" VPOS="221" WIDTH="476" HEIGHT="26">
							<String ID="string_5" HPOS="256" VPOS="221" WIDTH="115" HEIGHT="26" WC="0.96" CONTENT="Angående"/><SP WIDTH="17" VPOS="221" HPOS="371"/>
							<String ID="string_6" HPOS="388" VPOS="221" WIDTH="12" HEIGHT="26" WC="0.76" CONTENT="8"/><SP WIDTH="15" VPOS="221" HPOS="400"/>
							<String ID="string_7" HPOS="415" VPOS="222" WIDTH="13" HEIGHT="19" WC="0.96" CONTENT="4"/><SP WIDTH="16" VPOS="222" HPOS="428"/>
							<String ID="string_8" HPOS="444" VPOS="221" WIDTH="103" HEIGHT="26" WC="0.96" CONTENT="begärdes"/><SP WIDTH="16" VPOS="221" HPOS="547"/>
							<String ID="string_9" HPOS="563" VPOS="221" WIDTH="62" HEIGHT="21" WC="0.96" CONTENT="ordet"/><SP WIDTH="15" VPOS="221" HPOS="625"/>
							<String ID="string_10" HPOS="640" VPOS="221" WIDTH="54" HEIGHT="21" WC="0.96" CONTENT="först"/><SP WIDTH="15" VPOS="221" HPOS="694"/>
							<String ID="string_11" HPOS="709" VPOS="221" WIDTH="23" HEIGHT="21" WC="0.96" CONTENT="af"/>
						</TextLine>
					</TextBlock>
				</ComposedBlock>
				<ComposedBlock ID="cblock_3" HPOS="186" VPOS="288" WIDTH="828" HEIGHT="171">
					<TextBlock ID="block_2" HPOS="186" VPOS="288" WIDTH="828" HEIGHT="171">
						<TextLine ID="line_2" HPOS="256" VPOS="288" WIDTH="757" HEIGHT="28">
							<String ID="string_12" HPOS="256" VPOS="289" WIDTH="89" HEIGHT="21" WC="0.96" CONTENT="Prosten"/><SP WIDTH="26" VPOS="289" HPOS="345"/>
							<String ID="string_13" HPOS="371" VPOS="288" WIDTH="167" HEIGHT="27" WC="0.96" CONTENT="Grönberg,"/><SP WIDTH="26" VPOS="288" HPOS="538"/>
							<String ID="string_14" HPOS="564" VPOS="295" WIDTH="45" HEIGHT="15" WC="0.96" CONTENT="som"/><SP WIDTH="26" VPOS="295" HPOS="609"/>
							<String ID="string_15" HPOS="635" VPOS="289" WIDTH="49" HEIGHT="21" WC="0.94" CONTENT="ville"/><SP WIDTH="23" VPOS="289" HPOS="684"/>
							<String ID="string_16" HPOS="707" VPOS="289" WIDTH="86" HEIGHT="21" WC="0.91" CONTENT="biträda"/><SP WIDTH="16" VPOS="289" HPOS="793"/>
							<String ID="string_17" HPOS="809" VPOS="289" WIDTH="204" HEIGHT="27" WC="0.90" CONTENT="landtdagsmannen"/>
						</TextLine>
						<TextLine ID="line_3" HPOS="186" VPOS="317" WIDTH="828" HEIGHT="27">
							<String ID="string_18" HPOS="186" VPOS="317" WIDTH="136" HEIGHT="26" WC="0.96" CONTENT="Rosenbergs"/><SP WIDTH="23" VPOS="317" HPOS="322"/>
							<String ID="string_19" HPOS="345" VPOS="319" WIDTH="44" HEIGHT="20" WC="0.96" CONTENT="mot"/><SP WIDTH="23" VPOS="319" HPOS="389"/>
							<String ID="string_20" HPOS="412" VPOS="317" WIDTH="145" HEIGHT="21" WC="0.93" CONTENT="betänkandet"/><SP WIDTH="15" VPOS="317" HPOS="557"/>
							<String ID="string_21" HPOS="572" VPOS="317" WIDTH="81" HEIGHT="27" WC="0.91" CONTENT="afgifna"/><SP WIDTH="15" VPOS="317" HPOS="653"/>
							<String ID="string_22" HPOS="668" VPOS="318" WIDTH="132" HEIGHT="21" WC="0.96" CONTENT="reservation"/><SP WIDTH="17" VPOS="318" HPOS="800"/>
							<String ID="string_23" HPOS="817" VPOS="318" WIDTH="6" HEIGHT="20" WC="0.96" CONTENT="i"/><SP WIDTH="16" VPOS="318" HPOS="823"/>
							<String ID="string_24" HPOS="839" VPOS="318" WIDTH="41" HEIGHT="21" WC="0.96" CONTENT="den"/><SP WIDTH="15" VPOS="318" HPOS="880"/>
							<String ID="string_25" HPOS="895" VPOS="318" WIDTH="34" HEIGHT="21" WC="0.96" CONTENT="del"/><SP WIDTH="16" VPOS="318" HPOS="929"/>
							<String ID="string_26" HPOS="945" VPOS="319" WIDTH="69" HEIGHT="20" WC="0.96" CONTENT="denna"/>
						</TextLine>
						<TextLine ID="line_4" HPOS="186" VPOS="345" WIDTH="828" HEIGHT="28">
							<String ID="string_27" HPOS="186" VPOS="345" WIDTH="119" HEIGHT="22" WC="0.95" CONTENT="innehåller"/><SP WIDTH="22" VPOS="345" HPOS="305"/>
							<String ID="string_28" HPOS="327" VPOS="346" WIDTH="46" HEIGHT="21" WC="0.96" CONTENT="skäl"/><SP WIDTH="22" VPOS="346" HPOS="373"/>
							<String ID="string_29" HPOS="395" VPOS="348" WIDTH="56" HEIGHT="19" WC="0.91" CONTENT="emot"/><SP WIDTH="21" VPOS="348" HPOS="451"/>
							<String ID="string_30" HPOS="472" VPOS="346" WIDTH="222" HEIGHT="27" WC="0.91" CONTENT="landtmannafartygs"/><SP WIDTH="16" VPOS="346" HPOS="694"/>
							<String ID="string_31" HPOS="710" VPOS="346" WIDTH="128" HEIGHT="27" WC="0.91" CONTENT="inskrifning"/><SP WIDTH="15" VPOS="346" HPOS="838"/>
							<String ID="string_32" HPOS="853" VPOS="347" WIDTH="39" HEIGHT="20" WC="0.96" CONTENT="hos"/><SP WIDTH="15" VPOS="347" HPOS="892"/>
							<String ID="string_33" HPOS="907" VPOS="349" WIDTH="107" HEIGHT="19" WC="0.96" CONTENT="närmaste"/>
						</TextLine>
						<TextLine ID="line_5" HPOS="186" VPOS="374" WIDTH="828" HEIGHT="27">
							<String ID="string_34" HPOS="186" VPOS="375" WIDTH="119" HEIGHT="26" WC="0.95" CONTENT="magistrat."/><SP WIDTH="30" VPOS="375" HPOS="305"/>
							<String ID="string_35" HPOS="335" VPOS="375" WIDTH="44" HEIGHT="21" WC="0.94" CONTENT="Tal."/><SP WIDTH="28" VPOS="375" HPOS="379"/>
							<String ID="string_36" HPOS="407" VPOS="375" WIDTH="65" HEIGHT="26" WC="0.96" CONTENT="ansåg"/><SP WIDTH="25" VPOS="375" HPOS="472"/>
							<String ID="string_37" HPOS="497" VPOS="376" WIDTH="34" HEIGHT="19" WC="0.96" CONTENT="att"/><SP WIDTH="24" VPOS="376" HPOS="531"/>
							<String ID="string_38" HPOS="555" VPOS="374" WIDTH="90" HEIGHT="27" WC="0.95" CONTENT="utgifter"/><SP WIDTH="25" VPOS="374" HPOS="645"/>
							<String ID="string_39" HPOS="670" VPOS="381" WIDTH="50" HEIGHT="14" WC="0.96" CONTENT="vore"/><SP WIDTH="16" VPOS="381" HPOS="720"/>
							<String ID="string_40" HPOS="736" VPOS="374" WIDTH="102" HEIGHT="22" WC="0.96" CONTENT="förenade"/><SP WIDTH="16" VPOS="374" HPOS="838"/>
							<String ID="string_41" HPOS="854" VPOS="375" WIDTH="93" HEIGHT="25" WC="0.96" CONTENT="dermed,"/><SP WIDTH="16" VPOS="375" HPOS="947"/>
							<String ID="string_42" HPOS="963" VPOS="377" WIDTH="51" HEIGHT="19" WC="0.96" CONTENT="enär"/>
						</TextLine>
						<TextLine ID="line_6" HPOS="186" VPOS="403" WIDTH="828" HEIGHT="27">
							<String ID="string_43" HPOS="186" VPOS="409" WIDTH="60" HEIGHT="15" WC="0.95" CONTENT="resor"/><SP WIDTH="23" VPOS="409" HPOS="246"/>
							<String ID="string_44" HPOS="269" VPOS="403" WIDTH="34" HEIGHT="21" WC="0.95" CONTENT="för"/><SP WIDTH="25" VPOS="403" HPOS="303"/>
							<String ID="string_45" HPOS="328" VPOS="403" WIDTH="120" HEIGHT="21" WC="0.96" CONTENT="ändamålet"/><SP WIDTH="24" VPOS="403" HPOS="448"/>
							<String ID="string_46" HPOS="472" VPOS="403" WIDTH="67" HEIGHT="21" WC="0.96" CONTENT="borde"/><SP WIDTH="24" VPOS="403" HPOS="539"/>
							<String ID="string_47" HPOS="563" VPOS="403" WIDTH="109" HEIGHT="26" WC="0.92" CONTENT="företagas"/><SP WIDTH="23" VPOS="403" HPOS="672"/>
							<String ID="string_48" HPOS="695" VPOS="409" WIDTH="18" HEIGHT="15" WC="0.83" CONTENT="o."/><SP WIDTH="18" VPOS="409" HPOS="713"/>
							<String ID="string_49" HPOS="731" VPOS="409" WIDTH="17" HEIGHT="15" WC="0.93" CONTENT="s."/><SP WIDTH="16" VPOS="409" HPOS="748"/>
							<String ID="string_50" HPOS="764" VPOS="409" WIDTH="25" HEIGHT="20" WC="0.92" CONTENT="v.,"/><SP WIDTH="16" VPOS="409" HPOS="789"/>
							<String ID="string_51" HPOS="805" VPOS="409" WIDTH="48" HEIGHT="16" WC="0.93" CONTENT="men"/><SP WIDTH="15" VPOS="409" HPOS="853"/>
							<String ID="string_52" HPOS="868" VPOS="403" WIDTH="146" HEIGHT="27" WC="0.91" CONTENT="inskrifnings-"/>
						</TextLine>
						<TextLine ID="line_7" HPOS="186" VPOS="431" WIDTH="717" HEIGHT="28">
							<String ID="string_53" HPOS="186" VPOS="431" WIDTH="149" HEIGHT="28" WC="0.96" CONTENT="skyldigheten"/><SP WIDTH="15" VPOS="431" HPOS="335"/>
							<String ID="string_54" HPOS="350" VPOS="432" WIDTH="66" HEIGHT="21" WC="0.96" CONTENT="borde"/><SP WIDTH="15" VPOS="432" HPOS="416"/>
							<String ID="string_55" HPOS="431" VPOS="438" WIDTH="52" HEIGHT="15" WC="0.96" CONTENT="vara"/><SP WIDTH="15" VPOS="438" HPOS="483"/>
							<String ID="string_56" HPOS="498" VPOS="431" WIDTH="24" HEIGHT="21" WC="0.96" CONTENT="så"/><SP WIDTH="15" VPOS="431" HPOS="522"/>
							<String ID="string_57" HPOS="537" VPOS="431" WIDTH="47" HEIGHT="22" WC="0.96" CONTENT="litet"/><SP WIDTH="16" VPOS="431" HPOS="584"/>
							<String ID="string_58" HPOS="600" VPOS="431" WIDTH="137" HEIGHT="27" WC="0.96" CONTENT="betungande"/><SP WIDTH="16" VPOS="431" HPOS="737"/>
							<String ID="string_59" HPOS="753" VPOS="438" WIDTH="45" HEIGHT="15" WC="0.96" CONTENT="som"/><SP WIDTH="16" VPOS="438" HPOS="798"/>
							<String ID="string_60" HPOS="814" VPOS="432" WIDTH="89" HEIGHT="27" WC="0.96" CONTENT="möjligt."/>
						</TextLine>
					</TextBlock>
				</ComposedBlock>
				<ComposedBlock ID="cblock_4" HPOS="186" VPOS="499" WIDTH="828" HEIGHT="113">
					<TextBlock ID="block_3" HPOS="186" VPOS="499" WIDTH="828" HEIGHT="113">
						<TextLine ID="line_8" HPOS="255" VPOS="499" WIDTH="758" HEIGHT="28">
							<String ID="string_61" HPOS="255" VPOS="500" WIDTH="91" HEIGHT="21" WC="0.96" CONTENT="Prosten"/><SP WIDTH="22" VPOS="500" HPOS="346"/>
							<String ID="string_62" HPOS="368" VPOS="499" WIDTH="85" HEIGHT="28" WC="0.96" CONTENT="Hjelt"/><SP WIDTH="22" VPOS="499" HPOS="453"/>
							<String ID="string_63" HPOS="475" VPOS="500" WIDTH="99" HEIGHT="21" WC="0.96" CONTENT="framhöll"/><SP WIDTH="24" VPOS="500" HPOS="574"/>
							<String ID="string_64" HPOS="598" VPOS="502" WIDTH="32" HEIGHT="19" WC="0.96" CONTENT="att"/><SP WIDTH="22" VPOS="502" HPOS="630"/>
							<String ID="string_65" HPOS="652" VPOS="506" WIDTH="25" HEIGHT="15" WC="0.96" CONTENT="en"/><SP WIDTH="16" VPOS="506" HPOS="677"/>
							<String ID="string_66" HPOS="693" VPOS="500" WIDTH="23" HEIGHT="21" WC="0.96" CONTENT="af"/><SP WIDTH="13" VPOS="500" HPOS="716"/>
							<String ID="string_67" HPOS="729" VPOS="501" WIDTH="205" HEIGHT="26" WC="0.88" CONTENT="grundprinciperna"/><SP WIDTH="15" VPOS="501" HPOS="934"/>
							<String ID="string_68" HPOS="949" VPOS="500" WIDTH="6" HEIGHT="21" WC="0.91" CONTENT="i"/><SP WIDTH="16" VPOS="500" HPOS="955"/>
							<String ID="string_69" HPOS="971" VPOS="500" WIDTH="42" HEIGHT="21" WC="0.91" CONTENT="för-"/>
						</TextLine>
						<TextLine ID="line_9" HPOS="186" VPOS="528" WIDTH="826" HEIGHT="27">
							<String ID="string_70" HPOS="186" VPOS="529" WIDTH="69" HEIGHT="26" WC="0.96" CONTENT="slaget"/><SP WIDTH="25" VPOS="529" HPOS="255"/>
							<String ID="string_71" HPOS="280" VPOS="535" WIDTH="50" HEIGHT="15" WC="0.96" CONTENT="vore"/><SP WIDTH="24" VPOS="535" HPOS="330"/>
							<String ID="string_72" HPOS="354" VPOS="528" WIDTH="45" HEIGHT="27" WC="0.96" CONTENT="just"/><SP WIDTH="25" VPOS="528" HPOS="399"/>
							<String ID="string_73" HPOS="424" VPOS="529" WIDTH="40" HEIGHT="20" WC="0.96" CONTENT="den"/><SP WIDTH="25" VPOS="529" HPOS="464"/>
							<String ID="string_74" HPOS="489" VPOS="530" WIDTH="32" HEIGHT="19" WC="0.96" CONTENT="att"/><SP WIDTH="15" VPOS="530" HPOS="521"/>
							<String ID="string_75" HPOS="536" VPOS="529" WIDTH="43" HEIGHT="20" WC="0.95" CONTENT="alla"/><SP WIDTH="15" VPOS="529" HPOS="579"/>
							<String ID="string_76" HPOS="594" VPOS="529" WIDTH="70" HEIGHT="26" WC="0.96" CONTENT="fartyg"/><SP WIDTH="16" VPOS="529" HPOS="664"/>
							<String ID="string_77" HPOS="680" VPOS="529" WIDTH="53" HEIGHT="20" WC="0.95" CONTENT="böra"/><SP WIDTH="16" VPOS="529" HPOS="733"/>
							<String ID="string_78" HPOS="749" VPOS="535" WIDTH="52" HEIGHT="14" WC="0.93" CONTENT="vara"/><SP WIDTH="15" VPOS="535" HPOS="801"/>
							<String ID="string_79" HPOS="816" VPOS="529" WIDTH="101" HEIGHT="21" WC="0.92" CONTENT="inskrifne"/><SP WIDTH="17" VPOS="529" HPOS="917"/>
							<String ID="string_80" HPOS="934" VPOS="529" WIDTH="38" HEIGHT="21" WC="0.95" CONTENT="hos"/><SP WIDTH="15" VPOS="529" HPOS="972"/>
							<String ID="string_81" HPOS="987" VPOS="535" WIDTH="25" HEIGHT="14" WC="0.95" CONTENT="en"/>
						</TextLine>
						<TextLine ID="line_10" HPOS="186" VPOS="551" WIDTH="828" HEIGHT="33">
							<String ID="string_82" HPOS="186" VPOS="557" WIDTH="118" HEIGHT="27" WC="0.96" CONTENT="magistrat."/><SP WIDTH="31" VPOS="557" HPOS="304"/>
							<String ID="string_83" HPOS="335" VPOS="557" WIDTH="113" HEIGHT="27" WC="0.95" CONTENT="Undantag"/><SP WIDTH="23" VPOS="557" HPOS="448"/>
							<String ID="string_84" HPOS="471" VPOS="557" WIDTH="67" HEIGHT="21" WC="0.94" CONTENT="borde"/><SP WIDTH="15" VPOS="557" HPOS="538"/>
							<String ID="string_85" HPOS="553" VPOS="557" WIDTH="19" HEIGHT="26" WC="0.96" CONTENT="ej"/><SP WIDTH="15" VPOS="557" HPOS="572"/>
							<String ID="string_86" HPOS="587" VPOS="559" WIDTH="63" HEIGHT="24" WC="0.96" CONTENT="göras"/><SP WIDTH="15" VPOS="559" HPOS="650"/>
							<String ID="string_87" HPOS="665" VPOS="557" WIDTH="33" HEIGHT="21" WC="0.96" CONTENT="för"/><SP WIDTH="15" VPOS="557" HPOS="698"/>
							<String ID="string_88" HPOS="713" VPOS="551" WIDTH="70" HEIGHT="27" WC="0.96" CONTENT="Åland"/><SP WIDTH="17" VPOS="551" HPOS="783"/>
							<String ID="string_89" HPOS="800" VPOS="558" WIDTH="51" HEIGHT="21" WC="0.96" CONTENT="eller"/><SP WIDTH="16" VPOS="558" HPOS="851"/>
							<String ID="string_90" HPOS="867" VPOS="557" WIDTH="66" HEIGHT="22" WC="0.95" CONTENT="andra"/><SP WIDTH="16" VPOS="557" HPOS="933"/>
							<String ID="string_91" HPOS="949" VPOS="559" WIDTH="65" HEIGHT="24" WC="0.96" CONTENT="orter,"/>
						</TextLine>
						<TextLine ID="line_11" HPOS="186" VPOS="585" WIDTH="423" HEIGHT="27">
							<String ID="string_92" HPOS="186" VPOS="586" WIDTH="38" HEIGHT="21" WC="0.93" CONTENT="der"/><SP WIDTH="15" VPOS="586" HPOS="224"/>
							<String ID="string_93" HPOS="239" VPOS="585" WIDTH="242" HEIGHT="27" WC="0.92" CONTENT="landtmannaseglation"/><SP WIDTH="16" VPOS="585" HPOS="481"/>
							<String ID="string_94" HPOS="497" VPOS="586" WIDTH="112" HEIGHT="21" WC="0.91" CONTENT="bedrifves."/>
						</TextLine>
					</TextBlock>
				</ComposedBlock>
				<ComposedBlock ID="cblock_5" HPOS="184" VPOS="653" WIDTH="829" HEIGHT="170">
					<TextBlock ID="block_4" HPOS="184" VPOS="653" WIDTH="829" HEIGHT="170">
						<TextLine ID="line_12" HPOS="256" VPOS="653" WIDTH="755" HEIGHT="27">
							<String ID="string_95" HPOS="256" VPOS="653" WIDTH="120" HEIGHT="22" WC="0.95" CONTENT="Statsrådet"/><SP WIDTH="16" VPOS="653" HPOS="376"/>
							<String ID="string_96" HPOS="392" VPOS="653" WIDTH="148" HEIGHT="22" WC="0.95" CONTENT="Lindelöf"/><SP WIDTH="13" VPOS="653" HPOS="540"/>
							<String ID="string_97" HPOS="553" VPOS="660" WIDTH="39" HEIGHT="15" WC="0.96" CONTENT="var"/><SP WIDTH="10" VPOS="660" HPOS="592"/>
							<String ID="string_98" HPOS="602" VPOS="654" WIDTH="23" HEIGHT="21" WC="0.96" CONTENT="af"/><SP WIDTH="9" VPOS="654" HPOS="625"/>
							<String ID="string_99" HPOS="634" VPOS="660" WIDTH="82" HEIGHT="15" WC="0.93" CONTENT="samma"/><SP WIDTH="11" VPOS="660" HPOS="716"/>
							<String ID="string_100" HPOS="727" VPOS="654" WIDTH="56" HEIGHT="26" WC="0.92" CONTENT="äsigt"/><SP WIDTH="10" VPOS="654" HPOS="783"/>
							<String ID="string_101" HPOS="793" VPOS="660" WIDTH="45" HEIGHT="15" WC="0.96" CONTENT="som"/><SP WIDTH="11" VPOS="660" HPOS="838"/>
							<String ID="string_102" HPOS="849" VPOS="656" WIDTH="86" HEIGHT="24" WC="0.96" CONTENT="prosten"/><SP WIDTH="12" VPOS="656" HPOS="935"/>
							<String ID="string_103" HPOS="947" VPOS="653" WIDTH="64" HEIGHT="27" WC="0.96" CONTENT="Hjelt."/>
						</TextLine>
						<TextLine ID="line_13" HPOS="185" VPOS="682" WIDTH="828" HEIGHT="27">
							<String ID="string_104" HPOS="185" VPOS="682" WIDTH="103" HEIGHT="27" WC="0.96" CONTENT="Fartyget"/><SP WIDTH="15" VPOS="682" HPOS="288"/>
							<String ID="string_105" HPOS="303" VPOS="682" WIDTH="67" HEIGHT="21" WC="0.96" CONTENT="måste"/><SP WIDTH="16" VPOS="682" HPOS="370"/>
							<String ID="string_106" HPOS="386" VPOS="682" WIDTH="6" HEIGHT="21" WC="0.96" CONTENT="i"/><SP WIDTH="15" VPOS="682" HPOS="392"/>
							<String ID="string_107" HPOS="407" VPOS="682" WIDTH="73" HEIGHT="27" WC="0.96" CONTENT="hvarje"/><SP WIDTH="16" VPOS="682" HPOS="480"/>
							<String ID="string_108" HPOS="496" VPOS="682" WIDTH="101" HEIGHT="21" WC="0.96" CONTENT="händelse"/><SP WIDTH="15" VPOS="682" HPOS="597"/>
							<String ID="string_109" HPOS="612" VPOS="682" WIDTH="68" HEIGHT="22" WC="0.96" CONTENT="förses"/><SP WIDTH="15" VPOS="682" HPOS="680"/>
							<String ID="string_110" HPOS="695" VPOS="683" WIDTH="48" HEIGHT="20" WC="0.91" CONTENT="med"/><SP WIDTH="15" VPOS="683" HPOS="743"/>
							<String ID="string_111" HPOS="758" VPOS="682" WIDTH="77" HEIGHT="22" WC="0.92" CONTENT="fribref"/><SP WIDTH="9" VPOS="682" HPOS="835"/>
							<String ID="string_112" HPOS="844" VPOS="682" WIDTH="47" HEIGHT="21" WC="0.93" CONTENT="från"/><SP WIDTH="12" VPOS="682" HPOS="891"/>
							<String ID="string_113" HPOS="903" VPOS="682" WIDTH="110" HEIGHT="26" WC="0.91" CONTENT="magistra-"/>
						</TextLine>
						<TextLine ID="line_14" HPOS="185" VPOS="710" WIDTH="828" HEIGHT="27">
							<String ID="string_114" HPOS="185" VPOS="712" WIDTH="36" HEIGHT="20" WC="0.95" CONTENT="ten"/><SP WIDTH="26" VPOS="712" HPOS="221"/>
							<String ID="string_115" HPOS="247" VPOS="711" WIDTH="8" HEIGHT="21" WC="0.95" CONTENT="i"/><SP WIDTH="24" VPOS="711" HPOS="255"/>
							<String ID="string_116" HPOS="279" VPOS="712" WIDTH="107" HEIGHT="20" WC="0.96" CONTENT="närmaste"/><SP WIDTH="25" VPOS="712" HPOS="386"/>
							<String ID="string_117" HPOS="411" VPOS="710" WIDTH="54" HEIGHT="26" WC="0.95" CONTENT="stad,"/><SP WIDTH="26" VPOS="710" HPOS="465"/>
							<String ID="string_118" HPOS="491" VPOS="710" WIDTH="88" HEIGHT="22" WC="0.96" CONTENT="hvarvid"/><SP WIDTH="16" VPOS="710" HPOS="579"/>
							<String ID="string_119" HPOS="595" VPOS="711" WIDTH="48" HEIGHT="21" WC="0.93" CONTENT="dess"/><SP WIDTH="15" VPOS="711" HPOS="643"/>
							<String ID="string_120" HPOS="658" VPOS="711" WIDTH="129" HEIGHT="26" WC="0.92" CONTENT="inskrifning"/><SP WIDTH="14" VPOS="711" HPOS="787"/>
							<String ID="string_121" HPOS="801" VPOS="711" WIDTH="70" HEIGHT="21" WC="0.96" CONTENT="tillika"/><SP WIDTH="15" VPOS="711" HPOS="871"/>
							<String ID="string_122" HPOS="886" VPOS="711" WIDTH="71" HEIGHT="21" WC="0.92" CONTENT="kunde"/><SP WIDTH="16" VPOS="711" HPOS="957"/>
							<String ID="string_123" HPOS="973" VPOS="717" WIDTH="40" HEIGHT="20" WC="0.91" CONTENT="ega"/>
						</TextLine>
						<TextLine ID="line_15" HPOS="185" VPOS="739" WIDTH="828" HEIGHT="27">
							<String ID="string_124" HPOS="185" VPOS="746" WIDTH="58" HEIGHT="20" WC="0.96" CONTENT="rum;"/><SP WIDTH="16" VPOS="746" HPOS="243"/>
							<String ID="string_125" HPOS="259" VPOS="740" WIDTH="39" HEIGHT="20" WC="0.96" CONTENT="och"/><SP WIDTH="17" VPOS="740" HPOS="298"/>
							<String ID="string_126" HPOS="315" VPOS="740" WIDTH="27" HEIGHT="20" WC="0.96" CONTENT="då"/><SP WIDTH="15" VPOS="740" HPOS="342"/>
							<String ID="string_127" HPOS="357" VPOS="739" WIDTH="76" HEIGHT="21" WC="0.96" CONTENT="sådant"/><SP WIDTH="14" VPOS="739" HPOS="433"/>
							<String ID="string_128" HPOS="447" VPOS="739" WIDTH="71" HEIGHT="21" WC="0.93" CONTENT="kunde"/><SP WIDTH="16" VPOS="739" HPOS="518"/>
							<String ID="string_129" HPOS="534" VPOS="739" WIDTH="96" HEIGHT="27" WC="0.92" CONTENT="besörjas"/><SP WIDTH="14" VPOS="739" HPOS="630"/>
							<String ID="string_130" HPOS="644" VPOS="746" WIDTH="77" HEIGHT="20" WC="0.96" CONTENT="genom"/><SP WIDTH="16" VPOS="746" HPOS="721"/>
							<String ID="string_131" HPOS="737" VPOS="740" WIDTH="177" HEIGHT="26" WC="0.96" CONTENT="korrespondens,"/><SP WIDTH="16" VPOS="740" HPOS="914"/>
							<String ID="string_132" HPOS="930" VPOS="746" WIDTH="50" HEIGHT="14" WC="0.96" CONTENT="vore"/><SP WIDTH="10" VPOS="746" HPOS="980"/>
							<String ID="string_133" HPOS="990" VPOS="740" WIDTH="23" HEIGHT="20" WC="0.96" CONTENT="så"/>
						</TextLine>
						<TextLine ID="line_16" HPOS="185" VPOS="768" WIDTH="827" HEIGHT="27">
							<String ID="string_134" HPOS="185" VPOS="768" WIDTH="122" HEIGHT="27" WC="0.96" CONTENT="obetydliga"/><SP WIDTH="22" VPOS="768" HPOS="307"/>
							<String ID="string_135" HPOS="329" VPOS="768" WIDTH="115" HEIGHT="21" WC="0.96" CONTENT="kostnader"/><SP WIDTH="19" VPOS="768" HPOS="444"/>
							<String ID="string_136" HPOS="463" VPOS="768" WIDTH="39" HEIGHT="21" WC="0.96" CONTENT="och"/><SP WIDTH="16" VPOS="768" HPOS="502"/>
							<String ID="string_137" HPOS="518" VPOS="768" WIDTH="117" HEIGHT="27" WC="0.96" CONTENT="omgångar"/><SP WIDTH="16" VPOS="768" HPOS="635"/>
							<String ID="string_138" HPOS="651" VPOS="768" WIDTH="86" HEIGHT="21" WC="0.96" CONTENT="dermed"/><SP WIDTH="17" VPOS="768" HPOS="737"/>
							<String ID="string_139" HPOS="754" VPOS="768" WIDTH="107" HEIGHT="25" WC="0.96" CONTENT="förenade,"/><SP WIDTH="16" VPOS="768" HPOS="861"/>
							<String ID="string_140" HPOS="877" VPOS="770" WIDTH="32" HEIGHT="19" WC="0.96" CONTENT="att"/><SP WIDTH="16" VPOS="770" HPOS="909"/>
							<String ID="string_141" HPOS="925" VPOS="768" WIDTH="26" HEIGHT="21" WC="0.96" CONTENT="de"/><SP WIDTH="15" VPOS="768" HPOS="951"/>
							<String ID="string_142" HPOS="966" VPOS="768" WIDTH="46" HEIGHT="21" WC="0.95" CONTENT="icke"/>
						</TextLine>
						<TextLine ID="line_17" HPOS="184" VPOS="796" WIDTH="382" HEIGHT="27">
							<String ID="string_143" HPOS="184" VPOS="796" WIDTH="120" HEIGHT="27" WC="0.92" CONTENT="förtjenade"/><SP WIDTH="15" VPOS="796" HPOS="304"/>
							<String ID="string_144" HPOS="319" VPOS="798" WIDTH="61" HEIGHT="25" WC="0.96" CONTENT="tagas"/><SP WIDTH="16" VPOS="798" HPOS="380"/>
							<String ID="string_145" HPOS="396" VPOS="796" WIDTH="7" HEIGHT="21" WC="0.96" CONTENT="i"/><SP WIDTH="15" VPOS="796" HPOS="403"/>
							<String ID="string_146" HPOS="418" VPOS="796" WIDTH="148" HEIGHT="21" WC="0.96" CONTENT="betraktande."/>
						</TextLine>
					</TextBlock>
				</ComposedBlock>
				<ComposedBlock ID="cblock_6" HPOS="184" VPOS="854" WIDTH="828" HEIGHT="106">
					<TextBlock ID="block_5" HPOS="184" VPOS="854" WIDTH="828" HEIGHT="106">
						<TextLine ID="line_18" HPOS="255" VPOS="854" WIDTH="756" HEIGHT="26">
							<String ID="string_147" HPOS="255" VPOS="854" WIDTH="12" HEIGHT="26" WC="0.87" CONTENT="8"/><SP WIDTH="16" VPOS="854" HPOS="267"/>
							<String ID="string_148" HPOS="283" VPOS="854" WIDTH="13" HEIGHT="20" WC="0.96" CONTENT="4"/><SP WIDTH="15" VPOS="854" HPOS="296"/>
							<String ID="string_149" HPOS="311" VPOS="854" WIDTH="123" HEIGHT="26" WC="0.95" CONTENT="godkändes"/><SP WIDTH="16" VPOS="854" HPOS="434"/>
							<String ID="string_150" HPOS="450" VPOS="854" WIDTH="108" HEIGHT="26" WC="0.96" CONTENT="enhälligt,"/><SP WIDTH="17" VPOS="854" HPOS="558"/>
							<String ID="string_151" HPOS="575" VPOS="854" WIDTH="65" HEIGHT="21" WC="0.96" CONTENT="sedan"/><SP WIDTH="16" VPOS="854" HPOS="640"/>
							<String ID="string_152" HPOS="656" VPOS="854" WIDTH="61" HEIGHT="21" WC="0.96" CONTENT="äfven"/><SP WIDTH="17" VPOS="854" HPOS="717"/>
							<String ID="string_153" HPOS="734" VPOS="860" WIDTH="25" HEIGHT="14" WC="0.96" CONTENT="en"/><SP WIDTH="17" VPOS="860" HPOS="759"/>
							<String ID="string_154" HPOS="776" VPOS="854" WIDTH="22" HEIGHT="21" WC="0.96" CONTENT="af"/><SP WIDTH="13" VPOS="854" HPOS="798"/>
							<String ID="string_155" HPOS="811" VPOS="854" WIDTH="200" HEIGHT="26" WC="0.96" CONTENT="kontraktsprosten"/>
						</TextLine>
						<TextLine ID="line_19" HPOS="184" VPOS="882" WIDTH="828" HEIGHT="27">
							<String ID="string_156" HPOS="184" VPOS="882" WIDTH="118" HEIGHT="22" WC="0.96" CONTENT="Berner"/><SP WIDTH="21" VPOS="882" HPOS="302"/>
							<String ID="string_157" HPOS="323" VPOS="882" WIDTH="61" HEIGHT="26" WC="0.96" CONTENT="gjord"/><SP WIDTH="23" VPOS="882" HPOS="384"/>
							<String ID="string_158" HPOS="407" VPOS="882" WIDTH="140" HEIGHT="26" WC="0.96" CONTENT="anmärkning"/><SP WIDTH="23" VPOS="882" HPOS="547"/>
							<String ID="string_159" HPOS="570" VPOS="884" WIDTH="31" HEIGHT="19" WC="0.96" CONTENT="att"/><SP WIDTH="23" VPOS="884" HPOS="601"/>
							<String ID="string_160" HPOS="624" VPOS="888" WIDTH="34" HEIGHT="15" WC="0.96" CONTENT="om"/><SP WIDTH="16" VPOS="888" HPOS="658"/>
							<String ID="string_161" HPOS="674" VPOS="882" WIDTH="81" HEIGHT="26" WC="0.93" CONTENT="fartygs"/><SP WIDTH="16" VPOS="882" HPOS="755"/>
							<String ID="string_162" HPOS="771" VPOS="882" WIDTH="122" HEIGHT="27" WC="0.92" CONTENT="drägtighet"/><SP WIDTH="15" VPOS="882" HPOS="893"/>
							<String ID="string_163" HPOS="908" VPOS="883" WIDTH="7" HEIGHT="20" WC="0.96" CONTENT="i"/><SP WIDTH="15" VPOS="883" HPOS="915"/>
							<String ID="string_164" HPOS="930" VPOS="882" WIDTH="82" HEIGHT="21" WC="0.96" CONTENT="finskan"/>
						</TextLine>
						<TextLine ID="line_20" HPOS="184" VPOS="910" WIDTH="828" HEIGHT="28">
							<String ID="string_165" HPOS="184" VPOS="910" WIDTH="108" HEIGHT="27" WC="0.92" CONTENT="begagnas"/><SP WIDTH="25" VPOS="910" HPOS="292"/>
							<String ID="string_166" HPOS="317" VPOS="911" WIDTH="61" HEIGHT="21" WC="0.93" CONTENT="ordet"/><SP WIDTH="25" VPOS="911" HPOS="378"/>
							<String ID="string_167" HPOS="403" VPOS="910" WIDTH="109" HEIGHT="26" WC="0.77" CONTENT=",kantaa*,"/><SP WIDTH="26" VPOS="910" HPOS="512"/>
							<String ID="string_168" HPOS="538" VPOS="917" WIDTH="48" HEIGHT="15" WC="0.96" CONTENT="men"/><SP WIDTH="25" VPOS="917" HPOS="586"/>
							<String ID="string_169" HPOS="611" VPOS="911" WIDTH="8" HEIGHT="21" WC="0.93" CONTENT="i"/><SP WIDTH="22" VPOS="911" HPOS="619"/>
							<String ID="string_170" HPOS="641" VPOS="911" WIDTH="13" HEIGHT="27" WC="0.91" CONTENT="$"/><SP WIDTH="15" VPOS="911" HPOS="654"/>
							<String ID="string_171" HPOS="669" VPOS="912" WIDTH="13" HEIGHT="20" WC="0.97" CONTENT="4"/><SP WIDTH="16" VPOS="912" HPOS="682"/>
							<String ID="string_172" HPOS="698" VPOS="911" WIDTH="106" HEIGHT="21" WC="0.92" CONTENT="användts"/><SP WIDTH="16" VPOS="911" HPOS="804"/>
							<String ID="string_173" HPOS="820" VPOS="910" WIDTH="95" HEIGHT="28" WC="0.85" CONTENT=",vetää*,"/><SP WIDTH="16" VPOS="910" HPOS="915"/>
							<String ID="string_174" HPOS="931" VPOS="912" WIDTH="81" HEIGHT="20" WC="0.96" CONTENT="ansetts"/>
						</TextLine>
						<TextLine ID="line_21" HPOS="184" VPOS="939" WIDTH="159" HEIGHT="21">
							<String ID="string_175" HPOS="184" VPOS="939" WIDTH="53" HEIGHT="21" WC="0.96" CONTENT="böra"/><SP WIDTH="16" VPOS="939" HPOS="237"/>
							<String ID="string_176" HPOS="253" VPOS="939" WIDTH="90" HEIGHT="21" WC="0.96" CONTENT="förfalla."/>
						</TextLine>
					</TextBlock>
				</ComposedBlock>
				<ComposedBlock ID="cblock_7" HPOS="254" VPOS="996" WIDTH="317" HEIGHT="27">
					<TextBlock ID="block_6" HPOS="254" VPOS="996" WIDTH="317" HEIGHT="27">
						<TextLine ID="line_22" HPOS="254" VPOS="996" WIDTH="317" HEIGHT="27">
							<String ID="string_177" HPOS="254" VPOS="996" WIDTH="27" HEIGHT="27" WC="0.94" CONTENT="88"/><SP WIDTH="16" VPOS="996" HPOS="281"/>
							<String ID="string_178" HPOS="297" VPOS="997" WIDTH="18" HEIGHT="26" WC="0.96" CONTENT="5,"/><SP WIDTH="16" VPOS="997" HPOS="315"/>
							<String ID="string_179" HPOS="331" VPOS="997" WIDTH="13" HEIGHT="20" WC="0.96" CONTENT="6"/><SP WIDTH="16" VPOS="997" HPOS="344"/>
							<String ID="string_180" HPOS="360" VPOS="996" WIDTH="39" HEIGHT="21" WC="0.96" CONTENT="och"/><SP WIDTH="16" VPOS="996" HPOS="399"/>
							<String ID="string_181" HPOS="415" VPOS="997" WIDTH="11" HEIGHT="20" WC="0.96" CONTENT="7"/><SP WIDTH="16" VPOS="997" HPOS="426"/>
							<String ID="string_182" HPOS="442" VPOS="996" WIDTH="129" HEIGHT="27" WC="0.96" CONTENT="godkändes."/>
						</TextLine>
					</TextBlock>
				</ComposedBlock>
				<ComposedBlock ID="cblock_8" HPOS="183" VPOS="1053" WIDTH="829" HEIGHT="227">
					<TextBlock ID="block_7" HPOS="183" VPOS="1053" WIDTH="829" HEIGHT="227">
						<TextLine ID="line_23" HPOS="253" VPOS="1053" WIDTH="759" HEIGHT="28">
							<String ID="string_183" HPOS="253" VPOS="1053" WIDTH="115" HEIGHT="27" WC="0.91" CONTENT="Angående"/><SP WIDTH="15" VPOS="1053" HPOS="368"/>
							<String ID="string_184" HPOS="383" VPOS="1054" WIDTH="11" HEIGHT="27" WC="0.87" CONTENT="$"/><SP WIDTH="16" VPOS="1054" HPOS="394"/>
							<String ID="string_185" HPOS="410" VPOS="1054" WIDTH="12" HEIGHT="21" WC="0.95" CONTENT="8"/><SP WIDTH="16" VPOS="1054" HPOS="422"/>
							<String ID="string_186" HPOS="438" VPOS="1053" WIDTH="82" HEIGHT="21" WC="0.96" CONTENT="fästade"/><SP WIDTH="16" VPOS="1053" HPOS="520"/>
							<String ID="string_187" HPOS="536" VPOS="1055" WIDTH="45" HEIGHT="20" WC="0.96" CONTENT="vice"/><SP WIDTH="15" VPOS="1055" HPOS="581"/>
							<String ID="string_188" HPOS="596" VPOS="1055" WIDTH="88" HEIGHT="25" WC="0.96" CONTENT="pastorn"/><SP WIDTH="16" VPOS="1055" HPOS="684"/>
							<String ID="string_189" HPOS="700" VPOS="1053" WIDTH="202" HEIGHT="21" WC="0.93" CONTENT="Westerlund"/><SP WIDTH="14" VPOS="1053" HPOS="902"/>
							<String ID="string_190" HPOS="916" VPOS="1053" WIDTH="96" HEIGHT="21" WC="0.92" CONTENT="ståndets"/>
						</TextLine>
						<TextLine ID="line_24" HPOS="183" VPOS="1082" WIDTH="829" HEIGHT="27">
							<String ID="string_191" HPOS="183" VPOS="1082" WIDTH="190" HEIGHT="26" WC="0.88" CONTENT="uppmärksamhet"/><SP WIDTH="26" VPOS="1082" HPOS="373"/>
							<String ID="string_192" HPOS="399" VPOS="1082" WIDTH="71" HEIGHT="27" WC="0.88" CONTENT="derpå,"/><SP WIDTH="22" VPOS="1082" HPOS="470"/>
							<String ID="string_193" HPOS="492" VPOS="1084" WIDTH="33" HEIGHT="19" WC="0.95" CONTENT="att"/><SP WIDTH="23" VPOS="1084" HPOS="525"/>
							<String ID="string_194" HPOS="548" VPOS="1089" WIDTH="25" HEIGHT="14" WC="0.96" CONTENT="en"/><SP WIDTH="23" VPOS="1089" HPOS="573"/>
							<String ID="string_195" HPOS="596" VPOS="1082" WIDTH="23" HEIGHT="21" WC="0.92" CONTENT="af"/><SP WIDTH="20" VPOS="1082" HPOS="619"/>
							<String ID="string_196" HPOS="639" VPOS="1084" WIDTH="161" HEIGHT="19" WC="0.91" CONTENT="reservanterne"/><SP WIDTH="17" VPOS="1084" HPOS="800"/>
							<String ID="string_197" HPOS="817" VPOS="1083" WIDTH="57" HEIGHT="20" WC="0.96" CONTENT="emot"/><SP WIDTH="15" VPOS="1083" HPOS="874"/>
							<String ID="string_198" HPOS="889" VPOS="1082" WIDTH="123" HEIGHT="21" WC="0.96" CONTENT="densamma"/>
						</TextLine>
						<TextLine ID="line_25" HPOS="184" VPOS="1110" WIDTH="828" HEIGHT="27">
							<String ID="string_199" HPOS="184" VPOS="1111" WIDTH="99" HEIGHT="21" WC="0.96" CONTENT="anmärkt"/><SP WIDTH="22" VPOS="1111" HPOS="283"/>
							<String ID="string_200" HPOS="305" VPOS="1113" WIDTH="32" HEIGHT="18" WC="0.96" CONTENT="att"/><SP WIDTH="21" VPOS="1113" HPOS="337"/>
							<String ID="string_201" HPOS="358" VPOS="1111" WIDTH="7" HEIGHT="21" WC="0.93" CONTENT="i"/><SP WIDTH="22" VPOS="1111" HPOS="365"/>
							<String ID="string_202" HPOS="387" VPOS="1111" WIDTH="63" HEIGHT="26" WC="0.92" CONTENT="sagde"/><SP WIDTH="22" VPOS="1111" HPOS="450"/>
							<String ID="string_203" HPOS="472" VPOS="1111" WIDTH="11" HEIGHT="26" WC="0.86" CONTENT="&amp;"/><SP WIDTH="16" VPOS="1111" HPOS="483"/>
							<String ID="string_204" HPOS="499" VPOS="1110" WIDTH="66" HEIGHT="22" WC="0.96" CONTENT="borde"/><SP WIDTH="15" VPOS="1110" HPOS="565"/>
							<String ID="string_205" HPOS="580" VPOS="1110" WIDTH="50" HEIGHT="27" WC="0.96" CONTENT="ingå"/><SP WIDTH="15" VPOS="1110" HPOS="630"/>
							<String ID="string_206" HPOS="645" VPOS="1110" WIDTH="135" HEIGHT="27" WC="0.96" CONTENT="bestämning"/><SP WIDTH="15" VPOS="1110" HPOS="780"/>
							<String ID="string_207" HPOS="795" VPOS="1111" WIDTH="73" HEIGHT="20" WC="0.96" CONTENT="derom"/><SP WIDTH="16" VPOS="1111" HPOS="868"/>
							<String ID="string_208" HPOS="884" VPOS="1112" WIDTH="32" HEIGHT="19" WC="0.96" CONTENT="att"/><SP WIDTH="16" VPOS="1112" HPOS="916"/>
							<String ID="string_209" HPOS="932" VPOS="1110" WIDTH="34" HEIGHT="21" WC="0.93" CONTENT="vid"/><SP WIDTH="16" VPOS="1110" HPOS="966"/>
							<String ID="string_210" HPOS="982" VPOS="1110" WIDTH="30" HEIGHT="21" WC="0.92" CONTENT="af-"/>
						</TextLine>
						<TextLine ID="line_26" HPOS="183" VPOS="1139" WIDTH="828" HEIGHT="26">
							<String ID="string_211" HPOS="183" VPOS="1139" WIDTH="98" HEIGHT="21" WC="0.92" CONTENT="slutande"/><SP WIDTH="16" VPOS="1139" HPOS="281"/>
							<String ID="string_212" HPOS="297" VPOS="1139" WIDTH="23" HEIGHT="21" WC="0.96" CONTENT="af"/><SP WIDTH="13" VPOS="1139" HPOS="320"/>
							<String ID="string_213" HPOS="333" VPOS="1139" WIDTH="42" HEIGHT="26" WC="0.96" CONTENT="köp"/><SP WIDTH="17" VPOS="1139" HPOS="375"/>
							<String ID="string_214" HPOS="392" VPOS="1139" WIDTH="65" HEIGHT="22" WC="0.93" CONTENT="borde"/><SP WIDTH="16" VPOS="1139" HPOS="457"/>
							<String ID="string_215" HPOS="473" VPOS="1139" WIDTH="73" HEIGHT="21" WC="0.92" CONTENT="träffas"/><SP WIDTH="16" VPOS="1139" HPOS="546"/>
							<String ID="string_216" HPOS="562" VPOS="1139" WIDTH="52" HEIGHT="21" WC="0.91" CONTENT="aftal"/><SP WIDTH="16" VPOS="1139" HPOS="614"/>
							<String ID="string_217" HPOS="630" VPOS="1139" WIDTH="46" HEIGHT="21" WC="0.92" CONTENT="icke"/><SP WIDTH="16" VPOS="1139" HPOS="676"/>
							<String ID="string_218" HPOS="692" VPOS="1139" WIDTH="57" HEIGHT="21" WC="0.92" CONTENT="blott"/><SP WIDTH="16" VPOS="1139" HPOS="749"/>
							<String ID="string_219" HPOS="765" VPOS="1139" WIDTH="110" HEIGHT="26" WC="0.92" CONTENT="angäende"/><SP WIDTH="10" VPOS="1139" HPOS="875"/>
							<String ID="string_220" HPOS="885" VPOS="1139" WIDTH="64" HEIGHT="26" WC="0.92" CONTENT="vinst,"/><SP WIDTH="11" VPOS="1139" HPOS="949"/>
							<String ID="string_221" HPOS="960" VPOS="1140" WIDTH="51" HEIGHT="19" WC="0.96" CONTENT="utan"/>
						</TextLine>
						<TextLine ID="line_27" HPOS="183" VPOS="1167" WIDTH="827" HEIGHT="27">
							<String ID="string_222" HPOS="183" VPOS="1167" WIDTH="61" HEIGHT="22" WC="0.92" CONTENT="äfven"/><SP WIDTH="15" VPOS="1167" HPOS="244"/>
							<String ID="string_223" HPOS="259" VPOS="1167" WIDTH="110" HEIGHT="27" WC="0.93" CONTENT="angäende"/><SP WIDTH="16" VPOS="1167" HPOS="369"/>
							<String ID="string_224" HPOS="385" VPOS="1167" WIDTH="76" HEIGHT="22" WC="0.91" CONTENT="förlust"/><SP WIDTH="15" VPOS="1167" HPOS="461"/>
							<String ID="string_225" HPOS="476" VPOS="1168" WIDTH="23" HEIGHT="21" WC="0.93" CONTENT="af"/><SP WIDTH="13" VPOS="1168" HPOS="499"/>
							<String ID="string_226" HPOS="512" VPOS="1167" WIDTH="86" HEIGHT="22" WC="0.92" CONTENT="frakten"/><SP WIDTH="15" VPOS="1167" HPOS="598"/>
							<String ID="string_227" HPOS="613" VPOS="1167" WIDTH="33" HEIGHT="21" WC="0.96" CONTENT="för"/><SP WIDTH="16" VPOS="1167" HPOS="646"/>
							<String ID="string_228" HPOS="662" VPOS="1167" WIDTH="41" HEIGHT="21" WC="0.96" CONTENT="den"/><SP WIDTH="15" VPOS="1167" HPOS="703"/>
							<String ID="string_229" HPOS="718" VPOS="1167" WIDTH="49" HEIGHT="26" WC="0.96" CONTENT="last,"/><SP WIDTH="13" VPOS="1167" HPOS="767"/>
							<String ID="string_230" HPOS="780" VPOS="1173" WIDTH="45" HEIGHT="15" WC="0.93" CONTENT="som"/><SP WIDTH="10" VPOS="1173" HPOS="825"/>
							<String ID="string_231" HPOS="835" VPOS="1167" WIDTH="67" HEIGHT="21" WC="0.92" CONTENT="finnes"/><SP WIDTH="13" VPOS="1167" HPOS="902"/>
							<String ID="string_232" HPOS="915" VPOS="1167" WIDTH="95" HEIGHT="26" WC="0.96" CONTENT="ombord,"/>
						</TextLine>
						<TextLine ID="line_28" HPOS="183" VPOS="1195" WIDTH="829" HEIGHT="28">
							<String ID="string_233" HPOS="183" VPOS="1195" WIDTH="28" HEIGHT="22" WC="0.92" CONTENT="dä"/><SP WIDTH="24" VPOS="1195" HPOS="211"/>
							<String ID="string_234" HPOS="235" VPOS="1196" WIDTH="86" HEIGHT="27" WC="0.90" CONTENT="ombyte"/><SP WIDTH="26" VPOS="1196" HPOS="321"/>
							<String ID="string_235" HPOS="347" VPOS="1196" WIDTH="24" HEIGHT="21" WC="0.93" CONTENT="af"/><SP WIDTH="21" VPOS="1196" HPOS="371"/>
							<String ID="string_236" HPOS="392" VPOS="1202" WIDTH="61" HEIGHT="21" WC="0.92" CONTENT="egare"/><SP WIDTH="24" VPOS="1202" HPOS="453"/>
							<String ID="string_237" HPOS="477" VPOS="1197" WIDTH="55" HEIGHT="20" WC="0.95" CONTENT="sker."/><SP WIDTH="31" VPOS="1197" HPOS="532"/>
							<String ID="string_238" HPOS="563" VPOS="1197" WIDTH="47" HEIGHT="20" WC="0.95" CONTENT="Den"/><SP WIDTH="23" VPOS="1197" HPOS="610"/>
							<String ID="string_239" HPOS="633" VPOS="1196" WIDTH="91" HEIGHT="21" WC="0.93" CONTENT="svenska"/><SP WIDTH="23" VPOS="1196" HPOS="724"/>
							<String ID="string_240" HPOS="747" VPOS="1196" WIDTH="94" HEIGHT="27" WC="0.92" CONTENT="sjölagen"/><SP WIDTH="23" VPOS="1196" HPOS="841"/>
							<String ID="string_241" HPOS="864" VPOS="1202" WIDTH="50" HEIGHT="15" WC="0.87" CONTENT="vorei"/><SP WIDTH="38" VPOS="1202" HPOS="914"/>
							<String ID="string_242" HPOS="952" VPOS="1196" WIDTH="60" HEIGHT="21" WC="0.96" CONTENT="detta"/>
						</TextLine>
						<TextLine ID="line_29" HPOS="183" VPOS="1223" WIDTH="828" HEIGHT="28">
							<String ID="string_243" HPOS="183" VPOS="1224" WIDTH="100" HEIGHT="22" WC="0.91" CONTENT="afseende"/><SP WIDTH="24" VPOS="1224" HPOS="283"/>
							<String ID="string_244" HPOS="307" VPOS="1225" WIDTH="160" HEIGHT="26" WC="0.91" CONTENT="fullständigare"/><SP WIDTH="23" VPOS="1225" HPOS="467"/>
							<String ID="string_245" HPOS="490" VPOS="1225" WIDTH="39" HEIGHT="21" WC="0.93" CONTENT="och"/><SP WIDTH="23" VPOS="1225" HPOS="529"/>
							<String ID="string_246" HPOS="552" VPOS="1227" WIDTH="81" HEIGHT="24" WC="0.92" CONTENT="upptog"/><SP WIDTH="18" VPOS="1227" HPOS="633"/>
							<String ID="string_247" HPOS="651" VPOS="1225" WIDTH="55" HEIGHT="20" WC="0.92" CONTENT="bäde"/><SP WIDTH="15" VPOS="1225" HPOS="706"/>
							<String ID="string_248" HPOS="721" VPOS="1225" WIDTH="57" HEIGHT="20" WC="0.91" CONTENT="vinst"/><SP WIDTH="16" VPOS="1225" HPOS="778"/>
							<String ID="string_249" HPOS="794" VPOS="1224" WIDTH="39" HEIGHT="21" WC="0.93" CONTENT="och"/><SP WIDTH="15" VPOS="1224" HPOS="833"/>
							<String ID="string_250" HPOS="848" VPOS="1224" WIDTH="79" HEIGHT="21" WC="0.92" CONTENT="förlust"/><SP WIDTH="15" VPOS="1224" HPOS="927"/>
							<String ID="string_251" HPOS="942" VPOS="1223" WIDTH="69" HEIGHT="22" WC="0.92" CONTENT="säsom"/>
						</TextLine>
						<TextLine ID="line_30" HPOS="183" VPOS="1253" WIDTH="447" HEIGHT="27">
							<String ID="string_252" HPOS="183" VPOS="1253" WIDTH="141" HEIGHT="27" WC="0.86" CONTENT="Ofvergäende"/><SP WIDTH="16" VPOS="1253" HPOS="324"/>
							<String ID="string_253" HPOS="340" VPOS="1253" WIDTH="47" HEIGHT="21" WC="0.95" CONTENT="från"/><SP WIDTH="16" VPOS="1253" HPOS="387"/>
							<String ID="string_254" HPOS="403" VPOS="1254" WIDTH="77" HEIGHT="26" WC="0.95" CONTENT="säljare"/><SP WIDTH="16" VPOS="1254" HPOS="480"/>
							<String ID="string_255" HPOS="496" VPOS="1253" WIDTH="31" HEIGHT="22" WC="0.93" CONTENT="till"/><SP WIDTH="16" VPOS="1253" HPOS="527"/>
							<String ID="string_256" HPOS="543" VPOS="1253" WIDTH="87" HEIGHT="27" WC="0.96" CONTENT="köpare."/>
						</TextLine>
					</TextBlock>
				</ComposedBlock>
				<ComposedBlock ID="cblock_9" HPOS="180" VPOS="1309" WIDTH="830" HEIGHT="256">
					<TextBlock ID="block_8" HPOS="180" VPOS="1309" WIDTH="830" HEIGHT="256">
						<TextLine ID="line_31" HPOS="251" VPOS="1309" WIDTH="759" HEIGHT="28">
							<String ID="string_257" HPOS="251" VPOS="1310" WIDTH="154" HEIGHT="27" WC="0.95" CONTENT="Kyrkoherden"/><SP WIDTH="27" VPOS="1310" HPOS="405"/>
							<String ID="string_258" HPOS="432" VPOS="1311" WIDTH="160" HEIGHT="21" WC="0.95" CONTENT="Helander"/><SP WIDTH="24" VPOS="1311" HPOS="592"/>
							<String ID="string_259" HPOS="616" VPOS="1310" WIDTH="97" HEIGHT="27" WC="0.95" CONTENT="upplyste"/><SP WIDTH="26" VPOS="1310" HPOS="713"/>
							<String ID="string_260" HPOS="739" VPOS="1311" WIDTH="33" HEIGHT="20" WC="0.96" CONTENT="att"/><SP WIDTH="21" VPOS="1311" HPOS="772"/>
							<String ID="string_261" HPOS="793" VPOS="1309" WIDTH="62" HEIGHT="22" WC="0.96" CONTENT="äfven"/><SP WIDTH="24" VPOS="1309" HPOS="855"/>
							<String ID="string_262" HPOS="879" VPOS="1310" WIDTH="6" HEIGHT="20" WC="0.96" CONTENT="i"/><SP WIDTH="19" VPOS="1310" HPOS="885"/>
							<String ID="string_263" HPOS="904" VPOS="1309" WIDTH="106" HEIGHT="21" WC="0.96" CONTENT="utskottet"/>
						</TextLine>
						<TextLine ID="line_32" HPOS="181" VPOS="1338" WIDTH="829" HEIGHT="27">
							<String ID="string_264" HPOS="181" VPOS="1338" WIDTH="61" HEIGHT="27" WC="0.93" CONTENT="fråga"/><SP WIDTH="25" VPOS="1338" HPOS="242"/>
							<String ID="string_265" HPOS="267" VPOS="1339" WIDTH="103" HEIGHT="21" WC="0.92" CONTENT="förevarit"/><SP WIDTH="27" VPOS="1339" HPOS="370"/>
							<String ID="string_266" HPOS="397" VPOS="1345" WIDTH="33" HEIGHT="15" WC="0.96" CONTENT="om"/><SP WIDTH="26" VPOS="1345" HPOS="430"/>
							<String ID="string_267" HPOS="456" VPOS="1345" WIDTH="81" HEIGHT="15" WC="0.94" CONTENT="samma"/><SP WIDTH="25" VPOS="1345" HPOS="537"/>
							<String ID="string_268" HPOS="562" VPOS="1339" WIDTH="45" HEIGHT="25" WC="0.94" CONTENT="sak,"/><SP WIDTH="24" VPOS="1339" HPOS="607"/>
							<String ID="string_269" HPOS="631" VPOS="1345" WIDTH="48" HEIGHT="15" WC="0.96" CONTENT="men"/><SP WIDTH="15" VPOS="1345" HPOS="679"/>
							<String ID="string_270" HPOS="694" VPOS="1340" WIDTH="33" HEIGHT="19" WC="0.95" CONTENT="att"/><SP WIDTH="15" VPOS="1340" HPOS="727"/>
							<String ID="string_271" HPOS="742" VPOS="1339" WIDTH="106" HEIGHT="20" WC="0.96" CONTENT="utskottet"/><SP WIDTH="15" VPOS="1339" HPOS="848"/>
							<String ID="string_272" HPOS="863" VPOS="1338" WIDTH="56" HEIGHT="21" WC="0.96" CONTENT="varit"/><SP WIDTH="15" VPOS="1338" HPOS="919"/>
							<String ID="string_273" HPOS="934" VPOS="1338" WIDTH="23" HEIGHT="21" WC="0.96" CONTENT="af"/><SP WIDTH="13" VPOS="1338" HPOS="957"/>
							<String ID="string_274" HPOS="970" VPOS="1338" WIDTH="40" HEIGHT="21" WC="0.95" CONTENT="den"/>
						</TextLine>
						<TextLine ID="line_33" HPOS="182" VPOS="1367" WIDTH="828" HEIGHT="27">
							<String ID="string_275" HPOS="182" VPOS="1367" WIDTH="55" HEIGHT="27" WC="0.89" CONTENT="åsigt"/><SP WIDTH="22" VPOS="1367" HPOS="237"/>
							<String ID="string_276" HPOS="259" VPOS="1369" WIDTH="32" HEIGHT="19" WC="0.93" CONTENT="att"/><SP WIDTH="22" VPOS="1369" HPOS="291"/>
							<String ID="string_277" HPOS="313" VPOS="1367" WIDTH="84" HEIGHT="21" WC="0.92" CONTENT="såsnart"/><SP WIDTH="15" VPOS="1367" HPOS="397"/>
							<String ID="string_278" HPOS="412" VPOS="1368" WIDTH="94" HEIGHT="26" WC="0.96" CONTENT="köparen"/><SP WIDTH="15" VPOS="1368" HPOS="506"/>
							<String ID="string_279" HPOS="521" VPOS="1368" WIDTH="90" HEIGHT="21" WC="0.96" CONTENT="kommit"/><SP WIDTH="15" VPOS="1368" HPOS="611"/>
							<String ID="string_280" HPOS="626" VPOS="1368" WIDTH="7" HEIGHT="20" WC="0.96" CONTENT="i"/><SP WIDTH="15" VPOS="1368" HPOS="633"/>
							<String ID="string_281" HPOS="648" VPOS="1367" WIDTH="117" HEIGHT="26" WC="0.96" CONTENT="besittning"/><SP WIDTH="15" VPOS="1367" HPOS="765"/>
							<String ID="string_282" HPOS="780" VPOS="1367" WIDTH="23" HEIGHT="20" WC="0.96" CONTENT="af"/><SP WIDTH="14" VPOS="1367" HPOS="803"/>
							<String ID="string_283" HPOS="817" VPOS="1367" WIDTH="40" HEIGHT="21" WC="0.96" CONTENT="den"/><SP WIDTH="16" VPOS="1367" HPOS="857"/>
							<String ID="string_284" HPOS="873" VPOS="1367" WIDTH="61" HEIGHT="20" WC="0.93" CONTENT="sålda"/><SP WIDTH="15" VPOS="1367" HPOS="934"/>
							<String ID="string_285" HPOS="949" VPOS="1373" WIDTH="61" HEIGHT="20" WC="0.90" CONTENT="egen-"/>
						</TextLine>
						<TextLine ID="line_34" HPOS="181" VPOS="1395" WIDTH="829" HEIGHT="28">
							<String ID="string_286" HPOS="181" VPOS="1396" WIDTH="84" HEIGHT="27" WC="0.96" CONTENT="domen,"/><SP WIDTH="21" VPOS="1396" HPOS="265"/>
							<String ID="string_287" HPOS="286" VPOS="1395" WIDTH="67" HEIGHT="22" WC="0.96" CONTENT="borde"/><SP WIDTH="15" VPOS="1395" HPOS="353"/>
							<String ID="string_288" HPOS="368" VPOS="1396" WIDTH="41" HEIGHT="21" WC="0.96" CONTENT="han"/><SP WIDTH="17" VPOS="1396" HPOS="409"/>
							<String ID="string_289" HPOS="426" VPOS="1396" WIDTH="64" HEIGHT="21" WC="0.96" CONTENT="också"/><SP WIDTH="15" VPOS="1396" HPOS="490"/>
							<String ID="string_290" HPOS="505" VPOS="1396" WIDTH="73" HEIGHT="21" WC="0.96" CONTENT="ikläda"/><SP WIDTH="14" VPOS="1396" HPOS="578"/>
							<String ID="string_291" HPOS="592" VPOS="1396" WIDTH="32" HEIGHT="26" WC="0.96" CONTENT="sig"/><SP WIDTH="16" VPOS="1396" HPOS="624"/>
							<String ID="string_292" HPOS="640" VPOS="1396" WIDTH="40" HEIGHT="21" WC="0.97" CONTENT="den"/><SP WIDTH="16" VPOS="1396" HPOS="680"/>
							<String ID="string_293" HPOS="696" VPOS="1395" WIDTH="87" HEIGHT="27" WC="0.96" CONTENT="möjliga"/><SP WIDTH="14" VPOS="1395" HPOS="783"/>
							<String ID="string_294" HPOS="797" VPOS="1395" WIDTH="110" HEIGHT="22" WC="0.93" CONTENT="förlusten."/><SP WIDTH="32" VPOS="1395" HPOS="907"/>
							<String ID="string_295" HPOS="939" VPOS="1395" WIDTH="71" HEIGHT="26" WC="0.90" CONTENT="Köpa-"/>
						</TextLine>
						<TextLine ID="line_35" HPOS="181" VPOS="1423" WIDTH="829" HEIGHT="28">
							<String ID="string_296" HPOS="181" VPOS="1430" WIDTH="37" HEIGHT="15" WC="0.95" CONTENT="ren"/><SP WIDTH="23" VPOS="1430" HPOS="218"/>
							<String ID="string_297" HPOS="241" VPOS="1425" WIDTH="66" HEIGHT="20" WC="0.95" CONTENT="visste"/><SP WIDTH="19" VPOS="1425" HPOS="307"/>
							<String ID="string_298" HPOS="326" VPOS="1424" WIDTH="24" HEIGHT="27" WC="0.96" CONTENT="ju"/><SP WIDTH="23" VPOS="1424" HPOS="350"/>
							<String ID="string_299" HPOS="373" VPOS="1426" WIDTH="32" HEIGHT="19" WC="0.96" CONTENT="att"/><SP WIDTH="22" VPOS="1426" HPOS="405"/>
							<String ID="string_300" HPOS="427" VPOS="1425" WIDTH="42" HEIGHT="21" WC="0.96" CONTENT="han"/><SP WIDTH="15" VPOS="1425" HPOS="469"/>
							<String ID="string_301" HPOS="484" VPOS="1425" WIDTH="72" HEIGHT="21" WC="0.96" CONTENT="kunde"/><SP WIDTH="15" VPOS="1425" HPOS="556"/>
							<String ID="string_302" HPOS="571" VPOS="1425" WIDTH="63" HEIGHT="21" WC="0.96" CONTENT="vinna"/><SP WIDTH="17" VPOS="1425" HPOS="634"/>
							<String ID="string_303" HPOS="651" VPOS="1425" WIDTH="52" HEIGHT="20" WC="0.96" CONTENT="eller"/><SP WIDTH="15" VPOS="1425" HPOS="703"/>
							<String ID="string_304" HPOS="718" VPOS="1424" WIDTH="82" HEIGHT="21" WC="0.95" CONTENT="förlora"/><SP WIDTH="15" VPOS="1424" HPOS="800"/>
							<String ID="string_305" HPOS="815" VPOS="1423" WIDTH="40" HEIGHT="22" WC="0.96" CONTENT="och"/><SP WIDTH="16" VPOS="1423" HPOS="855"/>
							<String ID="string_306" HPOS="871" VPOS="1423" WIDTH="28" HEIGHT="22" WC="0.96" CONTENT="då"/><SP WIDTH="15" VPOS="1423" HPOS="899"/>
							<String ID="string_307" HPOS="914" VPOS="1423" WIDTH="43" HEIGHT="21" WC="0.96" CONTENT="han"/><SP WIDTH="15" VPOS="1423" HPOS="957"/>
							<String ID="string_308" HPOS="972" VPOS="1429" WIDTH="38" HEIGHT="14" WC="0.96" CONTENT="var"/>
						</TextLine>
						<TextLine ID="line_36" HPOS="181" VPOS="1451" WIDTH="829" HEIGHT="29">
							<String ID="string_309" HPOS="181" VPOS="1459" WIDTH="62" HEIGHT="20" WC="0.92" CONTENT="egare"/><SP WIDTH="16" VPOS="1459" HPOS="243"/>
							<String ID="string_310" HPOS="259" VPOS="1453" WIDTH="24" HEIGHT="20" WC="0.96" CONTENT="af"/><SP WIDTH="14" VPOS="1453" HPOS="283"/>
							<String ID="string_311" HPOS="297" VPOS="1453" WIDTH="92" HEIGHT="27" WC="0.93" CONTENT="fartyget"/><SP WIDTH="18" VPOS="1453" HPOS="389"/>
							<String ID="string_312" HPOS="407" VPOS="1453" WIDTH="84" HEIGHT="22" WC="0.92" CONTENT="såsnart"/><SP WIDTH="14" VPOS="1453" HPOS="491"/>
							<String ID="string_313" HPOS="505" VPOS="1453" WIDTH="67" HEIGHT="27" WC="0.96" CONTENT="köpet"/><SP WIDTH="15" VPOS="1453" HPOS="572"/>
							<String ID="string_314" HPOS="587" VPOS="1453" WIDTH="69" HEIGHT="21" WC="0.93" CONTENT="blifvit"/><SP WIDTH="14" VPOS="1453" HPOS="656"/>
							<String ID="string_315" HPOS="670" VPOS="1453" WIDTH="123" HEIGHT="27" WC="0.91" CONTENT="uppgjordt,"/><SP WIDTH="17" VPOS="1453" HPOS="793"/>
							<String ID="string_316" HPOS="810" VPOS="1452" WIDTH="24" HEIGHT="21" WC="0.93" CONTENT="så"/><SP WIDTH="15" VPOS="1452" HPOS="834"/>
							<String ID="string_317" HPOS="849" VPOS="1452" WIDTH="62" HEIGHT="27" WC="0.92" CONTENT="ginge"/><SP WIDTH="15" VPOS="1452" HPOS="911"/>
							<String ID="string_318" HPOS="926" VPOS="1451" WIDTH="84" HEIGHT="22" WC="0.96" CONTENT="frakten"/>
						</TextLine>
						<TextLine ID="line_37" HPOS="181" VPOS="1480" WIDTH="829" HEIGHT="29">
							<String ID="string_319" HPOS="181" VPOS="1481" WIDTH="34" HEIGHT="21" WC="0.96" CONTENT="för"/><SP WIDTH="22" VPOS="1481" HPOS="215"/>
							<String ID="string_320" HPOS="237" VPOS="1481" WIDTH="54" HEIGHT="22" WC="0.96" CONTENT="hans"/><SP WIDTH="23" VPOS="1481" HPOS="291"/>
							<String ID="string_321" HPOS="314" VPOS="1481" WIDTH="95" HEIGHT="27" WC="0.96" CONTENT="räkning."/><SP WIDTH="30" VPOS="1481" HPOS="409"/>
							<String ID="string_322" HPOS="439" VPOS="1482" WIDTH="47" HEIGHT="21" WC="0.96" CONTENT="Han"/><SP WIDTH="23" VPOS="1482" HPOS="486"/>
							<String ID="string_323" HPOS="509" VPOS="1481" WIDTH="56" HEIGHT="28" WC="0.93" CONTENT="finge"/><SP WIDTH="15" VPOS="1481" HPOS="565"/>
							<String ID="string_324" HPOS="580" VPOS="1482" WIDTH="118" HEIGHT="21" WC="0.92" CONTENT="vidkännas"/><SP WIDTH="15" VPOS="1482" HPOS="698"/>
							<String ID="string_325" HPOS="713" VPOS="1481" WIDTH="84" HEIGHT="26" WC="0.96" CONTENT="förlust,"/><SP WIDTH="16" VPOS="1481" HPOS="797"/>
							<String ID="string_326" HPOS="813" VPOS="1487" WIDTH="35" HEIGHT="15" WC="0.96" CONTENT="om"/><SP WIDTH="16" VPOS="1487" HPOS="848"/>
							<String ID="string_327" HPOS="864" VPOS="1480" WIDTH="85" HEIGHT="22" WC="0.96" CONTENT="frakten"/><SP WIDTH="15" VPOS="1480" HPOS="949"/>
							<String ID="string_328" HPOS="964" VPOS="1480" WIDTH="46" HEIGHT="21" WC="0.96" CONTENT="icke"/>
						</TextLine>
						<TextLine ID="line_38" HPOS="180" VPOS="1509" WIDTH="830" HEIGHT="28">
							<String ID="string_329" HPOS="180" VPOS="1509" WIDTH="98" HEIGHT="22" WC="0.91" CONTENT="lemnade"/><SP WIDTH="15" VPOS="1509" HPOS="278"/>
							<String ID="string_330" HPOS="293" VPOS="1511" WIDTH="63" HEIGHT="24" WC="0.95" CONTENT="vinst,"/><SP WIDTH="15" VPOS="1511" HPOS="356"/>
							<String ID="string_331" HPOS="371" VPOS="1510" WIDTH="40" HEIGHT="21" WC="0.96" CONTENT="och"/><SP WIDTH="14" VPOS="1510" HPOS="411"/>
							<String ID="string_332" HPOS="425" VPOS="1510" WIDTH="28" HEIGHT="27" WC="0.96" CONTENT="på"/><SP WIDTH="19" VPOS="1510" HPOS="453"/>
							<String ID="string_333" HPOS="472" VPOS="1510" WIDTH="67" HEIGHT="21" WC="0.96" CONTENT="sådan"/><SP WIDTH="15" VPOS="1510" HPOS="539"/>
							<String ID="string_334" HPOS="554" VPOS="1510" WIDTH="70" HEIGHT="27" WC="0.96" CONTENT="grund"/><SP WIDTH="15" VPOS="1510" HPOS="624"/>
							<String ID="string_335" HPOS="639" VPOS="1510" WIDTH="55" HEIGHT="21" WC="0.96" CONTENT="hade"/><SP WIDTH="15" VPOS="1510" HPOS="694"/>
							<String ID="string_336" HPOS="709" VPOS="1510" WIDTH="36" HEIGHT="21" WC="0.96" CONTENT="det"/><SP WIDTH="16" VPOS="1510" HPOS="745"/>
							<String ID="string_337" HPOS="761" VPOS="1509" WIDTH="24" HEIGHT="22" WC="0.96" CONTENT="af"/><SP WIDTH="13" VPOS="1509" HPOS="785"/>
							<String ID="string_338" HPOS="798" VPOS="1509" WIDTH="128" HEIGHT="27" WC="0.96" CONTENT="föregående"/><SP WIDTH="16" VPOS="1509" HPOS="926"/>
							<String ID="string_339" HPOS="942" VPOS="1509" WIDTH="68" HEIGHT="21" WC="0.96" CONTENT="talare"/>
						</TextLine>
						<TextLine ID="line_39" HPOS="180" VPOS="1538" WIDTH="445" HEIGHT="27">
							<String ID="string_340" HPOS="180" VPOS="1538" WIDTH="122" HEIGHT="27" WC="0.96" CONTENT="föreslagna"/><SP WIDTH="15" VPOS="1538" HPOS="302"/>
							<String ID="string_341" HPOS="317" VPOS="1539" WIDTH="74" HEIGHT="26" WC="0.96" CONTENT="tillägg"/><SP WIDTH="15" VPOS="1539" HPOS="391"/>
							<String ID="string_342" HPOS="406" VPOS="1540" WIDTH="81" HEIGHT="20" WC="0.93" CONTENT="ansetts"/><SP WIDTH="16" VPOS="1540" HPOS="487"/>
							<String ID="string_343" HPOS="503" VPOS="1539" WIDTH="122" HEIGHT="26" WC="0.92" CONTENT="obehöfligt."/>
						</TextLine>
					</TextBlock>
				</ComposedBlock>
			</PrintSpace>
		</Page>
	</Layout>
</alto>
