1117 1817
329 132 161 18 Presteståndet
503 133 54 16 1872.
582 133 27 16 30
623 132 58 21 april.
847 128 41 21 879

86 213 111 22 motverka
219 214 59 19 detta
301 214 54 20 enda
377 212 111 27 praktiska
512 214 44 19 sätt
578 214 32 19 att
633 212 131 26 småningom
790 213 46 20 från
859 213 58 26 jord-

87 242 79 21 bruket
181 241 73 27 aflyfta
269 241 64 27 sagde
349 247 59 15 onus.
439 241 66 21 Detta
521 243 23 18 är
560 243 32 19 ett
608 241 22 21 af
644 241 25 21 de
686 241 152 25 hufvudmotiv,
854 241 63 20 hvar-

86 271 46 21 före
146 270 43 27 jag,
205 276 44 15 som
266 270 49 26 sjelf
328 270 95 26 deltager
438 270 7 20 i
462 269 69 21 denna
546 273 73 23 tunga,
635 269 47 22 icke
697 269 36 21 vill
746 269 48 27 ingå
805 269 27 28 på
845 269 72 27 legans

84 299 129 26 förhöjning.
243 299 38 20 Att
307 299 36 20 det
367 304 75 21 genom
469 305 26 14 en
520 298 157 21 administrativ
699 298 130 27 författning,
846 299 71 20 såsom

86 329 61 20 äfven
164 329 86 24 prosten
266 327 80 21 Berner
361 327 105 25 anmärkt,
483 327 67 21 finnes
566 327 107 26 stadgadt,
690 329 32 18 att
740 327 40 21 den
793 327 123 26 skjutsande

90 356 18 27 ej
132 357 23 20 är
177 355 84 27 skyldig
282 358 32 18 att
335 357 52 25 göra
411 361 57 15 mera
491 356 27 20 än
539 362 25 14 en
581 357 35 19 tur
631 356 6 20 i
653 356 77 26 dygnet
745 357 24 19 är
785 358 67 23 sannt,
869 362 47 15 men

91 385 59 20 detta
172 384 117 27 stadgande
313 384 85 21 hindrar
413 384 78 21 honom
508 384 51 24 icke,
576 390 34 15 om
627 384 41 21 han
684 384 41 24 vill,
741 386 52 24 göra
809 385 34 20 två
859 387 58 18 turer

91 413 39 21 och
154 412 27 21 då
201 413 40 20 har
258 413 41 20 han
316 419 24 14 en
357 415 67 18 större
440 413 94 20 inkomst
550 412 47 21 från
613 413 61 20 dessa
689 413 36 20 två
740 413 133 26 skjutsturer,
890 415 25 18 än

90 441 55 22 hvad
168 447 44 16 som
236 443 62 24 utgör
313 441 209 27 markegångspriset
536 441 28 26 på
580 443 31 19 ett
627 441 163 26 ökedagsverke.
820 441 30 27 Ty
866 441 51 22 öke-

91 470 126 27 dagsverket
239 470 104 21 beräknas
363 470 55 21 blott
440 470 32 21 till
496 471 12 19 2
532 470 60 21 mark
616 471 27 20 60
665 471 68 26 penni,
749 470 111 21 hvaremot
876 471 40 20 den

88 499 123 26 skjutsande
233 499 104 26 förtjenar
352 501 33 18 tre
401 499 66 25 mark,
484 505 34 14 om
535 505 48 14 man
599 499 108 20 beräknar
724 499 47 27 11/,
787 499 35 20 mil
837 499 79 20 mellan

88 527 71 27 hvarje
175 527 182 27 gästgifverigärd.
387 527 40 26 Jag
442 527 42 21 kan
500 527 83 21 således
600 527 17 26 ej
629 527 51 22 inse,
694 530 33 18 att
746 528 46 20 skäl
803 527 113 22 förefinnes

88 558 32 19 att
145 558 77 24 antaga
248 556 114 21 utskottets
378 556 141 21 betänkande.
544 556 87 21 emedan
656 562 33 15 om
706 557 35 20 det
757 559 94 23 antages,
868 563 47 14 man

89 585 95 20 kommer
199 587 32 18 att
247 584 107 22 bibehålla
370 587 31 18 ett
416 585 58 25 ondt,
493 591 45 14 som
555 591 25 14 en
596 585 53 20 hvar
664 591 65 20 gerna
744 585 35 20 vill
796 588 49 23 taga
868 585 49 21 bort

89 613 47 21 från
149 613 134 27 jordbruket.

158 670 51 20 Vice
231 672 73 24 pastor
327 670 152 20 Törnudd:
510 670 46 20 Den
581 670 77 26 kalkyl,
682 676 43 15 som
749 671 6 20 i
772 671 144 20 betänkandet

89 698 66 21 finnes
179 699 104 26 uppgjord
306 698 33 21 för
361 699 137 20 beräknande
520 698 23 21 af
564 698 55 21 huru
639 698 51 27 högt
705 699 130 26 skjutslegan
851 699 65 21 borde

90 727 59 27 höjas
166 726 33 22 för
214 730 31 18 att
261 727 33 21 stå
309 728 6 20 i
335 727 128 27 ungefärligt
478 727 134 21 förhållande
628 727 32 21 till
676 728 40 20 den
733 728 54 20 1734
804 728 30 20 till
851 728 12 20 8
880 730 36 18 öre

89 756 121 20 fastställda
225 756 68 26 legan,
307 755 66 27 gifver
389 762 33 14 om
438 756 192 26 spannmålspriset
646 756 107 20 användes
768 756 69 20 såsom
853 756 54 21 mått

90 784 66 26 stock,
179 784 126 25 vidhanden,
330 787 31 18 att
377 784 39 21 den
433 791 28 14 nu
478 785 39 20 bör
532 786 98 25 utgöra
626 780 14 36 1
649 785 60 20 mark
725 786 26 19 42
768 785 62 26 penni
847 785 68 21 milen.

89 813 75 21 Denna
179 813 71 27 kalkyl
267 812 114 22 återfinnes
397 814 6 19 i
419 815 70 23 stats-,
501 814 108 20 ekonomi-
621 814 38 20 och
674 813 242 27 bevillningsutskottets

91 842 132 20 betänkande
246 842 34 20 vid
304 842 54 20 1867
383 842 34 20 års
432 842 103 26 landtdag
550 842 6 20 i
573 842 68 20 denna
656 842 66 26 fråga,
738 842 39 21 och
794 842 39 21 den
849 842 66 21 måste

90 877 50 14 vara
155 870 89 26 ungefär
260 870 69 27 riktig,
346 873 21 24 ty
385 871 53 20 1727
455 871 89 20 kostade
561 877 25 14 en
603 873 66 18 tunna
685 871 37 26 råg
737 871 76 21 endast
828 872 12 20 2
851 871 65 25 daler,

90 905 47 15 men
152 900 67 20 under
242 899 127 21 missvexten
387 900 51 20 1731
456 902 47 24 steg
519 900 40 20 den
576 899 31 21 till
624 899 58 21 öfver
698 902 32 18 tre
747 900 64 21 daler.
842 900 75 20 Denna

90 927 56 21 siffra
162 929 23 19 är
201 928 82 20 således
299 928 18 26 ej
333 928 46 21 från
395 928 67 20 luften
478 930 69 24 tagen.
580 928 48 21 Men
644 928 36 21 det
696 928 65 21 finnes
777 931 58 18 utom
851 928 64 21 redan

90 956 120 26 åberopade
234 956 52 24 skäl,
305 958 56 19 ännu
377 958 37 23 ett,
430 963 45 14 som
492 957 66 26 enligt
574 957 42 20 min
632 957 55 26 åsigt
702 957 54 21 talar
772 957 33 21 för
820 959 32 19 att
868 957 48 27 höja

90 985 137 26 skjutslegan.
257 985 41 21 Det
321 987 23 18 är
366 985 104 26 nemligen
493 988 30 18 ett
546 985 191 24 missförhållande,
761 992 43 14 som
827 986 90 26 uppstår

90 1014 34 20 vid
139 1014 90 20 svenska
244 1013 134 27 riksgränsen
394 1014 7 20 i
416 1014 83 21 Torneå
515 1014 70 22 elfdal,
602 1014 120 25 derigenom
739 1017 32 18 att
786 1014 129 26 skjutslegan

90 1042 27 26 på
132 1042 68 21 finska
215 1042 60 20 sidan
291 1044 24 19 är
331 1043 48 20 vida
394 1042 58 26 lägre
468 1044 26 19 än
511 1042 27 27 på
554 1043 40 21 den
610 1043 96 21 svenska.
737 1043 33 21 Då
786 1044 25 20 de
827 1042 88 22 resande

91 1071 18 26 ej
131 1071 27 26 på
180 1071 91 20 svenska
293 1071 61 21 sidan
376 1070 21 22 få
412 1071 72 21 färdas
501 1072 47 20 med
565 1078 81 14 samma
662 1072 107 25 hastighet
779 1078 44 14 som
837 1072 27 26 på
877 1071 39 21 den

90 1099 67 21 finska
180 1099 40 21 och
243 1099 18 27 ej
278 1099 32 21 för
326 1100 43 20 lika
384 1100 34 26 låg
434 1100 123 26 skjutslega,
574 1100 24 21 så
614 1100 40 20 blir
670 1100 79 26 följden
765 1100 46 22 den,
828 1102 32 19 att
875 1100 42 20 alla

90 1128 89 20 svenska
195 1128 95 25 resande,
307 1128 82 21 hvilkas
405 1129 57 20 antal
478 1130 24 19 är
517 1129 81 26 ganska
607 1131 61 24 stort,
679 1135 47 14 resa
741 1129 28 26 på
779 1129 68 20 finska
857 1128 59 21 sidan

90 1156 22 21 af
126 1156 83 21 Torneå
225 1156 33 25 elf,
275 1157 37 20 der
327 1156 149 27 befolkningen
492 1159 24 18 är
532 1157 141 20 öfvermåttan
685 1157 120 27 betungade
820 1157 21 20 af
856 1157 61 21 deras

90 1184 157 22 fortskaffande.
278 1185 31 21 Dä
327 1185 36 21 det
378 1185 107 21 dessutom
501 1185 33 21 för
543 1186 132 20 närvarande
692 1186 17 27 ej
727 1186 59 21 torde
802 1185 67 21 finnas
881 1185 36 21 nä-

90 1220 41 19 gon
147 1219 58 15 mera
219 1214 97 25 praktisk
332 1215 65 24 utväg
411 1216 32 19 att
460 1214 69 21 lindra
540 1214 40 21 den
591 1217 72 24 tunga,
674 1221 44 14 som
729 1214 128 27 jordbruket
864 1214 53 21 lider

90 1242 23 20 af
127 1241 196 28 hällskjutsningen,
339 1244 27 19 än
382 1245 32 18 att
430 1242 49 27 höja
495 1243 137 26 skjutslegan,
649 1243 68 21 skulle
729 1243 38 26 jag
782 1243 87 20 förorda
881 1249 35 14 an-

90 1271 101 26 tagandet
207 1271 22 20 af
244 1271 115 21 utskottets
377 1271 140 21 betänkande.

160 1327 205 28 Kontraktsprosten
405 1328 141 26 Sohlberg:
576 1328 41 27 Jag
632 1329 42 20 kan
691 1329 18 26 ej
729 1328 54 21 fatta
798 1329 25 20 de
839 1328 78 21 talares

92 1359 153 23 resonnement,
263 1357 70 20 hvilka
363 1359 51 24 säga
429 1358 32 19 att
477 1357 279 26 skjutsningsskyldigheten
773 1359 23 19 är
812 1359 31 18 ett
860 1357 57 20 svårt

92 1391 51 15 onus
166 1385 32 20 för
218 1385 128 26 jordbruket
363 1398 26 2 —
409 1385 81 21 hvilket
506 1385 18 27 ej
540 1386 68 21 heller
623 1386 23 20 af
659 1386 68 27 nägon
743 1386 40 20 här
799 1385 68 21 blifvit
882 1386 35 19 be-

91 1414 63 20 stridt
169 1425 20 2 —
213 1420 47 15 men
275 1420 51 15 anse
341 1417 32 18 att
389 1415 59 20 detta
464 1420 53 15 onus
533 1415 122 26 derigenom
669 1415 67 20 skulle
748 1414 64 21 blifva
823 1414 93 26 afhjelpt,

92 1445 31 18 att
138 1441 129 28 skjutslegan
285 1443 67 20 blefve
368 1443 91 26 förhöjd.
492 1443 40 26 Jag
548 1443 46 20 äter
610 1443 42 21 kan
668 1443 18 26 ej
703 1443 55 20 finna
775 1445 41 19 det.
841 1443 29 26 Ty
882 1442 35 21 det

92 1470 64 21 borde
172 1471 33 20 väl
222 1477 51 15 vara
288 1471 97 24 erkändt,
401 1473 32 19 att
448 1471 37 21 det
501 1471 136 26 betungande
653 1471 18 27 ej
685 1472 66 26 ligger
762 1472 6 20 i
779 1471 138 27 skjutsnings-

92 1499 146 26 skyldigheten
262 1499 51 21 eller
327 1500 7 20 i
351 1501 38 20 den
407 1500 47 26 läga
470 1500 68 27 legan,
554 1503 52 18 utan
622 1501 5 20 i
643 1500 168 21 försummandet
826 1500 23 21 af
860 1499 57 27 jord-

92 1528 76 21 bruket
184 1528 39 21 och
239 1528 36 21 det
290 1529 194 20 demoraliserande
500 1528 122 27 inflytande,
639 1535 44 15 som
699 1529 107 21 vistandet
821 1529 27 26 pä
859 1530 58 25 gäst-
