1117 1817
221 134 41 22 752
423 138 162 18 Presteständet
596 140 54 16 1872.
674 140 27 17 20
715 140 58 20 april.

191 220 44 21 des.
266 219 101 21 Inträffar
383 226 25 15 en
424 221 69 19 större
508 220 109 23 missväxt,
632 220 46 21 står
692 220 37 21 det
744 220 61 21 alltid
821 220 126 26 regeringen
957 221 64 26 öppet

191 250 34 19 att
241 247 68 22 skaffa
325 248 32 26 sig
371 247 124 27 penningar,
512 247 39 22 och
567 248 70 21 denna
652 255 40 14 ena
707 248 73 26 miljon
797 248 70 21 skulle
883 249 33 20 väl
933 249 25 26 ej,
973 249 6 20 i
995 254 26 15 en

191 277 133 20 allmännare
346 277 108 24 missväxt,
476 283 52 14 vara
551 276 122 27 tillräcklig;
689 276 24 21 sä
728 278 32 19 att
776 277 69 20 denna
861 283 89 19 summa,
967 277 53 21 efter

192 305 43 21 min
259 305 91 26 mening,
374 305 68 21 skulle
457 311 70 20 gagna
543 305 85 26 mycket
643 305 53 23 litet,
712 311 48 15 men
777 305 97 21 deremot
889 305 131 22 förekomma

191 334 80 21 folkets
293 333 183 28 sjelfverksamhet
499 333 39 22 och
562 339 85 21 omsorg
670 333 33 22 för
725 334 32 21 sin
773 333 140 22 ekonomiska
928 333 91 22 framtid.

191 363 42 26 Jag
255 363 86 20 förenar
364 363 43 25 mig
430 361 98 28 föröfrigt
550 362 49 21 med
622 364 86 25 prosten
731 362 60 27 Hjelt
807 363 6 20 i
829 363 42 24 det,
888 365 32 18 att
935 369 34 15 om
985 363 35 21 det

192 391 133 26 högvördiga
339 391 92 23 ständet,
447 393 45 19 mot
507 390 43 21 min
566 391 141 26 uppfattning,
723 391 69 21 skulle
809 391 72 21 bifalla
892 391 32 21 till
937 391 83 22 utskot-

192 421 42 20 tets
258 419 142 26 betänkande,
422 419 83 22 medlen
528 419 27 21 dä
570 419 129 22 ätminstone
715 419 18 26 ej
750 419 67 22 borde
832 420 109 21 användas
955 422 65 19 annat

193 450 26 19 än
235 448 71 21 säsom
323 454 24 15 en
363 447 165 28 nödhjelpsfond
543 448 69 21 under
627 447 132 26 missväxtär,
775 451 22 24 ty
813 448 72 21 kunna
901 448 26 21 de
942 450 78 19 använ-

193 477 38 20 das
254 477 33 20 till
309 477 66 26 nägot
397 479 71 24 annat,
492 477 24 20 sä
531 477 42 20 kan
589 483 49 14 man
654 477 18 26 ej
689 477 67 20 räkna
771 477 28 26 pä
815 477 47 21 dem
878 477 68 21 under
961 477 59 21 miss-

193 506 80 21 växtär.

261 563 91 20 Prosten
373 563 164 20 Borenius:
561 562 42 21 Det
626 564 24 19 är
665 562 55 21 blott
736 563 48 20 med
801 563 99 20 afseende
915 563 12 21 å
943 563 25 21 de
983 569 36 15 an-

193 591 85 21 märkta
299 592 12 20 3
326 593 94 25 procent,
436 597 45 14 som
495 591 37 26 jag
548 591 68 20 skulle
632 591 26 21 be
674 593 32 18 att
721 591 21 21 fä
758 593 79 22 nämna
852 593 38 24 att,
907 591 27 21 dä
948 592 71 26 fattig-

193 619 119 22 husfonden
335 619 32 21 för
390 620 45 20 sina
458 620 12 21 2
494 619 97 27 miljoner
615 619 67 26 mark,
705 619 22 21 af
745 620 84 21 banken
845 622 118 25 emottager
978 621 42 26 31/,

193 651 95 24 procent,
305 649 35 20 det
355 654 62 21 synes
432 649 42 26 mig
490 648 87 21 alldeles
594 648 74 27 billigt,
686 650 31 19 att
733 648 84 21 banken
833 649 46 20 åter
895 649 12 20 å
923 649 32 20 sin
967 649 52 24 sida,

194 679 38 18 när
248 677 41 21 den
307 677 86 26 beviljar
409 677 41 26 län,
466 677 98 26 möjligen
580 676 28 26 pä
624 683 26 14 en
666 677 37 24 tid,
720 677 27 21 dä
763 677 36 21 det
815 677 32 21 för
863 677 122 21 densamma
996 679 24 19 är

193 706 117 26 olämpligt,
326 705 33 21 fär
374 705 66 21 räkna
456 705 32 26 sig
503 705 33 21 till
551 705 55 26 godo
622 705 128 21 ätminstone
766 708 34 18 tre
815 709 94 23 procent.

262 762 81 22 Lektor
379 762 143 21 Johnsson:
547 762 33 21 Dä
594 762 36 26 jag
645 762 39 20 har
699 762 84 21 förenat
794 763 42 26 mig
849 762 48 21 med
907 762 111 26 utskottet,

193 797 62 15 anser
276 791 37 27 jag
335 791 43 26 mig
399 791 84 26 skyldig
506 793 32 19 att
560 791 106 26 redogöra
681 790 34 21 för
730 790 119 22 motiverna
865 790 76 22 dertill.
970 791 49 21 Man

193 820 40 20 har
256 819 33 21 för
311 820 37 20 det
370 819 67 21 första
460 819 104 25 anmärkt,
588 821 33 19 att
644 826 26 14 en
685 819 73 27 miljon
774 821 25 19 är
815 819 33 21 för
863 820 52 25 litet,
932 819 39 21 och
988 822 31 18 att

193 848 48 22 med
257 848 24 21 sä
296 848 60 27 ringa
371 848 69 21 medel
455 848 42 20 kan
512 848 48 26 föga
576 848 66 26 nägot
656 848 51 26 godt
722 848 167 26 ästadkommas,
899 848 26 21 dä
936 854 25 15 en
972 848 47 21 svär

194 877 101 21 missväxt
310 877 51 21 eller
376 876 65 27 nägot
456 879 66 18 annat
537 876 68 27 dylikt
620 876 102 22 inträffar.
753 877 41 25 Jag
809 877 40 20 har
863 877 62 21 tänkt
935 877 42 25 mig
987 878 32 20 att

193 906 104 26 styrelsen
319 905 35 21 vill
378 905 61 21 hafva
462 905 59 21 detta
544 905 91 21 kreditiv
658 905 22 21 af
701 912 25 14 en
742 905 74 27 miljon
832 906 32 20 för
880 908 31 18 att
927 905 92 27 afhjelpa

193 934 78 27 partiel
293 934 106 26 missväxt,
422 934 40 20 och
485 936 32 18 att
532 934 28 21 dä
575 934 54 20 total
645 934 101 20 missväxt
762 933 103 25 inträffar,
881 934 102 26 styrelsen
999 934 19 26 ej

193 963 79 21 anlitar
289 962 90 22 banken.
411 962 40 21 Det
466 968 51 15 vore
533 962 18 27 ej
568 962 67 21 heller
650 962 131 26 välbetänkt,
797 965 23 24 ty
835 962 28 22 dä
878 962 67 22 mäste
960 962 59 27 kapi-

193 992 84 21 talerna
299 993 102 19 strömma
424 993 24 19 ut
467 991 32 21 till
515 991 26 21 de
556 991 102 21 enskilde.
690 991 71 21 Under
784 992 82 20 mindre
888 992 130 25 missväxter,

193 1020 97 21 deremot
312 1020 41 21 kan
369 1020 83 20 banken
468 1020 114 26 disponera
600 1020 59 21 öfver
674 1020 70 20 denna
759 1026 88 20 summa,
863 1022 50 19 utan
929 1022 32 19 att
976 1020 42 20 för-

193 1049 82 21 fördela
298 1049 45 21 sina
359 1048 67 27 öfriga
441 1048 88 21 kunder.
560 1048 43 22 För
618 1048 36 21 det
670 1049 67 21 andra
753 1048 40 22 har
809 1055 48 15 man
873 1048 99 22 anmärkt
986 1051 33 18 att

194 1078 37 20 det
253 1078 18 26 ej
295 1079 24 19 är
341 1076 113 28 styrelsens
478 1077 38 21 sak
536 1079 32 19 att
583 1077 108 25 undsätta,
706 1079 52 19 utan
774 1079 33 19 att
822 1078 35 20 det
873 1079 24 19 är
913 1077 51 21 hvar
980 1077 38 21 och

194 1112 37 14 ens
247 1106 121 26 skyldighet
383 1108 32 18 att
430 1105 58 27 sörja
502 1105 34 21 för
552 1106 31 26 sig
598 1106 54 26 sjelf,
664 1106 40 21 och
714 1108 33 19 att
757 1112 49 15 man
817 1106 123 26 härigenom
951 1106 68 20 skulle

193 1136 53 25 göra
269 1134 157 27 statsstyrelsen
449 1134 32 21 till
504 1140 26 15 en
549 1134 224 27 fattigvärdsstyrelse.
805 1135 48 20 Men
868 1134 66 21 tänka
949 1135 19 20 vi
984 1140 34 15 oss

194 1163 54 20 huru
271 1162 161 21 förhällandena
454 1163 68 20 skulle
540 1163 93 26 gestalta
648 1163 32 26 sig
695 1163 31 21 uti
742 1163 25 21 de
783 1163 100 27 nordliga
898 1163 86 20 delarna
998 1162 22 21 af

194 1191 79 26 landet,
297 1191 6 21 i
325 1191 35 21 fall
383 1191 103 26 styrelsen
505 1191 18 26 ej
539 1191 69 21 skulle
623 1192 102 21 undsätta
739 1191 144 28 inbyggarene
900 1192 37 20 der
952 1191 67 21 under

194 1220 131 21 missväxtär.
356 1220 43 21 Der
422 1220 67 21 skulle
504 1220 63 26 ingen
585 1220 133 21 konkurrens
726 1221 85 26 uppstä,
827 1227 44 14 som
887 1220 68 21 skulle
970 1220 49 21 ned-

194 1250 57 19 sätta
266 1249 102 26 priserna,
383 1250 51 19 utan
449 1249 42 20 alla
506 1248 133 22 behöfvande
655 1255 51 15 vore
716 1249 98 21 lemnade
825 1249 6 20 i
843 1249 96 21 enskilda
949 1249 69 20 landt-

195 1277 114 21 handlares
334 1277 55 26 väld,
408 1277 72 21 hvilka
496 1277 119 27 derigenom
632 1277 99 22 försattes
747 1278 7 21 i
769 1277 85 22 tillfälle
870 1279 33 19 att
918 1277 55 21 rikta
988 1277 31 26 sig

194 1305 27 26 pä
237 1306 41 20 den
293 1305 121 21 nödställda
429 1305 161 27 befolkningens
606 1306 125 21 bekostnad.
761 1306 10 21 I
787 1306 52 27 följd
854 1306 63 21 häraf
932 1306 39 21 blir
984 1306 35 21 det

194 1341 26 14 en
246 1334 164 27 nödvändighet,
433 1336 33 19 att
488 1335 103 26 styrelsen
614 1334 74 27 ätager
710 1335 31 26 sig
764 1334 254 27 undsättningsätgärder.

194 1362 89 22 Finland
304 1369 49 20 eger
368 1369 25 14 en
409 1363 94 21 national
519 1363 148 26 förmögenhet
682 1363 5 21 i
704 1363 91 22 banken.
826 1363 107 27 Styrelsen
948 1363 71 26 frägar

194 1397 34 15 om
252 1391 40 22 den
314 1391 33 21 fär
366 1392 96 20 använda
478 1398 25 15 en
520 1392 32 21 del
570 1391 22 22 af
607 1392 69 20 denna
692 1391 147 28 förmögenhet
855 1392 31 21 till
902 1394 32 19 att
949 1391 71 27 hjelpa

194 1420 41 21 den
251 1421 33 20 del
301 1420 22 21 af
337 1419 101 22 Finlands
453 1420 121 27 inbyggare,
591 1427 45 14 som
652 1420 92 21 drabbas
760 1421 23 20 af
797 1421 69 26 nägon
883 1420 80 27 olycka.
980 1419 38 22 Om

194 1449 116 21 ständerna
331 1448 28 27 pä
381 1448 69 21 denna
472 1449 60 26 fråga
554 1449 69 21 skulle
646 1455 62 15 svara
724 1449 69 27 ,nej*,
809 1455 63 16 anser
885 1449 36 27 jag
936 1451 32 19 att
984 1449 35 21 det

194 1483 50 15 vore
267 1480 32 19 ett
321 1477 32 21 för
371 1479 83 25 strängt
469 1483 54 15 svar.
554 1477 50 21 Man
620 1477 68 22 skulle
703 1478 27 21 dä
747 1478 68 21 önska
830 1480 32 19 att
872 1478 93 21 national
975 1477 44 21 för-

194 1506 140 26 mögenheten
349 1506 7 20 i
373 1506 83 21 banken
471 1506 68 21 skulle
554 1506 94 25 tillväxa,
665 1508 50 19 utan
731 1506 101 22 afseende
847 1506 27 27 pä
890 1513 33 14 om
937 1507 81 21 landets

193 1534 128 21 innevänare
341 1534 76 27 förgäs.
448 1535 41 26 Jag
504 1534 34 21 för
554 1535 42 21 min
612 1535 34 21 del
662 1535 39 21 har
716 1537 42 19 sett
773 1536 33 21 för
822 1535 89 27 mycken
923 1536 41 20 nöd
980 1536 39 21 och
