1117 1817
305 136 162 17 Presteständet
480 136 53 17 1872.
559 136 22 16 16
595 136 59 20 april.
838 132 40 21 703

80 217 37 21 ket
132 217 93 24 säkrare,
241 222 32 15 om
290 216 26 21 de
331 216 107 20 förmäner
454 215 23 21 af
490 216 115 21 ständerna
621 216 94 25 beviljas,
731 216 72 21 hvilka
815 216 37 27 jag
869 217 38 21 här

81 245 45 21 haft
148 247 50 18 äran
219 247 29 18 att
265 244 83 21 föreslä.
380 243 44 22 Och
438 244 37 26 jag
490 245 84 25 styrkes
589 245 5 20 i
612 244 70 21 denna
697 244 55 27 äsigt
767 245 22 20 af
803 251 25 14 en
844 245 23 21 af
881 246 26 21 de

80 276 106 19 varmaste
209 273 144 20 förfäktarena
375 272 23 21 af
419 267 155 26 ÄAbo—Wiiala
597 273 76 24 banan,
697 275 74 24 pastor
790 273 115 28 Dahlberg,

80 309 46 14 som
141 302 27 27 pä
183 301 144 26 förmiddagen
343 301 102 23 uttalade,
462 303 33 19 att
510 296 137 26 Äbo-boerne
663 301 68 21 skulle
747 301 69 26 bygga
829 303 77 21 Wiiala

81 331 76 23 banan,
183 329 60 22 äfven
267 337 32 14 om
323 332 68 19 staten
415 330 69 21 skulle
506 329 68 28 bygga
596 329 115 21 Riihimäki
736 329 77 22 banan.
845 331 60 21 Huru

81 359 84 28 mycket
187 365 57 15 mera
267 359 60 20 skola
349 359 26 20 de
397 358 46 21 icke
466 360 52 25 göra
542 359 41 26 det,
600 365 34 14 om
650 358 194 22 Riihimäki-banan
859 359 46 22 icke

81 388 92 27 bygges?
202 387 40 26 Jag
257 387 119 21 föreställer
391 387 48 26 mig,
455 389 33 18 att
502 387 42 20 min
561 387 133 21 hedervärda
708 388 47 23 vän,
769 387 136 27 domprosten

80 417 96 22 Renvall,
199 422 59 21 ryser
280 415 57 22 öfver
359 416 48 20 mitt
428 415 106 27 yttrande,
558 415 27 21 dä
605 415 37 27 jag
664 415 90 21 sälunda
770 417 79 20 uttalar
865 417 40 21 den

82 445 69 24 tanke,
171 448 32 17 att
225 439 136 26 Äbo-bnerne
377 444 60 21 skola
452 446 126 24 ansträngas
593 444 48 21 med
657 444 122 27 byggandet
794 445 21 21 af
829 440 76 26 Åbo—

81 474 77 21 Wiiala
177 473 68 21 banan
262 473 70 21 derför
348 475 32 18 att
395 474 25 19 de
436 474 38 19 äro
490 473 70 20 dertill
576 473 100 26 mäktige.
707 473 48 20 Men
769 473 36 26 jag
821 474 38 21 ber
874 477 32 18 att

82 502 19 21 fä
121 502 86 21 hänvisa
223 502 41 20 min
280 503 39 19 vän
336 502 31 20 till
385 502 35 20 det
435 501 107 21 allmänna
558 501 143 21 förhällandet
716 501 7 21 i
739 501 66 26 lifvet,
821 504 33 19 att
865 503 39 20 den

82 537 45 14 som
149 531 39 20 har
210 530 71 26 nägot,
303 530 32 21 fär
355 530 77 23 betala,
449 530 39 21 och
504 530 38 21 hos
559 531 47 23 den,
622 536 44 15 som
683 530 108 27 ingenting
807 531 44 27 har,
867 531 38 21 har

82 559 81 21 kronan
179 559 89 20 förlorat
283 559 30 20 sin
329 561 48 18 rätt.
407 559 41 26 Jag
463 559 34 20 vill
514 559 99 26 slutligen
630 559 151 20 sammanfatta
796 560 43 20 min
851 559 55 28 äsigt

82 588 6 20 i
109 587 159 27 jervägsfrägan
292 588 5 19 i
319 587 93 27 följande
435 587 179 26 hufvudpunkter.
646 587 39 26 Jag
700 587 68 21 skulle
785 588 72 26 önska,
873 591 32 18 att

83 617 35 20 det
139 616 130 26 högvördiga
291 616 84 21 ständet
395 616 49 21 ville
467 616 6 20 i
496 616 31 21 sin
544 616 89 26 petition
650 616 51 20 eller
716 615 7 21 i
739 616 36 21 det
790 623 54 19 svar,
859 623 45 15 som

83 645 35 20 det
133 645 27 26 pä
176 645 114 26 petitionen
306 645 95 26 afgifver,
417 645 69 20 uttala
501 645 31 26 sig
548 644 27 27 pä
585 644 93 27 följande
691 646 52 19 sätt:
762 645 31 20 1:o
811 645 38 22 Att
858 645 47 22 vårt

82 673 50 21 land
154 673 123 27 ytterligare
300 673 100 21 behöfver
420 673 122 26 jernvägar;
566 674 34 20 2:0
623 675 32 18 att
671 673 121 26 byggandet
807 673 22 21 af
844 674 61 21 dessa

82 702 297 20 kommunikationsanstalter
401 701 39 21 bör
464 701 119 27 öfvertagas
599 701 55 21 helst
670 701 23 21 af
707 701 96 21 enskilda
819 702 38 21 och
873 705 32 18 att

83 732 75 24 staten,
182 730 33 21 för
235 732 33 19 att
282 730 124 26 möjliggöra
422 730 66 24 detta,
504 732 24 18 är
543 730 75 26 pligtig
633 732 33 19 att
681 730 138 27 understödja
834 731 71 27 dylika

81 759 82 26 företag
178 765 74 21 genom
269 759 132 24 subvention,
418 758 51 21 eller
484 759 152 26 räntegaranti,
651 764 47 15 men
715 760 38 24 att,
770 759 27 21 dä
813 759 92 27 byggan-

81 788 36 20 det
132 788 22 20 af
167 787 68 21 banor
250 788 55 20 visat
320 788 31 26 sig
366 794 50 14 vara
432 787 96 27 omöjligt
543 787 33 21 för
592 787 103 25 enskilda,
712 788 60 20 detta
787 788 38 20 bör
836 788 68 21 öfver-

81 818 60 24 tagas
163 816 22 20 af
207 818 78 22 staten;
311 816 32 21 3:o
368 819 31 18 att
422 816 131 20 Tavastehus
576 811 150 37 Tammerfors
742 816 69 21 banan
827 816 78 28 bygges

80 844 75 21 främst
177 844 46 26 och,
247 850 33 15 om
299 844 87 27 möjligt,
402 847 51 18 utan
468 844 102 27 uppskof;
593 846 33 19 4:o
643 846 33 19 att
692 844 21 21 åt
727 838 47 27 Åbo
790 845 47 21 stad
853 846 52 20 lem-

81 880 37 14 nas
141 873 65 26 några
228 873 112 27 förmåner,
363 876 14 18 t.
400 880 30 14 ex.
447 880 25 14 en
489 874 143 25 räntegaranti
649 873 23 21 af
686 874 91 26 200,000
792 874 61 21 mark
868 881 37 20 per

81 902 29 25 är,
134 901 33 21 för
189 902 120 26 byggandet
329 902 22 20 af
365 908 26 14 en
404 902 90 26 jernväg
509 901 46 21 frän
569 901 68 27 nägon
653 902 68 26 punkt
737 902 23 21 af
774 902 131 27 Helsingfors

80 930 171 21 —Tammerfors
274 931 68 20 banan
361 930 31 21 till
409 924 55 31 Åbo;
481 930 34 21 5:o
531 932 39 23 att,
586 930 76 21 medan
678 930 142 22 Tammerfors
836 931 69 21 banan

81 960 84 26 bygges,
189 965 123 20 noggranna
334 959 183 26 undersökningar
539 959 35 21 mä
589 959 103 21 anstäilas
707 959 33 21 för
756 960 40 20 den
810 959 94 27 jernväg,

80 994 45 14 som
141 988 69 20 skulle
226 988 50 26 utgä
291 988 6 20 i
313 988 82 26 nordlig
411 988 93 26 riktning
520 987 46 21 frän
582 987 148 26 Tammerfors,
743 988 38 21 och
794 991 31 18 att
836 988 69 22 denna

77 1016 94 26 jernväg,
188 1022 45 14 som
249 1016 65 21 borde
329 1016 65 21 blifva
409 1016 131 27 smalspärig,
557 1016 68 21 skulle
641 1016 83 27 dragas,
737 1016 72 27 sävidt
825 1017 80 27 möjligt

80 1046 30 24 är,
132 1050 75 21 genom
230 1045 25 20 de
279 1045 120 26 bördigaste
422 1045 121 26 trakterna;
564 1046 56 20 samt
636 1046 34 20 6:o
686 1047 32 19 att
733 1040 172 26 Österbottniska

80 1073 69 21 banan
172 1073 100 27 päbörjas
295 1074 131 20 omedelbart
448 1072 54 22 efter
524 1074 36 20 det
582 1073 143 21 Tammerfors
749 1074 68 20 banan
835 1074 69 22 blifvit

78 1102 75 26 färdig,
177 1102 39 20 och
239 1104 32 18 att
293 1102 47 21 med
361 1102 120 26 byggandet
504 1102 23 21 af
548 1102 69 21 denna
639 1102 55 20 bana
716 1102 109 21 fortsättes
841 1102 63 22 efter-

79 1130 63 25 hand,
165 1130 69 21 sävidt
255 1131 82 20 landets
359 1130 114 27 tillgångar
496 1131 36 20 det
554 1128 112 29 medZifva.
697 1130 48 21 Men
764 1131 82 20 landets
862 1132 42 20 till-

78 1158 81 27 gängar
181 1159 68 20 mäste
272 1159 38 20 här
333 1159 87 21 framför
440 1158 38 21 allt
493 1159 154 26 ihogkommas.
678 1159 43 20 Det
735 1159 38 26 gär
789 1159 18 26 ej
823 1166 33 18 an,
873 1162 31 19 att

79 1188 20 19 vi
123 1187 68 27 bygga
212 1193 45 15 mer
272 1189 26 19 än
314 1187 19 21 vi
349 1187 74 26 förmä,
439 1187 44 21 lika
498 1188 47 20 litet
561 1193 45 15 som
620 1187 37 27 jag
673 1187 68 21 skulle
757 1193 50 15 anse
822 1190 31 19 att
869 1189 36 20 det

79 1222 51 15 vore
145 1215 61 22 klokt
221 1218 32 19 att
269 1216 68 27 bygga
349 1217 81 20 mindre
442 1218 26 19 än
480 1217 19 20 vi
510 1216 75 21 förmä.
609 1216 33 21 Dä
654 1223 24 14 en
690 1216 124 27 fullständig
824 1217 79 21 känne-

80 1245 48 20 dom
151 1251 33 14 om
209 1245 82 20 landets
313 1245 95 26 förmäga
424 1247 32 18 att
471 1245 69 26 bygga
555 1247 24 18 är
594 1248 32 17 ett
641 1245 85 20 absolut
741 1245 69 20 vilkor
825 1245 33 21 för
873 1248 31 18 ett

79 1273 115 26 afgörande
217 1273 70 21 beslut
309 1274 47 20 med
375 1273 99 21 afseende
490 1273 12 21 ä
518 1274 26 21 de
560 1273 74 26 skilda,
650 1273 95 27 begärda
757 1273 147 28 jernvägarna,

80 1308 61 15 anser
156 1301 37 27 jag
209 1304 32 18 att
255 1302 72 27 hvarje
343 1302 69 21 beslut
427 1302 39 21 bör
482 1302 133 27 uppskjutas,
631 1301 56 22 intill
703 1302 47 21 dess
767 1302 83 21 ständet
865 1302 39 21 har

79 1337 75 20 genom
173 1331 159 20 statsutskottet
354 1331 41 20 fätt
417 1331 123 26 fullständig
555 1331 126 26 upplysning
697 1331 79 20 derom.
806 1331 40 26 Jag
861 1331 42 21 för-

80 1365 51 14 enar
145 1359 42 26 mig
204 1359 83 21 derföre
302 1360 47 20 med
365 1360 54 25 dem,
435 1365 45 15 som
496 1359 53 27 yrka
564 1359 28 26 pä
602 1359 100 21 ärendets
713 1359 74 21 remiss
798 1359 32 21 till
841 1362 63 18 stats-

79 1388 112 20 utskottet.
217 1388 32 21 De
265 1388 154 27 upplysningar,
434 1388 36 27 jag
486 1388 117 21 emellertid
619 1388 47 20 frän
678 1388 225 26 statsräkenskaperna

80 1416 91 25 erhällit,
194 1418 52 25 göra
268 1417 35 20 det
325 1417 112 24 sannolikt,
458 1419 32 18 att
512 1417 72 20 landet
607 1416 54 21 skall
684 1417 73 28 kunna
776 1417 67 26 bygga
858 1416 45 21 icke

79 1445 74 20 endast
174 1441 142 34 Tavastehus
330 1441 146 34 Tammerfors
497 1445 69 21 banan
590 1445 39 20 och
652 1445 57 26 gifva
726 1445 136 21 Abo-boerne
879 1451 25 15 en

79 1473 64 25 nödig
163 1474 152 26 räntegaranti,
331 1476 51 19 utan
399 1473 60 22 äfven
476 1476 32 19 att
524 1474 39 21 den
580 1473 169 22 österbottniska
764 1474 70 20 banan
850 1473 54 21 skall

79 1502 71 21 kunna
173 1502 88 26 utföras,
285 1503 64 20 sedan
371 1503 40 20 den
434 1503 62 20 söder
513 1509 33 14 om
562 1502 144 21 Tammerfors
721 1502 98 27 liggande
834 1501 69 22 banan

78 1530 69 21 blifvit
169 1530 74 26 färdig.
275 1531 31 20 De
329 1531 119 26 disponibla
469 1531 140 26 tillgängarne
632 1531 73 26 tyckas
729 1530 106 27 medgifva
849 1530 54 21 både
