1117 1817
313 140 162 19 Presteständet
488 141 56 17 1872.
568 141 22 17 16
603 141 59 21 april.
838 136 42 21 657

74 222 142 27 fartsafgiften
230 221 93 22 likartad
337 221 65 26 skatt,
418 220 86 22 hvilken
524 220 54 22 efter
592 220 80 22 dennas
687 220 138 27 upphörande
840 221 69 22 skulle

74 251 108 28 uppbäras
198 250 48 21 med
261 252 32 19 tre
308 251 89 26 procent
412 249 22 22 af
446 249 139 22 tullsatserna
599 249 55 21 intill
669 249 106 27 utgången
795 249 20 22 af
829 249 37 22 det
877 250 33 27 är,

76 279 27 23 dä
118 280 62 21 nästa
194 278 102 27 landtdag
311 278 73 21 slutas.

144 307 34 22 Då
193 306 117 23 emellertid
325 308 34 20 tre
373 306 62 22 stånd
450 306 57 22 varit
522 312 50 16 ense
587 306 79 24 derom,
686 308 32 19 att
733 306 70 27 någon
817 306 92 22 särskild

76 336 136 27 beskattning
233 335 33 22 för
288 335 59 22 detta
368 335 99 22 ändamål
491 335 17 27 ej
533 334 67 22 borde
615 334 22 22 af
650 334 115 22 ständerna
780 335 74 27 åtagas
869 335 40 22 och

76 364 131 27 högvördiga
228 363 155 28 presteståndet
397 363 79 28 jemväl
492 363 60 27 gillat
567 363 117 22 utskottets
698 363 85 27 förslag,
799 365 32 20 att
847 364 26 21 de
888 363 23 22 af

76 393 145 28 inqvartering
235 394 55 20 mest
305 392 119 27 betungade
439 391 74 22 städer
528 391 66 22 borde
609 392 83 27 åtnjuta
704 391 76 28 bidrag
791 398 24 15 ur
825 392 86 22 militie-

76 421 85 26 fonden,
178 422 33 21 får
225 421 160 22 statsutskottet
402 421 110 21 vördsamt
527 420 89 27 inbjuda
631 420 130 27 högvördiga
775 421 134 22 Prestestån-

78 450 36 22 det
136 452 39 24 att,
198 450 48 22 med
261 449 129 27 frångående
405 449 22 22 af
441 449 49 22 dess
506 449 70 21 beslut
590 449 109 27 angående
715 449 120 22 återremiss
850 449 7 21 i
873 456 36 15 an-

77 479 58 22 fördt
149 479 61 28 syfte,
225 479 113 26 godkänna
353 478 116 21 utskottets
486 477 141 22 betänkande.

327 535 32 22 På
374 534 177 23 Statsutskottets
566 536 90 25 vägnar:

596 591 60 22 Karl
672 591 87 28 Gustaf
770 591 71 28 Boije.

148 688 69 22 Sedan
239 689 90 26 ståndet,
348 688 27 28 på
397 688 155 27 framställning
574 688 22 22 af
609 688 26 21 hr
650 688 157 27 talmannen,
823 688 88 22 beslutit

80 719 32 20 att
134 720 51 19 utan
207 717 127 27 föregången
357 717 154 27 bordläggning
526 719 75 25 genast
617 719 93 25 upptaga
725 717 88 22 ärendet
828 717 31 21 till
875 717 35 21 be-

80 746 107 31 handling,
203 746 83 28 yttrade
301 746 32 27 sig
349 745 44 22 deri
409 745 91 27 följande
517 745 75 22 talare:

149 808 90 22 Prosten
261 808 89 26 Hjelt:
379 808 40 26 Jag
442 808 41 21 kan
502 808 32 21 för
549 808 43 21 min
608 808 34 22 del
658 808 17 27 ej
692 807 63 27 finna,
771 810 32 20 att
818 808 6 21 i
840 808 70 22 denna

82 836 59 28 fråga
156 840 33 18 tre
203 837 74 21 stånds
292 836 69 22 beslut
377 839 37 19 äro
429 836 235 26 sammanstämmande,
681 838 22 26 ty
718 836 75 22 endast
809 837 101 27 borgare-

82 865 39 22 och
144 865 155 22 bondeståndet
322 865 62 22 hafva
407 866 85 21 stadnat
512 865 6 21 i
534 865 112 21 enahanda
661 865 75 21 beslut.
767 865 86 22 Således
869 865 41 22 bör

82 894 53 22 efter
155 895 27 20 73
205 894 30 28 &:s
257 894 51 21 sista
329 896 99 23 moment,
453 894 75 26 frågan
543 893 89 22 förfalla.
662 894 41 27 Jag
719 893 34 21 vill
768 894 94 26 tillägga,
877 896 34 19 att

80 922 69 22 skulle
163 924 34 20 tre
211 923 74 21 stånds
300 922 70 22 beslut
385 923 54 21 varit
454 922 236 26 sammanstämmande,
706 922 68 22 skulle
785 922 125 27 inbjudning

80 951 20 27 ej
116 950 89 22 behöfts.

150 1019 111 22 Professor
275 1019 139 22 Forsman:
444 1020 44 20 För
504 1019 42 21 min
562 1019 34 21 del
612 1019 68 21 skulle
693 1019 36 27 jag
745 1022 32 18 tro
794 1022 32 19 att
836 1020 75 21 visser-

80 1048 63 27 ligen,
166 1048 70 21 såsom
258 1048 159 22 statsutskottet
431 1048 39 21 har
485 1048 111 25 förmenat,
612 1048 40 20 här
667 1050 36 19 äro
719 1050 32 19 tre
766 1048 74 22 stånds
855 1054 55 15 sam-

81 1076 181 22 manstämmande
285 1076 76 26 beslut,
386 1077 66 21 ehuru
474 1077 8 21 i
504 1076 56 22 olika
576 1076 98 27 punkter,
691 1076 86 22 alldeles
793 1077 69 21 såsom
877 1078 34 20 ut-

81 1105 81 21 skottet
184 1105 39 21 har
238 1105 121 26 framhållit,
375 1112 47 14 men
436 1106 38 26 jag
489 1104 115 27 medgifver
620 1105 70 25 också,
707 1107 32 19 att
754 1105 105 21 utskottet
875 1111 36 15 en-

81 1134 39 26 ligt
143 1133 42 22 min
207 1134 65 21 tanke
287 1134 39 21 har
344 1134 88 21 handlat
446 1134 161 26 inkonseqvent,
624 1134 27 20 då
667 1133 35 21 det
717 1133 39 21 har
771 1133 88 22 anbållit
875 1139 35 16 om

81 1164 33 19 att
136 1161 157 28 presteståndet
315 1162 68 21 skulle
406 1162 74 27 frångå
503 1161 37 22 sitt
566 1161 70 22 beslut
658 1162 6 20 i
688 1162 68 21 denna
779 1161 96 22 enskilda
890 1161 22 22 af

80 1190 159 27 presteståndet
253 1193 92 24 antagna
360 1191 74 26 punkt,
451 1193 32 18 att
498 1190 243 27 inqvarteringstolagen
751 1190 68 21 skulle
832 1192 78 19 använ-

81 1219 38 22 das
141 1219 34 21 för
197 1219 59 21 detta
279 1219 103 21 ändamål.
412 1219 10 21 I
444 1219 69 21 denna
534 1219 68 26 punkt
617 1219 39 20 har
671 1219 156 26 presteständet
842 1218 23 21 af
877 1220 34 20 tre

80 1248 63 21 stånd
165 1247 69 22 blifvit
257 1247 146 26 öfverröstadt,
422 1248 39 21 och
475 1247 37 27 jag
526 1247 43 21 kan
585 1247 18 27 ej
620 1247 57 21 finna
692 1250 32 18 att
740 1247 36 22 det
791 1249 25 19 är
830 1247 80 26 nödigt,

80 1278 32 19 att
127 1276 157 27 presteståndet
304 1276 77 21 ändrar
396 1277 37 20 sitt
448 1276 77 24 beslut,
541 1275 33 22 för
588 1278 33 19 att
636 1278 32 19 ett
682 1275 157 22 ständerbeslut
855 1275 56 22 skall

80 1305 82 26 uppstå.
193 1305 38 21 Ett
254 1305 157 21 ständerbeslut
432 1304 67 22 finnes
522 1311 29 14 nu
567 1305 63 20 redan
648 1311 75 19 genom
739 1307 32 19 tre
787 1304 72 21 stånds
875 1304 36 21 be-

80 1333 52 26 slut;
155 1333 27 21 då
198 1333 25 22 de
239 1333 66 27 öfriga
320 1333 89 22 stånden
425 1333 17 27 ej
459 1333 62 22 hafva
539 1333 65 21 fästat
619 1333 65 26 något
699 1332 98 22 afseende
813 1333 35 21 vid
863 1339 48 20 pro-

80 1363 46 20 sten
142 1361 70 26 Hjelts
227 1362 40 21 och
283 1362 26 21 de
325 1361 76 28 öfriges
417 1362 138 25 reservation,
571 1362 24 21 så
610 1361 40 21 har
661 1361 40 21 den
713 1361 124 27 specialitet,
851 1361 60 21 hvari

79 1390 157 27 presteståndet
258 1390 51 22 skilt
331 1391 32 26 sig
385 1390 46 22 från
454 1391 117 20 utskottets
594 1389 141 27 betänkande,
762 1396 28 15 nu
815 1389 95 22 förfallit.

79 1418 166 23 Reservationen
266 1419 115 21 innehåller
404 1419 104 26 nemligen
531 1419 7 21 i
554 1418 119 22 hufvudsak
689 1421 31 19 ett
735 1418 128 22 anslutande
878 1417 34 21 till

79 1447 116 22 utskottets
212 1447 139 25 betänkande,
367 1447 40 22 och
422 1447 44 22 deri
482 1447 188 22 öfverenstämmer
681 1447 157 26 presteståndet
848 1447 5 20 i
864 1445 47 22 huf-

80 1475 79 22 vudsak
175 1475 48 22 med
236 1476 98 27 borgare-
345 1476 39 21 och
395 1476 157 21 bondeståndet
566 1475 38 22 och
615 1475 69 22 bildar
694 1475 89 22 sålunda
794 1478 32 19 tre
837 1474 75 22 stånds

78 1503 109 28 pluralitet
203 1506 57 20 emot
275 1505 147 26 ridderskapet
437 1504 40 22 och
492 1504 70 26 adeln,
583 1510 45 15 som
644 1504 18 27 ej
679 1504 6 21 i
701 1503 42 22 allo
759 1504 104 21 erkänner
878 1505 35 19 ut-

78 1532 91 22 skottets
185 1532 140 23 betänkande.
