1117 1817
219 138 55 21 1084
433 142 160 18 Presteståndet
608 144 54 16 1872.
688 144 23 16 14
723 144 47 20 maj.

188 229 35 15 oss
238 223 119 26 förefinnes,
378 224 120 25 evinnerlig,
514 226 50 18 utan
582 225 91 19 tvertom
689 224 51 20 söka
755 224 6 19 i
777 224 31 19 sin
826 229 48 15 mon
891 224 64 20 verka
970 223 47 20 der-

188 252 49 24 hän,
253 255 32 18 att
301 252 19 21 vi
336 253 33 20 må
385 252 67 21 känna
469 258 34 15 oss
519 258 50 15 vara
584 254 32 19 ett
631 251 65 22 finskt
711 252 49 21 folk.
783 251 123 22 Emellertid
919 252 39 21 har
969 257 47 15 man

188 281 123 20 sedermera
334 287 24 14 ur
375 281 126 26 pedagogisk
518 280 107 27 synpunkt
640 280 104 21 förklarat
760 283 30 18 ett
806 280 75 21 sådant
897 279 119 26 förfarings-

189 311 50 24 sätt,
263 311 32 19 att
318 309 102 26 eleverna,
444 315 48 14 vore
510 309 35 21 det
561 309 64 21 också
642 310 26 25 på
684 309 25 21 de
726 309 75 26 högsta
817 308 116 25 klasserna,
949 308 67 21 skulle

189 338 69 21 såsom
283 337 222 27 undervisningsspråk
526 337 97 26 begagna
639 338 64 25 något
719 341 65 18 annat
799 338 64 25 språk
879 339 26 19 än
921 338 36 20 sitt
973 343 43 14 mo-

189 366 100 25 dersmål,
305 372 49 15 vara
369 366 86 21 alldeles
471 365 126 27 förkastligt.
620 365 33 22 Nu
669 368 23 19 är
708 366 35 21 det
759 365 122 27 visserligen
897 368 54 21 sant,
964 366 51 20 lika-

190 401 44 14 som
252 395 36 20 det
303 394 46 21 icke
365 394 65 21 heller
445 395 99 20 behöfves
560 395 89 26 mycken
666 395 128 26 pedagogisk
806 394 63 26 insigt
877 394 39 21 och
926 394 90 21 erfaren-

190 423 36 20 bet
251 423 32 20 för
308 425 31 18 att
363 423 93 26 begripa,
480 426 31 18 att
534 423 36 21 det
586 425 23 18 är
625 424 83 26 mycket
724 423 77 21 lättare
817 425 32 19 att
865 423 109 21 undervisa
990 429 25 14 en

189 451 45 21 elev
258 452 27 25 på
308 451 51 21 hans
383 451 132 25 modersmål,
535 453 25 19 än
578 452 26 27 på
620 454 31 18 ett
667 451 32 21 för
715 452 77 20 honom
809 458 44 14 mer
869 451 52 22 eller
937 451 79 21 mindre

189 480 132 21 främmande
343 481 70 26 språk.
444 480 56 24 Men,
523 481 101 20 skolorna
646 482 38 19 äro
708 481 46 20 icke
777 480 32 20 till
825 480 33 21 för
874 482 31 19 att
922 480 93 26 uppbära

189 509 144 26 pedagogiska
354 509 109 26 principer,
487 511 50 18 utan
560 509 33 20 för
616 511 32 18 att
668 509 57 26 tjena
740 509 44 20 folk
800 508 38 21 och
855 509 56 24 land,
928 508 38 21 och
982 507 34 22 vid

189 537 77 21 sådant
291 537 131 22 förhållande
446 538 41 20 kan
508 538 36 26 jag
568 537 129 21 fortfarande
720 537 46 21 icke
783 540 64 18 annat
864 537 62 25 finna,
943 539 25 18 än
985 539 31 18 att

191 567 54 20 1863
268 567 35 20 års
324 566 124 21 läraremöte
476 566 86 26 angifvit
583 566 36 21 det
635 566 5 20 i
657 565 72 27 hvarje
745 566 119 21 hänseende
880 568 56 18 rätta
952 567 64 19 sättet

189 594 32 21 för
237 595 104 20 vinnande
357 594 21 21 af
393 595 35 20 det
443 595 48 24 mål,
508 601 44 14 som
569 595 33 20 väl
618 595 41 20 kan
676 594 54 21 afses
746 601 47 14 men
809 595 46 20 icke
872 594 80 26 uppnås
971 593 45 21 med

189 623 131 21 inrättandet
335 623 20 20 at
371 629 24 14 en
412 623 74 21 svensk
502 623 201 26 språkläraretjenst
719 623 34 20 vid
769 623 153 20 universitetet.
945 622 8 21 I
966 622 50 25 följd

190 651 21 21 af
233 651 55 21 hvad
309 651 35 26 jag
360 658 27 14 nu
403 651 43 21 haft
462 654 51 18 äran
529 651 80 25 anföra,
626 651 41 21 kan
680 652 37 26 jag
733 651 132 26 naturligtvis
881 651 45 21 icke
942 652 74 19 under-

190 679 61 21 stöda
273 680 159 26 ifrågavarande
454 680 96 26 petition,
573 680 46 20 icke
638 686 37 14 ens
691 680 83 21 ansluta
790 680 41 25 mig
848 679 30 21 till
895 680 39 20 den
950 685 66 15 reser-

189 708 79 25 vation,
285 714 44 15 som
345 708 22 21 af
381 708 105 27 professor
501 708 52 21 Rein
570 711 24 18 är
610 708 95 26 afgifven,
722 711 50 18 utan
790 708 166 26 instämmer
917 704 36 35 jag
967 708 49 20 fast-

190 742 45 15 mer
250 738 6 19 i
273 737 46 25 den,
335 743 45 15 som
397 737 66 21 blifvit
479 737 159 21 undertecknad
654 736 21 21 af
691 737 147 27 kyrkoherden
855 736 107 21 Helander
977 736 39 20 och

190 765 44 21 vice
249 768 74 23 pastor
337 765 100 21 Törnudd
450 766 66 26 jemte
527 766 66 20 andra
604 765 238 21 utskottsmedlemmar.
866 765 77 21 Skälen
955 765 61 19 hvar-

189 792 45 22 före
258 800 24 14 en
307 794 87 26 petition
418 794 108 26 härvidlag
542 794 60 21 äfven
618 794 6 21 i
641 794 62 26 öfrigt
720 800 49 14 vore
785 794 99 26 olämplig
900 793 38 21 har
958 793 58 21 dom-

189 827 87 21 prosten
293 822 92 26 Renvall,
402 823 68 21 såsom
487 823 41 26 mig
544 829 68 20 synes,
628 823 24 21 så
668 822 55 21 klart
738 822 75 26 utlagt,
825 825 32 18 att
869 822 72 26 hvarje
951 824 65 24 ytter-

189 850 66 26 ligare
271 850 152 22 framhällande
439 851 21 21 af
475 851 46 21 dem
538 853 24 19 är
578 851 127 27 fullkomligt
722 850 137 27 öfverflödigt.

258 908 121 21 Statsrådet
402 908 45 21 Lin
461 908 90 21 delöf:
568 908 113 21 Allmänna
697 908 192 21 besvärsutskottet
901 908 43 25 har,
959 907 57 21 stöd-

186 936 65 26 jande
272 936 31 26 sig
325 937 26 26 på
367 937 116 21 consistorii
500 937 114 21 academici
631 937 5 19 i
653 939 70 19 ämnet
739 936 76 26 afgifne
831 937 104 26 yttrande,
952 936 65 25 enligt

189 964 42 21 min
255 966 71 22 tanke,
349 966 22 20 så
392 965 130 27 fullständigt
544 965 114 27 ådagalagt
681 965 98 21 behofvet
795 965 22 21 af
831 972 24 14 en
872 966 75 20 svensk
964 965 53 20 läro-

188 992 41 22 stol
255 993 34 21 vid
317 994 150 25 universitetet,
494 997 32 17 att
552 994 64 26 något
643 994 70 20 vidare
730 994 110 21 ordnande
857 994 78 25 derom,
952 993 64 27 enligt

188 1021 42 21 min
253 1022 72 24 tanke,
347 1024 24 19 är
393 1022 86 21 alldeles
501 1022 137 26 öfverflödigt.
670 1023 42 21 Det
735 1023 87 20 hvarom
844 1022 106 26 åsigterna
967 1022 49 26 möj-

188 1050 56 26 ligen
267 1052 56 19 ännu
342 1051 71 21 kunna
427 1057 50 15 vara
494 1051 62 24 olika,
573 1053 23 19 är
612 1050 171 22 beskaffenheten
801 1051 21 20 af
837 1057 25 15 en
878 1051 65 21 sådan
959 1050 53 21 läro-

187 1078 48 26 stol,
259 1079 40 21 och
320 1080 35 20 det
378 1082 23 18 är
423 1080 63 20 också
509 1080 75 20 endast
604 1080 69 20 denna
690 1080 45 21 sida
751 1079 21 21 af
786 1080 71 23 saken,
874 1086 45 14 som
933 1080 36 26 jag
986 1085 27 15 nu

187 1106 97 22 anhåller
299 1110 32 19 att
346 1108 21 21 få
382 1110 48 24 taga
446 1108 5 20 i
468 1108 166 22 skärskådande.
660 1108 38 22 Ett
713 1108 206 21 lektoratisvenska
927 1108 87 26 språket

187 1135 42 21 kan
252 1135 66 27 enligt
339 1137 42 20 min
397 1137 63 20 tanke
476 1136 87 21 alldeles
578 1137 47 20 icke
640 1137 85 21 komma
740 1137 6 20 i
763 1136 65 27 fråga,
845 1137 38 20 och
899 1137 68 20 skulle
983 1138 31 19 ett

186 1164 77 21 sådant
288 1165 72 25 finnas,
386 1166 23 20 så
431 1171 49 15 vore
501 1165 36 26 jag
560 1165 80 21 beredd
656 1167 32 20 att
702 1165 53 27 yrka
771 1166 26 25 på
814 1165 47 21 dess
877 1165 134 21 afskaffande.

186 1192 107 22 Lektorns
313 1193 83 27 uppgift
411 1195 23 19 är
450 1194 104 26 nemligen
570 1196 32 19 att
618 1194 97 21 meddela
729 1194 97 27 praktisk
841 1193 173 27 språkundervis-

186 1222 55 25 ning.
273 1221 50 22 Man
345 1221 82 22 fordrar
448 1223 46 20 icke
510 1222 22 21 af
545 1223 77 20 honom
639 1223 65 26 något
719 1222 50 27 prof
783 1223 27 26 på
825 1222 103 27 egentligt
943 1225 69 19 veten-

185 1249 97 27 skapliga
297 1251 80 20 studier
397 1251 50 21 eller
463 1251 167 21 dokumenterad
646 1251 64 26 högre
726 1251 89 21 lärdom.
847 1251 42 21 För
905 1253 31 19 att
951 1251 62 22 vinna

186 1277 114 22 befordran
323 1279 31 20 till
377 1279 137 27 lektorsplats
536 1279 107 22 erfordras
666 1279 105 27 nemligen
788 1279 65 27 enligt
869 1279 76 27 nådiga
961 1280 51 21 kun-

185 1306 97 26 görelsen
299 1307 21 21 af
334 1307 40 22 den
391 1309 26 19 30
432 1308 87 21 Januari
537 1309 52 20 1871
608 1309 80 24 endast,
704 1311 31 18 att
751 1308 116 25 sökanden,
885 1308 76 25 ,jemte
972 1308 40 21 för-

185 1335 76 26 mägan
278 1339 31 18 att
325 1336 5 21 i
346 1336 29 21 tal
392 1337 38 20 och
446 1336 62 21 skrift
524 1337 66 26 ledigt
606 1337 105 21 behandla
727 1337 92 26 spräket,
830 1343 49 20 eger
888 1337 124 25 skicklighet

185 1365 32 18 att
232 1363 5 20 i
255 1364 114 21 detsamma
388 1365 95 21 meddela
498 1365 168 27 undervisning”.
690 1365 81 22 Nästan
787 1365 72 26 hvarje
876 1365 70 21 bildad
958 1372 53 19 man,

184 1397 45 16 som
251 1392 40 22 har
313 1393 102 22 svenskan
438 1393 32 22 till
487 1394 126 21 modersmål
631 1401 49 14 vore
695 1394 90 21 sålunda
801 1395 123 25 kompetent
940 1394 30 20 till
986 1400 26 15 en

185 1420 56 27 dylik
268 1421 123 27 befattning.
421 1423 43 20 Det
488 1422 67 21 finnes
581 1423 79 26 otaliga
682 1423 97 21 tillfällen
799 1425 32 18 att
847 1423 26 26 pä
889 1423 69 25 privat
974 1425 38 24 väg

184 1449 81 22 erhälla
288 1451 39 20 den
352 1451 154 26 undervisning,
523 1457 45 15 som
584 1457 26 15 en
627 1451 69 21 lektor
711 1451 6 21 i
733 1451 92 21 svenska
839 1451 87 26 spräket
943 1451 69 21 kunde

183 1483 50 15 vara
249 1479 83 26 skyldig
348 1481 31 18 att
395 1479 102 21 meddela.
528 1479 38 21 Ett
581 1480 93 21 lektorat
689 1480 7 20 i
711 1479 152 22 modersmälet
879 1486 56 18 vore,
948 1479 65 26 enligt

184 1505 39 32 den
247 1506 114 28 betydelse,
381 1514 44 15 som
441 1514 87 15 numera
544 1508 64 21 fästes
624 1508 35 21 vid
675 1515 24 14 en
716 1509 66 20 sädan
799 1508 124 27 befattning,
940 1508 72 26 ingen-

183 1535 45 25 ting
253 1538 65 19 annat
340 1538 26 19 än
391 1543 25 14 en
438 1543 36 14 ren
498 1537 88 20 sinecur.
617 1537 45 21 Den
686 1537 122 21 nuvarande
824 1537 83 21 lektorn
923 1537 5 20 i
945 1536 67 22 finska
