1117 1817
218 120 55 21 1122
430 126 163 18 Presteständet
607 127 54 17 1872.
687 127 24 17 18
723 127 48 21 maj.

257 205 119 26 Föredrogs
400 206 95 21 enskilda
513 206 203 21 besvärsutskottets
732 206 135 21 betänkande
882 206 6 21 i
904 206 113 25 anledning

186 233 22 22 af
222 233 63 22 väckt
300 234 60 26 fråga
376 240 33 15 om
426 234 110 27 tryckning
552 234 22 21 af
588 235 95 20 ståndets
699 234 137 27 protokoller,
850 235 23 20 så
886 234 100 28 lydande:

238 359 242 23 PRESTESTÅNDETS

197 415 107 23 ENSKILDA
320 409 200 30 BESVÄRSUTSKOTT.

323 473 69 4 n
586 461 40 22 Till
643 461 136 27 Högvördiga
794 461 167 22 Presteständet.

204 505 121 23 Helsingfors,
338 507 16 16 d.
368 507 24 17 16
403 507 40 22 maj
454 507 57 17 1872.

253 626 10 21 I
287 626 193 27 protokollsutdrag
502 627 22 20 af
546 627 38 21 den
601 627 27 20 22
650 626 87 21 förlidne
753 627 54 26 april
823 627 39 20 har
877 627 135 27 Högvördiga

184 655 160 21 Presteständet
364 655 32 21 till
412 656 36 20 sitt
465 655 101 21 Enskilda
582 655 175 21 Besvärsutskott
773 655 117 26 hänskijutit
906 656 5 20 i
927 656 84 21 ståndet

185 683 62 21 väckt
262 682 60 28 fräga
337 683 103 21 huruvida
455 683 159 27 protokollerna
630 684 58 20 öfver
701 683 96 21 ständets
807 683 160 27 förhandlingar
977 684 33 21 vid

183 717 29 15 nu
235 711 108 27 pägäende
365 712 102 26 landtdag
489 712 67 21 borde
579 718 75 20 genom
678 712 83 27 trycket
784 711 91 27 utgifvas
899 712 50 21 eller
964 719 46 15 ren-

183 740 96 21 skrifvas.

252 768 111 22 Utskottet
385 769 39 21 har
444 770 46 20 med
506 769 126 26 ohetingadt
647 768 136 22 förkastande
799 768 23 21 af
837 769 35 20 det
887 769 88 22 sednare
991 769 22 22 af

183 796 62 22 dessa
260 797 137 21 alternativer
411 800 69 18 ansett
496 798 31 25 sig
543 798 51 21 böra
604 797 92 21 förorda
711 797 170 27 protokollernas
894 798 116 27 tryckning.

183 824 74 22 Säsom
281 825 32 21 för
331 826 47 21 värt
393 826 49 21 land
458 826 38 21 och
513 826 47 21 dess
576 826 99 26 politiska
691 825 131 27 ständpunkt
837 826 40 20 och
892 826 119 27 utveckling

182 853 93 21 särdeles
299 854 77 27 vigtiga
399 854 138 21 dokumenter
559 854 75 21 tvekar
654 854 105 21 utskottet
775 854 46 21 icke
836 857 32 18 att
883 861 50 15 anse
949 855 61 21 deras

182 881 83 22 tillvaro
283 889 56 15 mera
355 883 113 27 betryggad
484 890 75 19 genom
576 883 111 26 tryckning
705 885 26 18 än
747 889 34 14 om
799 882 24 21 de
839 882 68 22 skulle
922 883 66 21 finnas
1004 884 6 20 i

181 910 96 22 ständets
300 911 58 21 arkiv
381 912 74 20 endast
476 912 6 20 i
506 914 31 18 ett
560 911 143 22 handskrifvet
721 911 113 25 exemplar.
866 911 69 21 Sedan
951 912 59 21 äfven

182 939 47 21 vårt
252 939 59 21 lands
327 940 190 26 parlamentariska
532 940 115 21 statsskick
662 946 75 20 genom
754 939 77 26 nådiga
848 940 162 26 landtdagsord-

181 967 76 26 ningen
282 968 21 20 af
324 968 39 21 den
381 970 24 19 15
422 968 53 27 april
493 969 53 21 1869
564 968 67 21 blifvit
648 968 127 27 betryggadt
790 968 39 21 och
845 968 164 26 landtdagarnas

181 996 134 26 periodicitet
336 996 110 26 fastställd,
468 1003 62 15 anser
552 997 106 21 utskottet
680 996 60 22 äfven
765 996 68 22 denna
853 997 156 26 omständighet

181 1023 43 22 tala
247 1024 32 21 för
301 1025 111 27 tryckning
434 1025 22 21 af
474 1025 95 21 ståndets
590 1025 138 27 protokoller,
751 1026 23 26 ty
790 1025 69 21 såsom
876 1032 25 14 en
917 1025 91 27 naturlig

181 1052 50 26 följd
255 1053 59 21 deraf
334 1054 61 20 torde
417 1054 79 26 framgå
512 1056 32 19 att
558 1054 100 21 intresset
673 1054 32 20 för
720 1053 165 27 landtdagarnas
901 1054 107 21 verksam-

180 1080 37 21 het
239 1082 39 20 och
301 1082 157 27 förhandlingar
472 1082 97 22 alltmera
584 1082 53 21 skall
653 1082 93 25 tillväxa,
762 1082 82 21 oafsedt
860 1082 40 21 den
916 1084 91 20 omstän-

180 1109 72 26 dighet
275 1112 32 19 att
329 1116 80 16 samma
431 1117 100 20 personer
554 1111 72 21 kunna
648 1117 51 15 vara
714 1112 172 25 representanter
901 1111 6 21 i
923 1111 85 21 ståndet

179 1137 35 21 vid
228 1137 51 22 flera
296 1139 26 26 på
338 1139 118 21 hvarandra
470 1139 91 26 följande
577 1139 126 26 landtdagar
721 1138 39 22 och
776 1139 58 20 såväl
850 1139 33 20 för
899 1139 47 21 dem
962 1145 44 16 som

179 1165 32 21 för
227 1167 88 26 nyvalde
331 1169 169 24 representanter
516 1169 24 20 är
554 1167 23 21 af
590 1167 75 27 högsta
682 1167 48 27 vigt,
747 1169 32 19 att
792 1167 26 21 då
831 1167 77 26 frågor,
919 1167 6 21 i
937 1167 70 22 hvilka

179 1195 114 21 ständerna
309 1196 52 25 tagit
377 1196 89 21 initiativ
487 1196 33 21 vid
537 1202 26 15 en
578 1196 127 26 föregående
720 1195 109 27 landtdag,
846 1196 5 20 i
867 1196 53 21 form
937 1196 20 21 af
972 1197 35 20 nå-

179 1223 48 26 diga
242 1224 156 26 propositioner
413 1225 70 20 kunna
498 1224 118 26 föreläggas
633 1231 24 14 en
670 1224 146 27 efterföljande
827 1224 112 27 landtdags
951 1226 56 20 stän-

178 1251 43 25 der,
237 1254 197 25 representanterne
454 1259 50 15 vore
519 1253 6 20 i
541 1253 82 21 tillfälle
639 1255 31 18 att
686 1253 94 20 inhemta
796 1253 118 20 kännedom
931 1259 33 14 om
980 1253 26 22 de

177 1279 85 27 åsigter,
286 1287 44 14 som
354 1281 32 20 vid
409 1281 108 26 frågornas
540 1281 66 21 första
630 1281 128 26 behandling
779 1281 56 26 gjort
854 1281 32 26 sig
901 1281 103 26 gällande,

177 1307 86 27 hvilket,
287 1315 33 14 om
343 1310 157 26 protokollerna
521 1316 50 15 vore
587 1310 89 26 tryckta,
693 1310 71 21 kunde
779 1310 38 21 ske
833 1309 64 21 redan
914 1309 44 21 före
973 1316 33 15 re-

177 1339 186 23 presentanternas
378 1339 98 20 ankomst
491 1338 31 21 till
538 1338 136 27 landtdagen,
691 1338 64 21 hvars
771 1338 88 21 arbeten
875 1338 88 21 sålunda
975 1338 31 21 äf-

177 1371 38 15 ven
231 1365 70 22 kunde
317 1365 70 28 fortgå
402 1367 47 20 med
464 1369 68 18 större
548 1367 78 20 lätthet
641 1367 39 20 och
696 1367 159 27 skyndsamhet.

245 1394 29 21 Af
288 1394 93 26 anförda,
397 1396 69 20 såsom
482 1395 106 21 utskottet
603 1395 88 26 hoppas,
706 1395 49 21 fullt
770 1394 73 27 giltiga
858 1395 46 21 skäl
920 1395 35 20 vill
971 1397 33 18 ut-

176 1422 81 21 skottet
273 1423 120 26 ödmjukast
408 1423 76 21 föreslå
500 1423 32 21 för
548 1423 36 22 det
599 1423 128 26 högvördiga
747 1423 86 22 ståndet
848 1425 32 19 att
895 1423 110 26 protokol-

175 1449 59 22 lerna
257 1451 32 21 för
310 1452 140 21 innevarande
473 1451 102 27 landtdag
600 1451 70 22 blefve
692 1451 85 28 tryckta
799 1452 6 20 i
829 1458 25 15 en
878 1451 91 27 upplaga
984 1451 22 22 af

175 1479 42 20 300
240 1479 113 28 exemplar.
383 1480 110 21 Utskottet
516 1480 39 21 har
578 1481 104 20 beräknat
703 1482 32 19 att
751 1481 69 20 denna
835 1480 112 26 landtdags
962 1480 42 21 för-

173 1507 128 28 handlingar
323 1508 6 21 i
352 1509 60 27 tryck
432 1509 68 21 skulle
522 1511 94 24 upptaga
639 1509 96 26 omkring
757 1509 27 20 65
800 1508 39 22 ark
854 1509 21 20 in
891 1509 42 20 8:o.
963 1508 40 22 Om
