1117 1817
219 129 42 21 854
438 133 162 17 Presteståndet
613 134 55 17 1872.
693 134 26 17 25
733 133 58 21 april.

190 214 113 26 rättsligen
319 213 134 22 tillkommer.
477 213 81 21 Rektor
572 213 106 22 Rosendal
694 212 91 27 föreslog
801 219 26 15 en
843 213 176 26 omformulering,

190 242 85 21 hvilken
299 242 42 21 han
364 241 75 22 trodde
454 241 68 22 skulle
538 241 154 22 tillfredsställa
706 241 47 22 alla.
785 241 44 21 För
844 241 43 22 min
903 242 33 21 del
952 242 66 21 måste

190 271 36 27 jag
242 271 94 21 erkänna
351 272 32 19 att
397 271 35 26 jag
447 270 47 22 icke
509 270 42 21 kan
562 269 57 22 finna
630 270 42 27 mig
684 269 146 22 tillfredsstäld
841 270 91 21 dermed.
949 269 71 27 Enligt

191 299 43 22 min
257 299 56 26 åsigt
335 298 102 22 innebure
456 299 122 20 densamma
593 301 33 19 att
641 299 60 20 kasta
717 301 24 18 ut
757 299 75 20 barnet
854 298 47 21 med
923 298 96 21 badvatt-

191 330 42 19 net.
265 327 31 27 Ty
319 327 39 21 här
380 329 24 19 är
423 327 59 26 fråga
498 333 34 15 om
548 329 32 19 att
596 327 123 24 bestämma,
735 329 32 19 att
783 327 40 21 den
839 327 61 21 civila
915 327 104 27 preskrip-

191 357 72 20 tionen
287 355 39 22 bör
347 355 62 27 gälla.
428 356 69 21 fastän
511 356 40 21 den
567 355 119 22 kriminella
701 358 24 19 är
739 355 106 25 försuten;
862 356 38 21 och
923 356 58 21 detta
997 357 23 20 är

192 385 39 21 här
246 385 125 20 hufvudsak.
402 384 42 22 Det
459 391 37 14 var
512 385 72 20 derom
600 391 46 14 som
663 385 54 20 1867
733 385 35 20 års
779 384 87 21 ständer
876 384 144 26 förnämligast

191 413 161 27 petitionerade.
383 413 41 21 Det
439 413 107 27 yttrande,
568 419 45 15 som
637 415 86 24 prosten
746 412 59 27 Hjelt
826 413 75 21 citerat
918 419 25 14 ur
959 419 24 14 en
999 411 21 22 af

192 441 84 22 landets
297 441 162 28 prokuratorers
482 442 27 26 pä
532 441 90 22 50-talet
646 441 120 27 berättelse,
789 441 89 21 innebär
895 441 45 22 icke
956 441 64 26 något

192 473 72 21 annat,
280 472 27 19 än
323 473 31 18 ett
368 470 144 26 återgifvande
528 470 21 21 af
564 470 54 21 hvad
634 470 67 21 denne
712 469 62 22 tänkt
784 469 7 21 i
801 470 71 21 saken.
891 469 41 27 Jag
942 469 78 21 tillåter

192 499 43 26 mig
255 501 32 19 att
309 498 122 27 ytterligare
454 499 76 23 erinra,
554 498 100 21 hurusom
668 498 174 27 jurisprofessorn
859 499 68 26 Lagus
943 497 76 22 uttalat

193 527 39 22 den
254 527 61 27 åsigt,
338 527 83 21 hvilken
447 527 53 21 1867
520 528 35 20 års
570 527 88 21 ständer
674 527 48 21 sökt
737 529 51 24 göra
803 527 102 25 gällande.
935 527 85 21 Samma

192 557 85 26 mening
300 555 67 28 hyllas
383 556 59 21 äfven
460 555 22 22 af
497 556 25 20 de
538 555 114 22 rättslärde
668 555 53 21 både
736 555 7 21 i
758 555 87 27 Sverige
861 556 38 21 och
915 555 25 21 de
955 555 63 21 civili-

192 585 75 21 serade
290 584 80 25 länder,
394 584 37 22 der
454 585 40 20 den
518 584 60 21 civila
601 584 141 27 preskription
765 586 24 18 är
811 591 26 14 en
853 591 68 14 annan
937 585 26 19 än
980 583 39 21 den

192 613 127 26 kriminella;
347 613 38 20 den
414 613 66 21 finske
504 613 154 26 prokuratorns
684 612 54 27 åsigt
761 613 88 26 betyder
870 615 56 18 emot
950 612 69 21 desses

192 641 81 26 ganska
288 641 53 22 litet.
364 641 33 22 Då
411 642 35 26 jag
462 641 32 21 för
509 644 70 18 resten
596 648 62 14 anser
673 641 36 21 det
719 641 33 21 för
762 641 133 25 öfverflödigt
906 643 32 19 att
948 640 70 27 längre

191 670 115 26 uppehålla
323 670 91 26 ståndet,
430 670 116 26 tillstyrker
559 670 43 26 jag,
618 671 70 20 såsom
703 669 63 26 förut,
783 669 60 21 bifall
859 669 31 21 till
905 669 114 21 utskottets

192 698 141 22 betänkande.

261 756 84 20 Doktor
359 755 161 26 Hornborg:
544 755 67 21 Äfven
626 755 107 27 professor
749 755 112 21 Ehrström
876 754 38 22 har
929 754 40 22 talt
984 760 33 15 om

193 784 140 21 öfverdrifven
350 784 71 21 ömhet
436 784 32 20 för
483 783 147 27 brottslingen.
662 784 48 20 Men
726 784 43 20 lika
784 783 46 21 litet
846 783 38 21 har
899 783 119 27 professorn

192 812 46 22 haft
253 812 46 21 skäl
315 812 78 25 härtill,
409 818 44 15 som
470 813 68 26 någon
554 819 75 14 annan.
654 812 30 27 Ty
700 812 39 21 här
753 812 40 21 har
808 812 74 21 endast
895 812 53 20 varit
960 812 58 26 fråga

193 847 34 15 om
243 843 32 19 att
289 841 82 27 skydda
386 840 113 28 oskyldige,
516 847 48 15 men
580 842 18 26 ej
615 844 32 18 att
658 840 65 22 befria
733 840 141 26 brottslingen
884 840 45 22 från
943 842 74 19 ersätt-

192 869 159 27 ningsanspråk.
382 869 42 21 För
447 869 63 27 öfrigt
532 870 107 20 förefaller
660 870 36 20 det
718 870 43 26 mig
787 871 74 19 nästan
886 868 130 28 obegripligt,

192 898 55 21 huru
263 904 25 15 en
304 904 76 20 person
395 898 53 20 skall
465 898 71 21 kunna
552 898 77 21 befrias
644 898 46 21 från
706 901 31 18 ett
747 898 76 21 sådant
833 898 52 25 kraf,
897 904 45 14 som
953 897 65 26 enligt

192 926 35 27 lag
249 927 41 21 kan
313 928 62 24 göras
398 926 58 26 långt
478 926 54 22 efter
554 927 66 21 sedan
635 926 143 22 förfallotiden
794 926 33 22 för
843 926 109 28 proklama
967 925 51 21 eller

192 954 202 27 urarfvaansökning
409 956 35 25 ägt
459 962 53 14 rum.

261 1012 89 21 Prosten
365 1012 165 27 Rosengren:
548 1012 42 21 Det
602 1014 24 19 är
636 1013 49 20 med
696 1012 112 27 anledning
819 1012 22 21 af
851 1013 39 20 den
901 1012 23 21 af
932 1014 86 24 prosten

191 1040 59 27 Hjelt
272 1041 75 27 gjorda
370 1041 84 24 reciten,
477 1047 45 15 som
542 1041 37 27 jag
596 1041 96 21 anhåller
707 1048 34 14 om
758 1043 67 19 ordet.
855 1041 79 21 Citatet
949 1040 67 27 lyder:

192 1069 67 26 »Den,
283 1076 45 14 som
351 1070 96 20 häremot
469 1070 141 26 tilläfventyrs
632 1070 48 21 ville
696 1070 92 20 invända
803 1072 32 18 att
851 1070 67 20 blotta
933 1069 85 21 fordran

191 1098 24 21 af
235 1098 117 26 ersättning
369 1098 46 22 icke
430 1098 116 22 innefattar
562 1098 77 27 klagan
655 1099 58 21 öfver
729 1098 74 27 sjelfva
818 1098 146 27 förbrytelsen,
980 1098 38 20 har

192 1126 74 21 dervid
289 1127 98 20 förbisett
409 1130 31 17 att
463 1128 143 25 ersättningen
630 1127 179 26 omedelbarligen
825 1126 100 27 härfiyter
940 1126 23 21 af
976 1126 42 20 för-

192 1154 127 27 brytelsen*.
342 1155 40 26 Jag
397 1155 71 27 tyckte
484 1158 31 18 att
530 1158 88 24 prosten
634 1155 59 27 Hjelt
705 1157 66 25 ansåg
782 1155 35 21 det
829 1155 98 27 upplästa
937 1154 82 27 stycket

191 1189 52 15 vara
258 1183 23 22 af
294 1184 105 27 synnerlig
415 1184 42 26 vigt
474 1184 32 21 för
521 1184 75 26 sjelfva
605 1184 85 27 frägans
700 1184 121 26 afgörande.
841 1184 48 21 Men
898 1183 36 27 jag
946 1183 73 26 tycker

192 1214 33 19 att
240 1213 36 20 det
291 1214 24 19 är
331 1215 56 18 orätt
403 1215 32 18 att
450 1215 51 24 säga
516 1215 33 18 att
561 1213 103 26 rättighet
674 1213 32 20 till
718 1212 222 27 ersättningsanspräk
951 1211 68 22 skulle

191 1241 83 26 grunda
296 1241 32 26 sig
349 1241 28 27 pä
399 1241 73 27 sjelfva
495 1241 146 27 förbrytelsen.
673 1241 136 27 Rättigheten
833 1241 33 20 tili
881 1241 137 26 ersättnings-

193 1269 92 26 anspräk
307 1270 62 26 utgär
391 1276 26 15 ur
435 1270 118 21 individens
569 1272 43 19 rätt
628 1272 32 19 att
675 1276 39 20 ega
729 1270 55 21 hvad
801 1269 77 21 honom
894 1269 72 21 tillhör
981 1269 39 20 och

193 1298 36 21 det
243 1301 52 18 utan
311 1298 98 21 afseende
424 1305 33 14 om
474 1301 30 18 ett
521 1299 59 20 brott
595 1301 24 18 är
634 1299 105 26 begånget
755 1298 51 21 eller
822 1298 25 27 ej.
879 1298 87 21 Således
982 1297 38 21 har

192 1326 47 27 icke
260 1327 117 21 individens
400 1327 146 27 rättsanspräk
567 1327 65 27 något
654 1329 32 19 att
707 1329 53 24 göra
779 1327 49 21 med
843 1327 73 26 sjelfva
932 1326 86 21 brottet.

192 1355 31 21 Är
239 1355 60 22 detta
313 1355 92 26 förlätet,
420 1356 44 21 stär
480 1356 54 21 dock
550 1356 53 21 hans
618 1358 44 19 rätt
678 1358 67 25 öppen
761 1357 62 19 ännu.

262 1413 111 22 Professor
387 1413 157 22 Ehrström:
566 1413 41 27 Jag
623 1413 91 26 begärde
731 1413 62 21 ordet
808 1413 48 20 med
872 1412 113 25 anledning
1000 1411 23 21 af

194 1441 78 22 doktor
294 1442 124 27 Hornborgs
440 1444 84 19 senaste
546 1442 107 27 yttrande,
674 1441 34 21 för
723 1444 33 18 att
771 1441 21 21 få
808 1441 71 21 erinra
894 1441 77 24 derom,
990 1442 31 19 att

193 1471 98 25 gällande
313 1471 125 26 författning
458 1471 109 26 angäende
589 1470 168 27 urarfvagörelse
781 1470 22 21 af
818 1470 39 21 den
873 1470 13 21 9
901 1475 48 15 nov.
967 1469 53 20 1868

193 1499 80 22 tillåter
295 1499 94 27 arfvinge
411 1501 32 19 att
465 1501 52 25 göra
539 1499 32 27 sig
594 1499 85 21 urarfva
700 1499 45 21 icke
769 1499 56 20 blott
843 1499 28 20 30
887 1498 65 27 dagar
967 1497 54 21 efter
