1117 1817
205 121 42 21 944
431 126 161 17 Presteständet
604 126 56 17 1872.
680 126 14 16 4
706 126 47 21 maj.

177 206 88 20 emedan
289 206 25 20 de
337 207 33 20 stä
393 206 26 26 pä
436 206 24 21 sä
474 205 36 26 läg
524 205 159 26 bildningsgrad
699 207 32 19 att
748 206 25 20 de
789 205 18 26 ej
824 206 71 20 kunna
912 204 93 28 uppfylla

177 234 242 27 inträdesfordringarna
441 234 31 21 till
488 234 128 20 seminariet.
648 233 24 21 Vi
690 234 61 20 hafva
767 233 117 21 emellertid
901 233 69 21 elever
986 233 22 20 af

177 262 100 27 grekiska
299 263 186 21 trosbekännelsen
506 263 6 19 i
530 262 26 21 de
570 261 61 22 flesta
646 262 73 21 skolor
734 262 5 20 i
758 264 57 19 östra
831 261 125 26 Finland;i
972 261 35 21 Vi-

177 291 52 26 borg
245 291 67 20 finnes
328 297 26 15 en
369 291 89 21 särskild
474 290 60 21 skola
550 290 32 21 för
598 291 53 20 dem.
684 291 104 21 Skolorna
803 291 6 20 i
826 290 91 27 Nyslott,
929 291 77 21 Sorda-

177 319 54 25 vala,
255 319 84 27 Kuopio
362 319 38 21 och
415 319 95 21 Joensuu
525 319 91 21 besökas
632 319 21 20 af
667 319 75 22 elever,
760 319 70 21 hvilka
846 319 53 20 höra
915 319 31 21 till
962 325 45 20 gre-

177 347 122 28 kisk-ryska
321 347 193 22 trosbekännelsen.
546 347 103 21 Flertalet
670 347 22 21 af
705 348 47 20 dem
769 348 26 25 gä
811 348 16 25 ej
846 347 71 26 längre
933 349 25 20 än
975 349 32 20 att

178 376 25 21 de
225 376 94 21 inhemta
341 377 40 20 den
404 376 65 21 första
486 375 171 27 skolbildningen
674 375 38 22 och
728 376 32 21 slä
775 376 32 25 sig
821 376 65 21 sedan
903 377 27 25 pä
946 376 60 27 prak-

178 404 55 21 tiska
254 405 73 26 yrken.
357 405 54 21 Lika
432 405 39 20 lätt
487 411 49 14 vore
552 404 36 21 det
604 404 32 21 för
651 405 46 20 dem
714 407 31 18 att
761 405 52 20 söka
829 405 82 20 inträde
928 405 32 20 vid
976 407 32 18 ett

177 432 303 22 folkskollärareseminarium.
504 433 44 20 Allt
564 439 48 20 nog,
626 433 36 26 jag
678 439 61 15 anser
755 435 32 18 att
803 433 35 20 det
851 433 17 26 ej
881 439 50 15 vore
942 433 64 26 lämp-

177 461 39 26 ligt
231 464 32 18 att
278 461 112 22 framhälla
405 462 5 20 i
426 462 115 26 petitionen
563 461 52 20 hvar
631 462 25 20 de
672 462 66 20 borde
755 462 20 20 fä
791 462 30 20 sin
838 461 100 26 bildning,
955 464 50 18 utan

178 491 32 19 att
232 490 85 21 ständet
339 490 68 21 skulle
429 490 111 21 framhälla
563 492 33 18 att
620 491 35 20 det
679 490 33 20 vill
729 490 90 21 bekosta
835 490 60 21 deras
912 489 93 27 bildning

178 524 50 15 vare
243 519 32 25 sig
291 519 26 21 dä
333 519 34 20 vid
383 519 62 20 finskt
460 518 297 21 folkskollärareseminarium
771 518 51 21 eller
833 518 114 21 Siitoinska
959 519 47 20 sko-

178 547 42 24 lan,
236 550 32 17 att
284 548 35 20 det
335 547 67 21 skulle
418 547 19 21 fä
453 547 49 20 bero
520 547 26 26 pä
561 547 103 26 styrelsen
676 550 32 17 att
721 547 114 21 bestämma
848 547 51 20 hvar
910 547 35 20 det
956 553 50 14 vore

178 574 127 27 lämpligast,
321 578 32 18 att
366 575 159 21 folkskollärare
536 575 21 20 af
566 575 159 27 grekisk-ryska
736 575 189 21 trosbekännelsen
938 575 67 21 skulle

178 603 21 20 fä
221 603 32 21 sin
269 604 154 26 undervisning.
455 604 42 21 För
512 604 36 20 det
566 603 66 21 andra
649 604 37 21 har
702 604 35 21 det
754 604 54 20 varit
824 604 58 26 fräga
899 610 40 18 om,
955 604 50 20 hvil-

178 631 90 21 ketdera
291 635 23 18 är
330 633 128 26 lämpligare,
475 635 31 18 att
521 632 79 21 inrätta
616 632 57 26 lägre
690 632 116 21 folkskolor
821 632 52 21 eller
889 633 70 25 högre,
976 633 30 20 el-

179 659 31 21 ler
225 663 32 17 att
272 661 136 26 understödja
423 661 165 20 ambulatoriska
605 661 145 20 skolmästare.
775 661 40 24 Jag
831 663 24 18 är
871 661 22 19 af
902 661 39 20 den
953 661 53 25 äsigt

179 691 32 17 att
227 688 39 21 den
283 689 139 26 princip,som
439 689 38 21 har
492 689 56 25 gjort
563 689 31 26 sig
610 689 97 25 gällande
722 689 6 20 i
744 689 148 25 förordningen
909 696 33 14 om
954 689 52 21 folk-

179 716 183 27 skolebildningen
386 718 5 20 i
415 718 45 20 värt
476 717 56 26 land,
554 719 24 19 är
594 718 40 20 den
651 720 62 21 rätta,
731 718 18 20 d.
767 724 18 14 v.
801 724 16 14 s.
834 720 32 18 att
882 718 47 20 med
945 719 61 19 stats-

179 745 83 21 medlen
286 746 17 26 ej
320 745 60 21 skola
396 746 98 20 bekostas
510 745 65 21 andra
590 746 73 20 skolor
678 748 25 18 än
720 746 66 26 högre
801 746 121 20 folkskolor.
954 746 52 20 Der-

179 773 44 21 före
245 780 62 14 anser
320 774 36 26 jag
372 777 31 17 att
418 780 48 15 man
482 774 64 21 ocksä
564 774 6 20 i
586 774 158 27 grekisk-ryska
760 774 147 26 församlingar
922 774 39 21 bör
976 774 30 21 in-

179 804 57 18 rätta
251 803 85 20 sådana.
368 803 48 20 Men
432 803 26 21 dä
474 803 36 20 der
526 805 37 18 äro
580 802 271 27 undantagsförhällanden,
863 804 24 19 sä
902 803 41 21 kan
958 809 48 15 man

179 830 64 21 också
258 832 52 25 göra
325 831 107 26 undantag
447 831 46 21 med
510 831 98 21 afseende
624 832 12 20 å
652 831 147 26 fordringarna
817 831 34 21 vid
867 832 92 20 inträdet
975 831 31 21 till

179 859 26 20 de
228 859 65 26 högre
315 859 148 21 folkskolorna.
495 860 49 20 Man
569 859 38 21 bör
630 860 16 26 ej
671 860 70 20 fordra
757 860 124 23 detsamma,
897 866 45 14 som
958 866 48 14 man

179 887 84 21 fordrar
278 888 21 20 af
314 888 25 20 de
355 888 107 20 lutherska
478 888 200 21 trosbekännarene.
702 888 110 21 Utskottet
823 888 39 20 har
873 888 50 21 visst
934 890 73 19 nämnt

180 916 35 20 det
237 916 6 20 i
267 916 45 21 sina
335 917 94 23 motiver,
452 922 46 15 men
522 916 18 26 ej
564 916 116 21 framhållit
696 917 35 20 det
746 917 6 20 i
768 917 37 20 sitt
820 917 118 25 föreslagna
954 923 52 14 svar.

180 944 49 20 Man
252 944 39 21 har
314 945 64 21 också
393 945 86 21 invändt
494 947 32 18 att
541 951 34 15 om
591 945 147 26 fordringarna
754 945 68 21 skulle
837 945 73 21 ställas
926 945 81 21 mindre

179 973 28 25 på
229 973 26 20 de
270 973 97 26 grekiske
383 974 199 24 trosbekännarene,
598 974 24 20 så
637 974 68 20 skulle
721 980 48 14 man
786 974 120 25 derigenom
923 974 84 20 komma

180 1003 31 19 att
233 1001 61 27 bryta
315 1002 40 20 den
371 1002 121 26 författning
506 1008 46 14 som
568 1002 38 20 har
622 1002 55 26 gjort
692 1002 31 26 sig
738 1002 104 26 gällande.
874 1002 48 20 Men
939 1003 67 20 säsom

178 1030 36 25 jag
235 1030 65 20 redan
323 1031 57 23 sade,
402 1030 23 21 sä
440 1032 24 19 är
479 1030 35 21 det
530 1032 31 19 ett
577 1030 252 26 undantagsförhällande
845 1030 38 21 och
901 1030 107 26 undantag

179 1058 46 20 frän
248 1058 71 26 regeln
341 1059 72 20 kunna
433 1060 67 24 göras.
532 1059 46 20 Den
601 1059 65 26 högre
689 1059 119 21 folkskolan
825 1059 148 27 omöjliggöres
988 1059 18 26 ej

180 1086 66 21 heller
269 1087 127 26 derigenom.
427 1087 49 21 Man
499 1088 42 20 kan
557 1087 103 26 bibringa,
676 1087 70 21 såsom
763 1094 25 14 en
804 1088 69 20 talare
889 1088 38 20 här
943 1088 65 20 redan

179 1114 40 21 har
240 1117 79 24 nämnt,
336 1116 39 20 den
392 1115 94 26 bildning
500 1122 46 14 som
562 1116 39 20 den
619 1116 64 25 högre
698 1114 120 23 folkskolan
835 1116 53 20 skall
904 1116 103 25 meddela,

180 1149 34 14 om
235 1143 73 21 eleven
330 1143 34 21 vid
386 1143 91 22 inträdet
498 1144 17 26 ej
540 1150 50 20 eger
605 1144 41 21 den
663 1144 93 27 bildning
771 1151 45 14 som
833 1144 81 21 fordras
930 1144 33 21 för
976 1144 30 21 in-

179 1171 62 22 träde
263 1171 7 21 i
294 1172 40 21 den
356 1173 65 24 högre
444 1172 124 21 folkskolan.
599 1172 25 21 Vi
641 1172 61 21 hafva
718 1175 13 18 t.
749 1179 32 15 ex.
797 1172 137 21 blindskolor.
965 1173 43 20 Der

179 1201 37 20 äro
232 1201 103 20 kurserna
351 1201 64 20 ocksä
430 1201 107 20 desamma
552 1207 45 14 som
614 1201 6 20 i
636 1201 65 26 högre
716 1201 152 21 folkskolorna.
898 1201 25 26 Ej
937 1201 71 21 kunna

180 1228 26 21 de
228 1235 46 14 som
297 1229 84 21 inträda
400 1229 6 20 i
422 1229 60 21 dessa
497 1229 73 21 skolor
584 1229 46 21 läsa
646 1229 50 21 eller
711 1230 79 21 skrifva
805 1231 30 23 så,
851 1231 32 20 att
900 1230 25 20 de
941 1229 67 22 skulle

179 1256 71 21 kunna
273 1257 94 27 uppfylla
390 1257 93 22 vilkoren
506 1257 32 21 för
560 1257 85 21 inträde
660 1258 6 20 i
682 1257 65 27 högre
763 1258 120 21 folkskolan
900 1258 38 21 och
955 1258 53 21 dock

179 1285 114 22 medhinna
317 1286 24 20 de
357 1286 40 21 den
413 1286 63 26 högre
492 1285 130 22 folkskolans
638 1286 79 21 kurser.
749 1287 30 20 På
795 1293 79 14 samma
890 1289 42 18 sätt
947 1293 62 15 anser

178 1313 36 26 jag
229 1316 32 18 att
276 1315 67 20 andra
359 1314 65 26 högre
439 1315 117 20 folkskolor
570 1314 69 21 skulle
651 1315 72 21 kunna
733 1317 50 24 taga
794 1318 57 17 emot
861 1315 148 26 underhaltiga

180 1340 74 22 elever.
287 1343 48 20 Men
351 1349 48 14 man
415 1343 37 20 har
468 1346 56 17 ännu
539 1345 47 24 sagt
602 1345 32 18 att
650 1350 34 14 om
700 1350 26 14 en
742 1344 66 25 högre
824 1343 106 21 folkskola
945 1343 63 21 inrät-

179 1373 40 23 tas,
235 1371 23 20 sä
274 1371 41 20 blir
331 1371 39 20 den
387 1371 55 21 blott
457 1378 26 14 en
499 1371 59 21 skola
574 1371 32 21 för
622 1371 72 26 nägra,
714 1372 39 21 den
771 1372 40 21 blir
827 1371 16 27 ej
861 1372 84 21 allmän.
977 1372 31 21 En

181 1399 130 21 allmännare
327 1399 95 27 bildning
436 1400 7 20 i
459 1400 60 21 dessa
536 1399 147 27 församlingar
698 1400 69 21 skulle
783 1401 77 26 uppstä
871 1407 33 14 om
919 1401 35 20 det
964 1400 46 21 fun-

181 1433 37 15 nes
241 1428 166 21 ambulatoriske
429 1429 146 24 skolmästare,
599 1429 52 20 eller
666 1435 33 14 om
715 1428 50 21 flere
781 1429 58 26 lägre
855 1428 72 21 skolor
942 1428 67 21 skulle

179 1455 97 22 inrättas.
307 1456 49 21 Men
380 1457 35 20 det
430 1459 24 18 är
469 1457 17 26 ej
503 1457 64 20 fallet.
600 1457 77 21 Finnes
693 1457 35 21 det
743 1463 25 15 en
786 1457 65 26 högre
866 1457 105 21 folkskola
986 1457 24 21 sä

179 1483 68 22 bildas
271 1485 37 20 der
331 1491 100 20 personer
453 1491 45 14 som
520 1485 65 21 sedan
608 1485 78 26 kunna,
701 1486 70 21 säsom
787 1485 60 22 fäder
862 1486 39 20 och
918 1485 91 26 mödrar,

179 1511 70 22 bättre
265 1515 61 19 sköta
343 1513 230 26 hemundervisningen.
597 1513 124 27 Bildningen
737 1514 83 27 sprider
835 1514 32 25 sig
878 1520 75 20 genom
967 1514 43 21 för-
