1117 1817
209 122 56 22 1134
442 127 161 18 Presteståndet
616 128 56 17 1872.
696 129 23 16 18
731 128 47 21 maj.

179 208 21 22 af
222 207 169 22 ambulatoriska
413 207 73 26 lärare,
509 209 59 20 utom
587 210 33 19 att
642 208 6 21 i
666 202 47 27 Åbo
734 208 48 21 stad
797 208 70 26 någon
882 208 65 21 sådan
963 208 47 21 icke

178 236 55 22 varit
249 237 49 20 svår
313 238 32 19 att
360 235 104 22 förvärfva
479 235 38 28 sig.
547 235 72 22 Afslår
634 236 82 21 således
732 236 45 22 icke
793 236 85 21 ståndet
893 237 117 20 utskottets

178 265 145 25 betänkande,
345 265 27 26 på
393 265 40 21 den
455 265 69 26 grund
546 267 32 18 att
602 265 36 21 det
652 265 46 21 icke
713 271 63 15 anser
790 264 117 27 petitionen
923 264 86 28 partielt

178 293 92 22 rörande
293 293 122 22 inrättande
435 293 21 21 af
478 293 66 26 högre
560 293 216 22 elementarläroverk
791 293 6 21 i
834 293 26 21 Åbo
877 299 49 16 vara
942 293 67 27 lämp-

178 322 46 27 ligt,
247 322 66 21 sedan
329 321 85 22 ståndet
429 321 39 22 har
483 321 84 22 förenat
582 321 31 27 sig
629 321 6 21 i
651 328 25 15 en
692 321 78 22 allmän
786 321 96 28 petition,
898 328 62 15 anser
972 322 37 27 jag

179 351 40 22 allt
233 350 47 22 skäl
296 350 115 21 förefinnas
426 352 32 19 att
473 352 77 24 antaga
565 350 248 22 utskottsbetänkandet.

248 407 91 21 Prosten
365 407 169 26 Grönberg:
568 407 49 21 Med
640 407 113 27 anledning
776 407 22 21 af
819 407 78 22 doktor
919 407 88 27 Alopaei

180 435 100 28 yttrande
303 437 33 20 att
351 435 36 22 det
403 435 104 22 måhända
522 441 51 16 vore
588 435 96 28 lämpligt
700 438 31 19 att
747 436 6 21 i
769 435 107 22 allmänna
891 436 116 27 petitionen

179 465 70 21 såsom
273 465 32 20 ett
327 464 79 27 bihang
426 464 83 27 inlägga
531 470 27 15 en
574 464 100 21 anhållan
690 466 31 19 att
737 466 68 19 status
822 471 40 20 qvo
878 464 43 21 tills
936 464 72 21 vidare

179 492 125 27 bibehölles,
325 493 36 20 vill
379 493 38 26 jag
438 492 103 27 genmäla,
565 495 32 19 att
619 493 117 26 petitionen
755 493 66 21 redan
837 492 122 26 innehåller,
976 494 32 19 att

179 522 62 25 ingen
265 521 156 27 väsendtligare
443 521 122 27 förändring
580 521 7 21 i
602 521 111 22 skolornas
729 521 145 27 organisation
890 520 54 22 intill
960 521 49 21 dess

179 551 67 20 måtte
262 549 113 28 företagas,
393 549 39 22 och
447 552 31 19 ett
493 549 76 22 sådant
580 550 74 27 tillägg
665 556 62 15 anser
734 550 37 27 jag
781 549 89 22 sålunda
881 556 50 15 vara
942 549 67 22 öfver-

179 578 80 27 födigt.
292 579 43 21 För
356 578 63 27 öfrigt
441 578 62 27 hyser
525 578 37 27 jag
583 578 46 21 icke
645 579 64 26 något
726 578 57 27 hopp
800 585 33 14 om
850 578 123 21 villfarande
988 578 21 21 af

179 607 100 27 partiella
302 607 113 26 petitioner
436 607 38 21 och
498 613 62 15 anser
582 607 80 21 sådana
683 607 24 21 så
729 607 84 27 mycket
829 607 80 21 mindre
925 607 82 26 nödiga,

179 636 71 21 såsom
273 635 66 22 redan
362 635 82 22 anfördt
467 637 29 24 är,
520 635 70 21 derför
612 638 32 19 att
666 636 65 21 saken
753 642 76 20 genom
846 636 39 21 den
901 635 107 22 allmänna

179 664 118 27 petitionen
320 666 51 18 utan
393 663 71 21 tvifvel
486 664 96 21 kommer
600 666 32 19 att
648 664 112 26 afhjelpas,
776 665 24 20 så
816 665 61 20 framt
893 664 115 21 ständerna

179 692 33 22 får
227 694 32 20 ett
275 692 38 22 ord
329 692 48 22 med
393 692 6 21 i
415 692 61 27 laget.

249 749 52 21 Vice
323 751 73 25 pastor
416 749 168 27 Dahlberg:
614 749 44 21 För
680 750 43 20 min
747 749 34 21 del
804 755 61 15 anser
883 749 37 26 jag
935 751 32 19 att
981 755 26 15 en

181 777 57 28 dylik
260 778 77 26 partiel
353 778 87 26 petition
455 778 46 21 icke
516 778 78 21 strider
610 780 57 19 emot
683 778 39 20 den
737 778 112 25 allmänna,
866 778 86 20 emedan
970 777 40 21 här

180 806 47 22 icke
249 806 89 22 föreslås
360 807 64 25 något
445 808 64 19 annat
527 808 27 20 än
570 806 42 26 det,
628 806 86 22 hvartill
730 806 66 22 redan
813 806 126 26 begynnelse
954 806 54 21 före-

181 834 67 22 finnes
263 835 7 21 i
285 828 54 28 Åbo.
369 835 44 21 Der
428 834 101 22 existerar
544 835 65 21 redan
625 842 26 14 en
667 834 54 22 finsk
737 835 88 27 parallel
839 834 112 27 afdelning,
968 834 39 22 och

180 864 112 26 meningen
315 870 50 14 vore
387 870 28 14 nu
437 863 74 21 endast
533 866 32 18 att
590 864 39 20 den
649 864 130 26 utvidgades.
813 864 44 20 Här
880 865 24 19 är
926 863 82 21 således

181 892 46 21 icke
249 891 60 27 fråga
330 898 33 14 om
379 898 26 15 en
422 892 187 26 grundväsendtlig
624 892 128 27 förändring,
769 898 45 15 som
830 892 68 21 skulle
913 891 95 21 medföra

181 923 70 19 staten
274 921 65 26 några
362 926 41 21 nya
424 920 91 28 utgifter,
539 922 51 20 utan
613 921 75 21 endast
711 927 33 15 om
764 920 139 26 utvidgandet
919 920 20 20 af
954 920 52 20 läro-

181 948 106 22 anstalten
312 949 47 21 med
382 955 25 15 en
430 955 26 21 ny,
477 948 63 22 klass.
571 949 91 21 Prosten
685 949 58 26 Hjelt
765 956 62 14 anser
842 952 31 18 att
889 948 22 22 af
925 948 25 21 de
966 949 43 21 350

181 977 76 26 elever,
273 984 46 14 som
335 977 67 21 finnas
419 978 6 20 i
447 972 53 32 Åbo,
512 978 76 21 endast
598 978 97 26 omkring
705 979 28 21 50
744 978 71 20 kunna
827 978 108 20 betraktas
947 976 61 22 hafva

180 1006 84 21 finskan
286 1006 32 20 till
341 1006 132 21 modersmål.
503 1006 41 27 Jag
562 1006 96 21 betvitlar
674 1007 122 25 visserligen
812 1006 45 21 icke
874 1006 68 20 denna
958 1012 50 20 upp-

181 1034 44 27 gift,
249 1040 49 16 men
313 1034 68 22 håller
397 1034 53 22 dock
464 1034 45 22 före
525 1036 31 20 att
574 1035 100 21 behofvet
690 1035 22 21 af
725 1042 26 14 en
767 1034 54 22 finsk
837 1034 170 26 undervisnings-

181 1063 79 21 anstalt
275 1063 7 21 i
320 1063 27 21 Åbo
363 1065 24 19 är
401 1063 79 26 ganska
494 1065 62 24 stort,
572 1064 88 21 emedan
677 1064 65 21 redan
754 1064 35 20 vid
799 1063 126 27 föregående
937 1062 69 22 landt-

181 1092 41 26 dag
237 1098 26 14 en
279 1092 89 26 petition
383 1091 74 22 härom
473 1092 67 20 blifvit
555 1092 96 26 ingifven.
683 1092 38 21 Att
737 1093 47 21 åter
799 1092 160 21 förhållandena
973 1098 35 19 ge-

181 1120 74 21 staltat
271 1120 32 26 sig
317 1120 24 21 så
356 1126 45 15 som
417 1120 59 21 dessa
492 1120 118 21 statistiska
625 1121 107 26 uppgifter
748 1121 75 24 utvisa,
840 1120 38 21 har
893 1120 31 21 sin
940 1120 68 26 grund

181 1149 7 20 i
211 1149 40 20 den
275 1148 162 27 omständighet,
460 1155 44 15 som
526 1149 66 21 redan
612 1149 136 27 domprosten
772 1149 88 20 Renvall
879 1149 39 20 har
933 1147 74 22 anfört.

181 1177 50 21 Men
252 1177 121 26 derigenom
397 1179 31 19 att
449 1177 208 22 folkskoleväsendet
678 1178 6 20 i
708 1171 47 28 Åbo
773 1177 40 22 har
828 1177 67 21 blifvit
911 1177 96 25 ordnadt,

181 1205 86 22 komma
283 1205 206 27 omständigheterna
504 1208 33 19 att
552 1206 22 21 få
590 1208 30 19 ett
636 1208 64 19 annat
712 1206 109 21 utseende.
852 1205 82 22 Hittills
946 1205 62 21 hafva

180 1233 161 28 församlingens
362 1233 66 22 finska
450 1234 86 21 talande
551 1234 53 21 barn
619 1235 46 21 haft
680 1235 82 21 tillfälle
778 1237 31 18 att
824 1234 45 21 lära
885 1235 32 26 sig
931 1234 6 21 i
953 1234 56 21 små-

180 1262 167 21 barnsskolorna
369 1263 95 24 svenska,
487 1263 89 21 emedan
597 1263 100 22 skolorna
713 1264 54 21 varit
783 1269 156 20 gemensamma
954 1262 55 21 både

181 1291 33 20 för
229 1290 69 22 finnar
313 1291 39 21 och
367 1291 106 27 svenskar,
489 1291 39 22 och
544 1291 36 22 det
596 1291 104 27 naturliga
715 1292 40 21 har
771 1292 54 21 varit
835 1294 32 19 att
877 1291 131 21 föräldrarne

181 1319 48 22 låtit
251 1319 47 22 sina
321 1319 52 22 barn
396 1319 44 22 lära
462 1320 32 27 sig
513 1320 90 21 svenska
626 1320 32 21 för
680 1323 32 18 att
729 1321 62 21 dessa
805 1320 121 22 sedermera
941 1319 69 22 skulle

181 1347 72 22 kunna
269 1348 85 21 komma
369 1347 32 22 till
417 1354 24 15 en
457 1348 65 27 högre
538 1348 95 27 bildning
648 1349 6 20 i
670 1349 25 21 de
707 1349 60 21 lärda
779 1349 101 21 skolorna
890 1349 7 20 i
908 1348 100 21 händelse

181 1376 22 21 af
217 1376 63 27 anlag
295 1376 39 21 hos
350 1376 53 21 dem.
434 1377 48 21 Men
502 1383 28 15 nu
546 1377 108 22 meddelas
669 1377 7 21 i
692 1377 105 22 särskilda
813 1377 73 22 skolor
901 1377 108 21 undervis-

181 1405 77 26 ningen
279 1406 28 26 på
330 1404 68 22 finska
419 1405 141 26 uteslutande,
579 1406 39 21 och
634 1406 69 21 skulle
718 1413 26 14 en
760 1407 66 20 sådan
842 1412 61 15 casus
917 1405 91 25 inträffa,

181 1435 33 20 att
228 1433 132 22 föräldrarne
375 1433 48 22 ville
438 1436 56 19 sätta
509 1434 63 21 sina
566 1429 13 38 i
589 1434 71 28 dylika
678 1435 118 21 folkskolor
807 1434 138 21 undervisade
955 1433 53 22 barn

181 1462 5 20 i
204 1469 25 14 en
248 1462 66 26 högre
330 1462 158 25 lärdomsskola,
504 1463 23 21 så
543 1465 24 19 är
582 1463 70 21 banan
668 1463 32 22 för
715 1463 48 21 dem
779 1463 81 27 stängd.
892 1463 74 20 Redan
980 1462 29 27 på

181 1491 40 21 den
244 1491 69 26 grund
331 1497 62 15 anser
405 1491 37 27 jag
457 1491 137 27 utvidgandet
610 1491 22 22 af
646 1492 40 21 den
702 1492 69 21 finska
787 1491 221 28 parallelafdelningen

180 1519 137 27 nödvändigt.
348 1519 48 22 Men
416 1519 36 28 jag
474 1519 36 22 vill
532 1522 57 19 ännu
608 1521 84 26 päpeka
713 1527 26 15 en
759 1527 69 15 annan
845 1519 163 27 omständighet,
