1117 1817
204 125 55 21 1150
426 130 162 18 Presteståndet
600 132 53 16 1872.
673 132 23 16 81
708 132 49 20 maj.

243 209 121 28 Föredrogs
375 205 10 37 -
387 210 136 21 betänkande
545 211 6 20 i
576 210 115 27 anledning
713 210 23 21 af
756 210 27 22 H.
809 210 26 21 K.
858 210 51 22 M:ts
924 210 76 26 nädiga

173 238 132 27 proposition
329 238 108 27 angäende
466 238 279 27 kommunalförvaltningen
767 239 7 20 i
796 239 55 24 stad,
873 239 85 26 afgifvet
981 238 22 22 af

173 266 102 22 Finlands
290 267 98 21 ständers
409 267 32 21 för
456 267 117 27 beredning
588 267 22 22 af
624 267 59 22 detta
697 268 80 21 ärende
792 267 91 22 tillsatta
898 267 103 22 särskilda

173 295 90 22 utskott.

242 353 118 22 Bordlades
375 352 122 23 tillsvidare.

242 501 121 28 Föredrogs
378 503 152 20 sammansatta
545 503 63 20 stats-
618 502 40 21 och
669 501 215 22 ekonomiutskottets
893 501 108 22 skrifvelse

173 530 109 26 angående
305 529 130 22 tillsättande
458 529 22 22 af
500 529 103 22 förstärkt
626 531 139 21 statsutskott
791 530 32 21 för
844 531 114 26 afegörande
980 530 23 22 af

173 558 76 27 nådiga
265 558 165 27 propositionen,
445 559 110 26 angående
566 559 73 26 anslag
650 559 22 21 af
679 559 198 27 bevillningsmedel
887 559 32 22 för
929 559 71 22 blinda

173 587 64 22 barns
253 587 150 26 undervisning
419 587 39 21 och
473 587 136 27 uppfostran;

242 645 23 20 sä
281 644 98 27 lydande:

399 758 39 21 Till
454 758 138 28 Högvördiga
606 758 169 22 Prestaständet.

241 838 58 22 Frän
315 840 153 20 sammansatta
482 838 68 22 Stats-
566 838 39 22 och
621 838 219 22 Ekonomiutskottet.

241 896 96 21 Emedan
353 896 35 20 det
403 895 22 21 af
438 895 106 21 utskottet
558 894 80 28 afgifna
652 895 79 27 förslag
746 895 33 21 till
795 895 203 28 sammanjemkning

173 924 22 21 af
209 924 26 21 de
251 924 58 21 olika
323 924 76 26 beslut,
415 930 45 15 som
474 924 98 26 uppstätt
582 924 35 21 vid
628 924 36 21 det
674 924 121 22 Ständerna
803 924 102 27 handlagt
915 924 83 26 Nädiga

171 952 166 28 propositionen,
353 952 109 26 angående
477 952 73 27 anslag
565 952 22 22 af
602 952 196 27 bevillningsmedel
808 952 33 22 för
852 952 72 22 blinda
934 953 64 21 barns

171 981 150 26 undervisning
343 980 38 22 och
398 980 123 28 uppfostran
543 981 47 21 icke
612 980 91 22 medfört
720 981 84 27 äsyftad
819 981 85 24 verkan,
920 981 30 27 ity
965 983 32 19 att

172 1009 113 27 Vällofliga
306 1010 180 26 Borgareständet
507 1009 39 22 och
569 1010 138 21 Hedervärda
725 1010 162 21 Bondeständet
901 1009 97 22 vidhällit

172 1039 46 21 sina
233 1038 58 21 förut
305 1038 80 21 fattade
401 1038 69 21 beslut
485 1038 92 22 rörande
592 1038 101 27 beloppet
708 1038 22 22 af
742 1038 26 22 de
779 1038 32 21 till
822 1038 175 22 blindanstaltens

171 1067 7 21 i
193 1066 85 28 Kuopio
301 1066 117 27 underhäll,
441 1066 32 22 för
495 1067 51 21 ären
571 1067 141 22 1873—1877
736 1067 104 27 beviljade
855 1067 74 27 anslag
943 1068 55 20 samt

171 1095 121 27 Höglofliga
307 1095 155 27 Ridderskapet
476 1095 39 21 och
526 1095 69 22 Adeln
603 1095 108 22 äfvensom
721 1095 112 27 Vällofliga
845 1096 152 26 Borgarestän-

171 1124 36 21 det
223 1124 102 26 derjemte
340 1126 70 19 ansett
424 1124 74 26 frägan
514 1130 34 15 om
564 1124 74 26 anslag
653 1123 33 22 för
701 1124 167 21 blindanstalten
881 1124 6 21 i
900 1124 97 26 Helsing-

170 1151 44 22 fors
237 1152 46 21 icke
306 1152 52 21 böra
379 1151 21 22 fä
415 1151 89 27 förfalla,
520 1153 25 20 sä
559 1152 39 21 har
613 1152 106 22 utskottet
734 1152 35 21 vid
785 1152 6 21 i
807 1152 41 27 dag
863 1152 66 22 hället
944 1158 54 15 sam-

171 1181 112 21 manträde
305 1181 54 27 ånyo
381 1180 91 22 förehaft
494 1181 60 21 detta
576 1181 78 22 ärende
669 1181 40 21 och
724 1181 28 27 pä
767 1181 69 26 grund
851 1181 22 21 af
887 1181 51 21 sista
953 1186 45 15 mo-

171 1211 81 20 mentet
267 1209 6 21 i
289 1211 25 20 71
331 1209 12 27 $
359 1209 21 22 af
394 1209 81 26 Nädiga
484 1209 274 28 Landtdagsförordningen
767 1209 69 22 funnit
843 1210 32 26 sig
885 1209 112 22 föranlätet

171 1239 33 20 att
226 1238 39 21 hos
289 1238 119 21 Ständerna
428 1238 154 21 vördsammast
608 1238 119 26 hemställa,
752 1238 36 21 det
811 1237 118 22 Ständerna
950 1237 49 22 ville

172 1266 129 22 Ofverlemna
323 1266 124 27 afgörandet
468 1266 23 22 af
512 1266 66 22 saken
604 1266 32 22 till
650 1267 103 21 förstärkt
764 1266 149 27 Statsutskott,
938 1266 60 21 hvar-

169 1295 66 26 jemte
250 1297 152 19 sammansatta
417 1295 68 22 Stats-
501 1295 39 22 och
556 1295 48 22 Eko
638 1295 137 23 —miutskottet
790 1297 54 19 trott
859 1295 32 26 sig
901 1295 34 21 vid
945 1301 54 20 upp-

171 1323 104 27 görandet
298 1323 22 22 af
340 1323 78 27 förslag
441 1323 32 22 till
496 1323 301 28 omröstningspropositioner
818 1323 7 22 i
843 1324 89 21 ärendet
947 1323 52 21 böra

171 1351 55 22 fästa
238 1351 99 22 afseende
353 1352 74 21 endast
442 1353 13 20 &
470 1352 26 22 de
511 1352 121 27 respektive
648 1352 105 22 Ständens
769 1351 53 22 först
837 1352 81 22 fattade
928 1351 69 22 beslut

171 1380 91 22 rörande
278 1381 111 26 anslagens
401 1380 84 27 belopp,
498 1381 88 21 emedan
598 1381 26 22 de
635 1381 180 26 modifikationer,
825 1380 85 22 hvartill
921 1382 77 20 tvänne

170 1409 63 22 ständ
253 1409 7 21 i
286 1409 112 26 anledning
413 1409 21 21 af
448 1409 317 28 sammanjemkningsförslaget
779 1409 124 26 föranledts,
919 1409 81 21 ansetts

170 1437 47 22 icke
240 1438 72 21 vidare
327 1438 71 21 kunna
413 1444 50 15 vara
478 1437 32 22 för
526 1437 48 22 dem
590 1438 113 27 bindande,
719 1440 53 19 enär
787 1437 138 22 omförmälde
941 1437 57 21 med-

169 1465 112 28 gifvanden
296 1466 68 21 mäste
385 1468 88 25 antagas
495 1466 65 21 hafva
574 1467 58 21 skett
647 1467 66 21 under
728 1466 153 27 förutsättning
896 1467 32 20 att
943 1471 56 16 sam-

170 1494 270 27 manjemkningsförslaget
454 1494 68 22 skulle
538 1494 22 22 af
574 1495 66 27 öfriga
656 1495 95 22 Ständen
767 1495 131 26 godkännas.
920 1494 80 21 Vidare

169 1522 40 22 har
232 1524 105 21 utskottet
359 1523 34 22 vid
408 1523 148 28 uppgörandet
572 1523 22 22 af
607 1524 93 21 nämnda
715 1523 81 28 förslag
810 1524 72 27 utgätt
896 1522 47 23 frän
959 1522 40 22 den
