1117 1817
219 133 56 21 1008
444 136 161 18 Presteståndet
618 137 56 17 1872.
696 138 18 16 11
727 137 46 21 maj.

190 218 83 21 fordras
297 218 22 21 af
341 218 38 20 den
403 217 105 21 blifvande
530 217 84 20 läraren
630 216 65 22 bland
710 219 65 18 annat
791 218 36 19 två
841 216 70 21 skilda
928 216 71 21 förhör
1013 216 7 20 i

190 246 127 27 pedagogik.
349 246 39 21 Vid
411 246 35 21 det
472 246 66 21 första
554 245 53 22 skall
623 245 41 21 han
682 245 43 21 visa
740 246 32 25 sig
787 251 40 20 ega
843 245 76 26 nödiga
935 245 85 20 förkun-

190 275 79 26 skaper
284 275 6 20 i
306 274 77 21 allmän
399 274 196 27 uppfostringslära,
608 274 45 24 och,
669 274 64 21 sedan
749 274 41 20 han
811 273 92 22 derefter
919 274 6 20 i
941 275 31 19 ett
986 273 34 20 års

191 303 32 21 tid
239 303 88 26 deltagit
342 303 6 20 i
365 303 94 26 öfningar
475 303 34 20 vid
525 302 165 24 normalskolan,
705 302 39 21 har
754 302 42 21 han
813 304 31 19 att
855 303 94 25 undergå
960 301 60 27 prak-

191 332 53 21 tiskt
260 331 119 27 lärareprof
393 331 37 22 och
447 338 25 14 en
482 337 26 21 ny
519 331 211 27 pedagogieexamen.
755 331 42 21 Det
813 331 116 20 teoretiska
939 330 82 27 profvet

193 360 97 21 deremot
312 360 51 21 eller
386 360 38 21 den
447 366 15 15 s.
487 360 19 20 k.
536 359 263 22 lärarekandidatexamen
823 359 101 21 omfattar
947 359 75 20 endast

192 388 46 28 fyra
260 391 83 23 ämnen,
359 389 6 20 i
381 389 70 20 hvilka
473 388 46 21 icke
544 395 38 14 ens
598 389 64 25 nägot
678 388 65 26 högre
759 388 80 21 vitsord
855 387 111 24 erfordras,
982 387 39 21 och

192 417 43 21 kan
258 417 83 21 derföre
364 423 49 15 vara
433 417 63 26 högst
510 417 62 27 ytligt
588 417 39 20 och
644 417 165 26 knapphändigt.
841 417 39 20 Att
895 416 46 21 häri
957 416 65 26 ligger

193 448 32 19 ett
247 445 189 24 missförhällande,
459 452 45 15 som
520 446 6 20 i
542 445 92 26 längden
656 445 62 26 högst
733 445 88 26 menligt
837 445 41 21 kan
894 445 86 21 inverka
996 444 26 27 pä

193 474 86 21 skolans
296 474 99 26 tillständ,
413 475 39 20 kan
468 475 18 25 ej
503 475 72 20 nekas.

263 503 33 21 En
320 509 68 14 annan
411 503 112 26 svärighet,
547 509 45 14 som
614 502 60 21 äfven
691 502 67 21 under
773 502 161 27 ifrägavarande
949 501 73 27 period

195 531 79 27 tyngde
297 532 26 26 pä
345 531 81 26 skolan,
450 538 36 14 var
509 531 103 26 mängden
636 530 22 21 af
679 531 129 20 läroämnen.
839 531 46 21 Den
908 531 67 20 nådde
990 530 32 21 sin

194 559 51 27 höjd
260 566 76 20 genom
352 560 126 26 stadgandet
493 560 6 20 i
514 560 76 25 nådiga
606 559 149 26 förordningen
771 559 23 21 af
808 559 40 21 den
865 560 27 20 20
910 559 113 21 november

197 589 62 25 1865,
283 590 32 19 att
337 588 68 21 finska
426 589 87 26 språket
533 588 69 21 skulle
617 588 79 21 införas
711 589 70 20 såsom
798 587 223 27 undervisningsspräk

192 617 67 26 jemte
275 617 36 20 det
326 617 89 20 svenska
430 617 29 20 uti
476 619 31 18 ett
530 616 52 21 eller
596 616 51 21 flera
663 619 81 18 ämnen.
776 617 65 20 Detta
857 617 116 26 stadgande
988 616 37 26 gaf

195 645 114 26 anledning
332 645 31 21 till
387 645 145 26 mängahanda
555 645 159 26 förvecklingar.
787 651 39 15 ena
847 645 60 21 sidan
923 645 99 26 klagades

196 673 64 25 öfver,
284 676 32 18 att
339 674 142 26 domkapitlen
506 674 46 20 icke
570 680 48 14 voro
636 680 41 19 nog
692 673 77 21 nitiska
785 674 5 19 i
807 673 116 21 reformens
938 679 84 20 genom-

195 702 96 26 förande,
313 703 13 20 å
349 702 39 20 den
413 702 67 21 andra
504 702 47 21 åter
576 702 110 21 befarades
708 702 46 21 icke
774 704 50 19 utan
841 702 45 20 skäl
903 704 31 19 att
949 702 73 20 under-

196 730 109 26 visningen
327 730 7 21 i
356 730 72 27 sjelfva
451 731 168 26 vetenskaperna
642 731 121 25 derigenom
789 730 68 21 skulle
880 730 143 26 väsendtligen

197 759 49 21 lida.
285 758 152 23 Erfarenheten
460 760 61 20 torde
544 759 62 21 hafva
629 759 102 21 besannat
754 759 59 21 detta
829 759 39 21 och
885 758 138 26 tillräckligen

197 788 54 20 visat
267 787 162 28 olämpligheten
446 788 22 20 af
483 788 34 23 två
533 788 224 26 undervisningsspråk
774 788 5 20 i
795 794 82 14 samma
889 788 65 20 skola.

267 816 62 21 Ännu
352 823 25 14 en
401 816 156 26 omständighet
572 816 102 26 förtjenar
690 818 31 18 att
736 816 130 21 framhållas.
897 816 79 21 Genom
988 816 36 22 nä-

198 844 49 26 diga
269 844 149 27 förordningen
441 845 22 21 af
484 845 39 21 den
548 846 27 20 30
596 844 83 27 januari
699 845 54 21 1862
769 844 109 22 lemnades
893 844 131 22 skolläraren

197 875 70 19 större
289 873 63 21 frihet
375 874 32 20 vid
423 873 33 21 val
472 873 21 21 af
507 873 132 24 läroböcker,
656 873 54 21 dock
725 874 69 20 under
809 873 93 21 kontroll
918 873 22 21 af
954 873 71 21 veder-

198 901 95 21 börande
308 902 140 26 skolstyrelse.
482 902 47 20 Men
546 902 88 21 emedan
651 902 119 21 kontrollen
781 902 46 21 icke
839 902 60 20 alltid
910 901 42 21 blef
962 902 63 20 behö-

198 930 59 26 rigen
283 930 113 25 handhafd,
418 930 54 22 hade
496 931 58 21 detta
578 930 32 21 till
633 930 51 26 följd
699 932 32 19 att
747 937 41 20 nya
803 930 80 21 böcker
897 930 39 21 och
952 930 74 21 kurser

199 958 162 27 mångenstädes
383 960 27 25 på
432 959 72 21 försök
527 959 99 23 infördes,
649 959 81 21 hvilket
750 959 18 26 ej
785 959 70 21 kunde
871 959 64 21 lända
949 959 76 21 under-

199 987 109 26 visningen
323 987 32 21 till
370 987 94 21 fromma.

269 1016 68 21 Häraf
350 1016 61 21 torde
426 1016 56 27 följa,
498 1018 32 19 att
546 1016 36 21 det
592 1016 116 21 vacklande
720 1016 39 21 och
771 1016 142 26 provisoriska
923 1015 102 25 tillstånd,

199 1044 60 21 hvari
282 1045 47 21 vårt
350 1044 252 27 undervisningsväsende
624 1044 95 22 befinner
741 1044 32 24 sig
799 1044 40 21 och
854 1050 46 16 som
916 1044 109 26 utskottet,

199 1072 66 26 enligt
288 1073 47 21 dess
357 1074 99 25 yttrande
478 1073 38 21 sid.
540 1074 34 24 28,
596 1079 62 15 anser
681 1073 61 21 hafva
757 1073 69 21 blifvit
841 1073 94 27 skapadt
951 1073 22 21 af
986 1073 40 21 den

199 1102 123 20 nuvarande
346 1102 156 26 skolstyrelsen,
525 1102 5 20 i
547 1101 74 27 sjelfva
646 1102 73 21 verket
744 1108 38 15 var
807 1102 129 26 grundlagdt
962 1102 64 20 redan

199 1130 98 26 tidigare.
326 1130 73 21 Under
414 1130 79 21 sådana
508 1130 148 21 förhållanden
672 1130 65 21 borde
753 1130 33 21 väl
801 1130 163 27 skolstyrelsens
979 1132 48 19 när-

201 1160 68 19 maste
291 1158 81 27 uppgift
399 1158 63 22 blifva
477 1161 31 19 att
524 1159 52 21 söka
592 1159 75 26 bringa
682 1159 89 26 ordning
786 1159 40 21 och
842 1159 64 21 enhet
920 1159 7 21 i
941 1158 86 22 skolans

200 1187 184 26 angelägenheter.
415 1187 37 21 Att
468 1187 40 22 den
524 1187 89 22 sålunda
628 1187 68 22 skulle
711 1187 62 27 lägga
789 1187 56 22 hand
861 1187 34 21 vid
905 1187 122 21 utarbetan-

201 1215 36 21 det
253 1215 22 22 af
289 1222 25 15 en
329 1222 27 21 ny
371 1215 87 27 skollag,
481 1215 134 27 naturligtvis
637 1217 28 26 på
679 1216 69 27 grund
763 1217 22 20 af
799 1216 56 21 hvad
870 1216 57 21 förut
941 1217 5 20 i
963 1215 65 22 saken

201 1243 70 22 blifvit
285 1244 76 27 gjordt,
378 1244 39 21 och
432 1244 22 21 af
468 1245 40 21 den
524 1244 121 21 erfarenhet
660 1251 45 15 som
721 1245 118 21 emellertid
854 1245 69 21 blifvit
937 1251 90 19 vunnen,

201 1279 62 20 synes
287 1273 82 21 derföre
389 1273 45 21 icke
452 1273 6 20 i
473 1273 39 21 och
534 1273 34 21 för
584 1273 30 27 sig
630 1273 62 21 hafva
707 1273 55 22 varit
777 1273 121 26 obefogadt.
928 1273 100 22 Tvärtom

201 1300 71 21 kunde
288 1301 112 26 anledning
416 1301 69 22 dertill
501 1301 113 22 förefinnas
630 1302 65 21 redan
711 1302 7 21 i
734 1302 39 21 den
790 1302 22 21 af
827 1303 55 20 1867
899 1302 34 21 års
943 1302 86 21 ständer

201 1329 96 22 uttalade
320 1329 81 21 önskan
423 1331 46 26 (sid.
495 1331 34 26 10)
554 1333 46 22 ,att
622 1331 59 20 Hans
703 1331 119 26 Kejserliga
844 1331 107 26 Majestät,
966 1331 6 20 i
988 1331 40 21 den

202 1363 49 16 mon
275 1359 138 20 statsverkets
435 1358 113 27 tillgångar
570 1359 116 26 medgåfve,
707 1359 6 20 i
734 1359 67 22 nåder
824 1359 109 27 behagade
956 1359 73 27 (redan

201 1386 65 21 innan
283 1389 59 19 nästa
357 1387 108 27 landtdag)
481 1387 72 22 skrida
569 1387 32 22 till
616 1387 207 27 reorganisationens
843 1388 164 26 genomförande
1022 1387 7 21 i

202 1415 37 20 det
261 1415 60 27 syfte,
344 1417 32 19 att
398 1415 82 22 landets
502 1416 66 21 behof
587 1416 22 21 af
629 1415 120 22 förbättrad
765 1416 265 27 elementarundervisning

201 1443 112 22 efterhand
337 1443 196 23 tillfredsställdes*.
565 1445 45 20 Allt
632 1444 63 22 beror
717 1445 55 21 dock
788 1445 66 27 derpä
869 1445 54 21 huru
939 1445 90 27 skolsty-

202 1471 71 22 relsen
297 1472 63 21 fattat
385 1472 67 22 denna
476 1473 32 21 sin
534 1473 88 27 uppgift,
646 1473 70 22 hvilka
736 1473 107 28 principer
859 1474 40 21 den
914 1475 70 20 ansett
999 1473 31 27 sig

202 1500 53 21 böra
270 1501 58 26 följa,
344 1500 38 21 och
399 1502 71 21 derom
486 1501 82 22 lemnar
583 1502 145 21 betänkandet
744 1504 73 25 tyvärr
833 1502 71 21 alltför
919 1501 111 28 bristfällig

202 1528 132 27 upplysning.
365 1529 110 22 Utskottet
497 1530 39 21 har
562 1531 105 26 nemligen
682 1531 38 21 sid.
738 1532 27 19 14
780 1531 76 21 endast
871 1531 62 26 högst
948 1530 83 28 flyktigt
