1117 1817
344 152 161 17 Presteståndet
518 152 55 16 1872.
592 153 13 15 4
617 153 47 20 maj.
859 147 43 21 927

104 233 39 20 der
162 232 48 26 mig.
241 231 41 27 Jag
297 231 62 21 utber
375 231 41 26 mig
432 231 76 21 endast
523 233 32 19 att
571 231 20 22 fä
607 233 51 24 göra
674 232 66 26 nägra
756 232 60 20 korta
832 232 100 21 anmärk-

104 261 81 26 ningar.
216 260 37 21 Att
269 266 25 15 en
310 259 55 22 finne
382 260 22 20 af
417 259 161 28 grekisk-ryska
593 259 196 26 trosbekännelsen,
806 266 24 15 en
847 267 48 14 man
911 260 23 21 af

104 289 68 21 folket
191 288 32 21 för
245 288 82 21 landets
349 288 87 21 ständer
458 288 100 27 framlagt
574 290 30 19 ett
619 288 187 27 petitionsförslag,
823 288 109 27 äsyftande

104 319 32 19 att
151 317 48 26 höja
215 317 52 20 hans
283 317 167 20 trosförvandter
466 317 39 20 och
521 317 110 20 landsmän
647 317 84 21 utöfver
748 318 46 25 den,
811 317 68 20 säsom
897 317 35 20 det

104 346 79 26 tyckes,
206 351 42 20 nog
270 345 48 26 läga
341 345 153 21 intellektuella
510 345 136 27 ständpunkt,
666 346 27 26 pä
709 345 84 21 hvilken
809 345 26 21 de
848 345 85 21 befinna

105 374 37 26 sig,
166 376 24 19 är
213 377 31 18 ett
266 374 68 21 tidens
357 374 81 25 tecken,
461 380 45 15 som
523 374 17 26 ej
557 374 40 21 kan
614 376 65 19 annat
695 376 26 19 än
737 380 61 15 anses
813 374 118 26 glädjande.

104 403 43 20 Det
170 403 67 20 måste
259 403 66 20 väcka
340 402 69 27 glädje
426 402 37 21 och
480 403 90 26 sympati
588 403 38 20 hos
642 403 52 20 hans
711 402 116 26 landsmän,
844 403 21 20 af
880 403 52 20 hvil-

105 431 40 21 ken
161 431 172 21 trosbekännelse
349 437 44 15 som
410 431 62 24 helst,
489 431 88 20 likasom
595 431 132 26 högaktning
742 431 31 20 för
784 431 52 21 hans
847 437 84 20 person.

105 459 70 22 Ocksä
195 459 39 22 har
255 459 105 21 utskottet
383 462 47 22 sagt
448 460 31 25 sig
496 459 96 26 behjerta
607 460 73 23 saken,
697 460 39 21 och
753 462 31 18 att
800 461 22 19 sä
837 459 95 21 förhällit

104 489 32 26 sig
152 488 35 21 vill
199 489 37 26 jag
251 488 18 26 ej
285 487 91 22 betvifla.
406 488 48 21 Men
472 488 42 20 lika
530 488 47 21 litet
593 494 44 15 som
655 488 39 21 den
707 488 125 26 föregäende
843 488 87 24 talaren,

105 517 41 21 kan
167 517 35 26 jag
217 517 112 26 godkänna
345 517 36 20 det
397 517 93 25 resultat,
507 516 85 21 hvartill
607 517 105 20 utskottet
728 517 94 20 kommit.
853 517 29 26 Ty
896 523 36 19 ge-

105 552 49 14 nom
178 546 35 20 det
235 545 84 26 förslag,
339 551 44 15 som
401 545 20 21 af
435 545 106 21 utskottet
558 545 68 20 blifvit
641 545 126 26 framstäldt,
785 545 37 21 har
837 545 6 20 i
859 545 72 26 sjelfva

105 574 73 21 verket
194 574 107 26 ingenting
317 573 67 21 blifvit
399 574 70 26 gjordt
485 573 32 22 för
533 573 40 21 den
590 573 43 26 sak,
651 574 86 21 hvarom
754 573 58 27 fräga
827 576 29 19 är.
890 573 42 22 Sitt

105 602 104 21 indirekta
233 602 66 27 afslag
321 602 38 21 har
382 603 105 20 utskottet
510 603 92 25 grundat
624 603 26 26 pä
674 605 31 18 ett
723 602 86 21 alldeles
825 602 107 25 orubbligt

106 631 141 21 fasthällande
263 631 20 21 af
299 631 38 20 den
354 631 86 26 princip,
458 631 64 26 enligt
538 631 85 20 hvilken
640 631 26 20 de
678 630 22 21 af
709 633 68 19 staten
789 631 143 21 understödde

106 659 99 21 skolorna
227 661 37 19 äro
289 659 112 21 inrättade.
433 659 41 21 För
490 659 44 21 min
550 659 34 20 del
600 659 68 21 måste
682 659 36 26 jag
734 666 55 16 anse,
807 662 30 18 att
853 661 30 19 ett
899 660 32 20 sä-

106 688 51 21 dant
173 688 119 26 ovilkorligt
308 688 140 26 gvarstäende
463 688 34 20 vid
514 688 104 26 principer
634 690 24 18 är
676 688 2 20 i
696 688 75 26 många
787 687 144 21 förhållanden

105 716 6 21 i
136 716 57 21 lifvet
216 716 123 26 opraktiskt.
371 716 29 27 Ty
417 716 81 21 utöfver
515 722 25 14 en
557 716 40 21 viss
613 716 87 26 princip,
716 722 45 15 som
777 716 6 20 i
800 716 38 20 och
854 716 32 20 för
901 716 33 26 sig

105 747 24 19 är
155 744 125 26 fullkomligt
306 745 71 26 riktig,
402 745 40 21 kan
466 745 99 21 stundom
589 746 33 19 stä
645 751 25 15 en
695 751 75 17 annan,
785 750 44 15 som
845 746 24 19 är
885 744 47 21 vida

106 774 71 26 högre,
194 773 38 21 och
249 773 30 21 till
296 774 80 20 förmän
393 774 33 20 för
442 774 83 20 hvilken
542 773 39 21 den
598 773 56 21 förra
671 774 66 20 mäste
753 773 54 26 gifva
823 773 46 21 vika
881 772 52 22 eller

107 802 125 21 modifieras.
264 802 80 21 Sådant
360 802 72 27 tyckes
447 802 142 21 förhållandet
605 808 49 14 vara
671 802 47 25 här;
735 802 38 20 och
791 808 32 14 om
837 801 36 26 jag
889 801 43 20 rik-

106 831 41 26 tigt
169 830 53 21 skall
245 830 102 24 bekänna,
370 830 53 22 hvad
446 831 35 26 jag
504 830 76 21 tänker
602 830 6 20 i
632 830 69 21 denna
717 831 44 25 sak,
777 831 23 20 sä
816 830 65 21 mäste
896 830 37 26 jag

107 859 103 27 medgifva
233 861 32 19 att
283 859 37 27 jag
345 859 25 26 ej,
386 860 128 20 ätminstone
530 859 18 26 ej
565 858 86 22 alldeles
668 859 131 26 obetingadt,
815 860 23 19 är
853 858 79 21 anhän-

106 894 51 20 gare
172 888 21 21 af
208 888 39 20 den
263 888 87 26 princip,
366 889 27 25 pä
409 888 84 20 hvilken
510 887 208 21 folkskoleväsendet
733 888 6 20 i
756 888 46 20 värt
817 887 48 21 land
870 882 9 36 i
895 886 36 22 all-

106 916 86 22 mänhet
206 916 75 21 hvilar.
311 916 10 21 I
337 916 135 26 förbigående
488 917 34 20 mä
538 916 120 23 anmärkas,
675 918 37 23 att,
730 916 55 21 hvad
798 916 35 26 jag
849 915 38 21 här
898 917 34 19 ut-

107 944 37 22 ber
166 946 41 24 mig
222 946 32 20 att
269 945 20 21 fä
304 947 63 25 yttra,
384 945 134 26 naturligtvis
534 945 18 26 ej
569 945 41 20 kan
626 944 63 21 hafva
706 945 5 20 i
728 944 92 26 ringaste
836 944 48 21 män
900 943 32 21 till

106 974 53 26 syfte
175 976 32 18 att
222 974 99 20 nedsätta
337 973 24 21 de
377 974 77 20 aktade
471 975 60 19 mäns
547 973 130 25 förtjenster,
693 973 70 21 hvilka
779 974 23 20 sä
812 975 69 18 varmt
893 972 39 21 och

106 1002 74 21 nitiskt
195 1002 74 21 verkat
284 1002 32 20 för
331 1002 130 21 folkskolans
477 1002 38 21 sak
530 1002 6 20 i
553 1002 78 24 landet,
648 1002 39 20 och
703 1001 82 21 hvilkas
801 1001 68 21 minne
885 1000 46 22 der-

106 1030 44 22 före
172 1032 51 20 utan
247 1030 71 22 tvifvel
339 1030 95 21 kommer
457 1033 31 18 att
512 1030 98 21 fortlefva
626 1030 6 20 i
649 1030 130 27 välsignelse.
810 1030 41 20 Det
867 1031 24 19 ör
906 1035 26 15 en

106 1059 86 27 princip,
213 1059 36 26 jag
265 1059 55 21 talar
335 1065 40 20 om,
392 1059 26 21 dä
434 1059 32 26 jag
483 1060 65 25 vägar
562 1059 69 21 uttala
648 1059 39 21 den
703 1059 91 26 mening,
810 1059 31 19 att
856 1058 76 26 ifräga-

106 1088 91 20 varande
220 1088 89 26 petition
333 1088 26 26 pä
375 1087 71 21 enkelt
462 1088 39 20 och
517 1087 107 27 praktiskt
639 1089 43 19 sätt
698 1087 101 26 angifver,
815 1087 54 20 huru
885 1086 48 21 hela

106 1116 205 21 folkskoleväsendet
334 1116 6 20 i
363 1116 47 21 värt
430 1116 50 21 land
496 1116 112 25 rätteligen
624 1116 55 21 hade
696 1116 48 20 bort
759 1116 45 20 frän
821 1114 112 27 begynnel-

106 1151 36 14 sen
159 1144 82 24 ordnas,
258 1145 6 20 i
281 1144 34 21 det
331 1151 48 14 man
395 1145 106 25 nemligen
517 1144 54 21 hade
588 1144 48 21 bort
653 1145 51 25 utgå
719 1143 54 22 ifrån
790 1143 39 21 den
840 1144 93 25 primära

104 1173 183 26 undervisningen.
319 1173 74 21 Denna
408 1173 54 20 hade
478 1175 71 18 staten
565 1172 32 21 till
611 1179 25 14 en
649 1173 74 26 början
738 1173 47 20 bort
796 1171 135 25 understöda,

105 1202 28 26 pä
148 1201 36 21 det
199 1203 32 19 att
247 1203 31 19 ett
293 1201 123 26 tillräckligt
431 1201 103 26 underlag
550 1201 32 20 för
598 1201 40 20 den
654 1201 66 26 högre
735 1200 118 22 folkskolan
865 1199 68 22 skulle

106 1229 61 22 hafva
189 1229 81 22 kunnat
292 1230 120 26 derigenom
434 1230 74 21 bildas.
540 1229 50 21 Man
606 1229 39 22 har
661 1229 33 21 väl
709 1233 54 22 sagt,
779 1229 38 21 och
834 1229 35 20 det
885 1228 48 21 med

105 1260 63 24 rätta,
196 1260 31 19 att
255 1258 104 27 bildnings
382 1259 157 26 ständpunkten
564 1258 38 21 hos
625 1258 110 21 lutherska
758 1257 148 25 befolkningen
926 1256 6 20 i

106 1287 47 21 värt
177 1287 50 21 land
253 1289 24 19 är
298 1287 47 21 vida
366 1287 65 26 högre
452 1289 27 18 än
503 1287 39 20 hos
564 1287 40 20 den
620 1287 172 25 grekisk-finska,
809 1291 46 15 men
871 1285 61 21 äfven

105 1315 38 22 hos
169 1315 40 21 den
236 1315 56 21 förra
317 1318 24 19 är
363 1316 6 20 i
397 1316 58 20 detta
478 1315 98 21 afseende
603 1315 17 26 ej
644 1315 47 21 dess
706 1315 70 21 bättre
793 1313 96 23 bestäldt,
906 1315 27 19 än

106 1346 37 24 att,
169 1345 68 20 säsom
264 1344 104 21 utskottet
395 1344 55 26 sjelft
476 1344 110 25 erkänner,
615 1344 100 21 intresset
743 1343 33 21 för
801 1342 39 21 den
868 1342 65 26 högre

105 1372 118 22 folkskolan
249 1373 27 26 pä
301 1379 25 14 en
350 1372 34 21 hel
407 1373 77 26 mängd
508 1375 59 18 orter
589 1372 6 20 i
615 1373 47 20 värt
678 1372 49 21 land
743 1374 55 19 ännu
814 1373 23 18 är
852 1370 81 27 ganska

105 1401 66 26 ringa.
201 1401 62 21 Hvad
287 1401 83 21 bevisar
393 1401 73 21 detta?
489 1401 42 21 Det
554 1401 82 20 bevisar
655 1401 108 26 ingenting
779 1403 65 18 annat
859 1401 27 18 än
902 1400 31 19 att

106 1429 39 22 den
169 1429 126 27 tillräckliga
317 1429 179 27 förutsättningen
518 1429 32 21 för
566 1429 40 21 den
622 1429 66 26 högre
704 1429 119 21 folkskolan
839 1427 5 21 i
860 1426 73 28 sjelfva

105 1459 73 20 verket
194 1458 17 26 ej
228 1458 66 21 finnes
310 1458 38 21 till.
379 1458 41 21 Det
435 1458 41 21 kan
493 1457 133 26 naturligtvis
643 1458 17 26 ej
678 1457 50 22 falla
744 1457 42 26 mig
801 1457 20 20 in
837 1457 32 20 att
885 1455 48 26 vilja

104 1487 67 26 pästä,
194 1487 89 21 likasom
307 1487 36 21 det
365 1487 19 26 ej
401 1487 66 20 heller
482 1493 88 14 numera
586 1487 56 20 lärer
658 1487 71 20 kunna
743 1486 86 21 komma
845 1484 5 20 i
867 1484 66 26 fräga,

105 1517 31 19 att
160 1516 39 20 den
223 1516 80 26 engäng
325 1515 103 21 beträdda
452 1517 66 24 vägen
542 1515 66 20 borde
624 1514 91 27 frängäs.
747 1515 48 20 Men
811 1513 24 21 sä
849 1513 85 26 mycket

105 1550 45 15 mer
165 1544 80 21 känner
259 1544 35 26 jag
309 1544 42 26 mig
367 1543 49 27 böjd
431 1543 33 21 för
478 1545 33 19 att
527 1543 83 21 biträda
626 1544 40 21 den
682 1550 29 14 nu
726 1541 137 23 förevarande
880 1541 53 27 peti-
