1117 1817
215 138 54 20 1066
438 142 160 18 Presteståndet
610 143 55 17 1872.
691 144 22 16 13
725 144 48 20 maj.

183 228 46 15 som
253 223 61 21 dessa
333 223 152 27 förändringar,
509 223 70 21 såsom
601 222 36 21 det
651 228 62 22 synes
729 222 22 22 af
764 222 244 25 utskottsbetänkandet,

183 257 52 16 voro
258 251 147 27 proponerade
420 251 64 22 redan
500 251 34 21 vid
552 251 54 22 1867
622 251 34 21 års
672 251 107 26 landtdag,
796 251 67 21 ehuru
879 251 25 21 de
920 251 27 22 då
961 250 47 22 icke

183 280 64 27 gingo
263 281 90 25 igenom.

253 347 110 22 Professor
379 347 169 22 Ehrström:
570 347 40 27 Jag
626 347 42 22 kan
683 347 46 22 icke
745 347 69 22 erinra
829 347 42 26 mig
887 349 31 19 att
928 349 79 25 preste-

184 376 86 22 ståndet
285 376 109 27 undantog
409 376 69 21 denna
493 376 61 27 fråga
570 376 46 21 från
632 376 32 25 de,
680 382 45 15 som
740 375 124 27 hänskjötos
879 375 32 22 till
922 375 86 28 sjölags-

184 405 116 21 utskottets
322 404 154 22 förberedande
498 404 134 27 behandling.
664 404 48 22 Men
727 405 37 26 jag
779 404 66 21 finner
861 404 60 21 äfven
937 405 36 21 det
988 404 23 21 af

185 433 77 21 doktor
278 433 107 26 Alopaeus
400 433 142 22 framkastade
558 433 39 22 och
613 433 22 21 af
649 435 87 25 prosten
746 433 110 26 Grönberg
866 432 144 22 understödda

184 461 101 27 förslaget
307 468 50 15 vara
379 462 109 27 antagligt,
504 461 56 22 blott
575 462 47 21 icke
637 461 157 27 presteständet
809 461 76 22 binder
901 461 108 22 händerna

184 490 27 27 pä
236 490 33 27 sig
283 489 7 22 i
305 489 98 22 afseende
418 491 12 20 å
445 490 100 22 framtida
560 490 75 21 remiss
651 490 32 21 till
699 490 104 21 utskottet
818 489 49 22 med
881 490 80 27 hänsyn
976 489 33 21 till

184 518 125 28 ifrägasatta
324 519 194 27 grundlagsfrägan.

253 587 32 21 Pä
307 586 153 28 framställning
482 587 22 22 af
518 587 50 22 herr
583 587 180 22 talmannen
779 587 68 21 beslöt
861 587 85 22 ständet
961 589 49 25 taga

185 615 144 22 betänkandet
341 615 32 22 till
389 616 132 27 ompröfning
535 616 67 21 under
618 615 61 22 ofvan
695 616 74 27 gjorda
781 615 184 27 förutsättningar.

254 678 56 21 Herr
332 678 174 22 talmannen
523 679 118 21 hemstälde
657 679 53 20 härä
727 678 102 21 huruvida
844 677 85 22 ständet
945 678 65 26 ansäg

185 709 32 19 att
239 708 71 20 svaret
331 707 27 26 pä
373 706 40 22 den
428 707 76 27 nädiga
520 706 159 28 propositionen
695 706 66 22 borde
775 706 86 27 afgifvas
875 712 76 21 genom
967 706 42 21 för-

185 735 45 27 slag
245 735 33 21 till
294 737 75 19 tvenne
385 735 103 21 särskilda
502 735 156 27 författningar.

255 798 10 21 I
280 798 113 26 anledning
407 797 62 22 häraf
482 798 94 27 yttrade:

254 855 90 21 Prosten
369 854 96 27 Hjelt:
489 854 73 28 Enligt
585 854 41 22 min
650 854 55 28 äsigt
727 854 66 22 borde
816 854 39 22 allt
877 854 56 21 hvad
948 854 7 21 i
971 854 39 21 den

186 883 119 27 Kejserliga
320 884 156 26 propositionen
492 883 69 21 blifvit
576 883 116 21 ständerna
707 882 106 28 förelagde
824 882 71 22 kunna
905 888 106 16 samman-

185 912 64 21 fattas
265 912 7 21 i
289 918 24 15 en
330 912 53 21 enda
399 912 129 26 författning,
544 914 23 25 ty
582 912 42 21 alla
640 912 61 22 dessa
717 914 118 19 momenter
850 913 75 25 utgöra
936 911 73 27 tillägg

185 940 40 22 och
239 940 148 27 förändringar
401 941 23 21 af
439 941 53 21 1868
508 942 34 20 ärs
558 940 215 27 näringsförfattning.
803 940 128 26 Derigenom
942 939 69 22 skulle

185 968 61 22 äfven
261 969 64 21 enhet
340 969 78 21 vinnas.

253 1032 155 27 Kyrkoherden
430 1032 162 22 Helander:
615 1032 41 26 Jag
671 1032 69 22 skulle
755 1038 50 15 anse
821 1033 32 20 att
868 1031 41 21 den
925 1030 21 22 af
960 1031 50 21 herr

184 1060 92 28 Pipping
291 1060 78 27 afgifna
384 1060 156 22 reservationen
556 1062 24 20 är
596 1060 36 22 det
646 1060 134 28 lämpligaste
795 1062 70 19 svaret
881 1060 27 27 pä
924 1060 39 21 den
975 1060 35 21 nä-

185 1089 48 27 diga
248 1089 164 27 propositionen,
429 1089 38 21 och
483 1089 38 22 ber
537 1090 71 21 derför
624 1091 32 19 att
670 1089 22 21 fä
707 1089 130 21 understöda
852 1088 85 22 honom.

253 1150 90 22 Prosten
384 1151 68 26 Hjelt:
468 1151 40 22 Om
520 1157 48 16 man
580 1154 88 24 antager
678 1153 171 20 reservanternes
860 1150 55 27 äsigt
925 1150 85 21 komma

185 1179 60 22 dessa
270 1179 77 27 frågor,
373 1185 45 16 som
440 1182 37 19 äro
498 1179 22 22 af
539 1181 24 20 sä
578 1182 46 19 stor
639 1180 45 26 vigt
699 1180 39 21 och
753 1181 58 20 ännu
825 1179 104 27 vigtigare
944 1179 65 21 sedan

183 1208 95 27 sjölagen
295 1208 38 21 kar
349 1207 67 22 blifvit
431 1211 97 24 antagen,
544 1210 33 19 att
591 1208 126 27 uppskjutas
733 1208 33 21 till
782 1210 61 19 nästa
858 1207 106 26 landtdag.
983 1207 27 21 Vi

183 1237 21 21 få
226 1237 89 21 sålunda
339 1237 6 20 i
360 1236 41 22 fem
416 1237 34 21 års
466 1237 30 21 tid
512 1239 64 19 vänta
591 1237 27 26 pä
634 1237 61 21 dessa
710 1237 74 26 tillägg
800 1236 32 21 till
851 1237 53 20 1868
919 1237 34 20 års
969 1236 41 21 för-

183 1265 98 27 fattning,
297 1265 70 21 hvilka
383 1265 54 22 dock
452 1267 57 20 ännu
524 1271 46 16 mer
585 1267 27 20 än
628 1265 56 22 förut
699 1267 37 20 äro
751 1265 22 21 af
782 1265 99 21 behofvet
891 1265 119 26 päkallade,

184 1293 26 22 dä
232 1294 7 21 i
261 1293 95 27 sjölagen
378 1294 65 21 redan
458 1293 68 22 finnas
542 1294 55 21 vissa
612 1294 94 26 friheter,
723 1293 32 22 till
770 1293 73 22 hvilka
859 1293 61 22 dessa
935 1295 77 25 utgöra

183 1324 32 19 ett
229 1322 139 27 supplement.

252 1385 83 21 Doktor
359 1384 159 23 Granfelt:
540 1385 41 27 Jag
607 1385 35 21 vill
664 1385 55 22 blott
735 1385 103 22 anmärka
853 1386 32 20 att
901 1385 60 21 äfven
975 1384 36 27 jag

182 1413 47 22 icke
243 1414 44 21 kan
302 1413 56 22 finna
373 1416 65 19 annat
453 1416 27 19 än
495 1416 33 19 att
542 1414 50 21 herr
607 1413 100 28 Pippings
723 1413 131 22 reservation
869 1415 25 20 är
907 1413 40 21 den
958 1414 54 20 mest

183 1442 108 27 antagliga
313 1441 6 22 i
342 1441 39 22 och
403 1442 33 21 för
455 1442 125 22 förenandet
595 1442 22 22 af
631 1443 62 21 dessa
709 1444 94 20 moment
818 1442 6 21 i
839 1448 26 15 en
881 1441 131 27 förordning-

250 1503 112 23 Professor
403 1505 48 21 Ehrs
462 1507 68 20 töm:
552 1505 41 27 Jag
608 1506 68 21 måste
692 1505 102 25 erkänna,
809 1506 33 20 att
855 1504 36 27 jag
906 1504 46 21 icke
967 1504 42 21 kan

181 1532 68 22 förstä
272 1533 25 21 de
319 1533 95 26 motiver,
437 1539 45 16 som
504 1533 107 22 föranledt
633 1536 137 19 reservanten
789 1533 50 22 herr
854 1533 101 27 Pippings
971 1533 39 21 och
