1117 1817
320 121 162 19 Presteståndet
495 122 55 17 1872.
574 122 26 16 22
613 122 58 20 april.
843 117 40 21 793

157 201 82 21 Ankom
255 201 39 21 och
310 203 105 24 emottogs
430 207 26 15 en
472 201 126 26 deputation
611 200 45 22 frän
668 201 161 25 bondeständet,
841 201 74 22 anförd

88 230 22 21 af
132 229 99 27 magister
247 229 104 24 Duncker,
367 235 46 15 som
428 229 142 26 tillkännagaf
584 231 32 19 att
631 229 156 21 bondeständet
801 229 7 21 i
824 229 40 26 dag
879 235 36 16 an-

89 258 54 27 tagit
158 264 25 15 en
199 257 88 27 petition
303 264 33 15 om
353 257 131 27 uppförande
500 257 23 22 af
537 260 31 19 ett
583 257 134 26 ständerhus,
733 257 39 22 och
785 257 71 28 inbjöd
868 264 47 20 pre-

88 286 120 22 steständet
226 289 32 18 att
273 292 32 15 om
321 287 65 25 sagde
402 286 88 27 petition
507 285 73 22 förena
596 285 38 27 sig,
650 285 128 27 tilläggande
793 288 32 19 att
841 289 74 24 proto-

90 315 131 26 kollsutdrag
237 315 67 21 skulle
319 315 159 27 presteständet
493 315 7 20 i
515 314 67 21 sinom
599 315 30 20 tid
646 314 113 22 meddelas.

159 371 68 22 Sedan
250 371 49 22 herr
339 371 161 22 talmannen
523 371 99 22 besvarat
645 371 158 28 deputationen,
819 371 96 22 afträdde

90 400 128 26 densamma,
234 401 27 26 pä
277 400 59 27 öfligt
351 402 43 19 sätt
409 400 134 27 beledsagad.

159 566 55 21 Herr
239 566 179 21 talmannen
442 566 132 21 framställde
602 566 58 25 härä,
686 566 64 22 sedan
771 567 144 21 diskussionen

91 595 57 21 öfver
163 595 137 21 förevarande
315 595 231 21 utskottsbetänkande
562 594 104 28 afslutats,
682 601 25 15 en
723 596 23 20 sä
761 595 90 27 lydande

160 651 142 28 Proposition:

160 708 128 22 Godkänner
310 708 129 27 högvördiga
454 708 86 21 ståndet
555 707 152 27 lagutskottets
721 707 143 27 föreliggande
881 707 35 22 be-

91 736 106 22 tänkande
213 736 47 22 med
276 736 51 22 eller
342 739 51 19 utan
409 736 96 26 ändring,
522 736 51 22 eller
588 736 61 22 icke?
671 736 45 21 Den
733 742 44 15 som
794 736 123 26 godkänner

91 765 144 21 betänkandet
258 766 46 20 med
323 765 52 21 eller
390 767 50 19 utan
456 765 96 27 ändring,
568 771 74 15 svarar
655 765 32 26 ja;
703 765 40 21 den
759 764 36 22 det
811 764 45 22 icke
871 766 44 25 gör,

91 800 73 15 svarar
186 794 40 26 nej.
257 794 78 21 Vinner
360 794 41 26 nej,
417 794 39 20 har
470 794 87 21 ständet
572 793 86 21 beslutit
674 793 99 21 ärendets
788 793 127 25 äterremiss,

91 822 33 21 för
146 825 32 18 att
200 823 53 27 ånyo
277 822 116 22 behandlas
415 822 6 21 i
444 822 37 21 det
502 822 60 27 syfte,
578 828 45 15 som
640 822 40 21 den
696 821 22 22 af
732 822 36 20 hrr
785 822 76 21 Munck
877 821 39 22 och

91 850 123 27 Rosengren
229 850 78 28 afgifna
321 851 129 21 reservation
466 851 97 27 antyder.

159 907 130 22 Besvarades
313 908 46 21 med
383 908 26 20 22
422 908 24 26 ja
461 910 46 19 mot
524 908 26 20 13
565 908 39 26 nej.
635 907 72 27 Derpä
722 906 155 22 öfverlemnade
892 906 25 22 hr

90 936 121 21 talmannen
227 937 22 20 ät
263 936 85 22 ståndet
363 938 32 19 att
410 936 92 27 granska
518 936 39 21 och
573 936 67 21 uttala
664 936 32 26 sig
717 935 58 22 öfver
795 935 72 27 hvarje
883 936 11 26 $
910 936 6 20 i

91 964 143 22 betänkandet
249 965 102 21 särskildt
365 965 33 21 för
413 965 37 27 sig.

160 1022 11 26 8
188 1023 8 19 1
215 1022 122 26 godkändes
353 1022 103 26 enhälligt
470 1024 53 19 utan
539 1021 125 22 diskussion.

158 1078 115 27 Angående
288 1079 11 26 8
315 1080 12 20 2
343 1078 144 22 framställdes
502 1078 92 28 följande

159 1140 143 27 Proposition:

159 1197 127 22 Godkänner
301 1197 129 28 högvördiga
445 1199 86 21 ståndet
545 1199 12 26 $
573 1199 13 20 2
602 1198 6 21 i
624 1197 150 27 betänkandet,
791 1197 51 22 eller
856 1197 60 22 icke?

90 1226 46 21 Den
152 1232 45 15 som
213 1226 123 27 godkänner
352 1227 91 21 nämnda
458 1228 13 25 $
487 1233 74 15 svarar
573 1227 33 26 ja;
624 1227 40 21 den
681 1226 35 22 det
731 1226 46 21 icke
788 1227 45 26 gör,
844 1231 73 16 svarar

89 1255 41 26 nej.
160 1255 79 21 Vinner
261 1255 40 27 nej,
323 1261 62 16 anses
407 1255 86 22 ståndet
514 1255 63 22 hafva
599 1255 82 27 antagit
707 1255 12 27 &
735 1256 12 20 2
763 1255 7 20 i
785 1254 41 22 den
841 1253 75 28 nådiga

88 1283 165 27 propositionen.

158 1340 130 22 Besvarades
312 1341 48 20 med
382 1341 24 21 31
424 1341 32 27 nej
474 1343 45 19 mot
534 1343 14 18 4
561 1340 30 27 ja;
608 1340 83 21 hvadan
707 1340 82 21 således
805 1341 10 25 $
831 1341 12 20 2
859 1340 6 21 i
881 1340 35 21 be-

88 1368 118 21 tänkandet
221 1368 132 23 förkastades
369 1369 39 22 och
424 1369 151 22 motsvarande
590 1369 11 27 $
617 1369 7 20 i
640 1369 40 21 den
696 1369 77 26 nådiga
787 1368 128 28 propositio-

88 1403 41 15 nen
145 1397 6 20 i
167 1397 47 21 dess
229 1397 61 22 ställe
305 1400 82 25 antogs.

157 1453 31 22 På
203 1453 73 22 derom
291 1454 22 21 af
327 1454 50 21 herr
409 1454 143 21 talmannen
588 1454 76 27 gjorda
674 1453 179 28 framställningar
863 1453 52 26 god-

88 1482 69 21 kände
172 1483 85 21 ståndet
272 1482 101 27 enhälligt
389 1482 107 22 hvarefter
511 1489 70 15 annan
596 1482 22 21 af
632 1482 26 21 de
673 1482 134 22 återstående
823 1482 24 27 8$
864 1482 19 25 3,
894 1483 20 25 4,

88 1511 20 26 5,
124 1511 19 26 6,
161 1511 12 20 7
189 1511 39 21 och
244 1511 12 21 8
272 1511 7 20 i
294 1511 150 22 betänkandet.
