1117 1817
217 131 42 21 856
428 136 161 17 Presteständet
604 136 55 17 1872.
683 136 26 17 25
722 136 58 21 april.

189 217 132 20 menniskan.
353 216 39 22 Om
412 216 158 27 lagstiftningen
585 216 54 21 skall
655 222 52 15 vara
721 218 32 19 ett
767 215 86 27 uttryck
868 216 23 21 af
905 216 36 21 det
955 217 63 24 rätta,

191 245 24 21 så
238 245 42 21 kan
304 245 40 21 den
367 245 18 26 ej
401 245 55 26 gifva
474 245 106 20 förmåner
596 245 22 20 åt
634 245 40 20 den
690 244 117 26 brottslige.
838 245 85 26 Antaga
938 245 20 20 vi
974 244 46 21 åter

191 274 40 21 den
254 273 112 27 kejserliga
382 273 158 27 propositionen
556 273 51 21 eller
622 273 245 25 utskottsbetänkandet,
883 275 52 24 göra
950 273 20 21 vi
986 278 34 16 oss

191 303 97 26 skyldige
309 302 32 21 till
365 309 25 14 en
413 308 68 15 annan
504 301 108 25 orättvisa,
636 302 106 26 nämligen
759 301 46 26 den,
821 303 33 19 att
868 301 21 21 vi
905 302 67 21 måste
987 301 33 22 för

191 331 106 21 vinnande
319 331 22 20 af
361 331 128 21 skadestånd
512 331 22 20 åt
555 330 151 27 målsäganden
729 330 72 21 bevisa
817 329 87 26 brottet,
920 330 39 21 och
975 330 45 27 just

192 360 66 24 detta,
282 359 39 21 den
345 359 122 27 brottsliges
490 359 180 26 öfverbevisande,
694 359 40 20 kan
757 359 6 20 i
779 358 77 27 många
871 359 37 20 fall
924 365 50 20 vara
989 360 33 20 ett

192 390 70 19 större
285 387 66 24 straff,
371 388 45 27 just
431 388 59 21 detta
506 390 32 19 att
553 388 41 21 han
610 387 104 22 förklaras
729 387 83 27 skyldig
828 387 32 20 till
877 387 86 25 brottet,
978 387 42 21 kan

192 423 51 14 vara
267 419 31 18 ett
321 419 68 18 större
405 416 60 21 straff
479 418 26 19 än
521 416 75 27 sjelfva
611 416 157 22 skadeståndet.
800 415 74 22 Ehuru
887 415 37 27 jag
939 415 81 22 således

192 445 59 21 delar
273 445 107 26 professor
403 445 72 22 Cleves
498 445 55 26 åsigt
574 451 34 15 om
630 447 148 23 motsatserna,
800 450 44 15 som
861 444 103 27 föreligga
979 451 40 19 oss,

193 474 59 21 delar
265 474 36 26 jag
317 474 64 21 likväl
397 474 45 21 icke
457 473 53 21 hans
525 473 85 26 mening
626 474 50 25 deri,
694 475 31 19 att
741 473 19 21 vi
775 473 69 21 skulle
859 479 52 15 vara
926 473 94 27 skyldige

192 505 33 18 att
248 503 129 20 underkasta
393 509 34 14 oss
444 503 54 21 1867
514 502 34 21 års
564 503 97 20 ständers
676 502 76 21 beslut.
783 501 30 27 Ty
826 501 37 27 jag
879 502 80 21 känner
974 502 46 21 icke

192 531 69 26 någon
278 531 100 26 paragraf
392 532 6 19 i
414 531 236 26 landtdagsordningen,
666 537 45 15 som
727 530 68 21 skulle
806 530 95 21 förmena
914 537 25 14 en
951 531 67 20 landt-

193 560 102 26 dagsman
311 562 32 19 att
358 559 67 22 uttala
440 560 32 20 sin
488 566 52 20 egen
556 559 145 27 öfvertygelse.
724 559 110 21 Professor
851 559 62 21 Cleve
924 559 39 21 har
973 561 47 24 sagt

193 590 32 19 att
249 589 48 25 han,
321 588 26 21 då
371 588 41 21 han
434 588 39 21 har
494 589 32 20 att
540 588 56 26 välja
612 587 89 22 emellan
717 588 62 21 dessa
793 587 42 26 två,
851 587 48 22 icke
914 587 37 21 vill
965 588 56 27 välja

193 617 131 26 någondera;
349 623 47 15 men
415 617 37 26 jag
474 617 68 20 skulle
562 617 52 26 just,
636 617 32 20 för
684 619 31 18 att
731 616 70 27 hjelpa
816 616 42 25 mig
874 616 53 26 sjelf,
943 616 77 21 honom

194 645 38 21 och
249 646 72 25 andra,
338 651 45 15 som
399 645 97 27 möjligen
512 647 37 19 äro
565 645 23 21 af
601 651 81 15 samma
697 645 70 25 tanke,
783 645 77 21 föreslå
871 647 32 18 att
913 645 108 27 preskrip-

193 674 116 21 tionstiden
325 674 68 20 skulle
408 674 127 21 bestämmas
551 674 43 20 lika
610 674 6 20 i
632 674 62 20 civila
709 673 38 21 och
759 673 119 21 kriminella
889 673 48 25 mål,
949 674 18 20 d.
981 680 39 15 vs.

193 702 34 21 till
253 703 25 20 10
301 702 29 25 år,
353 705 54 18 samt
430 705 31 18 att
480 702 68 21 denna
563 702 59 27 fråga
638 702 69 21 skulle
723 702 167 21 återremitteras
905 702 32 20 till
953 701 69 27 lagut-

194 731 87 25 skottet,
305 730 32 22 för
361 734 31 17 att
414 731 21 21 få
455 730 89 27 ungefär
566 731 92 27 följande
675 731 88 26 lydelse:
787 730 61 27 ,Med
864 730 122 27 förändring
1002 730 22 22 af

194 759 56 21 hvad
273 760 151 26 författningen
448 760 22 20 af
491 760 39 20 den
554 760 26 20 20
596 760 43 26 jan.
658 760 55 20 1779
728 759 39 21 och
783 765 74 15 senare
873 759 149 27 författningar

194 788 107 21 innehålla
324 794 33 14 om
381 788 57 21 tiden
454 788 32 21 för
501 788 133 21 anställande
650 788 22 20 af
686 788 42 21 åtal
744 788 32 21 för
792 788 71 20 brott"
881 794 18 14 o.
915 794 16 14 s.
948 794 17 14 v.
982 788 40 21 och

195 816 18 27 ej
238 816 63 25 ,Med
322 817 74 26 tillägg
416 816 30 21 till
462 817 54 21 hvad
533 817 41 26 kgl.
591 817 57 21 fdn.*
665 819 97 19 etcetera.
795 816 226 26 ,Preskriptionstiden

195 846 32 20 för
243 846 132 20 anställande
391 845 22 21 af
426 846 43 20 åtal
485 846 32 20 för
532 846 82 20 mindre
630 845 58 21 brott
704 845 127 21 bestämmes
847 844 32 21 till
898 846 24 19 10
938 845 30 24 år,
981 845 41 21 och

195 874 35 20 vill
255 874 136 26 målsägande
410 874 51 20 söka
476 874 128 21 skadestånd
620 874 32 21 för
670 875 85 23 brottet,
772 875 37 19 bör
825 874 40 20 han
881 873 56 21 inom
954 874 68 20 denna

196 903 31 20 tid
243 904 52 24 göra
310 903 31 20 sin
358 903 57 20 talan
427 902 104 26 gällande,
542 903 73 21 såvida
626 903 41 20 han
678 903 35 20 vill
726 902 63 21 hafva
799 902 31 21 sin
841 902 58 21 talan
912 902 108 21 bevarad”.

195 931 43 21 Det
261 933 24 19 är
305 932 6 20 i
335 932 59 20 detta
417 931 59 27 syfte,
499 932 5 20 i
528 931 81 21 hvilket
629 931 37 27 jag
689 931 93 21 önskade
804 934 31 18 att
851 931 88 21 ärendet
954 930 68 22 skulle

195 959 173 22 återremitteras.

266 1016 50 22 Vice
339 1019 72 25 pastor
433 1017 99 21 Lilius:
554 1017 40 26 Jag
610 1016 32 21 för
658 1017 42 21 min
717 1016 33 22 del
766 1016 118 27 tillstyrker
899 1016 123 26 obetingadt

197 1046 130 26 antagandet
349 1045 23 21 af
385 1045 115 21 utskottets
516 1046 140 21 betänkande.
688 1046 41 20 Det
745 1047 23 19 är
783 1045 66 21 redan
866 1052 25 14 en
907 1045 67 21 fördel
989 1045 33 21 för

198 1074 40 20 den
262 1074 118 26 brottslige,
403 1077 31 17 att
457 1080 25 14 en
506 1074 187 26 preskriptionstid
716 1076 24 19 är
757 1076 68 19 utsatt
841 1074 38 20 och
895 1076 32 18 att
943 1074 40 20 han
999 1076 24 19 är

197 1102 54 21 efter
274 1103 68 20 denna
357 1103 42 20 tids
415 1103 78 26 utgång
508 1103 26 20 fri
551 1104 35 20 det
602 1102 66 24 straff,
684 1109 45 15 som
745 1105 24 19 är
784 1104 67 19 utsatt
866 1103 33 20 för
914 1102 51 21 hans
981 1102 41 21 för-

197 1131 100 26 brytelse.
328 1131 33 20 Då
383 1131 40 20 han
442 1132 92 25 åtnjuter
550 1138 25 14 en
592 1132 65 20 sådan
674 1132 74 21 fördel,
764 1131 74 26 tycker
849 1130 37 27 jag
901 1133 32 18 att
949 1132 35 20 det
999 1133 24 19 är

197 1159 63 26 hösst
283 1160 104 24 orättvist,
411 1162 31 18 att
464 1160 78 21 honom
565 1160 5 21 i
589 1160 138 27 jämnförelse
742 1159 48 22 med
806 1160 67 20 andra
889 1159 79 27 redliga
983 1160 39 21 och

196 1188 66 27 ärliga
286 1188 121 21 menniskor
428 1188 53 21 skall
504 1189 98 26 tilläggas
618 1191 56 18 ännu
690 1195 25 14 en
736 1194 69 15 annan
821 1188 75 24 fördel,
912 1188 63 21 näml.
990 1190 33 19 att

195 1217 46 20 icke
265 1217 90 20 behöfva
377 1218 79 19 ersätta
476 1217 40 21 den
537 1217 73 24 skada,
632 1217 41 21 han
689 1217 38 21 har
743 1217 92 27 tillfogat
850 1223 25 14 en
891 1223 76 18 annan,
983 1217 40 20 och

196 1251 33 15 om
254 1245 33 21 för
310 1245 119 21 bevisandet
453 1245 23 21 af
497 1246 68 21 denna
588 1246 67 21 skada
677 1246 52 21 hans
749 1246 58 21 brott
823 1245 64 21 ocksä
904 1245 39 20 blir
958 1245 65 26 lagt
1011 1241 16 35 i

197 1274 74 26 dagen,
294 1274 23 21 sä
339 1276 24 18 är
386 1274 36 20 det
439 1274 46 21 icke
500 1281 45 14 mer
560 1277 26 18 än
603 1275 55 20 hvad
675 1275 40 20 han
732 1275 108 26 förtjenar.
871 1274 113 21 Dessutom
1000 1275 24 19 är

197 1303 36 20 det
256 1303 6 20 i
285 1303 76 25 mänga
383 1302 35 21 fall
440 1303 87 21 alldeles
550 1303 96 26 omöjligt
661 1303 33 20 för
710 1303 39 21 den
766 1303 138 26 förorättade,
920 1305 32 18 att
967 1302 56 21 inom

197 1331 41 20 den
259 1331 128 20 föreskrifna
410 1332 212 26 preskriptionstiden
646 1331 71 22 bevisa
739 1332 70 21 denna
829 1331 72 21 skada
932 1331 11 21 I
961 1334 13 17 t.
992 1337 30 15 ex.

196 1359 211 26 skogsäverkansmä!
430 1360 68 21 skulle
518 1360 37 27 jag
570 1360 72 21 kunna
657 1367 95 20 upprepa
767 1360 124 26 oräkneliga
906 1359 117 26 händelser,

196 1388 71 21 hvilka
290 1389 56 26 ligga
368 1388 55 21 inom
448 1389 42 20 min
514 1389 126 21 erfarenhet.
672 1389 41 21 Det
735 1389 38 20 har
795 1389 32 21 för
847 1389 54 23 dem,
916 1394 45 15 som
977 1388 47 21 lidit

196 1417 67 21 skada
286 1417 55 21 varit
363 1417 95 26 omöjligt
480 1419 32 19 att
534 1417 72 21 bevisa
628 1417 56 21 inom
708 1417 39 21 den
768 1417 128 22 föreskrifna
911 1417 58 20 tiden
984 1416 40 21 och

196 1446 139 26 rättegängen
351 1445 38 21 har
404 1445 122 27 härigenom
543 1446 81 21 kunnat
639 1447 64 20 räcka
718 1445 51 22 flera
785 1447 52 26 ting.
867 1445 49 22 Men
933 1447 91 19 omstän-

196 1474 98 26 digheter
317 1475 70 20 kunna
409 1480 66 21 yppas
499 1475 59 26 längt
580 1475 84 23 efterät,
686 1475 64 20 sedan
766 1475 58 20 tiden
840 1475 47 26 gätt
902 1477 29 18 ut.
962 1474 62 21 Dess-

197 1505 58 18 utom
272 1503 40 21 kan
329 1503 36 20 det
381 1503 98 21 stundom
495 1503 56 27 gälla
566 1503 52 21 flera
633 1503 111 22 hundrade
759 1503 61 22 mark
835 1503 40 21 och
886 1503 82 20 säiedes
978 1503 46 20 icke

197 1537 26 15 en
246 1531 151 27 obetydlighet.
428 1532 41 21 Det
492 1532 38 21 har
551 1534 81 19 ansetts
654 1533 70 20 säsom
747 1538 26 15 en
796 1535 45 18 stor
863 1531 113 27 olägenhet
994 1532 32 20 att
