1117 1817
348 139 161 17 Presteståndet
522 140 55 16 1872.
603 140 23 16 14
638 140 47 20 maj.
845 135 53 21 1097

101 220 82 25 latinet,
199 220 18 26 ej
234 220 40 20 kan
290 222 51 23 göra
357 219 31 21 till
403 219 32 21 sin
452 219 81 26 uppgift
548 220 6 20 i
571 220 87 20 främsta
674 221 91 19 rummet
781 222 31 18 att
824 220 107 21 handleda

102 249 6 20 i
124 248 95 27 praktisk
235 248 118 21 kännedom
369 247 22 21 af
413 248 35 21 det
467 248 70 26 språk,
552 254 46 15 som
614 247 41 21 han
672 247 37 21 har
726 247 31 21 till
773 250 66 19 ämne.
872 248 58 21 Hans

102 277 83 27 uppgift
208 279 23 18 är
254 276 181 26 hufvudsakligast
456 278 32 19 att
510 276 46 21 föra
579 277 142 25 vetenskapen
743 275 77 22 framåt
843 277 38 20 och
899 278 31 19 att

102 305 107 21 handleda
229 305 25 21 de
269 305 136 24 studerande,
420 311 45 14 som
482 305 65 20 önska
563 305 156 26 vetenskapligt
735 305 98 26 intränga
848 305 6 20 i
870 305 59 26 språ-

102 333 48 22 kets
171 334 59 25 lagar
252 334 39 21 och
315 333 111 21 litteratur.
458 333 41 21 Det
521 336 24 18 är
566 333 82 21 derföre
670 333 64 21 också
754 333 64 25 fallet,
834 336 33 19 att
882 339 48 15 man

103 365 16 18 t.
143 369 30 14 ex.
197 362 32 21 för
251 362 74 21 latinet
348 362 38 21 har
409 364 69 19 ansett
498 362 31 26 sig
545 361 107 22 nödsakad
670 364 31 18 att
717 361 94 27 tillgripa
825 361 105 22 särskilda

102 391 101 26 åtgärder
225 391 32 20 för
279 393 32 18 att
334 390 99 21 förskaffa
449 391 40 20 den
505 390 127 21 studerande
648 390 120 25 ungdomen
785 391 38 20 den
837 391 72 26 öfning
923 391 7 20 i

104 419 78 21 latinsk
206 419 109 26 skrifning,
343 425 44 14 som
414 419 99 21 behofvet
538 419 93 25 kräfver;
654 419 40 20 och
710 419 33 20 för
759 419 58 21 detta
832 419 98 21 ändamål

103 447 67 22 finnes
185 448 33 20 för
234 448 131 21 närvarande
380 453 26 15 en
422 450 59 18 extra
498 447 105 21 ordinarie
622 447 118 27 profession
757 447 34 20 vid
807 448 123 21 universite-

103 478 40 23 tet,
159 476 99 21 stundom
274 476 61 21 hafva
351 476 101 21 docenter
466 475 68 22 blifvit
550 476 96 21 använda
662 475 76 22 dertill.
766 476 42 21 Det
823 476 40 21 kan
880 477 51 20 visst

104 505 70 21 hända
196 505 68 26 någon
287 506 62 25 gång,
372 507 32 18 att
427 505 119 26 professorn
567 504 64 21 också
651 505 31 20 får
705 507 50 23 taga
777 504 6 21 i
800 505 45 20 med
862 505 68 20 denna

105 533 109 27 praktiska
231 533 147 26 hand:edning,
395 533 27 21 dä
438 533 39 21 den
495 533 106 21 erfordrar
617 539 58 15 mera
691 533 73 20 arbete
779 535 26 19 än
822 540 16 14 e.
853 539 11 15 0.
883 539 48 20 pro-

105 562 80 21 fessorn
202 562 51 21 eller
268 562 103 21 docenten
387 562 41 20 kan
445 562 119 25 medhinna,
582 568 46 14 men
645 561 52 21 hans
713 561 161 27 hufvuduppgift
890 562 40 20 kan

105 590 58 21 detta
189 591 66 26 aldrig
281 597 58 19 vara;
363 591 35 20 det
420 590 45 21 stär
485 590 5 20 i
507 590 52 21 strid
575 590 47 21 med
638 590 53 21 hans
707 590 158 27 vetenskapliga
881 590 49 21 kall.

104 618 41 27 Jag
166 619 40 21 kan
230 619 83 21 derföre
336 619 17 26 ej
377 619 62 24 finna,
459 621 32 18 att
506 619 147 21 consistorium
669 619 68 20 skulle
752 619 6 20 i
774 619 91 26 ringaste
883 625 48 15 mon

105 647 62 21 hafva
189 647 113 27 ådagalagt
317 647 99 22 behofvet
432 647 22 21 af
468 654 26 14 en
510 647 116 27 profession
642 647 7 20 i
664 647 90 21 svenska
769 647 39 21 och
823 647 107 21 isländska

104 676 99 26 spräken,
225 677 70 20 säsom
318 677 104 20 utskottet
445 682 25 14 ur
492 676 118 21 consistorii
631 675 110 21 utlätande
757 676 48 20 sökt
821 676 109 20 deducera.

105 716 28 3 -—
148 704 42 21 Det
212 706 24 19 är
259 704 106 22 dessutom
388 704 69 24 också,
482 704 65 27 enligt
569 704 41 21 min
632 704 70 25 tanke,
720 704 55 20 klart
791 706 32 18 att
838 704 42 24 det,
897 710 34 14 om

105 732 36 22 det
157 735 24 19 är
195 733 60 27 fräga
271 740 32 14 om
320 736 30 18 ett
366 732 90 27 verkligt
471 733 146 21 förbättrande
633 732 21 21 af
669 732 115 26 insigterna
799 732 6 21 i
822 733 35 20 det
871 738 59 15 sven-

104 761 39 21 ska
158 762 87 26 spräket
261 762 38 20 hos
315 762 40 20 den
371 761 127 21 studerande
515 762 125 26 ungdomen,
657 764 24 18 är
692 761 132 25 temmeligen
837 760 95 28 omöjligt

105 791 33 19 att
159 796 76 20 genom
257 790 153 27 föreläsningar
432 790 6 20 i
454 791 90 20 svenska
567 790 39 21 och
622 790 109 21 isländska
749 790 84 20 komma
848 789 32 21 till
897 790 34 20 det

104 818 96 27 äsyftade
223 818 70 22 mälet.
325 819 47 21 Men
389 818 36 22 det
448 818 154 26 betänkligaste
624 820 30 24 är,
676 824 62 20 synes
754 818 47 26 mig,
817 820 32 18 att
865 818 66 21 consi-

105 847 88 21 storium
215 847 17 27 ej
250 854 37 14 ens
303 847 39 21 har
359 847 119 26 ädagalagt,
494 850 32 18 att
542 854 25 14 en
584 846 95 28 praktisk
696 846 140 27 handledning
851 846 6 21 i
873 853 59 14 sven-

105 875 39 21 ska
159 876 92 26 språket,
267 876 83 21 utöfver
366 876 53 20 hvad
436 882 27 14 nu
479 876 65 21 redan
560 876 68 20 finnes
644 878 31 18 att
691 875 66 26 tillgå,
770 881 49 15 vore
830 875 21 21 af
862 874 70 22 behof-

105 906 36 18 vet
161 904 106 26 päkallad.
297 904 42 22 Det
361 904 39 21 har
423 904 65 21 redan
511 904 21 21 af
554 904 127 26 föregäende
706 904 67 20 talare
799 903 133 27 temmeligen

106 932 56 21 klart
184 932 132 26 framhällits,
340 935 31 19 att
395 933 123 26 kunskapen
541 934 6 19 i
563 932 90 22 svenska
669 932 92 26 spräket,
777 932 108 26 förmägan
901 934 32 19 att

106 960 95 27 begagna
225 962 117 20 detsamma
364 962 7 20 i
387 962 28 20 tal
432 962 39 20 och
487 961 67 24 skrift,
571 961 32 21 för
619 961 132 21 närvarande
766 960 6 21 i
788 961 46 21 vårt
849 960 48 21 land
914 960 17 27 ej

106 990 45 20 står
172 990 27 26 på
219 990 69 26 någon
304 990 58 26 lägre
378 990 137 26 ståndpunkt,
531 992 27 18 än
574 990 6 20 i
596 989 75 21 fordna
687 989 62 26 tider,
764 992 51 18 utan
831 990 100 24 tvärtom;

106 1017 33 21 till
157 1018 39 21 och
217 1019 46 21 med
279 1018 118 22 consistorii
413 1018 110 22 utlåtande
538 1018 73 28 tyckes
627 1018 94 27 häntyda
736 1019 27 25 på
779 1019 63 25 något
858 1017 74 27 dylikt.

107 1046 152 22 Consistorium
281 1047 113 21 anmärker
416 1049 32 19 att
470 1047 65 21 sedan
556 1046 148 27 fordringarna
720 1046 5 21 i
741 1046 90 21 latinska
846 1046 87 26 språket

106 1074 69 22 blifvit
189 1075 130 26 inskränkta,
336 1075 38 21 har
389 1075 63 22 också
469 1075 111 27 förmågan
595 1077 33 19 att
641 1075 97 21 använda
748 1075 89 21 svenska
847 1074 86 26 språket

108 1102 103 28 betydligt
233 1104 131 21 förbättrats.
394 1104 42 21 Det
459 1106 24 19 är
506 1105 74 21 endast
598 1104 6 20 i
620 1106 31 19 ett
666 1103 43 27 fall,
725 1109 46 15 som
787 1103 146 21 consistorium

106 1134 70 18 ansett
197 1132 32 27 sig
252 1132 71 21 kunna
341 1132 6 21 i
371 1132 35 21 det
428 1132 107 21 afseendet
558 1133 124 20 konstatera
705 1134 30 19 ett
751 1131 181 26 tillbakagäende;

107 1159 36 22 det
164 1160 67 27 gäller
252 1161 104 26 nemligen
379 1161 80 21 sädana
482 1161 46 21 frän
543 1161 125 21 läroverken
684 1160 158 21 utdimitterade
857 1159 76 27 elever,

106 1187 72 23 hvilka
193 1189 62 21 hafva
271 1189 80 22 finskan
367 1189 32 22 till
416 1189 134 22 modersmäl.
572 1189 40 22 Om
629 1189 47 21 dem
692 1189 61 21 heter
769 1189 41 24 det,
826 1190 31 19 att
873 1188 60 21 deras

106 1217 95 24 »Studier
216 1217 105 22 försvåras
336 1218 22 21 af
372 1218 132 26 okunnighet
519 1218 39 21 och
574 1217 86 22 oöfvadt
676 1219 36 19 öra
725 1217 6 21 i
747 1217 124 21 svenskan”.
894 1216 41 27 Jag

107 1245 77 22 förstår
199 1246 18 27 ej
235 1247 118 21 consistorii
368 1246 111 21 utlåtande
494 1246 96 25 sålunda,
606 1248 32 19 att
653 1246 62 21 ordet
731 1240 18 37 ,,
745 1244 140 27 okunnighet"
897 1245 38 21 här

105 1273 70 22 skulle
190 1276 61 25 tagas
267 1277 81 20 ensamt
363 1275 33 21 för
411 1275 31 26 sig
458 1274 40 22 och
508 1275 98 27 ,oöfvadt
622 1277 50 19 öra"
688 1280 51 15 vara
754 1274 65 26 något
833 1273 102 22 särskildt

106 1302 33 21 för
153 1303 38 26 sig.
223 1303 112 27 Meningen
351 1306 24 19 är
390 1303 128 27 påtagligen,
534 1304 69 21 såsom
620 1303 64 21 också
696 1302 56 22 facta
762 1303 50 25 visa,
825 1304 32 19 att
868 1301 67 22 öfver-

107 1330 139 28 hufvudtaget
261 1332 70 21 elever
342 1332 46 21 från
400 1332 154 27 finskspråkiga
565 1332 99 21 läroverk
675 1331 55 22 visat
739 1331 32 26 sig
784 1331 60 21 hafva
855 1331 80 26 ganska

106 1359 56 26 goda
185 1361 121 26 kunskaper
328 1361 34 21 vid
385 1361 186 25 studentexamen;
588 1367 47 14 men
651 1362 32 19 att
698 1360 33 21 för
745 1359 91 22 flertalet
851 1358 23 22 af
888 1359 47 21 dem

107 1388 90 22 svenska
219 1390 87 26 språket
328 1391 25 19 är
375 1391 31 20 ett
421 1395 59 15 mera
495 1389 133 22 främmande
642 1389 71 26 språk,
729 1390 27 19 än
771 1389 33 20 för
820 1387 53 26 dem,
889 1393 46 15 som

107 1415 62 23 hafva
193 1418 46 26 gått
263 1424 76 20 genom
365 1417 177 27 svenskspråkiga
564 1417 105 25 läroverk,
693 1419 24 19 är
739 1419 59 19 utom
821 1416 27 21 all
870 1416 64 26 fråga.

107 1445 74 22 Likväl
204 1448 25 19 är
251 1446 36 21 det
310 1447 62 26 högst
393 1446 22 21 få
437 1446 22 21 af
480 1447 68 25 dessa,
569 1446 46 21 från
631 1445 68 22 finska
714 1445 98 22 läroverk
827 1444 109 27 utgångna

107 1473 75 27 elever,
206 1481 34 15 om
264 1475 71 21 hvilka
357 1481 48 15 man
421 1475 41 21 kan
478 1477 52 24 säga
546 1477 32 19 att
593 1474 26 21 de
635 1474 17 27 ej
669 1473 68 22 skulle
752 1473 7 21 i
774 1474 30 21 tal
820 1473 38 22 och
875 1472 61 22 skrift

107 1501 72 22 kunna
194 1503 96 27 begagna
305 1503 89 22 svenska
412 1503 98 27 språket;
527 1509 33 15 om
576 1503 62 26 ingen
654 1503 42 21 kan
711 1509 48 14 man
775 1504 56 25 säga,
848 1503 32 20 att
895 1501 41 21 han

106 1530 20 26 ej
141 1531 68 22 skulle
231 1532 68 21 förstå
321 1532 123 21 detsamma.
475 1531 81 22 Jemför
576 1537 50 15 man
641 1532 109 21 elevernas
765 1530 47 22 från
828 1530 25 21 de
869 1529 68 22 finska
