1117 1817
17 17 103 44 —
171 17 8 44 I
196 17 63 44 MN
21 26 1096 31 NINNIN

356 174 161 18 Prestestänäet
530 176 54 16 1872.
602 177 14 15 4
629 176 48 20 maj.
869 172 41 20 945

113 255 115 26 samlingen
245 255 38 20 och
299 256 38 25 gär
353 255 39 21 den
409 256 106 25 naturliga
531 258 72 24 vägen,
620 256 18 21 d.
656 262 17 15 v.
690 262 16 15 s.
723 256 96 21 hemmen
835 256 62 21 blifva
913 257 26 20 de

113 291 45 14 som
182 285 36 20 der
240 284 63 21 också
325 284 64 21 sedan
413 284 71 21 kunna
503 284 92 27 uppfylla
611 285 31 20 sin
658 284 121 27 skyldighet
794 285 5 20 i
815 284 97 21 afseende
927 285 12 21 &

114 312 248 27 barnaundervisningen.
383 313 89 21 Derföre
488 313 68 21 skulle
570 313 35 26 jag
622 319 50 15 vara
688 313 21 21 af
723 313 40 20 den
776 313 55 26 äsigt
840 315 32 19 att
882 314 56 20 stän-

114 341 35 21 det
164 341 68 20 skulle
247 341 85 20 anhälla
348 341 21 20 af
384 342 58 20 Hans
454 341 118 26 Kejserliga
583 341 105 26 Majestät,
703 344 32 18 att
747 341 192 26 bevillningsmedel

114 369 67 22 skulle
197 369 106 21 användas
319 369 30 21 till
366 369 141 22 förskaffande
524 370 21 21 af
560 369 88 26 tillfälle,
665 372 32 19 att
712 371 23 20 ät
746 370 25 21 de
782 370 157 26 grekisk-ryska

113 397 193 22 trosbekännarene
329 398 21 21 få
373 398 40 21 den
436 398 95 27 bildning
546 405 45 14 som
608 398 100 21 behöfves
724 398 33 21 för
771 398 168 21 folkskollärare-

114 425 65 22 kallet
200 426 38 21 och
263 428 31 19 att
317 426 68 21 tillika
401 426 66 22 medel
484 427 68 21 skulle
568 427 82 21 anvisas
666 427 32 20 till
715 427 120 20 inrättande
850 427 22 20 af
885 427 54 21 fasta

113 454 116 21 folkskolor
253 455 36 20 der
311 455 145 26 fordringarna
479 456 34 20 vid
537 455 93 21 inträdet
652 456 17 25 ej
689 455 67 21 skulle
773 462 48 14 vara
836 456 23 20 sä
875 457 64 23 stora,

113 489 44 15 soin
174 483 25 21 de
215 489 45 15 som
275 485 37 19 äro
328 483 124 22 föreskrifna
468 483 33 22 för
517 485 25 20 de
558 484 109 21 lutherska
682 484 105 21 skolorna.

181 541 110 21 Professor
312 541 103 21 Cleve:
446 541 42 21 Det
512 543 23 19 är
558 541 47 21 med
623 547 25 15 en
665 541 41 21 viss
722 541 107 27 skygghet,
845 547 45 15 som
904 541 36 26 jag

114 575 93 18 numera,
230 569 64 21 sedan
319 570 22 20 sä
365 570 75 25 mänga
463 569 67 22 talare
551 569 63 22 hafva
630 570 6 20 i
652 570 64 21 saken
734 570 77 21 uttalat
826 570 38 26 sig,
880 572 59 23 tager

114 598 31 20 till
169 598 67 24 ordet,
258 597 39 22 och
320 599 36 20 det
371 599 22 20 sä
409 598 83 27 mycket
509 605 50 19 mer,
576 604 44 15 som
638 599 39 20 den
694 601 83 18 senaste
793 598 86 24 talaren,
896 598 43 20 lek-

114 629 34 18 tor
163 626 112 24 Johnsson,
292 627 5 20 i
313 627 36 20 det
365 626 47 21 hela
428 627 38 20 har
483 627 77 21 uttalat
576 627 55 20 hvad
644 627 37 26 jag
697 627 54 20 hade
767 629 32 19 att
815 629 56 24 säga.
896 626 44 27 Mig

114 661 61 20 synes
199 655 35 20 det
257 655 103 25 nemligen
379 658 32 18 att
426 656 68 20 denna
510 655 59 27 fräga
584 655 115 26 ingalunda
715 657 24 19 är
754 656 73 21 endast
842 662 25 15 en
884 655 56 21 lokal

114 683 63 26 fräga.
208 683 39 26 Jag
271 685 44 19 tror
338 686 31 18 att
393 684 35 21 det
446 686 23 18 är
485 683 22 21 af
521 690 24 14 en
562 684 41 20 viss
620 684 49 26 vigt,
686 686 31 18 att
733 684 40 20 den
789 684 66 21 finska
871 686 69 18 staten

114 712 99 21 särskildt
236 716 59 22 tager
318 712 51 20 värd
391 718 33 14 om
449 712 25 21 de
490 712 154 26 församlingar,
660 712 72 20 hvilka
748 712 38 20 här
801 715 36 18 äro
853 712 6 20 i
874 712 65 26 fräga,

115 740 38 21 och
176 740 68 25 söker,
268 740 68 21 sävidt
359 741 80 26 möjligt
458 743 29 23 är,
506 740 101 27 befrämja
623 740 120 24 bildningen
759 741 55 20 inom
831 741 53 22 dem,
901 740 39 21 och

115 771 30 18 att
169 769 58 21 detta
249 769 48 20 sker
313 769 27 26 pä
355 775 80 15 samma
450 772 43 18 sätt
509 775 45 15 som
570 770 55 20 inom
643 769 35 21 det
694 769 66 26 öfriga
776 769 75 22 landet,
868 768 73 22 sävida

115 797 34 21 det
165 797 102 26 nemligen
284 798 67 26 gäller
366 797 63 21 behof
444 798 21 20 af
479 797 79 22 skolor.
580 798 40 26 Jag
636 800 46 18 tror
697 798 82 20 derföre
795 800 32 18 att
842 798 35 20 det
891 804 48 14 vore

115 832 24 14 en
156 826 82 26 mycket
254 826 40 26 god
311 826 44 24 sak,
372 832 33 15 om
422 826 36 21 det
474 826 144 25 skolväsende,
635 832 45 15 som
697 832 28 14 nu
741 826 66 21 häller
823 826 26 26 pä
865 828 30 19 att
907 828 34 18 ut-

115 854 72 21 veckla
210 855 30 25 sig
263 855 56 20 inom
344 855 39 21 den
407 854 65 25 öfriga
489 855 61 20 delen
566 854 22 22 af
602 854 78 26 landet,
697 854 61 22 äfven
773 855 67 21 skulle
857 855 84 20 komma

115 885 31 18 att
167 883 84 21 sträcka
267 883 30 25 sig
313 883 30 21 till
361 883 25 21 de
401 883 153 27 församlingar,
570 890 45 14 som
632 883 98 21 bekänna
745 884 31 26 sig
792 883 30 21 till
840 883 39 21 den
895 889 45 20 gre-

115 911 60 21 kiska
190 911 186 21 trosbekännelsen
391 912 38 20 och
439 912 43 26 just
494 912 120 26 derigenom
626 911 62 21 hafva
699 912 53 20 stätt
763 912 38 20 och
812 911 128 21 fortfarande

115 940 32 20 stä
170 940 6 20 i
197 940 87 22 alldeles
300 940 100 21 särskildt
415 940 131 21 förhällande
563 940 55 21 inom
635 940 78 21 landet.
744 940 142 21 Petitionären
903 940 38 20 har

116 968 91 27 tydligen
230 968 54 21 varit
305 968 21 21 af
348 975 80 14 samma
444 969 90 26 mening.
566 969 48 20 Han
630 969 38 20 har
685 969 75 25 begärt
775 968 32 21 för
822 968 119 21 ändamålet

18 1012 1 4 i
115 1000 31 17 tre
169 997 67 21 saker.
268 997 42 21 För
333 997 35 21 det
391 997 71 25 första,
486 999 32 19 att
539 998 56 20 inom
612 997 60 21 dessa
688 997 145 26 församlingar
849 996 92 21 ambula-

18 1039 1 6 |
115 1026 80 20 toriska
218 1025 72 21 skolor
312 1026 68 20 skulle
396 1026 100 24 inrättas;
513 1026 32 20 för
561 1026 35 20 det
612 1026 72 25 andra,
701 1028 32 18 att
748 1026 95 20 lärarene
858 1026 5 20 i
881 1026 60 20 dessa

116 1054 71 20 skolor
209 1054 67 20 skulle
299 1054 138 21 underkastas
461 1061 80 14 samma
564 1054 92 21 kontroll
672 1060 45 15 som
733 1053 208 21 folkskollärarene
928 1049 15 36 i

17 1089 1 6 !
117 1082 70 21 landet
210 1082 149 23 öfverhufvud;
377 1083 38 21 och
431 1083 32 20 för
479 1083 35 21 det
531 1082 67 26 tredje
614 1085 32 18 att
663 1083 60 21 dessa
739 1082 68 21 lärare
823 1082 66 20 skulle
905 1088 37 14 un-

116 1110 116 27 derstödjas
255 1111 47 21 med
326 1111 130 21 statsmedel.
488 1112 79 20 Härvid
588 1117 61 20 synes
666 1112 35 20 det
717 1111 42 26 mig
774 1112 68 20 säsom
859 1110 82 27 petitio-

117 1141 62 18 nären
196 1139 67 20 skulle
279 1139 61 21 hafva
357 1139 96 21 förbisett
469 1146 25 14 en
508 1139 156 26 omständighet
675 1139 22 21 af
708 1139 105 27 synnerlig
824 1139 48 26 vigt,
885 1145 56 14 nem-

116 1167 53 26 ligen
193 1167 72 26 frägan
289 1174 40 16 om,
350 1168 54 20 buru
420 1168 68 21 lärare
504 1168 32 20 för
552 1168 60 21 dessa
628 1168 72 21 skolor
715 1167 60 21 skola
791 1167 95 23 erhällas,
903 1167 38 20 och

114 1196 35 25 jag
171 1198 45 19 tror
238 1197 64 20 ocksä
324 1196 88 25 derföre,
436 1199 32 18 att
490 1196 105 21 allmänna
618 1196 193 21 besvärsutskottet
833 1195 38 21 har
886 1195 55 26 gjort

116 1223 125 27 fullkomligt
257 1227 42 18 rätt
315 1225 51 24 deri,
383 1227 31 18 att
430 1225 36 20 det
481 1226 27 25 pä
519 1224 190 27 lärarebildningen
721 1224 146 21 företrädesvis
879 1223 63 21 fästat

17 1265 2 6 i
116 1252 103 22 afseende.
250 1253 41 20 Det
315 1253 94 21 kommer
432 1253 73 22 härvid
529 1254 17 25 ej
570 1254 24 20 sä
617 1254 83 26 mycket
718 1259 26 14 an
761 1254 26 25 pä
803 1255 30 18 att
849 1252 93 21 ambula-

116 1281 81 21 toriska
211 1281 72 21 skolor
298 1281 73 23 finnas,
388 1282 38 20 och
443 1284 31 19 att
490 1282 62 21 dessa
566 1282 73 21 skolor
650 1281 135 27 möjliggöras
795 1287 72 20 genom
879 1283 62 18 stats-

117 1309 84 26 bidrag;
224 1313 48 17 utan
294 1310 36 26 jag
353 1313 44 18 tror
420 1313 32 18 att
468 1311 35 20 det
519 1317 58 14 mera
593 1311 95 20 kommer
704 1310 65 26 derpä
785 1316 32 18 an,
833 1309 109 20 hurudana

116 1337 68 22 lärare
207 1338 5 20 i
235 1339 45 20 dem
305 1339 71 21 kunna
399 1339 111 21 anskaffas.
540 1339 41 26 Jag
605 1341 44 18 tror
671 1341 31 18 att
718 1339 35 20 det
769 1338 66 21 skulle
851 1343 49 15 vara
916 1343 25 15 en

117 1367 131 26 synnerligen
271 1369 46 18 stor
339 1367 74 26 fördel,
435 1374 33 15 om
493 1368 61 21 dessa
576 1367 68 21 lärare
660 1367 68 21 skulle
744 1373 50 14 vara
810 1366 82 21 bildade
909 1365 33 21 vid

118 1398 30 17 ett
171 1395 303 22 foikskollärareseminarium.
506 1396 48 21 Men
578 1396 78 20 sädana
673 1395 136 22 barnalärare
825 1394 68 21 kunde
910 1394 32 21 väl

117 1423 69 26 ocksä,
207 1424 36 25 jag
263 1424 34 20 vill
313 1430 64 21 gerna
394 1425 102 26 medgifva
513 1425 41 24 det,
571 1424 68 21 bildas
655 1425 34 20 vid
705 1424 40 21 den
761 1423 112 22 Siitoinska
889 1422 53 21 folk-

116 1452 80 21 skolan.
227 1453 58 20 Dock
302 1459 61 20 synes
379 1453 48 27 mig,
444 1455 32 19 att
492 1453 35 21 det
543 1453 17 26 ej
577 1455 23 18 är
616 1455 43 18 rätt
675 1453 101 26 lämpligt,
793 1453 67 20 säsom
873 1451 69 20 lektor

116 1480 106 21 Johnsson
245 1481 64 20 redan
333 1481 38 21 har
395 1484 52 24 sagt,
468 1485 32 17 att
523 1488 47 14 man
587 1481 67 21 skulle
671 1481 126 26 petitionera
813 1487 32 14 om
861 1481 32 18 att
909 1479 33 20 vid

118 1509 67 21 denna
200 1509 59 21 skola
275 1509 81 21 tillfälle
372 1510 67 21 skulle
456 1510 89 21 beredas
560 1510 32 20 för
608 1509 80 21 sädana
705 1509 116 27 ynglingar,
836 1513 45 16 som
895 1507 48 27 vilja

118 1543 52 20 egna
191 1537 31 27 sig
244 1537 22 21 ät
289 1538 38 21 den
352 1538 166 21 ambulatoriska
538 1538 146 26 skoltjensten.
715 1538 40 26 Jag
777 1537 67 21 skulle
860 1536 83 21 derföre

117 1566 64 21 också
203 1566 82 21 biträda
309 1567 69 20 lektor
399 1567 118 21 Johnssons
533 1567 83 25 mening
632 1567 51 25 deri,
700 1569 32 18 att
747 1566 115 26 petitionen
877 1565 66 20 borde
