1117 1817
344 132 162 18 Presteståndet
519 134 55 16 1872.
598 134 23 15 14
632 134 48 20 maj.
851 128 54 20 1079

105 212 108 25 ansenliga
236 212 33 21 del
292 212 22 20 af
336 212 82 21 landets
439 212 122 27 inbyggare,
578 219 44 14 som
640 212 71 21 älskar
727 212 38 21 och
782 213 6 20 i
804 213 27 20 all
847 213 87 20 framtid

105 241 54 22 skall
182 240 60 21 älska
257 240 60 21 detta
332 241 64 26 språk
413 241 38 20 och
468 247 44 14 som
530 241 47 20 med
594 241 123 26 bekymmer
733 240 39 21 och
789 247 36 14 oro
842 243 92 18 emotser

104 270 40 21 den
167 269 99 25 vanvård,
289 275 44 14 som
353 269 62 20 hotar
431 269 136 21 detsamma".
598 269 40 26 Jag
654 269 68 21 skulle
737 269 33 20 för
786 270 40 20 min
844 269 33 20 del
893 272 40 22 tro,

104 300 33 19 att
160 297 98 22 behofvet
277 297 84 21 fordrar
377 298 132 21 inrättandet
525 298 23 21 af
562 304 25 15 en
604 297 95 25 lärostol,
716 304 48 14 vare
781 298 31 25 sig
827 297 106 22 ordinarie

104 327 52 21 eller
179 326 172 21 extraordinarie.
383 327 45 20 Den
451 333 75 14 senare
550 333 56 20 vore,
630 327 67 25 enligt
720 327 42 20 min
786 327 89 26 mening,
892 327 41 20 till-

105 350 86 36 räcklig.
900 370 5 2 -

173 383 61 21 Hvad
256 383 120 21 sedermera
392 383 66 26 angär
476 384 39 21 den
532 383 67 21 andra
615 383 81 26 frägan,
712 383 111 26 huruvida,
839 384 47 21 med
903 389 30 15 er-

105 412 112 21 kännande
239 411 22 22 af
276 411 97 22 behofvet
389 413 22 20 af
425 418 26 15 en
467 412 65 21 sådan
549 412 95 23 lärostol,
660 412 117 21 ständerna
793 413 71 20 derom
881 412 52 21 böra

104 441 134 26 petitionera,
262 441 51 20 eller
336 447 33 14 om
393 446 111 21 omsorgen
526 441 32 20 för
574 441 60 20 detta
650 441 101 20 intresses
766 441 167 26 tillgodoseende

106 469 39 21 bör
161 469 138 21 öfverlemnas
315 469 22 20 ät
353 469 159 22 universitetets
528 470 156 23 consistorium,
700 469 101 21 behöfver
813 470 37 26 jag
865 470 67 25 knap-

106 500 48 24 past
169 499 58 25 säga,
243 500 32 18 att
287 498 37 26 jag
339 498 6 21 i
361 498 89 27 sanning
466 500 24 19 är
506 499 47 24 den,
570 504 44 15 som
631 498 46 21 icke
694 498 96 21 betvitlar
805 501 32 18 att
849 498 24 26 ju
885 504 48 15 con-

106 527 106 20 sistorium
236 529 70 24 troget
328 526 106 27 uppfyller
454 528 30 19 sin
501 527 51 26 pligt
570 527 46 20 med
633 527 101 20 afseende
749 527 12 20 ä
777 527 38 20 allt
830 527 55 20 hvad
901 526 32 21 till

105 555 39 20 den
161 555 137 21 akademiska
313 555 177 26 undervisningen
507 556 70 22 hörer,
594 555 38 21 och
649 557 32 19 att
697 555 36 21 det
743 555 46 21 icke
801 555 53 21 skall
867 555 66 26 draga

105 584 6 21 i
134 584 133 20 betänkande
290 586 33 19 att
344 584 87 26 vidtaga
453 584 81 21 sädana
556 584 107 26 ätgärder,
680 590 44 15 som
741 584 72 21 kunna
829 584 56 27 tjena
901 584 32 20 till

106 612 93 27 fyllande
221 613 22 20 af
264 613 26 20 de
314 612 69 25 behof,
408 613 71 20 hvilka
502 615 51 24 göra
574 613 31 26 sig
620 612 98 27 gällande
735 613 198 21 dersammastädes.

105 641 55 26 Men,
176 641 68 20 säsom
261 641 36 21 det
312 647 61 21 synes
389 641 23 21 af
426 641 50 21 herr
491 641 64 21 Reins
571 642 31 20 till
619 641 116 22 utskottets
755 641 132 21 betänkande
903 641 31 21 fo-

105 670 54 26 gade
174 670 136 25 reservation,
328 670 109 20 betraktar
452 671 148 19 universitetet
616 670 36 20 det
667 670 89 20 relativa
767 670 98 20 behofvet
876 676 58 14 mera

106 704 26 15 ur
147 698 39 21 den
198 700 47 18 rent
256 698 161 27 vetenskapliga
426 698 143 26 synpunkten,
580 698 39 21 och
631 698 122 26 derigenom
765 698 40 21 kan
818 698 35 21 det
864 698 70 21 hända

106 729 32 19 att
153 726 147 22 consistorium
317 733 62 15 anser
395 727 143 26 professioner
552 728 7 20 i
570 727 109 26 åtskilliga
691 727 140 26 vetenskaper
844 726 90 21 behöfva

105 756 98 24 inrättas,
225 755 64 21 innan
313 755 34 21 det
369 756 95 20 besluter
486 756 32 26 sig
540 756 34 20 för
597 762 24 14 en
639 756 116 26 profession
772 762 5 14 i
795 756 33 20 det
844 756 91 20 svenska

106 784 92 26 språket.
228 783 40 27 Jag
290 784 67 20 skulle
381 784 97 21 deremot
500 791 50 14 anse
571 787 32 17 att
626 785 33 19 vid
685 784 141 21 bedömandet
843 784 23 20 af
879 784 55 21 före-

105 812 93 21 varande
221 812 60 26 fräga
302 812 61 21 äfven
386 819 26 14 en
431 819 69 14 annan
516 813 114 27 synpunkt,
646 815 27 18 än
690 813 40 21 den
747 815 47 18 rent
809 813 125 26 vetenskap-

105 841 47 27 liga,
175 841 38 21 bör
236 843 52 24 göra
309 842 30 26 sig
355 842 107 26 gällande;
480 848 24 14 en
521 842 113 26 synpunkt,
651 842 86 20 hvilken
750 841 37 27 jag
802 841 63 21 ocksä
881 841 53 27 tagit

107 871 42 25 mig
164 869 90 21 friheten
271 872 32 18 att
318 870 6 20 i
341 870 36 20 det
391 870 128 26 föregäende
535 871 65 19 redan
616 870 85 26 antyda.
732 870 41 26 Jag
788 876 73 14 menar
876 872 58 18 näm-

106 898 55 27 ligen
183 900 32 18 att
236 898 72 26 frägan
333 898 38 21 bör
395 898 101 21 bedömas
518 899 61 20 äfven
601 905 25 15 ur
642 899 93 21 nationel
751 899 112 26 synpunkt.
894 899 41 25 Jag

106 930 34 18 vet
163 929 32 18 att
217 926 76 27 många
311 927 62 21 skola
388 929 57 19 stöta
460 928 32 26 sig
508 928 34 20 vid
558 928 62 20 ordet
636 928 126 26 ,nationel*,
778 934 45 14 men
838 927 37 27 jag
891 930 42 18 tve-

106 956 38 20 kar
167 955 63 21 likväl
253 956 45 20 icke
314 958 32 18 att
362 956 68 20 uttala
446 956 42 20 det.
519 956 41 26 Jag
576 956 38 20 har
630 956 65 20 redan
711 956 76 26 antydt
802 958 31 18 att
848 958 87 18 namnet

107 984 90 21 Finland
218 984 67 26 gifver
309 984 104 21 tillkänna
436 987 31 18 att
491 985 37 20 det
543 986 25 19 är
584 985 89 25 finskan,
690 991 44 14 som
750 986 24 19 är
790 984 81 21 landets
887 984 48 21 huf-

106 1012 113 26 vudspräk,
244 1012 80 21 hvilket
347 1013 64 21 också
430 1013 55 21 talas
501 1013 21 21 af
537 1014 40 20 den
595 1016 79 18 största
690 1013 61 21 delen
767 1012 23 21 af
805 1013 82 21 landets
902 1013 33 20 in-

107 1042 99 26 byggare.
236 1041 48 21 Men
307 1041 90 21 Finland
421 1042 38 20 har
483 1042 65 20 likväl
571 1048 25 14 en
618 1042 65 20 talrik
707 1042 76 20 svensk
806 1041 129 27 befolkning,

107 1070 63 20 hvars
190 1070 94 20 förfäder
307 1071 6 20 i
337 1070 148 21 ärhundraden
505 1070 63 21 hafva
584 1071 48 20 bott
648 1070 45 21 här.
724 1070 75 21 Denna
815 1070 120 26 befolkning

106 1100 63 25 utgör
191 1098 64 21 ocksä
278 1105 25 13 en
327 1099 33 21 del
384 1098 23 21 af
428 1099 83 21 landets
534 1099 108 25 invänare,
666 1100 39 20 den
731 1101 62 25 utgör
815 1105 25 14 en
856 1099 80 25 nation,

106 1126 83 21 boende
204 1127 55 20 inom
276 1127 96 20 Finland.
403 1127 39 21 Om
458 1128 40 20 den
515 1128 64 20 också
594 1128 47 20 icke
657 1128 39 20 hör
713 1128 30 20 till
761 1128 38 20 den
816 1127 67 20 finska
899 1134 36 13 na-

106 1156 79 24 tionen,
208 1155 23 20 sä
252 1155 39 21 har
307 1156 39 20 den
363 1156 63 20 likväl
443 1156 107 21 nationela
567 1156 65 21 behof
646 1156 39 21 och
701 1156 108 21 nationela
825 1156 110 25 intressen,

107 1184 70 20 hvilka
198 1184 114 26 ingalunda
327 1184 20 21 fä
363 1185 7 20 i
385 1184 90 21 Finland
492 1184 96 21 förbises.
620 1185 77 20 Männe
713 1185 35 20 det
764 1185 27 20 dä
807 1190 49 15 vore
871 1185 64 24 orätt,

107 1219 33 14 om
164 1212 81 21 landets
269 1213 86 20 ständer
378 1213 67 20 skulle
464 1213 56 26 gifva
536 1213 76 21 liksom
629 1216 31 18 ett
676 1213 47 21 stöd
740 1213 22 20 ät
778 1213 157 20 universitetets

107 1241 88 26 styrelse
211 1241 39 20 och
267 1241 47 20 dess
330 1242 126 26 tillgörande
472 1242 48 20 med
537 1241 99 21 afseende
653 1242 12 20 å
681 1242 122 20 inrättande
818 1241 22 20 af
851 1247 25 14 en
889 1247 46 20 pro-

106 1269 78 21 fession
200 1269 6 21 i
223 1270 89 21 svenska
328 1271 97 25 spräket;
442 1277 26 14 en
484 1271 76 25 ätgärd
577 1277 45 14 som
640 1272 24 19 är
680 1270 23 21 af
717 1270 99 21 behofvet
828 1269 107 26 päkallad,

106 1298 46 21 icke
174 1298 91 21 allenast
291 1305 24 14 ur
338 1302 47 17 rent
409 1299 152 26 vetenskaplig,
584 1301 52 18 utan
658 1299 65 21 också
738 1305 25 14 ur
779 1298 93 21 nationel
888 1304 47 20 syn-

106 1327 74 26 punkt,
203 1327 6 20 i
233 1327 39 20 den
296 1327 89 26 mening,
402 1327 37 27 jag
454 1334 29 14 nu
499 1327 39 21 har
553 1328 55 25 tagit
623 1327 61 21 ordet
700 1327 109 21 nationel?
838 1327 40 26 Jag
894 1327 41 20 kan

107 1355 127 21 åtminstone
257 1356 33 20 för
313 1356 42 20 min
379 1356 33 21 del
434 1356 46 21 icke
504 1359 66 18 annat
588 1358 26 18 än
631 1356 108 27 tillstyrka
755 1355 59 22 bifall
829 1356 33 20 till
878 1355 57 20 såväl

107 1384 39 20 den
162 1384 57 20 inom
235 1384 149 27 ridderskapet
400 1385 38 20 och
455 1385 62 20 adeln
534 1391 45 14 som
596 1385 39 20 den
652 1385 6 20 i
671 1384 175 27 borgareständet
859 1384 76 20 väckta

106 1412 116 27 petitionen
239 1419 33 14 om
289 1413 120 21 inrättande
426 1413 22 20 af
463 1419 25 14 en
505 1413 41 21 fast
562 1413 89 21 lärostol
671 1414 5 19 i
694 1413 89 21 svenska
799 1412 87 27 språket
901 1411 35 21 vid

106 1441 83 21 landets
205 1441 131 24 universitet,
352 1441 39 21 och
407 1448 63 14 anser
486 1441 37 27 jag
533 1444 33 18 att
577 1443 69 20 denna
660 1442 127 26 lärareplats
798 1441 55 21 helst
865 1440 70 21 kunde

106 1475 51 15 vara
173 1476 24 14 en
214 1470 172 21 extraordinarie.
