1117 1817
219 142 42 22 684
431 146 163 18 Presteståndet
607 147 54 17 1872.
687 147 22 17 16
722 146 59 22 april.

191 227 94 22 varande
309 226 107 27 landtdag,
436 227 67 21 måtte
518 226 86 27 vidtaga
619 227 100 26 åtgärder
734 232 34 15 om
784 226 109 27 byggande
909 226 21 21 af
943 226 77 26 ifråga-

191 256 93 21 varande
306 255 55 21 bana
384 255 387 22 Tavastehus—Tammerfors—Åbo.
802 255 43 21 För
867 254 114 22 anvisande
999 253 23 22 af

190 284 79 27 nödiga
285 283 67 22 medel
368 283 66 22 borde
450 283 74 26 frågan
541 283 54 21 dock
612 283 121 22 remitteras
748 283 32 22 till
795 283 166 22 statsutskottet.

260 341 91 20 Prosten
375 340 171 27 Rosengren:
569 340 41 27 Jag
633 339 84 22 förenar
739 340 42 27 mig
797 340 48 21 med
861 342 85 25 prosten
962 339 58 28 Hjelt

189 369 42 22 och
254 369 27 22 de
304 369 64 21 värde
384 369 74 24 talare,
474 375 46 14 som
534 369 66 26 jemte
616 369 78 21 honom
710 369 63 21 hafva
787 368 101 25 förordat,
905 371 32 19 att
952 369 68 21 denna

189 398 60 26 fråga
271 397 69 22 skulle
362 397 98 22 hänvisas
484 397 31 20 till
538 397 167 26 statsutskottet,
729 397 40 22 och
792 397 35 21 det
848 398 27 25 på
891 397 39 22 den
945 397 74 26 grund,

191 427 70 21 såsom
277 426 64 21 redan
358 428 24 19 är
397 427 94 23 nämndt,
508 427 32 20 att
556 432 49 15 man
621 426 17 26 ej
656 426 41 21 kan
713 427 64 20 vänta
787 428 31 19 att
829 425 32 22 till
873 426 67 21 denna
951 425 69 21 landt-

190 455 42 26 dag
255 455 131 26 proposition
409 454 6 21 i
436 456 72 20 ämnet
523 461 88 14 numera
626 454 75 21 hinner
717 454 100 21 utfärdas.
849 454 43 21 För
907 454 62 26 öfrigt
984 460 36 15 an-

191 483 68 22 håller
273 483 36 26 jag
325 485 32 19 att
372 483 20 21 få
407 485 59 25 yttra
481 483 66 26 några
563 483 38 21 ord
618 489 33 15 om
668 483 73 26 sjelfva
757 483 80 26 frågan.
867 483 10 21 I
889 483 88 21 motsats
987 481 32 22 till

192 512 78 21 doktor
286 511 113 27 Hornborg
415 512 40 21 kan
470 512 36 27 jag
522 511 17 26 ej
557 512 71 26 undgå
644 514 32 19 att
691 517 50 16 anse
757 511 26 22 de
793 511 170 27 sifferuppgifter,
974 517 45 16 som

191 541 74 20 rektor
289 540 95 21 Hallstén
407 540 39 21 här
470 541 38 21 har
530 539 121 25 framställt,
675 547 50 14 vara
747 539 22 22 af
783 540 107 27 synnerlig
905 539 114 28 betydelse,

191 569 68 21 ehuru
272 569 36 26 jag
324 569 17 26 ej
358 569 6 20 i
379 569 65 21 saken
460 569 72 26 skiljer
548 569 42 26 mig
605 569 47 20 från
668 568 41 21 alla
725 569 26 20 de
767 568 74 25 talare,
857 575 44 14 som
918 568 102 21 ifrämsta

192 599 95 20 rummet
305 597 62 21 hafva
382 597 95 22 förordat
492 597 304 22 Tavastebus—Tammerfors
812 597 38 21 och
867 592 153 26 Åbo—VWiiala

193 626 78 21 banors
287 625 116 27 byggande.
435 627 62 21 Hvad
514 626 72 21 rektor
601 625 97 22 Hallstén
712 626 39 21 har
761 627 74 26 yttrat,
845 626 83 27 bevisar
939 626 80 24 endast,

191 657 34 18 att
240 654 163 26 fortsättningen
418 655 22 21 af
451 655 115 26 jernvägen
583 654 45 21 från
645 654 142 21 Tammerfors
803 654 23 21 åt
841 653 139 22 Österbotten
996 656 25 19 är

192 689 26 15 en
243 683 24 21 så
283 682 65 26 vigtig
363 683 44 24 sak,
423 686 31 18 att
471 683 39 21 den
526 682 115 26 ingalunda
657 682 39 22 bör
711 682 135 27 uppskjutas;
863 689 46 15 men
926 683 13 21 å
953 682 67 22 andra

191 711 60 21 sidan
273 717 63 15 anser
355 711 43 27 jag,
414 714 32 19 att
462 718 47 14 man
526 711 18 27 ej
562 711 38 21 bör
616 711 69 27 bygga
700 712 65 26 något
781 711 46 21 från
843 717 25 15 en
885 713 57 19 orätt
957 711 63 23 ända,

191 742 52 18 utan
268 740 46 20 från
340 739 39 21 den
401 742 63 24 rätta,
488 740 38 21 och
550 742 38 23 att,
612 742 39 18 när
674 746 25 14 en
712 740 89 26 jernväg
817 739 84 27 bygges,
918 746 47 14 man
981 740 39 20 bör

192 768 61 26 börja
277 768 46 21 från
345 769 40 20 den
401 769 73 27 punkt,
489 769 31 21 dit
535 774 91 15 varorna
641 768 60 21 skola
717 768 81 24 forslas,
815 768 30 21 dit
861 768 89 21 trafiken
966 768 53 21 skall

192 796 85 22 samlas.
307 796 10 22 I
341 799 87 19 motsats
451 797 32 21 till
500 797 78 21 doktor
593 796 121 27 Hornborg,
729 803 46 15 som
791 796 62 22 ledde
869 797 107 25 tonvigten
993 796 27 26 på

193 829 32 17 att
241 825 40 21 den
297 825 68 21 skulle
381 825 78 27 byggas
475 826 45 20 från
536 825 77 21 Wiiala
628 825 32 21 till
676 820 54 31 Åbo,
741 832 62 14 anser
813 825 37 26 jag
860 827 31 19 att
902 826 40 20 den
954 825 66 21 borde

193 853 79 27 byggas
287 853 46 22 från
349 846 49 29 Åbo
413 854 31 21 till
460 854 84 24 Wiiala;
561 856 22 24 ty
600 854 36 21 det
651 856 24 19 är
690 854 29 22 så,
736 857 32 18 att
783 856 39 18 när
837 860 25 14 en
876 854 88 26 jernväg
975 853 45 27 pla-

193 888 68 20 neras,
277 883 24 21 så
316 882 67 21 måste
399 889 47 15 man
463 882 147 26 ovillkorligen
626 882 62 22 hafva
701 882 98 22 afseende
815 883 27 25 på
857 885 32 19 att
904 882 47 24 den,
967 882 52 21 lika-

193 916 46 15 som
263 917 26 15 en
305 910 106 27 pulsåder,
426 911 40 21 har
480 912 31 20 sin
528 911 106 26 naturliga
650 911 117 27 ändpunkt.
798 911 33 21 Nu
847 910 38 22 har
901 911 40 21 den
957 910 63 22 södra

191 939 128 21 stambanan
342 939 31 21 sin
396 940 104 26 naturliga
522 940 112 26 slutpunkt
659 940 5 20 i
681 940 31 21 S:t
728 939 135 27 Petersburg,
881 946 46 14 men
943 939 77 21 saknar

194 968 39 20 den
254 968 73 26 andra,
343 974 45 15 som
404 969 67 21 måste
486 975 51 15 vara
552 968 6 21 i
594 968 36 25 Åbo;
648 968 5 20 i
670 968 66 21 likhet
751 968 48 21 med
815 968 135 26 domprosten
964 968 55 20 Ren-

193 996 41 20 vall
257 1002 62 16 anser
339 997 42 26 jag,
403 999 32 19 att
458 997 41 21 den
522 997 17 27 ej
556 996 40 22 bör
611 997 27 26 gå
653 997 6 20 i
676 1003 25 15 en
717 997 38 21 rak
771 996 55 26 linie,
844 999 50 19 utan
911 997 67 20 måste
993 996 27 26 gå

192 1024 55 21 förbi
271 1025 26 21 de
319 1025 69 21 lokala
409 1025 87 21 hindren
513 1026 39 21 och
568 1027 57 19 rätta
641 1026 31 26 sig
688 1025 53 21 efter
756 1025 67 21 andra
838 1031 122 21 gynsamma
976 1030 43 16 om-

192 1053 151 27 ständigheter.
375 1054 72 21 Såsom
464 1054 39 21 här
518 1054 65 21 redan
600 1056 24 18 är
640 1054 101 25 bevisadt,
758 1053 83 27 upphör
857 1054 18 26 ej
892 1054 68 20 denna
971 1053 48 21 linie

190 1081 48 21 från
255 1082 32 21 S:t
303 1082 128 26 Petersburg
446 1082 32 22 till
513 1083 27 21 Åbo
556 1085 32 19 att
604 1088 51 15 vara
670 1082 113 22 stambana
799 1083 26 25 på
841 1082 40 21 den
896 1082 76 26 grund,
988 1084 31 18 att

193 1110 40 20 den
258 1112 39 25 gör
313 1117 24 15 en
354 1110 69 22 vinkel
438 1111 45 21 från
500 1111 114 21 Riihimäki
630 1111 31 21 till
678 1111 131 21 Tavastehus
825 1111 38 21 och
880 1110 91 22 derifrån
987 1110 33 21 till

192 1137 77 22 Wiiala
291 1139 39 21 och
353 1139 64 21 sedan
433 1139 109 22 fortsättes
558 1139 46 22 från
621 1139 75 22 Wiiala
712 1139 31 21 till
779 1139 33 21 Åbo.
844 1139 48 21 Men
905 1139 37 26 jag
957 1145 63 14 anser

193 1169 32 18 att
248 1167 48 21 hela
317 1169 66 25 vägen
399 1167 68 22 skulle
482 1174 50 15 vara
548 1168 88 21 alldeles
652 1168 150 27 improduktiv,
819 1173 33 16 om
869 1174 48 15 man
933 1167 87 26 började

193 1195 68 27 bygga
285 1196 39 21 den
340 1196 46 21 från
401 1196 82 23 Wiiala,
500 1196 30 21 till
548 1197 47 21 dess
612 1197 39 20 den
669 1196 67 21 blefve
752 1196 67 27 färdig
834 1197 32 20 till
882 1189 53 28 Åbo.
966 1196 54 21 Der-

192 1226 57 19 emot
271 1224 40 21 kan
335 1225 40 21 den
398 1225 105 26 begagnas
526 1225 7 20 i
557 1225 41 21 den
619 1226 48 20 mån
685 1225 39 21 den
740 1225 75 21 blifver
831 1225 74 26 färdig,
921 1231 34 14 om
972 1231 48 14 man

192 1251 72 28 börjar
287 1253 68 27 bygga
376 1253 39 21 den
438 1253 47 22 från
506 1254 91 21 hamnen
620 1255 74 26 uppåt,
715 1254 40 21 och
772 1254 26 21 då
813 1253 63 22 hafva
891 1253 25 21 de
932 1253 88 26 trakter,

191 1286 46 15 som
257 1281 56 26 ligga
336 1284 51 19 nära
407 1282 114 27 jernvägen
544 1283 66 20 redan
634 1285 60 24 nytta
718 1282 65 25 deraf,
799 1282 63 21 innan
879 1282 39 21 den
935 1284 23 18 är
973 1281 47 21 fullt

192 1308 75 27 färdig.
297 1310 40 26 Jag
351 1310 85 21 förenar
451 1310 43 27 mig
508 1311 100 26 slutligen
625 1311 49 21 med
690 1311 25 20 de
730 1311 74 25 talare,
821 1317 45 14 som
881 1310 63 27 yrkat
959 1312 61 19 ären-

192 1337 46 21 dets
262 1338 154 27 hänskjutande
438 1339 32 21 till
492 1340 162 21 statsutskottet
678 1339 39 22 och
741 1339 35 20 vill
799 1341 83 24 nämna,
904 1341 32 18 att
948 1339 37 26 jag
1001 1338 17 26 ej

191 1365 69 22 skulle
283 1367 66 21 önska
371 1369 32 19 att
424 1369 64 25 något
510 1367 92 22 enskildt
618 1368 63 26 bolag
696 1368 84 21 komme
796 1370 32 19 att
846 1367 108 26 öfvertaga
969 1367 51 26 byg-

193 1395 87 25 gandet,
303 1395 93 22 hvarken
417 1396 21 21 af
459 1397 69 20 denna
548 1396 52 22 eller
623 1397 70 26 någon
711 1402 69 15 annan
797 1398 45 25 väg,
858 1395 127 22 åtminstone
1001 1395 18 26 ej

192 1429 37 19 nu;
253 1426 51 19 utan
327 1424 95 21 förordar
441 1425 43 26 jag,
504 1428 33 18 att
553 1425 41 21 den
612 1426 34 20 må
662 1425 78 27 byggas
756 1425 27 26 på
798 1427 81 19 statens
895 1423 125 26 bekostnad,

188 1447 43 57 je
255 1454 32 19 att
302 1453 159 22 statsutskottet
477 1453 67 22 skulle
560 1454 74 21 anvisa
650 1453 75 26 medel,
741 1453 48 22 med
805 1453 72 21 hvilka
893 1453 39 21 den
950 1452 70 21 kunde

205 1486 72 21 ysgas.
