1117 1817
214 128 42 21 910
443 133 162 18 Presteständet
618 134 56 16 1872.
699 134 12 16 2
723 133 48 21 maj.

254 213 51 21 Vice
321 215 88 24 pastorn
424 214 104 20 Lilius
544 213 72 21 anhöll
632 214 75 20 härvid
720 220 34 14 om
768 214 63 20 ordet
841 213 39 21 och
892 212 121 23 förmenade

184 243 33 20 att
240 241 126 22 ständernas
381 248 48 15 svar
444 241 28 27 pä
487 242 41 20 den
544 242 76 26 nädiga
636 242 159 26 propositionen
811 242 46 21 icke
874 242 65 21 borde
955 243 59 20 inne-

184 269 58 22 hälla
259 272 31 19 ett
306 270 24 21 sä
345 270 124 27 obetingadt
484 270 68 27 afslag
564 277 44 14 som
620 271 145 20 betänkandet
775 270 96 25 föreslär,
885 272 51 19 utan
948 271 66 20 borde

183 299 118 21 ständerna
323 301 91 19 tvärtom
438 299 131 21 öfverlemna
592 299 22 21 ät
636 299 110 26 styrelsen,
770 301 39 22 att,
829 299 44 21 ifall
890 301 31 18 ett
936 299 78 21 fördel-

183 327 70 26 aktigt
277 327 72 21 anbud
370 334 33 15 om
419 327 121 26 inköpande
556 328 23 21 af
589 328 142 26 jernvägarne
746 327 91 27 gjordes,
855 328 118 20 bestämma
988 327 27 22 de

184 356 76 25 vilkor,
277 355 27 27 pä
319 356 72 21 hvilka
407 356 107 21 desamma
530 356 71 21 kunde
616 355 102 27 försäljas.
741 356 32 21 S:t
788 355 226 27 Petersburg—Riihi-

184 385 57 20 mäki
256 384 89 27 jernväg
360 385 62 25 hade,
438 385 70 21 säsom
524 385 5 20 i
546 385 145 20 betänkandet
706 384 118 27 uppgifves,
835 385 72 21 kostat
917 385 97 26 omkring

184 413 28 21 34
227 413 99 26 miljoner
342 413 66 26 mark,
424 413 142 21 inberäknadt
581 413 108 27 upplupen
705 415 67 19 ränta.
797 413 32 21 En
843 413 23 21 sä
877 417 45 17 stor
932 419 83 15 summa

184 441 72 21 kunde
279 441 74 21 landet
368 430 45 33 icke
429 441 23 22 sä
468 442 40 21 lätt
524 442 114 26 disponera
654 442 64 25 öfver,
735 448 48 15 men
799 448 75 20 genom
891 441 123 32 försäljning

185 469 24 22 af
230 469 192 28 statsjernvägarne
446 471 104 20 bereddes
566 471 72 20 landet
654 470 68 21 medel
738 473 33 18 att
787 470 71 21 utföra
873 471 72 20 vidare
958 470 56 26 jern-

184 498 183 27 vägsbyggnader,
391 499 70 21 hvilka
484 505 50 15 voro
556 499 24 21 af
600 499 80 21 erkänd
698 499 43 26 vigt
757 499 39 21 och
812 501 61 25 nytta
888 499 32 21 för
936 499 78 20 landet.

183 527 90 21 Talaren
302 527 80 26 yrkade
412 528 83 21 derföre
526 527 27 27 pä
582 528 100 21 ärendets
712 516 122 33 återremiss
858 528 32 21 till
906 533 107 16 samman-

185 557 57 20 satta
267 557 62 20 stats-
345 556 39 21 och
403 556 205 21 ekonomiutskottet
624 557 32 20 för
672 558 31 19 att
719 557 54 26 ånyo
789 556 117 21 behandlas
921 557 6 20 i
943 556 36 21 det
994 555 23 22 af

184 583 124 22 talmannen
324 585 94 26 antydda
433 584 60 27 syfte.

255 641 143 26 Domprosten
421 641 75 27 Borg
519 641 66 27 ansäg
608 643 39 23 att,
664 641 26 21 dä
706 641 40 22 den
762 641 77 27 nädiga
854 641 157 26 propositionen

185 669 94 21 innehöll
302 676 26 14 en
351 669 60 27 fräga
432 670 104 20 huruvida
559 671 115 19 ständerna
690 670 48 20 ville
754 670 69 20 tilläta
838 670 138 26 försäljandet
991 669 25 21 af

184 698 196 26 statsjernvägarna
403 698 51 21 eller
476 698 52 26 icke,
546 698 70 22 kunde
632 699 127 20 ständernas
775 705 48 14 svar
841 698 63 21 blifva
919 698 43 21 lika
977 698 37 20 be-

184 726 81 22 stämdt
287 726 108 22 afsläende
415 733 43 15 som
476 726 121 22 bifallande.
628 727 32 21 Dä
676 727 106 21 utskottet
797 728 6 20 i
819 727 38 21 sitt
873 727 141 24 betänkande,

183 755 66 26 enligt
271 755 55 21 hvad
349 755 81 21 talaren
454 756 70 20 kunde
546 756 64 25 finna,
636 756 71 20 anfört
732 756 106 20 bindande
857 756 48 20 skäl
928 755 33 21 för
980 755 31 21 af-

185 784 45 26 slag
253 784 40 20 och
315 783 85 22 ständet
422 784 60 21 äfven
506 784 56 21 klart
584 784 60 26 insäg
668 784 53 26 dem,
745 784 94 21 önskade
854 784 81 21 talaren
951 784 63 20 fram-

185 812 106 21 ställande
307 812 22 21 af
343 812 137 27 proposition.

253 869 32 21 Pä
307 869 73 22 derom
403 869 22 21 af
445 870 50 20 herr
516 870 178 21 talmannen
717 870 61 26 gjord
793 869 161 27 framställning,
971 868 45 22 blef

186 897 144 22 betänkandet
351 898 23 20 af
395 898 85 22 ständet
501 898 111 27 godkändt
629 899 47 20 med
693 898 109 22 obestridd
818 898 120 27 pluralitet;
955 900 59 18 emot

185 926 82 22 hvilket
283 926 70 22 beslut
368 927 44 21 vice
427 929 87 24 pastorn
530 928 104 20 Lilius
649 927 98 21 anmälde
764 927 136 21 reservation.

254 982 95 22 Beslutet
365 983 67 21 skulle
448 984 90 21 medelst
552 984 197 26 protokollsutdrag
761 984 102 26 delgifvas
875 984 137 21 medständen

185 1012 39 21 och
241 1014 153 19 sammansatta
409 1014 62 20 stats-
487 1012 39 21 och
542 1012 211 22 ekonomiutskottet.

253 1155 121 26 Föredrogs
397 1155 152 26 lagutskottets
572 1155 34 21 vid
628 1155 128 27 föregäende
775 1154 158 22 sammanträde
949 1155 63 20 bord-

184 1183 63 26 lagda
271 1171 134 34 betänkande
428 1184 6 20 i
456 1184 114 27 anledning
594 1184 22 21 af
630 1184 27 21 H.
673 1184 26 21 K.
716 1184 50 21 M:ts
782 1183 77 27 nädiga
874 1183 139 27 proposition,

183 1212 110 27 angäende
315 1213 89 26 ändring
425 1213 7 20 i
454 1213 146 26 stadgandena
616 1219 33 14 om
666 1213 53 20 börd
735 1215 55 18 samt
805 1212 153 21 viderboendes
974 1211 39 22 och

185 1241 67 21 nabos
268 1241 145 26 lösningsrätt.

254 1297 67 22 Ordet
335 1297 104 27 begärdes
455 1298 54 21 först
524 1298 24 21 af

252 1353 91 22 Prosten
365 1354 183 27 Durchman,
572 1361 45 15 som
638 1355 65 26 ansäg
723 1355 26 20 de
765 1355 90 20 motiver
871 1356 87 24 prosten
973 1354 42 21 Ro-

183 1389 90 20 sengren
297 1383 6 20 i
326 1383 31 21 sin
378 1385 44 19 mot
438 1383 144 22 betänkandet
597 1383 79 27 afgifna
692 1383 130 21 reservation
839 1383 70 21 anfört
925 1389 50 14 vara
990 1382 25 21 sä

183 1411 198 27 behjertansvärda,
405 1414 31 18 att
457 1413 159 20 reservationen
632 1419 50 14 vore
697 1412 89 27 förtjent
801 1411 22 22 af
837 1413 32 20 att
885 1414 60 24 tagas
961 1412 6 19 i
983 1411 31 20 öf-

183 1441 134 25 vervägande
339 1440 35 21 vid
397 1441 99 21 ärendets
512 1441 123 26 afgörande.
665 1441 156 20 Reservantens
837 1440 80 26 förslag
931 1442 33 18 att
978 1440 7 20 i
1003 1440 9 20 1

183 1468 11 27 8
218 1469 12 20 6
253 1469 48 26 kap.
324 1469 19 21 J.
367 1469 24 20 B.
413 1469 71 21 säsom
499 1469 117 22 bördemän
632 1469 65 21 borde
713 1471 106 25 upptagas
835 1469 61 21 äfven
912 1468 103 27 säljarens

182 1497 79 26 syskon
277 1497 74 26 skulle,
367 1503 35 16 om
418 1498 36 21 det
468 1500 95 25 antages,
589 1498 65 27 enligt
676 1498 94 21 talarens
795 1498 55 27 äsigt
875 1497 88 26 bidraga
983 1498 33 19 att

182 1525 57 22 fästa
261 1526 80 21 sädana
363 1526 152 22 anförvandter
533 1527 34 20 vid
584 1527 40 21 den
640 1526 75 26 torfva,
732 1527 27 26 pä
775 1526 73 21 hvilka
864 1527 26 20 de
905 1525 110 28 uppvuxit.
