1117 1817
212 120 42 20 942
433 124 161 18 Presteståndet
607 126 55 16 1872.
688 126 13 16 4
712 125 48 21 maj.

185 205 25 21 de
232 204 168 22 ambulatoriska
422 204 150 22 skollärarene.
604 204 73 22 Skulle
699 204 18 21 vi
742 204 77 26 bevilja
835 204 73 27 anslag
923 204 31 21 för
969 210 43 14 am-

184 233 133 21 bulatoriska
339 232 115 21 skollärare
471 233 5 20 i
493 233 25 20 de
534 233 160 26 grekisk-ryska
709 233 182 25 församlingarna,
907 233 23 21 så
945 231 68 22 skulle

185 262 19 20 vi
220 263 52 24 göra
288 262 102 20 orättvisa
405 262 22 20 åt
442 261 26 20 de
483 261 111 21 lutherska
609 261 181 25 församlingarna,
807 261 27 21 då
850 261 25 21 de
891 261 18 26 ej
925 261 32 21 för
967 261 47 20 sina

184 289 167 22 ambulatoriska
374 289 116 21 skollärare
506 290 19 20 få
541 291 65 25 något
622 289 205 27 bevillningsanslag.
860 289 47 22 Men
923 290 18 26 ej
959 289 54 21 blott

185 319 68 20 denna
276 318 101 21 orättvisa
401 318 66 21 skulle
490 318 122 26 derigenom
628 317 74 27 finnas,
718 321 51 18 utan
786 324 33 15 om
835 318 20 21 vi
871 319 66 20 skulle
955 317 59 27 börja

185 347 92 26 dermed,
300 347 23 20 så
346 346 68 21 skulle
436 346 209 27 bevillningsmedlen
662 347 17 26 ej
697 353 56 14 mera
769 346 65 22 förslå
849 347 32 20 för
896 347 55 20 fasta
965 347 47 20 sko-

184 375 38 21 lor.
246 375 31 27 Ty
293 375 25 20 de
333 375 98 26 grekiska
446 375 176 26 församlingarna
638 377 37 19 äro
691 375 23 21 så
729 376 78 25 många
818 377 32 19 att
863 375 67 21 skulle
941 375 71 26 hvarje

183 403 28 28 by
227 403 78 26 begära
321 406 58 19 extra
395 403 78 26 anslag,
489 404 23 20 så
528 403 69 21 skulle
613 403 36 21 det
664 403 40 21 lätt
721 404 71 21 kunna
808 404 54 26 stiga
877 404 32 21 till
923 404 91 25 100,000

184 432 59 21 mark
260 432 39 21 och
315 432 47 21 leda
377 432 32 21 till
425 432 87 27 mycken
524 432 172 21 missbelåtenhet
707 432 32 21 för
750 432 156 26 lutheranerna,
917 432 38 21 och
967 432 46 21 der-

184 461 32 20 till
231 460 68 21 skulle
316 461 25 20 de
357 461 61 20 hafva
433 460 52 21 skäl.
515 460 40 27 Jag
572 461 38 20 har
624 461 90 21 sålunda
729 461 45 20 skäl
791 464 38 22 att,
845 461 24 21 så
881 461 131 26 behjertans-

184 489 65 21 värda
273 489 63 21 också
357 489 26 21 de
405 489 159 26 grekisk-ryska
588 489 186 26 församlingarnas
799 489 94 21 tillstånd
909 492 30 22 är,
955 491 57 18 rösta

184 520 57 18 emot
265 517 46 21 dem
332 524 45 14 som
401 517 65 21 önska
482 520 32 18 att
529 517 21 21 få
565 517 114 26 bevillning
695 518 32 20 för
743 519 25 20 de
784 517 165 22 ambulatoriska
964 517 47 21 sko-

183 545 68 22 lorna.
282 545 143 22 Petitionären
448 546 38 21 har
509 545 61 22 äfven
594 546 63 21 bland
681 546 45 21 sina
745 546 45 21 skäl
807 547 70 20 anfört
892 547 68 20 såsom
976 546 36 21 det

183 574 196 27 hufvudsakligaste
399 576 30 19 att
444 574 186 27 församlingarnas
647 574 136 21 medlemmar
799 575 33 20 stå
847 575 27 26 på
890 581 24 14 en
931 575 32 20 för
978 574 34 27 låg

183 603 138 26 ståndpunkt,
337 603 23 20 så
376 605 31 18 att
422 603 25 21 de
462 603 18 25 ej
498 604 70 20 kunna
585 603 92 20 hvarken
690 603 84 21 komma
785 603 32 20 till
828 603 113 27 Jyväskylä
952 603 59 20 semi-

183 631 82 21 narium
289 631 51 21 eller
361 631 63 21 blifva
448 631 104 26 delaktige
576 631 21 21 af
618 633 40 19 den
678 631 80 21 lärdom
775 638 44 14 som
837 631 86 22 beredes
938 631 6 20 i
961 631 52 21 folk-

183 659 82 21 skolan.
295 659 41 27 Jag
352 661 66 19 måste
434 659 84 21 betvifla
534 661 68 19 denna
618 660 89 26 uppgift.
738 660 41 26 Jag
794 660 39 20 har
848 660 48 27 sjelf
910 660 53 20 varit
975 666 36 20 pa-

183 690 46 19 stor
248 688 6 20 i
278 689 13 20 9
314 688 23 20 år
359 688 7 20 i
389 694 25 15 en
437 688 91 21 blandad
546 688 128 26 församling.
706 688 43 21 Der
764 688 61 21 fanns
841 689 76 25 greker
932 688 37 21 och
986 688 26 21 de

184 716 61 22 stodo
269 716 24 21 så
315 717 51 25 högt
389 716 56 21 öfver
468 722 34 15 oss
524 716 76 24 finnar,
616 719 32 18 att
665 717 25 20 de
705 716 46 21 icke
767 716 48 22 ville
831 716 62 22 hafva
909 719 103 23 umgänge

185 745 47 21 med
249 750 40 16 oss.
320 745 31 21 De
367 745 59 21 flesta
441 745 71 21 kunde
528 745 80 21 skrifva
623 745 38 21 och
679 746 48 20 läsa.
759 745 40 26 Jag
816 745 34 21 vill
866 745 58 21 äfven
938 745 72 21 anföra

184 773 67 21 andra
274 773 99 27 exempel.
394 769 16 35 I
429 774 41 20 alla
485 773 149 27 församlingar
651 774 62 20 söder
729 780 33 14 om
780 774 87 26 Ladoga
882 776 36 18 äro
935 773 40 21 alla
991 773 22 21 af

184 802 158 26 grekisk-ryska
358 802 186 21 trosbekännelsen
561 802 98 26 antingen
677 802 120 21 handlande
813 802 51 21 eller
877 802 133 26 gästgifvare,

184 830 39 21 och
239 830 26 21 de
281 832 36 19 äro
334 830 81 22 således
430 831 17 25 ej
464 831 6 20 i
485 831 81 21 saknad
582 830 23 21 af
619 831 39 20 den
675 830 106 22 allmänna
798 830 99 27 bildning,
913 837 44 14 som
974 836 36 21 pe-

183 859 114 21 titionären
320 860 77 25 påstår.
427 859 41 21 Det
490 859 41 21 kan
554 859 51 21 visst
628 859 70 21 hända
721 861 32 19 att
777 859 156 27 okunnigheten
949 862 23 18 är
986 858 26 22 så

183 890 46 18 stor
244 888 27 26 på
287 888 65 20 andra
369 888 58 20 sidan
442 888 93 26 Ladoga,
553 894 48 14 men
618 888 149 26 befolkningen
784 888 37 20 der
837 890 84 24 utgöres
937 887 31 21 till
984 894 26 14 en

183 918 46 18 stor
251 916 34 20 del
308 916 22 20 af
351 916 25 20 de
399 922 16 14 s.
433 916 19 20 k.
468 918 170 19 starovärtserna
655 916 70 21 hvilka
738 916 37 26 jag
791 916 18 26 ej
826 919 45 18 tror
887 916 47 26 vilja
950 915 61 21 hafva

184 945 69 25 någon
278 944 99 26 bildning,
396 944 51 21 allra
463 945 63 20 minst
542 945 40 21 den
599 945 107 21 moderna.
736 944 61 21 Hvad
814 945 64 20 sedan
895 945 64 26 angår
975 944 36 20 det

184 975 31 19 att
231 972 36 22 det
283 972 17 26 ej
317 972 68 22 skulle
400 972 30 22 fås
446 973 68 21 lärare
530 973 31 21 till
578 973 25 21 de
618 973 160 27 grekisk-ryska
794 973 179 26 församlingarna,
987 974 24 20 så

183 1001 39 21 har
237 1001 36 21 det
289 1000 32 22 väl
337 1002 84 26 partielt
436 1002 31 20 sin
484 1002 95 26 sanning.
603 1002 45 21 Den
664 1002 69 26 heliga
749 1002 94 26 synoden
860 1002 38 20 har
908 1001 102 21 anbefallt

183 1031 32 19 att
237 1029 6 21 i
267 1030 71 26 hvarje
357 1030 121 26 församling
493 1030 6 20 i
515 1030 97 24 Finland,
630 1031 36 20 der
682 1030 84 26 grekisk
784 1033 57 23 prest
857 1030 38 21 och
912 1030 99 20 klockare

182 1057 75 27 finnas,
279 1058 53 21 skall
356 1058 66 22 hållas
444 1058 66 22 skola.
541 1059 113 21 Dessutom
679 1060 65 20 finnes
769 1059 35 21 det
827 1065 24 14 en
868 1058 142 27 grekisk-rysk

183 1086 105 22 folkskola
310 1086 6 21 i
334 1086 89 27 Viborg;
440 1087 91 21 derifrån
547 1088 71 20 kunde
634 1088 31 20 fås
680 1087 129 21 åtminstone
825 1088 24 20 så
865 1087 145 27 qvalificerade

183 1114 115 27 subjekter,
314 1117 31 19 att
361 1116 26 20 de
403 1116 69 20 kunde
487 1116 85 21 komma
588 1117 19 19 in
624 1116 30 20 till
671 1116 240 20 folkskoleseminarium
923 1116 38 20 och
973 1116 37 20 der

182 1143 21 21 få
219 1143 71 21 vidare
306 1144 147 26 undervisning
469 1146 31 19 att
518 1144 66 21 bildas
601 1144 31 21 till
649 1145 74 20 lärare.
747 1144 30 21 På
793 1144 67 26 grund
877 1144 21 21 af
912 1144 53 21 hvad
974 1144 36 26 jag

183 1171 76 26 anfört,
283 1171 103 27 afstyrker
407 1172 35 27 jag
464 1173 32 20 för
518 1173 42 20 min
576 1173 33 21 del
625 1173 128 21 åtminstone
770 1172 193 27 bevillningsmedel
978 1172 33 21 för

182 1200 167 21 ambulatoriska
371 1201 71 20 skolor
462 1201 6 20 i
484 1201 26 21 de
524 1201 98 27 grekiska
638 1201 181 26 församlingarna.
851 1201 54 25 Men,
921 1201 89 20 likasom

182 1229 235 23 utskottsbetänkande,
441 1229 117 27 tillstyrker
578 1230 36 26 jag
637 1232 32 19 att
684 1229 35 22 vid
734 1230 63 25 något
814 1229 197 21 folkskolesemina-

182 1257 54 21 rium
253 1264 25 14 en
294 1257 144 27 grekisk-rysk
453 1258 169 26 religionslärare
638 1258 67 21 skulle
721 1258 70 21 lemna
807 1259 22 20 åt
845 1258 68 21 elever
929 1257 22 22 af
964 1263 46 20 gre-

182 1285 121 27 kisk-ryska
319 1285 186 22 trosbekännelsen
521 1287 156 26 undervisning,
694 1286 51 21 eller
759 1287 80 20 kanske
850 1293 33 14 om
895 1286 32 21 till
939 1286 71 21 minne

182 1313 22 22 af
218 1314 76 21 Siitoin
309 1314 5 21 i
331 1314 52 21 hans
399 1315 59 21 skola
474 1321 25 15 en
516 1315 56 27 dylik
588 1315 251 26 religionsundervisning
857 1315 67 20 skulle
935 1314 74 21 finnas.

181 1341 111 23 Utskottet
315 1342 38 22 har
374 1343 119 26 derigenom
510 1344 16 26 ej
544 1344 56 21 ändå
615 1344 104 21 förkastat
733 1343 154 27 petitionärens
902 1343 108 26 petitions-

181 1370 85 27 förslag,
282 1373 49 20 utan
348 1371 28 27 på
391 1373 64 25 något
470 1373 43 20 sätt
528 1372 50 21 sökt
593 1375 31 18 att
640 1373 26 26 gå
682 1372 51 21 hans
751 1372 39 21 och
801 1372 157 26 grekisk-ryska
968 1371 42 21 för-

181 1399 128 28 samlingens
325 1400 80 21 önskan
421 1400 30 21 till
468 1402 74 19 mötes.

250 1457 83 20 Doktor
357 1457 174 26 Hornborg:
563 1457 39 21 Till
622 1457 54 21 hvad
693 1457 199 26 kontraktsprosten
908 1456 101 22 Hackzell

181 1490 50 21 nyss
253 1485 38 21 har
312 1487 53 24 sagt,
389 1485 38 21 och
446 1486 58 21 hvari
518 1486 36 26 jag
570 1486 31 21 till
619 1486 35 21 det
670 1488 67 19 mesta
752 1485 85 22 förenar
853 1486 48 26 mig,
917 1485 35 22 vill
965 1485 43 27 jag,

180 1513 33 20 för
234 1516 31 18 att
288 1513 17 26 ej
329 1513 113 27 uppehålla
457 1514 91 27 ståndet,
566 1514 86 27 tillägga
668 1514 55 21 blott
737 1517 32 18 ett
785 1521 39 20 par
841 1514 168 26 anmärkningar.
