<?xml version="1.0" encoding="UTF-8"?>
<alto xmlns="http://www.loc.gov/standards/alto/ns-v3#" xmlns:xlink="http://www.w3.org/1999/xlink" xmlns:xsi="http://www.w3.org/2001/XMLSchema-instance" xsi:schemaLocation="http://www.loc.gov/standards/alto/ns-v3# http://www.loc.gov/alto/v3/alto-3-0.xsd">
	<Description>
		<MeasurementUnit>pixel</MeasurementUnit>
		<sourceImageInformation>
			<fileName>/tmp/tess_5nev2ueq_input.PNG</fileName>
		</sourceImageInformation>
		<OCRProcessing ID="OCR_0">
			<ocrProcessingStep>
				<processingSoftware>
					<softwareName>tesseract 5.3.4</softwareName>
				</processingSoftware>
			</ocrProcessingStep>
		</OCRProcessing>
	</Description>
	<Layout>
		<Page WIDTH="1117" HEIGHT="1817" PHYSICAL_IMG_NR="0" ID="page_0">
			<PrintSpace HPOS="0" VPOS="0" WIDTH="1117" HEIGHT="1817">
				<ComposedBlock ID="cblock_0" HPOS="219" VPOS="121" WIDTH="555" HEIGHT="26">
					<TextBlock ID="block_0" HPOS="219" VPOS="121" WIDTH="555" HEIGHT="26">
						<TextLine ID="line_0" HPOS="219" VPOS="121" WIDTH="555" HEIGHT="26">
							<String ID="string_0" HPOS="219" VPOS="121" WIDTH="41" HEIGHT="21" WC="0.95" CONTENT="956"/><SP WIDTH="188" VPOS="121" HPOS="260"/>
							<String ID="string_1" HPOS="448" VPOS="125" WIDTH="161" HEIGHT="18" WC="0.92" CONTENT="Presteståndet"/><SP WIDTH="13" VPOS="125" HPOS="609"/>
							<String ID="string_2" HPOS="622" VPOS="126" WIDTH="55" HEIGHT="17" WC="0.95" CONTENT="1872."/><SP WIDTH="24" VPOS="126" HPOS="677"/>
							<String ID="string_3" HPOS="701" VPOS="127" WIDTH="14" HEIGHT="15" WC="0.96" CONTENT="4"/><SP WIDTH="12" VPOS="127" HPOS="715"/>
							<String ID="string_4" HPOS="727" VPOS="126" WIDTH="47" HEIGHT="21" WC="0.96" CONTENT="maj."/>
						</TextLine>
					</TextBlock>
				</ComposedBlock>
				<GraphicalElement ID="cblock_1" HPOS="189" VPOS="159" WIDTH="830" HEIGHT="5"></GraphicalElement >
				<ComposedBlock ID="cblock_2" HPOS="191" VPOS="205" WIDTH="830" HEIGHT="761">
					<TextBlock ID="block_1" HPOS="191" VPOS="205" WIDTH="830" HEIGHT="761">
						<TextLine ID="line_1" HPOS="192" VPOS="205" WIDTH="829" HEIGHT="27">
							<String ID="string_5" HPOS="192" VPOS="206" WIDTH="37" HEIGHT="21" WC="0.96" CONTENT="det"/><SP WIDTH="24" VPOS="206" HPOS="229"/>
							<String ID="string_6" HPOS="253" VPOS="206" WIDTH="18" HEIGHT="26" WC="0.95" CONTENT="ej"/><SP WIDTH="25" VPOS="206" HPOS="271"/>
							<String ID="string_7" HPOS="296" VPOS="206" WIDTH="41" HEIGHT="21" WC="0.95" CONTENT="kan"/><SP WIDTH="24" VPOS="206" HPOS="337"/>
							<String ID="string_8" HPOS="361" VPOS="205" WIDTH="82" HEIGHT="22" WC="0.95" CONTENT="bevisas"/><SP WIDTH="16" VPOS="205" HPOS="443"/>
							<String ID="string_9" HPOS="459" VPOS="208" WIDTH="31" HEIGHT="18" WC="0.96" CONTENT="att"/><SP WIDTH="16" VPOS="208" HPOS="490"/>
							<String ID="string_10" HPOS="506" VPOS="205" WIDTH="121" HEIGHT="21" WC="0.96" CONTENT="ändamålet"/><SP WIDTH="15" VPOS="205" HPOS="627"/>
							<String ID="string_11" HPOS="642" VPOS="206" WIDTH="73" HEIGHT="20" WC="0.96" CONTENT="vinnes"/><SP WIDTH="16" VPOS="206" HPOS="715"/>
							<String ID="string_12" HPOS="731" VPOS="206" WIDTH="33" HEIGHT="20" WC="0.96" CONTENT="för"/><SP WIDTH="15" VPOS="206" HPOS="764"/>
							<String ID="string_13" HPOS="779" VPOS="205" WIDTH="88" HEIGHT="21" WC="0.95" CONTENT="mindre."/><SP WIDTH="30" VPOS="205" HPOS="867"/>
							<String ID="string_14" HPOS="897" VPOS="205" WIDTH="62" HEIGHT="21" WC="0.95" CONTENT="Hvad"/><SP WIDTH="15" VPOS="205" HPOS="959"/>
							<String ID="string_15" HPOS="974" VPOS="206" WIDTH="47" HEIGHT="20" WC="0.96" CONTENT="åter"/>
						</TextLine>
						<TextLine ID="line_2" HPOS="191" VPOS="233" WIDTH="829" HEIGHT="27">
							<String ID="string_16" HPOS="191" VPOS="234" WIDTH="104" HEIGHT="21" WC="0.96" CONTENT="beträffar"/><SP WIDTH="17" VPOS="234" HPOS="295"/>
							<String ID="string_17" HPOS="312" VPOS="235" WIDTH="39" HEIGHT="20" WC="0.96" CONTENT="den"/><SP WIDTH="16" VPOS="235" HPOS="351"/>
							<String ID="string_18" HPOS="367" VPOS="234" WIDTH="118" HEIGHT="25" WC="0.93" CONTENT="föreslagna"/><SP WIDTH="15" VPOS="234" HPOS="485"/>
							<String ID="string_19" HPOS="500" VPOS="233" WIDTH="68" HEIGHT="21" WC="0.92" CONTENT="båken"/><SP WIDTH="17" VPOS="233" HPOS="568"/>
							<String ID="string_20" HPOS="585" VPOS="235" WIDTH="27" HEIGHT="25" WC="0.93" CONTENT="på"/><SP WIDTH="15" VPOS="235" HPOS="612"/>
							<String ID="string_21" HPOS="627" VPOS="233" WIDTH="102" HEIGHT="27" WC="0.91" CONTENT="Bogskär,"/><SP WIDTH="17" VPOS="233" HPOS="729"/>
							<String ID="string_22" HPOS="746" VPOS="235" WIDTH="23" HEIGHT="20" WC="0.96" CONTENT="så"/><SP WIDTH="17" VPOS="235" HPOS="769"/>
							<String ID="string_23" HPOS="786" VPOS="233" WIDTH="39" HEIGHT="21" WC="0.96" CONTENT="har"/><SP WIDTH="10" VPOS="233" HPOS="825"/>
							<String ID="string_24" HPOS="835" VPOS="233" WIDTH="36" HEIGHT="21" WC="0.96" CONTENT="det"/><SP WIDTH="10" VPOS="233" HPOS="871"/>
							<String ID="string_25" HPOS="881" VPOS="233" WIDTH="22" HEIGHT="21" WC="0.93" CONTENT="af"/><SP WIDTH="9" VPOS="233" HPOS="903"/>
							<String ID="string_26" HPOS="912" VPOS="239" WIDTH="108" HEIGHT="16" WC="0.91" CONTENT="reservan-"/>
						</TextLine>
						<TextLine ID="line_3" HPOS="192" VPOS="261" WIDTH="828" HEIGHT="27">
							<String ID="string_27" HPOS="192" VPOS="266" WIDTH="60" HEIGHT="18" WC="0.91" CONTENT="terne"/><SP WIDTH="16" VPOS="266" HPOS="252"/>
							<String ID="string_28" HPOS="268" VPOS="263" WIDTH="110" HEIGHT="20" WC="0.92" CONTENT="anmärkts"/><SP WIDTH="17" VPOS="263" HPOS="378"/>
							<String ID="string_29" HPOS="395" VPOS="264" WIDTH="31" HEIGHT="19" WC="0.96" CONTENT="att"/><SP WIDTH="15" VPOS="264" HPOS="426"/>
							<String ID="string_30" HPOS="441" VPOS="269" WIDTH="47" HEIGHT="14" WC="0.96" CONTENT="man"/><SP WIDTH="18" VPOS="269" HPOS="488"/>
							<String ID="string_31" HPOS="506" VPOS="262" WIDTH="16" HEIGHT="25" WC="0.94" CONTENT="ej"/><SP WIDTH="19" VPOS="262" HPOS="522"/>
							<String ID="string_32" HPOS="541" VPOS="262" WIDTH="40" HEIGHT="21" WC="0.96" CONTENT="kan"/><SP WIDTH="17" VPOS="262" HPOS="581"/>
							<String ID="string_33" HPOS="598" VPOS="261" WIDTH="76" HEIGHT="27" WC="0.96" CONTENT="bevilja"/><SP WIDTH="16" VPOS="261" HPOS="674"/>
							<String ID="string_34" HPOS="690" VPOS="262" WIDTH="67" HEIGHT="21" WC="0.93" CONTENT="medel"/><SP WIDTH="17" VPOS="262" HPOS="757"/>
							<String ID="string_35" HPOS="774" VPOS="261" WIDTH="76" HEIGHT="27" WC="0.91" CONTENT="dertill,"/><SP WIDTH="14" VPOS="261" HPOS="850"/>
							<String ID="string_36" HPOS="864" VPOS="262" WIDTH="87" HEIGHT="21" WC="0.93" CONTENT="emedan"/><SP WIDTH="12" VPOS="262" HPOS="951"/>
							<String ID="string_37" HPOS="963" VPOS="262" WIDTH="57" HEIGHT="21" WC="0.93" CONTENT="kost-"/>
						</TextLine>
						<TextLine ID="line_4" HPOS="191" VPOS="290" WIDTH="829" HEIGHT="27">
							<String ID="string_38" HPOS="191" VPOS="291" WIDTH="164" HEIGHT="26" WC="0.91" CONTENT="nadsförslaget,"/><SP WIDTH="21" VPOS="291" HPOS="355"/>
							<String ID="string_39" HPOS="376" VPOS="291" WIDTH="80" HEIGHT="26" WC="0.92" CONTENT="hvarpå"/><SP WIDTH="22" VPOS="291" HPOS="456"/>
							<String ID="string_40" HPOS="478" VPOS="291" WIDTH="68" HEIGHT="20" WC="0.93" CONTENT="denna"/><SP WIDTH="21" VPOS="291" HPOS="546"/>
							<String ID="string_41" HPOS="567" VPOS="290" WIDTH="114" HEIGHT="27" WC="0.91" CONTENT="bevillning"/><SP WIDTH="22" VPOS="290" HPOS="681"/>
							<String ID="string_42" HPOS="703" VPOS="291" WIDTH="68" HEIGHT="20" WC="0.95" CONTENT="skulle"/><SP WIDTH="24" VPOS="291" HPOS="771"/>
							<String ID="string_43" HPOS="795" VPOS="290" WIDTH="70" HEIGHT="27" WC="0.96" CONTENT="stödja"/><SP WIDTH="22" VPOS="290" HPOS="865"/>
							<String ID="string_44" HPOS="887" VPOS="291" WIDTH="38" HEIGHT="26" WC="0.96" CONTENT="sig,"/><SP WIDTH="23" VPOS="291" HPOS="925"/>
							<String ID="string_45" HPOS="948" VPOS="290" WIDTH="17" HEIGHT="27" WC="0.96" CONTENT="ej"/><SP WIDTH="17" VPOS="290" HPOS="965"/>
							<String ID="string_46" HPOS="982" VPOS="290" WIDTH="38" HEIGHT="21" WC="0.96" CONTENT="har"/>
						</TextLine>
						<TextLine ID="line_5" HPOS="191" VPOS="319" WIDTH="829" HEIGHT="27">
							<String ID="string_47" HPOS="191" VPOS="319" WIDTH="69" HEIGHT="21" WC="0.86" CONTENT="blifvit"/><SP WIDTH="24" VPOS="319" HPOS="260"/>
							<String ID="string_48" HPOS="284" VPOS="320" WIDTH="109" HEIGHT="26" WC="0.92" CONTENT="godkändt"/><SP WIDTH="23" VPOS="320" HPOS="393"/>
							<String ID="string_49" HPOS="416" VPOS="320" WIDTH="21" HEIGHT="20" WC="0.96" CONTENT="af"/><SP WIDTH="22" VPOS="320" HPOS="437"/>
							<String ID="string_50" HPOS="459" VPOS="319" WIDTH="159" HEIGHT="21" WC="0.96" CONTENT="vederbörande"/><SP WIDTH="22" VPOS="319" HPOS="618"/>
							<String ID="string_51" HPOS="640" VPOS="319" WIDTH="141" HEIGHT="25" WC="0.96" CONTENT="auktoriteter"/><SP WIDTH="22" VPOS="319" HPOS="781"/>
							<String ID="string_52" HPOS="803" VPOS="319" WIDTH="6" HEIGHT="20" WC="0.96" CONTENT="i"/><SP WIDTH="23" VPOS="319" HPOS="809"/>
							<String ID="string_53" HPOS="832" VPOS="319" WIDTH="47" HEIGHT="21" WC="0.96" CONTENT="vårt"/><SP WIDTH="15" VPOS="319" HPOS="879"/>
							<String ID="string_54" HPOS="894" VPOS="319" WIDTH="56" HEIGHT="21" WC="0.95" CONTENT="land."/><SP WIDTH="30" VPOS="319" HPOS="950"/>
							<String ID="string_55" HPOS="980" VPOS="319" WIDTH="40" HEIGHT="26" WC="0.95" CONTENT="Jag"/>
						</TextLine>
						<TextLine ID="line_6" HPOS="192" VPOS="347" WIDTH="828" HEIGHT="28">
							<String ID="string_56" HPOS="192" VPOS="348" WIDTH="35" HEIGHT="21" WC="0.91" CONTENT="vill"/><SP WIDTH="26" VPOS="348" HPOS="227"/>
							<String ID="string_57" HPOS="253" VPOS="348" WIDTH="33" HEIGHT="21" WC="0.95" CONTENT="för"/><SP WIDTH="23" VPOS="348" HPOS="286"/>
							<String ID="string_58" HPOS="309" VPOS="349" WIDTH="61" HEIGHT="26" WC="0.95" CONTENT="ingen"/><SP WIDTH="25" VPOS="349" HPOS="370"/>
							<String ID="string_59" HPOS="395" VPOS="348" WIDTH="32" HEIGHT="21" WC="0.96" CONTENT="del"/><SP WIDTH="23" VPOS="348" HPOS="427"/>
							<String ID="string_60" HPOS="450" VPOS="347" WIDTH="87" HEIGHT="22" WC="0.96" CONTENT="förneka"/><SP WIDTH="20" VPOS="347" HPOS="537"/>
							<String ID="string_61" HPOS="557" VPOS="347" WIDTH="35" HEIGHT="21" WC="0.95" CONTENT="det"/><SP WIDTH="16" VPOS="347" HPOS="592"/>
							<String ID="string_62" HPOS="608" VPOS="347" WIDTH="126" HEIGHT="26" WC="0.80" CONTENT="bristfälliga"/><SP WIDTH="15" VPOS="347" HPOS="734"/>
							<String ID="string_63" HPOS="749" VPOS="349" WIDTH="5" HEIGHT="18" WC="0.96" CONTENT="i"/><SP WIDTH="17" VPOS="349" HPOS="754"/>
							<String ID="string_64" HPOS="771" VPOS="347" WIDTH="99" HEIGHT="21" WC="0.96" CONTENT="ärendets"/><SP WIDTH="16" VPOS="347" HPOS="870"/>
							<String ID="string_65" HPOS="886" VPOS="347" WIDTH="134" HEIGHT="27" WC="0.96" CONTENT="behandling,"/>
						</TextLine>
						<TextLine ID="line_7" HPOS="192" VPOS="375" WIDTH="829" HEIGHT="28">
							<String ID="string_66" HPOS="192" VPOS="383" WIDTH="46" HEIGHT="14" WC="0.96" CONTENT="som"/><SP WIDTH="18" VPOS="383" HPOS="238"/>
							<String ID="string_67" HPOS="256" VPOS="377" WIDTH="122" HEIGHT="26" WC="0.95" CONTENT="härigenom"/><SP WIDTH="17" VPOS="377" HPOS="378"/>
							<String ID="string_68" HPOS="395" VPOS="376" WIDTH="138" HEIGHT="27" WC="0.96" CONTENT="uppkommit,"/><SP WIDTH="17" VPOS="376" HPOS="533"/>
							<String ID="string_69" HPOS="550" VPOS="382" WIDTH="47" HEIGHT="14" WC="0.96" CONTENT="men"/><SP WIDTH="17" VPOS="382" HPOS="597"/>
							<String ID="string_70" HPOS="614" VPOS="379" WIDTH="32" HEIGHT="18" WC="0.96" CONTENT="att"/><SP WIDTH="14" VPOS="379" HPOS="646"/>
							<String ID="string_71" HPOS="660" VPOS="375" WIDTH="33" HEIGHT="22" WC="0.96" CONTENT="för"/><SP WIDTH="15" VPOS="375" HPOS="693"/>
							<String ID="string_72" HPOS="708" VPOS="383" WIDTH="25" HEIGHT="14" WC="0.96" CONTENT="en"/><SP WIDTH="16" VPOS="383" HPOS="733"/>
							<String ID="string_73" HPOS="749" VPOS="376" WIDTH="66" HEIGHT="21" WC="0.93" CONTENT="sådan"/><SP WIDTH="17" VPOS="376" HPOS="815"/>
							<String ID="string_74" HPOS="832" VPOS="375" WIDTH="63" HEIGHT="22" WC="0.92" CONTENT="brists"/><SP WIDTH="15" VPOS="375" HPOS="895"/>
							<String ID="string_75" HPOS="910" VPOS="376" WIDTH="55" HEIGHT="21" WC="0.96" CONTENT="skull"/><SP WIDTH="11" VPOS="376" HPOS="965"/>
							<String ID="string_76" HPOS="976" VPOS="376" WIDTH="45" HEIGHT="21" WC="0.96" CONTENT="helt"/>
						</TextLine>
						<TextLine ID="line_8" HPOS="192" VPOS="404" WIDTH="828" HEIGHT="28">
							<String ID="string_77" HPOS="192" VPOS="406" WIDTH="39" HEIGHT="20" WC="0.96" CONTENT="och"/><SP WIDTH="18" VPOS="406" HPOS="231"/>
							<String ID="string_78" HPOS="249" VPOS="405" WIDTH="66" HEIGHT="21" WC="0.93" CONTENT="hållet"/><SP WIDTH="16" VPOS="405" HPOS="315"/>
							<String ID="string_79" HPOS="331" VPOS="405" WIDTH="113" HEIGHT="26" WC="0.92" CONTENT="uppskjuta"/><SP WIDTH="16" VPOS="405" HPOS="444"/>
							<String ID="string_80" HPOS="460" VPOS="404" WIDTH="121" HEIGHT="27" WC="0.96" CONTENT="byggandet"/><SP WIDTH="16" VPOS="404" HPOS="581"/>
							<String ID="string_81" HPOS="597" VPOS="405" WIDTH="21" HEIGHT="20" WC="0.96" CONTENT="af"/><SP WIDTH="15" VPOS="405" HPOS="618"/>
							<String ID="string_82" HPOS="633" VPOS="411" WIDTH="24" HEIGHT="14" WC="0.93" CONTENT="en"/><SP WIDTH="18" VPOS="411" HPOS="657"/>
							<String ID="string_83" HPOS="675" VPOS="405" WIDTH="46" HEIGHT="26" WC="0.91" CONTENT="båk,"/><SP WIDTH="17" VPOS="405" HPOS="721"/>
							<String ID="string_84" HPOS="738" VPOS="411" WIDTH="45" HEIGHT="14" WC="0.96" CONTENT="som"/><SP WIDTH="17" VPOS="411" HPOS="783"/>
							<String ID="string_85" HPOS="800" VPOS="411" WIDTH="61" HEIGHT="20" WC="0.96" CONTENT="synes"/><SP WIDTH="16" VPOS="411" HPOS="861"/>
							<String ID="string_86" HPOS="877" VPOS="411" WIDTH="50" HEIGHT="14" WC="0.96" CONTENT="vara"/><SP WIDTH="16" VPOS="411" HPOS="927"/>
							<String ID="string_87" HPOS="943" VPOS="405" WIDTH="21" HEIGHT="20" WC="0.93" CONTENT="af"/><SP WIDTH="9" VPOS="405" HPOS="964"/>
							<String ID="string_88" HPOS="973" VPOS="411" WIDTH="47" HEIGHT="21" WC="0.91" CONTENT="syn-"/>
						</TextLine>
						<TextLine ID="line_9" HPOS="193" VPOS="433" WIDTH="827" HEIGHT="27">
							<String ID="string_89" HPOS="193" VPOS="434" WIDTH="78" HEIGHT="26" WC="0.91" CONTENT="nerligt"/><SP WIDTH="22" VPOS="434" HPOS="271"/>
							<String ID="string_90" HPOS="293" VPOS="436" WIDTH="45" HEIGHT="18" WC="0.96" CONTENT="stor"/><SP WIDTH="15" VPOS="436" HPOS="338"/>
							<String ID="string_91" HPOS="353" VPOS="433" WIDTH="44" HEIGHT="26" WC="0.96" CONTENT="vigt"/><SP WIDTH="15" VPOS="433" HPOS="397"/>
							<String ID="string_92" HPOS="412" VPOS="433" WIDTH="32" HEIGHT="21" WC="0.96" CONTENT="för"/><SP WIDTH="14" VPOS="433" HPOS="444"/>
							<String ID="string_93" HPOS="458" VPOS="433" WIDTH="100" HEIGHT="26" WC="0.95" CONTENT="sjöfarten"/><SP WIDTH="18" VPOS="433" HPOS="558"/>
							<String ID="string_94" HPOS="576" VPOS="433" WIDTH="89" HEIGHT="20" WC="0.95" CONTENT="emellan"/><SP WIDTH="17" VPOS="433" HPOS="665"/>
							<String ID="string_95" HPOS="682" VPOS="433" WIDTH="109" HEIGHT="26" WC="0.96" CONTENT="Östersjön"/><SP WIDTH="17" VPOS="433" HPOS="791"/>
							<String ID="string_96" HPOS="808" VPOS="433" WIDTH="39" HEIGHT="21" WC="0.96" CONTENT="och"/><SP WIDTH="16" VPOS="433" HPOS="847"/>
							<String ID="string_97" HPOS="863" VPOS="433" WIDTH="113" HEIGHT="21" WC="0.93" CONTENT="Bottniska"/><SP WIDTH="15" VPOS="433" HPOS="976"/>
							<String ID="string_98" HPOS="991" VPOS="433" WIDTH="29" HEIGHT="20" WC="0.91" CONTENT="vi-"/>
						</TextLine>
						<TextLine ID="line_10" HPOS="193" VPOS="461" WIDTH="827" HEIGHT="27">
							<String ID="string_99" HPOS="193" VPOS="463" WIDTH="48" HEIGHT="23" WC="0.96" CONTENT="ken,"/><SP WIDTH="16" VPOS="463" HPOS="241"/>
							<String ID="string_100" HPOS="257" VPOS="468" WIDTH="63" HEIGHT="15" WC="0.96" CONTENT="anser"/><SP WIDTH="13" VPOS="468" HPOS="320"/>
							<String ID="string_101" HPOS="333" VPOS="462" WIDTH="36" HEIGHT="26" WC="0.96" CONTENT="jag"/><SP WIDTH="16" VPOS="462" HPOS="369"/>
							<String ID="string_102" HPOS="385" VPOS="462" WIDTH="16" HEIGHT="26" WC="0.96" CONTENT="ej"/><SP WIDTH="18" VPOS="462" HPOS="401"/>
							<String ID="string_103" HPOS="419" VPOS="468" WIDTH="49" HEIGHT="14" WC="0.96" CONTENT="vara"/><SP WIDTH="16" VPOS="468" HPOS="468"/>
							<String ID="string_104" HPOS="484" VPOS="461" WIDTH="32" HEIGHT="21" WC="0.93" CONTENT="väl"/><SP WIDTH="18" VPOS="461" HPOS="516"/>
							<String ID="string_105" HPOS="534" VPOS="461" WIDTH="94" HEIGHT="21" WC="0.91" CONTENT="betänkt."/><SP WIDTH="32" VPOS="461" HPOS="628"/>
							<String ID="string_106" HPOS="660" VPOS="461" WIDTH="39" HEIGHT="21" WC="0.96" CONTENT="Om"/><SP WIDTH="17" VPOS="461" HPOS="699"/>
							<String ID="string_107" HPOS="716" VPOS="461" WIDTH="35" HEIGHT="21" WC="0.96" CONTENT="det"/><SP WIDTH="17" VPOS="461" HPOS="751"/>
							<String ID="string_108" HPOS="768" VPOS="461" WIDTH="54" HEIGHT="21" WC="0.96" CONTENT="hade"/><SP WIDTH="15" VPOS="461" HPOS="822"/>
							<String ID="string_109" HPOS="837" VPOS="461" WIDTH="52" HEIGHT="26" WC="0.96" CONTENT="gällt"/><SP WIDTH="12" VPOS="461" HPOS="889"/>
							<String ID="string_110" HPOS="901" VPOS="464" WIDTH="32" HEIGHT="18" WC="0.90" CONTENT="att"/><SP WIDTH="12" VPOS="464" HPOS="933"/>
							<String ID="string_111" HPOS="945" VPOS="461" WIDTH="75" HEIGHT="26" WC="0.93" CONTENT="bevilja"/>
						</TextLine>
						<TextLine ID="line_11" HPOS="193" VPOS="490" WIDTH="827" HEIGHT="27">
							<String ID="string_112" HPOS="193" VPOS="491" WIDTH="93" HEIGHT="25" WC="0.92" CONTENT="345,000"/><SP WIDTH="24" VPOS="491" HPOS="286"/>
							<String ID="string_113" HPOS="310" VPOS="491" WIDTH="58" HEIGHT="20" WC="0.95" CONTENT="mark"/><SP WIDTH="25" VPOS="491" HPOS="368"/>
							<String ID="string_114" HPOS="393" VPOS="490" WIDTH="30" HEIGHT="21" WC="0.95" CONTENT="för"/><SP WIDTH="21" VPOS="490" HPOS="423"/>
							<String ID="string_115" HPOS="444" VPOS="497" WIDTH="24" HEIGHT="14" WC="0.96" CONTENT="en"/><SP WIDTH="25" VPOS="497" HPOS="468"/>
							<String ID="string_116" HPOS="493" VPOS="490" WIDTH="22" HEIGHT="21" WC="0.96" CONTENT="så"/><SP WIDTH="17" VPOS="490" HPOS="515"/>
							<String ID="string_117" HPOS="532" VPOS="490" WIDTH="51" HEIGHT="20" WC="0.93" CONTENT="liten"/><SP WIDTH="15" VPOS="490" HPOS="583"/>
							<String ID="string_118" HPOS="598" VPOS="490" WIDTH="126" HEIGHT="26" WC="0.92" CONTENT="jernpelare,"/><SP WIDTH="17" VPOS="490" HPOS="724"/>
							<String ID="string_119" HPOS="741" VPOS="496" WIDTH="46" HEIGHT="15" WC="0.96" CONTENT="som"/><SP WIDTH="17" VPOS="496" HPOS="787"/>
							<String ID="string_120" HPOS="804" VPOS="490" WIDTH="38" HEIGHT="20" WC="0.96" CONTENT="här"/><SP WIDTH="16" VPOS="490" HPOS="842"/>
							<String ID="string_121" HPOS="858" VPOS="492" WIDTH="23" HEIGHT="19" WC="0.96" CONTENT="är"/><SP WIDTH="15" VPOS="492" HPOS="881"/>
							<String ID="string_122" HPOS="896" VPOS="490" WIDTH="7" HEIGHT="21" WC="0.95" CONTENT="i"/><SP WIDTH="13" VPOS="490" HPOS="903"/>
							<String ID="string_123" HPOS="916" VPOS="490" WIDTH="64" HEIGHT="27" WC="0.95" CONTENT="fråga,"/><SP WIDTH="17" VPOS="490" HPOS="980"/>
							<String ID="string_124" HPOS="997" VPOS="490" WIDTH="23" HEIGHT="20" WC="0.96" CONTENT="så"/>
						</TextLine>
						<TextLine ID="line_12" HPOS="194" VPOS="518" WIDTH="825" HEIGHT="27">
							<String ID="string_125" HPOS="194" VPOS="521" WIDTH="45" HEIGHT="18" WC="0.96" CONTENT="tror"/><SP WIDTH="20" VPOS="521" HPOS="239"/>
							<String ID="string_126" HPOS="259" VPOS="519" WIDTH="38" HEIGHT="26" WC="0.96" CONTENT="jag"/><SP WIDTH="16" VPOS="519" HPOS="297"/>
							<String ID="string_127" HPOS="313" VPOS="519" WIDTH="105" HEIGHT="26" WC="0.96" CONTENT="verkligen"/><SP WIDTH="16" VPOS="519" HPOS="418"/>
							<String ID="string_128" HPOS="434" VPOS="521" WIDTH="31" HEIGHT="18" WC="0.96" CONTENT="att"/><SP WIDTH="17" VPOS="521" HPOS="465"/>
							<String ID="string_129" HPOS="482" VPOS="519" WIDTH="34" HEIGHT="20" WC="0.96" CONTENT="det"/><SP WIDTH="19" VPOS="519" HPOS="516"/>
							<String ID="string_130" HPOS="535" VPOS="518" WIDTH="53" HEIGHT="21" WC="0.96" CONTENT="hade"/><SP WIDTH="18" VPOS="518" HPOS="588"/>
							<String ID="string_131" HPOS="606" VPOS="519" WIDTH="53" HEIGHT="20" WC="0.96" CONTENT="varit"/><SP WIDTH="16" VPOS="519" HPOS="659"/>
							<String ID="string_132" HPOS="675" VPOS="525" WIDTH="24" HEIGHT="14" WC="0.96" CONTENT="en"/><SP WIDTH="17" VPOS="525" HPOS="699"/>
							<String ID="string_133" HPOS="716" VPOS="520" WIDTH="48" HEIGHT="19" WC="0.96" CONTENT="svår"/><SP WIDTH="16" VPOS="520" HPOS="764"/>
							<String ID="string_134" HPOS="780" VPOS="519" WIDTH="44" HEIGHT="25" WC="0.96" CONTENT="sak,"/><SP WIDTH="17" VPOS="519" HPOS="824"/>
							<String ID="string_135" HPOS="841" VPOS="521" WIDTH="21" HEIGHT="24" WC="0.96" CONTENT="ty"/><SP WIDTH="17" VPOS="521" HPOS="862"/>
							<String ID="string_136" HPOS="879" VPOS="519" WIDTH="35" HEIGHT="20" WC="0.96" CONTENT="det"/><SP WIDTH="16" VPOS="519" HPOS="914"/>
							<String ID="string_137" HPOS="930" VPOS="525" WIDTH="49" HEIGHT="14" WC="0.96" CONTENT="vore"/><SP WIDTH="15" VPOS="525" HPOS="979"/>
							<String ID="string_138" HPOS="994" VPOS="525" WIDTH="25" HEIGHT="14" WC="0.96" CONTENT="en"/>
						</TextLine>
						<TextLine ID="line_13" HPOS="194" VPOS="547" WIDTH="826" HEIGHT="26">
							<String ID="string_139" HPOS="194" VPOS="547" WIDTH="38" HEIGHT="21" WC="0.96" CONTENT="bra"/><SP WIDTH="25" VPOS="547" HPOS="232"/>
							<String ID="string_140" HPOS="257" VPOS="550" WIDTH="46" HEIGHT="18" WC="0.96" CONTENT="stor"/><SP WIDTH="24" VPOS="550" HPOS="303"/>
							<String ID="string_141" HPOS="327" VPOS="548" WIDTH="90" HEIGHT="20" WC="0.95" CONTENT="kostnad"/><SP WIDTH="23" VPOS="548" HPOS="417"/>
							<String ID="string_142" HPOS="440" VPOS="547" WIDTH="32" HEIGHT="20" WC="0.95" CONTENT="för"/><SP WIDTH="22" VPOS="547" HPOS="472"/>
							<String ID="string_143" HPOS="494" VPOS="547" WIDTH="46" HEIGHT="20" WC="0.96" CONTENT="vårt"/><SP WIDTH="22" VPOS="547" HPOS="540"/>
							<String ID="string_144" HPOS="562" VPOS="547" WIDTH="54" HEIGHT="20" WC="0.96" CONTENT="land."/><SP WIDTH="33" VPOS="547" HPOS="616"/>
							<String ID="string_145" HPOS="649" VPOS="547" WIDTH="47" HEIGHT="20" WC="0.95" CONTENT="Men"/><SP WIDTH="25" VPOS="547" HPOS="696"/>
							<String ID="string_146" HPOS="721" VPOS="547" WIDTH="26" HEIGHT="21" WC="0.93" CONTENT="då"/><SP WIDTH="20" VPOS="547" HPOS="747"/>
							<String ID="string_147" HPOS="767" VPOS="547" WIDTH="66" HEIGHT="26" WC="0.90" CONTENT="utsigt"/><SP WIDTH="16" VPOS="547" HPOS="833"/>
							<String ID="string_148" HPOS="849" VPOS="549" WIDTH="78" HEIGHT="24" WC="0.96" CONTENT="öppnat"/><SP WIDTH="15" VPOS="549" HPOS="927"/>
							<String ID="string_149" HPOS="942" VPOS="547" WIDTH="31" HEIGHT="26" WC="0.96" CONTENT="sig"/><SP WIDTH="16" VPOS="547" HPOS="973"/>
							<String ID="string_150" HPOS="989" VPOS="549" WIDTH="31" HEIGHT="19" WC="0.96" CONTENT="att"/>
						</TextLine>
						<TextLine ID="line_14" HPOS="193" VPOS="575" WIDTH="827" HEIGHT="27">
							<String ID="string_151" HPOS="193" VPOS="576" WIDTH="64" HEIGHT="21" WC="0.96" CONTENT="vinna"/><SP WIDTH="24" VPOS="576" HPOS="257"/>
							<String ID="string_152" HPOS="281" VPOS="582" WIDTH="79" HEIGHT="15" WC="0.96" CONTENT="samma"/><SP WIDTH="24" VPOS="582" HPOS="360"/>
							<String ID="string_153" HPOS="384" VPOS="575" WIDTH="96" HEIGHT="21" WC="0.95" CONTENT="ändamål"/><SP WIDTH="24" VPOS="575" HPOS="480"/>
							<String ID="string_154" HPOS="504" VPOS="575" WIDTH="43" HEIGHT="20" WC="0.95" CONTENT="lika"/><SP WIDTH="23" VPOS="575" HPOS="547"/>
							<String ID="string_155" HPOS="570" VPOS="576" WIDTH="23" HEIGHT="20" WC="0.96" CONTENT="så"/><SP WIDTH="24" VPOS="576" HPOS="593"/>
							<String ID="string_156" HPOS="617" VPOS="575" WIDTH="39" HEIGHT="26" WC="0.96" CONTENT="väl,"/><SP WIDTH="25" VPOS="575" HPOS="656"/>
							<String ID="string_157" HPOS="681" VPOS="582" WIDTH="33" HEIGHT="14" WC="0.94" CONTENT="om"/><SP WIDTH="24" VPOS="582" HPOS="714"/>
							<String ID="string_158" HPOS="738" VPOS="576" WIDTH="17" HEIGHT="26" WC="0.93" CONTENT="ej"/><SP WIDTH="18" VPOS="576" HPOS="755"/>
							<String ID="string_159" HPOS="773" VPOS="575" WIDTH="76" HEIGHT="24" WC="0.96" CONTENT="bättre,"/><SP WIDTH="17" VPOS="575" HPOS="849"/>
							<String ID="string_160" HPOS="866" VPOS="576" WIDTH="47" HEIGHT="20" WC="0.93" CONTENT="med"/><SP WIDTH="18" VPOS="576" HPOS="913"/>
							<String ID="string_161" HPOS="931" VPOS="576" WIDTH="89" HEIGHT="25" WC="0.89" CONTENT="160,000"/>
						</TextLine>
						<TextLine ID="line_15" HPOS="194" VPOS="603" WIDTH="826" HEIGHT="27">
							<String ID="string_162" HPOS="194" VPOS="605" WIDTH="67" HEIGHT="25" WC="0.96" CONTENT="mark,"/><SP WIDTH="27" VPOS="605" HPOS="261"/>
							<String ID="string_163" HPOS="288" VPOS="605" WIDTH="23" HEIGHT="20" WC="0.96" CONTENT="så"/><SP WIDTH="16" VPOS="605" HPOS="311"/>
							<String ID="string_164" HPOS="327" VPOS="604" WIDTH="76" HEIGHT="21" WC="0.96" CONTENT="trodde"/><SP WIDTH="15" VPOS="604" HPOS="403"/>
							<String ID="string_165" HPOS="418" VPOS="605" WIDTH="30" HEIGHT="25" WC="0.96" CONTENT="sig"/><SP WIDTH="17" VPOS="605" HPOS="448"/>
							<String ID="string_166" HPOS="465" VPOS="604" WIDTH="105" HEIGHT="21" WC="0.96" CONTENT="utskottet"/><SP WIDTH="17" VPOS="604" HPOS="570"/>
							<String ID="string_167" HPOS="587" VPOS="605" WIDTH="51" HEIGHT="19" WC="0.96" CONTENT="böra"/><SP WIDTH="16" VPOS="605" HPOS="638"/>
							<String ID="string_168" HPOS="654" VPOS="603" WIDTH="88" HEIGHT="22" WC="0.96" CONTENT="omfatta"/><SP WIDTH="16" VPOS="603" HPOS="742"/>
							<String ID="string_169" HPOS="758" VPOS="604" WIDTH="59" HEIGHT="21" WC="0.96" CONTENT="detta"/><SP WIDTH="16" VPOS="604" HPOS="817"/>
							<String ID="string_170" HPOS="833" VPOS="604" WIDTH="81" HEIGHT="21" WC="0.96" CONTENT="tillfälle"/><SP WIDTH="16" VPOS="604" HPOS="914"/>
							<String ID="string_171" HPOS="930" VPOS="606" WIDTH="37" HEIGHT="22" WC="0.93" CONTENT="att,"/><SP WIDTH="17" VPOS="606" HPOS="967"/>
							<String ID="string_172" HPOS="984" VPOS="611" WIDTH="36" HEIGHT="19" WC="0.92" CONTENT="ge-"/>
						</TextLine>
						<TextLine ID="line_16" HPOS="193" VPOS="632" WIDTH="827" HEIGHT="27">
							<String ID="string_173" HPOS="193" VPOS="639" WIDTH="49" HEIGHT="14" WC="0.96" CONTENT="nom"/><SP WIDTH="25" VPOS="639" HPOS="242"/>
							<String ID="string_174" HPOS="267" VPOS="635" WIDTH="32" HEIGHT="18" WC="0.96" CONTENT="att"/><SP WIDTH="16" VPOS="635" HPOS="299"/>
							<String ID="string_175" HPOS="315" VPOS="632" WIDTH="77" HEIGHT="27" WC="0.96" CONTENT="bevilja"/><SP WIDTH="16" VPOS="632" HPOS="392"/>
							<String ID="string_176" HPOS="408" VPOS="633" WIDTH="68" HEIGHT="20" WC="0.95" CONTENT="denna"/><SP WIDTH="14" VPOS="633" HPOS="476"/>
							<String ID="string_177" HPOS="490" VPOS="639" WIDTH="87" HEIGHT="18" WC="0.95" CONTENT="samma,"/><SP WIDTH="17" VPOS="639" HPOS="577"/>
							<String ID="string_178" HPOS="594" VPOS="634" WIDTH="56" HEIGHT="19" WC="0.96" CONTENT="sätta"/><SP WIDTH="16" VPOS="634" HPOS="650"/>
							<String ID="string_179" HPOS="666" VPOS="632" WIDTH="102" HEIGHT="27" WC="0.96" CONTENT="styrelsen"/><SP WIDTH="17" VPOS="632" HPOS="768"/>
							<String ID="string_180" HPOS="785" VPOS="633" WIDTH="5" HEIGHT="20" WC="0.96" CONTENT="i"/><SP WIDTH="17" VPOS="633" HPOS="790"/>
							<String ID="string_181" HPOS="807" VPOS="632" WIDTH="82" HEIGHT="21" WC="0.96" CONTENT="tillfälle"/><SP WIDTH="16" VPOS="632" HPOS="889"/>
							<String ID="string_182" HPOS="905" VPOS="634" WIDTH="32" HEIGHT="19" WC="0.96" CONTENT="att"/><SP WIDTH="15" VPOS="634" HPOS="937"/>
							<String ID="string_183" HPOS="952" VPOS="633" WIDTH="68" HEIGHT="20" WC="0.96" CONTENT="utföra"/>
						</TextLine>
						<TextLine ID="line_17" HPOS="194" VPOS="660" WIDTH="826" HEIGHT="27">
							<String ID="string_184" HPOS="194" VPOS="664" WIDTH="31" HEIGHT="17" WC="0.96" CONTENT="ett"/><SP WIDTH="16" VPOS="664" HPOS="225"/>
							<String ID="string_185" HPOS="241" VPOS="661" WIDTH="58" HEIGHT="25" WC="0.96" CONTENT="verk,"/><SP WIDTH="16" VPOS="661" HPOS="299"/>
							<String ID="string_186" HPOS="315" VPOS="667" WIDTH="43" HEIGHT="15" WC="0.96" CONTENT="som"/><SP WIDTH="19" VPOS="667" HPOS="358"/>
							<String ID="string_187" HPOS="377" VPOS="661" WIDTH="52" HEIGHT="20" WC="0.96" CONTENT="både"/><SP WIDTH="16" VPOS="661" HPOS="429"/>
							<String ID="string_188" HPOS="445" VPOS="661" WIDTH="37" HEIGHT="20" WC="0.94" CONTENT="har"/><SP WIDTH="16" VPOS="661" HPOS="482"/>
							<String ID="string_189" HPOS="498" VPOS="661" WIDTH="108" HEIGHT="26" WC="0.96" CONTENT="betydelse"/><SP WIDTH="16" VPOS="661" HPOS="606"/>
							<String ID="string_190" HPOS="622" VPOS="660" WIDTH="31" HEIGHT="21" WC="0.96" CONTENT="för"/><SP WIDTH="15" VPOS="660" HPOS="653"/>
							<String ID="string_191" HPOS="668" VPOS="661" WIDTH="100" HEIGHT="25" WC="0.96" CONTENT="sjöfarten"/><SP WIDTH="18" VPOS="661" HPOS="768"/>
							<String ID="string_192" HPOS="786" VPOS="661" WIDTH="38" HEIGHT="20" WC="0.96" CONTENT="och"/><SP WIDTH="16" VPOS="661" HPOS="824"/>
							<String ID="string_193" HPOS="840" VPOS="661" WIDTH="6" HEIGHT="20" WC="0.93" CONTENT="i"/><SP WIDTH="17" VPOS="661" HPOS="846"/>
							<String ID="string_194" HPOS="863" VPOS="661" WIDTH="157" HEIGHT="21" WC="0.92" CONTENT="internationelt"/>
						</TextLine>
						<TextLine ID="line_18" HPOS="195" VPOS="688" WIDTH="826" HEIGHT="28">
							<String ID="string_195" HPOS="195" VPOS="689" WIDTH="120" HEIGHT="21" WC="0.96" CONTENT="hänseende"/><SP WIDTH="24" VPOS="689" HPOS="315"/>
							<String ID="string_196" HPOS="339" VPOS="689" WIDTH="16" HEIGHT="26" WC="0.96" CONTENT="ej"/><SP WIDTH="25" VPOS="689" HPOS="355"/>
							<String ID="string_197" HPOS="380" VPOS="692" WIDTH="23" HEIGHT="18" WC="0.96" CONTENT="är"/><SP WIDTH="22" VPOS="692" HPOS="403"/>
							<String ID="string_198" HPOS="425" VPOS="690" WIDTH="22" HEIGHT="20" WC="0.95" CONTENT="så"/><SP WIDTH="20" VPOS="690" HPOS="447"/>
							<String ID="string_199" HPOS="467" VPOS="689" WIDTH="86" HEIGHT="21" WC="0.93" CONTENT="alldeles"/><SP WIDTH="16" VPOS="689" HPOS="553"/>
							<String ID="string_200" HPOS="569" VPOS="688" WIDTH="156" HEIGHT="28" WC="0.92" CONTENT="betydelselöst,"/><SP WIDTH="15" VPOS="688" HPOS="725"/>
							<String ID="string_201" HPOS="740" VPOS="690" WIDTH="69" HEIGHT="20" WC="0.92" CONTENT="såvidt"/><SP WIDTH="17" VPOS="690" HPOS="809"/>
							<String ID="string_202" HPOS="826" VPOS="689" WIDTH="103" HEIGHT="26" WC="0.92" CONTENT="nemligen"/><SP WIDTH="18" VPOS="689" HPOS="929"/>
							<String ID="string_203" HPOS="947" VPOS="689" WIDTH="35" HEIGHT="21" WC="0.96" CONTENT="det"/><SP WIDTH="15" VPOS="689" HPOS="982"/>
							<String ID="string_204" HPOS="997" VPOS="692" WIDTH="24" HEIGHT="18" WC="0.96" CONTENT="är"/>
						</TextLine>
						<TextLine ID="line_19" HPOS="194" VPOS="717" WIDTH="826" HEIGHT="27">
							<String ID="string_205" HPOS="194" VPOS="718" WIDTH="73" HEIGHT="24" WC="0.95" CONTENT="kändt,"/><SP WIDTH="24" VPOS="718" HPOS="267"/>
							<String ID="string_206" HPOS="291" VPOS="720" WIDTH="32" HEIGHT="18" WC="0.96" CONTENT="att"/><SP WIDTH="21" VPOS="720" HPOS="323"/>
							<String ID="string_207" HPOS="344" VPOS="718" WIDTH="88" HEIGHT="20" WC="0.96" CONTENT="svenska"/><SP WIDTH="22" VPOS="718" HPOS="432"/>
							<String ID="string_208" HPOS="454" VPOS="718" WIDTH="102" HEIGHT="26" WC="0.96" CONTENT="styrelsen"/><SP WIDTH="26" VPOS="718" HPOS="556"/>
							<String ID="string_209" HPOS="582" VPOS="724" WIDTH="43" HEIGHT="14" WC="0.96" CONTENT="mer"/><SP WIDTH="23" VPOS="724" HPOS="625"/>
							<String ID="string_210" HPOS="648" VPOS="720" WIDTH="26" HEIGHT="18" WC="0.96" CONTENT="än"/><SP WIDTH="21" VPOS="720" HPOS="674"/>
							<String ID="string_211" HPOS="695" VPOS="724" WIDTH="24" HEIGHT="14" WC="0.96" CONTENT="en"/><SP WIDTH="17" VPOS="724" HPOS="719"/>
							<String ID="string_212" HPOS="736" VPOS="719" WIDTH="55" HEIGHT="25" WC="0.76" CONTENT="gång"/><SP WIDTH="16" VPOS="719" HPOS="791"/>
							<String ID="string_213" HPOS="807" VPOS="718" WIDTH="64" HEIGHT="20" WC="0.92" CONTENT="vändt"/><SP WIDTH="16" VPOS="718" HPOS="871"/>
							<String ID="string_214" HPOS="887" VPOS="718" WIDTH="30" HEIGHT="26" WC="0.96" CONTENT="sig"/><SP WIDTH="16" VPOS="718" HPOS="917"/>
							<String ID="string_215" HPOS="933" VPOS="717" WIDTH="31" HEIGHT="21" WC="0.96" CONTENT="till"/><SP WIDTH="16" VPOS="717" HPOS="964"/>
							<String ID="string_216" HPOS="980" VPOS="718" WIDTH="40" HEIGHT="20" WC="0.97" CONTENT="den"/>
						</TextLine>
						<TextLine ID="line_20" HPOS="193" VPOS="745" WIDTH="828" HEIGHT="27">
							<String ID="string_217" HPOS="193" VPOS="745" WIDTH="68" HEIGHT="22" WC="0.95" CONTENT="finska"/><SP WIDTH="24" VPOS="745" HPOS="261"/>
							<String ID="string_218" HPOS="285" VPOS="746" WIDTH="32" HEIGHT="20" WC="0.96" CONTENT="för"/><SP WIDTH="22" VPOS="746" HPOS="317"/>
							<String ID="string_219" HPOS="339" VPOS="748" WIDTH="32" HEIGHT="18" WC="0.96" CONTENT="att"/><SP WIDTH="21" VPOS="748" HPOS="371"/>
							<String ID="string_220" HPOS="392" VPOS="746" WIDTH="64" HEIGHT="21" WC="0.96" CONTENT="väcka"/><SP WIDTH="24" VPOS="746" HPOS="456"/>
							<String ID="string_221" HPOS="480" VPOS="746" WIDTH="47" HEIGHT="21" WC="0.95" CONTENT="dess"/><SP WIDTH="17" VPOS="746" HPOS="527"/>
							<String ID="string_222" HPOS="544" VPOS="746" WIDTH="187" HEIGHT="26" WC="0.95" CONTENT="uppmärksamhet"/><SP WIDTH="16" VPOS="746" HPOS="731"/>
							<String ID="string_223" HPOS="747" VPOS="747" WIDTH="33" HEIGHT="25" WC="0.96" CONTENT="på,"/><SP WIDTH="17" VPOS="747" HPOS="780"/>
							<String ID="string_224" HPOS="797" VPOS="749" WIDTH="32" HEIGHT="17" WC="0.96" CONTENT="att"/><SP WIDTH="16" VPOS="749" HPOS="829"/>
							<String ID="string_225" HPOS="845" VPOS="746" WIDTH="39" HEIGHT="21" WC="0.93" CONTENT="den"/><SP WIDTH="16" VPOS="746" HPOS="884"/>
							<String ID="string_226" HPOS="900" VPOS="748" WIDTH="12" HEIGHT="19" WC="0.91" CONTENT="å"/><SP WIDTH="17" VPOS="748" HPOS="912"/>
							<String ID="string_227" HPOS="929" VPOS="746" WIDTH="31" HEIGHT="20" WC="0.96" CONTENT="sin"/><SP WIDTH="15" VPOS="746" HPOS="960"/>
							<String ID="string_228" HPOS="975" VPOS="746" WIDTH="46" HEIGHT="21" WC="0.96" CONTENT="sida"/>
						</TextLine>
						<TextLine ID="line_21" HPOS="193" VPOS="774" WIDTH="827" HEIGHT="27">
							<String ID="string_229" HPOS="193" VPOS="774" WIDTH="40" HEIGHT="21" WC="0.96" CONTENT="har"/><SP WIDTH="22" VPOS="774" HPOS="233"/>
							<String ID="string_230" HPOS="255" VPOS="775" WIDTH="56" HEIGHT="26" WC="0.96" CONTENT="gjort"/><SP WIDTH="22" VPOS="775" HPOS="311"/>
							<String ID="string_231" HPOS="333" VPOS="775" WIDTH="37" HEIGHT="20" WC="0.93" CONTENT="sitt"/><SP WIDTH="16" VPOS="775" HPOS="370"/>
							<String ID="string_232" HPOS="386" VPOS="774" WIDTH="19" HEIGHT="21" WC="0.91" CONTENT="d."/><SP WIDTH="17" VPOS="774" HPOS="405"/>
							<String ID="string_233" HPOS="422" VPOS="781" WIDTH="18" HEIGHT="14" WC="0.89" CONTENT="v."/><SP WIDTH="16" VPOS="781" HPOS="440"/>
							<String ID="string_234" HPOS="456" VPOS="780" WIDTH="15" HEIGHT="15" WC="0.92" CONTENT="s."/><SP WIDTH="18" VPOS="780" HPOS="471"/>
							<String ID="string_235" HPOS="489" VPOS="774" WIDTH="86" HEIGHT="26" WC="0.96" CONTENT="uppfört"/><SP WIDTH="15" VPOS="774" HPOS="575"/>
							<String ID="string_236" HPOS="590" VPOS="775" WIDTH="32" HEIGHT="20" WC="0.93" CONTENT="sin"/><SP WIDTH="16" VPOS="775" HPOS="622"/>
							<String ID="string_237" HPOS="638" VPOS="774" WIDTH="41" HEIGHT="21" WC="0.92" CONTENT="båk"/><SP WIDTH="17" VPOS="774" HPOS="679"/>
							<String ID="string_238" HPOS="696" VPOS="775" WIDTH="38" HEIGHT="20" WC="0.96" CONTENT="och"/><SP WIDTH="17" VPOS="775" HPOS="734"/>
							<String ID="string_239" HPOS="751" VPOS="777" WIDTH="31" HEIGHT="18" WC="0.96" CONTENT="att"/><SP WIDTH="17" VPOS="777" HPOS="782"/>
							<String ID="string_240" HPOS="799" VPOS="774" WIDTH="35" HEIGHT="21" WC="0.96" CONTENT="det"/><SP WIDTH="16" VPOS="774" HPOS="834"/>
							<String ID="string_241" HPOS="850" VPOS="774" WIDTH="67" HEIGHT="22" WC="0.94" CONTENT="skulle"/><SP WIDTH="15" VPOS="774" HPOS="917"/>
							<String ID="string_242" HPOS="932" VPOS="774" WIDTH="88" HEIGHT="22" WC="0.96" CONTENT="tillhöra"/>
						</TextLine>
						<TextLine ID="line_22" HPOS="193" VPOS="803" WIDTH="827" HEIGHT="27">
							<String ID="string_243" HPOS="193" VPOS="803" WIDTH="68" HEIGHT="21" WC="0.96" CONTENT="finska"/><SP WIDTH="22" VPOS="803" HPOS="261"/>
							<String ID="string_244" HPOS="283" VPOS="803" WIDTH="103" HEIGHT="27" WC="0.96" CONTENT="styrelsen"/><SP WIDTH="24" VPOS="803" HPOS="386"/>
							<String ID="string_245" HPOS="410" VPOS="805" WIDTH="30" HEIGHT="19" WC="0.96" CONTENT="att"/><SP WIDTH="19" VPOS="805" HPOS="440"/>
							<String ID="string_246" HPOS="459" VPOS="805" WIDTH="51" HEIGHT="24" WC="0.95" CONTENT="göra"/><SP WIDTH="16" VPOS="805" HPOS="510"/>
							<String ID="string_247" HPOS="526" VPOS="803" WIDTH="107" HEIGHT="21" WC="0.94" CONTENT="likaledes."/><SP WIDTH="31" VPOS="803" HPOS="633"/>
							<String ID="string_248" HPOS="664" VPOS="803" WIDTH="40" HEIGHT="26" WC="0.93" CONTENT="Jag"/><SP WIDTH="16" VPOS="803" HPOS="704"/>
							<String ID="string_249" HPOS="720" VPOS="803" WIDTH="115" HEIGHT="27" WC="0.91" CONTENT="medgifver"/><SP WIDTH="16" VPOS="803" HPOS="835"/>
							<String ID="string_250" HPOS="851" VPOS="806" WIDTH="31" HEIGHT="18" WC="0.96" CONTENT="att"/><SP WIDTH="17" VPOS="806" HPOS="882"/>
							<String ID="string_251" HPOS="899" VPOS="804" WIDTH="58" HEIGHT="20" WC="0.93" CONTENT="detta"/><SP WIDTH="15" VPOS="804" HPOS="957"/>
							<String ID="string_252" HPOS="972" VPOS="804" WIDTH="48" HEIGHT="20" WC="0.92" CONTENT="sist-"/>
						</TextLine>
						<TextLine ID="line_23" HPOS="194" VPOS="831" WIDTH="827" HEIGHT="27">
							<String ID="string_253" HPOS="194" VPOS="832" WIDTH="93" HEIGHT="20" WC="0.96" CONTENT="nämnda"/><SP WIDTH="22" VPOS="832" HPOS="287"/>
							<String ID="string_254" HPOS="309" VPOS="832" WIDTH="18" HEIGHT="25" WC="0.96" CONTENT="ej"/><SP WIDTH="24" VPOS="832" HPOS="327"/>
							<String ID="string_255" HPOS="351" VPOS="834" WIDTH="23" HEIGHT="18" WC="0.92" CONTENT="är"/><SP WIDTH="21" VPOS="834" HPOS="374"/>
							<String ID="string_256" HPOS="395" VPOS="831" WIDTH="155" HEIGHT="24" WC="0.90" CONTENT="hufvudskälet,"/><SP WIDTH="23" VPOS="831" HPOS="550"/>
							<String ID="string_257" HPOS="573" VPOS="833" WIDTH="51" HEIGHT="19" WC="0.96" CONTENT="utan"/><SP WIDTH="24" VPOS="833" HPOS="624"/>
							<String ID="string_258" HPOS="648" VPOS="834" WIDTH="32" HEIGHT="18" WC="0.97" CONTENT="att"/><SP WIDTH="16" VPOS="834" HPOS="680"/>
							<String ID="string_259" HPOS="696" VPOS="832" WIDTH="34" HEIGHT="20" WC="0.96" CONTENT="det"/><SP WIDTH="17" VPOS="832" HPOS="730"/>
							<String ID="string_260" HPOS="747" VPOS="832" WIDTH="132" HEIGHT="26" WC="0.96" CONTENT="naturligtvis"/><SP WIDTH="16" VPOS="832" HPOS="879"/>
							<String ID="string_261" HPOS="895" VPOS="834" WIDTH="24" HEIGHT="18" WC="0.93" CONTENT="är"/><SP WIDTH="15" VPOS="834" HPOS="919"/>
							<String ID="string_262" HPOS="934" VPOS="832" WIDTH="87" HEIGHT="26" WC="0.91" CONTENT="skepps-"/>
						</TextLine>
						<TextLine ID="line_24" HPOS="193" VPOS="860" WIDTH="828" HEIGHT="27">
							<String ID="string_263" HPOS="193" VPOS="860" WIDTH="81" HEIGHT="21" WC="0.92" CONTENT="fartens"/><SP WIDTH="16" VPOS="860" HPOS="274"/>
							<String ID="string_264" HPOS="290" VPOS="860" WIDTH="95" HEIGHT="25" WC="0.96" CONTENT="intresse,"/><SP WIDTH="17" VPOS="860" HPOS="385"/>
							<String ID="string_265" HPOS="402" VPOS="866" WIDTH="43" HEIGHT="15" WC="0.95" CONTENT="som"/><SP WIDTH="17" VPOS="866" HPOS="445"/>
							<String ID="string_266" HPOS="462" VPOS="860" WIDTH="66" HEIGHT="20" WC="0.93" CONTENT="måste"/><SP WIDTH="16" VPOS="860" HPOS="528"/>
							<String ID="string_267" HPOS="544" VPOS="860" WIDTH="72" HEIGHT="26" WC="0.92" CONTENT="afgöra"/><SP WIDTH="16" VPOS="860" HPOS="616"/>
							<String ID="string_268" HPOS="632" VPOS="860" WIDTH="79" HEIGHT="27" WC="0.93" CONTENT="frågan."/><SP WIDTH="32" VPOS="860" HPOS="711"/>
							<String ID="string_269" HPOS="743" VPOS="860" WIDTH="49" HEIGHT="21" WC="0.95" CONTENT="Men"/><SP WIDTH="17" VPOS="860" HPOS="792"/>
							<String ID="string_270" HPOS="809" VPOS="860" WIDTH="36" HEIGHT="21" WC="0.95" CONTENT="det"/><SP WIDTH="15" VPOS="860" HPOS="845"/>
							<String ID="string_271" HPOS="860" VPOS="862" WIDTH="23" HEIGHT="19" WC="0.96" CONTENT="är"/><SP WIDTH="12" VPOS="862" HPOS="883"/>
							<String ID="string_272" HPOS="895" VPOS="860" WIDTH="52" HEIGHT="21" WC="0.96" CONTENT="dock"/><SP WIDTH="12" VPOS="860" HPOS="947"/>
							<String ID="string_273" HPOS="959" VPOS="860" WIDTH="62" HEIGHT="21" WC="0.96" CONTENT="också"/>
						</TextLine>
						<TextLine ID="line_25" HPOS="195" VPOS="888" WIDTH="825" HEIGHT="27">
							<String ID="string_274" HPOS="195" VPOS="891" WIDTH="30" HEIGHT="18" WC="0.96" CONTENT="ett"/><SP WIDTH="16" VPOS="891" HPOS="225"/>
							<String ID="string_275" HPOS="241" VPOS="888" WIDTH="52" HEIGHT="26" WC="0.96" CONTENT="skäl,"/><SP WIDTH="17" VPOS="888" HPOS="293"/>
							<String ID="string_276" HPOS="310" VPOS="894" WIDTH="44" HEIGHT="15" WC="0.96" CONTENT="som"/><SP WIDTH="17" VPOS="894" HPOS="354"/>
							<String ID="string_277" HPOS="371" VPOS="889" WIDTH="18" HEIGHT="25" WC="0.95" CONTENT="ej"/><SP WIDTH="18" VPOS="889" HPOS="389"/>
							<String ID="string_278" HPOS="407" VPOS="888" WIDTH="84" HEIGHT="21" WC="0.96" CONTENT="alldeles"/><SP WIDTH="16" VPOS="888" HPOS="491"/>
							<String ID="string_279" HPOS="507" VPOS="888" WIDTH="39" HEIGHT="21" WC="0.93" CONTENT="bör"/><SP WIDTH="15" VPOS="888" HPOS="546"/>
							<String ID="string_280" HPOS="561" VPOS="888" WIDTH="96" HEIGHT="21" WC="0.91" CONTENT="förbises."/><SP WIDTH="31" VPOS="888" HPOS="657"/>
							<String ID="string_281" HPOS="688" VPOS="888" WIDTH="112" HEIGHT="22" WC="0.94" CONTENT="Utskottet"/><SP WIDTH="16" VPOS="888" HPOS="800"/>
							<String ID="string_282" HPOS="816" VPOS="888" WIDTH="44" HEIGHT="26" WC="0.96" CONTENT="har,"/><SP WIDTH="12" VPOS="888" HPOS="860"/>
							<String ID="string_283" HPOS="872" VPOS="889" WIDTH="69" HEIGHT="20" WC="0.93" CONTENT="såsom"/><SP WIDTH="11" VPOS="889" HPOS="941"/>
							<String ID="string_284" HPOS="952" VPOS="889" WIDTH="68" HEIGHT="26" WC="0.92" CONTENT="sagdt,"/>
						</TextLine>
						<TextLine ID="line_26" HPOS="194" VPOS="916" WIDTH="827" HEIGHT="28">
							<String ID="string_285" HPOS="194" VPOS="917" WIDTH="27" HEIGHT="26" WC="0.95" CONTENT="på"/><SP WIDTH="24" VPOS="917" HPOS="221"/>
							<String ID="string_286" HPOS="245" VPOS="916" WIDTH="61" HEIGHT="22" WC="0.95" CONTENT="dessa"/><SP WIDTH="23" VPOS="916" HPOS="306"/>
							<String ID="string_287" HPOS="329" VPOS="917" WIDTH="45" HEIGHT="20" WC="0.95" CONTENT="skäl"/><SP WIDTH="23" VPOS="917" HPOS="374"/>
							<String ID="string_288" HPOS="397" VPOS="919" WIDTH="68" HEIGHT="19" WC="0.95" CONTENT="ansett"/><SP WIDTH="23" VPOS="919" HPOS="465"/>
							<String ID="string_289" HPOS="488" VPOS="918" WIDTH="30" HEIGHT="25" WC="0.96" CONTENT="sig"/><SP WIDTH="17" VPOS="918" HPOS="518"/>
							<String ID="string_290" HPOS="535" VPOS="917" WIDTH="51" HEIGHT="21" WC="0.96" CONTENT="böra"/><SP WIDTH="16" VPOS="917" HPOS="586"/>
							<String ID="string_291" HPOS="602" VPOS="917" WIDTH="69" HEIGHT="21" WC="0.96" CONTENT="lemna"/><SP WIDTH="17" VPOS="917" HPOS="671"/>
							<String ID="string_292" HPOS="688" VPOS="918" WIDTH="102" HEIGHT="26" WC="0.96" CONTENT="styrelsen"/><SP WIDTH="17" VPOS="918" HPOS="790"/>
							<String ID="string_293" HPOS="807" VPOS="917" WIDTH="68" HEIGHT="21" WC="0.96" CONTENT="medel"/><SP WIDTH="16" VPOS="917" HPOS="875"/>
							<String ID="string_294" HPOS="891" VPOS="917" WIDTH="6" HEIGHT="21" WC="0.96" CONTENT="i"/><SP WIDTH="16" VPOS="917" HPOS="897"/>
							<String ID="string_295" HPOS="913" VPOS="917" WIDTH="108" HEIGHT="21" WC="0.95" CONTENT="händerna"/>
						</TextLine>
						<TextLine ID="line_27" HPOS="194" VPOS="945" WIDTH="695" HEIGHT="21">
							<String ID="string_296" HPOS="194" VPOS="945" WIDTH="34" HEIGHT="21" WC="0.96" CONTENT="för"/><SP WIDTH="15" VPOS="945" HPOS="228"/>
							<String ID="string_297" HPOS="243" VPOS="948" WIDTH="33" HEIGHT="18" WC="0.95" CONTENT="att"/><SP WIDTH="16" VPOS="948" HPOS="276"/>
							<String ID="string_298" HPOS="292" VPOS="945" WIDTH="71" HEIGHT="21" WC="0.95" CONTENT="kunna"/><SP WIDTH="15" VPOS="945" HPOS="363"/>
							<String ID="string_299" HPOS="378" VPOS="945" WIDTH="69" HEIGHT="21" WC="0.96" CONTENT="utföra"/><SP WIDTH="16" VPOS="945" HPOS="447"/>
							<String ID="string_300" HPOS="463" VPOS="946" WIDTH="64" HEIGHT="20" WC="0.94" CONTENT="saken"/><SP WIDTH="17" VPOS="946" HPOS="527"/>
							<String ID="string_301" HPOS="544" VPOS="946" WIDTH="56" HEIGHT="20" WC="0.96" CONTENT="inom"/><SP WIDTH="18" VPOS="946" HPOS="600"/>
							<String ID="string_302" HPOS="618" VPOS="946" WIDTH="39" HEIGHT="20" WC="0.95" CONTENT="den"/><SP WIDTH="17" VPOS="946" HPOS="657"/>
							<String ID="string_303" HPOS="674" VPOS="948" WIDTH="107" HEIGHT="18" WC="0.95" CONTENT="närmaste"/><SP WIDTH="16" VPOS="948" HPOS="781"/>
							<String ID="string_304" HPOS="797" VPOS="946" WIDTH="92" HEIGHT="20" WC="0.95" CONTENT="framtid."/>
						</TextLine>
					</TextBlock>
				</ComposedBlock>
				<ComposedBlock ID="cblock_3" HPOS="194" VPOS="1002" WIDTH="828" HEIGHT="191">
					<TextBlock ID="block_2" HPOS="194" VPOS="1002" WIDTH="828" HEIGHT="191">
						<TextLine ID="line_28" HPOS="264" VPOS="1002" WIDTH="756" HEIGHT="26">
							<String ID="string_305" HPOS="264" VPOS="1002" WIDTH="110" HEIGHT="20" WC="0.96" CONTENT="Professor"/><SP WIDTH="24" VPOS="1002" HPOS="374"/>
							<String ID="string_306" HPOS="398" VPOS="1008" WIDTH="38" HEIGHT="14" WC="0.96" CONTENT="von"/><SP WIDTH="24" VPOS="1008" HPOS="436"/>
							<String ID="string_307" HPOS="460" VPOS="1002" WIDTH="105" HEIGHT="21" WC="0.96" CONTENT="Essen:"/><SP WIDTH="26" VPOS="1002" HPOS="565"/>
							<String ID="string_308" HPOS="591" VPOS="1002" WIDTH="30" HEIGHT="21" WC="0.96" CONTENT="På"/><SP WIDTH="25" VPOS="1002" HPOS="621"/>
							<String ID="string_309" HPOS="646" VPOS="1002" WIDTH="36" HEIGHT="21" WC="0.96" CONTENT="det"/><SP WIDTH="23" VPOS="1002" HPOS="682"/>
							<String ID="string_310" HPOS="705" VPOS="1005" WIDTH="31" HEIGHT="18" WC="0.96" CONTENT="att"/><SP WIDTH="23" VPOS="1005" HPOS="736"/>
							<String ID="string_311" HPOS="759" VPOS="1002" WIDTH="116" HEIGHT="21" WC="0.96" CONTENT="statsrådet"/><SP WIDTH="15" VPOS="1002" HPOS="875"/>
							<String ID="string_312" HPOS="890" VPOS="1002" WIDTH="98" HEIGHT="22" WC="0.96" CONTENT="Lindelöf"/><SP WIDTH="14" VPOS="1002" HPOS="988"/>
							<String ID="string_313" HPOS="1002" VPOS="1002" WIDTH="18" HEIGHT="26" WC="0.97" CONTENT="ej"/>
						</TextLine>
						<TextLine ID="line_29" HPOS="195" VPOS="1030" WIDTH="827" HEIGHT="27">
							<String ID="string_314" HPOS="195" VPOS="1030" WIDTH="67" HEIGHT="21" WC="0.96" CONTENT="måtte"/><SP WIDTH="17" VPOS="1030" HPOS="262"/>
							<String ID="string_315" HPOS="279" VPOS="1036" WIDTH="60" HEIGHT="15" WC="0.96" CONTENT="anses"/><SP WIDTH="16" VPOS="1036" HPOS="339"/>
							<String ID="string_316" HPOS="355" VPOS="1036" WIDTH="49" HEIGHT="15" WC="0.96" CONTENT="vara"/><SP WIDTH="18" VPOS="1036" HPOS="404"/>
							<String ID="string_317" HPOS="422" VPOS="1037" WIDTH="70" HEIGHT="14" WC="0.95" CONTENT="ensam"/><SP WIDTH="17" VPOS="1037" HPOS="492"/>
							<String ID="string_318" HPOS="509" VPOS="1037" WIDTH="34" HEIGHT="14" WC="0.96" CONTENT="om"/><SP WIDTH="17" VPOS="1037" HPOS="543"/>
							<String ID="string_319" HPOS="560" VPOS="1031" WIDTH="31" HEIGHT="20" WC="0.93" CONTENT="sin"/><SP WIDTH="16" VPOS="1031" HPOS="591"/>
							<String ID="string_320" HPOS="607" VPOS="1031" WIDTH="55" HEIGHT="26" WC="0.91" CONTENT="åsigt"/><SP WIDTH="16" VPOS="1031" HPOS="662"/>
							<String ID="string_321" HPOS="678" VPOS="1031" WIDTH="38" HEIGHT="21" WC="0.95" CONTENT="och"/><SP WIDTH="16" VPOS="1031" HPOS="716"/>
							<String ID="string_322" HPOS="732" VPOS="1030" WIDTH="33" HEIGHT="22" WC="0.96" CONTENT="för"/><SP WIDTH="16" VPOS="1030" HPOS="765"/>
							<String ID="string_323" HPOS="781" VPOS="1033" WIDTH="31" HEIGHT="19" WC="0.96" CONTENT="att"/><SP WIDTH="13" VPOS="1033" HPOS="812"/>
							<String ID="string_324" HPOS="825" VPOS="1030" WIDTH="78" HEIGHT="22" WC="0.96" CONTENT="bereda"/><SP WIDTH="11" VPOS="1030" HPOS="903"/>
							<String ID="string_325" HPOS="914" VPOS="1031" WIDTH="108" HEIGHT="26" WC="0.95" CONTENT="möjlighet"/>
						</TextLine>
						<TextLine ID="line_30" HPOS="194" VPOS="1058" WIDTH="826" HEIGHT="28">
							<String ID="string_326" HPOS="194" VPOS="1058" WIDTH="33" HEIGHT="21" WC="0.96" CONTENT="för"/><SP WIDTH="21" VPOS="1058" HPOS="227"/>
							<String ID="string_327" HPOS="248" VPOS="1061" WIDTH="32" HEIGHT="18" WC="0.96" CONTENT="att"/><SP WIDTH="24" VPOS="1061" HPOS="280"/>
							<String ID="string_328" HPOS="304" VPOS="1059" WIDTH="35" HEIGHT="21" WC="0.96" CONTENT="det"/><SP WIDTH="22" VPOS="1059" HPOS="339"/>
							<String ID="string_329" HPOS="361" VPOS="1058" WIDTH="21" HEIGHT="21" WC="0.96" CONTENT="af"/><SP WIDTH="23" VPOS="1058" HPOS="382"/>
							<String ID="string_330" HPOS="405" VPOS="1058" WIDTH="75" HEIGHT="22" WC="0.96" CONTENT="honom"/><SP WIDTH="20" VPOS="1058" HPOS="480"/>
							<String ID="string_331" HPOS="500" VPOS="1059" WIDTH="74" HEIGHT="26" WC="0.96" CONTENT="gjorda"/><SP WIDTH="16" VPOS="1059" HPOS="574"/>
							<String ID="string_332" HPOS="590" VPOS="1059" WIDTH="102" HEIGHT="26" WC="0.96" CONTENT="förslaget"/><SP WIDTH="15" VPOS="1059" HPOS="692"/>
							<String ID="string_333" HPOS="707" VPOS="1060" WIDTH="34" HEIGHT="20" WC="0.96" CONTENT="må"/><SP WIDTH="16" VPOS="1060" HPOS="741"/>
							<String ID="string_334" HPOS="757" VPOS="1060" WIDTH="85" HEIGHT="20" WC="0.96" CONTENT="komma"/><SP WIDTH="15" VPOS="1060" HPOS="842"/>
							<String ID="string_335" HPOS="857" VPOS="1059" WIDTH="68" HEIGHT="21" WC="0.93" CONTENT="under"/><SP WIDTH="15" VPOS="1059" HPOS="925"/>
							<String ID="string_336" HPOS="940" VPOS="1059" WIDTH="80" HEIGHT="27" WC="0.91" CONTENT="bepröf-"/>
						</TextLine>
						<TextLine ID="line_31" HPOS="195" VPOS="1087" WIDTH="826" HEIGHT="27">
							<String ID="string_337" HPOS="195" VPOS="1087" WIDTH="50" HEIGHT="26" WC="0.95" CONTENT="ning"/><SP WIDTH="24" VPOS="1087" HPOS="245"/>
							<String ID="string_338" HPOS="269" VPOS="1087" WIDTH="38" HEIGHT="21" WC="0.96" CONTENT="och"/><SP WIDTH="25" VPOS="1087" HPOS="307"/>
							<String ID="string_339" HPOS="332" VPOS="1088" WIDTH="136" HEIGHT="25" WC="0.96" CONTENT="omröstning,"/><SP WIDTH="25" VPOS="1088" HPOS="468"/>
							<String ID="string_340" HPOS="493" VPOS="1088" WIDTH="35" HEIGHT="20" WC="0.96" CONTENT="ber"/><SP WIDTH="20" VPOS="1088" HPOS="528"/>
							<String ID="string_341" HPOS="548" VPOS="1088" WIDTH="35" HEIGHT="26" WC="0.96" CONTENT="jag"/><SP WIDTH="23" VPOS="1088" HPOS="583"/>
							<String ID="string_342" HPOS="606" VPOS="1090" WIDTH="31" HEIGHT="18" WC="0.96" CONTENT="att"/><SP WIDTH="16" VPOS="1090" HPOS="637"/>
							<String ID="string_343" HPOS="653" VPOS="1087" WIDTH="21" HEIGHT="21" WC="0.96" CONTENT="få"/><SP WIDTH="16" VPOS="1087" HPOS="674"/>
							<String ID="string_344" HPOS="690" VPOS="1088" WIDTH="73" HEIGHT="21" WC="0.96" CONTENT="förena"/><SP WIDTH="16" VPOS="1088" HPOS="763"/>
							<String ID="string_345" HPOS="779" VPOS="1088" WIDTH="41" HEIGHT="25" WC="0.96" CONTENT="mig"/><SP WIDTH="15" VPOS="1088" HPOS="820"/>
							<String ID="string_346" HPOS="835" VPOS="1088" WIDTH="7" HEIGHT="20" WC="0.96" CONTENT="i"/><SP WIDTH="16" VPOS="1088" HPOS="842"/>
							<String ID="string_347" HPOS="858" VPOS="1088" WIDTH="36" HEIGHT="21" WC="0.96" CONTENT="det"/><SP WIDTH="15" VPOS="1088" HPOS="894"/>
							<String ID="string_348" HPOS="909" VPOS="1088" WIDTH="21" HEIGHT="21" WC="0.95" CONTENT="af"/><SP WIDTH="14" VPOS="1088" HPOS="930"/>
							<String ID="string_349" HPOS="944" VPOS="1088" WIDTH="77" HEIGHT="21" WC="0.96" CONTENT="honom"/>
						</TextLine>
						<TextLine ID="line_32" HPOS="195" VPOS="1115" WIDTH="825" HEIGHT="28">
							<String ID="string_350" HPOS="195" VPOS="1115" WIDTH="75" HEIGHT="26" WC="0.96" CONTENT="gjorda"/><SP WIDTH="26" VPOS="1115" HPOS="270"/>
							<String ID="string_351" HPOS="296" VPOS="1115" WIDTH="101" HEIGHT="27" WC="0.95" CONTENT="förslaget"/><SP WIDTH="25" VPOS="1115" HPOS="397"/>
							<String ID="string_352" HPOS="422" VPOS="1118" WIDTH="31" HEIGHT="18" WC="0.96" CONTENT="att"/><SP WIDTH="23" VPOS="1118" HPOS="453"/>
							<String ID="string_353" HPOS="476" VPOS="1122" WIDTH="25" HEIGHT="15" WC="0.96" CONTENT="en"/><SP WIDTH="24" VPOS="1122" HPOS="501"/>
							<String ID="string_354" HPOS="525" VPOS="1116" WIDTH="54" HEIGHT="21" WC="0.95" CONTENT="rund"/><SP WIDTH="22" VPOS="1116" HPOS="579"/>
							<String ID="string_355" HPOS="601" VPOS="1122" WIDTH="82" HEIGHT="15" WC="0.95" CONTENT="summa"/><SP WIDTH="22" VPOS="1122" HPOS="683"/>
							<String ID="string_356" HPOS="705" VPOS="1116" WIDTH="22" HEIGHT="21" WC="0.92" CONTENT="af"/><SP WIDTH="18" VPOS="1116" HPOS="727"/>
							<String ID="string_357" HPOS="745" VPOS="1117" WIDTH="91" HEIGHT="23" WC="0.91" CONTENT="300,000"/><SP WIDTH="17" VPOS="1117" HPOS="836"/>
							<String ID="string_358" HPOS="853" VPOS="1116" WIDTH="59" HEIGHT="21" WC="0.96" CONTENT="mark"/><SP WIDTH="16" VPOS="1116" HPOS="912"/>
							<String ID="string_359" HPOS="928" VPOS="1116" WIDTH="92" HEIGHT="27" WC="0.96" CONTENT="beviljas."/>
						</TextLine>
						<TextLine ID="line_33" HPOS="195" VPOS="1143" WIDTH="826" HEIGHT="49">
							<String ID="string_360" HPOS="195" VPOS="1143" WIDTH="157" HEIGHT="49" WC="0.25" CONTENT="rs"/><SP WIDTH="26" VPOS="1143" HPOS="352"/>
							<String ID="string_361" HPOS="378" VPOS="1145" WIDTH="27" HEIGHT="26" WC="0.95" CONTENT="pä"/><SP WIDTH="25" VPOS="1145" HPOS="405"/>
							<String ID="string_362" HPOS="430" VPOS="1145" WIDTH="24" HEIGHT="20" WC="0.95" CONTENT="de"/><SP WIDTH="28" VPOS="1145" HPOS="454"/>
							<String ID="string_363" HPOS="482" VPOS="1144" WIDTH="56" HEIGHT="21" WC="0.93" CONTENT="olika"/><SP WIDTH="27" VPOS="1144" HPOS="538"/>
							<String ID="string_364" HPOS="565" VPOS="1144" WIDTH="94" HEIGHT="22" WC="0.92" CONTENT="bäkarna"/><SP WIDTH="24" VPOS="1144" HPOS="659"/>
							<String ID="string_365" HPOS="683" VPOS="1145" WIDTH="33" HEIGHT="20" WC="0.96" CONTENT="mä"/><SP WIDTH="24" VPOS="1145" HPOS="716"/>
							<String ID="string_366" HPOS="740" VPOS="1145" WIDTH="27" HEIGHT="21" WC="0.93" CONTENT="dä"/><SP WIDTH="16" VPOS="1145" HPOS="767"/>
							<String ID="string_367" HPOS="783" VPOS="1145" WIDTH="50" HEIGHT="20" WC="0.93" CONTENT="bero"/><SP WIDTH="17" VPOS="1145" HPOS="833"/>
							<String ID="string_368" HPOS="850" VPOS="1145" WIDTH="27" HEIGHT="26" WC="0.93" CONTENT="pä"/><SP WIDTH="16" VPOS="1145" HPOS="877"/>
							<String ID="string_369" HPOS="893" VPOS="1145" WIDTH="128" HEIGHT="26" WC="0.92" CONTENT="omständig-"/>
						</TextLine>
						<TextLine ID="line_34" HPOS="211" VPOS="1174" WIDTH="79" HEIGHT="19">
							<String ID="string_370" HPOS="211" VPOS="1174" WIDTH="79" HEIGHT="19" WC="0.92" CONTENT="eterna."/>
						</TextLine>
					</TextBlock>
				</ComposedBlock>
				<ComposedBlock ID="cblock_4" HPOS="193" VPOS="1229" WIDTH="831" HEIGHT="313">
					<TextBlock ID="block_3" HPOS="193" VPOS="1229" WIDTH="830" HEIGHT="142">
						<TextLine ID="line_35" HPOS="265" VPOS="1229" WIDTH="757" HEIGHT="27">
							<String ID="string_371" HPOS="265" VPOS="1229" WIDTH="90" HEIGHT="21" WC="0.92" CONTENT="Prosten"/><SP WIDTH="23" VPOS="1229" HPOS="355"/>
							<String ID="string_372" HPOS="378" VPOS="1229" WIDTH="96" HEIGHT="27" WC="0.96" CONTENT="Hjelt:"/><SP WIDTH="24" VPOS="1229" HPOS="474"/>
							<String ID="string_373" HPOS="498" VPOS="1229" WIDTH="112" HEIGHT="22" WC="0.96" CONTENT="Professor"/><SP WIDTH="23" VPOS="1229" HPOS="610"/>
							<String ID="string_374" HPOS="633" VPOS="1230" WIDTH="62" HEIGHT="21" WC="0.93" CONTENT="Cleve"/><SP WIDTH="15" VPOS="1230" HPOS="695"/>
							<String ID="string_375" HPOS="710" VPOS="1230" WIDTH="39" HEIGHT="21" WC="0.93" CONTENT="har"/><SP WIDTH="16" VPOS="1230" HPOS="749"/>
							<String ID="string_376" HPOS="765" VPOS="1231" WIDTH="69" HEIGHT="21" WC="0.93" CONTENT="säsom"/><SP WIDTH="16" VPOS="1231" HPOS="834"/>
							<String ID="string_377" HPOS="850" VPOS="1230" WIDTH="45" HEIGHT="21" WC="0.96" CONTENT="skäl"/><SP WIDTH="16" VPOS="1230" HPOS="895"/>
							<String ID="string_378" HPOS="911" VPOS="1230" WIDTH="33" HEIGHT="21" WC="0.93" CONTENT="för"/><SP WIDTH="15" VPOS="1230" HPOS="944"/>
							<String ID="string_379" HPOS="959" VPOS="1230" WIDTH="63" HEIGHT="22" WC="0.92" CONTENT="bevil-"/>
						</TextLine>
						<TextLine ID="line_36" HPOS="193" VPOS="1257" WIDTH="829" HEIGHT="28">
							<String ID="string_380" HPOS="193" VPOS="1257" WIDTH="64" HEIGHT="27" WC="0.92" CONTENT="jande"/><SP WIDTH="24" VPOS="1257" HPOS="257"/>
							<String ID="string_381" HPOS="281" VPOS="1257" WIDTH="22" HEIGHT="21" WC="0.96" CONTENT="af"/><SP WIDTH="22" VPOS="1257" HPOS="303"/>
							<String ID="string_382" HPOS="325" VPOS="1258" WIDTH="59" HEIGHT="21" WC="0.93" CONTENT="detta"/><SP WIDTH="23" VPOS="1258" HPOS="384"/>
							<String ID="string_383" HPOS="407" VPOS="1258" WIDTH="72" HEIGHT="26" WC="0.92" CONTENT="anslag"/><SP WIDTH="22" VPOS="1258" HPOS="479"/>
							<String ID="string_384" HPOS="501" VPOS="1258" WIDTH="77" HEIGHT="26" WC="0.91" CONTENT="anfört,"/><SP WIDTH="21" VPOS="1258" HPOS="578"/>
							<String ID="string_385" HPOS="599" VPOS="1261" WIDTH="32" HEIGHT="18" WC="0.93" CONTENT="att"/><SP WIDTH="16" VPOS="1261" HPOS="631"/>
							<String ID="string_386" HPOS="647" VPOS="1258" WIDTH="42" HEIGHT="22" WC="0.92" CONTENT="ifall"/><SP WIDTH="16" VPOS="1258" HPOS="689"/>
							<String ID="string_387" HPOS="705" VPOS="1259" WIDTH="98" HEIGHT="26" WC="0.93" CONTENT="anslaget"/><SP WIDTH="15" VPOS="1259" HPOS="803"/>
							<String ID="string_388" HPOS="818" VPOS="1259" WIDTH="17" HEIGHT="26" WC="0.91" CONTENT="ej"/><SP WIDTH="18" VPOS="1259" HPOS="835"/>
							<String ID="string_389" HPOS="853" VPOS="1259" WIDTH="86" HEIGHT="26" WC="0.96" CONTENT="beviljas"/><SP WIDTH="16" VPOS="1259" HPOS="939"/>
							<String ID="string_390" HPOS="955" VPOS="1259" WIDTH="67" HEIGHT="22" WC="0.96" CONTENT="skulle"/>
						</TextLine>
						<TextLine ID="line_37" HPOS="195" VPOS="1285" WIDTH="828" HEIGHT="29">
							<String ID="string_391" HPOS="195" VPOS="1285" WIDTH="75" HEIGHT="26" WC="0.93" CONTENT="frågan"/><SP WIDTH="24" VPOS="1285" HPOS="270"/>
							<String ID="string_392" HPOS="294" VPOS="1286" WIDTH="124" HEIGHT="27" WC="0.92" CONTENT="uppskjutas"/><SP WIDTH="21" VPOS="1286" HPOS="418"/>
							<String ID="string_393" HPOS="439" VPOS="1286" WIDTH="6" HEIGHT="20" WC="0.95" CONTENT="i"/><SP WIDTH="25" VPOS="1286" HPOS="445"/>
							<String ID="string_394" HPOS="470" VPOS="1287" WIDTH="40" HEIGHT="20" WC="0.96" CONTENT="fem"/><SP WIDTH="23" VPOS="1287" HPOS="510"/>
							<String ID="string_395" HPOS="533" VPOS="1287" WIDTH="30" HEIGHT="20" WC="0.92" CONTENT="år."/><SP WIDTH="32" VPOS="1287" HPOS="563"/>
							<String ID="string_396" HPOS="595" VPOS="1287" WIDTH="75" HEIGHT="21" WC="0.93" CONTENT="Denna"/><SP WIDTH="18" VPOS="1287" HPOS="670"/>
							<String ID="string_397" HPOS="688" VPOS="1287" WIDTH="59" HEIGHT="26" WC="0.96" CONTENT="fråga"/><SP WIDTH="15" VPOS="1287" HPOS="747"/>
							<String ID="string_398" HPOS="762" VPOS="1287" WIDTH="41" HEIGHT="21" WC="0.96" CONTENT="kan"/><SP WIDTH="17" VPOS="1287" HPOS="803"/>
							<String ID="string_399" HPOS="820" VPOS="1288" WIDTH="83" HEIGHT="26" WC="0.93" CONTENT="mycket"/><SP WIDTH="15" VPOS="1288" HPOS="903"/>
							<String ID="string_400" HPOS="918" VPOS="1287" WIDTH="33" HEIGHT="21" WC="0.96" CONTENT="väl"/><SP WIDTH="16" VPOS="1287" HPOS="951"/>
							<String ID="string_401" HPOS="967" VPOS="1289" WIDTH="56" HEIGHT="20" WC="0.96" CONTENT="ännu"/>
						</TextLine>
						<TextLine ID="line_38" HPOS="195" VPOS="1314" WIDTH="828" HEIGHT="29">
							<String ID="string_402" HPOS="195" VPOS="1314" WIDTH="56" HEIGHT="21" WC="0.88" CONTENT="hvila"/><SP WIDTH="22" VPOS="1314" HPOS="251"/>
							<String ID="string_403" HPOS="273" VPOS="1314" WIDTH="6" HEIGHT="20" WC="0.95" CONTENT="i"/><SP WIDTH="22" VPOS="1314" HPOS="279"/>
							<String ID="string_404" HPOS="301" VPOS="1314" WIDTH="40" HEIGHT="21" WC="0.94" CONTENT="fem"/><SP WIDTH="25" VPOS="1314" HPOS="341"/>
							<String ID="string_405" HPOS="366" VPOS="1315" WIDTH="29" HEIGHT="25" WC="0.95" CONTENT="är,"/><SP WIDTH="24" VPOS="1315" HPOS="395"/>
							<String ID="string_406" HPOS="419" VPOS="1315" WIDTH="26" HEIGHT="20" WC="0.96" CONTENT="dä"/><SP WIDTH="25" VPOS="1315" HPOS="445"/>
							<String ID="string_407" HPOS="470" VPOS="1315" WIDTH="39" HEIGHT="21" WC="0.96" CONTENT="den"/><SP WIDTH="24" VPOS="1315" HPOS="509"/>
							<String ID="string_408" HPOS="533" VPOS="1315" WIDTH="65" HEIGHT="21" WC="0.93" CONTENT="redan"/><SP WIDTH="23" VPOS="1315" HPOS="598"/>
							<String ID="string_409" HPOS="621" VPOS="1316" WIDTH="65" HEIGHT="21" WC="0.90" CONTENT="hvilat"/><SP WIDTH="15" VPOS="1316" HPOS="686"/>
							<String ID="string_410" HPOS="701" VPOS="1316" WIDTH="6" HEIGHT="20" WC="0.47" CONTENT="i"/><SP WIDTH="16" VPOS="1316" HPOS="707"/>
							<String ID="string_411" HPOS="723" VPOS="1317" WIDTH="34" HEIGHT="20" WC="0.47" CONTENT="35."/><SP WIDTH="32" VPOS="1317" HPOS="757"/>
							<String ID="string_412" HPOS="789" VPOS="1316" WIDTH="86" HEIGHT="21" WC="0.95" CONTENT="Ganska"/><SP WIDTH="16" VPOS="1316" HPOS="875"/>
							<String ID="string_413" HPOS="891" VPOS="1317" WIDTH="75" HEIGHT="25" WC="0.92" CONTENT="många"/><SP WIDTH="14" VPOS="1317" HPOS="966"/>
							<String ID="string_414" HPOS="980" VPOS="1317" WIDTH="43" HEIGHT="26" WC="0.88" CONTENT="sjö-"/>
						</TextLine>
						<TextLine ID="line_39" HPOS="195" VPOS="1343" WIDTH="827" HEIGHT="28">
							<String ID="string_415" HPOS="195" VPOS="1343" WIDTH="88" HEIGHT="20" WC="0.90" CONTENT="farande"/><SP WIDTH="22" VPOS="1343" HPOS="283"/>
							<String ID="string_416" HPOS="305" VPOS="1343" WIDTH="38" HEIGHT="20" WC="0.93" CONTENT="och"/><SP WIDTH="14" VPOS="1343" HPOS="343"/>
							<String ID="string_417" HPOS="357" VPOS="1343" WIDTH="109" HEIGHT="21" WC="0.92" CONTENT="deribland"/><SP WIDTH="16" VPOS="1343" HPOS="466"/>
							<String ID="string_418" HPOS="482" VPOS="1343" WIDTH="32" HEIGHT="26" WC="0.96" CONTENT="de,"/><SP WIDTH="16" VPOS="1343" HPOS="514"/>
							<String ID="string_419" HPOS="530" VPOS="1350" WIDTH="46" HEIGHT="15" WC="0.93" CONTENT="som"/><SP WIDTH="17" VPOS="1350" HPOS="576"/>
							<String ID="string_420" HPOS="593" VPOS="1344" WIDTH="95" HEIGHT="26" WC="0.92" CONTENT="begagna"/><SP WIDTH="15" VPOS="1344" HPOS="688"/>
							<String ID="string_421" HPOS="703" VPOS="1347" WIDTH="66" HEIGHT="24" WC="0.93" CONTENT="vägen"/><SP WIDTH="17" VPOS="1347" HPOS="769"/>
							<String ID="string_422" HPOS="786" VPOS="1345" WIDTH="90" HEIGHT="20" WC="0.91" CONTENT="emellan"/><SP WIDTH="16" VPOS="1345" HPOS="876"/>
							<String ID="string_423" HPOS="892" VPOS="1345" WIDTH="130" HEIGHT="26" WC="0.95" CONTENT="Stockholm,"/>
						</TextLine>
					</TextBlock>
					<TextBlock ID="block_4" HPOS="195" VPOS="1371" WIDTH="829" HEIGHT="171">
						<TextLine ID="line_40" HPOS="215" VPOS="1371" WIDTH="809" HEIGHT="28">
							<String ID="string_424" HPOS="215" VPOS="1371" WIDTH="27" HEIGHT="20" WC="0.93" CONTENT="bo"/><SP WIDTH="17" VPOS="1371" HPOS="242"/>
							<String ID="string_425" HPOS="259" VPOS="1371" WIDTH="39" HEIGHT="21" WC="0.96" CONTENT="och"/><SP WIDTH="14" VPOS="1371" HPOS="298"/>
							<String ID="string_426" HPOS="312" VPOS="1371" WIDTH="130" HEIGHT="26" WC="0.92" CONTENT="Helsingfors"/><SP WIDTH="10" VPOS="1371" HPOS="442"/>
							<String ID="string_427" HPOS="452" VPOS="1374" WIDTH="37" HEIGHT="19" WC="0.92" CONTENT="äro"/><SP WIDTH="15" VPOS="1374" HPOS="489"/>
							<String ID="string_428" HPOS="504" VPOS="1372" WIDTH="17" HEIGHT="26" WC="0.92" CONTENT="ej"/><SP WIDTH="15" VPOS="1372" HPOS="521"/>
							<String ID="string_429" HPOS="536" VPOS="1372" WIDTH="136" HEIGHT="27" WC="0.92" CONTENT="öfvertygade"/><SP WIDTH="11" VPOS="1372" HPOS="672"/>
							<String ID="string_430" HPOS="683" VPOS="1379" WIDTH="33" HEIGHT="14" WC="0.93" CONTENT="om"/><SP WIDTH="11" VPOS="1379" HPOS="716"/>
							<String ID="string_431" HPOS="727" VPOS="1373" WIDTH="185" HEIGHT="26" WC="0.92" CONTENT="nödvändigheten"/><SP WIDTH="11" VPOS="1373" HPOS="912"/>
							<String ID="string_432" HPOS="923" VPOS="1373" WIDTH="22" HEIGHT="21" WC="0.96" CONTENT="af"/><SP WIDTH="10" VPOS="1373" HPOS="945"/>
							<String ID="string_433" HPOS="955" VPOS="1373" WIDTH="69" HEIGHT="21" WC="0.96" CONTENT="denna"/>
						</TextLine>
						<TextLine ID="line_41" HPOS="195" VPOS="1399" WIDTH="829" HEIGHT="28">
							<String ID="string_434" HPOS="195" VPOS="1399" WIDTH="54" HEIGHT="21" WC="0.91" CONTENT="bäks"/><SP WIDTH="24" VPOS="1399" HPOS="249"/>
							<String ID="string_435" HPOS="273" VPOS="1399" WIDTH="137" HEIGHT="27" WC="0.95" CONTENT="uppförande."/><SP WIDTH="30" VPOS="1399" HPOS="410"/>
							<String ID="string_436" HPOS="440" VPOS="1401" WIDTH="32" HEIGHT="20" WC="0.93" CONTENT="De"/><SP WIDTH="23" VPOS="1401" HPOS="472"/>
							<String ID="string_437" HPOS="495" VPOS="1400" WIDTH="61" HEIGHT="21" WC="0.93" CONTENT="hafva"/><SP WIDTH="22" VPOS="1400" HPOS="556"/>
							<String ID="string_438" HPOS="578" VPOS="1403" WIDTH="91" HEIGHT="19" WC="0.92" CONTENT="tvertom"/><SP WIDTH="23" VPOS="1403" HPOS="669"/>
							<String ID="string_439" HPOS="692" VPOS="1401" WIDTH="96" HEIGHT="23" WC="0.96" CONTENT="anhållit,"/><SP WIDTH="26" VPOS="1401" HPOS="788"/>
							<String ID="string_440" HPOS="814" VPOS="1404" WIDTH="32" HEIGHT="18" WC="0.93" CONTENT="att"/><SP WIDTH="15" VPOS="1404" HPOS="846"/>
							<String ID="string_441" HPOS="861" VPOS="1401" WIDTH="106" HEIGHT="26" WC="0.92" CONTENT="Lägskärs"/><SP WIDTH="14" VPOS="1401" HPOS="967"/>
							<String ID="string_442" HPOS="981" VPOS="1401" WIDTH="43" HEIGHT="22" WC="0.92" CONTENT="bäk"/>
						</TextLine>
						<TextLine ID="line_42" HPOS="197" VPOS="1427" WIDTH="827" HEIGHT="30">
							<String ID="string_443" HPOS="197" VPOS="1427" WIDTH="68" HEIGHT="22" WC="0.89" CONTENT="skulle"/><SP WIDTH="25" VPOS="1427" HPOS="265"/>
							<String ID="string_444" HPOS="290" VPOS="1428" WIDTH="63" HEIGHT="21" WC="0.89" CONTENT="blifva"/><SP WIDTH="24" VPOS="1428" HPOS="353"/>
							<String ID="string_445" HPOS="377" VPOS="1428" WIDTH="122" HEIGHT="22" WC="0.92" CONTENT="förvandlad"/><SP WIDTH="23" VPOS="1428" HPOS="499"/>
							<String ID="string_446" HPOS="522" VPOS="1429" WIDTH="31" HEIGHT="20" WC="0.93" CONTENT="till"/><SP WIDTH="16" VPOS="1429" HPOS="553"/>
							<String ID="string_447" HPOS="569" VPOS="1429" WIDTH="33" HEIGHT="28" WC="0.90" CONTENT="fyr"/><SP WIDTH="16" VPOS="1429" HPOS="602"/>
							<String ID="string_448" HPOS="618" VPOS="1442" WIDTH="26" HEIGHT="2" WC="0.90" CONTENT="—"/><SP WIDTH="17" VPOS="1442" HPOS="644"/>
							<String ID="string_449" HPOS="661" VPOS="1430" WIDTH="35" HEIGHT="21" WC="0.96" CONTENT="det"/><SP WIDTH="15" VPOS="1430" HPOS="696"/>
							<String ID="string_450" HPOS="711" VPOS="1436" WIDTH="38" HEIGHT="15" WC="0.93" CONTENT="var"/><SP WIDTH="16" VPOS="1436" HPOS="749"/>
							<String ID="string_451" HPOS="765" VPOS="1430" WIDTH="56" HEIGHT="21" WC="0.93" CONTENT="blott"/><SP WIDTH="16" VPOS="1430" HPOS="821"/>
							<String ID="string_452" HPOS="837" VPOS="1436" WIDTH="25" HEIGHT="15" WC="0.93" CONTENT="en"/><SP WIDTH="16" VPOS="1436" HPOS="862"/>
							<String ID="string_453" HPOS="878" VPOS="1429" WIDTH="146" HEIGHT="27" WC="0.93" CONTENT="känningsbäk"/>
						</TextLine>
						<TextLine ID="line_43" HPOS="195" VPOS="1455" WIDTH="829" HEIGHT="29">
							<String ID="string_454" HPOS="195" VPOS="1455" WIDTH="62" HEIGHT="22" WC="0.90" CONTENT="förut."/><SP WIDTH="33" VPOS="1455" HPOS="257"/>
							<String ID="string_455" HPOS="290" VPOS="1457" WIDTH="105" HEIGHT="26" WC="0.92" CONTENT="Bogskärs"/><SP WIDTH="23" VPOS="1457" HPOS="395"/>
							<String ID="string_456" HPOS="418" VPOS="1457" WIDTH="41" HEIGHT="21" WC="0.92" CONTENT="bäk"/><SP WIDTH="23" VPOS="1457" HPOS="459"/>
							<String ID="string_457" HPOS="482" VPOS="1464" WIDTH="79" HEIGHT="20" WC="0.96" CONTENT="gagnar"/><SP WIDTH="25" VPOS="1464" HPOS="561"/>
							<String ID="string_458" HPOS="586" VPOS="1458" WIDTH="117" HEIGHT="26" WC="0.93" CONTENT="egentligen"/><SP WIDTH="27" VPOS="1458" HPOS="703"/>
							<String ID="string_459" HPOS="730" VPOS="1459" WIDTH="55" HEIGHT="20" WC="0.96" CONTENT="blott"/><SP WIDTH="24" VPOS="1459" HPOS="785"/>
							<String ID="string_460" HPOS="809" VPOS="1458" WIDTH="53" HEIGHT="26" WC="0.96" CONTENT="dem,"/><SP WIDTH="17" VPOS="1458" HPOS="862"/>
							<String ID="string_461" HPOS="879" VPOS="1464" WIDTH="44" HEIGHT="15" WC="0.93" CONTENT="som"/><SP WIDTH="16" VPOS="1464" HPOS="923"/>
							<String ID="string_462" HPOS="939" VPOS="1464" WIDTH="47" HEIGHT="15" WC="0.96" CONTENT="resa"/><SP WIDTH="16" VPOS="1464" HPOS="986"/>
							<String ID="string_463" HPOS="1002" VPOS="1459" WIDTH="22" HEIGHT="20" WC="0.96" CONTENT="ät"/>
						</TextLine>
						<TextLine ID="line_44" HPOS="195" VPOS="1484" WIDTH="829" HEIGHT="28">
							<String ID="string_464" HPOS="195" VPOS="1484" WIDTH="69" HEIGHT="21" WC="0.93" CONTENT="finska"/><SP WIDTH="17" VPOS="1484" HPOS="264"/>
							<String ID="string_465" HPOS="281" VPOS="1485" WIDTH="61" HEIGHT="21" WC="0.92" CONTENT="viken"/><SP WIDTH="17" VPOS="1485" HPOS="342"/>
							<String ID="string_466" HPOS="359" VPOS="1485" WIDTH="38" HEIGHT="21" WC="0.96" CONTENT="och"/><SP WIDTH="17" VPOS="1485" HPOS="397"/>
							<String ID="string_467" HPOS="414" VPOS="1486" WIDTH="88" HEIGHT="21" WC="0.96" CONTENT="svenska"/><SP WIDTH="16" VPOS="1486" HPOS="502"/>
							<String ID="string_468" HPOS="518" VPOS="1487" WIDTH="84" HEIGHT="25" WC="0.96" CONTENT="kusten,"/><SP WIDTH="16" VPOS="1487" HPOS="602"/>
							<String ID="string_469" HPOS="618" VPOS="1487" WIDTH="24" HEIGHT="20" WC="0.97" CONTENT="sä"/><SP WIDTH="15" VPOS="1487" HPOS="642"/>
							<String ID="string_470" HPOS="657" VPOS="1489" WIDTH="32" HEIGHT="18" WC="0.96" CONTENT="att"/><SP WIDTH="15" VPOS="1489" HPOS="689"/>
							<String ID="string_471" HPOS="704" VPOS="1487" WIDTH="31" HEIGHT="20" WC="0.96" CONTENT="för"/><SP WIDTH="17" VPOS="1487" HPOS="735"/>
							<String ID="string_472" HPOS="752" VPOS="1487" WIDTH="26" HEIGHT="20" WC="0.96" CONTENT="de"/><SP WIDTH="11" VPOS="1487" HPOS="778"/>
							<String ID="string_473" HPOS="789" VPOS="1487" WIDTH="90" HEIGHT="20" WC="0.93" CONTENT="svenska"/><SP WIDTH="11" VPOS="1487" HPOS="879"/>
							<String ID="string_474" HPOS="890" VPOS="1487" WIDTH="134" HEIGHT="21" WC="0.92" CONTENT="kustorterne"/>
						</TextLine>
						<TextLine ID="line_45" HPOS="195" VPOS="1513" WIDTH="829" HEIGHT="29">
							<String ID="string_475" HPOS="195" VPOS="1513" WIDTH="6" HEIGHT="20" WC="0.91" CONTENT="i"/><SP WIDTH="24" VPOS="1513" HPOS="201"/>
							<String ID="string_476" HPOS="225" VPOS="1513" WIDTH="62" HEIGHT="22" WC="0.87" CONTENT="dessa"/><SP WIDTH="23" VPOS="1513" HPOS="287"/>
							<String ID="string_477" HPOS="310" VPOS="1513" WIDTH="81" HEIGHT="22" WC="0.91" CONTENT="trakter"/><SP WIDTH="25" VPOS="1513" HPOS="391"/>
							<String ID="string_478" HPOS="416" VPOS="1514" WIDTH="38" HEIGHT="21" WC="0.96" CONTENT="kan"/><SP WIDTH="24" VPOS="1514" HPOS="454"/>
							<String ID="string_479" HPOS="478" VPOS="1515" WIDTH="40" HEIGHT="20" WC="0.96" CONTENT="den"/><SP WIDTH="23" VPOS="1515" HPOS="518"/>
							<String ID="string_480" HPOS="541" VPOS="1521" WIDTH="50" HEIGHT="15" WC="0.95" CONTENT="vara"/><SP WIDTH="23" VPOS="1521" HPOS="591"/>
							<String ID="string_481" HPOS="614" VPOS="1515" WIDTH="22" HEIGHT="21" WC="0.95" CONTENT="af"/><SP WIDTH="20" VPOS="1515" HPOS="636"/>
							<String ID="string_482" HPOS="656" VPOS="1514" WIDTH="115" HEIGHT="28" WC="0.93" CONTENT="betydelse."/><SP WIDTH="32" VPOS="1514" HPOS="771"/>
							<String ID="string_483" HPOS="803" VPOS="1515" WIDTH="49" HEIGHT="21" WC="0.93" CONTENT="Men"/><SP WIDTH="23" VPOS="1515" HPOS="852"/>
							<String ID="string_484" HPOS="875" VPOS="1515" WIDTH="149" HEIGHT="21" WC="0.90" CONTENT="hufvudskälet"/>
						</TextLine>
					</TextBlock>
				</ComposedBlock>
			</PrintSpace>
		</Page>
	</Layout>
</alto>
