1117 1817
240 118 41 20 712
455 122 162 18 Presteståndet
630 124 56 16 1872.
701 124 27 16 20
741 123 59 21 april.

280 204 10 20 I
313 204 105 21 anseende
440 203 33 21 till
494 202 246 22 talmanskonferensens
755 203 159 22 sammanträde
931 204 7 21 i
954 204 40 26 dag
1008 203 30 21 kl.

212 232 24 21 11
261 231 15 22 f.
301 238 27 15 m.
352 231 96 22 afbrötos
463 231 97 22 ståndets
576 231 160 27 förhandlingar
752 231 35 21 vid
803 232 69 21 denna
887 232 31 21 tid
934 232 39 21 och
987 232 53 21 fort-

211 262 67 20 sattes
303 261 46 21 åter
364 261 27 20 kl.
410 260 68 27 112/,,
495 259 27 22 då
536 260 52 21 herr
602 260 157 21 talmannen
797 260 144 27 tillkännagaf
955 263 31 19 att
1004 260 35 21 vid

211 289 232 22 talmanskonferensen
466 288 103 22 ståndens
591 288 63 27 plena
669 289 32 20 för
715 290 62 19 nästa
793 289 66 21 vecka
873 289 71 22 blifvit
959 290 82 21 utsatta

211 317 32 22 till
258 317 120 27 måndagen
393 317 39 22 och
448 317 122 26 torsdagen.

281 461 133 26 Föredrogos
437 461 39 21 och
499 461 145 21 antecknades
666 459 92 28 följande
780 460 47 21 från
851 461 139 21 medstånden
1008 461 33 20 in-

211 489 78 22 komne
304 489 208 27 protokollsutdrag:

281 552 28 25 A)
325 551 46 22 från
387 551 185 27 borgareståndet:
591 552 21 25 1)
628 552 49 21 med
687 552 157 21 underrättelse
855 553 72 20 derom
940 554 32 19 att
982 552 57 22 stån-

212 581 44 25 det,
280 581 34 20 vid
336 580 150 27 föredragning
501 580 24 21 af
538 581 109 20 allmänna
662 581 204 21 besvärsutskottets
882 581 135 21 betänkande
1033 581 7 21 i

213 609 114 26 anledning
349 609 23 21 af
393 609 25 21 de
434 609 114 26 petitioner
564 615 33 15 om
613 609 105 21 särskilda
731 609 254 28 jernvägsanläggningar
1000 610 39 21 och

209 637 289 27 jernvägsundersökningar,
523 644 45 14 som
591 638 69 21 under
681 638 143 21 innevarande
847 638 102 27 landtdag
971 638 69 21 blifvit

213 666 77 20 väckta
313 666 38 21 och
374 666 65 26 enligt
460 666 160 21 vederbörande
642 666 73 21 stånds
737 666 73 21 derom
825 667 82 21 fattade
922 667 70 20 beslut
1007 667 31 21 till

212 694 107 21 utskottet
341 694 141 25 remitterade,
506 694 89 21 beslutit
618 696 38 24 att,
679 695 63 20 innan
764 695 89 21 ärendet
871 695 169 21 underkastades

214 722 73 27 slutlig
309 722 105 28 pröfning,
435 723 111 21 remittera
562 723 118 21 detsamma
695 723 32 21 till
741 724 168 25 statsutskottet,
924 724 48 20 med
987 730 52 20 upp-

212 751 88 27 maning
322 753 32 19 att
375 752 89 20 aflemna
487 752 114 26 utredning
619 752 19 26 ej
653 752 82 20 mindre
751 752 91 21 rörande
858 752 67 26 årliga
940 752 100 27 beloppet

213 780 22 21 af
257 780 26 21 de
299 780 74 26 medel,
391 786 45 15 som
450 780 69 21 under
534 782 108 19 närmaste
658 780 41 21 fem
715 780 24 21 år
755 780 72 21 kunna
841 782 63 24 göras
920 780 120 27 disponibla

212 808 33 22 för
266 808 222 27 jernvägsbyggnader
510 809 52 21 eller
577 809 122 21 annuiteter
714 809 32 21 till
760 809 141 27 jernvägslån,
917 810 27 20 än
960 809 39 21 ock
1014 816 26 14 ur

212 836 182 22 statsekonomisk
417 837 107 27 synpunkt
548 837 70 21 utläta
640 838 32 26 sig
688 844 33 14 om
737 838 39 20 och
792 838 6 20 i
814 838 85 21 hvilken
914 838 54 21 form
984 839 56 20 samt

213 866 33 20 till
266 866 55 20 hvad
337 866 77 26 belopp
429 866 76 26 bidrag
520 866 22 21 af
556 866 129 21 statsverket
703 866 32 21 till
751 866 26 21 de
793 866 125 27 ifrågasatta
933 866 107 21 banornas

213 894 113 22 utförande
340 900 75 21 genom
431 894 97 21 enskilda
544 894 63 28 bolag
622 894 35 22 mä
672 894 165 27 ifrägakomma;

283 957 21 26 2)
327 963 34 15 om
375 956 156 28 godkännande
546 957 24 21 af
582 957 154 27 lagutskottets
753 957 135 21 betänkande
903 958 6 20 i
925 958 113 26 anledning

213 985 23 21 af
254 985 78 26 nädiga
354 985 158 27 propositionen
536 992 34 14 om
594 986 119 26 antagande
735 985 22 21 af
778 986 213 27 fridlysningsstadga
1006 986 34 21 för

213 1020 46 20 gas-
275 1014 39 21 och
330 1014 195 26 vattenledningar;

283 1076 22 26 3)
326 1082 34 15 om
376 1077 118 25 antagande
510 1076 22 21 af
546 1082 81 16 samma
642 1077 93 21 utskotts
753 1077 134 22 betänkande
904 1078 6 20 i
925 1077 114 27 anledning

213 1104 23 21 af
257 1104 77 26 nädiga
349 1105 165 26 propositionen,
533 1105 110 27 angäende
658 1106 119 26 ersättning
792 1106 32 20 till
839 1106 81 21 vittnen
936 1106 6 20 i
958 1105 81 21 sädana

213 1133 74 26 grofva
303 1133 106 26 brottmål,
424 1134 32 20 uti
472 1133 71 21 hvilka
558 1134 80 21 allmän
654 1134 99 27 åklagare
769 1141 50 20 eger
834 1134 46 21 föra
895 1134 71 24 talan;

283 1196 21 26 4)
326 1195 148 22 innehållande
494 1196 156 21 underrättelse
673 1197 72 20 derom
768 1199 33 19 att
823 1197 92 26 ståndet,
936 1197 34 20 vid
985 1196 55 21 före-

214 1224 103 27 dragning
337 1224 23 21 af
373 1224 106 21 allmänna
495 1225 204 21 besvärsutskottets
714 1225 135 22 betänkande
864 1224 7 22 i
889 1225 113 26 anledning
1020 1224 23 21 af

215 1259 24 14 en
262 1253 56 21 inom
340 1253 154 21 bondeståndet
516 1253 64 21 väckt
598 1253 91 27 petition
709 1260 34 15 om
759 1254 126 21 förändrade
900 1254 93 26 grunder
1008 1253 32 21 för

214 1281 322 27 räntepersedleomsättningen,
559 1282 89 21 beslutit
670 1284 32 19 att
722 1283 115 21 ständerna
852 1283 75 26 skulle,
941 1282 48 21 med
1004 1282 36 21 be-

213 1310 92 26 tygande
320 1310 23 21 af
357 1310 31 21 sin
404 1310 146 27 underdåniga
564 1311 99 20 erkänsla
678 1311 33 21 för
726 1311 27 21 H.
769 1311 25 21 K.
810 1311 48 21 M:ts
874 1311 7 21 i
892 1311 59 21 detta
961 1311 79 20 ärende

213 1337 80 27 afgifna
315 1339 76 26 nådiga
413 1338 58 25 löfte,
492 1339 7 20 i
522 1339 171 27 underdånighet
709 1339 86 22 anhålla
810 1342 32 19 att
857 1340 133 27 proposition
1005 1345 34 16 om

213 1367 315 27 räntepersedleomsättningen
543 1367 67 22 måtte
618 1369 115 20 ständerna
743 1369 35 20 vid
786 1368 177 22 nästkommande
971 1368 69 21 landt-

214 1395 41 27 dag
270 1396 33 21 till
317 1395 127 28 granskning
460 1396 40 21 och
516 1397 121 26 antagande
652 1396 129 27 föreläggas;
800 1397 39 21 och

284 1459 20 25 5)
327 1465 34 14 om
385 1459 119 26 antagande
526 1459 22 21 af
566 1459 172 22 statsutskottets
755 1459 134 22 betänkande
905 1459 7 21 i
927 1455 113 31 anledning

213 1485 23 22 af
257 1487 165 21 bondeståndets
444 1487 183 27 petitionsförslag
644 1490 33 19 att
696 1488 34 21 vid
745 1488 177 21 nästkommande
937 1487 103 28 landtdag

213 1515 115 22 ständerna
343 1515 67 22 skulle
425 1515 120 28 föreläggas
560 1516 64 27 nådig
640 1517 131 26 proposition
787 1523 34 15 om
837 1516 124 27 försäljning
976 1516 23 21 af
1014 1517 26 21 de
