1117 1817
324 156 164 18 Presteståndet
501 158 55 16 1872.
580 157 28 17 20
622 156 58 21 april.
849 152 40 21 723

91 237 109 22 Danmark
220 237 70 26 hvarje
305 237 46 20 elev
366 236 23 21 af
403 237 27 20 70
446 236 96 21 interner
558 236 74 21 kostar
650 237 62 24 1,000
728 236 67 27 mark,
810 237 6 20 i
833 236 85 27 Sverige

91 266 72 26 hvarje
186 265 44 21 elev
253 266 41 21 800
317 265 66 25 mark,
409 265 107 26 nemligen
532 265 27 21 då
575 265 109 20 elevernas
700 265 59 20 antal
774 266 25 19 är
815 265 33 20 66.
877 265 40 27 Jag

92 295 99 26 tillägger
206 293 39 21 här
260 296 31 19 att
306 294 7 20 i
329 293 99 26 Sachsen,
446 293 38 21 der
500 293 149 22 erfarenheten
664 293 7 21 i
687 293 230 26 blindundervisnings-

93 323 72 26 frågan
189 322 44 21 står
255 324 52 19 nära
329 329 41 19 nog
393 322 63 27 högst
479 322 7 21 i
502 322 92 27 Europa,
611 323 24 20 är
651 322 80 21 antalet
747 322 22 21 af
784 323 27 20 90
827 322 69 21 elever
911 322 6 21 i

93 351 109 22 instituten
226 351 64 20 likväl
313 351 18 26 ej
347 351 7 20 i
369 350 63 21 stånd
448 352 33 19 att
497 351 83 20 minska
596 350 87 27 afgiften
699 350 33 21 för
747 351 123 20 internerna
885 350 32 22 till

92 380 81 21 mindre
195 381 26 19 än
242 379 40 22 800
297 379 67 21 mark.
393 379 45 21 Der
454 379 75 21 kostar
544 379 72 26 hvarje
632 379 70 21 intern
718 379 68 26 precis
802 379 44 21 lika
861 385 55 21 myc-

92 409 36 21 ket
144 415 45 15 som
205 409 6 20 i
227 407 90 28 Sverige.
348 408 45 21 När
408 414 50 15 man
474 407 83 22 således
566 408 100 21 besinnar
677 410 32 19 att
720 408 6 20 i
738 408 101 21 händelse
848 408 69 21 blind-

92 437 106 22 anstalten
213 443 50 15 vore
278 437 85 20 försedd
379 437 47 20 med
443 437 29 20 70
488 437 75 24 elever,
579 436 21 21 vi
616 436 54 21 hade
685 436 73 27 hvarje
773 437 46 20 elev
829 437 34 21 för
875 437 42 21 580

91 466 67 25 mark,
185 465 23 22 så
223 465 67 22 måste
306 465 20 21 vi
342 465 33 21 väl
391 465 108 26 medgifva
514 467 32 19 att
562 465 118 21 kostnaden
695 465 34 21 för
745 465 72 27 hvarje
832 465 45 22 elev
893 467 24 20 är

92 495 112 22 beräknad
225 495 57 26 lägre
305 496 26 19 än
353 494 6 21 i
381 493 65 27 något
462 493 22 22 af
498 493 62 22 dessa
575 493 81 22 länder.
686 493 103 27 Slutligen
805 501 62 14 anser
880 494 37 27 jag

91 523 43 26 mig
156 523 74 26 pligtig
252 525 39 22 att,
313 522 136 21 alldenstund
470 522 38 27 jag
531 522 39 21 har
593 523 55 26 tagit
662 522 69 26 någon
747 522 119 21 kännedom
882 529 33 14 om

92 551 160 22 förhållandena
271 551 55 21 både
341 551 6 21 i
363 551 85 26 Sverige
465 551 39 21 och
521 551 47 21 vårt
583 551 56 24 land,
655 551 94 26 tillägga,
764 553 33 19 att
813 551 35 21 det
864 551 18 26 ej
893 553 23 19 är

92 579 137 22 bortkastade
251 581 123 26 penningar,
397 585 45 15 som
462 586 50 15 man
528 579 39 21 här
583 580 65 25 begär
664 580 22 20 af
700 579 218 27 bevillningsmedlen.

92 608 62 21 Afser
177 615 47 14 man
244 609 104 26 nemligen
365 608 55 21 blott
436 608 41 21 den
494 608 139 21 ekonomiska
648 608 60 21 sidan
724 608 21 21 af
759 609 72 25 saken,
849 609 66 20 måste

91 643 48 15 man
162 639 77 25 antaga
261 639 32 19 att
312 637 243 21 underhållskostnaden
571 637 33 20 för
620 636 74 27 hvarje
709 637 57 20 blind
781 643 84 20 person,
881 643 34 15 om

91 666 40 20 den
151 666 18 26 ej
191 666 41 20 kan
255 666 89 26 bidraga
366 665 33 21 till
422 666 38 20 sitt
482 665 119 26 underhåll,
622 665 68 21 måste
705 665 106 21 beräknas
826 666 32 20 till
876 666 39 20 100

91 694 66 26 mark,
179 694 39 21 och
233 694 89 21 sålunda
337 700 34 15 om
387 694 41 20 han
445 694 67 21 lefver
527 694 27 21 50
571 694 23 21 år
610 694 32 20 till
659 694 62 24 5,000
737 694 67 21 mark.
834 694 43 21 Det
892 696 23 19 är

90 723 105 25 anmärkt,
211 726 32 18 att
259 723 25 21 de
300 722 73 21 blinda
387 722 26 21 af
426 722 42 21 lätt
483 723 88 21 insedda
587 722 46 21 skäl
650 722 54 21 lefva
714 722 112 27 vanligtvis
837 723 77 26 längre,

90 754 27 18 än
141 752 24 20 de
189 752 82 20 seende.
301 751 87 21 Således
411 753 36 19 äro
464 752 28 20 50
508 751 24 21 år
547 752 17 26 ej
581 751 33 21 för
629 751 84 27 mycket
729 751 104 27 tilltagna.
863 751 52 21 Der-

90 782 58 19 emot
169 780 42 20 kan
234 786 25 15 en
280 780 64 26 blind,
360 786 45 14 som
422 780 69 20 blifvit
506 780 96 21 utbildad
619 780 31 20 till
667 780 199 26 arbetsskicklighet
880 786 35 20 ge-

91 815 48 15 nom
163 808 72 22 arbete
257 809 44 21 helt
323 808 39 22 och
386 808 66 22 hållet
473 810 81 19 ersätta
570 808 55 21 hvad
642 808 52 21 hans
710 808 150 27 undervisning
875 808 39 22 och

91 837 110 21 underhåll
217 838 71 20 kostat
303 837 119 21 samhället.
453 836 40 22 Om
509 837 105 26 nemligen
630 837 117 21 kostnaden
763 837 34 21 vid
809 844 25 14 en
846 837 69 21 blind-

90 866 80 21 anstalt
185 866 68 21 skulle
268 866 33 21 för
317 866 72 21 eleven
405 866 77 26 belöpa
498 866 32 25 sig
546 866 32 21 till
594 866 42 20 600
652 865 60 21 mark
727 866 6 20 i
750 865 45 21 året
811 866 51 21 eller
878 872 36 14 un-

90 895 38 21 der
149 895 12 20 5
184 894 24 21 är
230 894 32 22 till
285 895 63 21 3.000
370 894 61 21 mark
447 894 41 21 och
504 894 36 22 det
555 894 54 22 efter
624 894 107 26 utgången
747 893 46 22 från
809 894 106 22 institutet

90 923 123 21 meddelade
235 923 140 21 understödet
397 923 33 21 till
446 923 28 21 30
490 923 62 21 mark
567 924 5 20 i
589 923 47 21 året
651 923 52 21 eller
718 922 67 22 under
801 924 27 20 40
843 922 24 22 år
882 923 32 21 till

92 952 60 24 1,200
177 952 67 25 mark,
265 952 24 21 så
320 952 39 20 har
385 952 115 20 samhället
524 952 99 20 vidkänts
650 958 25 14 en
701 951 90 21 kostdad
814 951 23 21 af
850 952 64 24 4,200

88 980 61 21 mark
171 980 34 21 för
229 980 71 27 hvarje
321 980 65 22 sådan
409 980 65 21 blind.
508 980 132 26 Emellertid,
667 980 66 26 enligt
755 980 55 20 hvad
831 980 82 21 erfaren

89 1008 62 22 heten
167 1009 66 27 gifver
249 1009 33 21 vid
298 1009 90 25 handen,
403 1009 42 21 kan
462 1008 61 22 äfven
540 1015 25 15 en
581 1009 59 21 blind
656 1008 156 22 handtverkare
823 1008 91 27 förtjena

88 1038 14 20 4
124 1037 13 21 å
159 1038 42 20 500
221 1038 60 21 mark
297 1044 34 14 om
347 1038 53 20 året.
429 1038 97 26 Antager
542 1044 48 14 man
606 1038 33 20 för
654 1037 51 21 våra
720 1037 146 21 förhållanden
882 1039 32 19 att

88 1072 26 14 en
133 1066 30 21 till
180 1066 199 27 arbetsskicklighet
394 1066 71 22 bildad
482 1066 60 21 blind
557 1066 41 21 kan
614 1066 6 21 i
636 1066 99 21 medeltal
751 1066 92 26 förtjena
859 1066 54 21 blott

88 1094 40 22 och
151 1094 48 22 bart
220 1095 42 21 200
285 1096 60 20 mark
370 1101 33 15 om
420 1095 52 26 året,
490 1095 40 21 och
545 1094 90 22 sålunda
650 1094 28 27 på
693 1095 28 21 40
736 1095 24 20 år
775 1095 62 23 8,000
853 1095 60 21 mark

88 1122 24 21 så
135 1123 63 20 hafva
221 1124 26 24 vi,
270 1124 65 20 sedan
357 1124 121 20 kostnaden
494 1124 33 20 för
543 1124 52 20 hans
612 1124 85 25 möjliga
713 1123 115 21 understöd
845 1123 68 21 blifvit

88 1151 107 26 afdragen,
212 1158 25 15 en
253 1158 37 15 ren
306 1152 124 21 ekonomisk
445 1152 58 21 vinst
518 1151 23 21 af
554 1152 13 21 3
584 1152 31 21 till
632 1152 64 24 4,000
709 1151 66 26 mark,
787 1157 44 15 som
841 1151 72 26 hvarje

88 1180 72 26 sådan,
183 1186 33 15 om
239 1180 41 21 han
303 1181 104 26 nemligen
423 1179 66 22 lefver
505 1180 32 21 till
554 1181 39 20 den
609 1181 66 24 sagda
691 1180 79 25 åldern,
785 1186 76 21 genom
877 1181 36 20 sitt

88 1208 73 21 arbete
184 1209 87 20 lemnar.
303 1209 40 26 Jag
366 1209 39 21 har
425 1209 6 21 i
454 1209 62 21 detta
537 1209 117 21 sistnämda
670 1209 100 20 afseende
786 1211 71 18 ansett
871 1209 42 26 mig

88 1237 53 21 böra
162 1237 97 22 meddela
282 1238 131 26 ordagrannt
428 1237 56 22 hvad
500 1237 148 21 föreståndare
664 1237 33 21 för
712 1237 164 21 blindanstalter
892 1237 23 22 af

88 1266 120 21 erfarenhet
230 1266 122 21 framhållit.
383 1266 48 21 Men
452 1266 38 27 jag
512 1266 69 21 skulle
597 1266 18 27 ej
632 1266 64 21 hafva
710 1265 71 22 anfört
797 1266 65 25 detta,
879 1272 33 15 om

84 1294 38 27 jag
147 1295 19 26 ej
186 1295 27 26 på
228 1296 52 19 nära
295 1295 43 21 håll
354 1295 39 21 och
408 1301 76 20 genom
502 1294 278 27 bekantskapsförhållande
796 1295 32 20 till
844 1294 69 21 direk-

88 1325 34 19 tor
145 1323 57 26 Borg
224 1324 6 21 i
253 1323 123 22 Stockholm
392 1324 56 21 varit
463 1323 6 21 i
485 1323 84 22 tillfälle
584 1325 33 19 att
632 1323 48 21 fullt
697 1323 109 26 öfvertyga
821 1323 42 26 mig
879 1329 33 16 om

87 1351 129 27 riktigheten
239 1352 22 21 af
279 1352 62 21 dessa
356 1352 112 27 uppgifter,
485 1354 33 19 att
534 1353 71 20 eleven
620 1351 48 22 från
684 1352 107 21 institutet
805 1351 62 22 faller
881 1352 32 27 sig

86 1380 34 21 för
135 1382 69 19 staten
226 1381 47 20 vida
289 1381 95 26 billigare
399 1387 75 20 genom
492 1381 36 20 det
543 1381 74 20 arbete
633 1381 42 20 han
690 1381 42 20 kan
747 1380 122 27 verkställa,
885 1382 27 19 än

86 1415 35 15 om
136 1415 49 15 man
200 1409 49 26 inga
263 1409 118 27 penningar
396 1409 68 22 skulle
478 1409 95 21 användt
588 1409 28 27 på
631 1409 53 21 hans
700 1409 155 26 undervisning.

154 1437 103 27 Slutligen
281 1438 39 21 och
343 1439 39 20 sist
402 1438 37 21 ber
449 1438 37 27 jag
502 1440 33 19 att
549 1437 22 22 få
586 1439 78 20 nämna
680 1437 78 22 derom,
772 1437 86 21 hvilken
873 1437 40 21 sak

87 1467 24 20 är
126 1466 56 21 känd
197 1467 24 20 af
234 1467 73 26 hvarje
322 1466 22 21 af
358 1467 96 21 ståndets
470 1466 146 25 medlemmar,
633 1468 33 19 att
680 1467 117 26 petitionen
809 1471 34 16 om
854 1465 59 22 detta

87 1495 144 21 blindinstitut
251 1495 45 27 just
317 1495 72 27 utgick
412 1495 47 21 från
482 1495 166 27 presteståndet.
678 1495 32 20 De
734 1494 67 27 öfriga
823 1493 89 22 stånden

86 1523 101 22 förenade
209 1524 32 26 sig
257 1524 74 21 endast
347 1524 48 21 med
410 1523 164 27 presteståndet.
606 1524 41 26 Jag
662 1523 69 21 skulle
746 1523 33 21 för
795 1523 42 21 min
853 1523 59 26 ringa

86 1551 34 22 del
142 1552 85 27 föreslå,
249 1555 32 18 att
302 1553 107 26 professor
433 1552 75 21 Cleves
532 1552 132 21 reservation
682 1551 69 22 blefve
766 1554 99 23 antagen,
880 1551 31 21 åt-
