1117 1817
327 148 161 18 Presteständet
500 149 54 17 1872.
580 149 21 16 16
614 148 58 22 april.
847 144 42 21 683

90 228 76 23 sädant
188 228 73 26 tillägg
283 227 32 22 till
337 228 115 21 utskottets
467 227 141 25 betänkande,
624 234 45 15 som
686 230 85 24 prosten
788 228 59 26 Hjelt
862 228 55 21 före-

90 257 68 26 slagit.
189 256 77 21 Tillika
288 256 93 21 önskade
401 256 36 27 jag
453 256 117 26 framhålla,
588 257 36 20 det
638 256 108 27 åtskilliga
761 256 22 21 af
798 256 26 21 de
840 256 77 25 inkast,

91 292 46 15 som
156 285 6 21 i
178 285 69 21 denna
261 285 59 26 fräga
335 285 68 21 blifvit
418 285 138 26 framställda,
572 291 63 20 synas
652 285 41 26 mig
708 285 129 26 fullkomligt
852 285 65 21 ohäll-

91 314 58 21 bara.
179 313 28 22 Sä
222 315 15 19 t.
253 319 31 16 ex.
301 313 38 22 har
355 319 25 16 en
396 313 126 27 föregående
537 313 67 22 talare
620 313 48 21 sökt
683 313 69 21 införa
767 319 42 22 nya
824 313 94 22 faktorer

91 343 7 20 i
114 342 25 21 de
157 342 148 26 beräkningar,
323 342 27 27 pä
361 342 70 21 hvilka
443 342 105 21 banornas
561 341 133 22 rentabilitet
704 341 69 22 skulle
787 342 82 27 grunda
879 342 37 27 sig,

92 371 104 26 nemligen
212 370 109 22 städernas
339 369 162 23 handelsflottor
514 370 39 22 och
569 370 85 21 lästetal
666 377 26 14 m.
704 377 35 18 m.,
751 370 68 22 ehuru
827 371 36 27 jag
874 373 45 19 tror

92 401 32 20 att
143 399 26 22 de
187 399 100 25 faktorer,
303 405 45 16 som
359 399 106 21 utskottet
476 399 77 21 anvädt
564 401 37 19 äro
613 399 32 25 de,
658 405 45 15 som
715 399 5 20 i
732 399 138 22 förevarande
881 399 37 22 fall

92 433 106 16 ensamme
215 427 62 22 torde
295 427 60 22 hafva
371 427 68 27 nägon
455 427 49 27 vigt.
522 427 115 22 Städernas
645 427 164 22 handelsflottor
819 428 64 21 vistas
893 434 25 15 en

92 459 46 19 stor
154 457 34 21 del
202 456 21 22 af
233 457 52 23 året,
293 456 22 27 ja
329 459 74 18 nästan
415 456 152 27 kontinuerligt
577 458 36 19 ute
625 457 27 26 pä
662 455 124 22 fraktresor.
802 457 65 21 Detta
877 457 42 21 kan

92 485 18 27 ej
122 485 61 22 hafva
193 486 65 25 nägot
269 485 68 21 direkt
347 484 113 28 inflytande
471 485 27 26 pä
507 485 46 21 värt
564 485 60 20 lands
630 485 119 26 jernvägar.
765 485 79 21 Likasä
853 487 24 19 är
884 485 35 21 det

92 514 36 21 tvä
143 514 67 21 andra
225 513 188 27 omständigheter,
428 519 45 16 som
490 513 101 21 särskildt
606 513 167 21 vedersakarene
790 513 22 22 af
825 508 46 27 Äbo
883 513 36 22 ba-

93 548 41 15 nan
149 542 75 26 anfört,
241 542 38 21 och
295 542 28 27 pä
337 541 71 22 hvilka
420 542 37 27 jag
472 541 94 22 önskade
581 541 55 22 fästa
652 541 95 22 ständets
757 542 162 27 uppmärksam-

93 570 42 26 het,
152 570 103 27 nemligen
271 571 51 20 först
338 571 39 21 och
392 570 74 22 främst
479 570 39 22 den
530 570 162 27 invändningen,
703 572 32 19 att
746 570 36 21 det
793 577 49 14 vore
854 571 65 21 riska-

93 598 44 23 belt
161 598 32 22 för
217 599 72 21 landet
313 601 32 19 att
367 599 119 22 skuldsätta
505 599 31 22 sig
556 599 34 20 för
609 599 119 26 jernvägar.
766 599 75 21 Denna
865 599 55 26 äsigt

93 627 42 22 kan
149 627 38 27 jag
201 627 114 26 ingalunda
331 627 53 22 dela.
415 627 77 22 Pastor
506 627 67 22 Lilius
589 627 39 22 har
643 627 66 22 redan
725 627 6 21 i
747 627 59 22 detta
821 627 98 22 afseende

94 657 69 20 anfört
181 656 96 26 Sveriges
300 656 100 26 exempel.
430 656 40 26 Jag
486 656 49 21 ville
550 656 88 26 tillägga
653 656 72 26 hvarje
741 656 61 21 lands
818 656 101 26 exempel,

94 684 71 26 hvarje
187 684 59 21 lands
269 684 110 27 nemligen,
401 685 37 21 der
450 684 114 27 jernvägar
580 684 68 21 blifvit
664 684 75 27 bygda.
770 684 41 26 Jag
826 687 46 19 tror
887 686 33 19 att

94 719 47 15 man
164 713 17 27 ej
201 713 54 21 skall
270 713 71 22 kunna
356 713 88 27 uppvisa
459 716 31 18 ett
506 713 54 21 enda
575 712 57 26 land,
648 718 45 16 som
709 712 68 22 skulle
794 712 61 22 hafva
869 713 50 26 äng-

93 744 39 23 rat,
149 744 32 18 att
197 742 35 20 det
247 742 97 26 upptagit
359 742 35 21 län
410 742 32 20 för
457 742 128 26 produktiva
600 741 105 21 ändamäl.
737 742 31 20 De
779 741 80 27 länder,
868 741 51 21 hvil-

94 770 38 22 kas
152 769 91 22 finanser
265 772 37 19 äro
325 770 118 26 ruinerade,
466 770 62 21 hafva
550 770 62 21 råkat
635 770 6 20 i
651 770 66 21 detta
732 769 96 22 tillstånd
843 776 74 20 genom

94 798 34 22 län
143 798 33 21 för
190 799 156 26 improduktiva
361 799 87 27 företag,
464 799 70 21 säsom
550 800 15 19 t.
581 804 31 16 ex.
629 798 52 26 krig.
697 799 40 21 Att
747 798 91 26 skulder,
851 799 67 21 äsam-

94 827 53 21 kade
165 827 33 21 för
213 827 155 27 improduktiva
383 827 88 27 företag,
487 829 37 19 äro
541 826 129 28 förderfliga,
686 827 61 21 torde
763 827 34 21 väl
812 827 52 21 hvar
879 827 39 21 och

94 862 26 15 en
141 855 110 27 medgifva.
281 856 102 21 Deremot
398 862 34 15 om
447 858 15 18 t.
478 862 32 15 ex.
526 858 28 18 ett
572 856 56 24 land,
644 855 31 21 lät
690 862 51 15 vara
756 855 96 25 Finland,
868 861 50 15 vore

94 884 91 28 skyldigt
201 884 141 26 100,000,000
357 885 60 21 mark
432 884 38 21 och
486 884 55 22 hade
553 884 121 26 jernvägar,
687 884 38 21 och
737 884 62 21 dessa
807 884 112 26 jernvägar

94 912 67 22 skulle
184 913 6 20 i
206 919 80 15 samma
300 913 124 27 proportion
440 913 48 27 höja
504 912 83 22 landets
603 912 103 26 välständ,
723 919 44 15 som
784 912 65 26 enligt
864 912 55 21 hvad

94 943 72 25 pastor
191 941 66 21 Lilius
272 944 73 24 yttrat,
361 944 35 24 egt
411 948 46 14 rum
473 942 6 20 i
495 941 93 26 Sverige,
604 942 24 20 sä
643 941 68 21 skulle
727 941 72 21 landet
814 940 105 27 exempel-

94 970 31 21 vis
139 970 80 26 ärligen
236 970 40 21 öka
291 971 38 21 sitt
345 970 79 27 kapital
440 970 48 21 med
504 970 133 26 10,000,000.
668 970 72 21 Skulle
755 970 47 21 äter
817 969 73 21 landet
899 968 18 27 ej

95 1004 49 16 vara
165 1004 25 15 en
215 999 62 26 penni
300 998 93 28 skyldigt
408 1004 46 16 men
471 998 62 22 hafva
548 999 50 25 inga
610 998 120 26 jernvägar,
746 998 23 21 sä
785 1004 50 15 vore
851 998 68 20 denna

94 1027 150 21 inkomstkälla
259 1027 18 27 ej
294 1027 31 21 till
340 1027 109 21 finnandes
464 1027 40 21 och
520 1027 72 21 landet
608 1026 107 26 förblefve,
727 1026 54 22 efter
791 1026 70 27 vanlig
870 1032 48 20 pro-

95 1055 170 27 centberäkning,
289 1056 78 21 hälften
389 1055 104 27 fattigare.
523 1056 46 21 Den
593 1055 67 21 andra
675 1055 22 21 af
711 1056 43 26 mig
769 1054 91 28 antydda
877 1060 43 16 om-

95 1084 146 26 ständigheten
263 1085 64 21 rörde
350 1085 64 25 nägra
439 1084 22 21 af
474 1084 108 26 professor
596 1084 104 21 Forsman
716 1084 34 21 vid
766 1085 83 20 senaste
864 1089 56 15 sam-

94 1112 111 22 manträde
230 1113 89 21 anförda
344 1113 64 25 fakta,
431 1112 72 22 hvilka
526 1112 68 22 skulle
617 1112 45 21 tala
687 1114 44 19 mot
743 1112 116 26 jernvägen
874 1111 46 21 frän

94 1141 76 21 Wiiala
185 1140 32 21 till
233 1135 53 28 Äbo.
317 1141 31 22 Pä
363 1141 159 26 vanskligheten
538 1141 23 21 af
575 1140 62 22 dessa
652 1140 59 21 fakta
727 1140 38 21 har
780 1141 65 20 redan
862 1139 57 22 dom-

94 1171 87 26 prosten
206 1169 87 22 Renvall
308 1169 42 22 fäst
364 1169 223 28 uppmärksamheten,
604 1175 48 15 men
665 1169 37 26 jag
717 1168 69 22 skulle
802 1168 48 27 vilja
865 1170 56 19 ännu

95 1197 86 27 tillägga
207 1198 41 25 det,
274 1200 31 19 att
328 1198 132 22 distanserna
482 1198 18 26 ej
524 1204 51 15 voro
598 1198 75 26 riktigt
694 1197 107 27 uppgifna.
831 1197 90 20 Prosten

95 1226 59 27 Hjelt
176 1226 39 21 har
233 1227 65 21 redan
321 1229 79 24 nämnt,
421 1229 32 18 att
469 1226 37 21 det
520 1227 76 20 endast
610 1228 25 19 är
653 1227 24 20 15
693 1225 52 22 eller
760 1226 27 21 25
803 1227 56 19 verst
874 1225 47 20 från

96 1254 207 22 etablissementerna
326 1256 6 20 i
347 1255 108 22 Tammela
470 1254 32 21 till
518 1255 41 21 den
574 1254 108 22 blifvande
695 1255 124 26 jernvägen;
833 1253 37 27 jag
885 1252 36 21 vill

95 1283 86 26 tillägga
206 1285 32 19 att
260 1283 107 22 afständet
387 1285 25 20 är
433 1284 28 21 40
484 1285 58 20 verst
564 1283 32 21 till
612 1283 41 22 den
669 1285 106 19 närmaste
791 1282 94 27 punkten
901 1281 22 22 af

96 1306 154 37 Tavastehus—
258 1306 139 37 Tammerfors
412 1312 76 21 banan.
519 1311 79 22 Likaså
613 1311 73 28 tyckes
701 1311 41 22 den
757 1311 82 26 äsigten
854 1310 67 27 hyllas

96 1339 22 22 af
130 1339 57 26 flere,
203 1341 32 20 att
250 1340 39 22 allt
304 1347 50 15 vore
369 1343 84 24 vunnet,
470 1347 34 15 om
520 1347 49 14 man
584 1340 40 21 har
636 1340 76 27 lyckan
722 1341 33 20 att
765 1339 27 22 bo
803 1341 52 19 nära
865 1338 57 21 hafs-

96 1368 105 23 stranden.
232 1369 41 26 Jag
295 1371 46 20 tror
354 1371 33 20 att
402 1369 121 27 derigenom
538 1369 28 26 pä
580 1369 61 26 längt
656 1370 39 20 när
710 1369 18 26 ej
745 1368 38 21 allt
799 1370 23 19 är
838 1369 84 24 vunnet,

95 1399 22 26 ty
132 1397 47 21 icke
193 1397 42 22 kan
251 1404 48 15 man
315 1397 46 22 frän
377 1398 72 26 hvarje
460 1397 120 27 bergsudde
590 1397 60 26 börja
660 1397 105 27 utskeppa
775 1396 148 22 landtmanna-

95 1425 125 28 produkter;
243 1426 36 21 det
294 1427 68 20 mäste
376 1426 68 21 finnas
460 1432 25 15 en
501 1425 123 27 centralort,
641 1425 39 22 der
694 1425 27 22 de
736 1425 78 22 samlas
831 1424 39 21 och
885 1423 38 21 der

96 1455 36 21 det
154 1454 67 22 finnes
243 1461 26 15 en
285 1455 145 27 korporation,
446 1461 46 15 som
508 1454 116 21 förmedlar
638 1454 163 26 omsättningen.
831 1453 41 26 Jag
887 1451 36 22 vill

96 1483 18 27 ej
137 1483 71 21 vidare
224 1483 113 27 uppehålla
351 1483 91 26 ståndet,
458 1485 51 19 utan
526 1483 131 21 äterhemtar
672 1482 76 22 endast
764 1482 42 21 min
821 1480 102 23 hemstäl-

95 1511 35 22 lan
152 1517 34 16 om
210 1511 57 22 bifall
289 1511 33 22 till
341 1511 245 25 utskottsbetänkandet,
603 1511 47 22 med
667 1511 41 22 den
723 1510 152 23 modifikation,
892 1511 31 19 att

95 1539 130 28 regeringen,
247 1546 34 15 om
304 1540 18 27 ej
345 1541 132 26 proposition
500 1541 6 20 i
528 1540 66 21 saken
616 1539 72 22 hunne
710 1539 87 27 afgifvas
819 1537 33 22 till
867 1537 57 22 inne-
