1117 1817
341 131 159 18 Presteståndet
514 132 55 17 1872.
594 132 23 17 16
630 132 58 21 april.
857 127 42 21 679

99 211 125 22 inträffande
239 212 126 20 missväxter
379 211 116 26 uppslukar
507 211 83 21 landets
603 211 119 27 tillgångar.
753 211 40 21 Om
805 218 48 14 man
864 212 64 21 också

100 241 45 20 icke
169 240 65 21 fäster
255 239 98 22 afseende
377 239 57 26 derå,
450 239 61 22 torde
528 246 47 15 man
591 239 6 21 i
614 239 137 22 Österbotten
767 240 18 26 ej
802 241 23 20 så
840 239 88 22 alldeles

100 270 51 20 utan
175 267 44 22 skäl
242 267 68 27 klaga,
327 269 32 20 att
374 268 48 21 dess
438 267 136 22 ekonomiska
590 268 111 22 intressen,
718 267 67 22 under
798 268 40 21 den
853 274 74 15 senare

100 297 60 21 delen
183 296 21 21 af
226 297 36 20 det
282 296 67 21 finska
364 295 77 22 folkets
456 296 231 27 utvecklingsstadium,
702 296 63 21 hafva
781 296 67 21 blifvit
864 297 63 26 något

101 325 152 21 tillbakasatta.
286 324 122 22 Utskottets
435 324 135 22 betänkande
595 327 105 25 upptager
725 327 32 18 att
782 325 39 21 den
845 325 84 21 direkta

100 353 193 27 kronouppbörden
315 353 7 21 i
365 353 27 22 Åbo
408 353 40 21 och
463 353 142 27 Björneborgs
622 354 34 21 län
672 355 63 25 utgör
750 354 27 20 26
789 354 36 27 3/,,
841 356 88 25 procent

101 382 21 21 af
146 382 39 21 den
201 388 88 20 summa,
305 381 85 22 hvartill
407 381 64 28 sagde
486 381 97 28 uppbörd
599 385 46 23 steg
661 382 7 21 i
683 382 46 21 hela
746 381 96 22 Finland.
872 382 56 21 Jem-

100 410 109 27 förelsevis
231 411 55 21 hade
307 410 36 21 det
365 410 18 27 ej
400 410 81 21 kunnat
496 411 67 20 skada
578 413 32 18 att
625 410 74 21 anföra
714 411 53 20 huru
784 411 83 26 mycket
882 411 46 21 från

100 438 137 23 Österbotten
259 439 66 26 ingår,
349 439 105 26 nemligen
470 438 46 22 från
532 439 64 21 Wasa
610 439 34 21 län
664 440 25 20 14
705 441 88 24 procent
808 440 39 20 och
863 439 64 22 Uleå-

100 467 63 28 borgs
178 468 35 21 län
229 470 12 19 9
258 467 18 21 d.
293 474 18 13 v.
327 473 16 16 s.
359 467 139 22 tillsammans
514 468 28 21 23
557 469 94 26 procent.
680 467 143 27 Domprosten
839 467 88 22 Renvall

101 496 39 21 har
162 499 53 24 sagt,
239 498 32 19 att
293 495 45 22 från
360 489 47 28 Åbo
422 495 35 22 län
473 495 39 22 har
528 495 197 22 öfverskottsmedel
741 495 68 22 blifvit
824 496 103 21 inbetalta

99 525 48 20 med
164 525 41 26 21/,
220 524 70 21 miljon
307 525 59 20 mark
381 524 86 27 årligen.
499 524 41 27 Jag
555 527 23 18 är
594 531 28 15 nu
638 525 17 26 ej
672 525 6 20 i
695 524 82 21 tillfälle
792 527 32 18 att
838 525 89 27 upplysa

100 552 54 22 hvad
177 553 46 21 från
266 553 118 21 Österbotten
407 553 39 21 har
468 553 82 22 kunnat
573 553 133 25 inlevereras,
727 559 48 15 men
791 553 5 20 i
812 553 116 21 allmänhet

100 581 61 21 torde
183 588 26 15 en
231 582 65 21 sådan
319 581 124 26 beräkning,
467 581 56 22 hvad
548 582 72 26 hvarje
636 581 34 22 län
686 581 81 22 lemnar
783 582 5 20 i
805 582 122 24 öfverskott,

102 615 48 16 vara
173 610 83 27 mycket
279 610 100 26 vansklig.
411 609 39 22 Om
474 616 48 15 man
542 613 14 18 t.
572 617 31 14 ex.
619 610 66 21 fäster
700 610 65 21 skildt
780 610 97 22 afseende
893 610 34 21 vid

100 638 41 21 den
164 638 106 22 allmänna
285 638 241 27 inkomstbevillningen,
543 640 23 20 så
581 639 39 21 har
635 639 6 20 i
657 633 47 27 Åbo
720 639 34 20 län
770 639 47 21 hela
833 639 93 22 beskatt-

101 667 74 26 ningen
199 667 77 21 utfallit
298 667 95 23 sålunda,
410 669 32 19 att
457 668 42 26 3!/;
515 671 87 23 procent
618 667 22 21 af
654 667 148 27 befolkningen
818 667 39 21 har
872 668 54 20 kun-

101 697 37 19 nat
160 695 115 25 beskattas,
299 696 38 20 och
353 696 6 20 i
375 695 63 21 Wasa
454 695 34 21 län
505 696 47 26 33/,.
582 696 42 21 Det
640 698 24 18 är
679 695 53 22 dock
748 698 48 18 sant
811 698 31 18 att
857 696 6 20 i
879 690 46 27 Åbo

101 724 34 20 län
158 723 107 22 allmänna
286 724 110 26 välmågan
412 726 23 19 är
450 725 24 20 så
489 724 84 27 mycket
588 726 76 23 större,
680 727 32 18 att
727 724 72 27 hvarje
814 724 113 22 skattande

100 752 39 21 har
160 752 40 21 fått
223 753 4 20 i
251 752 99 22 medeltal
368 752 70 21 betala
454 758 25 16 en
496 753 66 26 högre
574 752 60 28 afgift
649 755 27 19 än
692 752 5 21 i
713 752 64 22 Wasa
793 752 40 22 län.
865 752 61 22 Afser

101 786 47 16 man
164 780 155 27 behållningen,
335 782 24 20 så
373 782 39 25 går
427 781 45 21 från
489 781 64 21 Wasa
568 782 35 20 län
619 781 109 27 ingenting
743 781 31 21 till
791 782 134 26 statsverket,

101 811 22 25 ty
137 809 112 27 Jyväskylä
265 810 134 21 seminarium
415 809 67 27 ligger
498 810 56 21 inom
570 811 62 20 Wasa
648 810 46 20 läns
709 810 87 21 område
811 810 39 21 och
866 812 60 24 tager

99 837 40 21 allt
161 838 54 21 hvad
237 838 64 21 Wasa
316 838 34 21 län
366 838 5 20 i
389 838 113 26 bevillning
518 838 82 22 betalar
615 838 39 22 och
672 844 57 15 mera
745 838 76 21 dertill.
852 838 73 22 Skulle

97 865 116 28 Jyväskylä
235 867 134 21 seminarium
393 867 55 26 ligga
470 867 58 21 inom
550 861 47 27 Åbo
621 867 41 24 län,
685 868 23 20 så
723 867 68 21 skulle
807 867 26 21 de
848 868 77 24 94,000

101 894 65 26 mark,
182 895 31 21 till
230 895 79 21 hvilket
326 895 75 27 belopp
417 895 40 21 den
474 896 106 20 ordinarie
596 895 141 26 bevillningen
753 896 5 20 i
772 889 46 27 Åbo
829 895 34 21 län
875 902 51 20 upp-

100 924 44 25 går,
167 924 17 26 ej
207 924 64 21 räcka
293 924 32 20 till
349 923 98 22 behofvet
470 924 39 21 och
525 926 56 19 ännu
597 924 81 21 mindre
694 924 69 21 lemna
779 924 64 26 något
858 924 67 21 öfver-

99 952 64 25 skott,
187 952 39 21 och
249 952 89 22 sålunda
361 954 23 19 är
405 952 36 21 det
456 953 6 20 i
478 952 116 22 allmänhet
610 952 83 27 mycket
708 952 105 26 vanskligt
829 954 33 19 att
877 952 50 27 följa

100 986 26 14 en
148 980 65 22 sådan
236 980 117 27 beräkning.
389 980 111 22 Utskottet
521 981 39 21 har
581 981 32 21 för
637 981 63 27 öfrigt
715 981 98 21 anmärkt
828 987 33 15 om
877 981 49 21 tull-

100 1008 144 22 inkomsterna
267 1009 39 21 och
327 1008 127 22 framställer
470 1012 32 18 att
518 1010 61 20 dessa
595 1010 5 20 i
635 1009 27 21 Abo
678 1010 46 20 stad
742 1009 120 27 understiga
878 1010 47 20 dem

99 1036 46 22 från
160 1037 47 21 hela
224 1038 35 21 det
274 1040 70 19 vestra
359 1038 149 21 tulldistriktet
524 1038 47 28 med
586 1038 76 21 endast
677 1038 77 24 33,000
769 1038 67 20 mark.
865 1038 61 21 Hade

99 1065 104 22 utskottet
217 1066 86 26 jemfört
318 1066 41 21 alla
375 1066 109 21 städernas
500 1067 6 20 i
522 1066 139 22 Österbotten
677 1066 138 27 tulluppbörd
826 1066 47 21 med
884 1068 41 20 stä-

100 1094 75 21 dernas
198 1094 6 21 i
219 1088 48 28 Åbo
283 1094 40 26 län,
340 1094 55 22 hade
403 1094 97 22 siffrorna
511 1095 67 21 blifvit
594 1096 112 25 1,160,000
718 1095 34 21 mk
763 1094 39 22 och
815 1096 111 24 1,706,000

100 1122 64 21 mark.
196 1122 91 22 Hvarför
310 1124 105 20 utskottet
436 1123 82 21 lemnar
540 1123 193 26 sägningsafgiften,
753 1123 49 21 lots-
821 1123 39 21 och
876 1123 51 21 bäk-

99 1150 210 28 inrättningsmedlen
330 1151 44 21 helt
397 1151 38 22 och
454 1151 66 22 hället
536 1151 141 26 oberäknade,
694 1151 81 22 lemnar
787 1151 37 27 jag
839 1151 86 22 derhän.

98 1179 73 21 Skulle
187 1179 26 22 de
229 1179 61 22 hafva
305 1180 68 26 ingätt
388 1180 6 21 i
408 1180 149 27 beräkningen,
569 1180 67 21 skulle
647 1180 110 21 skilnaden
771 1179 66 22 blifvit
848 1182 77 23 större;

99 1208 40 20 den
163 1208 54 21 hade
237 1208 26 21 dä
279 1209 88 20 kommit
383 1211 32 18 att
430 1211 76 24 utgöra
522 1209 128 22 åtminstone
668 1209 40 21 120
724 1209 13 21 ä
754 1209 90 25 130,000
860 1208 65 21 mark.

100 1235 48 22 Men
163 1236 48 22 hela
227 1237 69 26 vigten
312 1237 66 27 ligger
393 1237 33 21 väl
441 1237 45 21 icke
503 1238 6 20 i
524 1237 147 27 importtullen
688 1238 26 26 pä
725 1244 25 15 en
763 1237 76 27 mängd
860 1237 67 21 öfver-

99 1264 122 27 flödsvaror,
245 1265 83 22 hvaruti
349 1266 109 27 sydvestra
480 1265 90 22 Finland
587 1266 61 21 torde
664 1267 33 20 stä
712 1267 89 20 framom
817 1261 110 26 Österbot-

100 1294 41 19 ten.
171 1293 86 22 Kanske
279 1294 67 21 skulle
363 1294 36 21 det
414 1295 54 20 varit
484 1295 22 20 af
520 1296 68 20 större
604 1295 43 26 vigt
663 1297 31 18 att
709 1295 54 21 fästa
779 1295 32 25 sig
826 1294 34 21 vid
876 1294 51 21 han-

98 1321 140 22 delsrörelsen
261 1323 10 27 i
295 1323 117 21 allmänhet
434 1323 7 21 i
463 1323 13 21 de
510 1323 56 21 olika
581 1322 93 22 delarne.
703 1323 81 22 Jemför
799 1329 48 15 man
863 1325 14 18 t.
894 1329 31 14 ex.

99 1349 107 27 lästetalet
227 1351 8 21 i
258 1351 137 22 Österbotten
416 1351 38 21 och
494 1351 26 22 Åbo
536 1351 35 21 län
588 1351 47 22 med
650 1351 120 22 hvarandra
786 1353 23 20 sä
824 1351 61 22 faller
900 1352 27 25 pä

99 1377 138 23 Österbotten
259 1381 26 20 52
307 1383 88 23 procent
417 1380 22 21 af
456 1379 82 22 landets
554 1379 47 22 hela
618 1379 90 26 lästetal,
724 1387 47 14 men
787 1381 27 26 pä
829 1374 46 27 Åbo
891 1379 35 22 län

99 1407 75 22 endast
197 1409 27 20 30
246 1411 95 24 procent.
371 1408 76 21 Fäster
470 1415 48 14 man
541 1408 99 21 afseende
663 1409 34 20 vid
720 1409 107 21 lästetalet
849 1408 20 21 af
885 1407 42 22 alla

99 1436 26 21 de
147 1436 75 27 fartyg,
246 1443 45 15 som
315 1437 66 27 under
403 1437 57 21 ärets
475 1437 50 27 lopp
542 1437 79 21 besöka
637 1437 50 21 vära
703 1437 94 27 hamnar,
814 1438 23 21 sä
849 1439 24 18 är
889 1436 37 21 lik-

99 1463 62 23 heten
173 1465 90 21 emellan
276 1465 25 21 de
314 1465 172 22 Österbottniska
498 1465 114 22 hamnarne
624 1465 40 22 och
675 1461 46 26 Äbo
735 1465 46 22 läns
792 1465 79 27 ganska
881 1467 46 19 stor

98 1493 53 21 eller
171 1494 28 26 pä
219 1493 106 22 hvardera
347 1495 27 20 26
398 1493 13 22 ä
426 1495 26 20 27
468 1497 90 24 procent
572 1493 24 22 af
609 1493 48 22 hela
672 1495 86 25 antalet,
775 1494 26 21 dä
817 1494 26 27 pä
859 1492 68 28 finska

99 1521 72 22 vikens
187 1522 72 21 städer
274 1522 61 22 faller
349 1523 28 20 46
393 1525 93 24 procent.
517 1522 80 22 Värdet
608 1522 21 22 af
638 1522 105 28 importen
754 1523 32 21 för
797 1522 47 21 hela
855 1521 72 22 Oster-
