1117 1817
236 124 55 20 1160
460 128 161 18 Presteståndet
633 129 55 17 1872.
700 130 23 16 21
735 129 48 21 maj.

275 208 122 27 Föredrogs
411 208 243 22 kommunalutskottets
669 209 34 21 vid
719 210 84 20 senaste
819 208 84 27 plenum
914 208 118 27 bordlagda

206 237 136 22 betänkande
357 237 7 21 i
379 237 115 27 anledning
508 237 24 21 af
545 237 27 21 H.
588 237 26 22 K.
626 237 50 22 M:ts
690 237 79 27 nådiga
779 237 132 27 proposition
923 236 108 28 angående

206 265 280 28 kommunalförvaltningen
500 266 8 21 i
523 266 55 21 stad.

275 322 207 27 Kontraktsprosten
505 322 146 27 Sohlberg
677 323 92 26 föreslog
782 324 33 20 att
829 322 151 27 lagutskottets
995 321 37 22 be-

206 351 108 22 tänkande
328 351 8 21 i
350 351 116 27 anledning
481 351 23 21 af
517 351 79 27 nådiga
610 351 161 27 propositionen
787 357 34 16 om
837 351 90 27 ändring
942 350 22 22 af
977 351 13 21 3
1002 351 10 26 8
1024 351 7 20 i

205 379 77 26 Kongl.
305 379 113 22 försäkran
439 380 33 21 för
493 379 155 28 borgerskapet
664 380 39 21 och
721 380 102 21 städerna
837 380 41 21 den
893 380 28 21 23
937 379 93 22 februari

206 408 56 21 1789
285 408 66 22 borde
374 408 54 21 först
450 408 140 27 handläggas,
612 409 90 21 emedan
718 409 41 21 den
774 409 7 20 i
797 408 146 22 förstnämnda
958 408 73 21 betän-

205 436 71 22 kande
291 437 173 21 förekommande
480 437 161 27 bestämningen
657 443 34 16 om
707 437 124 27 magistrats
843 437 190 26 sammansättning

206 471 50 16 vore
273 465 61 22 deraf
348 465 114 22 beroende.

275 521 111 23 Professor
407 523 144 21 Forsman
574 522 66 27 ansåg
656 525 32 19 att
703 523 90 21 emedan
808 522 65 21 finskt
888 522 107 27 exemplar
1010 521 23 22 af

207 551 240 22 kommunalutskottets
463 551 135 22 betänkande
613 551 47 22 icke
675 551 32 21 till
727 551 88 21 ståndet
832 551 117 26 inkommit,
965 551 67 21 borde

206 579 148 22 betänkandet
369 580 47 21 icke
430 581 57 20 ännu
502 582 61 25 tagas
575 579 67 22 under
657 580 106 27 pröfning.

275 637 51 22 Vice
341 639 87 25 pastorn
444 637 146 26 Dahlberg
605 637 145 21 understödde
765 637 108 27 professor
887 637 109 21 Forsman.

275 694 83 21 Doktor
377 694 133 26 Alopxus
540 694 47 21 åter
609 700 38 14 var
669 694 23 21 af
706 694 40 21 den
769 694 57 26 äsigt
841 696 32 18 att
885 694 147 30 betänkandet

206 722 71 22 kunde
292 722 107 27 företagas
415 722 63 21 innan
494 722 64 21 finskt
574 722 108 27 exemplar
698 722 62 22 deraf
773 722 118 21 inkommit.

274 779 111 21 Professor
409 778 86 22 Cleve
518 779 112 21 anmärkte
652 781 34 19 att
707 780 61 21 detta
790 779 57 21 stred
863 781 57 19 emot
935 779 95 21 ständets

206 806 59 22 förut
279 807 82 22 fattade
377 808 75 21 beslut.

276 865 51 22 Vice
341 867 87 25 pastorn
470 865 156 21 Vesterlund
649 865 145 22 understödde
810 865 108 27 professor
933 865 69 21 Cleve.

275 922 31 21 Pä
329 922 72 22 derom
423 922 61 27 gjord
504 922 156 28 framställning
682 922 71 22 beslöt
775 923 85 21 ständet
875 922 44 22 läta
933 922 48 22 med
996 922 36 22 be-

205 950 102 28 handling
323 950 22 22 af
358 951 139 21 förevarande
512 951 136 22 betänkaude
663 951 61 22 anstä
735 951 104 22 intilldess
850 951 64 21 finskt
925 952 106 26 exemplar

206 979 61 22 deraf
283 980 90 21 kommit
387 979 86 22 ständet
488 979 112 22 tillhanda.

275 1122 121 27 Föredrogs
411 1122 153 27 lagutskottets
579 1123 118 26 bordlagda
713 1122 136 22 betänkande
864 1123 7 20 i
886 1122 112 27 anledning
1008 1122 24 21 af

205 1150 60 22 Hans
281 1151 112 26 Keserliga
407 1151 111 26 Majestäts
534 1151 78 27 nädiga
627 1152 139 26 proposition,
782 1151 109 27 angäende
907 1151 89 26 ändring
1010 1151 23 21 af

205 1179 13 20 3
235 1179 34 27 $i
292 1179 105 27 Kongliga
419 1179 111 22 försäkran
552 1179 34 22 för
609 1180 153 27 borgerskapet
777 1180 40 21 och
833 1179 100 22 städerna
948 1180 39 21 den
1003 1180 27 21 23

205 1207 94 22 februari
318 1208 60 21 1789.

274 1265 11 21 I
300 1265 89 22 ärendet
403 1265 85 27 yttrade
503 1266 32 26 sig

275 1321 89 22 Prosten
389 1322 81 27 Hjelt:
492 1324 34 19 att
547 1323 162 26 ifrågavarande
732 1323 160 26 lagförändring
912 1322 7 21 i
935 1328 25 15 en
976 1323 55 21 skild

205 1349 128 28 författning
353 1353 111 24 upptages,
486 1351 96 21 deremot
603 1351 39 21 har
662 1352 37 26 jag
721 1351 33 22 för
769 1352 44 21 min
829 1351 32 22 del
877 1351 108 27 ingenting
999 1353 33 20 att

205 1379 110 26 anmärka,
337 1385 48 16 men
407 1379 69 22 denna
497 1379 125 28 författning
644 1380 67 22 borde
728 1380 36 21 väl
780 1380 189 21 öfverensstämma
983 1380 48 21 med

205 1407 40 22 den
269 1413 42 22 nya
335 1407 282 28 kommunalförfattningen.
647 1409 45 26 Mig
706 1415 63 21 synes
784 1409 47 21 äter
846 1415 46 14 som
907 1408 69 21 denna
991 1409 40 20 och

205 1436 13 20 8
241 1439 56 18 samt
319 1437 12 20 9
353 1436 11 27 8
387 1437 6 20 i
417 1437 40 20 den
480 1436 108 23 blifvande
606 1437 279 27 kommunalförfattningen
900 1437 46 21 icke
962 1437 68 22 skulle

206 1464 189 22 Ofverensstämma
409 1465 48 21 med
472 1465 126 22 hvarandra.
628 1466 69 21 Dessa
713 1466 26 27 88
755 1465 120 22 bestämma
889 1465 142 27 uttryckligen

205 1492 72 23 hvilka
293 1493 90 22 ärender
397 1493 21 22 fä
434 1494 140 21 öfverlemnas
589 1495 23 20 &t
627 1494 184 22 rädhusstämmas
826 1494 40 21 och
874 1494 157 21 stadsfullmäk-

205 1521 54 26 tiges
275 1521 135 28 behandling,
426 1528 48 15 men
489 1522 65 21 bland
570 1523 62 22 dessa
647 1525 87 20 nämnes
745 1523 48 22 icke
803 1523 36 21 val
849 1522 23 22 af
881 1523 149 26 magistratens
