1117 1817
336 130 162 17 Presteståndet
511 130 55 17 1872.
591 130 27 17 20
632 130 58 21 april.
856 126 41 20 713

98 216 41 15 nen
161 212 24 18 är
203 209 89 26 anfördt,
308 216 62 14 anser
383 210 36 25 jag
434 210 43 25 mig
493 210 17 25 ej
527 216 51 14 vara
593 209 131 25 förhindrad,
740 212 31 18 att
787 210 32 20 för
835 210 40 20 min
892 210 34 21 del

98 238 107 26 tillstyrka
227 237 58 22 bifall
308 237 31 22 till
355 238 36 21 det
407 237 21 21 af
442 238 124 26 regeringen
582 238 79 21 äskade
677 238 120 25 kreditivet,
813 237 39 22 och
869 238 35 21 det
919 239 5 20 i

100 267 39 21 den
155 266 54 21 form
225 266 38 21 och
279 266 146 27 utsträckning
440 273 44 14 som
502 266 76 27 nådiga
594 266 157 27 propositionen
768 266 121 21 innehåller.

168 323 81 21 Rektor
271 323 153 20 Rosendahl:
449 322 33 22 Då
503 323 35 26 jag
560 323 74 26 begärt
650 323 67 23 ordet,
734 323 38 21 har
788 323 36 21 det
839 323 18 26 ej
873 323 54 21 varit

101 351 42 22 min
167 351 62 26 afsigt
245 353 31 19 att
291 351 68 21 uttala
374 351 42 26 mig
432 351 5 20 i
454 351 150 22 hufvudsaken.
635 351 41 27 Jag
691 358 62 14 anser
769 351 110 27 nemligen,
895 354 32 19 att

102 380 144 21 diskussionen
271 380 71 21 derom
364 380 107 21 allaredan
495 380 55 21 varit
568 381 23 20 så
607 380 152 25 uttömmande,
776 383 32 18 att
823 380 103 27 svårligen

101 409 64 26 något
187 411 47 24 nytt
251 408 66 21 finnes
333 408 32 21 för
381 408 41 27 mig
438 410 32 19 att
485 408 92 26 tillägga.
607 409 41 26 Jag
664 409 93 20 önskade
773 408 55 22 blott
843 409 84 26 inlägga

101 440 82 24 protest
205 441 44 17 mot
272 440 31 18 ett
324 437 106 26 yttrande,
454 443 44 14 som
522 437 32 20 för
576 437 46 21 icke
646 437 127 26 längesedan
793 437 37 21 här
845 437 80 21 fälldes.

102 466 141 25 Domprosten
259 466 57 25 Borg
331 465 38 21 har
385 468 52 18 trott
453 465 31 26 sig
500 465 62 21 finna.
574 468 32 18 att
616 468 31 19 ett
658 465 212 22 misstroendevotum
883 468 44 18 mot

102 495 102 26 styrelsen
228 494 67 21 blifvit
318 494 32 21 vid
367 495 67 20 denna
450 494 70 26 frågas
536 493 128 27 behandling
679 494 5 20 i
700 494 85 21 ståndet
800 493 21 22 af
835 501 25 14 en
876 493 52 22 eller

103 529 68 14 annan
195 523 66 20 talare
283 523 98 20 uttaladt.
412 522 40 27 Jag
475 523 95 20 deremot
586 523 67 21 måste
668 522 32 21 för
716 522 41 21 min
774 522 33 21 del
823 525 56 24 säga,
895 525 32 18 att

104 551 87 21 oaktadt
214 552 39 20 den
276 551 193 26 uppmärksamhet,
493 551 47 21 med
564 551 84 22 hvilken
661 551 36 26 jag
713 551 46 25 följt
775 551 151 24 diskussionen,

100 579 37 27 jag
159 580 46 21 icke
223 580 80 21 kunnat
318 579 68 22 erfara
402 579 35 22 det
452 580 100 26 ringaste,
569 585 44 16 som
631 586 49 14 vore
696 579 81 26 möjligt
792 582 31 19 att
839 579 88 22 sålunda

103 609 54 26 tyda.
189 608 40 26 Jag
251 608 40 21 kan
308 608 82 21 derföre
407 615 32 14 om
456 609 59 20 detta
532 608 135 27 domprosten
685 608 66 27 Borgs
767 608 98 27 yttrande
881 608 47 21 icke

102 636 57 21 bilda
182 637 42 26 mig
246 637 65 26 något
333 639 64 19 annat
419 637 103 23 omdöme,
545 639 25 18 än
592 639 31 18 att
639 637 36 21 det
690 637 90 26 afgifvits
796 637 6 20 i
817 637 63 26 afsigt
895 639 32 18 att

102 665 108 27 imponera
233 666 26 25 på
277 665 54 24 dem,
347 671 45 15 som
409 665 51 27 hysa
475 665 7 21 i
498 665 138 21 förevarande
653 665 58 26 fråga
726 665 66 21 andra
807 665 78 25 åsigter
901 667 25 19 än

102 693 26 21 hr
150 694 143 26 domprosten,
315 693 107 21 äfvensom
446 694 26 26 på
496 694 72 22 andra,
591 693 82 21 hvilkas
693 694 78 26 åsigter
792 694 69 20 kunde
877 700 50 14 vara

102 722 119 21 sväfvande.
250 722 40 27 Jag
306 722 93 21 önskade
414 722 32 21 för
461 722 63 26 öfrigt
539 722 84 21 anhålla
639 728 33 15 om
689 722 136 27 proposition.

171 780 89 20 Prosten
283 779 88 27 Hjelt:
395 778 147 22 Öfverläraren
562 779 99 21 Kihlman
684 779 39 21 har
745 782 69 18 ansett
829 780 31 25 sig
876 778 51 21 böra

102 808 55 21 fästa
173 808 210 26 uppmärksamheten
399 808 28 26 på
443 814 25 14 en
484 808 104 26 paragraf,
604 814 44 14 som
666 808 59 26 ingår
740 808 6 20 i
762 808 36 20 det
809 814 39 20 nya
860 807 67 21 bank-

103 836 142 26 reglementet.
277 836 50 22 Deri
351 836 67 21 skulle
440 836 86 27 stadgas
550 839 32 18 att
604 837 65 25 något
685 836 72 26 anslag
772 836 44 21 från
833 836 94 21 bankens

103 865 73 21 fonder
199 865 17 26 ej
240 865 66 21 borde
329 865 92 27 beviljas,
445 865 44 21 förr
512 867 25 19 än
562 865 93 21 bankens
678 865 118 27 grundfond
819 864 57 22 vuxit
895 864 31 21 till

106 894 131 24 15,000,000.
267 894 84 21 Doktor
369 894 114 26 Hornborg
499 896 80 24 upptog
594 893 65 21 sedan
674 894 65 21 saken
755 894 31 20 till
803 892 126 22 bemötande

104 922 39 22 och
158 922 97 20 framhöll
270 922 63 23 klart,
349 924 32 19 att
392 922 36 21 det
438 922 18 26 ej
473 924 23 19 är
512 922 59 26 fråga
586 928 34 15 om
634 923 65 26 något
710 922 72 26 anslag
794 925 48 18 utan
853 928 34 14 om
899 923 30 19 ett

104 950 105 22 räntefritt
225 950 40 21 lån.
296 950 77 22 Vidare
389 951 38 21 har
443 950 140 22 öfverläraren
600 951 99 21 Kihlman
715 952 47 24 sagt
777 953 32 18 att
825 951 55 20 mina
891 950 39 21 ord

103 979 67 21 skulle
193 979 100 21 innebära
316 982 30 18 ett
370 979 212 21 misstroendevotum
602 983 44 17 mot
662 982 80 18 statens
758 979 75 21 kredit.
864 978 65 22 Detta

104 1008 65 20 måste
191 1008 82 26 grunda
295 1007 31 27 sig
342 1008 26 26 på
384 1008 64 26 något
464 1007 153 22 missförstånd.
648 1008 40 26 Jag
704 1008 39 20 har
758 1007 55 21 blott
828 1010 53 23 sagt,
898 1009 31 19 att

104 1042 33 15 om
149 1042 47 14 man
213 1036 82 26 tvingar
309 1039 69 18 staten
395 1040 30 17 att
441 1037 12 20 å
469 1036 99 21 utländsk
584 1039 33 18 ort
634 1036 91 27 uppläna
736 1036 115 26 penningar
863 1038 43 18 mot
916 1037 13 19 8

104 1067 92 23 procent,
213 1064 51 22 eller
279 1071 80 15 samma
374 1067 88 25 procent
477 1071 45 15 som
538 1067 69 19 staten
624 1065 67 21 under
706 1070 84 16 senaste
806 1064 124 21 missväxtär

104 1094 39 20 fick
167 1093 77 25 betala,
267 1093 96 27 fördyrar
387 1100 47 14 man
454 1094 23 25 ju
501 1100 44 14 mer
560 1095 26 19 än
603 1093 111 26 tillbörligt
730 1093 81 21 medlen
827 1093 32 21 för
875 1092 53 25 dem,

104 1128 44 14 som
171 1121 60 21 skola
253 1122 79 21 erhålla
356 1122 121 21 understöd.
510 1122 115 25 Sluteligen
648 1122 34 19 vill
696 1122 36 26 jag
748 1122 91 25 tillägga,
856 1123 32 18 att
903 1121 26 20 dä

103 1152 68 19 staten
195 1150 72 25 begärt
283 1150 59 21 detta
358 1150 88 21 kreditiv
463 1151 27 26 pä
510 1151 12 20 3
538 1151 34 20 års
588 1150 38 27 tid,
642 1150 65 26 gäller
723 1150 79 27 frågan,
820 1156 33 15 om
869 1151 60 19 ränta

103 1178 88 25 fordras,
211 1178 45 21 icke
278 1179 75 20 endast
368 1179 84 24 30,000,
468 1185 44 14 som
530 1179 66 20 skulle
613 1180 75 23 utgöra
704 1181 31 18 ett
751 1179 33 20 ärs
800 1181 61 18 ränta
877 1177 54 21 efter

104 1207 12 21 3
125 1208 34 25 %,
183 1210 50 17 utan
257 1207 96 26 möjligen
377 1208 77 23 90,000
477 1207 66 23 mark,
560 1207 37 21 och
615 1210 31 18 att
665 1210 69 18 staten
751 1207 99 21 behöfver
865 1213 26 14 en
907 1207 23 20 sä

103 1235 50 26 lång
173 1235 69 21 kredit
264 1235 39 21 har
318 1236 31 21 sin
367 1236 68 26 grund
452 1236 50 25 deri,
518 1239 32 18 att
566 1236 39 21 den
622 1235 48 27 sjelf
684 1236 59 20 lånar
758 1235 48 22 bort
821 1235 53 24 dem,
890 1234 39 21 och

103 1264 46 21 icke
164 1267 74 23 genast
253 1264 42 21 kan
311 1265 94 26 päräkna
421 1264 93 21 medlens
530 1264 137 27 inbetalning.

173 1320 119 22 Statsrädet
315 1321 159 21 Lindelöf:
506 1321 40 26 Jag
569 1321 92 26 begärde
685 1321 60 21 ordet
761 1321 74 21 endast
851 1320 32 21 för
899 1323 31 18 att

103 1351 52 24 göra
177 1351 31 19 ett
229 1356 38 19 par
282 1349 168 27 anmärkningar.
482 1349 111 22 Professor
609 1349 103 22 Forsman
729 1349 38 21 och
783 1350 64 25 några
863 1349 67 21 andra

104 1378 62 21 värde
190 1377 67 22 talare
280 1377 61 22 hafva
364 1381 73 24 yttrat,
459 1381 31 18 att
506 1379 36 20 det
558 1378 93 26 begärda
667 1378 112 21 kreditivet
795 1380 24 19 är
834 1377 95 21 öfverflö-

104 1406 50 27 digt,
171 1407 87 20 emedan
274 1407 129 26 regeringen,
425 1407 88 20 likasom
529 1407 111 26 euskildte,
656 1409 24 19 är
695 1407 6 20 i
717 1406 82 21 tillfälle
815 1408 31 19 att
862 1405 68 21 vända

103 1435 31 26 sig
156 1434 32 21 till
211 1435 89 24 banken,
317 1437 38 19 när
371 1435 42 21 hon
429 1435 37 21 har
482 1435 65 21 behof
562 1435 22 21 af
597 1435 41 26 län,
655 1436 38 20 och
710 1438 31 18 att
757 1435 34 21 län
808 1435 39 20 kan
865 1434 64 21 bevil-

100 1463 34 27 jas
149 1464 22 20 ät
186 1464 123 25 regeringen
325 1464 27 26 pä
367 1470 80 15 samma
463 1463 74 24 vilkor,
553 1469 45 16 som
614 1465 23 20 ät
652 1464 72 21 andra.
755 1463 48 22 Men
819 1469 27 14 nu
859 1465 24 18 är
893 1462 36 21 fal-

103 1491 35 24 let,
160 1494 31 18 att
206 1492 102 26 styrelsen
325 1493 17 25 ej
359 1493 78 20 önskar
452 1492 81 21 erhälla
549 1493 35 20 det
599 1492 160 27 ifrägavarande
776 1491 112 22 kreditivet
903 1491 29 27 pä

103 1520 70 27 dylika
196 1520 73 26 vilkor,
284 1523 51 18 utan
352 1520 34 21 vill
403 1521 85 26 betinga
504 1521 30 26 sig
551 1521 53 20 vissa
620 1521 106 21 förmåner
742 1521 37 20 ocb
797 1520 72 26 frågan
885 1520 43 26 gäl-
