1117 1817
333 144 165 17 Presteståndet
511 145 53 16 1872.
591 144 22 16 13
625 144 48 20 maj.
843 137 54 21 1065

102 226 44 20 min
165 225 33 21 del
213 224 74 27 tycker
301 224 35 27 jag
352 226 31 19 att
399 224 18 20 vi
433 226 50 19 utan
499 224 122 21 återremiss
636 224 71 21 kunde
722 223 53 21 fatta
791 224 46 20 vårt
852 223 74 22 beslut.

102 253 43 22 Det
169 255 24 19 är
217 252 103 27 naturligt
339 255 33 18 att
394 252 65 21 saken
481 252 33 21 får
536 259 26 14 en
584 258 70 15 annan
677 251 112 27 vändning,
805 251 6 21 i
827 251 100 22 händelse

102 281 176 27 borgareståndet
300 281 46 21 icke
368 281 66 21 afstår
456 280 45 22 från
524 281 46 21 sina
592 280 126 27 privilegier,
741 280 39 21 och
795 280 6 21 i
817 280 36 21 det
867 279 60 22 fallet

102 310 96 21 kommer
220 309 33 22 väl
269 309 36 21 det
320 309 91 26 utskott,
426 315 44 15 som
488 309 38 22 har
540 309 116 22 behandlat
671 309 72 24 saken,
759 309 20 20 in
796 309 46 20 med
858 315 25 15 en
899 314 28 21 ny

102 337 127 22 hemställan
245 337 33 22 till
293 338 92 21 ståndet.

171 395 91 21 Prosten
278 394 169 27 Grönberg:
469 394 40 27 Jag
525 394 38 22 ber
578 397 32 19 att
625 394 21 21 få
657 394 84 21 biträda
751 394 77 21 doktor
838 393 89 28 Alopaei

104 423 79 26 förslag
205 423 18 21 d.
247 430 17 14 v.
280 429 16 15 s.
312 424 30 25 så,
358 425 38 24 att,
413 430 33 15 om
462 423 86 22 ståndet
562 423 107 27 företager
684 423 88 21 ärendet
787 423 32 21 till
834 422 92 22 behand-

104 451 50 28 ling,
170 452 35 21 det
220 451 69 22 skulle
303 452 38 21 ske
357 451 68 22 såvidt
440 451 177 28 borgareståndet
632 452 17 27 ej
666 458 62 15 anser
743 451 48 22 dess
808 451 118 27 privilegier

102 480 56 27 ligga
173 481 6 20 i
195 483 66 24 vägen
277 480 32 21 för
324 480 97 21 beslutet.

170 538 89 21 Prosten
302 543 164 21 Rosengren:
489 537 95 22 Emedan
600 537 36 22 det
652 539 55 20 ännu
722 539 24 19 är
757 537 64 22 ovisst
833 543 34 15 om
878 536 47 22 bor-

103 566 136 26 gareståndet
262 566 119 27 samtycker
404 566 31 21 till
458 567 40 20 den
521 566 77 27 nådiga
620 566 159 27 propositionen
795 568 50 19 utan
861 565 66 27 några

102 594 75 27 vilkor,
196 595 70 21 kunde
281 596 46 20 vårt
343 595 70 21 beslut
428 595 98 26 möjligen
543 595 63 21 blifva
621 597 51 19 utan
688 595 68 26 någon
773 594 76 21 verkan
886 594 41 27 Jag

101 623 85 21 förenar
207 623 42 26 mig
265 623 82 22 derföre
363 623 47 22 med
425 623 107 27 professor
547 623 112 22 Ehrström
676 623 38 22 och
730 629 61 15 anser
807 625 30 19 att
852 623 74 27 frågan

101 651 66 22 borde
182 652 131 27 uppskjutas.

169 708 110 22 Professor
303 708 100 22 Cleve:
427 708 43 22 För
492 709 43 21 min
559 708 33 22 del
616 709 41 21 kan
678 709 37 26 jag
729 708 46 22 icke
791 708 56 22 finna
862 708 65 26 något

104 737 45 21 skäl
172 737 32 21 för
227 737 92 27 uppskof
341 736 22 22 af
384 737 93 24 ärendet,
500 737 33 21 för
555 739 32 19 att
602 737 86 21 invänta
703 738 64 24 något
782 737 109 21 utlåtande
905 736 23 22 af

100 765 181 27 borgareståndet.
313 766 49 21 Men
373 766 36 20 det
418 765 93 27 framgår
521 766 75 26 tydligt
607 772 25 14 ur
643 766 150 27 betänkandet,
801 768 31 18 att
842 766 83 20 utskot-

102 796 31 19 tet
147 794 46 22 icke
209 796 71 20 ansett
295 794 30 26 sig
341 794 114 27 förpligtad
470 794 68 22 utlåta
554 795 31 26 sig
600 800 34 15 om
650 794 73 27 frågan
735 794 67 27 gäller
812 800 25 15 en
847 794 78 27 grund-

101 822 106 27 lagsfräga
230 822 51 22 eller
302 823 53 21 icke.
386 822 77 22 Såvida
480 823 36 26 jag
531 823 82 21 förstod
629 823 106 27 professor
750 823 110 21 Ehrström
876 824 49 24 rätt,

103 857 36 15 var
162 851 35 21 det
217 852 44 26 just
283 851 53 22 hans
357 852 84 26 mening
464 854 32 18 att
516 852 86 21 ståndet
624 852 54 21 hade
694 852 49 21 bort
757 851 21 21 få
793 851 132 27 utredning
915 847 15 36 i

102 880 58 20 detta
183 880 104 26 afseende,
310 880 63 21 innan
393 880 35 21 det
442 882 49 25 toge
507 880 65 22 saken
588 880 67 22 under
670 880 103 27 pröfning.
804 880 73 21 Denna
892 882 33 18 ut-

102 908 89 27 redning
209 909 77 21 saknas
301 908 119 22 emellertid
434 908 44 22 här.
510 909 40 21 Vid
566 911 31 19 ett
612 909 90 21 ärendes
717 908 127 26 behandling
856 910 24 19 är
891 908 34 22 det

101 936 54 22 dock
178 937 23 21 af
215 939 45 19 stor
276 938 43 26 vigt
335 940 30 18 att
381 944 48 14 man
446 939 24 19 är
484 938 73 20 derom
572 937 48 21 fullt
636 937 129 27 öfvertygad,
782 944 34 14 om
831 937 36 21 det
882 936 43 27 gäl-

102 964 32 22 ler
148 966 103 26 grundlag
267 966 52 21 eller
333 966 26 26 ej.
390 966 43 21 För
448 966 42 20 min
507 966 34 21 del
557 966 40 21 kan
612 966 36 26 jag
662 966 83 21 således
760 966 46 21 icke
821 965 50 27 gilla
886 965 39 27 sjö-

104 993 161 26 lagsutskottets
283 994 120 22 förfarande
418 994 7 21 i
441 995 59 21 detta
516 994 42 22 fall.
588 995 41 26 Jag
644 996 46 20 tror
705 996 32 19 att
753 995 34 21 det
803 994 54 21 hade
872 994 54 21 varit

102 1022 48 22 dess
165 1022 119 28 skyldighet
299 1025 33 19 att
347 1023 75 21 utreda
437 1023 72 25 saken,
525 1023 69 21 sävidt
610 1023 36 21 det
660 1022 116 27 förmådde,
793 1022 38 22 och
843 1022 46 21 icke
899 1022 27 27 gå

102 1050 54 22 förbi
173 1052 47 22 den,
251 1052 49 20 Men
315 1052 13 20 å
343 1052 67 21 andra
426 1052 60 20 sidan
503 1054 45 19 tror
560 1052 38 26 jag
613 1052 65 21 också
688 1054 32 18 att
731 1052 84 20 ståndet
825 1050 41 22 kan
877 1053 49 24 taga

102 1079 65 21 saken
189 1080 67 21 under
276 1080 103 26 pröfning,
403 1080 47 21 med
474 1080 36 21 det
528 1080 110 25 förbehåll,
655 1086 44 15 som
715 1080 39 21 här
769 1082 24 19 är
808 1079 117 27 föreslaget,

104 1108 103 26 nämligen
224 1111 32 18 att
271 1108 85 22 ståndet
372 1108 78 22 utlåter
465 1109 32 26 sig
513 1115 33 15 om
562 1108 65 22 saken
644 1108 67 22 under
727 1109 39 20 den
777 1108 150 26 förutsättning

102 1138 32 19 att
155 1137 138 26 grundlagen,
316 1137 45 21 icke
384 1139 67 19 sätter
466 1137 76 21 hinder
556 1137 6 20 i
578 1139 74 24 vägen.
682 1137 41 26 Jag
737 1136 35 21 vill
788 1136 32 21 för
835 1136 42 21 min
893 1135 34 22 del

103 1165 69 21 lemna
197 1165 112 26 oafgjordt,
325 1165 55 21 hvad
395 1171 45 16 som
457 1165 54 21 varit
526 1165 78 26 bättre,
620 1171 55 20 men,
691 1166 69 21 såsom
776 1165 67 26 sagdt,
859 1164 68 21 skulle

100 1194 36 26 jag
151 1193 54 22 dock
221 1200 49 15 anse
286 1195 32 20 att
333 1194 65 21 saken
414 1194 70 21 kunde
500 1196 60 25 tagas
576 1194 67 21 under
658 1193 103 28 pröfning.

169 1251 90 21 Prosten
284 1251 93 26 Hjelt:
401 1251 73 21 Såvidt
495 1252 36 26 jag
554 1251 42 21 kan
618 1251 63 27 finna,
698 1257 50 15 voro
765 1251 32 21 till
812 1250 114 21 utskottets

102 1279 131 22 bedömande
255 1279 156 22 öfverlemnade
434 1279 55 22 blott
512 1279 44 27 fyra
572 1279 187 27 omständigheter,
775 1279 70 21 hvilka
859 1278 67 22 finnas

102 1309 127 20 omnämnda
252 1309 27 26 på
302 1309 13 20 4
335 1308 39 21 sid.
398 1309 22 20 af
433 1309 113 26 kejserliga
561 1309 166 26 propositionen,
743 1308 104 26 nämligen
863 1313 62 16 mom.

103 1338 18 25 1,
144 1337 19 25 2,
186 1337 12 21 3
222 1337 39 21 och
284 1338 19 25 4,
323 1337 72 21 hvilka
411 1337 193 26 lagbestämningar
620 1337 59 21 Hans
695 1337 117 26 Kejserliga
827 1336 100 26 Majestät

102 1365 105 21 framstält
223 1365 31 21 till
271 1365 124 22 ständernas
411 1365 120 27 afgörande.
562 1366 10 21 I
588 1365 105 21 utskottet
707 1365 65 21 fäster
787 1371 48 15 man
851 1365 31 26 sig
892 1365 35 20 vid

102 1393 26 22 de
149 1394 8 20 i
179 1394 118 27 Kejserliga
317 1394 159 27 propositionen
499 1394 173 21 förekommande
695 1394 74 25 orden;
790 1393 80 26 ,under
885 1393 41 20 för-

102 1423 117 26 utsättning
240 1423 21 20 af
282 1422 187 27 borgareståndets
490 1423 109 27 samtycke
621 1422 31 21 till
672 1422 149 27 upphäfvande
836 1421 22 22 af
871 1421 56 22 hvad

102 1451 76 26 nådiga
200 1451 110 22 försäkran
333 1451 22 21 af
377 1451 40 21 den
440 1451 26 21 23
482 1451 93 22 februari
592 1452 54 20 1789
662 1451 12 27 $
691 1452 9 19 1
718 1451 117 21 innehåller
850 1449 77 22 beträf-

101 1479 62 22 fande
187 1480 26 21 de
232 1480 35 21 fri-
279 1480 39 21 och
334 1479 132 27 rättigheter,
482 1486 46 15 som
543 1480 7 21 i
565 1479 98 22 afseende
679 1479 13 21 å
706 1479 77 21 handel
799 1479 39 21 och
853 1479 74 26 sjöfart

102 1507 67 22 blifvit
184 1508 153 27 borgerskapet
353 1508 40 21 och
408 1508 115 21 ständerna
538 1508 153 25 tillerkända*;
708 1508 38 21 och
763 1508 66 21 under
847 1513 80 15 samma

102 1535 151 28 förutsättning
276 1536 69 22 beslöt
364 1537 106 21 utskottet
492 1539 32 19 att
546 1537 120 26 handlägga
690 1536 95 26 ärendet,
806 1535 121 27 isynnerhet
