1117 1817
342 138 160 18 Presteståndet
514 140 56 16 1872.
596 140 22 16 13
632 140 48 20 maj.
848 134 53 22 1053

174 220 21 25 7)
211 219 48 20 med
275 219 154 20 underrättelse
446 219 72 21 derom
534 221 33 19 att
582 219 93 26 ståndet,
691 219 34 20 vid
746 219 149 27 föredragning
910 220 23 21 af

104 247 153 27 lagutskottets
279 247 134 21 betänkande
433 248 6 20 i
454 247 116 27 anledning
584 247 23 22 af
620 247 79 26 nådiga
713 247 166 27 propositionen,
895 254 36 15 an-

103 276 82 27 gående
206 275 119 27 förklaring
347 275 23 21 af
392 276 27 21 24
441 275 39 22 och
498 276 32 27 29
553 275 25 28 88
594 275 6 22 i
616 275 187 27 konkursstadgan
825 275 22 22 af
862 276 40 21 den
918 276 12 20 9

104 304 115 22 november
244 305 59 25 1868,
326 305 82 26 antagit
428 304 50 21 herr
494 304 122 27 Öhrnbergs
632 306 45 19 mot
693 304 144 21 betänkandet
852 304 79 27 afgifna

103 333 142 25 reservation;

171 401 20 27 8)
207 407 34 15 om
265 401 74 22 remiss
362 401 32 21 till
419 403 155 20 sammansatta
589 403 65 20 stats-
670 401 39 22 och
726 401 204 22 ekonomiutskottet

103 429 23 22 af
138 430 77 27 nådiga
231 430 159 26 propositionen
406 435 34 16 om
455 429 122 27 riktningen
593 430 23 21 af
630 430 125 21 stambanor
774 429 33 22 vid
820 431 109 26 jernvägs-

103 458 153 28 anläggningar
271 459 6 20 i
293 458 96 21 Finland.

171 561 26 26 B)
213 561 47 21 från
280 561 164 22 bondeståndet:

172 630 19 25 1)
207 636 34 15 om
263 630 154 27 godkännande
440 630 24 21 af
483 630 218 21 ekonomiutskottets
722 630 133 21 betänkande
871 630 7 21 i
893 636 36 15 an-

102 658 85 26 ledning
211 659 22 20 af
254 659 76 26 nådiga
345 659 158 26 propositionen
520 659 110 27 angående
646 659 90 26 ändring
751 659 22 20 af
786 659 95 26 grunden
896 659 33 21 för

102 687 169 26 tolagsafgiftens
286 686 144 27 beräknande;

171 755 22 23 2)
209 762 33 14 om
259 756 154 26 godkännande
430 756 22 21 af
466 756 176 21 bankutskottets
655 756 134 21 betänkande
799 756 8 20 i
817 756 112 26 anledning

102 783 24 21 af
139 784 78 26 nådiga
232 784 186 26 propositionerna
433 790 33 16 om
483 785 75 26 tillägg
572 784 32 21 till
620 784 128 27 stadgandet
761 784 89 22 rörande
865 790 64 21 grun-

102 812 41 21 den
166 812 32 21 för
221 812 102 22 Finlands
345 813 72 21 Banks
440 813 220 27 sedelutgifningsrätt
682 813 39 21 och
745 819 33 15 om
801 812 128 22 förändrade

102 840 131 27 stadganden
258 841 90 21 rörande
373 842 41 21 den
430 842 68 26 årliga
513 842 118 22 revisionen
647 841 23 21 af
684 841 101 22 Finlands
800 842 71 21 Banks
887 842 42 21 till-

102 869 63 21 stånd
181 869 39 21 och
236 870 137 27 förvaltning;

171 938 20 26 3)
207 938 23 21 så
245 938 97 27 lydande:

377 1048 82 26 Utdrag
481 1048 24 21 af
525 1048 171 21 Bondeståndets
718 1048 107 26 protokoll
843 1047 58 22 fördt
916 1048 13 21 å

310 1076 128 26 landtdagen
454 1077 6 20 i
476 1076 133 27 Helsingfors
626 1076 40 22 den
682 1077 12 20 6
710 1076 43 27 Maj
770 1077 61 21 1872.

171 1143 20 22 S.
214 1144 25 21 D.
277 1144 129 27 Föredrogs:
422 1144 113 21 Allmänna
560 1144 209 21 Besvärsutskottets
796 1144 133 21 betänkande

103 1173 39 20 N:o
160 1173 25 20 16
201 1173 5 20 i
223 1173 115 26 anledning
353 1172 23 21 af
390 1173 106 26 åtskilliga
507 1173 67 20 under
585 1173 143 20 innevarande
741 1173 102 26 landtdag
852 1173 77 21 väckta

103 1201 181 26 petitionsförslag
310 1208 33 14 om
370 1201 144 27 upprensning
528 1201 24 21 af
565 1201 106 21 särskilda
686 1201 92 21 farleder
793 1201 39 22 och
847 1203 82 20 vatten-

102 1229 53 27 drag
169 1229 7 21 i
193 1229 35 21 det
243 1230 45 20 inre
303 1229 23 22 af
339 1230 78 21 landet.

170 1258 168 25 Bondeståndet,
365 1264 44 15 som
436 1259 65 26 ansåg
528 1259 59 20 detta
612 1259 79 20 ärende
716 1265 51 14 vara
787 1258 105 21 beroende
908 1258 23 21 af

103 1286 76 27 nådiga
201 1287 161 26 propositionen
385 1293 34 15 om
442 1287 120 26 rigtningen
585 1287 23 21 af
627 1287 124 21 stambanor
775 1287 33 20 vid
823 1287 107 26 jernvägs-

102 1315 152 27 anläggningar
270 1315 7 21 i
293 1315 96 26 Finland,
414 1315 67 22 beslöt
502 1317 33 19 att
554 1316 48 21 med
618 1316 82 26 slutligt
715 1316 106 26 yttrande,
836 1315 7 21 i
859 1315 71 22 anled-

102 1344 49 26 ning
175 1343 22 21 af
218 1344 139 21 omförmälde
379 1344 135 21 betänkande
532 1344 67 21 borde
615 1344 51 21 bero
682 1345 54 20 intill
752 1344 48 21 dess
817 1344 112 21 ständerne

102 1372 79 21 uttalat
204 1373 46 20 sina
273 1373 84 26 åsigter,
381 1373 109 26 angående
514 1373 119 26 rigtningen
648 1373 24 20 af
685 1373 124 21 stambanor
824 1373 33 20 vid
871 1372 59 27 jern-

103 1401 204 26 vägsanläggningar
323 1402 5 20 i
344 1401 78 21 landet.

732 1470 20 17 In
765 1469 61 18 fidem:

678 1504 77 21 Konst.
772 1503 88 22 Hildén.

839 1571 21 17 67
