1117 1817
225 131 56 21 1020
440 134 162 18 Presteståndet
615 136 56 16 1872.
696 134 21 18 11
729 135 48 21 maj.

265 215 42 21 Vill
333 215 84 21 ståndet
444 216 110 20 remittera
580 215 141 21 förevarande
747 215 132 26 proposition
904 216 32 20 till
951 215 73 22 enkelt

195 243 185 22 ekonomiutskott
405 243 50 22 eller
480 244 32 20 till
538 246 141 18 sammansatt
702 244 44 26 lag-
769 244 39 21 och
824 243 200 22 ekonomiutskott?

195 273 48 20 Den
269 279 45 20 som
340 272 36 21 vill
399 273 109 20 remittera
530 272 160 27 propositionen
706 273 32 20 till
754 272 71 21 enkelt
841 272 182 22 ekonomiutskott

195 306 75 16 svarar
284 301 33 26 ja;
333 301 40 20 den
390 301 34 21 det
439 301 46 21 icke
501 301 36 20 vill
554 307 72 14 svarar
641 301 41 26 nej.
713 301 81 21 Vinner
809 301 41 26 nej,
866 301 95 21 kommer
976 307 47 20 pro-

195 330 121 26 positionen
333 332 32 18 att
381 329 118 21 remitteras
515 329 33 21 till
564 331 141 20 sammansatt
720 329 44 27 lag-
781 329 39 22 och
835 329 187 22 ekonomiutskott.

195 358 132 21 Besvarades
350 358 47 21 med
420 358 154 26 öfvervägande
590 359 45 26 nej;
652 358 39 21 och
707 358 70 21 beslöt
793 358 85 21 ståndet
893 359 81 20 således
990 364 32 15 re-

196 387 86 20 mittera
305 387 138 20 förevarande
466 387 78 26 nådiga
567 387 131 26 proposition
718 387 33 20 till
767 389 140 19 sammansatt
922 387 45 26 lag-
983 387 39 20 och

196 415 195 26 ekonomiutskott;
408 415 86 21 hvarom
511 415 140 21 medstånden
667 417 56 19 samt
733 415 45 26 lag-
789 415 39 21 och
839 416 183 21 ekonomiutskot-

196 446 36 19 ten
248 444 67 21 borde
330 444 6 20 i
353 444 194 26 protokollsutdrag
564 445 143 20 underrättas.

265 575 120 27 Föredrogs
396 575 195 27 sjölagsutskottets
602 575 6 21 i
617 575 79 26 dagens
704 575 109 27 protokoll
823 575 65 21 redan
897 575 126 21 omnämnda

195 603 136 22 betänkande
347 605 6 19 i
369 604 112 27 anledning
496 603 24 22 af
529 604 77 27 nådiga
619 604 161 27 propositionen
791 603 108 27 angående
911 610 27 20 ny
949 603 73 27 sjölag.

265 660 32 21 På
319 661 155 26 framställning
496 661 22 20 af
540 661 25 20 hr
585 661 159 20 talmannen
760 661 112 26 godkände
889 660 84 21 ståndet
988 667 34 14 en-

195 688 76 27 hälligt
292 689 25 21 de
333 689 89 21 ledande
437 690 145 26 grundsatser,
599 696 44 14 som
659 689 104 27 genomgå
780 690 40 20 den
835 689 77 26 nådiga
927 689 96 26 proposi-

195 718 72 20 tionen
283 717 40 21 och
340 718 114 21 utskottets
469 717 142 25 betänkande,
629 717 40 21 och
685 718 69 20 beslöt
764 717 105 27 genomgå
880 718 143 20 betänkandet

195 746 140 26 paragrafvis,
359 746 64 21 sedan
446 746 85 21 ståndet
550 747 7 20 i
573 746 114 27 anledning
701 747 23 20 af
737 746 106 21 särskilda
859 746 164 26 anmärkningar

195 777 45 19 mot
264 775 39 21 den
326 774 69 22 finska
411 774 179 27 öfversättningen
605 775 23 21 af
642 775 160 26 propositionen
819 774 39 22 och
875 774 148 22 betänkanden

195 804 80 20 uttalat
299 804 32 20 sin
356 803 109 27 tillförsigt
490 804 80 24 derom,
591 806 32 18 att
639 804 25 20 de
680 803 139 21 medlemmar
834 803 23 21 af
871 804 91 23 ståndet,
978 810 44 14 som

195 838 52 15 voro
270 832 68 20 finska
361 832 86 27 språket
466 832 101 26 mäktiga,
584 832 68 21 under
667 832 156 26 granskningen
841 832 22 20 af
878 832 146 21 betänkandet

195 860 68 21 skulle
286 862 52 25 göra
363 861 84 21 ståndet
466 861 162 26 uppmärksamt
643 861 27 26 på
686 861 25 20 de
727 860 78 22 brister
821 860 40 22 och
877 861 145 26 origtigheter,

195 895 45 15 som
257 890 6 20 i
279 889 41 21 den
335 888 69 22 finska
419 889 180 27 öfversättningen
615 889 62 21 deraf
690 889 71 21 kunde
777 889 137 21 förekomma.

265 1020 96 22 Emedan
377 1020 57 22 tiden
449 1021 118 21 emellertid
583 1021 132 21 framskridit
730 1021 32 21 till
778 1021 28 21 kl.
823 1022 12 20 2
852 1027 17 15 e.
887 1027 32 20 m.,
931 1021 93 27 föreslog

195 1049 26 21 hr
241 1049 158 21 talmannen
413 1051 33 19 att
460 1050 86 21 ståndet
562 1056 29 15 nu
606 1050 69 21 skulle
691 1050 104 26 åtskiljas,
811 1049 34 21 för
860 1051 32 19 att
908 1050 47 21 åter
969 1056 55 15 sam-

195 1078 115 21 manträda
332 1078 28 21 kl.
384 1078 12 21 5
420 1084 17 15 e.
460 1085 38 19 m.;
514 1078 119 27 hvarjemte
649 1078 25 21 hr
689 1078 124 22 talmannen
829 1078 142 27 tillkännagaf
984 1080 40 24 att,

195 1106 7 21 i
223 1106 94 27 enlighet
338 1107 48 21 med
406 1107 39 21 den
461 1107 5 21 i
484 1109 39 25 dag
538 1107 73 21 hållna
626 1106 246 22 talmanskonferensens
888 1107 77 26 beslut,
980 1107 44 27 ple-

195 1141 51 15 num
262 1135 7 20 i
284 1136 62 20 nästa
361 1135 66 21 vecka
442 1135 68 22 skulle
525 1135 69 22 hållas
609 1135 120 27 måndagen
745 1135 41 22 den
803 1136 26 21 13
845 1136 86 21 dennes.

265 1272 156 27 Kyrkoherden
436 1273 158 22 Järnefelt
608 1273 73 21 anhöll
696 1274 33 20 att
744 1273 33 21 för
788 1273 98 21 enskilda
898 1272 126 27 angelägen-

195 1300 62 22 heter
271 1301 22 21 få
308 1307 51 15 vara
374 1301 140 22 frånvarande
530 1302 45 21 från
592 1301 179 27 eftermiddagens
781 1301 170 27 sammanträde;
962 1301 62 21 hvar-

195 1329 33 21 till
244 1329 86 22 ståndet
345 1329 60 22 biföll
421 1330 39 21 och
475 1330 103 22 åtskildes
594 1330 100 22 derefter.

806 1387 22 18 In
840 1386 58 18 fidem:

716 1427 52 21 Carl
783 1427 50 22 Joh.
849 1427 134 28 Lindeqvist.
