1117 1817
357 144 161 17 Presteståndet
531 144 55 17 1872.
610 144 22 17 16
644 144 48 21 maj.
855 138 53 22 1111

179 223 132 21 Besvarades
326 224 47 20 med
389 224 28 20 20
430 224 24 26 ja
468 224 40 20 och
527 224 25 20 14
567 224 41 26 nej.
639 223 46 22 Och
700 223 69 21 skulle
779 224 82 21 således
872 224 66 21 saken

110 252 121 22 remitteras
247 251 32 22 till
295 251 96 22 enskilda
406 251 200 25 besvärsutskottet,
622 251 32 22 dit
668 251 198 28 protokollsutdrag
876 252 6 21 i
893 254 44 19 äm-

111 283 36 20 net
163 281 66 20 borde
243 279 84 22 aflåtas.

179 337 64 22 Emot
258 337 93 22 beslutet
366 338 140 21 reserverade
520 338 32 27 sig
568 338 79 21 doktor
662 337 163 27 Alopaeus.

179 509 120 27 Föredrogs
322 509 93 26 följande
436 509 46 22 från
506 509 139 22 medstånden
667 509 100 22 inkomna
780 509 159 28 protokollsut-

112 538 60 27 drag,
188 537 115 28 nemligen:

180 595 28 26 A)
231 594 47 21 från
300 595 188 26 borgareständet:
511 595 21 28 1)
555 601 34 15 om
612 595 156 26 godkännande
791 595 22 21 af
832 595 107 21 allmänna

112 623 205 22 besvärsutskottets
342 623 135 22 betänkande
493 624 7 21 i
515 624 115 26 anledning
644 624 24 21 af
681 624 106 21 särskilda
802 624 55 21 inom
873 625 66 20 samt-

112 652 43 27 liga
170 652 89 21 stånden
272 652 77 21 väckta
361 652 113 27 petitioner
487 653 93 20 rörande
592 653 207 26 skollagstiftningen
812 653 39 21 och
861 652 78 22 under-

112 680 207 27 visningsväsendets
335 680 107 22 ordnande
458 681 7 21 i
481 681 82 26 landet;

181 738 22 27 2)
219 738 24 20 så
257 737 100 27 lydande:

388 823 82 27 Utdrag
497 824 22 20 af
545 824 193 27 Borgareståndets
764 824 107 26 protokoll
904 824 34 20 vid

319 852 129 26 landtdagen
464 853 6 20 i
487 852 133 27 Helsingfors
636 852 41 21 den
694 853 25 20 13
735 852 42 26 maj
795 852 60 22 1872.

183 909 119 27 Föredrogs
326 909 112 21 Allmänna
460 909 206 22 besvärsutskottets
688 909 80 26 förslag
790 910 32 20 till
837 915 104 15 samman-

112 938 109 27 jemkning
237 938 23 20 af
274 938 26 20 de
315 938 177 26 skiljaktigheter,
510 944 44 15 som
570 938 102 21 förefallit
688 938 33 21 vid
734 938 101 21 ståndens
846 938 95 21 behand-

114 967 43 26 ling
177 966 22 22 af
213 967 142 25 petitionerna
371 973 34 14 om
420 966 35 27 lag
470 967 110 26 angående
596 966 102 26 vilkoren,
715 966 120 22 hvarunder
851 967 88 21 konces-

114 996 46 20 sion
176 997 32 19 att
222 995 7 21 i
244 995 90 21 Finland
349 995 69 27 bygga
431 995 91 27 jernväg
537 996 42 20 kan
595 996 23 20 af
632 996 123 26 regeringen
771 996 115 20 meddelas.

183 1024 39 21 Vid
239 1024 126 26 pröfningen
381 1024 23 21 af
418 1024 26 20 de
460 1024 60 21 delar
535 1024 24 20 af
572 1024 110 27 förslaget,
698 1030 45 15 som
760 1024 61 21 rörde
836 1024 105 26 Borgare-

114 1052 96 22 ståndets
225 1052 7 21 i
248 1053 89 20 ärendet
351 1052 82 22 fattade
449 1053 78 25 beslut,
542 1052 51 22 fann
608 1053 86 21 ståndet
705 1053 31 26 sig
747 1052 46 22 icke
804 1052 52 21 böra
865 1052 76 26 frångå

114 1081 40 21 den
169 1082 6 20 i
191 1081 112 27 förslagets
318 1081 69 21 första
401 1082 69 26 punkt
493 1084 115 24 upptagna,
620 1081 23 21 af
655 1081 157 27 Ridderskapet
821 1081 40 21 och
872 1080 69 22 Adeln

114 1113 55 18 samt
183 1110 181 25 Borgareståndet
380 1110 118 21 omfattade
514 1110 56 26 åsigt
584 1110 110 26 angående
705 1110 135 25 åberopande
852 1110 23 20 af
883 1111 58 19 stän-

114 1139 75 20 dernes
205 1140 44 19 rätt
264 1141 32 18 att
309 1138 66 26 jemte
391 1138 132 27 Regeringen
537 1139 85 26 deltaga
632 1139 7 20 i
651 1138 159 27 lagstiftningen
821 1138 30 21 uti
863 1137 78 27 ifråga-

113 1167 92 20 varande
220 1168 68 23 ämne,
305 1167 110 21 hvaremot
425 1167 183 27 Borgareståndet
618 1169 65 24 antog
693 1167 150 26 inbjudningen
855 1166 6 21 i
874 1167 67 20 andra

112 1195 95 27 punkten
229 1195 22 21 af
271 1195 109 27 förslaget,
403 1196 90 21 rörande
517 1196 26 21 de
566 1196 165 25 bestämningar,
749 1201 46 15 som
811 1195 65 21 borde
891 1195 7 20 i
914 1201 26 15 en

113 1224 172 25 koncessionslag
300 1224 55 26 ingå.

181 1252 201 27 Protokollsutdrag
405 1253 68 21 skulle
489 1253 74 21 härom
580 1252 48 27 afgå
643 1253 33 20 till
692 1253 137 21 medstånden
845 1251 39 22 och
901 1252 40 21 all-

112 1283 78 19 männa
206 1281 199 21 besvärsutskottet.

754 1332 21 18 In
787 1332 60 17 fidem:

715 1367 22 21 S.
755 1367 132 21 Calamnius.

180 1453 27 27 B)
230 1452 46 21 frän
297 1453 171 21 Bondeständet:
487 1453 20 27 1)
524 1459 34 15 om
574 1453 156 27 godkännande
745 1453 22 20 af
781 1453 107 21 allmänna
903 1452 37 21 be-

111 1481 178 22 svärsutskottets
312 1481 135 22 betänkande
469 1482 7 21 i
494 1482 116 27 anledning
624 1482 23 21 af
661 1483 57 20 inom
734 1482 99 25 samtliga
848 1481 90 21 stånden

112 1510 77 21 väckta
200 1510 115 27 petitioner
326 1511 91 20 rörande
428 1510 209 27 skollagstiftningen
650 1510 40 21 och
703 1510 236 27 undervisningsväsen-

112 1538 46 21 dets
173 1539 110 20 ordnande
299 1539 6 20 i
320 1539 83 25 landet;
