1117 1817
366 142 162 18 Presteständet
540 144 56 16 1872.
633 144 23 16 21
669 143 47 21 maj.
855 138 53 20 1165

112 225 40 26 dag
175 223 68 21 skulle
265 223 64 20 hafva
351 223 85 20 absolut
459 223 98 26 rädighet
572 225 32 19 att
620 226 51 17 utan
687 223 73 21 vidare
776 223 113 26 disponera
903 229 34 14 om

113 252 74 25 medel,
213 257 44 15 som
283 251 57 21 inom
368 254 31 18 ett
424 251 53 21 halft
502 251 58 22 sekel
585 251 69 22 blifvit
670 251 173 26 sammanbragta
857 251 23 20 af
894 251 44 20 helt

112 281 67 21 andra
200 286 101 21 personer
322 281 26 19 än
365 280 60 21 desse
441 282 178 24 representanter.
649 280 41 26 Jag
705 283 46 18 tror
766 280 43 26 mig
824 280 53 21 böra
892 279 47 21 föra

112 310 47 21 dem
185 315 44 14 som
252 308 76 21 sädant
349 308 53 27 yrka
424 308 32 21 till
476 309 87 25 minnes,
579 311 33 18 att
626 309 72 26 praxis
714 308 19 27 ej
749 309 55 20 varit
819 309 40 20 den
875 308 6 21 i
897 308 42 21 alla

112 338 55 21 tider
189 338 56 20 inom
269 337 162 27 presteständet.
462 337 33 21 Dä
517 337 75 26 frägan
612 343 34 15 om
662 337 80 21 archivi
757 337 133 27 contingents
906 339 32 18 ut-

112 366 93 26 görande
228 366 53 21 först
297 365 92 25 väcktes,
406 371 37 15 var
458 365 36 22 det
510 365 34 22 vid
561 366 55 21 1756
632 366 34 21 ärs
682 365 93 27 riksdag.
806 365 131 22 Prestestän-

113 396 46 20 dets
183 395 51 21 eller
250 394 50 21 cleri
316 394 113 21 comitialis
444 394 111 21 skrifvelse
570 394 67 21 finnes
652 395 6 20 i
674 394 128 27 ordagrann,
818 394 121 22 vidincerad

113 423 84 22 afskrift
211 423 69 22 införd
296 423 7 20 i
318 416 47 28 Äbo
381 422 58 21 stifts
455 423 93 21 cirkulär
563 423 23 21 af
602 424 25 21 12
643 423 89 21 Januari
750 423 60 26 1757,
825 423 40 21 och
880 423 59 27 lyder

114 453 37 20 der
173 453 12 20 5
206 458 63 15 mom.
285 451 101 22 sålunda:
403 451 174 24 ,Presteständet
592 451 40 22 har
647 451 35 22 vid
697 451 116 22 framfarna
828 451 111 27 riksdagar

114 481 37 21 allt
167 487 44 15 mer
227 480 39 22 och
281 486 45 15 mer
341 480 70 21 funnit
426 480 114 27 olägenhet
556 480 65 25 deraf,
638 482 33 19 att
686 480 36 21 det
737 480 35 21 vid
783 480 37 21 sitt
830 480 108 27 samlings-

114 515 45 15 rum
182 509 46 21 icke
251 511 50 24 äger
323 509 65 26 nägot
411 509 115 26 ordentligt
542 509 80 21 Archiv
637 509 53 21 eller
705 509 88 26 tillgäng
809 509 31 21 till
855 509 43 20 alla
913 508 26 21 de

114 537 83 21 Böcker
213 537 36 22 och
266 537 73 26 Akter,
355 544 46 15 som
417 538 65 21 under
500 538 211 27 öfverläggningarna
727 539 36 20 äro
780 537 83 27 nödiga.
894 537 44 21 Och

113 567 87 20 emedan
224 567 36 20 det
275 566 85 27 vanliga
375 566 161 26 sammanskott,
554 573 45 14 som
616 567 22 21 af
652 566 102 22 Ständets
769 566 119 21 ledamöter
903 565 35 21 vid

114 595 125 27 riksdagens
255 595 42 21 slut
313 595 67 21 måste
396 595 103 26 erläggas,
516 597 23 19 är
555 598 58 18 utom
630 595 48 21 dess
694 601 41 21 nog
751 595 62 26 drygt
823 594 39 22 och
873 594 66 21 känn-

115 624 53 24 bart,
191 624 23 21 sä
237 626 32 19 att
284 624 214 26 riksdagsmännerna
514 624 18 26 ej
548 624 28 27 pä
592 624 82 27 engång
689 624 72 21 kunna
777 624 99 20 besväras
891 623 48 21 med

114 655 67 18 större
205 652 91 27 afgifter,
321 652 23 21 sä
360 653 40 20 har
418 652 90 21 Ständet
524 653 54 20 varit
594 653 103 24 omtänkt,
715 653 55 20 huru
787 652 38 21 och
841 651 27 28 pä
883 651 56 22 hvad

114 682 43 20 sätt
172 688 26 14 en
213 680 84 27 ständig
313 680 63 22 kassa
392 680 53 22 skall
461 681 72 21 kunna
549 681 90 21 inrättas
652 681 33 21 till
697 680 138 22 bedrifvande
846 680 23 21 af
878 680 61 21 dessa

115 710 39 20 och
176 709 50 21 flere
250 709 179 27 angelägenheter
444 715 45 15 som
506 709 59 27 längt
580 710 32 21 för
628 710 60 21 detta
703 709 59 21 skett
778 709 38 21 hos
831 709 26 21 de
873 708 66 27 öfrige

115 738 116 27 respective
247 738 100 21 Ständen.
377 738 50 21 Men
450 744 45 15 som
519 738 59 21 detta
593 738 46 22 icke
655 738 41 21 kan
713 738 44 21 låta
773 738 32 26 sig
819 740 53 24 göra
887 739 52 19 utan

116 766 64 28 något
205 767 63 27 årligt
293 766 155 22 sammanskott
473 766 22 22 af
517 770 127 24 pastorerne
660 767 6 21 i
685 767 63 26 riket,
763 766 24 22 sä
800 768 23 20 är
839 766 100 22 Ständets

115 796 70 25 tanke,
208 797 33 19 att
263 795 87 27 afgiften
373 795 73 21 härtill
464 795 69 21 skulle
556 794 64 23 blifva
636 795 40 21 lätt
691 796 40 21 och
747 795 87 27 dräglig,
849 801 34 15 om
899 794 40 22 den

116 824 27 26 pä
166 824 73 21 landet
263 824 104 21 beräknas
391 824 53 21 efter
466 824 107 22 mantalen
595 825 6 20 i
623 824 183 27 församlingarne,
821 824 24 21 sä
860 825 32 19 att
906 823 33 21 för

117 853 60 21 hvart
201 853 26 20 10
249 853 79 21 mantal
353 854 86 24 utgöres
458 852 81 27 årligen
555 854 13 20 4
584 855 37 19 öre
636 853 83 27 koppar
735 854 58 26 mynt
808 852 22 21 af
844 855 97 24 pastorer

116 882 5 20 i
146 881 135 21 Stockholms
303 883 69 19 större
395 881 150 27 församlingar
567 882 13 20 4
595 882 72 25 Daler,
686 882 83 21 mindre
785 882 34 20 d:o
835 880 22 22 af
871 883 68 19 större

115 910 141 26 stapelstäder
278 910 13 20 2
314 910 72 25 Daler,
409 910 7 20 i
432 910 81 21 mindre
528 910 142 27 stapelstäder
686 910 39 22 och
741 912 68 19 större
825 910 115 26 uppstäder

117 940 9 19 1
140 938 71 26 Daler,
223 939 3 20 i
236 938 81 22 mindre
328 938 116 27 uppstäder
456 940 26 20 16
493 940 42 20 öre.
547 951 27 3 —
588 938 105 22 Ståndens
701 939 84 26 vänliga
793 938 100 22 anhållan
901 938 39 22 och

116 967 92 27 begäran
223 969 24 19 är
263 967 131 21 fördenskull
405 968 36 20 det
453 967 110 27 behagade
574 968 76 21 Vener.
665 968 155 21 Consistorium
833 967 35 21 vid
879 968 62 20 nästa

115 998 116 24 prestmöte
246 998 52 24 göra
309 996 74 21 härom
397 996 73 26 tjenlig
480 996 147 27 föreställning
638 1009 26 3 —
678 1003 18 15 o.
708 1002 17 15 s.
736 1002 19 14 v.
767 999 32 18 att
809 995 87 27 afgiften
907 996 34 21 mä

115 1024 23 21 af
151 1024 158 22 vederbörande
323 1024 115 27 godvilligi
454 1024 85 22 bifallas
555 1024 39 22 och
610 1026 7 20 i
632 1025 24 21 sä
670 1025 38 21 fall
724 1025 7 21 i
745 1024 76 27 början
833 1024 22 21 af
867 1024 73 26 hvarje

116 1053 24 21 är
155 1053 31 21 till
204 1052 154 22 Consistorium
373 1053 13 21 å
401 1053 72 21 stället
488 1054 122 21 insändas".
642 1054 41 20 Det
695 1060 62 20 synes
770 1053 61 21 häraf
840 1053 57 21 klart
909 1055 32 19 att

116 1082 155 26 presteständet
293 1082 34 20 vid
351 1082 112 26 riksdagen
486 1082 62 21 tänkt
570 1082 32 26 sig
624 1082 49 27 sjelf
686 1082 7 21 i
708 1082 47 21 sina
770 1083 171 25 representanter

116 1110 68 21 säsom
210 1110 105 21 hafvande
340 1110 40 22 den
405 1110 69 22 första
502 1110 40 22 och
567 1112 107 20 närmaste
699 1111 54 26 pligt
768 1113 32 19 att
815 1112 52 25 göra
882 1110 59 21 detta

116 1139 159 26 sammanskott,
299 1138 39 22 och
360 1141 39 24 att,
420 1139 23 21 sä
458 1141 60 19 snart
533 1139 158 26 presteständet
707 1139 18 27 ej
741 1141 70 19 ansett
826 1139 31 26 sig
873 1138 6 21 i
895 1139 46 20 sina

116 1169 170 24 representanter
309 1173 38 20 ega
370 1170 58 24 magt
450 1168 39 21 och
509 1167 96 28 förmåga
621 1174 41 20 nog
678 1170 31 19 att
725 1169 77 25 utgöra
817 1173 26 15 en
857 1167 25 21 sä
897 1170 44 18 stor

115 1195 67 28 afgift,
203 1196 158 26 presteständet
383 1196 119 27 hänskjutit
524 1196 73 26 frägan
616 1197 33 20 till
664 1196 164 25 vederbörande,
844 1201 45 15 som
905 1196 36 21 be-

116 1224 88 21 kostade
220 1224 215 27 riksdagsmännerna
450 1225 6 21 i
472 1225 41 21 den
529 1225 58 21 tiden
603 1226 20 20 d.
639 1232 19 13 v.
675 1231 16 15 s.
707 1225 33 21 till
756 1225 73 20 herrar
836 1227 105 24 pastorer.

115 1253 41 26 Jag
171 1259 62 15 anser
248 1253 43 26 mig
306 1255 57 19 ännu
377 1253 125 27 ytterligare
518 1254 52 21 böra
585 1253 75 22 anföra
670 1260 27 15 en
707 1253 136 26 förhandling
851 1253 90 21 emellan

116 1281 158 22 vederbörande
295 1281 33 22 för
351 1284 32 19 att
404 1283 88 26 uppvisa
508 1284 32 19 att
556 1289 82 14 samma
653 1282 55 27 äsigt
723 1281 130 22 fortfarande
868 1281 73 27 gjorde

116 1310 31 27 sig
169 1310 97 27 gällande
289 1311 33 20 vid
346 1311 140 26 riksdagarne
508 1311 6 20 i
530 1311 93 27 Sverige,
639 1311 105 27 nemligen
760 1311 47 25 den,
823 1312 32 19 att
870 1313 72 24 pasto-

116 1345 60 15 rerne
200 1339 80 26 sjelfva,
296 1345 45 15 som
358 1339 99 22 betalade
472 1339 95 27 afgiften,
583 1340 67 21 borde
665 1340 64 21 höras
744 1340 7 20 i
767 1339 71 21 saken.
855 1339 32 20 till
902 1339 40 21 och

116 1367 48 21 med
179 1367 24 21 sä
218 1370 59 19 scart
293 1367 61 26 fråga
364 1368 44 21 blef
419 1374 34 15 om
465 1368 93 27 höjande
568 1367 23 22 af
599 1368 99 27 afgiftens
709 1369 82 26 belopp.
814 1367 60 21 Inom
885 1367 57 22 stän-

116 1396 36 21 det
167 1397 90 25 uppstod
274 1396 74 27 frägan
364 1397 82 25 härom,
462 1397 52 20 eller
530 1403 33 14 om
579 1397 84 27 förhöjd
678 1397 69 26 afgift,
763 1396 88 27 ungefär
864 1395 41 22 fem
918 1396 25 21 är

117 1424 95 27 sednare,
236 1425 39 21 och
291 1425 44 21 deri
351 1425 112 21 comitialis
479 1425 111 22 skrifvelse
606 1426 22 21 af
642 1427 41 20 den
699 1427 27 20 22
740 1425 83 27 januari
840 1425 55 20 1762
909 1425 33 21 till

116 1453 141 26 domkapitlet
271 1454 7 20 i
293 1448 47 27 Äbo
356 1453 60 28 lyder
431 1455 6 20 i
454 1455 11 20 7
482 1460 62 15 mom.
562 1454 32 21 sä:
605 1454 201 27 ,,Ständet
718 1449 12 36 i
741 1454 64 27 gemen
815 1453 39 21 och
863 1453 79 22 enhvar

116 1482 121 26 isynnerhet
258 1482 39 21 har
313 1482 45 21 haft
373 1483 89 26 mycken
477 1485 61 24 nyttä
554 1483 23 21 af
590 1484 36 20 det
641 1483 161 24 sammanskott,
817 1487 45 16 som
878 1481 64 22 bevil-

114 1510 60 26 jades
189 1510 91 22 förlidne
296 1511 86 26 riksdag
397 1511 32 21 till
444 1511 91 22 Ständet
550 1511 79 26 archiv,
646 1519 48 14 men
710 1511 27 22 dä
752 1517 59 15 mera
819 1510 61 21 akter
889 1512 54 21 varit

116 1539 140 26 nödvändiga,
283 1539 24 21 sä
331 1539 117 22 föranlätes
471 1539 101 22 Ständets
595 1543 32 18 att
650 1541 85 26 begära,
757 1540 35 21 det
807 1539 135 23 förenämnde

829 1575 21 16 74
