<?xml version="1.0" encoding="UTF-8"?>
<alto xmlns="http://www.loc.gov/standards/alto/ns-v3#" xmlns:xlink="http://www.w3.org/1999/xlink" xmlns:xsi="http://www.w3.org/2001/XMLSchema-instance" xsi:schemaLocation="http://www.loc.gov/standards/alto/ns-v3# http://www.loc.gov/alto/v3/alto-3-0.xsd">
	<Description>
		<MeasurementUnit>pixel</MeasurementUnit>
		<sourceImageInformation>
			<fileName>/tmp/tess_wx815qpw_input.PNG</fileName>
		</sourceImageInformation>
		<OCRProcessing ID="OCR_0">
			<ocrProcessingStep>
				<processingSoftware>
					<softwareName>tesseract 5.3.4</softwareName>
				</processingSoftware>
			</ocrProcessingStep>
		</OCRProcessing>
	</Description>
	<Layout>
		<Page WIDTH="1089" HEIGHT="1739" PHYSICAL_IMG_NR="0" ID="page_0">
			<PrintSpace HPOS="0" VPOS="0" WIDTH="1089" HEIGHT="1739">
				<ComposedBlock ID="cblock_0" HPOS="212" VPOS="85" WIDTH="454" HEIGHT="28">
					<TextBlock ID="block_0" HPOS="212" VPOS="85" WIDTH="454" HEIGHT="28">
						<TextLine ID="line_0" HPOS="212" VPOS="85" WIDTH="454" HEIGHT="28">
							<String ID="string_0" HPOS="212" VPOS="85" WIDTH="43" HEIGHT="21" WC="0.94" CONTENT="286"/><SP WIDTH="276" VPOS="85" HPOS="255"/>
							<String ID="string_1" HPOS="531" VPOS="91" WIDTH="10" HEIGHT="17" WC="0.90" CONTENT="9"/><SP WIDTH="12" VPOS="91" HPOS="541"/>
							<String ID="string_2" HPOS="553" VPOS="96" WIDTH="18" HEIGHT="17" WC="0.90" CONTENT="p."/><SP WIDTH="14" VPOS="96" HPOS="571"/>
							<String ID="string_3" HPOS="585" VPOS="91" WIDTH="81" HEIGHT="17" WC="0.90" CONTENT="Helmik."/>
						</TextLine>
					</TextBlock>
				</ComposedBlock>
				<ComposedBlock ID="cblock_1" HPOS="173" VPOS="149" WIDTH="839" HEIGHT="1372">
					<TextBlock ID="block_1" HPOS="173" VPOS="149" WIDTH="839" HEIGHT="1372">
						<TextLine ID="line_1" HPOS="183" VPOS="149" WIDTH="829" HEIGHT="27">
							<String ID="string_4" HPOS="183" VPOS="149" WIDTH="76" HEIGHT="27" WC="0.93" CONTENT="slagna"/><SP WIDTH="15" VPOS="149" HPOS="259"/>
							<String ID="string_5" HPOS="274" VPOS="149" WIDTH="236" HEIGHT="23" WC="0.90" CONTENT="dårvårdsanstalterna"/><SP WIDTH="16" VPOS="149" HPOS="510"/>
							<String ID="string_6" HPOS="526" VPOS="151" WIDTH="71" HEIGHT="21" WC="0.96" CONTENT="skulle"/><SP WIDTH="15" VPOS="151" HPOS="597"/>
							<String ID="string_7" HPOS="612" VPOS="151" WIDTH="6" HEIGHT="21" WC="0.96" CONTENT="i"/><SP WIDTH="17" VPOS="151" HPOS="618"/>
							<String ID="string_8" HPOS="635" VPOS="151" WIDTH="42" HEIGHT="21" WC="0.96" CONTENT="den"/><SP WIDTH="11" VPOS="151" HPOS="677"/>
							<String ID="string_9" HPOS="688" VPOS="152" WIDTH="109" HEIGHT="20" WC="0.95" CONTENT="närmaste"/><SP WIDTH="10" VPOS="152" HPOS="797"/>
							<String ID="string_10" HPOS="807" VPOS="149" WIDTH="115" HEIGHT="24" WC="0.96" CONTENT="framtiden"/><SP WIDTH="11" VPOS="149" HPOS="922"/>
							<String ID="string_11" HPOS="933" VPOS="151" WIDTH="79" HEIGHT="22" WC="0.96" CONTENT="endast"/>
						</TextLine>
						<TextLine ID="line_2" HPOS="183" VPOS="178" WIDTH="828" HEIGHT="27">
							<String ID="string_12" HPOS="183" VPOS="178" WIDTH="28" HEIGHT="22" WC="0.96" CONTENT="de"/><SP WIDTH="22" VPOS="178" HPOS="211"/>
							<String ID="string_13" HPOS="233" VPOS="178" WIDTH="43" HEIGHT="22" WC="0.93" CONTENT="fem"/><SP WIDTH="20" VPOS="178" HPOS="276"/>
							<String ID="string_14" HPOS="296" VPOS="179" WIDTH="277" HEIGHT="26" WC="0.92" CONTENT="upptagningsanstalterna"/><SP WIDTH="20" VPOS="179" HPOS="573"/>
							<String ID="string_15" HPOS="593" VPOS="182" WIDTH="56" HEIGHT="19" WC="0.96" CONTENT="samt"/><SP WIDTH="16" VPOS="182" HPOS="649"/>
							<String ID="string_16" HPOS="665" VPOS="180" WIDTH="42" HEIGHT="21" WC="0.96" CONTENT="den"/><SP WIDTH="16" VPOS="180" HPOS="707"/>
							<String ID="string_17" HPOS="723" VPOS="186" WIDTH="40" HEIGHT="15" WC="0.96" CONTENT="ena"/><SP WIDTH="15" VPOS="186" HPOS="763"/>
							<String ID="string_18" HPOS="778" VPOS="179" WIDTH="22" HEIGHT="22" WC="0.96" CONTENT="af"/><SP WIDTH="14" VPOS="179" HPOS="800"/>
							<String ID="string_19" HPOS="814" VPOS="179" WIDTH="27" HEIGHT="22" WC="0.96" CONTENT="de"/><SP WIDTH="15" VPOS="179" HPOS="841"/>
							<String ID="string_20" HPOS="856" VPOS="179" WIDTH="155" HEIGHT="22" WC="0.96" CONTENT="kombinerade"/>
						</TextLine>
						<TextLine ID="line_3" HPOS="182" VPOS="207" WIDTH="828" HEIGHT="28">
							<String ID="string_21" HPOS="182" VPOS="207" WIDTH="51" HEIGHT="21" WC="0.92" CONTENT="kur-"/><SP WIDTH="17" VPOS="207" HPOS="233"/>
							<String ID="string_22" HPOS="250" VPOS="207" WIDTH="41" HEIGHT="21" WC="0.93" CONTENT="och"/><SP WIDTH="15" VPOS="207" HPOS="291"/>
							<String ID="string_23" HPOS="306" VPOS="207" WIDTH="184" HEIGHT="22" WC="0.91" CONTENT="vårdanstalterna"/><SP WIDTH="15" VPOS="207" HPOS="490"/>
							<String ID="string_24" HPOS="505" VPOS="208" WIDTH="54" HEIGHT="21" WC="0.93" CONTENT="böra"/><SP WIDTH="14" VPOS="208" HPOS="559"/>
							<String ID="string_25" HPOS="573" VPOS="207" WIDTH="162" HEIGHT="28" WC="0.91" CONTENT="ifrågakomma,"/><SP WIDTH="17" VPOS="207" HPOS="735"/>
							<String ID="string_26" HPOS="752" VPOS="209" WIDTH="32" HEIGHT="21" WC="0.96" CONTENT="för"/><SP WIDTH="13" VPOS="209" HPOS="784"/>
							<String ID="string_27" HPOS="797" VPOS="207" WIDTH="83" HEIGHT="22" WC="0.93" CONTENT="hvilkas"/><SP WIDTH="10" VPOS="207" HPOS="880"/>
							<String ID="string_28" HPOS="890" VPOS="208" WIDTH="120" HEIGHT="27" WC="0.90" CONTENT="bringande"/>
						</TextLine>
						<TextLine ID="line_4" HPOS="182" VPOS="235" WIDTH="830" HEIGHT="28">
							<String ID="string_29" HPOS="182" VPOS="235" WIDTH="33" HEIGHT="21" WC="0.96" CONTENT="till"/><SP WIDTH="15" VPOS="235" HPOS="215"/>
							<String ID="string_30" HPOS="230" VPOS="235" WIDTH="65" HEIGHT="21" WC="0.93" CONTENT="stånd"/><SP WIDTH="16" VPOS="235" HPOS="295"/>
							<String ID="string_31" HPOS="311" VPOS="235" WIDTH="120" HEIGHT="22" WC="0.92" CONTENT="Ständerna"/><SP WIDTH="15" VPOS="235" HPOS="431"/>
							<String ID="string_32" HPOS="446" VPOS="237" WIDTH="35" HEIGHT="21" WC="0.96" CONTENT="vid"/><SP WIDTH="17" VPOS="237" HPOS="481"/>
							<String ID="string_33" HPOS="498" VPOS="238" WIDTH="54" HEIGHT="20" WC="0.96" CONTENT="1877"/><SP WIDTH="16" VPOS="238" HPOS="552"/>
							<String ID="string_34" HPOS="568" VPOS="237" WIDTH="35" HEIGHT="21" WC="0.93" CONTENT="års"/><SP WIDTH="16" VPOS="237" HPOS="603"/>
							<String ID="string_35" HPOS="619" VPOS="237" WIDTH="105" HEIGHT="26" WC="0.90" CONTENT="landtdag"/><SP WIDTH="16" VPOS="237" HPOS="724"/>
							<String ID="string_36" HPOS="740" VPOS="236" WIDTH="103" HEIGHT="22" WC="0.96" CONTENT="anvisade"/><SP WIDTH="15" VPOS="236" HPOS="843"/>
							<String ID="string_37" HPOS="858" VPOS="242" WIDTH="26" HEIGHT="15" WC="0.96" CONTENT="en"/><SP WIDTH="12" VPOS="242" HPOS="884"/>
							<String ID="string_38" HPOS="896" VPOS="243" WIDTH="82" HEIGHT="15" WC="0.96" CONTENT="summa"/><SP WIDTH="11" VPOS="243" HPOS="978"/>
							<String ID="string_39" HPOS="989" VPOS="237" WIDTH="23" HEIGHT="21" WC="0.96" CONTENT="af"/>
						</TextLine>
						<TextLine ID="line_5" HPOS="183" VPOS="265" WIDTH="826" HEIGHT="27">
							<String ID="string_40" HPOS="183" VPOS="265" WIDTH="93" HEIGHT="24" WC="0.91" CONTENT="900,000"/><SP WIDTH="20" VPOS="265" HPOS="276"/>
							<String ID="string_41" HPOS="296" VPOS="265" WIDTH="67" HEIGHT="26" WC="0.96" CONTENT="mark,"/><SP WIDTH="16" VPOS="265" HPOS="363"/>
							<String ID="string_42" HPOS="379" VPOS="267" WIDTH="32" HEIGHT="19" WC="0.96" CONTENT="att"/><SP WIDTH="15" VPOS="267" HPOS="411"/>
							<String ID="string_43" HPOS="426" VPOS="265" WIDTH="52" HEIGHT="27" WC="0.96" CONTENT="utgå"/><SP WIDTH="14" VPOS="265" HPOS="478"/>
							<String ID="string_44" HPOS="492" VPOS="265" WIDTH="56" HEIGHT="21" WC="0.96" CONTENT="intill"/><SP WIDTH="15" VPOS="265" HPOS="548"/>
							<String ID="string_45" HPOS="563" VPOS="265" WIDTH="110" HEIGHT="27" WC="0.96" CONTENT="utgången"/><SP WIDTH="17" VPOS="265" HPOS="673"/>
							<String ID="string_46" HPOS="690" VPOS="265" WIDTH="23" HEIGHT="21" WC="0.96" CONTENT="af"/><SP WIDTH="14" VPOS="265" HPOS="713"/>
							<String ID="string_47" HPOS="727" VPOS="265" WIDTH="24" HEIGHT="22" WC="0.96" CONTENT="år"/><SP WIDTH="16" VPOS="265" HPOS="751"/>
							<String ID="string_48" HPOS="767" VPOS="267" WIDTH="61" HEIGHT="19" WC="0.96" CONTENT="1882."/><SP WIDTH="31" VPOS="267" HPOS="828"/>
							<String ID="string_49" HPOS="859" VPOS="265" WIDTH="28" HEIGHT="21" WC="0.96" CONTENT="Af"/><SP WIDTH="14" VPOS="265" HPOS="887"/>
							<String ID="string_50" HPOS="901" VPOS="265" WIDTH="64" HEIGHT="22" WC="0.96" CONTENT="dessa"/><SP WIDTH="16" VPOS="265" HPOS="965"/>
							<String ID="string_51" HPOS="981" VPOS="265" WIDTH="28" HEIGHT="22" WC="0.96" CONTENT="då"/>
						</TextLine>
						<TextLine ID="line_6" HPOS="182" VPOS="292" WIDTH="827" HEIGHT="29">
							<String ID="string_52" HPOS="182" VPOS="292" WIDTH="124" HEIGHT="27" WC="0.96" CONTENT="föreslagna"/><SP WIDTH="21" VPOS="292" HPOS="306"/>
							<String ID="string_53" HPOS="327" VPOS="293" WIDTH="147" HEIGHT="27" WC="0.96" CONTENT="inrättningar,"/><SP WIDTH="20" VPOS="293" HPOS="474"/>
							<String ID="string_54" HPOS="494" VPOS="294" WIDTH="73" HEIGHT="21" WC="0.96" CONTENT="hvilka"/><SP WIDTH="20" VPOS="294" HPOS="567"/>
							<String ID="string_55" HPOS="587" VPOS="294" WIDTH="54" HEIGHT="22" WC="0.96" CONTENT="efter"/><SP WIDTH="20" VPOS="294" HPOS="641"/>
							<String ID="string_56" HPOS="661" VPOS="294" WIDTH="58" HEIGHT="21" WC="0.96" CONTENT="hand"/><SP WIDTH="16" VPOS="294" HPOS="719"/>
							<String ID="string_57" HPOS="735" VPOS="294" WIDTH="70" HEIGHT="22" WC="0.95" CONTENT="skulle"/><SP WIDTH="15" VPOS="294" HPOS="805"/>
							<String ID="string_58" HPOS="820" VPOS="294" WIDTH="109" HEIGHT="27" WC="0.95" CONTENT="uppföras,"/><SP WIDTH="16" VPOS="294" HPOS="929"/>
							<String ID="string_59" HPOS="945" VPOS="294" WIDTH="64" HEIGHT="22" WC="0.96" CONTENT="hafva"/>
						</TextLine>
						<TextLine ID="line_7" HPOS="183" VPOS="320" WIDTH="827" HEIGHT="30">
							<String ID="string_60" HPOS="183" VPOS="320" WIDTH="68" HEIGHT="23" WC="0.95" CONTENT="sedan"/><SP WIDTH="23" VPOS="320" HPOS="251"/>
							<String ID="string_61" HPOS="274" VPOS="322" WIDTH="49" HEIGHT="21" WC="0.95" CONTENT="dess"/><SP WIDTH="22" VPOS="322" HPOS="323"/>
							<String ID="string_62" HPOS="345" VPOS="322" WIDTH="69" HEIGHT="21" WC="0.94" CONTENT="blifvit"/><SP WIDTH="21" VPOS="322" HPOS="414"/>
							<String ID="string_63" HPOS="435" VPOS="322" WIDTH="133" HEIGHT="22" WC="0.96" CONTENT="fullbordade"/><SP WIDTH="23" VPOS="322" HPOS="568"/>
							<String ID="string_64" HPOS="591" VPOS="322" WIDTH="41" HEIGHT="22" WC="0.96" CONTENT="och"/><SP WIDTH="20" VPOS="322" HPOS="632"/>
							<String ID="string_65" HPOS="652" VPOS="322" WIDTH="70" HEIGHT="22" WC="0.96" CONTENT="under"/><SP WIDTH="21" VPOS="322" HPOS="722"/>
							<String ID="string_66" HPOS="743" VPOS="323" WIDTH="24" HEIGHT="21" WC="0.96" CONTENT="år"/><SP WIDTH="19" VPOS="323" HPOS="767"/>
							<String ID="string_67" HPOS="786" VPOS="324" WIDTH="55" HEIGHT="20" WC="0.96" CONTENT="1882"/><SP WIDTH="20" VPOS="324" HPOS="841"/>
							<String ID="string_68" HPOS="861" VPOS="323" WIDTH="99" HEIGHT="27" WC="0.96" CONTENT="öppnade"/><SP WIDTH="14" VPOS="323" HPOS="960"/>
							<String ID="string_69" HPOS="974" VPOS="322" WIDTH="36" HEIGHT="22" WC="0.96" CONTENT="för"/>
						</TextLine>
						<TextLine ID="line_8" HPOS="182" VPOS="350" WIDTH="825" HEIGHT="28">
							<String ID="string_70" HPOS="182" VPOS="350" WIDTH="153" HEIGHT="26" WC="0.91" CONTENT="emottagande"/><SP WIDTH="16" VPOS="350" HPOS="335"/>
							<String ID="string_71" HPOS="351" VPOS="350" WIDTH="22" HEIGHT="22" WC="0.96" CONTENT="af"/><SP WIDTH="13" VPOS="350" HPOS="373"/>
							<String ID="string_72" HPOS="386" VPOS="351" WIDTH="140" HEIGHT="27" WC="0.96" CONTENT="sinnessjuka,"/><SP WIDTH="17" VPOS="351" HPOS="526"/>
							<String ID="string_73" HPOS="543" VPOS="351" WIDTH="26" HEIGHT="21" WC="0.96" CONTENT="de"/><SP WIDTH="16" VPOS="351" HPOS="569"/>
							<String ID="string_74" HPOS="585" VPOS="350" WIDTH="42" HEIGHT="22" WC="0.93" CONTENT="fem"/><SP WIDTH="10" VPOS="350" HPOS="627"/>
							<String ID="string_75" HPOS="637" VPOS="351" WIDTH="282" HEIGHT="27" WC="0.92" CONTENT="upptagningsanstalterna"/><SP WIDTH="11" VPOS="351" HPOS="919"/>
							<String ID="string_76" HPOS="930" VPOS="352" WIDTH="7" HEIGHT="20" WC="0.93" CONTENT="i"/><SP WIDTH="10" VPOS="352" HPOS="937"/>
							<String ID="string_77" HPOS="947" VPOS="352" WIDTH="60" HEIGHT="20" WC="0.92" CONTENT="läne-"/>
						</TextLine>
						<TextLine ID="line_9" HPOS="181" VPOS="370" WIDTH="827" HEIGHT="41">
							<String ID="string_78" HPOS="181" VPOS="378" WIDTH="201" HEIGHT="22" WC="0.91" CONTENT="residensstäderna"/><SP WIDTH="10" VPOS="378" HPOS="382"/>
							<String ID="string_79" HPOS="392" VPOS="379" WIDTH="114" HEIGHT="27" WC="0.93" CONTENT="Uleåborg,"/><SP WIDTH="11" VPOS="379" HPOS="506"/>
							<String ID="string_80" HPOS="517" VPOS="380" WIDTH="144" HEIGHT="26" WC="0.91" CONTENT="Nikolaistad,"/><SP WIDTH="12" VPOS="380" HPOS="661"/>
							<String ID="string_81" HPOS="673" VPOS="370" WIDTH="54" HEIGHT="41" WC="0.96" CONTENT="Åbo,"/><SP WIDTH="8" VPOS="370" HPOS="727"/>
							<String ID="string_82" HPOS="735" VPOS="380" WIDTH="96" HEIGHT="26" WC="0.91" CONTENT="Wiborg,"/><SP WIDTH="9" VPOS="380" HPOS="831"/>
							<String ID="string_83" HPOS="840" VPOS="380" WIDTH="40" HEIGHT="21" WC="0.96" CONTENT="och"/><SP WIDTH="9" VPOS="380" HPOS="880"/>
							<String ID="string_84" HPOS="889" VPOS="380" WIDTH="33" HEIGHT="21" WC="0.95" CONTENT="S:t"/><SP WIDTH="6" VPOS="380" HPOS="922"/>
							<String ID="string_85" HPOS="928" VPOS="380" WIDTH="80" HEIGHT="21" WC="0.95" CONTENT="Michel"/>
						</TextLine>
						<TextLine ID="line_10" HPOS="181" VPOS="406" WIDTH="826" HEIGHT="29">
							<String ID="string_86" HPOS="181" VPOS="407" WIDTH="50" HEIGHT="21" WC="0.95" CONTENT="med"/><SP WIDTH="16" VPOS="407" HPOS="231"/>
							<String ID="string_87" HPOS="247" VPOS="406" WIDTH="129" HEIGHT="23" WC="0.95" CONTENT="tillsamman"/><SP WIDTH="16" VPOS="406" HPOS="376"/>
							<String ID="string_88" HPOS="392" VPOS="409" WIDTH="26" HEIGHT="20" WC="0.93" CONTENT="92"/><SP WIDTH="16" VPOS="409" HPOS="418"/>
							<String ID="string_89" HPOS="434" VPOS="408" WIDTH="138" HEIGHT="27" WC="0.91" CONTENT="sjukplatser,"/><SP WIDTH="11" VPOS="408" HPOS="572"/>
							<String ID="string_90" HPOS="583" VPOS="408" WIDTH="114" HEIGHT="22" WC="0.92" CONTENT="hvarutom"/><SP WIDTH="12" VPOS="408" HPOS="697"/>
							<String ID="string_91" HPOS="709" VPOS="408" WIDTH="24" HEIGHT="22" WC="0.93" CONTENT="af"/><SP WIDTH="8" VPOS="408" HPOS="733"/>
							<String ID="string_92" HPOS="741" VPOS="408" WIDTH="216" HEIGHT="22" WC="0.91" CONTENT="centralanstalterna"/><SP WIDTH="9" VPOS="408" HPOS="957"/>
							<String ID="string_93" HPOS="966" VPOS="408" WIDTH="41" HEIGHT="21" WC="0.96" CONTENT="den"/>
						</TextLine>
						<TextLine ID="line_11" HPOS="181" VPOS="435" WIDTH="825" HEIGHT="29">
							<String ID="string_94" HPOS="181" VPOS="436" WIDTH="36" HEIGHT="20" WC="0.96" CONTENT="vid"/><SP WIDTH="15" VPOS="436" HPOS="217"/>
							<String ID="string_95" HPOS="232" VPOS="435" WIDTH="85" HEIGHT="28" WC="0.96" CONTENT="Kuopio"/><SP WIDTH="16" VPOS="435" HPOS="317"/>
							<String ID="string_96" HPOS="333" VPOS="436" WIDTH="69" HEIGHT="22" WC="0.96" CONTENT="blifvit"/><SP WIDTH="14" VPOS="436" HPOS="402"/>
							<String ID="string_97" HPOS="416" VPOS="437" WIDTH="67" HEIGHT="21" WC="0.96" CONTENT="delvis"/><SP WIDTH="14" VPOS="437" HPOS="483"/>
							<String ID="string_98" HPOS="497" VPOS="436" WIDTH="72" HEIGHT="28" WC="0.96" CONTENT="färdig"/><SP WIDTH="14" VPOS="436" HPOS="569"/>
							<String ID="string_99" HPOS="583" VPOS="437" WIDTH="7" HEIGHT="21" WC="0.96" CONTENT="i"/><SP WIDTH="15" VPOS="437" HPOS="590"/>
							<String ID="string_100" HPOS="605" VPOS="437" WIDTH="38" HEIGHT="21" WC="0.96" CONTENT="det"/><SP WIDTH="15" VPOS="437" HPOS="643"/>
							<String ID="string_101" HPOS="658" VPOS="439" WIDTH="33" HEIGHT="19" WC="0.96" CONTENT="att"/><SP WIDTH="10" VPOS="439" HPOS="691"/>
							<String ID="string_102" HPOS="701" VPOS="436" WIDTH="137" HEIGHT="28" WC="0.96" CONTENT="afdelningen"/><SP WIDTH="11" VPOS="436" HPOS="838"/>
							<String ID="string_103" HPOS="849" VPOS="436" WIDTH="33" HEIGHT="22" WC="0.96" CONTENT="för"/><SP WIDTH="10" VPOS="436" HPOS="882"/>
							<String ID="string_104" HPOS="892" VPOS="437" WIDTH="41" HEIGHT="21" WC="0.93" CONTENT="den"/><SP WIDTH="9" VPOS="437" HPOS="933"/>
							<String ID="string_105" HPOS="942" VPOS="436" WIDTH="64" HEIGHT="21" WC="0.93" CONTENT="kura-"/>
						</TextLine>
						<TextLine ID="line_12" HPOS="181" VPOS="464" WIDTH="826" HEIGHT="29">
							<String ID="string_106" HPOS="181" VPOS="464" WIDTH="45" HEIGHT="21" WC="0.96" CONTENT="tiva"/><SP WIDTH="15" VPOS="464" HPOS="226"/>
							<String ID="string_107" HPOS="241" VPOS="464" WIDTH="157" HEIGHT="27" WC="0.96" CONTENT="behandlingen"/><SP WIDTH="15" VPOS="464" HPOS="398"/>
							<String ID="string_108" HPOS="413" VPOS="465" WIDTH="22" HEIGHT="21" WC="0.96" CONTENT="af"/><SP WIDTH="13" VPOS="465" HPOS="435"/>
							<String ID="string_109" HPOS="448" VPOS="466" WIDTH="85" HEIGHT="26" WC="0.95" CONTENT="nyligen"/><SP WIDTH="10" VPOS="466" HPOS="533"/>
							<String ID="string_110" HPOS="543" VPOS="466" WIDTH="134" HEIGHT="27" WC="0.96" CONTENT="insjuknade,"/><SP WIDTH="12" VPOS="466" HPOS="677"/>
							<String ID="string_111" HPOS="689" VPOS="466" WIDTH="152" HEIGHT="21" WC="0.96" CONTENT="innehållande"/><SP WIDTH="12" VPOS="466" HPOS="841"/>
							<String ID="string_112" HPOS="853" VPOS="467" WIDTH="40" HEIGHT="19" WC="0.93" CONTENT="120"/><SP WIDTH="9" VPOS="467" HPOS="893"/>
							<String ID="string_113" HPOS="902" VPOS="465" WIDTH="105" HEIGHT="27" WC="0.91" CONTENT="sjukplat-"/>
						</TextLine>
						<TextLine ID="line_13" HPOS="182" VPOS="492" WIDTH="824" HEIGHT="24">
							<String ID="string_114" HPOS="182" VPOS="499" WIDTH="35" HEIGHT="15" WC="0.96" CONTENT="ser"/><SP WIDTH="15" VPOS="499" HPOS="217"/>
							<String ID="string_115" HPOS="232" VPOS="492" WIDTH="70" HEIGHT="22" WC="0.96" CONTENT="blifvit"/><SP WIDTH="15" VPOS="492" HPOS="302"/>
							<String ID="string_116" HPOS="317" VPOS="493" WIDTH="24" HEIGHT="21" WC="0.96" CONTENT="så"/><SP WIDTH="14" VPOS="493" HPOS="341"/>
							<String ID="string_117" HPOS="355" VPOS="493" WIDTH="120" HEIGHT="22" WC="0.96" CONTENT="fullbordad"/><SP WIDTH="16" VPOS="493" HPOS="475"/>
							<String ID="string_118" HPOS="491" VPOS="495" WIDTH="32" HEIGHT="20" WC="0.96" CONTENT="att"/><SP WIDTH="16" VPOS="495" HPOS="523"/>
							<String ID="string_119" HPOS="539" VPOS="494" WIDTH="40" HEIGHT="21" WC="0.96" CONTENT="den"/><SP WIDTH="16" VPOS="494" HPOS="579"/>
							<String ID="string_120" HPOS="595" VPOS="494" WIDTH="46" HEIGHT="21" WC="0.96" CONTENT="från"/><SP WIDTH="16" VPOS="494" HPOS="641"/>
							<String ID="string_121" HPOS="657" VPOS="494" WIDTH="41" HEIGHT="22" WC="0.96" CONTENT="den"/><SP WIDTH="18" VPOS="494" HPOS="698"/>
							<String ID="string_122" HPOS="716" VPOS="496" WIDTH="10" HEIGHT="19" WC="0.93" CONTENT="1"/><SP WIDTH="17" VPOS="496" HPOS="726"/>
							<String ID="string_123" HPOS="743" VPOS="494" WIDTH="145" HEIGHT="21" WC="0.92" CONTENT="instundande"/><SP WIDTH="15" VPOS="494" HPOS="888"/>
							<String ID="string_124" HPOS="903" VPOS="494" WIDTH="103" HEIGHT="21" WC="0.96" CONTENT="Februari"/>
						</TextLine>
						<TextLine ID="line_14" HPOS="181" VPOS="522" WIDTH="826" HEIGHT="27">
							<String ID="string_125" HPOS="181" VPOS="522" WIDTH="63" HEIGHT="20" WC="0.96" CONTENT="torde"/><SP WIDTH="15" VPOS="522" HPOS="244"/>
							<String ID="string_126" HPOS="259" VPOS="522" WIDTH="72" HEIGHT="21" WC="0.96" CONTENT="kunna"/><SP WIDTH="14" VPOS="522" HPOS="331"/>
							<String ID="string_127" HPOS="345" VPOS="522" WIDTH="87" HEIGHT="27" WC="0.96" CONTENT="vidtaga"/><SP WIDTH="15" VPOS="522" HPOS="432"/>
							<String ID="string_128" HPOS="447" VPOS="522" WIDTH="32" HEIGHT="22" WC="0.96" CONTENT="sin"/><SP WIDTH="15" VPOS="522" HPOS="479"/>
							<String ID="string_129" HPOS="494" VPOS="523" WIDTH="145" HEIGHT="21" WC="0.96" CONTENT="verksamhet."/><SP WIDTH="27" VPOS="523" HPOS="639"/>
							<String ID="string_130" HPOS="666" VPOS="523" WIDTH="95" HEIGHT="21" WC="0.84" CONTENT="Sålunda"/><SP WIDTH="16" VPOS="523" HPOS="761"/>
							<String ID="string_131" HPOS="777" VPOS="523" WIDTH="38" HEIGHT="21" WC="0.96" CONTENT="har"/><SP WIDTH="11" VPOS="523" HPOS="815"/>
							<String ID="string_132" HPOS="826" VPOS="523" WIDTH="38" HEIGHT="21" WC="0.96" CONTENT="det"/><SP WIDTH="9" VPOS="523" HPOS="864"/>
							<String ID="string_133" HPOS="873" VPOS="522" WIDTH="134" HEIGHT="27" WC="0.96" CONTENT="någorlunda"/>
						</TextLine>
						<TextLine ID="line_15" HPOS="181" VPOS="550" WIDTH="826" HEIGHT="28">
							<String ID="string_134" HPOS="181" VPOS="550" WIDTH="66" HEIGHT="27" WC="0.91" CONTENT="sörjts"/><SP WIDTH="19" VPOS="550" HPOS="247"/>
							<String ID="string_135" HPOS="266" VPOS="550" WIDTH="34" HEIGHT="22" WC="0.95" CONTENT="för"/><SP WIDTH="15" VPOS="550" HPOS="300"/>
							<String ID="string_136" HPOS="315" VPOS="550" WIDTH="26" HEIGHT="21" WC="0.96" CONTENT="de"/><SP WIDTH="15" VPOS="550" HPOS="341"/>
							<String ID="string_137" HPOS="356" VPOS="557" WIDTH="51" HEIGHT="21" WC="0.93" CONTENT="nyss"/><SP WIDTH="16" VPOS="557" HPOS="407"/>
							<String ID="string_138" HPOS="423" VPOS="551" WIDTH="140" HEIGHT="27" WC="0.90" CONTENT="insjuknades"/><SP WIDTH="15" VPOS="551" HPOS="563"/>
							<String ID="string_139" HPOS="578" VPOS="551" WIDTH="132" HEIGHT="27" WC="0.96" CONTENT="behandling"/><SP WIDTH="16" VPOS="551" HPOS="710"/>
							<String ID="string_140" HPOS="726" VPOS="551" WIDTH="39" HEIGHT="22" WC="0.96" CONTENT="och"/><SP WIDTH="17" VPOS="551" HPOS="765"/>
							<String ID="string_141" HPOS="782" VPOS="551" WIDTH="58" HEIGHT="26" WC="0.96" CONTENT="vård,"/><SP WIDTH="17" VPOS="551" HPOS="840"/>
							<String ID="string_142" HPOS="857" VPOS="557" WIDTH="48" HEIGHT="15" WC="0.96" CONTENT="men"/><SP WIDTH="15" VPOS="557" HPOS="905"/>
							<String ID="string_143" HPOS="920" VPOS="551" WIDTH="33" HEIGHT="21" WC="0.96" CONTENT="för"/><SP WIDTH="15" VPOS="551" HPOS="953"/>
							<String ID="string_144" HPOS="968" VPOS="551" WIDTH="39" HEIGHT="21" WC="0.96" CONTENT="det"/>
						</TextLine>
						<TextLine ID="line_16" HPOS="180" VPOS="578" WIDTH="827" HEIGHT="29">
							<String ID="string_145" HPOS="180" VPOS="578" WIDTH="51" HEIGHT="22" WC="0.96" CONTENT="vida"/><SP WIDTH="19" VPOS="578" HPOS="231"/>
							<String ID="string_146" HPOS="250" VPOS="581" WIDTH="80" HEIGHT="25" WC="0.96" CONTENT="vägnar"/><SP WIDTH="15" VPOS="581" HPOS="330"/>
							<String ID="string_147" HPOS="345" VPOS="581" WIDTH="69" HEIGHT="20" WC="0.96" CONTENT="större"/><SP WIDTH="16" VPOS="581" HPOS="414"/>
							<String ID="string_148" HPOS="430" VPOS="580" WIDTH="80" HEIGHT="21" WC="0.96" CONTENT="antalet"/><SP WIDTH="15" VPOS="580" HPOS="510"/>
							<String ID="string_149" HPOS="525" VPOS="580" WIDTH="104" HEIGHT="21" WC="0.96" CONTENT="kroniska"/><SP WIDTH="15" VPOS="580" HPOS="629"/>
							<String ID="string_150" HPOS="644" VPOS="580" WIDTH="41" HEIGHT="22" WC="0.95" CONTENT="och"/><SP WIDTH="16" VPOS="580" HPOS="685"/>
							<String ID="string_151" HPOS="701" VPOS="580" WIDTH="95" HEIGHT="27" WC="0.96" CONTENT="obotliga"/><SP WIDTH="15" VPOS="580" HPOS="796"/>
							<String ID="string_152" HPOS="811" VPOS="580" WIDTH="63" HEIGHT="26" WC="0.96" CONTENT="sjuka"/><SP WIDTH="14" VPOS="580" HPOS="874"/>
							<String ID="string_153" HPOS="888" VPOS="579" WIDTH="69" HEIGHT="21" WC="0.95" CONTENT="finnas"/><SP WIDTH="15" VPOS="579" HPOS="957"/>
							<String ID="string_154" HPOS="972" VPOS="579" WIDTH="35" HEIGHT="22" WC="0.96" CONTENT="för"/>
						</TextLine>
						<TextLine ID="line_17" HPOS="180" VPOS="608" WIDTH="826" HEIGHT="28">
							<String ID="string_155" HPOS="180" VPOS="608" WIDTH="134" HEIGHT="21" WC="0.96" CONTENT="närvarande"/><SP WIDTH="16" VPOS="608" HPOS="314"/>
							<String ID="string_156" HPOS="330" VPOS="608" WIDTH="77" HEIGHT="21" WC="0.93" CONTENT="endast"/><SP WIDTH="15" VPOS="608" HPOS="407"/>
							<String ID="string_157" HPOS="422" VPOS="608" WIDTH="71" HEIGHT="27" WC="0.88" CONTENT="Sjählö"/><SP WIDTH="16" VPOS="608" HPOS="493"/>
							<String ID="string_158" HPOS="509" VPOS="608" WIDTH="95" HEIGHT="28" WC="0.96" CONTENT="hospital"/><SP WIDTH="16" VPOS="608" HPOS="604"/>
							<String ID="string_159" HPOS="620" VPOS="608" WIDTH="40" HEIGHT="22" WC="0.96" CONTENT="och"/><SP WIDTH="17" VPOS="608" HPOS="660"/>
							<String ID="string_160" HPOS="677" VPOS="609" WIDTH="67" HEIGHT="21" WC="0.93" CONTENT="delvis"/><SP WIDTH="11" VPOS="609" HPOS="744"/>
							<String ID="string_161" HPOS="755" VPOS="608" WIDTH="107" HEIGHT="27" WC="0.90" CONTENT="Lappviks"/><SP WIDTH="12" VPOS="608" HPOS="862"/>
							<String ID="string_162" HPOS="874" VPOS="608" WIDTH="89" HEIGHT="27" WC="0.96" CONTENT="sjukhus"/><SP WIDTH="9" VPOS="608" HPOS="963"/>
							<String ID="string_163" HPOS="972" VPOS="610" WIDTH="34" HEIGHT="19" WC="0.96" CONTENT="att"/>
						</TextLine>
						<TextLine ID="line_18" HPOS="181" VPOS="636" WIDTH="825" HEIGHT="28">
							<String ID="string_164" HPOS="181" VPOS="636" WIDTH="69" HEIGHT="26" WC="0.89" CONTENT="tillgå."/><SP WIDTH="30" VPOS="636" HPOS="250"/>
							<String ID="string_165" HPOS="280" VPOS="636" WIDTH="44" HEIGHT="22" WC="0.96" CONTENT="Det"/><SP WIDTH="21" VPOS="636" HPOS="324"/>
							<String ID="string_166" HPOS="345" VPOS="637" WIDTH="39" HEIGHT="21" WC="0.95" CONTENT="har"/><SP WIDTH="23" VPOS="637" HPOS="384"/>
							<String ID="string_167" HPOS="407" VPOS="637" WIDTH="123" HEIGHT="27" WC="0.93" CONTENT="visserligen"/><SP WIDTH="22" VPOS="637" HPOS="530"/>
							<String ID="string_168" HPOS="552" VPOS="637" WIDTH="114" HEIGHT="27" WC="0.91" CONTENT="försports,"/><SP WIDTH="23" VPOS="637" HPOS="666"/>
							<String ID="string_169" HPOS="689" VPOS="638" WIDTH="34" HEIGHT="20" WC="0.96" CONTENT="att"/><SP WIDTH="19" VPOS="638" HPOS="723"/>
							<String ID="string_170" HPOS="742" VPOS="636" WIDTH="62" HEIGHT="27" WC="0.96" CONTENT="fråga"/><SP WIDTH="19" VPOS="636" HPOS="804"/>
							<String ID="string_171" HPOS="823" VPOS="637" WIDTH="55" HEIGHT="21" WC="0.96" CONTENT="varit"/><SP WIDTH="14" VPOS="637" HPOS="878"/>
							<String ID="string_172" HPOS="892" VPOS="637" WIDTH="66" HEIGHT="21" WC="0.96" CONTENT="väckt"/><SP WIDTH="14" VPOS="637" HPOS="958"/>
							<String ID="string_173" HPOS="972" VPOS="638" WIDTH="34" HEIGHT="19" WC="0.96" CONTENT="att"/>
						</TextLine>
						<TextLine ID="line_19" HPOS="181" VPOS="664" WIDTH="824" HEIGHT="28">
							<String ID="string_174" HPOS="181" VPOS="664" WIDTH="105" HEIGHT="22" WC="0.92" CONTENT="omändra"/><SP WIDTH="22" VPOS="664" HPOS="286"/>
							<String ID="string_175" HPOS="308" VPOS="665" WIDTH="26" HEIGHT="21" WC="0.96" CONTENT="de"/><SP WIDTH="23" VPOS="665" HPOS="334"/>
							<String ID="string_176" HPOS="357" VPOS="665" WIDTH="70" HEIGHT="27" WC="0.96" CONTENT="gamla"/><SP WIDTH="21" VPOS="665" HPOS="427"/>
							<String ID="string_177" HPOS="448" VPOS="672" WIDTH="89" HEIGHT="15" WC="0.91" CONTENT="numera"/><SP WIDTH="22" VPOS="672" HPOS="537"/>
							<String ID="string_178" HPOS="559" VPOS="666" WIDTH="118" HEIGHT="26" WC="0.87" CONTENT="öfvergifna"/><SP WIDTH="21" VPOS="666" HPOS="677"/>
							<String ID="string_179" HPOS="698" VPOS="665" WIDTH="252" HEIGHT="27" WC="0.91" CONTENT="fängelsebyggnaderna"/><SP WIDTH="19" VPOS="665" HPOS="950"/>
							<String ID="string_180" HPOS="969" VPOS="665" WIDTH="36" HEIGHT="21" WC="0.96" CONTENT="vid"/>
						</TextLine>
						<TextLine ID="line_20" HPOS="180" VPOS="693" WIDTH="826" HEIGHT="29">
							<String ID="string_181" HPOS="180" VPOS="693" WIDTH="105" HEIGHT="21" WC="0.96" CONTENT="Kexholm"/><SP WIDTH="16" VPOS="693" HPOS="285"/>
							<String ID="string_182" HPOS="301" VPOS="694" WIDTH="32" HEIGHT="20" WC="0.95" CONTENT="till"/><SP WIDTH="16" VPOS="694" HPOS="333"/>
							<String ID="string_183" HPOS="349" VPOS="700" WIDTH="26" HEIGHT="15" WC="0.96" CONTENT="en"/><SP WIDTH="15" VPOS="700" HPOS="375"/>
							<String ID="string_184" HPOS="390" VPOS="694" WIDTH="45" HEIGHT="27" WC="0.96" CONTENT="asyl"/><SP WIDTH="10" VPOS="694" HPOS="435"/>
							<String ID="string_185" HPOS="445" VPOS="694" WIDTH="33" HEIGHT="22" WC="0.96" CONTENT="för"/><SP WIDTH="9" VPOS="694" HPOS="478"/>
							<String ID="string_186" HPOS="487" VPOS="695" WIDTH="49" HEIGHT="21" WC="0.96" CONTENT="med"/><SP WIDTH="11" VPOS="695" HPOS="536"/>
							<String ID="string_187" HPOS="547" VPOS="694" WIDTH="88" HEIGHT="22" WC="0.96" CONTENT="kronisk"/><SP WIDTH="11" VPOS="694" HPOS="635"/>
							<String ID="string_188" HPOS="646" VPOS="694" WIDTH="174" HEIGHT="28" WC="0.96" CONTENT="sinnessjukdom"/><SP WIDTH="11" VPOS="694" HPOS="820"/>
							<String ID="string_189" HPOS="831" VPOS="693" WIDTH="115" HEIGHT="22" WC="0.93" CONTENT="behäftade"/><SP WIDTH="10" VPOS="693" HPOS="946"/>
							<String ID="string_190" HPOS="956" VPOS="700" WIDTH="50" HEIGHT="20" WC="0.89" CONTENT="per-"/>
						</TextLine>
						<TextLine ID="line_21" HPOS="180" VPOS="722" WIDTH="824" HEIGHT="27">
							<String ID="string_191" HPOS="180" VPOS="728" WIDTH="71" HEIGHT="20" WC="0.95" CONTENT="soner,"/><SP WIDTH="16" VPOS="728" HPOS="251"/>
							<String ID="string_192" HPOS="267" VPOS="728" WIDTH="48" HEIGHT="15" WC="0.96" CONTENT="men"/><SP WIDTH="16" VPOS="728" HPOS="315"/>
							<String ID="string_193" HPOS="331" VPOS="722" WIDTH="62" HEIGHT="22" WC="0.93" CONTENT="äfven"/><SP WIDTH="14" VPOS="722" HPOS="393"/>
							<String ID="string_194" HPOS="407" VPOS="723" WIDTH="122" HEIGHT="26" WC="0.91" CONTENT="derigenom"/><SP WIDTH="15" VPOS="723" HPOS="529"/>
							<String ID="string_195" HPOS="544" VPOS="724" WIDTH="61" HEIGHT="20" WC="0.96" CONTENT="torde"/><SP WIDTH="17" VPOS="724" HPOS="605"/>
							<String ID="string_196" HPOS="622" VPOS="723" WIDTH="78" HEIGHT="21" WC="0.96" CONTENT="endast"/><SP WIDTH="15" VPOS="723" HPOS="700"/>
							<String ID="string_197" HPOS="715" VPOS="729" WIDTH="27" HEIGHT="15" WC="0.96" CONTENT="en"/><SP WIDTH="10" VPOS="729" HPOS="742"/>
							<String ID="string_198" HPOS="752" VPOS="722" WIDTH="114" HEIGHT="27" WC="0.96" CONTENT="tillökning"/><SP WIDTH="10" VPOS="722" HPOS="866"/>
							<String ID="string_199" HPOS="876" VPOS="722" WIDTH="23" HEIGHT="21" WC="0.96" CONTENT="af"/><SP WIDTH="9" VPOS="722" HPOS="899"/>
							<String ID="string_200" HPOS="908" VPOS="722" WIDTH="96" HEIGHT="27" WC="0.96" CONTENT="omkring"/>
						</TextLine>
						<TextLine ID="line_22" HPOS="181" VPOS="750" WIDTH="824" HEIGHT="28">
							<String ID="string_201" HPOS="181" VPOS="752" WIDTH="40" HEIGHT="20" WC="0.93" CONTENT="100"/><SP WIDTH="24" VPOS="752" HPOS="221"/>
							<String ID="string_202" HPOS="245" VPOS="750" WIDTH="132" HEIGHT="28" WC="0.92" CONTENT="sjukplatser"/><SP WIDTH="22" VPOS="750" HPOS="377"/>
							<String ID="string_203" HPOS="399" VPOS="751" WIDTH="72" HEIGHT="21" WC="0.96" CONTENT="kunna"/><SP WIDTH="22" VPOS="751" HPOS="471"/>
							<String ID="string_204" HPOS="493" VPOS="752" WIDTH="166" HEIGHT="21" WC="0.95" CONTENT="åstadkommas."/><SP WIDTH="31" VPOS="752" HPOS="659"/>
							<String ID="string_205" HPOS="690" VPOS="752" WIDTH="62" HEIGHT="21" WC="0.93" CONTENT="Huru"/><SP WIDTH="19" VPOS="752" HPOS="752"/>
							<String ID="string_206" HPOS="771" VPOS="751" WIDTH="139" HEIGHT="26" WC="0.96" CONTENT="otillräckligt"/><SP WIDTH="15" VPOS="751" HPOS="910"/>
							<String ID="string_207" HPOS="925" VPOS="751" WIDTH="37" HEIGHT="21" WC="0.96" CONTENT="det"/><SP WIDTH="14" VPOS="751" HPOS="962"/>
							<String ID="string_208" HPOS="976" VPOS="757" WIDTH="29" HEIGHT="15" WC="0.97" CONTENT="nu"/>
						</TextLine>
						<TextLine ID="line_23" HPOS="179" VPOS="778" WIDTH="826" HEIGHT="29">
							<String ID="string_209" HPOS="179" VPOS="778" WIDTH="130" HEIGHT="28" WC="0.96" CONTENT="förefintliga"/><SP WIDTH="15" VPOS="778" HPOS="309"/>
							<String ID="string_210" HPOS="324" VPOS="780" WIDTH="82" HEIGHT="20" WC="0.93" CONTENT="antalet"/><SP WIDTH="15" VPOS="780" HPOS="406"/>
							<String ID="string_211" HPOS="421" VPOS="780" WIDTH="130" HEIGHT="27" WC="0.92" CONTENT="sjukplatser"/><SP WIDTH="14" VPOS="780" HPOS="551"/>
							<String ID="string_212" HPOS="565" VPOS="780" WIDTH="34" HEIGHT="22" WC="0.96" CONTENT="för"/><SP WIDTH="16" VPOS="780" HPOS="599"/>
							<String ID="string_213" HPOS="615" VPOS="780" WIDTH="136" HEIGHT="27" WC="0.96" CONTENT="sinnessjuka"/><SP WIDTH="16" VPOS="780" HPOS="751"/>
							<String ID="string_214" HPOS="767" VPOS="782" WIDTH="23" HEIGHT="18" WC="0.96" CONTENT="är"/><SP WIDTH="15" VPOS="782" HPOS="790"/>
							<String ID="string_215" HPOS="805" VPOS="780" WIDTH="33" HEIGHT="21" WC="0.96" CONTENT="för"/><SP WIDTH="16" VPOS="780" HPOS="838"/>
							<String ID="string_216" HPOS="854" VPOS="780" WIDTH="36" HEIGHT="20" WC="0.96" CONTENT="det"/><SP WIDTH="16" VPOS="780" HPOS="890"/>
							<String ID="string_217" HPOS="906" VPOS="779" WIDTH="38" HEIGHT="21" WC="0.96" CONTENT="allt"/><SP WIDTH="14" VPOS="779" HPOS="944"/>
							<String ID="string_218" HPOS="958" VPOS="785" WIDTH="47" HEIGHT="15" WC="0.96" CONTENT="mer"/>
						</TextLine>
						<TextLine ID="line_24" HPOS="179" VPOS="808" WIDTH="826" HEIGHT="26">
							<String ID="string_219" HPOS="179" VPOS="808" WIDTH="121" HEIGHT="26" WC="0.93" CONTENT="trängande"/><SP WIDTH="15" VPOS="808" HPOS="300"/>
							<String ID="string_220" HPOS="315" VPOS="808" WIDTH="107" HEIGHT="26" WC="0.91" CONTENT="behofvet,"/><SP WIDTH="16" VPOS="808" HPOS="422"/>
							<String ID="string_221" HPOS="438" VPOS="808" WIDTH="57" HEIGHT="22" WC="0.96" CONTENT="inses"/><SP WIDTH="15" VPOS="808" HPOS="495"/>
							<String ID="string_222" HPOS="510" VPOS="809" WIDTH="49" HEIGHT="25" WC="0.96" CONTENT="lätt,"/><SP WIDTH="18" VPOS="809" HPOS="559"/>
							<String ID="string_223" HPOS="577" VPOS="809" WIDTH="27" HEIGHT="21" WC="0.96" CONTENT="då"/><SP WIDTH="15" VPOS="809" HPOS="604"/>
							<String ID="string_224" HPOS="619" VPOS="815" WIDTH="50" HEIGHT="15" WC="0.93" CONTENT="man"/><SP WIDTH="16" VPOS="815" HPOS="669"/>
							<String ID="string_225" HPOS="685" VPOS="809" WIDTH="101" HEIGHT="21" WC="0.91" CONTENT="besinnar"/><SP WIDTH="15" VPOS="809" HPOS="786"/>
							<String ID="string_226" HPOS="801" VPOS="810" WIDTH="33" HEIGHT="19" WC="0.96" CONTENT="att"/><SP WIDTH="14" VPOS="810" HPOS="834"/>
							<String ID="string_227" HPOS="848" VPOS="808" WIDTH="36" HEIGHT="21" WC="0.96" CONTENT="vid"/><SP WIDTH="16" VPOS="808" HPOS="884"/>
							<String ID="string_228" HPOS="900" VPOS="808" WIDTH="40" HEIGHT="21" WC="0.93" CONTENT="den"/><SP WIDTH="16" VPOS="808" HPOS="940"/>
							<String ID="string_229" HPOS="956" VPOS="808" WIDTH="49" HEIGHT="21" WC="0.92" CONTENT="sed-"/>
						</TextLine>
						<TextLine ID="line_25" HPOS="178" VPOS="836" WIDTH="828" HEIGHT="27">
							<String ID="string_230" HPOS="178" VPOS="838" WIDTH="63" HEIGHT="20" WC="0.95" CONTENT="naste"/><SP WIDTH="16" VPOS="838" HPOS="241"/>
							<String ID="string_231" HPOS="257" VPOS="836" WIDTH="164" HEIGHT="27" WC="0.96" CONTENT="folkräkningen"/><SP WIDTH="16" VPOS="836" HPOS="421"/>
							<String ID="string_232" HPOS="437" VPOS="838" WIDTH="24" HEIGHT="20" WC="0.96" CONTENT="år"/><SP WIDTH="17" VPOS="838" HPOS="461"/>
							<String ID="string_233" HPOS="478" VPOS="839" WIDTH="53" HEIGHT="19" WC="0.96" CONTENT="1880"/><SP WIDTH="16" VPOS="839" HPOS="531"/>
							<String ID="string_234" HPOS="547" VPOS="837" WIDTH="77" HEIGHT="21" WC="0.95" CONTENT="funnos"/><SP WIDTH="16" VPOS="837" HPOS="624"/>
							<String ID="string_235" HPOS="640" VPOS="838" WIDTH="7" HEIGHT="20" WC="0.95" CONTENT="i"/><SP WIDTH="16" VPOS="838" HPOS="647"/>
							<String ID="string_236" HPOS="663" VPOS="837" WIDTH="75" HEIGHT="21" WC="0.93" CONTENT="landet"/><SP WIDTH="15" VPOS="837" HPOS="738"/>
							<String ID="string_237" HPOS="753" VPOS="838" WIDTH="63" HEIGHT="25" WC="0.87" CONTENT="4,380"/><SP WIDTH="11" VPOS="838" HPOS="816"/>
							<String ID="string_238" HPOS="827" VPOS="836" WIDTH="143" HEIGHT="27" WC="0.96" CONTENT="sinnessjuka,"/><SP WIDTH="13" VPOS="836" HPOS="970"/>
							<String ID="string_239" HPOS="983" VPOS="836" WIDTH="23" HEIGHT="21" WC="0.95" CONTENT="af"/>
						</TextLine>
						<TextLine ID="line_26" HPOS="177" VPOS="864" WIDTH="826" HEIGHT="29">
							<String ID="string_240" HPOS="177" VPOS="864" WIDTH="74" HEIGHT="22" WC="0.96" CONTENT="hvilka"/><SP WIDTH="15" VPOS="864" HPOS="251"/>
							<String ID="string_241" HPOS="266" VPOS="865" WIDTH="49" HEIGHT="22" WC="0.96" CONTENT="med"/><SP WIDTH="15" VPOS="865" HPOS="315"/>
							<String ID="string_242" HPOS="330" VPOS="865" WIDTH="122" HEIGHT="22" WC="0.95" CONTENT="nuvarande"/><SP WIDTH="16" VPOS="865" HPOS="452"/>
							<String ID="string_243" HPOS="468" VPOS="866" WIDTH="91" HEIGHT="27" WC="0.96" CONTENT="tillgång"/><SP WIDTH="15" VPOS="866" HPOS="559"/>
							<String ID="string_244" HPOS="574" VPOS="866" WIDTH="27" HEIGHT="27" WC="0.96" CONTENT="på"/><SP WIDTH="15" VPOS="866" HPOS="601"/>
							<String ID="string_245" HPOS="616" VPOS="866" WIDTH="83" HEIGHT="27" WC="0.96" CONTENT="platser"/><SP WIDTH="16" VPOS="866" HPOS="699"/>
							<String ID="string_246" HPOS="715" VPOS="865" WIDTH="77" HEIGHT="22" WC="0.93" CONTENT="endast"/><SP WIDTH="16" VPOS="865" HPOS="792"/>
							<String ID="string_247" HPOS="808" VPOS="865" WIDTH="86" HEIGHT="27" WC="0.92" CONTENT="vidpass"/><SP WIDTH="18" VPOS="865" HPOS="894"/>
							<String ID="string_248" HPOS="912" VPOS="866" WIDTH="24" HEIGHT="19" WC="0.93" CONTENT="11"/><SP WIDTH="17" VPOS="866" HPOS="936"/>
							<String ID="string_249" HPOS="953" VPOS="871" WIDTH="50" HEIGHT="21" WC="0.93" CONTENT="pro-"/>
						</TextLine>
						<TextLine ID="line_27" HPOS="179" VPOS="893" WIDTH="823" HEIGHT="28">
							<String ID="string_250" HPOS="179" VPOS="896" WIDTH="50" HEIGHT="19" WC="0.96" CONTENT="cent"/><SP WIDTH="14" VPOS="896" HPOS="229"/>
							<String ID="string_251" HPOS="243" VPOS="894" WIDTH="73" HEIGHT="21" WC="0.96" CONTENT="kunna"/><SP WIDTH="16" VPOS="894" HPOS="316"/>
							<String ID="string_252" HPOS="332" VPOS="894" WIDTH="81" HEIGHT="21" WC="0.96" CONTENT="erhålla"/><SP WIDTH="15" VPOS="894" HPOS="413"/>
							<String ID="string_253" HPOS="428" VPOS="894" WIDTH="51" HEIGHT="21" WC="0.96" CONTENT="vård"/><SP WIDTH="16" VPOS="894" HPOS="479"/>
							<String ID="string_254" HPOS="495" VPOS="895" WIDTH="57" HEIGHT="20" WC="0.95" CONTENT="inom"/><SP WIDTH="17" VPOS="895" HPOS="552"/>
							<String ID="string_255" HPOS="569" VPOS="895" WIDTH="26" HEIGHT="21" WC="0.95" CONTENT="de"/><SP WIDTH="16" VPOS="895" HPOS="595"/>
							<String ID="string_256" HPOS="611" VPOS="894" WIDTH="111" HEIGHT="27" WC="0.96" CONTENT="offentliga"/><SP WIDTH="11" VPOS="894" HPOS="722"/>
							<String ID="string_257" HPOS="733" VPOS="894" WIDTH="139" HEIGHT="26" WC="0.95" CONTENT="anstalterna,"/><SP WIDTH="12" VPOS="894" HPOS="872"/>
							<String ID="string_258" HPOS="884" VPOS="893" WIDTH="46" HEIGHT="22" WC="0.96" CONTENT="häri"/><SP WIDTH="11" VPOS="893" HPOS="930"/>
							<String ID="string_259" HPOS="941" VPOS="893" WIDTH="61" HEIGHT="22" WC="0.87" CONTENT="äfven"/>
						</TextLine>
						<TextLine ID="line_28" HPOS="178" VPOS="922" WIDTH="826" HEIGHT="27">
							<String ID="string_260" HPOS="178" VPOS="923" WIDTH="41" HEIGHT="21" WC="0.96" CONTENT="den"/><SP WIDTH="23" VPOS="923" HPOS="219"/>
							<String ID="string_261" HPOS="242" VPOS="923" WIDTH="37" HEIGHT="21" WC="0.96" CONTENT="vid"/><SP WIDTH="21" VPOS="923" HPOS="279"/>
							<String ID="string_262" HPOS="300" VPOS="923" WIDTH="105" HEIGHT="21" WC="0.95" CONTENT="Kexholm"/><SP WIDTH="20" VPOS="923" HPOS="405"/>
							<String ID="string_263" HPOS="425" VPOS="923" WIDTH="104" HEIGHT="26" WC="0.93" CONTENT="påtänkta"/><SP WIDTH="19" VPOS="923" HPOS="529"/>
							<String ID="string_264" HPOS="548" VPOS="923" WIDTH="140" HEIGHT="21" WC="0.92" CONTENT="inberäknad."/><SP WIDTH="31" VPOS="923" HPOS="688"/>
							<String ID="string_265" HPOS="719" VPOS="923" WIDTH="86" HEIGHT="21" WC="0.92" CONTENT="Enhvar"/><SP WIDTH="16" VPOS="923" HPOS="805"/>
							<String ID="string_266" HPOS="821" VPOS="928" WIDTH="46" HEIGHT="16" WC="0.93" CONTENT="som"/><SP WIDTH="15" VPOS="928" HPOS="867"/>
							<String ID="string_267" HPOS="882" VPOS="922" WIDTH="66" HEIGHT="21" WC="0.92" CONTENT="lefver"/><SP WIDTH="15" VPOS="922" HPOS="948"/>
							<String ID="string_268" HPOS="963" VPOS="922" WIDTH="41" HEIGHT="21" WC="0.97" CONTENT="och"/>
						</TextLine>
						<TextLine ID="line_29" HPOS="177" VPOS="950" WIDTH="827" HEIGHT="27">
							<String ID="string_269" HPOS="177" VPOS="951" WIDTH="68" HEIGHT="21" WC="0.96" CONTENT="vistas"/><SP WIDTH="16" VPOS="951" HPOS="245"/>
							<String ID="string_270" HPOS="261" VPOS="951" WIDTH="7" HEIGHT="21" WC="0.96" CONTENT="i"/><SP WIDTH="15" VPOS="951" HPOS="268"/>
							<String ID="string_271" HPOS="283" VPOS="951" WIDTH="124" HEIGHT="22" WC="0.96" CONTENT="landsorten"/><SP WIDTH="15" VPOS="951" HPOS="407"/>
							<String ID="string_272" HPOS="422" VPOS="951" WIDTH="81" HEIGHT="22" WC="0.96" CONTENT="känner"/><SP WIDTH="14" VPOS="951" HPOS="503"/>
							<String ID="string_273" HPOS="517" VPOS="951" WIDTH="33" HEIGHT="22" WC="0.96" CONTENT="till"/><SP WIDTH="17" VPOS="951" HPOS="550"/>
							<String ID="string_274" HPOS="567" VPOS="952" WIDTH="25" HEIGHT="21" WC="0.96" CONTENT="de"/><SP WIDTH="17" VPOS="952" HPOS="592"/>
							<String ID="string_275" HPOS="609" VPOS="953" WIDTH="60" HEIGHT="20" WC="0.96" CONTENT="stora"/><SP WIDTH="15" VPOS="953" HPOS="669"/>
							<String ID="string_276" HPOS="684" VPOS="952" WIDTH="91" HEIGHT="25" WC="0.96" CONTENT="obehag,"/><SP WIDTH="12" VPOS="952" HPOS="775"/>
							<String ID="string_277" HPOS="787" VPOS="950" WIDTH="45" HEIGHT="23" WC="0.93" CONTENT="ofta"/><SP WIDTH="10" VPOS="950" HPOS="832"/>
							<String ID="string_278" HPOS="842" VPOS="950" WIDTH="162" HEIGHT="27" WC="0.87" CONTENT="oöfverstigliga"/>
						</TextLine>
						<TextLine ID="line_30" HPOS="177" VPOS="979" WIDTH="827" HEIGHT="27">
							<String ID="string_279" HPOS="177" VPOS="979" WIDTH="136" HEIGHT="27" WC="0.96" CONTENT="svårigheter"/><SP WIDTH="15" VPOS="979" HPOS="313"/>
							<String ID="string_280" HPOS="328" VPOS="979" WIDTH="40" HEIGHT="22" WC="0.93" CONTENT="och"/><SP WIDTH="16" VPOS="979" HPOS="368"/>
							<String ID="string_281" HPOS="384" VPOS="980" WIDTH="72" HEIGHT="26" WC="0.91" CONTENT="vådor,"/><SP WIDTH="17" VPOS="980" HPOS="456"/>
							<String ID="string_282" HPOS="473" VPOS="980" WIDTH="102" HEIGHT="21" WC="0.91" CONTENT="hvarmed"/><SP WIDTH="15" VPOS="980" HPOS="575"/>
							<String ID="string_283" HPOS="590" VPOS="981" WIDTH="79" HEIGHT="20" WC="0.96" CONTENT="vården"/><SP WIDTH="17" VPOS="981" HPOS="669"/>
							<String ID="string_284" HPOS="686" VPOS="980" WIDTH="23" HEIGHT="21" WC="0.96" CONTENT="af"/><SP WIDTH="10" VPOS="980" HPOS="709"/>
							<String ID="string_285" HPOS="719" VPOS="981" WIDTH="26" HEIGHT="20" WC="0.96" CONTENT="de"/><SP WIDTH="11" VPOS="981" HPOS="745"/>
							<String ID="string_286" HPOS="756" VPOS="979" WIDTH="137" HEIGHT="27" WC="0.96" CONTENT="sinnessjuka"/><SP WIDTH="10" VPOS="979" HPOS="893"/>
							<String ID="string_287" HPOS="903" VPOS="979" WIDTH="6" HEIGHT="21" WC="0.96" CONTENT="i"/><SP WIDTH="11" VPOS="979" HPOS="909"/>
							<String ID="string_288" HPOS="920" VPOS="979" WIDTH="84" HEIGHT="27" WC="0.96" CONTENT="privata"/>
						</TextLine>
						<TextLine ID="line_31" HPOS="176" VPOS="1007" WIDTH="828" HEIGHT="28">
							<String ID="string_289" HPOS="176" VPOS="1007" WIDTH="50" HEIGHT="22" WC="0.96" CONTENT="hem"/><SP WIDTH="15" VPOS="1007" HPOS="226"/>
							<String ID="string_290" HPOS="241" VPOS="1010" WIDTH="25" HEIGHT="19" WC="0.96" CONTENT="är"/><SP WIDTH="15" VPOS="1010" HPOS="266"/>
							<String ID="string_291" HPOS="281" VPOS="1008" WIDTH="134" HEIGHT="27" WC="0.96" CONTENT="förknippad,"/><SP WIDTH="16" VPOS="1008" HPOS="415"/>
							<String ID="string_292" HPOS="431" VPOS="1010" WIDTH="32" HEIGHT="19" WC="0.96" CONTENT="att"/><SP WIDTH="14" VPOS="1010" HPOS="463"/>
							<String ID="string_293" HPOS="477" VPOS="1009" WIDTH="48" HEIGHT="20" WC="0.96" CONTENT="icke"/><SP WIDTH="15" VPOS="1009" HPOS="525"/>
							<String ID="string_294" HPOS="540" VPOS="1009" WIDTH="45" HEIGHT="20" WC="0.96" CONTENT="tala"/><SP WIDTH="13" VPOS="1009" HPOS="585"/>
							<String ID="string_295" HPOS="598" VPOS="1015" WIDTH="34" HEIGHT="15" WC="0.96" CONTENT="om"/><SP WIDTH="12" VPOS="1015" HPOS="632"/>
							<String ID="string_296" HPOS="644" VPOS="1009" WIDTH="26" HEIGHT="20" WC="0.96" CONTENT="de"/><SP WIDTH="12" VPOS="1009" HPOS="670"/>
							<String ID="string_297" HPOS="682" VPOS="1009" WIDTH="67" HEIGHT="26" WC="0.96" CONTENT="dryga"/><SP WIDTH="11" VPOS="1009" HPOS="749"/>
							<String ID="string_298" HPOS="760" VPOS="1008" WIDTH="120" HEIGHT="21" WC="0.96" CONTENT="kostnader"/><SP WIDTH="10" VPOS="1008" HPOS="880"/>
							<String ID="string_299" HPOS="890" VPOS="1013" WIDTH="46" HEIGHT="16" WC="0.92" CONTENT="som"/><SP WIDTH="10" VPOS="1013" HPOS="936"/>
							<String ID="string_300" HPOS="946" VPOS="1007" WIDTH="58" HEIGHT="22" WC="0.92" CONTENT="häri-"/>
						</TextLine>
						<TextLine ID="line_32" HPOS="177" VPOS="1036" WIDTH="827" HEIGHT="27">
							<String ID="string_301" HPOS="177" VPOS="1043" WIDTH="78" HEIGHT="20" WC="0.95" CONTENT="genom"/><SP WIDTH="21" VPOS="1043" HPOS="255"/>
							<String ID="string_302" HPOS="276" VPOS="1037" WIDTH="81" HEIGHT="21" WC="0.96" CONTENT="drabba"/><SP WIDTH="20" VPOS="1037" HPOS="357"/>
							<String ID="string_303" HPOS="377" VPOS="1037" WIDTH="127" HEIGHT="21" WC="0.96" CONTENT="kommunen"/><SP WIDTH="17" VPOS="1037" HPOS="504"/>
							<String ID="string_304" HPOS="521" VPOS="1037" WIDTH="41" HEIGHT="21" WC="0.96" CONTENT="och"/><SP WIDTH="17" VPOS="1037" HPOS="562"/>
							<String ID="string_305" HPOS="579" VPOS="1037" WIDTH="40" HEIGHT="21" WC="0.96" CONTENT="den"/><SP WIDTH="16" VPOS="1037" HPOS="619"/>
							<String ID="string_306" HPOS="635" VPOS="1037" WIDTH="106" HEIGHT="25" WC="0.93" CONTENT="enskilda,"/><SP WIDTH="17" VPOS="1037" HPOS="741"/>
							<String ID="string_307" HPOS="758" VPOS="1037" WIDTH="114" HEIGHT="20" WC="0.91" CONTENT="hvarutom"/><SP WIDTH="16" VPOS="1037" HPOS="872"/>
							<String ID="string_308" HPOS="888" VPOS="1036" WIDTH="64" HEIGHT="21" WC="0.93" CONTENT="dessa"/><SP WIDTH="15" VPOS="1036" HPOS="952"/>
							<String ID="string_309" HPOS="967" VPOS="1036" WIDTH="37" HEIGHT="21" WC="0.92" CONTENT="be-"/>
						</TextLine>
						<TextLine ID="line_33" HPOS="175" VPOS="1064" WIDTH="829" HEIGHT="29">
							<String ID="string_310" HPOS="175" VPOS="1064" WIDTH="160" HEIGHT="28" WC="0.92" CONTENT="klagansvärda"/><SP WIDTH="14" VPOS="1064" HPOS="335"/>
							<String ID="string_311" HPOS="349" VPOS="1065" WIDTH="63" HEIGHT="28" WC="0.96" CONTENT="sjuka"/><SP WIDTH="15" VPOS="1065" HPOS="412"/>
							<String ID="string_312" HPOS="427" VPOS="1065" WIDTH="45" HEIGHT="22" WC="0.96" CONTENT="ofta"/><SP WIDTH="15" VPOS="1065" HPOS="472"/>
							<String ID="string_313" HPOS="487" VPOS="1065" WIDTH="33" HEIGHT="21" WC="0.96" CONTENT="till"/><SP WIDTH="15" VPOS="1065" HPOS="520"/>
							<String ID="string_314" HPOS="535" VPOS="1065" WIDTH="53" HEIGHT="27" WC="0.96" CONTENT="följd"/><SP WIDTH="16" VPOS="1065" HPOS="588"/>
							<String ID="string_315" HPOS="604" VPOS="1065" WIDTH="23" HEIGHT="22" WC="0.96" CONTENT="af"/><SP WIDTH="14" VPOS="1065" HPOS="627"/>
							<String ID="string_316" HPOS="641" VPOS="1065" WIDTH="32" HEIGHT="22" WC="0.93" CONTENT="sin"/><SP WIDTH="15" VPOS="1065" HPOS="673"/>
							<String ID="string_317" HPOS="688" VPOS="1065" WIDTH="137" HEIGHT="22" WC="0.91" CONTENT="våldsamhet"/><SP WIDTH="15" VPOS="1065" HPOS="825"/>
							<String ID="string_318" HPOS="840" VPOS="1065" WIDTH="70" HEIGHT="20" WC="0.93" CONTENT="måste"/><SP WIDTH="15" VPOS="1065" HPOS="910"/>
							<String ID="string_319" HPOS="925" VPOS="1065" WIDTH="79" HEIGHT="21" WC="0.91" CONTENT="under-"/>
						</TextLine>
						<TextLine ID="line_34" HPOS="175" VPOS="1093" WIDTH="831" HEIGHT="27">
							<String ID="string_320" HPOS="175" VPOS="1093" WIDTH="77" HEIGHT="22" WC="0.96" CONTENT="kastas"/><SP WIDTH="25" VPOS="1093" HPOS="252"/>
							<String ID="string_321" HPOS="277" VPOS="1100" WIDTH="25" HEIGHT="15" WC="0.95" CONTENT="en"/><SP WIDTH="23" VPOS="1100" HPOS="302"/>
							<String ID="string_322" HPOS="325" VPOS="1093" WIDTH="24" HEIGHT="22" WC="0.95" CONTENT="af"/><SP WIDTH="20" VPOS="1093" HPOS="349"/>
							<String ID="string_323" HPOS="369" VPOS="1094" WIDTH="95" HEIGHT="21" WC="0.96" CONTENT="nödvärn"/><SP WIDTH="23" VPOS="1094" HPOS="464"/>
							<String ID="string_324" HPOS="487" VPOS="1094" WIDTH="127" HEIGHT="21" WC="0.96" CONTENT="framkallad"/><SP WIDTH="20" VPOS="1094" HPOS="614"/>
							<String ID="string_325" HPOS="634" VPOS="1096" WIDTH="76" HEIGHT="24" WC="0.96" CONTENT="sträng"/><SP WIDTH="19" VPOS="1096" HPOS="710"/>
							<String ID="string_326" HPOS="729" VPOS="1094" WIDTH="41" HEIGHT="21" WC="0.93" CONTENT="och"/><SP WIDTH="15" VPOS="1094" HPOS="770"/>
							<String ID="string_327" HPOS="785" VPOS="1093" WIDTH="66" HEIGHT="22" WC="0.92" CONTENT="omild"/><SP WIDTH="16" VPOS="1093" HPOS="851"/>
							<String ID="string_328" HPOS="867" VPOS="1093" WIDTH="139" HEIGHT="26" WC="0.95" CONTENT="behandling,"/>
						</TextLine>
						<TextLine ID="line_35" HPOS="176" VPOS="1121" WIDTH="828" HEIGHT="28">
							<String ID="string_329" HPOS="176" VPOS="1122" WIDTH="87" HEIGHT="22" WC="0.96" CONTENT="hvilken"/><SP WIDTH="16" VPOS="1122" HPOS="263"/>
							<String ID="string_330" HPOS="279" VPOS="1128" WIDTH="77" HEIGHT="21" WC="0.96" CONTENT="genom"/><SP WIDTH="16" VPOS="1128" HPOS="356"/>
							<String ID="string_331" HPOS="372" VPOS="1123" WIDTH="62" HEIGHT="21" WC="0.96" CONTENT="deras"/><SP WIDTH="15" VPOS="1123" HPOS="434"/>
							<String ID="string_332" HPOS="449" VPOS="1122" WIDTH="116" HEIGHT="27" WC="0.96" CONTENT="intagande"/><SP WIDTH="15" VPOS="1122" HPOS="565"/>
							<String ID="string_333" HPOS="580" VPOS="1123" WIDTH="7" HEIGHT="20" WC="0.96" CONTENT="i"/><SP WIDTH="16" VPOS="1123" HPOS="587"/>
							<String ID="string_334" HPOS="603" VPOS="1129" WIDTH="26" HEIGHT="15" WC="0.96" CONTENT="en"/><SP WIDTH="16" VPOS="1129" HPOS="629"/>
							<String ID="string_335" HPOS="645" VPOS="1123" WIDTH="90" HEIGHT="26" WC="0.96" CONTENT="lämplig"/><SP WIDTH="15" VPOS="1123" HPOS="735"/>
							<String ID="string_336" HPOS="750" VPOS="1122" WIDTH="82" HEIGHT="21" WC="0.96" CONTENT="anstalt"/><SP WIDTH="14" VPOS="1122" HPOS="832"/>
							<String ID="string_337" HPOS="846" VPOS="1122" WIDTH="72" HEIGHT="21" WC="0.93" CONTENT="kunde"/><SP WIDTH="10" VPOS="1122" HPOS="918"/>
							<String ID="string_338" HPOS="928" VPOS="1121" WIDTH="76" HEIGHT="22" WC="0.90" CONTENT="undvi-"/>
						</TextLine>
						<TextLine ID="line_36" HPOS="175" VPOS="1150" WIDTH="830" HEIGHT="28">
							<String ID="string_339" HPOS="175" VPOS="1151" WIDTH="46" HEIGHT="22" WC="0.95" CONTENT="kas."/><SP WIDTH="32" VPOS="1151" HPOS="221"/>
							<String ID="string_340" HPOS="253" VPOS="1151" WIDTH="44" HEIGHT="22" WC="0.96" CONTENT="Allt"/><SP WIDTH="26" VPOS="1151" HPOS="297"/>
							<String ID="string_341" HPOS="323" VPOS="1151" WIDTH="60" HEIGHT="22" WC="0.93" CONTENT="detta"/><SP WIDTH="21" VPOS="1151" HPOS="383"/>
							<String ID="string_342" HPOS="404" VPOS="1151" WIDTH="101" HEIGHT="22" WC="0.92" CONTENT="behöfver"/><SP WIDTH="23" VPOS="1151" HPOS="505"/>
							<String ID="string_343" HPOS="528" VPOS="1151" WIDTH="34" HEIGHT="22" WC="0.96" CONTENT="väl"/><SP WIDTH="24" VPOS="1151" HPOS="562"/>
							<String ID="string_344" HPOS="586" VPOS="1151" WIDTH="19" HEIGHT="27" WC="0.96" CONTENT="ej"/><SP WIDTH="23" VPOS="1151" HPOS="605"/>
							<String ID="string_345" HPOS="628" VPOS="1153" WIDTH="99" HEIGHT="19" WC="0.93" CONTENT="närmare"/><SP WIDTH="24" VPOS="1153" HPOS="727"/>
							<String ID="string_346" HPOS="751" VPOS="1151" WIDTH="101" HEIGHT="26" WC="0.90" CONTENT="utläggas"/><SP WIDTH="19" VPOS="1151" HPOS="852"/>
							<String ID="string_347" HPOS="871" VPOS="1150" WIDTH="57" HEIGHT="21" WC="0.96" CONTENT="inom"/><SP WIDTH="16" VPOS="1150" HPOS="928"/>
							<String ID="string_348" HPOS="944" VPOS="1150" WIDTH="61" HEIGHT="21" WC="0.96" CONTENT="detta"/>
						</TextLine>
						<TextLine ID="line_37" HPOS="175" VPOS="1178" WIDTH="831" HEIGHT="29">
							<String ID="string_349" HPOS="175" VPOS="1179" WIDTH="72" HEIGHT="27" WC="0.96" CONTENT="stånd,"/><SP WIDTH="17" VPOS="1179" HPOS="247"/>
							<String ID="string_350" HPOS="264" VPOS="1180" WIDTH="38" HEIGHT="21" WC="0.96" CONTENT="der"/><SP WIDTH="15" VPOS="1180" HPOS="302"/>
							<String ID="string_351" HPOS="317" VPOS="1180" WIDTH="92" HEIGHT="27" WC="0.95" CONTENT="troligen"/><SP WIDTH="16" VPOS="1180" HPOS="409"/>
							<String ID="string_352" HPOS="425" VPOS="1180" WIDTH="26" HEIGHT="21" WC="0.96" CONTENT="de"/><SP WIDTH="14" VPOS="1180" HPOS="451"/>
							<String ID="string_353" HPOS="465" VPOS="1179" WIDTH="62" HEIGHT="22" WC="0.96" CONTENT="fleste"/><SP WIDTH="15" VPOS="1179" HPOS="527"/>
							<String ID="string_354" HPOS="542" VPOS="1179" WIDTH="54" HEIGHT="22" WC="0.96" CONTENT="hvar"/><SP WIDTH="14" VPOS="1179" HPOS="596"/>
							<String ID="string_355" HPOS="610" VPOS="1180" WIDTH="29" HEIGHT="26" WC="0.96" CONTENT="på"/><SP WIDTH="15" VPOS="1180" HPOS="639"/>
							<String ID="string_356" HPOS="654" VPOS="1179" WIDTH="34" HEIGHT="22" WC="0.96" CONTENT="sin"/><SP WIDTH="16" VPOS="1179" HPOS="688"/>
							<String ID="string_357" HPOS="704" VPOS="1181" WIDTH="34" HEIGHT="20" WC="0.96" CONTENT="ort"/><SP WIDTH="15" VPOS="1181" HPOS="738"/>
							<String ID="string_358" HPOS="753" VPOS="1178" WIDTH="64" HEIGHT="22" WC="0.95" CONTENT="hafva"/><SP WIDTH="15" VPOS="1178" HPOS="817"/>
							<String ID="string_359" HPOS="832" VPOS="1178" WIDTH="55" HEIGHT="21" WC="0.96" CONTENT="varit"/><SP WIDTH="15" VPOS="1178" HPOS="887"/>
							<String ID="string_360" HPOS="902" VPOS="1178" WIDTH="5" HEIGHT="21" WC="0.96" CONTENT="i"/><SP WIDTH="13" VPOS="1178" HPOS="907"/>
							<String ID="string_361" HPOS="920" VPOS="1178" WIDTH="86" HEIGHT="21" WC="0.96" CONTENT="tillfälle"/>
						</TextLine>
						<TextLine ID="line_38" HPOS="175" VPOS="1206" WIDTH="828" HEIGHT="29">
							<String ID="string_362" HPOS="175" VPOS="1209" WIDTH="33" HEIGHT="20" WC="0.96" CONTENT="att"/><SP WIDTH="15" VPOS="1209" HPOS="208"/>
							<String ID="string_363" HPOS="223" VPOS="1209" WIDTH="69" HEIGHT="20" WC="0.96" CONTENT="samla"/><SP WIDTH="16" VPOS="1209" HPOS="292"/>
							<String ID="string_364" HPOS="308" VPOS="1215" WIDTH="26" HEIGHT="15" WC="0.96" CONTENT="en"/><SP WIDTH="16" VPOS="1215" HPOS="334"/>
							<String ID="string_365" HPOS="350" VPOS="1208" WIDTH="81" HEIGHT="27" WC="0.96" CONTENT="sorglig"/><SP WIDTH="15" VPOS="1208" HPOS="431"/>
							<String ID="string_366" HPOS="446" VPOS="1207" WIDTH="208" HEIGHT="22" WC="0.96" CONTENT="erfarenhet"/><SP WIDTH="-80" VPOS="1207" HPOS="654"/>
							<String ID="string_367" HPOS="574" VPOS="1202" WIDTH="13" HEIGHT="38" WC="0.96" CONTENT="i"/><SP WIDTH="11" VPOS="1202" HPOS="587"/>
							<String ID="string_368" HPOS="598" VPOS="1207" WIDTH="56" HEIGHT="22" WC="0.93" CONTENT="detta"/><SP WIDTH="8" VPOS="1207" HPOS="654"/>
							<String ID="string_369" HPOS="662" VPOS="1207" WIDTH="193" HEIGHT="28" WC="0.93" CONTENT="behjertansvärda"/><SP WIDTH="7" VPOS="1207" HPOS="855"/>
							<String ID="string_370" HPOS="862" VPOS="1206" WIDTH="141" HEIGHT="22" WC="0.96" CONTENT="förhållande."/>
						</TextLine>
						<TextLine ID="line_39" HPOS="174" VPOS="1235" WIDTH="830" HEIGHT="29">
							<String ID="string_371" HPOS="174" VPOS="1236" WIDTH="43" HEIGHT="21" WC="0.96" CONTENT="För"/><SP WIDTH="16" VPOS="1236" HPOS="217"/>
							<String ID="string_372" HPOS="233" VPOS="1237" WIDTH="65" HEIGHT="21" WC="0.96" CONTENT="dessa"/><SP WIDTH="15" VPOS="1237" HPOS="298"/>
							<String ID="string_373" HPOS="313" VPOS="1237" WIDTH="107" HEIGHT="27" WC="0.96" CONTENT="olyckliga"/><SP WIDTH="14" VPOS="1237" HPOS="420"/>
							<String ID="string_374" HPOS="434" VPOS="1237" WIDTH="101" HEIGHT="25" WC="0.95" CONTENT="varelser,"/><SP WIDTH="17" VPOS="1237" HPOS="535"/>
							<String ID="string_375" HPOS="552" VPOS="1236" WIDTH="72" HEIGHT="21" WC="0.96" CONTENT="hvilka"/><SP WIDTH="15" VPOS="1236" HPOS="624"/>
							<String ID="string_376" HPOS="639" VPOS="1236" WIDTH="46" HEIGHT="22" WC="0.96" CONTENT="ofta"/><SP WIDTH="11" VPOS="1236" HPOS="685"/>
							<String ID="string_377" HPOS="696" VPOS="1238" WIDTH="52" HEIGHT="19" WC="0.96" CONTENT="utan"/><SP WIDTH="11" VPOS="1238" HPOS="748"/>
							<String ID="string_378" HPOS="759" VPOS="1236" WIDTH="38" HEIGHT="21" WC="0.96" CONTENT="sitt"/><SP WIDTH="12" VPOS="1236" HPOS="797"/>
							<String ID="string_379" HPOS="809" VPOS="1237" WIDTH="51" HEIGHT="25" WC="0.93" CONTENT="eget"/><SP WIDTH="9" VPOS="1237" HPOS="860"/>
							<String ID="string_380" HPOS="869" VPOS="1235" WIDTH="135" HEIGHT="22" WC="0.91" CONTENT="förvållande"/>
						</TextLine>
						<TextLine ID="line_40" HPOS="174" VPOS="1263" WIDTH="830" HEIGHT="28">
							<String ID="string_381" HPOS="174" VPOS="1264" WIDTH="113" HEIGHT="23" WC="0.92" CONTENT="hemsökts"/><SP WIDTH="23" VPOS="1264" HPOS="287"/>
							<String ID="string_382" HPOS="310" VPOS="1265" WIDTH="23" HEIGHT="22" WC="0.95" CONTENT="af"/><SP WIDTH="18" VPOS="1265" HPOS="333"/>
							<String ID="string_383" HPOS="351" VPOS="1271" WIDTH="27" HEIGHT="15" WC="0.96" CONTENT="en"/><SP WIDTH="15" VPOS="1271" HPOS="378"/>
							<String ID="string_384" HPOS="393" VPOS="1265" WIDTH="24" HEIGHT="21" WC="0.96" CONTENT="af"/><SP WIDTH="13" VPOS="1265" HPOS="417"/>
							<String ID="string_385" HPOS="430" VPOS="1266" WIDTH="26" HEIGHT="21" WC="0.97" CONTENT="de"/><SP WIDTH="15" VPOS="1266" HPOS="456"/>
							<String ID="string_386" HPOS="471" VPOS="1267" WIDTH="56" HEIGHT="20" WC="0.93" CONTENT="mest"/><SP WIDTH="15" VPOS="1267" HPOS="527"/>
							<String ID="string_387" HPOS="542" VPOS="1265" WIDTH="187" HEIGHT="26" WC="0.92" CONTENT="beklagansvärda"/><SP WIDTH="15" VPOS="1265" HPOS="729"/>
							<String ID="string_388" HPOS="744" VPOS="1264" WIDTH="132" HEIGHT="27" WC="0.96" CONTENT="sjukdomar,"/><SP WIDTH="15" VPOS="1264" HPOS="876"/>
							<String ID="string_389" HPOS="891" VPOS="1263" WIDTH="40" HEIGHT="21" WC="0.96" CONTENT="har"/><SP WIDTH="15" VPOS="1263" HPOS="931"/>
							<String ID="string_390" HPOS="946" VPOS="1265" WIDTH="58" HEIGHT="20" WC="0.95" CONTENT="ännu"/>
						</TextLine>
						<TextLine ID="line_41" HPOS="175" VPOS="1292" WIDTH="831" HEIGHT="28">
							<String ID="string_391" HPOS="175" VPOS="1293" WIDTH="73" HEIGHT="22" WC="0.94" CONTENT="alltför"/><SP WIDTH="22" VPOS="1293" HPOS="248"/>
							<String ID="string_392" HPOS="270" VPOS="1294" WIDTH="49" HEIGHT="21" WC="0.96" CONTENT="litet"/><SP WIDTH="19" VPOS="1294" HPOS="319"/>
							<String ID="string_393" HPOS="338" VPOS="1294" WIDTH="7" HEIGHT="20" WC="0.96" CONTENT="i"/><SP WIDTH="20" VPOS="1294" HPOS="345"/>
							<String ID="string_394" HPOS="365" VPOS="1293" WIDTH="49" HEIGHT="22" WC="0.96" CONTENT="vårt"/><SP WIDTH="18" VPOS="1293" HPOS="414"/>
							<String ID="string_395" HPOS="432" VPOS="1294" WIDTH="50" HEIGHT="21" WC="0.96" CONTENT="land"/><SP WIDTH="14" VPOS="1294" HPOS="482"/>
							<String ID="string_396" HPOS="496" VPOS="1292" WIDTH="71" HEIGHT="23" WC="0.91" CONTENT="blifvit"/><SP WIDTH="14" VPOS="1292" HPOS="567"/>
							<String ID="string_397" HPOS="581" VPOS="1293" WIDTH="78" HEIGHT="27" WC="0.91" CONTENT="gjordt."/><SP WIDTH="31" VPOS="1293" HPOS="659"/>
							<String ID="string_398" HPOS="690" VPOS="1293" WIDTH="43" HEIGHT="27" WC="0.96" CONTENT="Jag"/><SP WIDTH="14" VPOS="1293" HPOS="733"/>
							<String ID="string_399" HPOS="747" VPOS="1293" WIDTH="33" HEIGHT="21" WC="0.93" CONTENT="får"/><SP WIDTH="15" VPOS="1293" HPOS="780"/>
							<String ID="string_400" HPOS="795" VPOS="1292" WIDTH="84" HEIGHT="22" WC="0.92" CONTENT="derföre"/><SP WIDTH="14" VPOS="1292" HPOS="879"/>
							<String ID="string_401" HPOS="893" VPOS="1292" WIDTH="113" HEIGHT="21" WC="0.90" CONTENT="vördsamt"/>
						</TextLine>
						<TextLine ID="line_42" HPOS="174" VPOS="1321" WIDTH="831" HEIGHT="26">
							<String ID="string_402" HPOS="174" VPOS="1321" WIDTH="117" HEIGHT="22" WC="0.92" CONTENT="hemställa"/><SP WIDTH="22" VPOS="1321" HPOS="291"/>
							<String ID="string_403" HPOS="313" VPOS="1324" WIDTH="33" HEIGHT="19" WC="0.96" CONTENT="att"/><SP WIDTH="20" VPOS="1324" HPOS="346"/>
							<String ID="string_404" HPOS="366" VPOS="1322" WIDTH="37" HEIGHT="21" WC="0.93" CONTENT="det"/><SP WIDTH="15" VPOS="1322" HPOS="403"/>
							<String ID="string_405" HPOS="418" VPOS="1322" WIDTH="140" HEIGHT="22" WC="0.92" CONTENT="Hedervärda"/><SP WIDTH="14" VPOS="1322" HPOS="558"/>
							<String ID="string_406" HPOS="572" VPOS="1321" WIDTH="166" HEIGHT="22" WC="0.91" CONTENT="Bondeståndet"/><SP WIDTH="15" VPOS="1321" HPOS="738"/>
							<String ID="string_407" HPOS="753" VPOS="1321" WIDTH="49" HEIGHT="22" WC="0.96" CONTENT="ville"/><SP WIDTH="16" VPOS="1321" HPOS="802"/>
							<String ID="string_408" HPOS="818" VPOS="1321" WIDTH="115" HEIGHT="26" WC="0.96" CONTENT="godkänna"/><SP WIDTH="14" VPOS="1321" HPOS="933"/>
							<String ID="string_409" HPOS="947" VPOS="1322" WIDTH="58" HEIGHT="19" WC="0.96" CONTENT="samt"/>
						</TextLine>
						<TextLine ID="line_43" HPOS="173" VPOS="1349" WIDTH="832" HEIGHT="28">
							<String ID="string_410" HPOS="173" VPOS="1350" WIDTH="33" HEIGHT="22" WC="0.96" CONTENT="till"/><SP WIDTH="21" VPOS="1350" HPOS="206"/>
							<String ID="string_411" HPOS="227" VPOS="1351" WIDTH="147" HEIGHT="26" WC="0.96" CONTENT="vederbörligt"/><SP WIDTH="19" VPOS="1351" HPOS="374"/>
							<String ID="string_412" HPOS="393" VPOS="1351" WIDTH="95" HEIGHT="21" WC="0.96" CONTENT="utskotts"/><SP WIDTH="16" VPOS="1351" HPOS="488"/>
							<String ID="string_413" HPOS="504" VPOS="1350" WIDTH="131" HEIGHT="27" WC="0.95" CONTENT="behandling"/><SP WIDTH="15" VPOS="1350" HPOS="635"/>
							<String ID="string_414" HPOS="650" VPOS="1350" WIDTH="92" HEIGHT="21" WC="0.96" CONTENT="hänvisa"/><SP WIDTH="15" VPOS="1350" HPOS="742"/>
							<String ID="string_415" HPOS="757" VPOS="1355" WIDTH="27" HEIGHT="16" WC="0.92" CONTENT="en"/><SP WIDTH="15" VPOS="1355" HPOS="784"/>
							<String ID="string_416" HPOS="799" VPOS="1349" WIDTH="134" HEIGHT="26" WC="0.91" CONTENT="underdånig"/><SP WIDTH="14" VPOS="1349" HPOS="933"/>
							<String ID="string_417" HPOS="947" VPOS="1349" WIDTH="58" HEIGHT="26" WC="0.90" CONTENT="peti-"/>
						</TextLine>
						<TextLine ID="line_44" HPOS="173" VPOS="1378" WIDTH="581" HEIGHT="29">
							<String ID="string_418" HPOS="173" VPOS="1379" WIDTH="46" HEIGHT="22" WC="0.96" CONTENT="tion"/><SP WIDTH="16" VPOS="1379" HPOS="219"/>
							<String ID="string_419" HPOS="235" VPOS="1379" WIDTH="34" HEIGHT="22" WC="0.96" CONTENT="till"/><SP WIDTH="14" VPOS="1379" HPOS="269"/>
							<String ID="string_420" HPOS="283" VPOS="1379" WIDTH="60" HEIGHT="22" WC="0.96" CONTENT="Hans"/><SP WIDTH="16" VPOS="1379" HPOS="343"/>
							<String ID="string_421" HPOS="359" VPOS="1379" WIDTH="122" HEIGHT="28" WC="0.95" CONTENT="Kejserliga"/><SP WIDTH="14" VPOS="1379" HPOS="481"/>
							<String ID="string_422" HPOS="495" VPOS="1379" WIDTH="102" HEIGHT="26" WC="0.96" CONTENT="Majestät"/><SP WIDTH="15" VPOS="1379" HPOS="597"/>
							<String ID="string_423" HPOS="612" VPOS="1379" WIDTH="7" HEIGHT="20" WC="0.97" CONTENT="i"/><SP WIDTH="16" VPOS="1379" HPOS="619"/>
							<String ID="string_424" HPOS="635" VPOS="1379" WIDTH="38" HEIGHT="21" WC="0.96" CONTENT="det"/><SP WIDTH="15" VPOS="1379" HPOS="673"/>
							<String ID="string_425" HPOS="688" VPOS="1378" WIDTH="66" HEIGHT="28" WC="0.96" CONTENT="syfte:"/>
						</TextLine>
						<TextLine ID="line_45" HPOS="313" VPOS="1405" WIDTH="692" HEIGHT="29">
							<String ID="string_426" HPOS="313" VPOS="1409" WIDTH="33" HEIGHT="20" WC="0.96" CONTENT="att"/><SP WIDTH="20" VPOS="1409" HPOS="346"/>
							<String ID="string_427" HPOS="366" VPOS="1408" WIDTH="34" HEIGHT="21" WC="0.96" CONTENT="det"/><SP WIDTH="18" VPOS="1408" HPOS="400"/>
							<String ID="string_428" HPOS="418" VPOS="1409" WIDTH="65" HEIGHT="20" WC="0.93" CONTENT="måtte"/><SP WIDTH="13" VPOS="1409" HPOS="483"/>
							<String ID="string_429" HPOS="496" VPOS="1407" WIDTH="115" HEIGHT="27" WC="0.91" CONTENT="fortsättas"/><SP WIDTH="14" VPOS="1407" HPOS="611"/>
							<String ID="string_430" HPOS="625" VPOS="1407" WIDTH="9" HEIGHT="20" WC="0.96" CONTENT="i"/><SP WIDTH="14" VPOS="1407" HPOS="634"/>
							<String ID="string_431" HPOS="648" VPOS="1407" WIDTH="41" HEIGHT="22" WC="0.96" CONTENT="den"/><SP WIDTH="14" VPOS="1407" HPOS="689"/>
							<String ID="string_432" HPOS="703" VPOS="1406" WIDTH="102" HEIGHT="27" WC="0.96" CONTENT="riktning,"/><SP WIDTH="16" VPOS="1406" HPOS="805"/>
							<String ID="string_433" HPOS="821" VPOS="1412" WIDTH="47" HEIGHT="15" WC="0.93" CONTENT="som"/><SP WIDTH="14" VPOS="1412" HPOS="868"/>
							<String ID="string_434" HPOS="882" VPOS="1405" WIDTH="99" HEIGHT="27" WC="0.92" CONTENT="inslagits"/><SP WIDTH="14" VPOS="1405" HPOS="981"/>
							<String ID="string_435" HPOS="995" VPOS="1405" WIDTH="10" HEIGHT="21" WC="0.96" CONTENT="i"/>
						</TextLine>
						<TextLine ID="line_46" HPOS="279" VPOS="1434" WIDTH="728" HEIGHT="30">
							<String ID="string_436" HPOS="279" VPOS="1436" WIDTH="89" HEIGHT="28" WC="0.96" CONTENT="enlighet"/><SP WIDTH="14" VPOS="1436" HPOS="368"/>
							<String ID="string_437" HPOS="382" VPOS="1437" WIDTH="48" HEIGHT="21" WC="0.96" CONTENT="med"/><SP WIDTH="15" VPOS="1437" HPOS="430"/>
							<String ID="string_438" HPOS="445" VPOS="1437" WIDTH="38" HEIGHT="21" WC="0.93" CONTENT="den"/><SP WIDTH="16" VPOS="1437" HPOS="483"/>
							<String ID="string_439" HPOS="499" VPOS="1435" WIDTH="160" HEIGHT="27" WC="0.92" CONTENT="ofvannämnda"/><SP WIDTH="16" VPOS="1435" HPOS="659"/>
							<String ID="string_440" HPOS="675" VPOS="1434" WIDTH="236" HEIGHT="29" WC="0.92" CONTENT="organisationsplanen"/><SP WIDTH="16" VPOS="1434" HPOS="911"/>
							<String ID="string_441" HPOS="927" VPOS="1434" WIDTH="27" HEIGHT="26" WC="0.93" CONTENT="af"/><SP WIDTH="5" VPOS="1434" HPOS="954"/>
							<String ID="string_442" HPOS="959" VPOS="1434" WIDTH="48" HEIGHT="21" WC="0.92" CONTENT="sin-"/>
						</TextLine>
						<TextLine ID="line_47" HPOS="278" VPOS="1463" WIDTH="726" HEIGHT="29">
							<String ID="string_443" HPOS="278" VPOS="1464" WIDTH="172" HEIGHT="28" WC="0.91" CONTENT="nessjukvärden,"/><SP WIDTH="23" VPOS="1464" HPOS="450"/>
							<String ID="string_444" HPOS="473" VPOS="1466" WIDTH="57" HEIGHT="20" WC="0.95" CONTENT="samt"/><SP WIDTH="23" VPOS="1466" HPOS="530"/>
							<String ID="string_445" HPOS="553" VPOS="1466" WIDTH="31" HEIGHT="20" WC="0.96" CONTENT="att"/><SP WIDTH="19" VPOS="1466" HPOS="584"/>
							<String ID="string_446" HPOS="603" VPOS="1464" WIDTH="32" HEIGHT="21" WC="0.96" CONTENT="till"/><SP WIDTH="15" VPOS="1464" HPOS="635"/>
							<String ID="string_447" HPOS="650" VPOS="1472" WIDTH="25" HEIGHT="14" WC="0.96" CONTENT="en"/><SP WIDTH="16" VPOS="1472" HPOS="675"/>
							<String ID="string_448" HPOS="691" VPOS="1464" WIDTH="80" HEIGHT="27" WC="0.96" CONTENT="början,"/><SP WIDTH="17" VPOS="1464" HPOS="771"/>
							<String ID="string_449" HPOS="788" VPOS="1463" WIDTH="37" HEIGHT="21" WC="0.96" CONTENT="och"/><SP WIDTH="16" VPOS="1463" HPOS="825"/>
							<String ID="string_450" HPOS="841" VPOS="1464" WIDTH="27" HEIGHT="20" WC="0.96" CONTENT="sä"/><SP WIDTH="14" VPOS="1464" HPOS="868"/>
							<String ID="string_451" HPOS="882" VPOS="1464" WIDTH="61" HEIGHT="20" WC="0.95" CONTENT="snart"/><SP WIDTH="14" VPOS="1464" HPOS="943"/>
							<String ID="string_452" HPOS="957" VPOS="1469" WIDTH="47" HEIGHT="15" WC="0.96" CONTENT="som"/>
						</TextLine>
						<TextLine ID="line_48" HPOS="278" VPOS="1490" WIDTH="729" HEIGHT="31">
							<String ID="string_453" HPOS="278" VPOS="1494" WIDTH="86" HEIGHT="27" WC="0.86" CONTENT="möjligt,"/><SP WIDTH="15" VPOS="1494" HPOS="364"/>
							<String ID="string_454" HPOS="379" VPOS="1494" WIDTH="66" HEIGHT="22" WC="0.96" CONTENT="måtte"/><SP WIDTH="15" VPOS="1494" HPOS="445"/>
							<String ID="string_455" HPOS="460" VPOS="1494" WIDTH="78" HEIGHT="27" WC="0.96" CONTENT="byggas"/><SP WIDTH="15" VPOS="1494" HPOS="538"/>
							<String ID="string_456" HPOS="553" VPOS="1500" WIDTH="26" HEIGHT="14" WC="0.93" CONTENT="en"/><SP WIDTH="15" VPOS="1500" HPOS="579"/>
							<String ID="string_457" HPOS="594" VPOS="1492" WIDTH="108" HEIGHT="28" WC="0.90" CONTENT="afdelming"/><SP WIDTH="15" VPOS="1492" HPOS="702"/>
							<String ID="string_458" HPOS="717" VPOS="1493" WIDTH="35" HEIGHT="27" WC="0.93" CONTENT="för"/><SP WIDTH="10" VPOS="1493" HPOS="752"/>
							<String ID="string_459" HPOS="762" VPOS="1491" WIDTH="99" HEIGHT="23" WC="0.92" CONTENT="kroniska"/><SP WIDTH="9" VPOS="1491" HPOS="861"/>
							<String ID="string_460" HPOS="870" VPOS="1490" WIDTH="36" HEIGHT="22" WC="0.92" CONTENT="och"/><SP WIDTH="8" VPOS="1490" HPOS="906"/>
							<String ID="string_461" HPOS="914" VPOS="1491" WIDTH="93" HEIGHT="27" WC="0.96" CONTENT="obotliga"/>
						</TextLine>
					</TextBlock>
				</ComposedBlock>
			</PrintSpace>
		</Page>
	</Layout>
</alto>
