1089 1739
187 85 41 20 268
435 99 2 2 s
506 89 10 17 9
530 94 17 17 p.
560 89 80 18 Helmik.

160 149 107 27 puolusta
282 149 124 22 ainoastaan
423 155 23 16 se
462 149 82 26 seikka,
562 151 46 20 että
622 149 114 28 jokaisella
752 148 164 23 Suomalaisella
930 149 60 22 tulee

163 177 44 22 olla
222 177 99 22 tilaisuus
337 178 67 21 saada
418 178 110 27 sivistystä
541 178 24 27 ja
580 177 78 28 tietoja
672 178 78 22 omalla
765 177 115 22 kielellään
891 178 97 27 myöskin

163 207 88 26 kaupan
275 207 70 26 alalla,
361 213 53 16 vaan
429 207 56 22 vielä
504 207 62 21 sekin
582 207 82 26 seikka,
681 208 53 25 että,
748 207 34 27 jos
799 207 19 20 ei
834 207 156 27 kauppiassää-

162 237 79 25 tymme
258 241 39 16 saa
311 235 64 22 uusia
382 236 94 21 tuoreita
483 235 103 26 aineksia,
596 237 60 20 tästä
662 235 268 28 kauppiassäädystämme
938 236 51 27 pian

161 263 60 22 tulee
245 263 117 23 omituinen
381 264 168 26 kansanluokka,
566 264 54 27 joka
637 264 187 27 mielipiteittensä
836 264 24 27 ja
875 264 113 22 katsanto-

161 294 93 25 tapansa
269 293 100 26 puolesta
385 293 91 22 erkanee
490 293 95 22 kaikista
595 293 80 22 muista
683 293 186 22 kansanluokista.
884 293 104 28 Nykyään

163 327 26 16 on
205 321 158 22 vallitsemassa
377 321 116 22 kaikkialla
507 323 38 20 tuo
561 321 115 28 mielipide,
693 323 47 20 että
754 328 50 15 oma
812 324 43 23 etu,
865 327 49 16 oma
923 321 65 27 minä,

161 356 27 15 on
205 352 122 20 asetettava
341 353 62 19 vasta
418 351 82 21 toiseen
516 351 69 26 sijaan
598 351 24 27 ja
632 350 101 27 yhteinen
744 351 56 26 hyvä
811 350 176 27 ensimmäiseen
976 346 15 36 ;

161 380 76 25 mutta,
254 379 66 21 kuten
336 379 68 28 näkyy
420 379 324 28 äänenrajoituskysymyksissä
751 379 182 27 Porvarissäädyn
941 379 45 21 val-

163 407 236 27 tiopäivämiesvaalien
414 408 96 26 suhteen,
527 407 86 22 meidän
624 408 226 27 kauppiassäätymme
859 407 130 22 menettelee

163 437 51 26 päin
228 437 92 26 vastoin,
329 437 106 21 nimittäin
444 437 62 26 siten,
516 438 46 20 että
570 443 24 15 se
604 439 85 19 asettaa
700 438 58 20 omat
769 438 77 20 etunsa
857 437 45 21 ensi
913 436 75 27 sijaan.

161 465 78 22 Näistä
261 465 106 22 kahdesta
391 468 72 25 syystä
484 465 58 22 minä
560 466 86 27 pyydän
665 465 217 27 anomusesitykselle
901 464 85 27 Säädyn

163 495 152 22 kannastusta.

237 525 115 22 Edusmies
369 525 114 22 Ratinen
497 524 96 28 puolusti
609 524 189 27 anomusesitystä.

236 553 113 22 Edusmies
365 554 167 21 Muttilainen
548 553 58 28 yhtyi
622 554 112 21 edellisten
746 553 104 28 puhujain
860 552 126 27 mielipitee-

166 588 44 20 sen,
234 581 162 27 huomauttaen,
419 583 95 26 mitenkä
532 589 142 15 maassamme
697 582 43 27 yhä
755 583 121 20 useammat
890 581 98 28 nykyään

166 613 129 19 autautuvat
314 611 164 28 kauppa-alalle,
499 611 78 22 vaikka
592 611 57 22 eivät
664 611 84 28 kykene
765 611 51 21 edes
833 616 61 15 omaa
910 610 77 27 kirjan-

165 639 101 27 pitoansa
281 640 127 21 hoitamaan.
440 640 53 21 Olisi
508 646 38 15 sen
566 640 75 21 vuoksi
658 640 71 21 varsin
745 641 89 25 tarpeen
851 639 65 21 saada
931 645 57 15 maa-

165 669 86 20 hamme
267 669 102 21 sellainen
384 669 65 21 koulu
465 669 49 21 kuin
530 669 225 26 anomusesityksessä
770 668 138 21 ehdotetaan.

238 697 133 22 Keskustelu
392 698 122 27 julistettiin
530 697 142 27 loppuneeksi
685 697 24 27 ja
724 696 158 27 anomusesitys
897 695 91 22 lähetet-

167 725 39 22 tiin
222 726 160 27 yksimielisesti
393 727 98 21 Yleiseen
502 725 246 22 Valitusvaliokuntaan.

240 811 111 32 Esitettiin
368 811 107 22 edusmies
491 812 177 27 Rosenbergin
683 811 87 22 tekemä
778 811 50 21 näin
836 810 94 22 kuuluva
938 816 51 16 ano-

164 841 127 26 musesitys:

365 881 39 21 Till
420 881 36 21 det
471 881 134 21 hedervärda
623 880 171 22 Bondeständet.

235 919 32 22 En
283 920 98 21 landsort
396 921 48 21 med
459 920 49 27 föga
523 921 53 21 eller
590 921 62 26 ringa
666 920 100 27 kunskap
782 925 34 16 om
824 919 89 28 jordens
925 920 65 21 ända-

167 948 128 27 mälsenliga
311 949 72 26 odling
398 949 39 21 och
452 949 142 27 bearbetning
609 949 39 21 har
663 949 48 22 icke
727 949 68 21 heller
806 950 33 20 att
846 950 65 20 vänta
919 949 71 26 nägon

165 976 65 27 riklig
245 977 66 21 skörd
326 977 32 21 till
373 977 35 22 lön
424 977 32 22 för
472 978 30 21 sin
519 978 70 26 möda,
606 978 90 21 emedan
712 978 42 21 den
770 977 107 26 okunnige
894 977 44 22 ofta
948 983 43 21 nog

166 1005 110 27 uppofirar
292 1008 32 19 ett
339 1006 62 27 drygt
416 1007 74 21 arbete
506 1007 38 21 der
559 1007 53 21 hans
628 1006 65 22 möda
708 1006 69 27 aldrig
794 1007 100 20 ersättes.

235 1034 44 21 Det
294 1034 61 22 ofvan
371 1035 67 26 sagda
451 1035 42 21 kan
509 1035 32 21 till
557 1035 42 21 alla
614 1035 60 22 delar
689 1035 109 26 tillämpas
814 1035 28 26 pä
857 1029 79 26 Ålands
952 1034 38 21 hä-

166 1062 45 21 rad.
229 1062 110 27 Seglation
355 1063 39 21 och
410 1063 53 21 fiske
482 1064 38 21 har
535 1063 47 21 från
598 1064 60 21 äldre
674 1063 32 21 tid
720 1063 57 21 varit
792 1063 140 26 älänningens
943 1062 47 22 huf-

165 1090 120 28 vudnäring
307 1091 40 22 och
365 1092 83 26 jorden,
470 1092 39 22 har
524 1092 72 22 derför
611 1092 42 22 fätt
668 1092 36 21 stä
718 1091 90 22 tillbaka
824 1091 40 21 och
880 1091 110 22 bedrifvits

167 1118 54 22 efter
245 1121 32 20 ett
293 1120 105 27 uräldrigt
417 1120 22 22 af
452 1120 32 22 far
499 1120 40 22 och
554 1120 66 22 farfar
636 1120 42 22 ärft
694 1122 51 24 sätt,
763 1120 45 21 dels
825 1119 23 21 af
862 1120 81 26 böjelse
958 1119 33 22 för

166 1147 38 21 det
219 1148 72 27 gamla
307 1149 39 21 och
363 1149 45 21 dels
424 1148 22 22 af
460 1150 110 21 bristande
581 1149 122 21 kännedom
714 1154 34 16 om
760 1150 32 20 ett
802 1154 66 21 nyare
876 1148 115 27 jordbruk-

165 1176 116 26 ningssätt.

234 1206 158 21 Förhällanden
406 1206 41 22 har
461 1206 54 22 dock
530 1206 7 21 i
554 1206 36 22 vär
605 1206 32 22 tid
652 1206 122 22 förändrats
786 1206 28 27 pä
824 1200 76 27 Äland.
916 1205 75 21 Fiske-

166 1233 43 21 riet
224 1233 40 22 har
278 1233 47 22 frän
341 1234 155 28 hufvudnäring
510 1234 122 22 förändrats
648 1235 32 21 till
697 1242 25 14 en
738 1235 87 26 mycket
840 1233 151 23 underordnad

164 1262 100 26 binäring
287 1262 32 21 till
335 1262 52 27 följd
410 1263 22 21 af
449 1264 98 21 minskad
562 1264 90 26 tillgäng
666 1264 28 26 pä
710 1263 47 26 fisk,
774 1264 41 21 och
831 1263 106 26 seglation
952 1263 40 21 har

164 1290 71 22 under
250 1296 77 16 senare
342 1292 43 20 tids
401 1291 127 23 förändrade
544 1292 158 27 konjunkturer
717 1291 41 23 och
774 1292 32 21 till
817 1291 52 28 följd
878 1291 23 21 af
909 1291 41 21 den
957 1298 34 14 re-

164 1318 97 22 volution
278 1319 140 28 ängfartygen
433 1321 56 27 gjort
503 1320 33 22 uti
551 1321 141 26 seglationen,
709 1320 92 24 nedgätt
815 1320 29 28 pä
860 1322 32 20 ett
907 1321 85 20 sättatt

166 1347 42 22 den
224 1354 91 22 numera
329 1348 50 22 icke
394 1351 24 19 är
432 1349 56 21 hvad
503 1349 42 22 den
560 1349 60 21 förut
634 1349 56 21 varit
700 1349 32 21 för
747 1345 77 27 Äland.

234 1376 83 22 Alands
333 1376 122 28 befolkning
470 1377 76 22 blifver
561 1378 92 21 sälunda
668 1378 90 22 anvisad
774 1380 34 19 att
822 1377 39 22 allt
870 1382 60 16 mera
938 1376 55 22 söka

165 1404 38 21 sitt
218 1405 56 22 bröd
289 1404 47 22 frän
353 1405 40 21 den
409 1406 127 22 inskränkta
552 1406 68 22 torfva
635 1412 46 16 som
697 1406 70 22 blifvit
783 1407 125 21 densamma
922 1404 70 22 tillde-

163 1432 36 22 lad
222 1434 29 26 pä
267 1434 47 21 sina
337 1434 90 22 enstaka
448 1435 84 27 klippor
552 1434 40 22 och
609 1435 51 21 skär
675 1435 6 21 i
697 1434 83 27 hafvet;
804 1440 48 16 men
868 1433 28 22 dä
910 1428 82 27 Ålands

160 1461 51 26 jord
234 1465 25 19 är
281 1462 32 22 till
330 1462 108 27 omfänget
453 1469 57 15 mera
533 1463 113 21 inskränkt
662 1466 26 19 än
702 1463 78 27 jorden
795 1463 30 27 pä
840 1462 57 22 fasta
911 1462 80 26 landet,

164 1489 79 23 blifver
260 1491 37 21 det
313 1490 32 23 för
361 1491 127 28 älänningen
504 1498 26 16 en
541 1492 161 26 nödvändighet
712 1494 34 20 att
756 1492 55 22 söka
822 1491 94 27 aftvinga
924 1490 70 22 denna
