1089 1728
390 93 22 16 24
424 97 18 17 p.
454 91 91 18 Tammik.
826 88 26 19 55

55 151 88 23 Hoikka
155 151 23 26 ja
194 151 101 21 Vehanen
311 152 50 21 siitä
372 152 24 27 jo
411 151 116 22 lausuneet
539 151 146 28 mielipiteeni.
711 151 74 22 Minun
796 151 84 22 mieles-

56 180 47 22 täni
118 180 20 21 ei
153 179 37 21 siis
204 179 34 21 ole
253 179 80 22 mitään
349 181 62 26 syytä
425 179 110 28 hyväksyä
550 181 121 20 anomusta.

126 207 114 22 Edusmies
256 208 130 27 Landgrön
400 208 71 21 lausui
486 209 119 21 tehneensä
621 210 73 19 tämän
708 207 170 28 anomusesityk-

56 243 40 15 sen
111 236 51 21 siitä
176 238 80 25 syystä,
272 237 46 20 että
328 236 123 27 Säämingin
460 237 69 21 kunta
539 236 227 28 pöytäkirjanotteella
777 236 28 21 oli
814 236 68 21 häntä

56 265 71 22 siihen
141 264 148 22 nimenomaan
304 267 108 25 pyytänyt.
438 265 139 27 Esityksessä
592 265 101 21 mainitut
708 267 47 25 syyt
769 265 63 21 arveli
844 271 37 20 pu-

57 293 54 27 huja
132 293 65 27 kyllin
219 293 115 21 riittäviksi
357 293 43 22 sitä
418 293 174 27 puolustamaan;
609 294 24 27 ja
649 293 57 27 olipa
721 293 71 22 niiden
807 293 75 21 lisäksi

56 327 100 16 samassa
178 321 223 26 kuntakokouksessa,
422 322 62 26 jossa
506 328 69 15 ennen
597 322 101 21 mainittu
719 321 119 27 pöytäkirja
854 321 28 21 oli

56 349 63 27 tehty
134 352 63 18 tuotu
213 350 53 21 esiin
281 350 104 20 muitakin
401 350 63 26 syitä,
480 350 60 21 esim.
557 352 46 19 että
619 350 100 26 lampaan
734 356 70 15 vuona
819 349 63 28 hyvin

58 378 62 21 usein
136 378 77 21 kuolee
228 378 117 21 rihmaisiin
361 378 27 21 eli
403 384 20 15 n.
439 378 21 22 k.
476 378 173 28 vipurihmoihin,
663 378 56 28 joita
733 378 95 27 puhujan
843 378 39 21 ko-

58 406 114 21 titienoilla
186 406 73 27 paljon
274 406 122 27 käytetään.
412 418 28 3 —
455 406 76 22 Koska
541 407 201 26 anomusesityksen
754 406 128 27 vastustajat

57 434 113 22 kuitenkin
193 436 51 20 ovat
263 436 122 25 syyttäneet
399 435 106 27 puhujata
520 435 57 26 siitä,
593 435 50 22 että
656 435 42 21 hän
714 435 64 21 muka
793 434 88 22 tahtoisi

58 463 76 21 riistää
149 463 158 27 köyhemmältä
322 463 107 21 väestöltä
440 469 38 16 sen
489 463 114 22 ainoankin
615 463 128 27 elinkeinon,
755 463 44 22 niin
812 463 68 22 tahtoi

58 491 82 28 puhuja
154 492 80 26 luopua
249 491 186 22 anomuksestaan.

128 520 48 21 Kun
196 520 20 21 ei
236 522 54 19 enää
304 520 86 21 kukaan
405 522 103 25 pyytänyt
523 526 156 20 sananvuoroa,
693 520 123 27 julistettiin
832 520 49 21 kes-

59 548 87 21 kustelu
168 548 137 27 lopetetuksi.
336 548 73 22 Siihen
429 549 85 21 nähden
533 550 46 20 että
599 549 110 21 edusmies
724 549 112 26 Landgren
853 547 27 22 oli

59 576 107 27 luopunut
184 577 188 25 anomuksestaan,
390 577 44 20 niin
454 577 20 21 ei
490 577 125 28 Säätykään
631 578 104 21 katsonut
746 577 60 22 asian
821 579 60 19 anta-

58 611 43 15 van
115 605 83 22 aihetta
213 605 106 26 enempiin
334 605 175 27 toimenpiteisin.

128 690 100 26 Säädylle
244 690 105 21 esitettiin
364 690 184 27 valtiopäivämies
559 690 166 22 Hollmeruksen
737 691 85 21 tekemä
832 689 50 21 näin

58 718 96 22 kuuluva
169 718 164 27 anomusesitys.

253 764 40 21 Till
310 764 36 21 det
361 764 142 22 Hedervärda
517 764 172 22 Bondeständet.

129 804 33 20 De
177 804 97 26 ärender,
291 810 45 15 som
352 804 67 26 enligt
434 804 85 27 Nädiga
533 804 154 26 förordningen
703 803 109 27 angäende
822 802 62 22 kom-

61 831 229 27 munalförvaltningen
312 832 29 26 pä
361 832 74 22 landet
454 832 24 21 af
496 833 41 21 den
554 834 11 20 6
582 832 103 22 Februari
702 832 53 21 1865
772 831 112 21 ankomma

60 861 29 26 pä
113 860 240 22 kommunalnämndens
378 860 125 27 ätgörande,
527 863 38 19 äro
588 861 83 26 ganska
689 860 46 21 vidt
753 859 131 22 omfattande

60 888 43 22 och
124 888 22 21 af
166 888 150 27 mängahanda
338 889 52 26 slag,
411 891 57 19 samt
487 889 125 21 erfordrade
632 888 33 22 för
681 888 98 22 denskull
794 894 26 15 en
834 887 49 21 icke

61 917 62 27 ringa
139 917 161 21 sakkännedom
316 918 40 20 och
372 924 55 14 vana
442 918 36 20 vid
494 918 63 21 deras
573 917 136 27 behandling.
740 917 33 21 Dä
788 916 96 22 emeller-

60 946 33 20 tid
113 945 67 25 enligt
200 951 82 15 samma
298 946 84 26 Nädiga
396 946 126 26 förordning
537 946 34 21 val
588 946 22 21 af
625 945 134 25 ordförande,
775 945 45 21 vice
836 944 48 21 ord-

61 974 90 22 förande
167 974 39 21 och
222 974 119 22 ledamöter
354 974 8 21 i
376 974 231 22 kommunalnämnden
623 974 51 22 sker
688 974 33 21 för
735 976 32 18 tre
783 973 24 21 är
819 972 7 22 i
837 978 47 16 sen-

61 1002 46 26 der,
128 1002 40 22 och
188 1002 43 22 alla
252 1003 64 21 dessa
334 1002 146 28 befattningar
494 1003 58 21 inom
567 1003 130 21 kommunen
713 1002 32 21 till
759 1001 52 27 följe
826 1000 61 22 deraf

62 1030 30 27 pä
114 1037 26 15 en
164 1030 56 27 gäng
243 1030 54 22 efter
318 1031 72 26 hvarje
409 1031 147 27 treärsperiod
570 1032 73 20 kunna
657 1030 66 22 blifva
736 1031 86 20 besatta
836 1029 50 21 med

62 1065 42 21 nya
126 1058 40 21 och
186 1059 49 21 med
256 1059 130 21 ärendernas
403 1059 131 27 behandling
549 1059 88 22 alldeles
654 1065 68 15 ovana
736 1064 108 21 personer,
861 1057 25 21 sä

62 1087 41 21 har
118 1087 150 22 erfarenheten
283 1087 56 22 visat
353 1087 166 27 olämpligheten
536 1087 22 22 af
573 1089 32 20 att
615 1087 44 21 alla
669 1087 64 21 dessa
744 1086 142 25 befattningar

62 1115 30 27 pä
107 1121 26 16 en
149 1115 56 26 gäng
220 1115 65 22 blifva
299 1116 78 27 lediga.
402 1116 67 21 Detta
484 1115 187 22 missförhällande
686 1115 71 22 kunde
770 1114 65 22 likväl
845 1113 41 21 lätt

63 1143 107 28 afhjelpas
186 1150 34 15 om
236 1144 132 27 tredjedelen
383 1143 23 22 af
419 1145 243 21 kommunalnämndens
677 1144 118 21 ledamöter
805 1142 81 27 årligen

62 1173 8 20 i
94 1174 35 19 tur
149 1172 56 21 hade
226 1173 104 26 rättighet
346 1174 33 20 att
393 1172 49 27 afgå
458 1173 40 21 och
514 1179 42 21 nya
571 1173 120 21 ledamöter
705 1173 7 20 i
728 1173 26 20 de
769 1171 117 27 afgångnas

63 1200 65 22 ställe
144 1200 65 21 blifva
224 1201 90 26 invalda,
325 1201 7 21 i
342 1201 68 21 likhet
420 1201 49 21 med
480 1201 57 22 hvad
548 1200 134 23 beträffande
693 1199 193 26 stadsfullmäktige

63 1231 26 19 är
95 1223 3 36 '
111 1229 109 26 stadgadt.
251 1229 56 22 Vore
326 1229 82 22 antalet
426 1229 120 22 ledamöter
561 1230 78 21 sådant
654 1231 33 19 att
702 1229 37 21 det
753 1229 48 21 icke
815 1227 72 22 kunde

62 1257 56 28 jemt
139 1257 101 26 tredelas,
264 1257 70 22 skulle
357 1258 37 21 det
414 1258 59 21 antal
488 1264 47 15 som
550 1260 97 19 närmast
662 1259 65 25 utgör
741 1263 26 15 en
782 1255 106 28 tredjedel

65 1285 56 26 afgå.
151 1285 44 22 Det
216 1285 69 22 första
307 1286 40 21 och
367 1287 67 20 andra
453 1286 48 22 året
516 1286 70 22 skulle
601 1292 78 21 genom
694 1286 93 26 lottning
802 1283 86 27 afgöras

64 1313 74 22 hvilka
158 1314 120 22 ledamöter
296 1315 85 21 komme
399 1317 33 18 att
447 1314 56 28 afgå,
519 1314 109 22 hvarefter
643 1314 115 27 afgåendet
773 1313 66 26 enligt
853 1313 36 20 tur

65 1343 86 20 komme
170 1344 33 19 att
218 1343 44 21 ske.
293 1343 131 26 Härigenom
439 1349 83 16 vunnes
538 1343 42 22 den
595 1342 76 26 fördel,
687 1344 39 25 att,
742 1341 62 22 äfven
819 1339 29 23 då
861 1347 28 20 ny

65 1371 42 21 och
130 1376 55 16 ovan
207 1371 128 21 ordförande
353 1371 97 21 inträder
469 1372 8 20 i
492 1371 237 25 kommunalnämnden,
745 1370 65 22 likväl
824 1369 28 26 2/3
869 1368 23 21 af

65 1398 149 22 ledamöterna
229 1399 55 27 egde
299 1399 70 26 någon
384 1399 122 22 kännedom
521 1406 35 14 om
572 1399 130 21 ärendernas
717 1398 136 25 behandling.

135 1427 42 26 Jag
196 1427 66 27 vågar
283 1427 84 22 derföre
387 1428 65 26 bedja
466 1428 38 21 det
518 1428 141 21 Hedervärda
674 1426 163 22 Bondeståndet
851 1430 39 16 un-

67 1454 111 28 derstödja
193 1462 27 14 en
235 1455 134 27 underdånig
384 1456 91 26 petition
491 1462 35 16 om
541 1456 91 26 ändring
647 1455 23 22 af
679 1456 83 26 Nådiga
771 1452 121 24 förordnin-

67 1489 42 21 gen
123 1483 112 27 angående
250 1483 281 28 kommunalförvaltningen
547 1484 28 27 på
589 1484 75 22 landet
679 1484 23 21 af
714 1484 40 21 den
766 1485 11 19 6
788 1481 104 23 Februari
