1092 1739
416 81 23 18 4
449 85 21 19 p.
481 79 90 25 Tammik.
853 77 27 21 65

80 147 78 19 saman
176 140 93 28 Skädyn
279 140 181 28 valitsijamieben
475 140 46 23 tahi
535 140 142 27 edusmiehen
693 140 113 23 vaalissa."
837 140 73 24 Kuten

79 171 25 27 jo
120 169 74 22 koetin
211 169 102 27 todistaa,
329 170 20 21 ei
363 169 96 22 maisteri
474 166 104 25 Vehanen
594 168 56 22 ollut
664 168 123 26 oikeutettu
800 170 110 24 ottamaan

83 204 53 16 osaa
151 197 186 29 valitsijamiesten
352 198 78 22 vaaliin
440 198 268 27 Talonpoikaissäädyssä,
716 197 59 28 josta
785 199 73 27 syystä
867 196 44 22 hän

83 227 75 21 tämän
179 226 94 29 pykälän
295 226 94 23 mukaan
411 226 20 22 ei
449 226 119 28 myöskään
583 226 35 22 voi
634 226 43 23 olla
691 225 129 23 kelvollinen
833 226 78 22 valtio-

83 254 169 28 päivämieheksi
267 254 249 28 Talonpoikaissäätyyn.

153 283 68 23 Asian
243 283 50 22 näin
315 289 57 16 ollen
394 284 73 27 täytyy
482 283 80 26 minun,
578 278 280 59 valtiopälväjäsjstyksen
872 288 39 22 pe-

84 311 181 23 rustuslailliseen
286 312 123 27 pyhyyteen
431 312 99 26 katsoen,
554 311 105 22 ehdottaa
678 313 46 20 että
759 313 55 26 Sääty,
829 311 83 22 Valtio-

84 340 209 28 päiväjärjestyksen
316 342 27 20 22
365 340 36 27 &:n
419 340 100 26 mukaan,
535 340 106 27 julistaisi
658 340 95 21 maisteri
766 340 100 21 Vehasen
882 339 31 21 oi-

84 368 44 33 KAN
163 368 11 51 U
178 364 84 59 Ommaksi
285 369 140 21 edustamaan
443 368 119 22 Wehmaan
576 368 166 22 tuomiokuntaa
756 368 65 22 näillä
835 368 78 22 valtio-

87 404 93 20 päivillä.

155 426 178 24 Edellämainitut
348 426 104 22 viralliset
467 425 135 22 todistukset
611 426 57 27 ynnä
679 427 48 20 eräs
735 426 72 22 Turun
815 425 98 27 kaupun-

88 454 36 27 gin
139 455 102 28 papiston
257 454 102 26 todistus,
371 454 64 28 jotka
450 454 108 22 edusmies
574 454 104 22 Duncker
691 456 39 26 nyt
742 454 51 27 jätti
802 453 111 28 puhemie-

88 482 64 28 helle,
168 483 85 21 luettiin
266 483 55 27 julki
333 483 24 27 ja
372 482 105 23 kuuluvat
491 483 62 21 näin:

158 523 39 21 Att
216 522 91 22 filosofie
326 523 130 21 kandidaten
472 523 132 22 Konstantin
619 523 111 25 Vehanen,
745 522 86 22 hvilken
846 522 69 22 under

91 551 25 21 är
136 553 56 20 1884
207 558 39 14 var
261 552 100 26 ansvarig
375 551 107 27 utgifvare
497 552 24 21 af
533 552 41 21 här
588 552 7 21 i
611 551 78 22 staden
705 551 151 22 utkommande
872 550 43 22 tid-

90 580 79 27 ningen
191 581 85 25 ,Aura*
295 580 41 22 och
355 580 132 22 åtminstone
502 581 70 21 under
582 586 31 22 en
629 580 35 22 del
680 579 22 22 af
716 580 47 22 året
777 586 37 15 var
829 578 88 23 anstäld

91 608 72 22 säsom
178 609 71 21 lärare
265 609 35 21 vid
315 608 133 22 härvarande
463 608 70 22 finska
547 609 73 27 privat
633 608 93 28 lyceum;
743 609 67 27 sagda
824 609 24 21 är
861 609 56 20 1884

91 637 56 21 varit
161 637 7 21 i
185 638 69 20 denna
269 638 49 21 stad
333 637 193 27 mantalsskrifven,
539 638 91 26 intygar.
656 632 55 32 Äbo,
721 636 196 25 Länebokhällare-

90 666 84 26 kontor,
191 666 42 21 den
250 666 26 21 14
291 666 91 22 Januari
399 668 61 20 1885.

643 694 27 22 F.
685 694 54 22 Edv.
757 694 90 22 Sienvik.

712 722 79 24 (Sigill.)

159 757 32 22 På
211 757 96 28 begäran
322 758 77 22 varder
413 758 134 21 härmedelst
561 758 105 27 intygadt,
686 759 32 20 att
732 758 36 21 val
783 757 23 22 af
818 756 101 22 fullmäk-

92 786 32 27 tig
138 785 34 22 för
185 786 164 22 Bondeständet
361 787 58 21 inom
430 787 81 21 Vehmo
522 787 104 26 domsaga
636 787 33 21 till
680 787 41 21 den
732 787 106 20 allmänna
846 785 73 22 landt-

93 815 49 26 dag,
165 821 46 15 som
230 815 98 22 kommer
347 817 33 20 att
395 817 82 26 öppnas
493 815 7 22 i
515 815 135 27 Helsingfors
666 815 48 21 stad
731 815 41 22 den
790 816 25 19 14
830 815 89 20 inneva-

93 843 68 23 rande
175 843 97 27 Januari,
288 843 130 22 förrättades
435 844 40 21 den
491 845 27 20 23
534 844 45 21 Juli
590 843 96 22 sistlidet
696 843 24 22 är
730 844 13 21 å
752 843 60 28 Pyrri
819 842 102 22 hemman

93 873 7 20 i
116 872 97 22 Männäis
229 872 28 27 by
273 872 22 21 af
307 873 102 27 Nykyrko
425 873 91 26 socken;
532 875 34 19 att
576 872 138 22 föreskrifvet
724 871 129 22 elektorsval
862 871 59 22 inom

93 899 87 23 Töfsala
195 901 81 22 socken
291 901 136 22 verkstäldes
443 901 41 22 den
500 903 27 19 23
542 901 52 22 Juni
610 907 81 15 samma
706 901 30 26 är,
753 900 74 22 dervid
841 899 82 22 Landt-

93 929 139 22 hushällaren
247 929 68 22 Frans
331 929 130 22 Gustafsson
475 929 108 27 Hannula,
594 929 48 22 från
650 929 89 22 Vehako
747 929 34 27 by,
790 928 40 22 och
838 927 83 22 Säteri-

94 963 80 21 egaren
190 957 73 22 Simon
278 958 135 28 Vuorenpää,
429 959 47 20 frän
491 958 132 27 Vuorenpää
638 958 92 22 enstaka
744 957 66 22 säteri
821 957 7 21 i
840 962 83 16 samma

95 986 87 26 socken,
206 987 89 26 utsägos
315 987 33 21 till
366 987 117 26 elektorer;
500 989 33 20 att
549 987 37 22 det
600 987 111 27 köpebref,
728 985 144 23 dessmedelst
886 985 37 21 vid

94 1014 149 23 förstnämnde
258 1015 165 28 valförrättning
437 1015 33 22 till
483 1015 121 28 fullmäktig
615 1015 63 22 valde
690 1013 232 24 Filosofiekandidaten

94 1043 133 22 Konstantin
249 1043 103 22 Vehanen
375 1044 22 21 af
418 1044 32 21 sin
469 1043 62 23 fader
550 1043 133 23 förbemälde
702 1043 73 23 Simon
792 1043 132 26 Vuorenpää

94 1071 34 22 för
150 1071 7 22 i
178 1072 145 27 köpeskilling
345 1073 88 26 erlagde
451 1073 96 22 tiotusen
566 1073 60 22 mark
644 1072 125 22 tillhandlat
784 1072 33 26 sig
832 1070 92 28 Alakylä

95 1099 173 23 skattehemman
288 1101 41 22 N:o
347 1103 14 19 4
376 1101 7 21 i
398 1101 134 27 Järvenperä
546 1101 29 28 by
590 1101 23 22 af
626 1101 87 22 Töfsala
728 1101 85 25 socken,
830 1102 24 19 är
868 1105 56 21 upp-

94 1129 85 21 rättadt
199 1129 41 22 den
262 1131 25 20 19
305 1129 45 22 Juli
366 1130 80 27 jemväl
462 1129 96 22 sistlidet
573 1129 30 28 är,
620 1130 109 21 äfvensom
745 1131 33 20 att
793 1127 131 23 elektorsval

95 1157 58 22 inom
168 1157 100 28 samtlige
279 1157 82 23 Vehmo
372 1158 103 27 domsaga
485 1158 119 28 tillydande
614 1158 126 22 kommuner
750 1156 116 24 verkstälts
877 1155 47 22 före

96 1185 134 22 sistnämnde
247 1186 48 27 dag.
326 1187 90 27 Nystad,
433 1187 41 22 den
491 1188 26 21 12
533 1187 90 22 Januari
640 1185 61 24 1885.

670 1215 85 26 Kasper
773 1212 80 24 Wrede.

457 1245 17 20 t.
491 1243 15 22 f.
522 1243 157 22 domhafvande
694 1244 7 21 i
716 1243 81 22 Vehmo
814 1243 111 26 domsaga.

718 1271 80 24 (Sigill.)

166 1305 39 22 Att
237 1305 91 23 filosofie
353 1306 132 23 kandidaten
515 1307 167 22 Konstantin
708 1307 137 24 Vehanen,
874 1304 52 22 född

97 1334 28 26 3/9
135 1335 62 26 1858,
212 1334 95 22 härifrån
323 1334 93 28 afflyttat
431 1335 32 22 till
478 1335 89 23 Töfsala
580 1336 38 26 22/,
627 1337 63 26 1884,
703 1336 77 22 varder
791 1333 91 23 härmed
894 1333 33 22 in-

97 1363 82 27 tygadt.
209 1357 48 28 Åbo
273 1363 42 22 den
331 1363 27 22 10
372 1364 90 22 Januari
479 1366 62 21 1885.

643 1393 30 22 H.
689 1393 27 21 A.
732 1391 124 28 Appelberg.

653 1424 45 20 utn.
714 1420 142 29 kyrkoherde.

125 1487 5 5 =
166 1460 116 22 Edusmies
297 1460 128 23 Vehanen
439 1461 72 23 tahtoi
523 1462 197 27 valtuuskirjaansa
732 1454 104 38 nojautuen
851 1454 77 38 jättää

98 1493 61 17 asian
175 1488 87 28 Säädyn
277 1489 174 27 ratkaistavaksi,
467 1490 92 22 samalla
569 1490 165 25 huomauttaen,
743 1490 52 22 ettei
804 1488 47 23 asia
858 1487 71 22 koske

848 1531 10 17 5
