1120 1773
97 112 28 17 26
133 112 53 21 juni.
448 104 162 33 Näringslagen.
886 108 43 21 729

98 179 123 28 budgeten
243 180 34 22 för
298 180 51 21 ären
373 180 55 21 1906
444 180 38 22 och
499 181 61 26 1907,
583 181 62 21 hafva
668 181 157 28 handlingarna
841 182 7 21 i
863 183 66 22 dessa

99 208 92 22 ärenden
221 208 151 22 —öfverlämnats
400 209 32 21 till
455 209 244 27 expeditionsutskottet,
727 210 86 21 hvarom
838 213 89 20 statsut-

99 237 80 22 skottet
193 237 88 22 härmed
296 237 38 21 har
349 239 50 19 äran
417 237 129 22 underrätta.

348 295 30 20 Pä
394 295 172 22 statsutskottets
583 297 92 25 vägnar:

393 345 101 22 Wilhelm
511 346 124 22 Hackman.

684 409 23 19 G.
720 409 22 18 R.
755 409 100 19 Snellman.

169 557 90 21 Plenum
275 557 74 22 afslöts
365 557 27 21 kl.
407 557 13 21 2
436 563 18 15 e.
469 563 27 15 m.

721 609 23 18 In
757 608 66 19 fidem:

666 643 26 22 A.
714 643 22 21 V.
754 643 115 29 Lindberg.

243 930 142 33 Tisdagen
404 930 55 26 den
478 929 37 27 26
533 930 65 35 juni
617 930 39 26 kl.
675 931 15 26 7
709 938 22 19 e.
750 938 35 19 m.

171 1034 41 21 Vid
227 1034 127 21 värkställät
369 1040 85 21 upprop
465 1034 107 21 befunnos
584 1034 143 22 frånvarande
738 1035 36 21 hrr
786 1035 143 28 Renvall,

101 1063 88 21 Felix
206 1063 124 26 Heikel,
348 1063 81 21 Kalm
446 1063 38 21 och
501 1063 166 26 Sundvall,
683 1063 28 27 pä
726 1063 70 27 grund
808 1064 22 21 af
840 1064 90 27 tidigare

102 1091 121 22 meddeladt
239 1091 99 23 tillstånd,
362 1094 56 19 samt
435 1091 25 21 hr
477 1091 176 27 Björkstén,
674 1092 32 21 till
722 1091 50 28 följd
788 1092 20 21 at
823 1092 106 27 sjukdom.

171 1223 154 26 Antecknades,
348 1226 31 19 att
401 1223 47 22 frän
472 1224 140 21 medständen
632 1223 90 22 anländt
738 1223 103 22 särskilda
856 1226 73 25 proto-

102 1253 139 26 kollsutdrag.

171 1385 121 26 Föredrogs
308 1384 218 22 ekonomiutskottets
542 1385 35 21 vid
592 1385 88 27 plenum
697 1385 40 21 den
750 1385 26 21 15
786 1385 144 23 innevarande

99 1413 48 27 juni
165 1412 33 22 för
213 1414 67 20 andra
295 1413 82 27 gängen
394 1413 118 27 bordlagda
528 1414 135 21 betänkande
678 1420 35 15 n:o
729 1414 14 21 2
757 1414 7 21 i
779 1414 116 28 anledning
909 1414 22 22 af

101 1442 62 21 Hans
185 1441 121 28 Kejserliga
324 1442 112 27 Majestäts
459 1442 78 26 nädiga
559 1442 136 27 proposition
718 1449 35 15 n:o
771 1443 27 21 10
819 1444 112 26 angäende

102 1470 106 28 ändring
227 1470 28 22 af
275 1470 14 28 $
307 1470 27 22 10
351 1470 8 22 i
374 1470 180 28 förordningen
576 1471 28 21 af
625 1471 48 22 den
692 1471 27 21 31
736 1477 64 16 mars
817 1472 56 22 1879
889 1478 41 16 om

101 1499 157 28 näringarna.
