1098 1798
178 163 41 21 862
498 160 190 34 Tryckfrihetslag.
929 169 24 17 18
963 170 48 20 juli.

326 338 159 34 Måndagen
504 339 56 26 den
579 338 31 27 16
628 339 55 34 juli
703 339 37 26 kl.
759 339 15 26 7
793 347 22 18 e.
833 347 36 18 m.

249 408 40 21 Vid
305 407 129 22 värkställdt
450 413 84 21 upprop
551 407 106 22 befunnos
673 407 141 22 frånvarande
826 408 37 21 hrr
879 409 132 20 Mauritz

177 437 161 26 Hallberg,
368 436 148 27 Wegelius,
540 436 87 25 Polön,
651 436 104 27 August
765 437 137 26 Jusölius,
915 437 95 26 Wolff,

177 465 149 21 Pietinen
350 465 40 20 och
410 465 104 25 Ansas,
531 465 42 20 alla
596 465 27 26 pä
639 465 69 26 grund
723 465 23 21 af
759 465 57 22 förut
830 465 123 22 meddeladt
968 465 41 22 till-

178 493 71 25 stånd,
264 493 36 22 hrr
318 493 155 21 Zilliacus
496 493 40 21 och
579 493 124 26 Åkesson,
719 493 70 22 hvilka
803 493 23 22 af
839 494 100 27 sjukdom
956 500 55 15 voro

177 522 105 21 hindrade
304 524 32 19 att
359 521 198 26 tillstädeskomma,
580 524 56 19 samt
658 522 37 21 hrr
716 522 155 27 Backman,
894 523 116 20 Kaarlo

178 550 144 26 Castrén,
338 550 169 21 Kokkonen
524 550 39 21 och
579 550 133 27 Ingman.

248 693 44 21 Hrr
307 693 117 26 Elving
446 693 39 20 och
502 693 172 21 Carlström
690 693 54 21 hade
759 693 88 21 anhällit
863 699 34 15 om
913 693 96 27 ledighet

176 721 48 22 frän
241 722 63 27 plena
318 722 7 20 i
341 727 90 21 morgon
448 721 39 21 och
502 721 157 27 öfvermorgon,
682 721 39 22 och
737 721 44 21 blef
794 721 62 22 deras
872 721 98 22 anhällan
987 722 24 21 af

177 751 86 20 ständet
278 750 98 27 beviljad.

245 893 33 21 Hr
293 892 163 22 talmannen
471 892 146 27 tillkännagaf,
632 894 32 20 att
679 892 62 27 plena
756 893 85 21 komme
851 895 32 19 att
893 899 39 21 ega
942 894 66 21 rum
997 888 15 36 i

180 928 91 20 morgon
286 921 28 21 kl.
332 922 11 20 7
360 921 40 21 och
416 921 27 21 kl.
458 921 13 20 8
488 928 17 14 e.
520 928 28 14 m.
578 920 167 28 Därpäföljande
763 922 63 26 plena
840 921 86 22 komme
941 924 32 20 att
988 922 25 22 af

178 950 237 21 talmanskonferensen
432 952 92 19 utsättas
540 950 25 21 sä
580 952 61 19 snart
655 950 116 27 anledning
785 950 129 26 förefunnes,
930 957 79 15 sanno-

176 979 42 21 likt
233 979 6 21 i
256 978 65 22 slutet
336 978 23 21 af
372 978 70 22 denna
462 978 84 26 mänad,
563 978 88 21 hvarom
668 978 6 21 i
691 979 42 27 god
749 979 29 21 tid
793 984 108 16 annonser
917 979 69 21 skulle
1001 980 7 20 i

176 1008 139 26 tidningarna
327 1007 55 27 ingå.

245 1150 90 22 Plenum
352 1150 74 22 afslöts
442 1150 26 21 kl.
485 1150 39 26 7,35
540 1156 17 15 e.
573 1156 27 15 m.

786 1212 23 18 In
825 1212 64 18 fidem:

737 1259 26 20 A.
782 1258 23 21 V.
820 1258 117 29 Lindberg.
