1120 1773
77 128 27 17 22
116 129 48 19 maj.
394 128 234 21 Järnvägsbyggnader.
861 124 44 22 547

147 197 33 20 Hr
196 195 229 28 Schybergson:
456 197 41 21 Om
513 197 179 26 borgareståndet
707 198 94 21 besluter
815 201 32 18 att
863 205 38 14 an-

77 228 50 23 taga
149 225 25 21 hr
196 224 118 21 Mattssons
335 224 81 27 förslag
431 225 39 22 och
485 225 36 21 två
536 225 63 22 stånd
614 228 112 25 acceptera
740 227 163 27 inbjudningen,

78 254 24 21 så
117 253 27 22 då
159 255 37 19 äro
212 253 20 20 vi
245 253 24 26 ju
285 253 101 27 lyckligen
402 254 34 21 vid
452 260 26 15 en
493 253 86 28 lösning
594 253 23 22 af
630 254 82 27 frågan.
736 255 26 21 Vi
778 255 59 21 skola
847 255 54 27 hop-

77 289 45 20 pas,
133 284 31 19 att
179 281 36 21 det
229 281 68 27 fjärde
312 281 22 21 af
348 281 89 22 stånden
453 282 64 21 också
531 283 6 20 i
553 283 261 27 sammanjämkningsväg
829 284 37 26 går
879 285 21 20 in

77 311 28 26 på
128 310 71 22 saken.
230 310 49 21 Men
303 316 33 15 om
360 310 75 21 endast
450 313 30 19 ett
495 310 22 21 af
531 311 89 21 stånden
637 312 79 21 ändrar
732 312 72 27 signal,
820 312 83 22 hvilket

74 339 25 27 ju
115 341 24 19 är
155 338 80 27 ganska
245 338 86 27 möjligt,
343 339 27 20 då
380 339 89 21 stånden
479 339 34 21 väl
524 341 95 20 närmast
629 346 53 15 anse
693 341 33 26 sig
736 341 52 20 böra
796 341 107 22 behandla

77 367 240 22 utskottsbetänkandet
331 367 39 21 och
384 367 149 28 ridderskapet
547 368 39 21 och
602 369 62 20 adeln
681 369 39 21 och
735 369 166 27 prästeståndet,

78 396 27 21 då
127 402 29 15 nu
180 395 58 22 detta
260 395 228 22 utskottsbetänkande
503 396 38 21 har
556 396 120 26 framträdt,
692 397 45 22 icke
752 397 61 22 hafva
828 398 71 27 någon

77 424 115 27 anledning
207 426 31 19 att
252 424 66 21 ändra
333 425 102 26 mening
424 420 15 37 i
446 425 71 26 saken,
533 425 27 21 då
575 425 62 22 hafva
653 426 21 21 vi
685 426 94 27 återigen
790 427 35 20 två
836 427 64 21 stånd

77 455 46 19 mot
145 453 41 20 två
217 452 41 21 Om
279 453 69 26 bägge
362 452 94 22 förkasta
472 453 41 26 det,
528 453 27 22 då
570 453 63 22 hafva
648 455 21 20 vi
685 454 83 27 måttlig
782 456 36 20 ära
833 455 22 21 af
868 455 31 21 in-

77 481 138 27 bjudningen.
239 481 33 21 Då
287 481 33 21 stå
334 483 20 19 vi
369 481 28 27 på
412 488 81 15 samma
508 482 133 27 ståndpunkt
656 489 47 15 som
722 489 34 20 nu,
772 483 130 22 åtminstone

77 510 45 21 icke
137 511 98 19 närmare
251 509 69 22 målet.
342 510 48 21 Hur
406 517 45 14 som
467 510 61 26 hälst,
543 510 79 22 förstår
635 511 39 27 jag
688 511 46 22 icke
749 514 68 24 annat,
829 513 26 20 än
870 515 33 18 att

77 538 130 27 antagandet
226 537 22 22 af
269 538 25 21 hr
316 539 118 21 Mattssons
456 539 80 27 förslag
558 539 59 21 leder
639 540 32 21 till
694 540 55 21 hvad
765 547 47 14 man
828 540 74 22 kunde

77 567 55 21 kalla
155 566 121 26 villervalla,
296 573 49 15 men
360 567 21 21 vi
399 567 61 21 skola
481 567 88 28 hoppas,
584 570 32 19 att
631 568 26 21 hr
672 569 112 25 Mattsson,
800 575 45 15 som
862 569 40 22 har

77 595 24 22 sä
117 595 55 27 goda
186 595 139 22 förbindelser
340 596 7 20 i
361 595 123 26 lotsvärket,
500 596 52 21 skall
568 597 73 20 kunna
656 597 56 22 lotsa
728 603 36 16 oss
779 598 90 26 igenom.

147 652 33 21 Hr
195 652 115 26 Heikel,
332 652 94 21 Felix:
456 653 41 26 Jag
512 653 63 27 hyser
590 653 47 22 icke
653 654 41 21 den
711 654 86 27 farhäga
813 661 43 15 som
875 655 28 22 hr

78 680 148 28 Schybergson
248 680 33 22 för
296 683 31 19 att
341 681 36 21 tvä
392 681 61 22 ständ
474 681 68 22 skulle
557 684 76 20 stanna
648 685 47 19 mot
710 683 36 21 tvä
760 683 39 22 och
815 683 19 21 vi
849 683 52 23 räka

76 710 22 20 in
116 710 7 20 i
145 715 26 15 en
193 710 188 26 ätervändsgränd,
403 710 43 21 ifall
467 710 179 28 borgareständet
668 718 30 15 nu
721 712 68 21 skulle
811 712 88 22 afsända

77 738 70 21 denna
161 738 101 27 inbjudan
278 738 32 21 till
325 738 26 22 de
366 738 68 28 öfriga
448 739 96 21 ständen.
567 740 97 26 Antages
680 740 70 22 denna
764 740 102 28 inbjudan
879 741 26 21 af

76 766 37 22 två
127 766 68 26 stånd,
210 766 63 22 hafva
288 767 21 21 vi
323 769 33 19 tre
371 767 63 21 stånd
450 769 45 19 mot
509 769 36 24 ett,
561 768 40 21 och
617 768 27 21 dä
659 770 24 20 är
698 769 36 21 det
746 769 25 27 ju
786 769 115 27 själffallet,

76 797 32 19 att
130 795 105 21 utskottet
254 795 98 27 inbjuder
368 796 36 21 det
418 796 67 26 fjärde
501 796 85 22 ständet
601 799 32 19 att
647 796 75 23 förena
737 798 33 26 sig
785 804 34 15 om
835 798 63 22 dessa

76 826 33 18 tre
131 823 75 22 ständs
224 824 76 21 beslut.
331 824 72 22 Skulle
425 825 45 21 äter
489 825 76 21 endast
581 827 30 19 ett
627 826 64 21 ständ
706 828 78 25 antaga
798 827 103 27 borgare-

77 852 96 21 ständets
188 852 102 27 inbjudan
306 852 39 22 och
360 853 36 21 det
411 853 89 21 sålunda
514 853 69 22 skulle
597 853 71 23 finnas
683 855 36 21 två
729 855 63 21 stånd
802 857 45 19 mot
857 856 45 27 två,

75 880 40 21 kan
132 880 176 27 borgareståndet
323 881 35 22 vid
372 881 156 28 behandlingen
544 882 23 21 af
581 882 117 23 utskottets
714 884 66 21 andra
793 891 106 15 samman-

73 909 209 28 jämkningsförslag,
301 910 79 21 hvilket
400 911 38 20 bör
456 911 127 27 bordläggas
600 911 44 22 tills
659 912 103 27 inbjudan
774 913 126 22 behandlats

75 937 21 22 af
118 938 26 21 de
166 937 68 28 öfriga
256 938 96 26 ständen,
370 939 83 22 besluta
475 942 32 19 att
528 942 79 25 antaga
629 940 59 22 detta
710 941 85 27 förslag,
811 941 39 22 och
873 942 28 21 d&

75 965 69 22 finnes
169 967 36 21 det
228 966 88 23 faktiskt
338 970 32 19 tre
395 968 68 26 stånd,
487 974 46 15 som
559 969 57 21 bilda
641 970 202 27 ständerpluralitet,
868 970 34 22 för

76 995 58 21 detta
150 995 85 27 förslag.

145 1052 156 22 Diskussionen
317 1053 130 22 förklarades
462 1053 97 27 afslutad,
575 1054 66 22 hvarä
658 1055 25 21 hr
698 1055 120 22 talmannen
833 1055 64 22 fram-

75 1080 76 22 ställde
166 1081 31 21 till
212 1081 97 22 ständets
325 1082 130 21 besvarande
469 1082 93 27 följande
577 1084 293 27 omröstningsproposition
860 1076 14 39 :

147 1138 38 27 De,
202 1138 74 21 hvilka
290 1139 116 27 godkänna
422 1139 27 22 hr
464 1139 121 22 Mattssons
600 1140 92 28 förslag,
708 1143 59 19 rösta
776 1141 33 28 ja;
825 1142 30 26 de,
865 1142 36 21 det

75 1167 44 21 icke
133 1169 60 26 göra,
209 1169 60 19 rösta
285 1168 46 27 nej;

145 1225 79 20 vinner
238 1225 42 27 nej,
296 1225 42 21 har
352 1225 104 28 förslaget
470 1225 104 28 förfallit.

144 1282 41 22 Vid
202 1282 115 22 värkställd
332 1283 98 27 votering
447 1283 129 22 besvarades
592 1285 163 27 propositionen
772 1285 47 21 med
835 1285 28 21 44
875 1285 26 28 ja

76 1310 38 22 och
131 1311 26 21 19
173 1311 40 27 nej,
228 1311 40 21 och
290 1311 54 22 hade
366 1312 177 26 borgareståndet
565 1313 84 21 således
673 1314 87 21 beslutit
774 1316 31 19 att
821 1320 76 22 genom

75 1339 197 27 protokollsutdrag
287 1340 87 27 inbjuda
390 1341 139 21 medstånden
545 1344 32 18 att
592 1342 75 21 förena
682 1343 34 26 sig
731 1349 34 15 om
781 1343 36 21 det
828 1343 73 21 beslut

75 1368 90 26 ståndet,
181 1368 35 21 vid
232 1368 129 28 behandling
375 1369 23 21 af
408 1369 220 27 järnvägsutskottets
640 1371 134 21 betänkande
784 1372 39 20 och
831 1372 68 21 första

75 1397 298 27 sammanjämkningsförslag
387 1398 110 27 angående
513 1399 72 21 vidare
593 1399 233 28 järnvägsbyggnader,
837 1400 63 22 fattat

75 1425 6 21 i
96 1424 61 28 fråga
172 1432 33 14 om
222 1426 208 26 sydösterbottniska
444 1427 75 26 banan,
535 1428 106 26 nämligen
659 1430 31 19 att
706 1435 26 15 en
743 1429 159 28 normalspårig

72 1454 91 26 järnväg
177 1454 46 21 från
240 1454 107 28 Seinäjoki
363 1456 77 20 station
460 1456 47 20 med
523 1456 140 27 ändpunkter
678 1457 7 21 i
701 1458 143 21 Kristinestad
861 1458 39 21 och

75 1482 73 22 Kaskö
171 1482 51 22 skall
244 1483 80 27 byggas
340 1484 39 20 och
395 1484 67 21 under
478 1484 144 22 innevarande
638 1485 145 28 finansperiod
799 1486 102 27 beläggas
