1098 1750
84 118 26 17 14
119 117 47 21 juli.
403 107 190 33 Tryckfrihetslag.
871 109 41 21 807

85 184 117 23 icke-finsk
214 184 140 26 medborgare
376 186 32 18 att
429 190 50 15 vara
497 183 117 27 kolportör,
630 183 55 22 dock
709 183 53 21 efter
785 183 69 21 därtill
879 185 33 19 ut-

88 213 90 22 värkadt
193 212 101 22 tillstånd.
323 212 42 26 Jag
379 212 96 25 föreslår,
494 214 31 19 att
551 212 126 26 paragrafen
704 212 65 21 måtte
794 212 118 21 återremit-

86 245 60 19 teras
162 241 31 21 till
208 241 106 21 utskottet
329 240 32 22 för
377 240 158 27 omredigering
551 241 6 20 i
572 240 225 21 öfverensstämmelse
812 240 48 21 med
875 240 36 21 be-

86 271 163 25 stämningarna
263 270 8 20 i
285 269 12 27 $
312 269 14 21 5

156 327 33 21 Hr
212 326 191 26 Cederberg:
434 326 33 20 De
485 325 157 27 förändringar,
665 332 45 14 som
735 325 22 21 af
777 325 85 21 ständet
877 326 35 20 vid

84 356 73 20 denna
179 355 101 26 landtdag
302 354 101 27 vidtagits
419 360 76 20 genom
511 354 131 27 antagandet
656 353 23 22 af
692 354 77 26 nädiga
783 354 129 26 propositio-

86 390 42 15 nen
145 390 33 14 n:o
196 383 26 21 10
237 383 110 27 angående
370 383 91 26 ändring
475 383 7 21 i
499 383 27 21 10
541 384 13 25 &
569 382 158 27 näringslagen,
741 382 74 27 afsägo
837 382 76 22 främst

84 415 34 18 att
134 412 113 26 tillgodose
261 411 87 21 fordran
359 411 32 26 pä,
402 413 32 19 att
445 411 141 26 utländingar,
594 410 77 22 främst
678 410 23 22 af
711 410 50 27 rysk
773 410 138 26 nationalitet,

85 440 71 21 skulle
179 440 72 21 kunna
273 439 75 27 lagligt
369 439 96 21 bedrifva
488 439 41 21 den
552 439 84 23 handel,
659 445 46 15 som
721 439 26 21 de
762 439 65 21 redan
844 439 68 21 under

84 469 151 21 århundraden
257 468 89 27 olagligt
367 467 100 22 bedrifvit
481 468 7 21 i
503 467 79 26 landet,
597 468 19 21 d.
632 474 20 15 v.
668 473 16 16 s.
699 469 31 20 att
745 474 49 14 man
810 467 101 27 slutligen

86 497 70 21 skulle
178 497 110 26 legalisera
311 496 192 27 gärdfarihandeln.
533 496 49 21 Men
606 496 26 21 de
655 496 187 27 omständigheter,
865 502 46 15 som

84 525 78 22 värkat
184 525 32 21 för
234 525 130 26 antagandet
379 525 22 21 af
422 525 118 21 sistnämda
568 525 122 26 lagförslag,
710 524 69 21 finnas
801 525 45 20 icke
867 524 44 21 här.

85 554 114 21 Utskottet
221 553 38 22 har
273 554 7 20 i
295 553 155 27 motiveringen
466 553 31 21 till
521 553 25 21 16
562 554 13 25 &
590 553 77 26 anfört,
683 553 86 21 hvarför
784 553 36 21 det
835 555 76 25 ansett,

84 585 33 19 att
132 583 161 26 bestämningen
305 582 5 21 i
324 582 25 21 10
365 583 12 26 $
393 581 150 28 näringslagen
556 581 46 22 icke
610 581 70 22 skulle
690 581 105 28 tillämpas
806 582 27 26 pä
845 581 66 22 sädan

84 611 84 27 handel,
190 618 44 14 som
251 611 7 21 i
274 611 26 21 16
315 612 14 25 $
344 611 7 21 i
366 611 59 21 detta
440 610 116 27 lagförslag
579 612 132 20 omnämnes.
739 611 42 26 Jag
795 616 69 20 anser,
880 612 31 20 att

83 640 66 21 dessa
171 640 45 21 skäl
239 642 37 18 äro
295 639 100 25 hållbara,
411 639 40 21 och
467 639 35 21 vill
517 639 34 21 för
566 639 41 21 den
624 639 56 21 skull
695 639 52 27 yrka
762 639 32 27 pä,
810 641 31 19 att
858 639 25 21 16
899 639 11 27 $

83 668 71 22 skulle
169 668 114 21 bibehällas
299 668 7 20 i
321 668 40 21 den
379 668 116 26 stilisering
511 668 105 21 utskottet
632 667 62 28 gifvit
708 668 129 21 densamma.

154 725 32 21 Hr
202 725 112 21 Idman:
337 725 108 27 Pyytäisin
462 724 65 28 kysyä
534 724 116 28 joltakulta
660 724 184 22 lakivaliokunnan
853 725 56 27 jäse-

84 754 64 22 neltä,
163 753 79 22 kuinka
257 755 62 19 sanat
331 754 168 20 »asianomaisen
510 754 144 20 kuvernöörin
665 753 62 27 lupa»
739 760 28 14 on
778 753 131 21 käsitettävä.

83 782 151 22 Tarkoittaako
258 788 28 19 se,
309 784 49 23 että,
374 782 43 20 kun
433 782 129 21 kuvernööri
577 785 63 18 antaa
656 782 62 21 luvan
735 782 174 27 kirjakaupitteli-

80 811 59 27 jalle,
162 812 56 20 tämä
240 810 46 22 siliä
308 810 78 21 luvalla
409 817 37 15 saa
468 810 81 22 kiertää
564 810 56 22 koko
636 816 83 16 maassa
741 811 29 21 tai
785 811 124 21 ainoastaan

84 846 40 14 sen
139 839 142 21 kuvernöörin
304 838 97 27 läänissä,
414 839 52 27 joka
481 839 64 21 luvan
562 845 26 15 on
604 841 97 19 antanut.
730 839 44 21 Itse
789 839 120 27 puolestani

84 868 50 21 olen
149 870 141 25 ymmärtänyt
305 869 72 19 tämän
393 868 90 26 pykälän
499 868 51 24 niin,
561 870 43 18 että
614 868 52 27 lupa
676 868 81 21 koskisi
767 868 56 21 koko
834 870 75 18 maata.

84 897 71 21 Mutta
169 896 43 21 kun
228 896 48 21 olen
291 896 144 21 keskustellut
449 896 91 21 muitten
556 896 79 21 kanssa
647 898 56 19 tästä
713 896 98 26 seikasta,
824 898 49 19 ovat
883 896 26 21 he

84 925 65 21 olleet
170 925 64 21 toista
249 924 83 26 mieltä;
353 924 49 22 olen
417 924 86 22 kuullut
518 924 170 22 lakimiestenkin
704 925 74 21 olevan
794 925 30 21 eri
840 924 70 22 mieltä

82 956 60 19 tässä
158 954 85 20 asiassa.
267 953 39 22 Jos
323 953 144 27 epäselvyyttä
486 953 78 21 todella
580 960 26 14 on
623 953 112 24 olemassa,
751 953 47 22 olisi
814 959 23 15 se
852 954 57 26 pois-

84 984 87 20 tettava.
201 982 108 27 Pyytäisin
325 982 65 21 saada
405 982 80 21 asiasta
500 982 116 27 selvitystä.

154 1039 32 21 Hr
200 1038 149 26 Juselius,
369 1039 132 27 August:
532 1039 50 21 Med
597 1038 116 28 anledning
728 1038 22 22 af
764 1038 24 22 hr
804 1039 105 21 Kurkelas

82 1068 96 27 yrkande
194 1068 39 20 ber
245 1067 38 27 jag
297 1069 32 19 att
343 1067 32 21 till
390 1068 55 20 hvad
461 1067 26 21 hr
503 1067 123 27 Cederberg
641 1074 51 20 nyss
707 1067 70 22 anfört
787 1068 122 26 ytterligare

83 1096 22 22 fä
127 1096 116 25 framhälla,
265 1098 31 19 att
316 1096 106 21 utskottet
436 1099 71 18 ansett
523 1096 36 21 det
574 1102 52 15 vara
641 1096 116 27 olämpligt,
772 1098 31 19 att
817 1096 92 21 bestäm-

83 1125 107 27 ningarna
204 1125 91 21 rörande
311 1124 183 27 gärdfarihandels
510 1124 92 22 idkande
617 1124 69 22 skulle
697 1125 105 27 tillämpas
821 1125 26 27 pä
865 1125 44 21 kol-

84 1153 234 28 portörsvärksamhet;
334 1165 27 3 —
377 1153 60 22 detta
458 1153 65 22 bland
545 1155 65 20 annat
628 1153 50 22 med
692 1153 100 22 afseende
807 1154 56 26 därä,
879 1155 32 20 att

82 1182 34 21 för
139 1182 95 21 tillstånd
250 1182 30 21 till
299 1181 171 28 gärdfarihandel
491 1181 85 22 fordras
592 1182 58 21 vissa
665 1182 134 27 betingelser,
815 1189 46 14 som
878 1182 32 21 för

84 1211 99 21 tillätelse
198 1211 32 21 till
245 1210 260 27 kolportörsvärksamhet
522 1212 83 20 ansetts
622 1210 124 28 obehöfliga,
762 1211 70 22 säsom
849 1213 15 19 t.
879 1217 30 15 ex.

82 1239 167 22 sundhetsbevis
264 1245 27 15 m.
307 1245 27 15 m.

154 1268 62 21 Hvad
233 1267 98 22 beträffar
351 1267 25 21 hr
397 1267 88 22 Idmans
501 1267 66 27 fräga,
582 1267 56 22 huru
654 1268 65 21 orden
738 1268 172 21 »vederbörande

84 1298 119 25 guvernör»
228 1297 52 20 böra
302 1296 86 26 förstås,
404 1297 24 20 sä
450 1296 38 21 har
511 1297 58 20 inom
593 1297 106 21 utskottet
717 1297 41 20 den
775 1296 136 28 uppfattning

84 1325 58 27 gjort
164 1325 32 26 sig
219 1324 102 28 gällande,
341 1327 31 18 att
389 1324 173 22 »vederbörande
578 1326 119 25 guvernör»
714 1324 69 22 skulle
797 1331 51 15 vara
863 1325 47 25 den,

83 1354 58 20 inom
158 1353 63 21 hvars
237 1353 33 21 län
287 1353 111 27 kolportör
414 1353 38 21 har
468 1354 37 20 sitt
521 1353 27 21 bo
564 1353 39 21 och
620 1353 91 21 hemvist
726 1354 39 20 och
775 1353 40 22 hos
825 1354 85 20 hvilken

82 1382 97 21 ansökan
195 1382 66 21 borde
276 1383 69 25 göras,
361 1388 49 14 men
426 1384 31 18 att
472 1382 122 21 meddeladt
612 1382 97 21 tillstånd
724 1382 69 21 skulle
809 1382 54 27 gälla
878 1382 33 21 för

83 1410 49 22 hela
144 1410 77 22 landet.

154 1468 32 21 Hr
208 1467 192 21 Sederholm:
431 1467 96 27 Antages
551 1468 12 25 $
586 1467 26 21 16
634 1468 6 20 i
659 1468 122 20 nuvarande
804 1467 60 26 form,
888 1468 23 21 sä

83 1496 97 21 kommer
202 1496 40 21 den
265 1496 85 20 likväli
366 1498 31 18 ett
421 1495 37 22 fall
473 1498 32 19 att
520 1496 64 21 blifva
600 1502 26 14 en
643 1496 42 21 död
700 1496 90 21 bokstaf.
819 1496 92 27 Försälj-
