1123 1775
111 133 24 17 12
145 132 45 20 juli.
443 123 163 33 Näringslagen.
901 126 44 21 713

193 200 117 20 FINLANDS
324 196 120 24 STÄNDERS

137 245 366 26 EKONOMIUTSKOTT.

225 320 189 22 HELSINGFORS,

222 366 34 18 den
267 367 26 17 29
300 366 47 24 juni
359 366 55 18 1906.

281 412 37 18 N:o
331 412 30 18 43.

555 337 41 21 Till
613 336 109 28 vällofliga
736 336 185 28 borgareståndet.

183 470 213 22 Ekonomiutskottet
415 469 32 21 får
463 468 120 22 härmedels
607 468 114 22 vördsamt
736 468 103 26 meddela,
854 470 37 24 att,
907 474 37 15 en-

113 500 40 26 ligt
163 498 84 22 utskott
257 498 181 22 tillhandakomna
448 497 206 28 protokollsutdrag,
665 497 151 27 ridderskapet
826 496 38 22 och
875 496 70 25 adeln,

114 528 159 27 prästeståndet
295 528 40 20 och
357 526 178 28 borgareståndet
557 526 63 21 hafva
644 526 96 26 godkänt
755 525 117 21 utskottets
888 532 56 15 sam-

115 556 249 27 samiämkningsförslag
378 556 7 20 i
400 555 117 27 anledning
538 554 24 22 af
582 554 78 27 nådiga
683 554 163 27 propositionen
865 560 35 15 n:o
917 554 30 21 10

114 585 110 28 angående
242 584 125 27 förändring
376 584 23 21 af
408 584 12 27 8
432 585 26 20 10
470 584 7 21 i
487 583 184 28 näringslagen,
688 583 112 21 hvaremot
815 582 132 22 bondestån-

115 615 41 25 det,
180 613 48 22 med
251 613 137 22 förkastande
404 613 22 21 af
439 613 78 21 nämda
533 611 307 28 sammanjämkningsförslag,
856 611 90 22 beslutit

115 641 101 23 vidblifva
232 642 37 21 sitt
284 643 6 20 i
306 642 66 21 saken
388 642 90 26 tidigare
488 641 80 21 fattade
579 640 79 21 beslut.
684 641 34 20 Då
726 640 90 21 sålunda
826 642 33 19 tre
870 639 77 22 stånds

115 671 72 22 beslut
202 671 40 21 och
257 671 93 26 lagenlig
365 669 197 28 ständerpluralitet
576 669 122 27 föreligger,
714 668 62 22 hafva
790 668 158 27 handlingarna

115 701 7 20 i
138 699 88 22 ärendet
241 699 23 21 af
276 699 107 21 utskottet
398 698 134 22 öfversändts
548 698 31 21 till
592 697 249 28 expeditionsutskottet.

342 756 32 21 På
389 755 217 22 ekonomiutskottets
622 757 91 25 vägnar:

407 812 124 21 Alexander
546 811 108 28 Aminoff.

707 868 72 19 Santeri
791 868 86 23 Ingman.

186 986 56 22 Från
266 986 225 27 grundlagsutskottet
513 985 55 21 hade
582 984 114 22 inkommit
712 990 25 15 en
754 984 116 27 sålydande
885 982 64 23 skrif-

117 1015 69 21 velse:

198 1072 117 20 FINLANDS
331 1068 120 24 STÄNDERS

130 1116 392 28 GRUNDLAGSUTSKOTT.

230 1193 189 22 HELSINGFORS,

229 1241 34 17 den
275 1240 25 17 29
307 1240 47 23 juni
365 1239 56 18 1906.

563 1174 40 21 Till
618 1173 108 28 vällofliga
740 1172 184 28 borgareståndet.

188 1297 231 28 Grundlagsutskottet
434 1297 38 20 har
488 1298 51 19 äran
556 1295 102 25 meddela,
674 1296 37 24 att,
722 1294 68 27 enligt
799 1293 56 22 hvad
866 1293 85 21 utskot-

117 1329 32 20 tet
171 1327 183 21 tillhandakomna
376 1326 78 26 utdrag
476 1331 26 15 ur
518 1324 102 21 ståndens
640 1323 108 27 protokoll
763 1321 186 27 vidhandengifva,

119 1356 99 26 samtliga
241 1355 63 21 stånd
327 1355 95 26 godkänt
446 1353 117 22 utskottets
587 1352 134 21 betänkande
736 1357 35 16 n:o
784 1351 14 22 2
812 1351 8 21 i
834 1350 118 27 anledning

118 1384 23 22 af
154 1385 62 21 Hans
232 1383 121 28 Kejserliga
368 1383 111 27 Majestäts
495 1382 79 27 nådiga
589 1381 133 27 proposition
736 1386 34 15 n:o
787 1379 33 22 13.

410 1440 80 21 Robert
507 1439 149 21 Hermanson.

725 1483 58 18 Ernst
794 1482 86 18 Gråsten.
