1123 1773
193 114 47 35 654
574 118 85 34 Adress.
943 128 28 17 29
983 128 49 21 maj.

269 193 76 22 Under
361 193 52 27 liflig
429 194 118 22 entusiasm
564 194 71 22 beslöt
657 194 124 22 riksduman
799 195 102 27 enhälligt
917 196 67 21 uttala
999 196 34 22 sin

198 222 135 21 tacksamhet
356 222 33 21 för
410 222 112 28 uttrycken
539 222 23 22 af
575 223 37 21 det
627 222 69 22 finska
711 223 78 22 folkets
805 223 109 28 upphöjda
929 224 40 22 och
985 225 50 21 ädla

197 250 95 21 känslor.

268 278 108 22 Finlands
402 280 131 27 blomstring
558 280 68 21 under
652 280 50 21 dess
727 281 158 21 institutioners
912 281 57 28 hägn
994 282 39 21 har

199 307 74 21 städse
297 308 83 26 utgjort
403 310 30 19 ett
455 308 99 22 lefvande
576 308 96 28 exempel
695 309 28 27 på
741 310 27 21 de
783 309 250 29 välsignelsebringande

199 336 161 27 värkningarna
382 336 23 21 af
418 342 26 16 en
468 337 154 27 statsordning,
646 337 72 27 byggd
733 338 28 27 på
775 338 104 22 frihetens
895 338 40 22 och
950 341 83 19 rättens

197 364 116 28 principer.
343 364 51 22 Med
417 365 62 27 djupt
504 366 93 21 intresse
620 366 54 21 skall
695 372 50 15 man
765 366 7 22 i
787 366 108 28 Ryssland
917 367 52 27 följa
983 368 50 21 med

197 393 42 21 den
256 399 29 15 nu
302 393 57 21 inför
375 399 25 15 en
417 394 183 27 genomgripande
612 395 169 27 omgestaltning
795 395 90 21 stående
895 398 136 24 representa-

198 421 156 22 tionsformens
370 422 7 21 i
392 422 68 21 Edert
475 422 50 22 land
541 423 73 21 vidare
630 423 123 27 utveckling
769 423 39 22 och
823 424 119 27 framgång.
964 424 69 22 Måtte

197 449 123 27 framtiden,
344 450 69 22 under
435 450 225 23 öfverensstämmelse
675 452 7 21 i
697 452 41 21 den
761 452 101 27 politiska
885 453 147 27 åskådningen

197 478 40 22 och
253 479 7 21 i
277 479 124 27 grunderna
416 479 33 21 för
465 480 144 26 statsskicket,
624 480 124 28 ytterligare
759 480 83 22 befästa
851 481 81 21 bandet
941 482 91 21 emellan

198 508 27 20 de
241 508 70 21 under
327 514 83 15 samma
433 508 58 27 spira
513 508 103 22 förenade
631 509 107 27 Ryssland
755 509 39 21 och
809 509 91 22 Finland
916 510 31 21 till
963 512 70 20 ömse-

196 536 57 27 sidig
269 536 61 27 lycka
347 536 40 22 och
402 536 88 22 välfärd.

264 577 47 27 Jag
327 576 90 28 betygar
431 576 64 27 Eder,
507 577 49 21 herr
572 577 174 27 landtmarskalk,
760 578 39 22 och
814 578 75 22 herrar
903 578 80 22 talmän
999 578 33 22 för

198 604 94 22 stånden
308 605 45 21 min
370 605 65 27 djupa
450 605 134 28 högaktning
599 606 39 22 och
655 606 137 22 tacksamhet.

496 668 74 28 Sergei
587 669 142 22 Muromtzeff.

479 702 119 19 Ordförande
610 703 5 17 i
628 703 114 19 riksduman.

265 748 28 18 S:t
306 748 117 23 Petersburg,

263 776 36 18 den
312 776 24 18 29
349 776 77 24 april/12
441 777 34 22 maj
488 777 51 19 1906.

267 961 59 21 Frän
351 961 162 22 statsutskottet
535 961 55 22 hade
605 961 114 22 inkommit
734 968 26 15 en
777 962 112 22 skrifvelse
903 962 24 22 af
936 962 94 28 följande

192 990 93 28 lydelse:

274 1098 117 20 FINLANDS
408 1095 121 23 STÄNDERS

240 1138 325 24 STATSUTSKOTT.

345 1187 112 44 OO
645 1201 40 21 Till
700 1201 107 28 vällofliga
821 1202 184 27 borgareståndet.

311 1230 179 17 HELSINGFORS,

296 1269 35 16 den
351 1269 24 16 28
393 1269 40 21 maj
454 1270 52 17 1906.

363 1309 36 17 N:o
412 1310 27 16 69.

261 1382 70 22 Sedan
359 1383 102 27 lagenligt
485 1384 163 22 ständerbeslut
671 1385 88 22 vunnits
781 1386 7 21 i
802 1385 61 28 fråga
882 1392 35 15 om
937 1387 88 20 statsut-

191 1411 94 22 skottets
302 1412 149 21 betänkanden

260 1464 36 16 n:o
311 1458 14 21 2
340 1458 7 21 i
370 1458 117 27 anledning
505 1458 22 22 af
541 1458 62 22 Hans
620 1459 120 27 Kejserliga
755 1460 113 27 Majestäts
883 1460 78 26 nådiga
976 1466 49 21 pro-

188 1486 96 27 position
300 1493 35 15 n:o
353 1487 12 20 6
381 1487 111 27 angående
507 1487 76 27 anslag
598 1494 26 15 ur
634 1488 199 28 bevillningsmedel
845 1488 34 22 för
889 1488 136 23 folkskole-

188 1514 119 24 väsendet
324 1515 69 21 under
410 1516 51 20 åren
479 1516 55 21 1906
550 1516 40 21 och
607 1516 68 26 1907;
